3962 6438
226 381 318 442 177
734 375 744 386 ’
1419 390 1784 450 HISTORIA

1891 393 1964 453 [Μ
2015 397 2248 458 LIBER
2295 399 2340 458 Ι.

3349 402 3470 464 1ῖ8“

223 489 658 556 Σερεντισθλάδου
723 492 814 546 τοῦ
869 494 1072 548 Μυσῶν
1109 495 1376 568 βασιλέως
1427 501 1506 572 (ὃς
1539 497 1607 568 ἦν
1637 501 1787 573 αὐτῷ

1893 508 2002 562 line
2052 524 2154 564 suo
2212 511 2460 582 (propter
2509 509 2862 568 Theodoram
2916 500 3163 568 sororem
3213 527 3339 566 cum
3398 530 3465 568 eo

222 584 489 654 κηδεστὴς
529 584 623 638 ἐπὶ
671 585 920 660 Θεοδὼρᾳ
946 591 1012 660 τῇ
1057 590 1286 664 ἀδελφῇ)
1317 593 1550 664 πρέσὸις
1577 596 1789 665 Maps!-

222 692 335 739 νος,
380 677 730 746 τριακοσίους
764 677 912 748 ἄγων
944 683 1150 747 ἱππέας
1194 687 1623 755 καταφράκτους
1669 685 1790 740 Mu-

223 771 371 832 σοὺς,
401 768 678 838 πρόφασιν
734 768 833 839 μὲν
878 771 955 833 ὡς
999 776 1467 846 συμμαχήσοντας
1494 776 1645 847 αὑτῷ
1673 777 1791 830 ὲπι-

157 907 160 910 ,
223 859 449 927 κουρξας
490 859 733 930 δεομένῳ
781 861 869 915 διὰ
905 862 1002 917 τὸν
1060 865 1302 937 πόλεμον
1351 867 1446 920 τὸν
1497 869 1637 938 πρὸς
1694 869 1790 923 τὸν

225 952 473 1005 πάππονο
508 953 910 1022 ἐπηγγέλλοπὸ
950 974 1033 1023 τε,
1084 959 1160 1021 ὡς
1193 961 1241 1012 sl
1280 959 1454 1013 δέοιτο
1482 962 1577 1014 καὶ
1606 961 1790 1015 πλείο-

219 1059 308 1105 νος
348 1045 629 1113 στρατιᾶς,
683 1044 920 1117 ἑτοίμως
976 1049 1306 1118 παρέξοντος
1369 1049 1466 1104 τοῦ
1499 1051 1786 1122 κηδεστοῦ·

215 1135 285 1204 τῇ
324 1135 370 1187 δ’
405 1134 636 1208 ἀληθείᾳ
660 1179 673 1201 ,
711 1137 786 1197 ὡς
836 1137 902 1191 ἂν
953 1139 1105 1193 ἴδωσι
1136 1141 1229 1195 τὸν
1260 1141 1492 1212 βασιλέα
1522 1144 1790 1212 στρατιᾶς

214 1225 550 1294 ἀποροῦντα,
621 1229 986 1295 συλλαϐόντας
1041 1233 1180 1303 πρὸς
1231 1235 1399 1289 αὐτδν
1451 1238 1786 1306 ἀπαγαγεῖν.

218 1317 393 1385 Δῆλον
427 1319 484 1372 δὲ
515 1320 742 1388 γέγονεν
767 1323 830 1373 ἐκ
870 1323 979 1376 τῶν
1025 1325 1167 1393 μετὰ
1198 1325 1399 1380 ταῦτα’
1446 1327 1574 1382 ἰδὼν
1611 1328 1719 1399 γὰρ
1762 1329 1790 1380 ὁ

218 1411 501 1480 Μαρτῖνος
549 1413 648 1482 τὴν
701 1413 974 1486 ἑπομένην
1005 1417 1080 1488 τῷ
1115 1416 1327 1487 βασιλεῖ
1374 1421 1656 1492 στρατιὰν,
1695 1423 1790 1475 ἀν·

223 1499 499 1570 εχὼρησεν
557 1503 720 1562 εὐθὺς
773 1507 859 1558 ἐπ’
908 1507 1087 1561 οἴκου.
1152 1509 1211 1561 ’0
1269 1506 1526 1578 βασιλεὺς
1571 1511 1628 1565 δὲ
1689 1511 1790 1583 τὴν

221 1594 337 1644 ὁδὸν
368 1595 604 1648 διανὺων
638 1596 1005 1670 κατὰμικρον
1031 1639 1046 1664 ,
1099 1603 1165 1672 τῇ
1223 1601 1332 1673 πρὸ
1377 1602 1479 1672 τῆς
1515 1603 1789 1675 Πεντηκο·

225 1685 357 1754 στῆς
403 1689 865 1756 ἐστρατοπέδευσε
918 1692 1069 1762 παρὰ
1131 1693 1224 1745 τὸν
1258 1693 1479 1749 Μέλανα
1518 1697 1786 1767 ποταμόν.

233 1778 501 1832 Ἐνταῦθα
561 1779 623 1851 δὴ
683 1783 992 1852 ἀφικνεῖται
1047 1785 1184 1855 πρὸς
1230 1786 1323 1839 τὸν
1383 1788 1502 1841 νέον
1561 1789 1788 1859 βασιλέα

226 1869 461 1936 Eure-aia.
503 1846 710 1944 μοναχῆ
733 1846 1219 1962 ῖιαλαιολογῖναξή
1251 1877 1519 1948 βασιλέως
1551 1846 1789 1955 ἀδελφῆς
1823 1846 1866 1904 Β

223 1962 470 2032 Μιχαὴλ,
508 1963 601 2016 τοῦ
648 1963 866 2035 πρώτου
901 1967 1010 2021 τῶν
1055 1969 1464 2038 Παλαιολόγων,
1497 1976 1646 2039 παῖς,
1690 1991 1788 2042 με-

1891 609 2168 672 nnptam).
2201 603 2411 672 legatus
2437 606 2592 660 venit
2616 604 2904 669 Martinus,
2935 620 3060 659 cum
3091 604 3276 659 Mmsis
3302 606 3464 674 equi-

1892 691 2042 746 tibus
2077 695 2450 766 cataphractis
2500 699 2784 762 trecentis,
2839 698 2894 752 in
2935 699 3176 768 speciem
3210 698 3460 767 quidem,

1891 793 1954 838 ut
1984 786 2250 841 auxilium
2292 789 2556 844 adversus
2586 806 2770 856 avum,
2807 790 2852 845 si
2888 790 3186 862 indigeret,
3219 790 3462 852 laturus;

1890 883 1947 930 et
1975 879 2358 948 promittebat,
2395 881 2442 935 si
2476 882 2780 953 majoribus
2813 881 2992 951 copiis
3031 887 3174 951 Opus
3210 881 3465 938 haberet.

1891 981 2078 1036 regem
2128 969 2372 1026 libenter
2403 970 2704 1026 missurum
2733 988 2746 1023 :
2773 968 2868 1024 sed
2905 983 3120 1028 revera.
3168 976 3228 1020 ut
3263 967 3307 1020 si
3340 980 3466 1019 eum

1891 1059 2173 1128 paucitate
2216 1061 2561 1116 laborantem
2607 1061 2904 1124 inveniret,
2941 1058 3163 1127 injectis
3211 1056 3468 1110 manibus

1891 1150 1958 1205 ad
1996 1166 2179 1222 regem
2213 1152 2494 1220 captivum
2531 1153 2881 1222 perduceret.
2919 1150 3077 1218 Quod
3126 1165 3194 1204 ex
3227 1163 3294 1204 eo
3339 1163 3464 1201 mox
3552 1163 3555 1166 ·

1892 1242 2115 1309 claruit,
2149 1243 2278 1313 quia
2311 1243 2583 1300 Martinus
2633 1246 2881 1300 exercitu
2935 1244 3326 1312 imperatorem
3376 1255 3462 1292 se-

1892 1344 2098 1404 quente
2127 1343 2448 1404 conspecto,
2475 1335 2622 1389 unde
2650 1343 2898 1398 venerat,
2920 1333 3107 1388 subito
3137 1347 3198 1386 se
3227 1328 3462 1397 recepit.

1891 1427 2085 1482 Parvis
2137 1427 2434 1482 itineribus
2497 1427 2861 1500 progrediens
2917 1427 3220 1494 imperator
3287 1420 3466 1491 pridie

1891 1521 2248 1576 Pentecostes
2282 1535 2448 1588 supra
2490 1519 2757 1572 Melancm
2793 1517 2998 1570 numen
3033 1524 3211 1570 castra
3259 1513 3463 1583 posuit.

1891 1612 1993 1668 llic
2023 1627 2148 1667 eum
2183 1611 2432 1681 Eugenia
2475 1610 2839 1680 Palaaologina
2874 1608 3165 1672 monacha,
3211 1623 3241 1660 e
3275 1619 3464 1660 sorore

1890 1703 2176 1759 Michaelis
2247 1703 2408 1774 primi
2487 1703 2778 1772 Palmologi
2862 1700 3213 1772 imperatoris
3274 1711 3468 1768 proge-

1892 1797 2005 1851 nita
2047 1797 2182 1868 (57),
2225 1812 2418 1866 magna
2465 1796 2768 1852 domestica
2813 1795 2925 1867 (58)
2972 1793 3250 1850 convenit.
3293 1791 3466 1861 Lega-

1895 1890 1970 1943 tio
2001 1889 2122 1944 haec
2163 1890 2679 1960 complectebatur:
2714 1889 2790 1945 De
2833 1888 3113 1958 prioribus
3152 1892 3469 1941 controver-

1889 1981 1990 2035 siis
2025 1981 2171 2036 iuter
2215 1997 2331 2048 eos,
2360 1997 2391 2037 e
2420 1981 2625 2052 quibus
2670 1981 2853 2036 causis
2897 1989 3039 2035 natae
3075 1980 3210 2042 sint,
3254 1976 3464 2037 dicere,

232 2055 375 2126 γάλη
431 2055 837 2147 διμεστξκισσα.
888 2061 1326 2132 Διεπρεσδεύετο
1383 2063 1442 2118 δὲ
1489 2066 1641 2135 παρά
1689 2066 1784 2119 τοῦ

1891 2071 2032 2125 nihil
2076 2071 2142 2125 ad
2193 2087 2440 2142 praesens
2487 2081 2708 2142 tempus
2760 2069 3059 2141 pertinere.
3109 2068 3240 2134 Quae
3289 2079 3467 2135 nuper

230 2147 501 2212 βασιλέως
529 2151 774 2204 τοιαῦται
821 2153 958 2226 Περὶ
1011 2154 1112 2226 μὲν
1143 2155 1255 2210 τῶν
1289 2157 1786 2229 προγεγενημένων

1891 2162 2193 2232 scripserit,
2221 2163 2292 2218 ob
2315 2179 2378 2219 ea
2409 2179 2570 2218 avum
2605 2163 2682 2218 illi
2710 2178 2935 2232 magnas
2967 2175 3132 2231 agere.
3153 2158 3379 2226 gratias,
3411 2163 3466 2210 et

222 2241 359 2304 πρὸς
404 2241 547 2312 ἡμᾶς
601 2243 876 2316 διαφορῶν
924 2249 988 2301 ἐκ
1023 2247 1185 2303 τίνων
1216 2249 1450 2320 ἤρξαντο
1480 2251 1661 2320 λέγειν
1702 2253 1787 2306 αῖ-

1891 2251 2316 2307 sollicitudincm
2367 2252 2530 2307 istam
2584 2265 2649 2307 ac
2699 2250 2901 2306 bonam
2939 2248 3279 2302 voluntatem
3340 2244 3464 2298 lau-

221 2329 379 2395 τιῶν,
411 2333 472 2386 οὐ
502 2333 594 2386 τοῦ
645 2335 915 2406 παρόντος
978 2333 1122 2394 εἶναι
1165 2342 1364 2412 καιροῦ
1419 2344 1646 2414 νομίζωο
1701 2343 1784 2415 ἐφ’

1891 2344 2040 2399 dare.
2083 2343 2261 2400 Unam
2293 2343 2523 2413 insuper
2550 2342 2781 2414 gratiam
2824 2354 3051 2410 cupere,
3087 2346 3150 2391 ut
3193 2333 3463 2389 nimirum

223 2419 306 2486 οἷς
343 2424 405 2478 δὲ
438 2427 700 2498 πρότερον
750 2429 1090 2496 ἀπέσταλκας
1141 2434 1344 2504 πολλὴν
1393 2435 1557 2507 χάριν
1597 2435 1787 2506 ὁμολο-

1891 2445 2002 2491 tam
2037 2436 2130 2490 diu
2157 2435 2389 2492 militem
2429 2435 2506 2490 ibi
2539 2435 2807 2501 detineat,
2853 2430 3034 2502 quoad
3063 2430 3119 2484 in
3163 2441 3333 2483 unum
3364 2424 3467 2479 ali-

223 2517 381 2586 τῶν,
440 2520 533 2573 καλ⁸
599 2521 698 2592 τῆς
755 2523 834 2586 εἰς
879 2525 979 2595 ἐμὲ
1038 2526 1370 2597 κηδεμονίας
1429 2527 1523 2582 καὶ
1570 2529 1784 2600 ἀγαθῆς

1891 2527 2037 2599 quod
2078 2527 2478 2584 monasterium
2504 2525 2623 2597 (59)
2657 2542 2687 2581 a
2714 2533 2915 2595 nepote
2961 2521 3329 2583 nominatum,
3359 2530 3454 2586 pe-

227 2611 598 2682 προαιρέσεως
645 2615 902 2684 ἐπαινῶν,
951 2616 1033 2671 ἑτι
1084 2619 1214 2688 μίαν
1258 2619 1414 2690 παρά
1449 2617 1546 2674 σοῦ
1575 2620 1784 2690 ταύτην

1891 2618 2052 2674 riculi
2075 2618 2396 2675 declinandi
2427 2619 2536 2690 ⁷ο
2555 2633 2613 2674 se
2636 2615 2936 2673 abdiderit.
2960 2615 3096 2671 Nam
3128 2613 3174 2667 si
3203 2626 3234 2666 ο
3267 2607 3465 2664 castris

227 2703 444 2756 ἀπαιτῶ
489 2706 669 2776 χάριν,
709 2707 809 2780 τὴν
859 2708 1122 2780 στρατιὰν
1152 2709 1342 2764 αὐτόθι
1386 2710 1655 2782 μένουσαν
1687 2729 1787 2768 κα-

1891 2727 2016 2767 eum
2052 2726 2218 2783 porro
2241 2711 2310 2767 ad
2342 2712 2538 2767 urbem
2563 2711 2705 2766 viam
2729 2708 2912 2764 moliri
2944 2705 3250 2768 nuntietur,
3277 2711 3460 2758 actum

233 2796 470 2865 ταοχεῖν,
501 2797 660 2867 ἄχρις
697 2799 762 2852 ἂν
801 2801 880 2860 εἰς
907 2799 967 2853 ἐν
995 2801 1105 2854 τῶν
1141 2802 1596 2873 φροντιστηρίων,
1647 2805 1784 2859 ὅπου

1891 2819 2009 2860 esse
2051 2803 2119 2859 de
2148 2803 2258 2858 vita
2309 2818 2409 2858 sua
2439 2822 2452 2857 :
2484 2801 2699 2857 tametsi
2734 2799 2876 2856 nihil
2918 2812 3110 2854 eorum
3151 2792 3463 2866 praetermi-

242 2903 342 2957 περ
364 2888 424 2942 ἂν
447 2890 640 2961 ἐθέλῃς
666 2891 823 2955 αὐτὸς
849 2893 1088 2956 καταδὺς
1125 2893 1216 2947 τὸν
1241 2893 1488 2948 κίνδυνον
1509 2895 1780 2965 διαφύγω·

1891 2895 2044 2963 serit,
2072 2911 2196 2966 qua:
2226 2910 2401 2966 nepos
2441 2893 2799 2966 suggesserit,
2843 2891 2940 2947 sed
2984 2906 3047 2946 ea
3090 2887 3274 2944 omnia
3311 2885 3462 2941 inani

247 2977 312 3029 ἀν
341 2982 438 3049 γὰρ
463 2981 542 3034 ἔτι
569 2999 628 3035 σε
658 2983 794 3052 μετὰ
820 2983 912 3038 τοῦ
942 2985 1310 3057 στρατοπέδου
1341 2983 1631 3054 ἀπάραντα
1648 2990 1785 3059 πρὸς

1891 2988 2072 3044 studio
2112 2995 2431 3058 c0mparata
2459 2986 2632 3042 fuisse
2669 2986 3075 3056 deprehensum
3110 2981 3202 3037 lri.
3239 2980 3342 3038 Ubi
3375 2981 3462 3032 vl-

249 3073 387 3141 ήμᾶς
428 3073 660 3144 βαδίζειν
715 3079 986 3150 ἀγγελθῇ;
1031 3080 1262 3149 οὐδεμία
1303 3081 1443 3153 πρὸς
1474 3083 1533 3136 το
1571 3083 1645 3154 μὴ
1674 3083 1787 3136 δια-

1891 3091 2001 3135 tam
2038 3095 2194 3137 suam
2238 3079 2365 3134 loco
2405 3087 2528 3133 tuto
2561 3077 2930 3142 mandaverit,
2964 3075 3082 3144 ipse
3114 3073 3306 3127 urbem
3337 3085 3460 3140 pos-

240 3164 602 3237 φθαρήσεσθαι
659 3171 806 3238 ἡμᾶς
853 3171 1026 3235 ἐλπίς.
1064 3173 1258 3234 Καίτοι
1312 3189 1379 3243 γε
1429 3175 1584 3228 οὐδὲν
1621 3175 1782 3239 αὐτὸς

1891 3186 2143 3228 sessurus
2203 3169 2568 3241 ingrediatur.
2618 3167 2955 3235 Quid‘euim
3005 3180 3073 3220 ex
3133 3170 3314 3218 morte
3361 3176 3459 3216 sua

231 3258 489 3311 ἀπέλιπον
513 3254 586 3313 ὧν
610 3261 811 3315 ὑπέθου
837 3262 896 3315 τδ
925 3263 998 3335 μὴ
1028 3263 1090 3318 οὒ
1120 3263 1601 3336 καταπράξασθαι·
1631 3265 1786 3336 ἐλέγ-

1891 3263 2249 3321 emolumenti
2280 3259 2540 3330 caperet?
2566 3259 2676 3314 Hac
2704 3257 2958 3314 oratione
2981 3255 3158 3325 magis
3181 3252 3463 3311 emollitus

227 3366 410 3416 χονται
461 3351 508 3403 δ’
555 3351 769 3406 ᾶπαντα
820 3355 1234 3426 σπουδαζόμενα
1280 3357 1426 3428 εἰκῆ.
1494 3356 1662 3428 Ἐμοῦ
1713 3357 1782 3425 δ’,

1891 3356 2094 3429 iunior,
2151 3369 2276 3409 cum
2351 3360 2514 3407 antea
2562 3358 2758 3421 sponte
2803 3364 2902 3404 sua
2941 3347 3127 3404 dicere
3182 3353 3236 3400 et
3277 3344 3460 3400 facere

225 3438 410 3510 ὥσπερ
448 3437 606 3510 ἔφην,
643 3444 699 3495 ἐν
732 3443 1003 3515 ἀσφαλείᾳ
1047 3445 1348 3516 γενομένου
1383 3444 1478 3500 τοῦ
1527 3446 1605 3517 μὴ
1649 3447 1786 3500 ἀπο-

1891 3447 2106 3520 quidvis
2148 3445 2436 3516 cupiisset,
2470 3458 2540 3499 ne
2582 3441 2718 3513 quid
2757 3441 2879 3497 seni
2918 3446 3236 3505 noceretur,
3279 3438 3466 3507 legato

225 3531 426 3594 θανεῖν,
483 3534 642 3596 αὐτὸς
699 3535 888 3608 έλεύσῃ
925 3536 1388 3609 παραληψόμενος
1427 3541 1530 3610 τὴν
1591 3538 1780 3595 πόλιν·

225 3623 352 3676 ποία
385 3623 494 3695 γάρ
524 3643 604 3687 τις
634 3623 814 3697 ὄνησις
842 3629 906 3681 ὲκ
934 3629 1028 3683 τοῦ
1051 3630 1149 3700 ἐμὲ
1188 3629 1484 3684 ἀποθανεῖν
1511 3647 1526 3697 ;
1558 3630 1784 3696 Τούτοις

223 3717 337 3776 τοῖς
365 3716 548 3783 λόγοις
575 3719 665 3770 ἐπὶ
721 3719 921 3790 μᾶλλον
968 3723 995 3775 ὁ
1045 3723 1164 3785 νέος
1217 3723 1592 3792 ὲπικαμφθεὶς
1623 3723 1783 3794 βασι-

225 3806 373 3870 λεὺς,
420 3810 605 3861 καέτοι
659 3813 752 3864 καὶ
793 3814 1062 3884 πρότερον
1094 3815 1272 3890 πάντα
1328 3817 1424 3870 καλ¹
1470 3816 1656 3885 λέγειν
1690 3815 1785 3870 καὶ

227 3901 492 3968 πράττειν
520 3903 659 3970 ὑπὲρ
688 3909 781 3957 τοῦ
809 3907 882 3975 μὴ
924 3907 1014 3959 τον
1044 3908 1272 3978 βασιλέα
1301 3911 1396 3962 καὶ
1427 3908 1654 3963 πάππον
1687 3925 1787 3962 κα-

226 3989 339 4050 κῶς
369 3991 565 4045 παθεῖν
593 3995 800 4048 οἴκοθεν
831 3996 1180 4069 ὡρμημένος,
1205 3999 1342 4070 πρὸς
1370 3998 1471 4069 μὲν
1508 3997 1608 4069 τὴν
1653 4016 1788 4070 πρε’

226 4080 411 4134 σσείαν
470 4086 799 4154 ποιουμένην
884 4088 1075 4157 μηδενὶ
1139 4087 1480 4160 καταδήλους
1552 4087 1771 4141 ἐκέλευε

227 4173 402 4226 ποιεῖν
451 4176 574 4238 τοὺς
625 4177 773 4249 παρὰ
814 4176 1076 4247 βασιλέως
1128 4180 1340 4249 λόγους,
1390 4182 1472 4234 ὅτι
1515 4179 1591 4250 μὴ
1639 4177 1786 4248 μόνῳ

227 4263 302 4331 τῷ
338 4261 558 4333 μἐγάλῳ
605 4266 925 4338 δομεστίκῳ,
960 4269 1122 4331 αὐτος
1153 4268 1200 4322 δ’
1229 4268 1306 4333 ὡς
1337 4268 1406 4323 ἂν
1432 4270 1617 4341 οἴηται
1650 4289 1788 4343 συμ-

229 4358 412 4426 φέρειν
439 4361 780 4432 οἰκονομήσει
827 4361 950 4425 τοὺς
981 4362 1204 4432 λόγους.
1248 4363 1580 4434 Ἐκκλησίαν
1606 4364 1664 4418 δὲ
1695 4382 1788 4419 κε-

227 4447 422 4512 λεύσας
457 4452 732 4518 γενέσθαι,
763 4454 855 4506 καὶ
875 4453 984 4507 τῶν
1024 4455 1082 4508 ὲν
1106 4454 1251 4508 τέλει
1279 4456 1523 4524 πάντων,
1560 4457 1788 4512 καὶτῶν

1887 3533 2174 3605 praecepit,
2217 3547 2288 3587 ne
2323 3545 2449 3587 cum
2487 3544 2766 3601 quoquam
2799 3531 3020 3603 (magno
3048 3529 3318 3584 duntaxat
3359 3526 3461 3582 do-

1887 3627 2120 3681 mestico
2157 3623 2412 3696 excepto)
2448 3623 2785 3693 legationem
2833 3623 3287 3681 communicaret.
3318 3635 3376 3676 sc
3407 3621 3462 3674 in

1887 3731 1952 3771 ea
1999 3714 2243 3770 curanda
2275 3713 2531 3769 utilitatis
2565 3714 2837 3768 rationem
2878 3711 3220 3767 habiturum.
3267 3709 3464 3765 Edicto

1889 3807 2057 3876 igitur
2085 3815 2384 3872 conventu,
2419 3807 2647 3876 jamque
2681 3805 2737 3860 in
2775 3814 2979 3862 costum
3010 3804 3217 3860 coactis
3255 3811 3312 3859 et
3347 3805 3464 3874 pri-

1886 3900 2134 3955 moribus
2179 3908 2235 3956 ct
2262 3899 2394 3955 ﬂore
2426 3899 2726 3964 exercitus,
2753 3899 2808 3954 in
2837 3897 3080 3954 medium
3113 3913 3460 3969 progressus,

1890 3994 2092 4048 talibus
2141 4008 2238 4048 eos
2278 3992 2444 4048 dictis
2483 3991 2642 4046 alfari
2696 4006 2927 4046 exorsus
2979 4002 3065 4046 est
3111 4007 3125 4046 :
3171 3990 3460 4046 Neminem
3500 4038 3508 4045 .

1886 4097 2132 4142 vestrum
2158 4091 2373 4142 nescire
2398 4088 2616 4156 opinor,
2645 4100 2754 4155 quo
2777 4092 2935 4155 pacto
2957 4083 3100 4139 inter
3122 4099 3210 4139 me
3269 4097 3463 4138 avum-

1888 4195 1996 4250 que
2035 4193 2218 4232 meum
2250 4187 2380 4232 nato
2410 4177 2664 4242 dissidio,
2699 4177 2872 4230 multa
2905 4175 3106 4246 partim
3137 4175 3273 4230 foris
3303 4189 3457 4229 com-

1891 4270 2264 4329 mitterentur,
2294 4267 2492 4338 partim
2519 4268 2700 4321 adhuc
2724 4266 2910 4321 animo
2933 4267 3142 4344 inclusa
3181 4268 3462 4337 agitaren-

1891 4372 2002 4427 tur,
2035 4377 2157 4430 qua:
2181 4375 2269 4415 me
2296 4361 2352 4414 in
2385 4369 2689 4414 extremam
2717 4359 2998 4414 miseriam
3023 4359 3458 4430 praecipitarent.

1890 4453 2164 4523 Quocirca
2200 4469 2309 4510 non
2345 4453 2521 4524 magis
2561 4452 2630 4507 ab
2661 4467 2784 4519 avo,
2815 4466 2982 4522 quam
3022 4469 3056 4508 a
3097 4437 3464 4524 praesentibus

1478 4603 1692 4664 Jacobi
1723 4601 1989 4664 Pontani
2022 4608 2203 4663 noue.

298 4719 410 4797 (57)
442 4718 731 4797 .Nobilita‘s,
761 4732 1014 4797 senectus
1036 4772 1051 4797 ,
1097 4722 1224 4797 vita:
1277 4724 1541 4778 sanctitas
1572 4765 1587 4797 ,
1628 4739 1776 4797 _pru-
1809 4727 1852 4783 D
1881 4721 2174 4784 monacha,
2231 4719 2296 4797 si
2313 4720 2492 4797 aulica
2512 4720 2538 4773 ?
2572 4736 2640 4797 an
2690 4721 2942 4776 abutitur
2988 4736 3123 4797 voce
3143 4792 3154 4797 _
3176 4725 3458 4789 monacho,

228 4789 406 4861 «lentia
441 4791 495 4842 iu
544 4793 642 4846 hac
675 4791 872 4847 femina
906 4789 1320 4861 spectabantur,
1373 4809 1497 4848 cum
1536 4795 1589 4848 ei
1628 4789 1778 4860 lega-

232 4860 633 4933 tionismunus
681 4860 1070 4932 imponeretur.
1120 4863 1245 4917 Fuit
1296 4879 1427 4933 ergo
1475 4863 1778 4918 Andronici

233 4931 449 4997 majoris
496 4933 756 5002 amitina;
793 4933 1018 5002 amitini
1052 4934 1254 5002 quippe
1294 4931 1421 4986 sunt
1464 4935 1690 4988 fratrum
1726 4943 1782 4988 et

232 5015 477 5051 sororum
509 5001 622 5054 lilii.
651 5001 808 5067 Quod
834 5011 1014 5056 autem
1049 5001 1185 5056 infra
1215 5003 1444 5057 minoris
1477 5003 1782 5058 Andronici

229 5068 399 5130 θείαν,
429 5069 478 5122 id
510 5081 610 5134 est,
634 5075 874 5135 amitam,
905 5088 1000 5127 seu
1023 5081 1360 5126 materteram
1383 5076 1648 5139 nominat,
1679 5073 1784 5128 hoc

232 5141 416 5213 utique
447 5154 632 5213 verum
663 5158 768 5213 non
799 5153 885 5198 est
908 5184 922 5206 ,
953 5159 1076 5196 cum
1111 5157 1212 5196 nec
1257 5146 1342 5195 avi
1389 5144 1636 5213 quidem,
1663 5142 1786 5195 θεία

234 5209 411 5279 tuerit.
431 5209 532 5263 Sed
551 5211 866 5276 tenendum,
895 5213 1042 5266 hunc
1063 5223 1345 5266 auctorem
1372 5209 1598 5267 vocibus
1619 5211 1784 5279 θεῖος,

239 5278 364 5352 θεία,
396 5280 632 5352 ἀνεψιὸς,
663 5281 878 5352 evadas,
913 5286 992 5337 uti
1028 5283 1224 5346 laxius,
1259 5295 1354 5336 seu
1385 5283 1541 5352 abuti
1582 5283 1784 5352 potius,

245 5348 726 5471 gldcognationem
774 5348 935 5406 etiam
988 5354 1172 5408 minus
1225 5348 1599 5423 prOpinquam
1644 5352 1790 5406 indi-

298 5434 326 5469 η
370 5435 477 5471 am.

243 5431 477 5473 caudam.

300 5489 411 5557 (58)
459 5487 650 5544 Utrum
701 5491 845 5560 quod
902 5500 1184 5562 parentem
1237 5492 1494 5549 habuerit
1529 5505 1787 5560 magnum

235 5557 612 5632 domesticum,
667 5557 742 5632 an
793 5557 937 5632 quod
991 5564 1083 5618 tali
1135 5564 1322 5618 functa
1371 5569 1518 5617 esset
1552 5557 1782 5616 munere

233 5629 368 5694 apud
399 5629 854 5703 imperatricem,“
885 5634 1032 5701 quali
1066 5634 1209 5703 apud
1248 5635 1630 5703 imperatorem
1662 5647 1780 5703 ma-

233 5712 368 5764 gnus
400 5700 777 5773 domesticus?
814 5699 959 5773 Uxor
1001 5699 1221 5773 quidem
1271 5699 1380 5758 non
1414 5703 1517 5756 fuit
1549 5700 1781 5773 alicujus

237 5771 408 5836 magni
439 5769 762 5837 domestici,
812 5769 1199 5827 fuisset—enim
1251 5773 1588 5828 connubium
1625 5771 1782 5826 valde

237 5839 422 5907 impar.
457 5841 724 5898 Prmterea
774 5843 1036 5898 monacho
1068 5843 1291 5899 dicitur.
1329 5843 1435 5898 Sed
1473 5857 1582 5910 quo
1623 5849 1780 5911 pacto

1885 4799 2112 4874 propter
2170 4791 2776 4874 pudicitiamdvitaequc
2825 4792 3307 4874 sanctimoniam,
3341 4810 3464 4874 qua

1887 4860 2064 4932 instar
2115 4860 2616 4932 monachgeetiam
2648 4860 2714 4932 in,
2760 4862 2965 4932 palatio
3021 4862 3307 4918 clarebat?
3336 4860 3469 4918 Eine

1887 4931 2274 4986 Betscnweuer.
2330 4929 2472 5002 Quid
2503 4932 2546 4983 si
2585 4931 2718 5002 illud
2761 4929 2956 5002 inagna
2981 4933 3268 4988 domestica
3292 4933 3468 4988 hono-

1891 5003 2072 5055 rarius
2105 5009 2314 5055 tantum
2347 5000 2540 5053 titulus
2591 5000 2714 5061 fuit,
2766 5000 2886 5056 sine
2919 5001 3224 5068 iunctione,
3276 5013 3341 5058 ut
3371 5004 3465 5060 alii

1891 5072 2048 5126 multi
2079 5085 2180 5140 per
2209 5070 2260 5143 i_d
2291 5070 2549 5143 tempus?
2581 5070 2786 5143 dequo
2810 5071 2864 5125 in
2886 5073 3250 5141 explicatione
3284 5073 3468 5143 digni-

1891 5138 2094 5214 tatum'
2121 5154 2183 5194 ac
2209 5138 2554 5194 functiouum
2584 5138 2772 5210 palatii
2805 5138 3062 5210 diximus,
3099 5153 3218 5214 post
3247 5138 3464 5199 Praifat.

1889 5209 1958 5265 ad
1982 5210 2264 5265 lectorem.
2585 5209 2600 5210 ί
3051 5209 3055 5210 ⁷
3099 5209 3116 5214 ⁷
3430 5232 3432 5235 ·

1964 5280 2077 5350 (59)
2110 5279 2166 5334 Si
2195 5279 2559 5354 veriloquium
2579 5290 2793 5351 spectes
2816 5282 2994 5346 verbi,
3021 5284 3464 5354 φροντιστήριον,

1893 5349 2159 5420 locusest
2201 5349 2640 5420 cogitationum,
2680 5367 2776 5406 seu
2820 5349 3367 5416 commen'tationum,
3411 5352 3464 5406 id

1893 5428 2035 5493 est,__
2055 5419 2152 5473 ubi
2216 5421 2581 5493 cogitationes
2611 5425 3217 5493 commentationesque
3248 5430 3468 5493 nostras

1892 5488 2254 5561 explicamus,
2283 5488 2447 5559 atque
2481 5490 2548 5544 ad
2603 5492 2892 5546 audientes
2917 5488 3265 5561 proferimus,
3289 5491 3469 5561 qualis

1894 5568 2003 5621 est.
2039 5559 2134 5628 qui
2167 5559 2235 5613 ab
2260 5561 2374 5614 otio
2407 5561 2595 5615 schola
2625 5561 2848 5615 dicitur.
2900 5559 3081 5618 Julius
3116 5559 3338 5625 Pollux,
3371 5562 3467 5613 καὶ

1887 5630 1966 5701 τὰΔ
1989 5629 2358 5701 διδασκαλεῖα,
2391 5633 2449 5683 οὐ
2479 5631 2856 5699 παιδαγωγεῖα
2896 5636 3056 5701 μόνον
3079 5634 3172 5686 καὶ
3201 5630 3467 5699 φωλεοὺς.

1887 5699 2025 5770 ἀλλὰ
2053 5701 2147 5752 καὶ
2179 5703 2593 5770 φροντιστήρια.
2647 5701 2800 5756 Valet
2833 5699 2996 5755 etiam
3040 5701 3461 5770 monasterium,

1889 5769 2008 5824 sive
2032 5772 2369 5824 ccenobium.
2400 5768 2616 5835 Suidas,
2649 5774 3087 5841 φροντιστήριον,
3117 5768 3392 5841 διατριϐὴ,

1893 5841 2278 5908 μοναστήριον,
2299 5842 2438 5910 ὅπερ
2472 5843 2522 5894 οῖ
2568 5839 2804 5895 Ἀττικοὶ
2841 5839 3086 5911 σεμνεῖον
3116 5839 3368 5896 καλοῦσι..
