3962 6446
526 351 626 416 179

1723 358 1970 420 JOANN
1983 358 2050 417 IS
2089 357 2621 419 CANTACUZENI

3650 361 3745 422 l80

526 483 612 522 me
646 466 904 537 periculis
932 467 1180 538 Sejunxi;
1231 475 1286 522 et
1328 484 1424 549 vos
1457 469 1822 535 conﬂuxistis,
1861 479 1918 523 ut
1947 469 2088 537 inju-

2209 469 2436 536 λογάδων
2465 470 2562 539 τῆς
2594 468 2854 538 στρατιᾶς
2891 467 2970 530 εἰς
3003 466 3061 520 ἓν
3095 466 3444 538 γενομένων,
3479 469 3746 539 παρελθων

520 561 724 616 riosius
751 569 981 614 tractato
1008 560 1377 630 opitulemiiti.
1412 561 1572 616 Modo
1603 573 1810 625 autem,
1840 561 2089 631 quando-

520 651 743 720 quidem
783 651 918 704 mihi
942 652 1046 720 iam
1078 651 1132 704 in
1173 668 1334 705 manu
1360 662 1464 718 est,
1490 654 1636 721 quod
1664 653 1732 707 ab
1768 653 1925 708 initio
1959 665 2090 708 con-

523 743 698 808 stitui,
733 752 790 796 et
814 742 994 806 vobis,
1021 743 1170 811 quali
1196 758 1334 812 opus
1365 753 1507 802 erat.
1542 745 1804 798 auxilium
1836 728 2089 809 accessit,

523 835 568 888 si
597 833 728 902 quid
762 833 900 888 ultra
929 832 1338 898 desideramus,
1373 833 1426 886 id
1455 833 1582 896 erit,
1614 841 1676 887 ut
1699 849 1800 904 ego
1825 849 2087 904 reponam

525 922 778 992 injurias,
812 937 909 976 vos
933 931 1288 992 reponentem
1313 923 1601 993 adjuvetis.
1629 923 1903 979 Constitui
1929 939 2092 995 porro

524 1013 653 1068 inde
684 1027 712 1067 a
743 1013 1016 1084 principio
1043 1030 1206 1067 avum
1242 1031 1341 1069 nec
1366 1016 1478 1071 vita
1518 1033 1744 1084 exuere,
1775 1017 1992 1074 etiamsi
2020 1018 2090 1072 li-

520 1113 692 1168 ceret,
747 1119 848 1158 nec
894 1104 1127 1172 imperio
1170 1105 1404 1159 multare
1439 1123 1454 1158 :
1489 1121 1681 1160 verum
1722 1114 1924 1162 memet
1957 1123 2094 1162 con-

521 1209 765 1259 servare,
819 1195 1030 1264 ipsique
1067 1196 1135 1249 de
1185 1197 1494 1266 principatu
1542 1197 1754 1252 nullum
1806 1199 2092 1268 negotium

521 1286 815 1340 facessere.
870 1287 1210 1353 Periculum,
1243 1289 1354 1343 Deo
1405 1290 1545 1344 bene
1581 1289 1848 1359 propitio,
1900 1292 2091 1347 evasi:

522 1378 875 1431 securitatem
903 1388 1088 1433 autem
1143 1388 1199 1432 et
1228 1395 1421 1447 pacem
1448 1381 1502 1434 in
1528 1381 1800 1442 futurum,
1822 1381 1890 1436 ab
1919 1382 2094 1451 impe-

523 1477 704 1522 ratore
731 1468 996 1536 oblatam,
1023 1470 1165 1523 male
1187 1471 1514 1539 repulimus.
1544 1470 1768 1525 Tenetis
1801 1474 1947 1528 enim
1983 1487 2097 1526 me-

522 1558 720 1624 moria,
750 1561 1030 1629 quomodo
1052 1561 1413 1629 Adrianopoli
1437 1561 1643 1628 legatos
1670 1563 1739 1616 ab
1765 1577 1832 1616 eo
1860 1563 1928 1617 de
1947 1578 2098 1620 com-

521 1651 799 1720 positione
838 1653 1058 1719 missos,
1108 1654 1380 1708 seditione
1435 1653 1730 1717 concitata,
1783 1653 1949 1709 rebus
1993 1655 2098 1709 im-

2195 562 2273 622 είς
2317 559 2558 628 μέσους,
2612 558 2762 622 ἔλεξε
2818 558 3036 611 τοιάδεο
3099 557 3308 612 Οὐδένα
3366 559 3522 628 ὑμῶν
3577 560 3750 628 οῐομαι

2193 650 2410 715 ἀγνοεῖν
2466 647 2538 712 ὡς
2592 648 2862 716 διαφορᾶς
2915 647 3040 715 ἐμοὶ
3077 646 3216 718 πρὸς
3268 647 3361 699 τὸν
3394 647 3618 716 βασιλέα
3661 649 3749 701 καὶ

2194 739 2420 791 πάππον
2454 739 2854 808 γεγενημένης,
2888 738 3062 791 πολλά
3085 740 3154 792 τὰ
3179 738 3278 807 μὲν
3307 739 3585 808 ἐπράχθη,
3615 739 3681 792 τὰ
3702 740 3754 792 δὲ

2195 832 2290 882 καὶ
2327 832 2384 882 ἐν
2428 829 2629 900 μελέτῃ
2665 829 2746 882 ἔτι
2788 825 2956 899 ἦσαν,
3001 831 3105 899 ἐμὲ
3146 831 3285 898 πρὸς
3323 830 3556 898 ἔσχατον
3585 829 3756 883 κινδύ-

2195 937 2287 975 νου
2338 921 2706 976 καθιστῶντα.
2767 922 2845 974 Δι’
2880 920 3025 994 ἅπερ
3077 922 3244 984 αὐτός
3307 938 3370 973 τε
3425 922 3662 988 ἀπέστην
3699 922 3756 974 οὐ

2200 1013 2401 1084 μᾶλλον
2447 1013 2542 1066 τοῦ
2601 1013 2868 1082 βασιλέως
2927 1012 2958 1082 ἢ
3019 1011 3116 1066 τοῦ
3163 1011 3412 1065 κινδύνου
3443 1026 3457 1039 ·
3491 1010 3585 1062 καὶ
3610 1010 3758 1077 ὑμεῖς

2196 1105 2437 1174 πάρεστε
2483 1104 2851 1174 βοηθήσοντες
2883 1104 3254 1173 ἀδικουμένῳ.
3285 1100 3666 1170 Νυνὶ,δέ,ἐμοί
3704 1117 3758 1152 τε
3852 1138 3855 1140 -

2195 1197 2487 1266 παρόντες,
2535 1195 2563 1248 δ
2622 1195 2946 1266 προύθέμην
2997 1194 3055 1260 ἐξ
3117 1193 3314 1263 ἀρχῆς,
3355 1193 3456 1246 καὶ⁴
3494 1193 3620 1261 ὑμῖν
3667 1191 3762 1258 τῆς

2199 1289 2456 1360 βοηθείας
2487 1288 2682 1351 ὁποίας
2715 1289 2883 1357 ἐχρῆν
2933 1287 3338 1356 γεγενημένης,
3370 1286 3436 1339 ἄν
3482 1300 3536 1335 τι
3583 1299 3763 1352 περαι-

2195 1381 2344 1451 τέρω
2385 1380 2594 1432 τούτων
2646 1378 2927 1450 ζητῶμεν,
2981 1377 3109 1445 ἐμοὶ
3157 1375 3261 1445 μὲν
3308 1376 3370 1427 τδ
3430 1374 3657 1434 ἀδικεῖν,
3702 1371 3756 1424 τὸ

2174 1474 2476 1530 ἀδικοῦντι
2535 1472 2594 1526 δὲ
2653 1471 3036 1541 συμπράττειν
3109 1468 3242 1536 ὑμῖν
3301 1466 3370 1522 ἂν
3430 1464 3760 1535 περισταίηο

2200 1565 2521 1635 προύθέμην
2553 1564 2612 1616 δέ
2650 1562 2710 1626 ἐξ
2761 1563 2961 1632 ἀρχῆς,
3007 1559 3122 1613 οὔτ’
3171 1561 3228 1612 ἐν
3282 1558 3552 1626 πολεμίου
3611 1555 3765 1626 μοίρᾳ

2199 1657 2292 1710 τὸν
2330 1656 2543 1723 πατέρα
2593 1654 3024 1724 κατασφάττειν,
3076 1652 3145 1706 ἄν
3185 1669 3291 1722 περ
3342 1651 3477 1720 ἐξῇ,
3508 1649 3630 1702 οὔτε
3675 1649 3763 1716 τὴν

524 1741 809 1818 perfectis,
840 1758 1030 1798 necem
1063 1743 1171 1797 illis
1199 1744 1536 1798 intentantes
1569 1743 1916 1799 remiseritis.
1939 1743 2097 1810 Quod

2209 1742 2379 1812 ἀρχὴν
2430 1741 2810 1810 ἀφαιρεῖσθαι,
2862 1739 2981 1794 ἀλλ’
3027 1740 3263 1810 ἐμαυτὸν
3310 1739 3646 1802 διασώζοντα
3675 1736 3762 1789 τοῦ

527 1849 654 1889 cum
696 1835 845 1890 illico
885 1835 1099 1890 facinus
1143 1838 1488 1890 teterrimum
1521 1834 1880 1908 judicassem,
1930 1836 2096 1889 altera

528 1927 652 1980 luce
695 1927 748 1980 in
777 1927 1045 1984 concione
1072 1928 1240 1981 multa
1261 1929 1428 1982 verba
1452 1928 1576 1995 feci,
1607 1927 2098 1997 confusionemque

526 2027 584 2071 et
636 2016 958 2073 effrenatam
1032 2018 1311 2075 licentiam
1370 2030 1650 2084 vestram,
1716 2032 1778 2075 ut
1830 2020 2100 2073 malorum

534 2109 764 2164 istorum
799 2125 995 2166 causas
1021 2112 1282 2182 castigavi
1315 2130 1326 2165 :
1353 2120 1409 2165 et
1436 2127 1502 2165 ne
1525 2112 1655 2181 quid
1692 2111 1927 2180 amplius
1957 2111 2104 2181 ejus-

530 2201 746 2254 cemodi
777 2201 1075 2267 auderetis,
1109 2218 1302 2258 severe
1336 2203 1622 2273 imperavi.
1661 2203 1978 2257 Nunc-cum
2010 2217 2105 2255 su-

528 2308 627 2362 per
670 2293 866 2348 eodem
911 2305 1202 2366 cognatam
1240 2295 1354 2364 (60)
1386 2310 1562 2350 meam
1595 2294 1879 2365 legaverit,
1917 2293 2103 2350 delicti

528 2384 760 2454 gratiam
809 2385 1026 2451 fecerit,
1081 2386 1445 2457 redintegrati
1495 2385 1847 2441 concordiam
1893 2384 2106 2454 petive-

533 2477 636 2537 rit,
696 2491 877 2546 neque
939 2478 1262 2545 iustorum,-
1317 2490 1497 2545 neque
1567 2475 1928 2545 prudentium
1974 2483 2101 2538 est,

533 2580 721 2634 pacem
792 2568 1101 2636 aspernari.
1177 2568 1306 2622 Tria
1368 2567 1517 2622 enim
1574 2581 1701 2620 cum
1771 2566 1925 2628 sint,
1986 2581 2106 2636 qua:

533 2659 694 2712 bellis
752 2660 1011 2716 omnibus
1071 2659 1236 2714 tinem
1296 2660 1588 2728 imponunt
1639 2659 1782 2730 (61)
1833 2673 1985 2713 :sua
2050 2657 2105 2712 in

534 2759 654 2803 tuto
714 2751 1014 2813 statuisse,
1074 2751 1322 2804 hostium
1395 2764 1531 2820 opes
1593 2750 1701 2805 sibi
1761 2750 2104 2821 subiecisse,

535 2840 636 2909 71
666 2840 849 2896 hostes
884 2841 1029 2910 ipsos
1065 2841 1392 2911 perdidisse,
1436 2841 1547 2897 duo
1579 2842 1776 2897 horum
1827 2858 1937 2898 non
1989 2843 2109 2899 sine

533 2931 705 2998 gloria
757 2931 919 2986 nobis
965 2934 1367 3000 contigerunt:
1416 2933 1638 2988 tertium
1692 2935 1837 2989 absit
1883 2944 1944 2990 ut
2007 2952 2111 2990 un-

532 3035 697 3086 quam
727 3019 886 3075 nobis
926 3021 1181 3092 adipisci,
1229 3023 1512 3078 autetiam
1550 3032 1742 3094 optare
1785 3025 2107 3096 contingat!

2152 1828 2172 1857 ⁵
2201 1831 2478 1893 κινδύνου,
2512 1831 2680 1900 μηδὲν
2713 1831 2910 1898 ἐκείνῳ
2960 1831 3060 1900 τῆς
3110 1830 3286 1899 ἀρχῆς
3336 1828 3502 1881 ἓνεκα
3542 1841 3761 1893 παρενο-

2167 1922 2376 1994 .χλεϊν.
2438 1922 2510 1973 Τὸ
2561 1921 2662 1990 μὲν
2705 1917 2802 1973 οὖν
2854 1919 2946 1972 τὸν
3001 1920 3248 1972 κίνδυνον
3292 1919 3602 1987 διαφυγεῖν,
3643 1914 3764 1975 Θεὸς

2204 2015 2369 2077 αὐτὸς
2408 2013 2790 2083 συναράμενος
2846 2012 3114 2082 παρέσχεο
3166 2011 3267 2080 τὴν
3304 2011 3350 2062 δ’
3400 2012 3482 2073 εἰς
3529 2008 3598 2061 ’τὺ
3646 2005 3761 2073 ἐξῆς

2203 2104 2512 2173 ἀσφάλειαν
2592 2104 2688 2156 καὶ
2753 2105 2978 2173 εἰρήνην
3037 2102 3306 2172 βασιλέως
3363 2100 3760 2171 παρεχομένου,

2203 2193 2583 2262 ἀπεωσάμεθα
2624 2193 2778 2246 αὐτοὶ
2813 2191 3026 2255 κακῶς.
3063 2192 3371 2261 Μέμνησθε
3413 2191 3524 2259 γὰρ
3568 2189 3629 2258 δή
3675 2202 3765 2243 που

2208 2287 2285 2348 ὡς
2351 2288 2408 2338 ἐν
2456 2283 2742 2354 Ἀδριανοῦ
2784 2283 2910 2347 τοὺς
2969 2283 3226 2346 ἐλθόντας
3279 2283 3345 2336 ἐκ
3384 2281 3647 2352 βασιλέως
3682 2273 3768 2329 ἐπὶ

2203 2380 2269 2448 τῇ
2335 2378 2531 2448 εἰρήνῃ
2593 2375 2890 2446 πρέσϐεις,
2953 2376 3357 2437 στασιάσαντες
3419 2369 3766 2442 ἀπεπέμψατε

2202 2469 2524 2535 ἀπράκτους
2563 2467 2663 2519 καὶ
2714 2467 2805 2518 τὸν
2848 2466 2978 2537 περὶ
3008 2466 3104 2518 τοῦ
3151 2465 3252 2535 ζῇν
3286 2464 3532 2519 κίνδυνον
3561 2465 3766 2529 ἐπικρε-

2209 2561 2482 2633 μάσαντες
2535 2559 2740 2622 αὐτοῖς,
2773 2557 2802 2610 δ
2834 2560 2958 2629 ἐμοὶ
2992 2556 3153 2621 εὐθύς
3198 2574 3261 2610 τε
3296 2557 3473 2611 ἐδόκει
3522 2555 3630 2608 τῶν
3661 2553 3761 2606 δει-

2205 2655 2461 2718 νοτάτων,
2492 2653 2587 2706 καὶ
2637 2653 2693 2713 ἐς
2726 2650 2844 2721 ιτὴν
2882 2650 3174 2720 ὑστεραίαν
3218 2651 3281 2702 ἐν
3317 2649 3596 2720 ἐκκλησία
3629 2660 3767 2714 γενο-

2186 2781 2198 2792 ι
2209 2746 2359 2816 μένῳ
2398 2745 2556 2814 λόγος
2582 2744 2799 2812 ἐγένετο
2829 2742 3016 2809 πολὺς,
3036 2743 3133 2813 τήν
3148 2759 3206 2794 τε
3238 2743 3472 2807 ἀταξίαν
3499 2743 3590 2794 καὶ
3619 2742 3769 2806 ἀναρ-

2208 2837 2332 2907 χίαν
2359 2835 2432 2899 ὡς
2460 2835 2650 2888 κακῶν
2684 2835 2865 2887 αἰτίαν
2891 2835 3230 2904 αἰτιωμένῳ,
3278 2835 3378 2888 καὶ
3417 2834 3545 2902 περὶ
3569 2830 3655 2884 τοῦ
3683 2843 3768 2898 μη·

2209 2930 2331 2982 κέτι
2371 2927 2577 2998 τολμᾷν
2606 2924 2837 2980 τοιαῦτα
2893 2924 3339 2994 παραγγέλλοντι
3384 2923 3574 2977 πολλά.
3618 2915 3766 2978 Αὖθις

2209 3021 2268 3074 δέ
2313 3020 2408 3072 ἐπὶ
2436 3022 2550 3082 τοῖς
2577 3018 2764 3082 αὐτοῖς
2806 3018 2907 3086 τὴν
2955 3018 3097 3089 ἐμὴν
3131 3017 3228 3070 νῦν
3262 3017 3583 3088 πέμψαντος
3614 3011 3766 3069 θείαν,

538 3109 719 3166 Otium
763 3121 819 3167 et
852 3114 1202 3169 securitatem
1231 3115 1376 3170 Deus
1404 3116 1698 3180 concessit,
1727 3124 1783 3170 et
1819 3116 2107 3186 imperator

2220 3107 2552 3180 συγγνώμην
2586 3123 2644 3160 τε
2689 3109 2776 3176 ἐφ’
2805 3103 2885 3169 οἷς
2924 3107 3250 3176 ἡμάρτομεν
3287 3103 3659 3174 παρεχομένου
3686 3099 3771 3151 καὶ

533 3204 893 3274 jurejurando
942 3221 1062 3260 eam
1105 3205 1494 3272 conﬁrmabit;
1527 3223 1649 3276 qua:
1703 3207 1748 3260 si
1795 3207 1948 3276 prius
1981 3207 2107 3263 data

542 3294 760 3359 fuisset,
795 3296 965 3349 armis
1003 3310 1232 3366 prorsus
1263 3297 1752 3354 abstinuissemus.
1801 3299 2109 3354 Romanum

537 3387 906 3456 principatum
937 3387 1102 3443 simul
1135 3403 1200 3442 ac
1230 3388 1282 3441 in
1308 3389 1488 3444 lucem
1515 3399 1809 3460 susceptus
1838 3405 1985 3454 sum,
2011 3392 2112 3444 im-r

539 3489 762 3548 perator
799 3495 998 3548 parens
1032 3494 1188 3534 meus
1220 3480 1376 3546 mihi,
1407 3480 1744 3550 imperatore
1791 3497 1878 3536 me
1903 3489 2113 3546 creato,

539 3571 879 3631 destinavit:
915 3586 1080 3640 quem
1112 3586 1258 3626 nunc
1291 3581 1411 3628 tuto
1449 3573 1655 3628 habere
1697 3573 1847 3635 licet,
1879 3573 2116 3628 Incredi-

547 3665 690 3718 taria
724 3664 1079 3719 successione
1107 3662 1174 3718 ad
1201 3663 1369 3718 alium
1397 3665 1623 3720 omnino
1649 3664 1950 3728 neminem,
1977 3679 2114 3734 prae-

552 3766 636 3812 ter
679 3770 768 3810 me
816 3763 1235 3826 perventurum.
1279 3756 1338 3810 In
1393 3755 1651 3822 hostibus
1700 3765 1886 3810 autem
1939 3771 2120 3826 neque

542 3849 674 3904 duxi
730 3847 1026 3919 aliquando
1067 3863 1228 3902 avum
1272 3864 1479 3911 meum,
1520 3864 1700 3919 neque
1736 3849 1875 3904 adeo
1917 3849 2122 3905 insani-

542 3942 742 4007 verim,
774 3950 834 3996 ut
863 3942 1143 4012 quidpiam
1182 3943 1236 3997 in
1270 3940 1526 3998 eumdem
1559 3933 1762 3995 tetrum
1809 3956 1874 3996 ac
1925 3945 2120 3997 nefan-

543 4034 674 4087 dum
701 4032 786 4086 vel
836 4033 1093 4103 cogitem,
1125 4033 1212 4088 vel
1265 4032 1590 4087 deliberem.
1640 4031 1744 4088 Sed
1791 4048 1977 4102 neque
2023 4050 2120 4090 vos

543 4126 752 4180 amicos
799 4140 952 4180 meos
1001 4140 1157 4195 aequo
1205 4126 1392 4178 animo
1439 4124 1648 4178 laturos
1693 4123 1916 4194 opinor,
1968 4133 2120 4180 tanta

542 4233 669 4271 eum
708 4217 1017 4272 calamitate
1051 4215 1472 4282 circumveniri,
1519 4224 1578 4270 ut
1605 4230 1707 4286 ego
1759 4215 1830 4270 ab
1864 4217 2122 4272 omnibus

544 4322 683 4376 quos
737 4307 816 4362 sol
875 4306 1022 4362 videt
1079 4307 1428 4372 mortalibus,
1479 4322 1581 4377 pro
1640 4307 2016 4362 conscelerato
2067 4317 2123 4363 et

547 4399 821 4463 parricida
851 4398 1209 4454 condemner.
1236 4397 1466 4463 Quando
1492 4399 1660 4468 igitur
1691 4412 1812 4467 quae
1853 4397 1998 4452 bello
2033 4412 2124 4452 so-

2217 3199 2515 3269 διαλλαγὰς
2561 3197 2878 3262 αἰτοῦντος,
2943 3196 3058 3251 οὗθ’
3111 3199 3257 3252 ὅσιον
3318 3198 3434 3252 οὔτ’
3491 3191 3770 3257 ἀνθρώπων

2219 3295 2455 3366 ἐχόντων
2495 3293 2624 3346 νοῦν
2670 3292 2771 3359 τὴν
2818 3290 3042 3362 είρήνην
3077 3289 3448 3345 ἀπωθεῖσθαι.
3477 3285 3650 3358 Τριῶν
3677 3280 3772 3351 γὰρ

2216 3387 2384 3440 ὄντων
2425 3385 2598 3439 ἅπασι
2633 3379 2885 3456 [ἀοπᾶσι]
2935 3381 3195 3451 πολέμοις
3242 3381 3423 3449 πέρας
3462 3379 3669 3444 ἐπάγει,
3691 3367 3771 3422 τοῦ

2216 3497 2277 3534 τε
2315 3479 2385 3532 τὰ
2429 3477 2610 3531 οἰκεῖα
2637 3477 2694 3528 ἐν
2739 3472 3011 3542 ἀσφαλείᾳ
3033 3472 3223 3525 θέσθαι
3254 3472 3407 3536 τινὰ,
3439 3471 3534 3524 καὶ
3575 3463 3664 3518 τοῦ
3691 3461 3774 3529 τὴν

2217 3572 2330 3626 τῶν
2365 3567 2746 3640 πολεμούντων
2779 3565 2953 3636 ἀρχὴν
2982 3566 3073 3634 ὑφ’
3104 3565 3302 3620 ἑαυτὸν
3335 3561 3674 3633 ποιήσασθαι,
3695 3553 3775 3606 καὶ

2221 3665 2409 3734 τρίτου
2430 3661 2527 3714 τοῦ
2551 3661 2752 3721 αὐτοὺς
2779 3659 2907 3720 τοὺς
2938 3657 3322 3726 πολεμοῦντας
3358 3654 3689 3710 ἀποκτεῖναι,
3717 3642 3776 3696 τὰ

2218 3757 2315 3811 δύο
2365 3757 2462 3826 μὲν
2494 3756 2625 3825 ἡμῖν
2677 3754 2912 3824 πάρεστι
2967 3751 3107 3822 μετά
3154 3751 3437 3812 εὐκλείας·
3469 3746 3564 3800 τοῦ
3610 3740 3776 3812 τρίτου

2219 3849 2283 3921 δὴ
2317 3849 2454 3920 μήτε
2501 3846 2683 3915 τυχεῖν
2721 3843 2955 3911 γένοιτο,
2993 3844 3124 3914 μήτ’
3153 3840 3500 3912 ἐπιθυμῆσαί
3533 3850 3680 3890 ποτε.
3713 3828 3777 3880 Τὸ

2225 3941 2325 4012 μέν
2352 3942 2465 4010 γὰρ
2509 3941 2567 3993 ἐν
2618 3937 2892 4008 ἀσφαλείᾳ.
2925 3932 3088 3999 εἶναι,
3119 3935 3148 3986 ὁ
3187 3933 3328 3998 Θεός
3367 3950 3428 3986 τε
3461 3930 3775 4012 παρέσχετο)

2221 4033 2318 4087 καὶ
2346 4032 2510 4094 αὐτὸς
2538 4033 2726 4100 ὅρκοις
2769 4026 3105 4082 πιστώσεται
3134 4025 3422 4094 βασιλεύςο
3454 4025 3589 4089 ὅπερ
3617 4018 3663 4070 εί
3693 4011 3776 4066 καὶ

2223 4124 2496 4196 πρότερον
2523 4123 2659 4190 ἡμῖν
2700 4121 2851 4190 ἐξῆν,
2901 4119 3010 4172 οὐδ’
3040 4118 3107 4172 ἃν
3143 4119 3243 4188 τὴν
3298 4116 3486 4190 ἀρχὴν
3515 4112 3653 4167 ὅπλα
3685 4108 3781 4196 ἐκι-

2222 4194 2446 4286 νοῦμεν.
2487 4215 2598 4284 Τὴν
2636 4214 2927 4284 Ῥωμαίων
2971 4210 3029 4264 δὲ
3067 4208 3374 4279 ἠγεμονίαν
3431 4208 3526 4260 καὶ
3557 4204 3666 4273 ἅμα
3693 4194 3778 4266 μὲν

2222 4307 2300 4377 τῷ
2326 4305 2610 4376 προελθεῖν
2646 4305 2726 4365 είς
2770 4302 2887 4370 φῶς
2920 4304 2949 4356 ὁ
2998 4301 3188 4370 πατὴρ
3222 4301 3533 4372 παρέσχετο
3577 4291 3665 4346 καὶ
3697 4287 3776 4357 βα-

2229 4402 2430 4467 σιλεὺς,
2474 4398 2700 4480 βασιλέα
2738 4396 3150 4468 χειροτονήσας,
3186 4398 3282 4449 καὶ
3313 4395 3408 4449 νῦν
3459 4393 3518 4446 δὲ
3543 4379 3776 4480 ἀσφαλῶς

549 4491 752 4558 piendo
782 4491 1014 4554 faciunt,
1047 4504 1217 4558 penes
1249 4504 1348 4543 nos
1378 4497 1506 4543 sunt
1541 4489 1651 4558 (cui
1681 4505 1793 4542 non
1827 4489 2107 4555 interesse,

2228 4494 2376 4546 ἐστιν
2406 4493 2572 4563 ἔχειν,
2613 4473 2751 4562 πρὸς
2776 4491 2969 4545 οὐδένα
3001 4488 3088 4541 Ere
3099 4505 3212 4559 ρον,
3245 4488 3278 4559 ἢ
3311 4488 3411 4557 ἐμὲ
3451 4488 3515 4538 ἐκ
3547 4473 3774 4563 διαδοχῆς

549 4585 784 4639 maxima
822 4597 910 4640 est
951 4581 1231 4650 felicitas).
1268 4591 1429 4648 atque
1478 4580 1584 4635 hoc
1633 4580 1836 4648 ipsum,
1893 4582 2120 4651 bellum,

2235 4561 2464 4647 πάντως
2528 4561 2914 4653 ἐλευσομένην.
2973 4581 3244 4651 Πολέμιον
3301 4582 3359 4634 δέ
3419 4576 3534 4631 οὔθ’
3577 4561 3776 4642 ἥγημαι

1813 4724 2031 4787 Jacobi
2062 4726 2332 4790 Pontani
2377 4735 2564 4790 notos.

623 4877 733 4946 (60)
763 4876 881 4932 Non
945 4875 1045 4931 fuit
1091 4877 1314 4946 proprie
1365 4876 1523 4935 θεία,
1562 4876 1614 4930 id
1643 4885 1768 4936 est,
1811 4875 1982 4944 patris
2024 4887 2121 4932 aut

551 4947 743 5002 matris
773 4962 952 5010 soror,
987 4956 1040 5000 et
1067 4947 1480 5002 Cantacuzenus
1513 4946 1664 5001 verbi
1700 4947 1864 5016 hujus
1893 4946 2113 5001 licentia

549 5017 775 5070 liberior
804 5027 906 5071 est.
942 5017 1192 5071 Forsitan
1219 5058 1233 5078 ,
1283 5032 1407 5070 cum
1437 5016 1656 5085 proprio
1685 5017 1764 5070 uti
1795 5017 1977 5079 vellet,
2015 5033 2114 5072 nec

553 5087 846 5149 inveniret,
883 5087 1125 5140 vicinum
1158 5087 1388 5153 accepit,
1420 5095 1475 5139 et
1507 5087 1560 5140 id
1591 5086 1769 5140 eidem
1803 5086 2110 5156 ἱιιάνεψιὸν

552 5157 872 5224 contingere
905 5156 1100 5223 potuit.
1142 5156 1252 5209 Nec
1280 5196 1295 5219 ,
1329 5165 1387 5208 ut
1414 5171 1606 5209 verum
1634 5156 1828 5217 fatear,
1857 5155 2110 5216 Latinum

554 5228 840 5296 pr0prium
876 5225 1008 5296 mihi
1043 5227 1302 5290 occurrit,
1330 5240 1462 5296 quo,
1487 5227 1734 5295 inquam,
1759 5226 1924 5279 tiliam
1953 5241 2114 5280 soro-

554 5293 628 5350 ris
648 5293 847 5366 proavi
877 5293 991 5366 mei
1020 5297 1286 5364 appellem
1311 5336 1326 5358 ,
1350 5293 1463 5350 nisi
1515 5293 1778 5365 majorem
1830 5297 2112 5352 atnitinam

554 5363 689 5436 velis
732 5363 992 5436 appellari
1021 5363 1206 5433 ,quia
1243 5367 1354 5433 ipsa
1403 5381 1560 5419 soror
1604 5363 1795 5434 pmavi
1827 5377 1908 5419 est
1941 5366 2115 5436 major

555 5435 741 5488 amita.
773 5434 900 5504 Ideo
931 5443 1212 5504 cognatam
1249 5437 1548 5496 nominavi.
1579 5436 1632 5489 in
1657 5452 1764 5504 quo
1785 5451 1972 5490 errare
2004 5434 2112 5490 non

557 5504 731 5574 potui.
812 5503 1000 5574 Possis
1061 5505 1225 5558 etiam
1280 5506 1666 5559 consobrinam
1725 5505 2112 5574 interpretari;

555 5588 680 5624 nam
714 5572 880 5626 hodie
913 5572 1075 5626 latius
1106 5584 1253 5644 patet
1283 5576 1398 5630 haec
1421 5590 1550 5642 vox,
1579 5589 1680 5630 nec
1711 5572 1920 5629 tantum
1951 5576 2114 5629 modo

559 5643 612 5692 in
642 5657 894 5695 sororum
945 5651 1038 5696 a’Ut
1069 5643 1319 5707 fratrum,
1345 5661 1705 5707 sororumque
1732 5647 1856 5700 liliis
1884 5644 2116 5699 domici-

559 5661 612 5692 ιιι
642 5661 894 5695 sororum
945 5661 1038 5696 am
1069 5661 1319 5707 tratrum,
1345 5661 1591 5699 sororum
1640 5661 1705 5698 ue

559 5709 904 5784 linm_ha_bet.
945 5712 1088 5767 Infra
1117 5715 1478 5784 appellabitur
1503 5661 1718 5783 Magni.

630 5781 741 5850 (lii)
781 5781 1022 5836 Primum
1053 5781 1244 5839 horum
1273 5827 1285 5849 ,
1321 5801 1417 5840 sua
1474 5781 1734 5838 nimirum
1767 5783 1821 5838 in
1860 5790 1975 5838 tuto
2005 5792 2112 5839 sta-

2228 4888 2405 4944 tuere,
2440 4894 2586 4948 szepe
2622 4879 2740 4948 sine
2788 4877 2912 4932 aliis
2960 4875 3178 4932 duobus
3202 4913 3217 4934 ,
3251 4881 3347 4926 aut
3373 4870 3546 4948 altero
3593 4858 3773 4948 si}???

2225 4924 2647 5022 nBin'beiiiﬁgit
2678 4947 2814 5022 _Non
2864 4957 3043 5022 potest
3073 4924 3217 5022 saepe
3249 4959 3366 5022 res,
3392 4945 3537 5022 .autl
3563 4924 3772 5022 1:533:13.

2223 4993 2344 5090 ξζὲὲ
2678 4993 2988 5090 ltovstesfvel
3008 4993 3264 5090 subjic‘ifit
3281 4993 3429 5090 Eii}?!
3458 4993 3774 5090 Velﬂerilﬂt:

2221 5074 2580 5157 Suscipienda
2633 5088 2801 5160 bella
2835 5087 2911 5160 ait
2942 5103 2979 5160 _l
3174 5084 3244 5139 Μ.
3281 5081 3510 5160 Tullius,
3538 5074 3769 5160 abnatat?

2221 5139 2582 5222 éa’ds'éinfiii
2627 5139 2989 5226 sineriniju'ria
3037 5139 3106 5210 illi.
3143 5170 3277 5226 pace
3334 5139 3766 5226 vivaturE-El‘}:

2222 5239 2403 5282 autem
2433 5207 2664 5281 victoria
2707 5207 3168 5297 conservandos,r
3186 5224 3278 5297 qui
3313 5235 3428 5297 non.
3453 5207 3768 5297 crudeleilgl
3839 5234 3851 5250 -

2224 5281 2388 5371 bello.
2441 5296 2542 5371 ﬁge
2589 5300 2854 5371 ίωωειιεε
2904 5281 3166 5371 “eam?
3205 5281 3545 5371 U‘_.?wi9'f’f
3578 5281 3772 5371 IEPi’Iﬂ:

2223 5353 2420 5436 inquit,
2451 5365 2674 5434 aliquos.
2714 5365 2921 5420 Volscos
2945 5406 2962 5430 ,
3001 5365 3245 5436 Sabinos.
3285 5353 3534 5436 Hernicos

2224 5413 2420 5436 --ηι--Ἶ
2451 5413 2674 5434 --νι-τνν·
2720 5413 2727 5418 ’
2757 5413 2918 5420 """
2945 5413 2962 5430 ι
3001 5413 3245 5424 *⁷⁷⁷⁷⁷⁷⁷⁷*
3285 5413 3301 5416 ί
3749 5428 3773 5440 ρ

2221 5445 2380 5490 tatem
2416 5439 2574 5490 etiam
2605 5446 2936 5505 acceperunt,
2971 5445 3026 5490 at
3053 5431 3447 5506 -ςιινιίιαθξζιεηι
3475 5430 3521 5506 ἐξ

2221 5508 2352 5593 (iam
2383 5489 2991 5593 fupditussustulerunt.
3026 5503 3256 5593 Aloi-lem

2219 5559 2521 5661 credofillols
2553 5587 2753 5661 secutos
2785 5559 3247 5661 opportnnitat‘em'
3283 5559 3772 5661 lof‘immfjiﬁeznt:

2221 5657 2388 5716 posset
2440 5647 2731 5718 aliquando
2780 5630 2866 5701 ad.
2893 5645 3088 5700 bellum
3143 5638 3444 5713 faciendum
3491 5630 3626 5686 locus
3670 5630 3742 5685 πρε

2220 5719 2519 5771 adhortari.
