3962 6440
259 368 341 433 ΞΒῙ
1440 377 1829 441 lllSTOBIAl

1932 383 1987 442 Μ
2029 385 2263 446 LIBER
2302 386 2350 447 Ι.

3401 389 3526 451 183‘
3569 449 3571 452 .

253 497 381 533 ποτε
437 481 529 532 τὸν
573 478 704 548 ἐμὸν
754 479 978 534 πάππον
1029 481 1132 534 ’καὶ
1200 480 1427 551 βασιλέα
1455 521 1470 546 ,
1517 484 1651 555 μήθ’
1676 484 1820 539 οὕτω

1932 493 2171 561 inquam,
2213 507 2439 562 ponere,
2490 508 2620 549 cum
2672 493 2874 550 illustri
2919 496 3088 552 laude
3145 499 3537 573 conjunctmn_

257 572 483 644 μανείην
522 571 664 626 ὥστε
720 572 754 643 ἢ
805 573 1021 643 νομίσαι
1067 576 1097 641 ἥ
1148 573 1542 644 βουλεύσασθαι
1598 593 1654 630 τι
1706 578 1818 631 τῶν

255 661 570 733 ἀνηκέστων
629 665 747 717 κατ’
800 663 991 718 αὑτοῦ.
1059 665 1134 718 Οὐ
1173 663 1283 736 μὴν
1336 666 1452 719 ἀλλ’
1494 668 1617 721 οὐδὲ
1671 669 1817 738 ὑμᾶς

257 756 438 824 οἴομαι
492 752 780 820 φιλοῦντας
838 753 1064 826 τοιαύτῃ
1119 757 1376 828 συμφορᾷ
1422 757 1689 828 περιϊδεῖν
1748 758 1816 811 ἂν

265 845 432 916 ἡδέως
485 845 853 916 περιπεσόντα
895 845 1027 898 ὥστ’
1058 845 1360 916 ἀλάστορος
1408 848 1503 900 καὶ
1539 848 1820 918 πατροφό-

263 955 348 990 νου
383 937 542 1000 δίκας
573 938 708 988 πᾶσι
740 939 854 999 τοῖς
885 935 977 1004 ὑφ’
1001 936 1154 1007 ἥλιον
1175 937 1434 1005 ὀφείλειν.
1473 939 1603 992 Ὅτε
1637 942 1818 994 τοίνυν

260 1028 364 1081 τῶν
395 1027 775 1082 καταλυόντων
806 1030 932 1092 τοὺς
979 1029 1250 1100 πολέμους
1307 1029 1377 1084 τὰ
1425 1031 1527 1102 μὲν
1556 1032 1688 1103 ἡμῖν
1721 1052 1821 1086 πε-

263 1120 540 1194 ρίεστιρτὸ
569 1118 614 1171 δ’
647 1119 705 1172 ἐν
733 1118 987 1190 εὐτυχίας
1030 1121 1273 1193 μεγίστῳ
1311 1121 1472 1194 μέρει
1510 1125 1584 1195 μὴ
1616 1127 1822 1197 παρεῖ-

260 1227 368 1276 ναι,
407 1212 501 1265 καὶ
533 1209 762 1282 προσέτι
812 1212 1106 1284 πρόσεστιν
1155 1211 1380 1268 εὔκλεια
1427 1217 1542 1277 τοῖς
1583 1232 1821 1286 πραττο-

266 1301 466 1369 μένοις,
497 1299 830 1355 καταθέσθαι
870 1302 960 1355 τὸν
1020 1303 1258 1372 πόλεμον
1310 1306 1604 1377 προσήκει,
1637 1307 1719 1360 ἔτι
1764 1307 1822 1360 δὲ

259 1390 368 1444 οὐδ’
422 1392 490 1446 ἂν
541 1391 946 1462 εύφρονούντων
987 1394 1290 1463 ἀνθρώπων
1342 1395 1504 1466 ἔργον
1537 1397 1822 1468 πράξομεν

266 1481 335 1553 μὴ
377 1481 689 1552 βουλόμενοι
720 1483 811 1536 τὸν
865 1483 1101 1554 πόλεμον
1137 1487 1451 1541 καταλύειν.
1483 1488 1549 1543 ΕΙ
1582 1489 1682 1558 μὲν
1710 1489 1822 1561 γὰρ

265 1572 356 1624 νῦν
407 1571 730 1637 ἐπελθόντες
775 1573 1218 1646 παραληψόμεθα
1273 1575 1376 1649 τὴν
1434 1579 1610 1644 πόλιν,
1659 1581 1822 1634 πλέον

267 1661 364 1732 μὲν
403 1662 556 1717 οὐδὲν
586 1658 660 1716 ὧν
689 1663 786 1716 νῦν
810 1664 1004 1736 ἔχομεν
1037 1665 1179 1737 ἔχειν
1204 1665 1450 1732 ἐξέσταιο
1473 1666 1518 1724 δι
1547 1667 1596 1724 δ’
1619 1670 1822 1741 ἔχομεν

267 1755 382 1822 μετ’
428 1754 677 1819 εὐκλείας
717 1756 976 1825 ἆμα’καὶ
1022 1757 1374 1831 δικαιοσύνης
1415 1761 1514 1815 καὶ
1543 1765 1822 1834 πατρικῆς

1923 592 2030 654 est,
2049 584 2119 640 ab
2149 584 2318 639 armis
2343 585 2600 640 recedere
2624 600 2725 640 nos
2754 589 3037 643 convenit.
3057 589 3215 656 Quod
3245 590 3290 645 si
3313 593 3505 646 nolue-

1924 676 2121 740 rimus,
2177 674 2564 744 imprudenter
2601 689 2667 730 ac
2713 675 2881 732 stulte
2937 677 3196 732 facimus.
3242 679 3298 733 Si
3354 679 3525 731 enim-

1924 782 2076 823 nunc
2135 769 2326 822 urbem
2385 767 2706 822 adoriamur
2783 776 2841 822 et
2897 783 3267 840 occupemus,
3327 769 3504 822 nihilo

1923 859 2048 930 plus
2075 859 2436 921 habebimus,
2468 874 2632 929 quam
2659 876 2808 915 nunc
2842 861 3138 916 habemus.
3171 862 3302 928 Quae
3320 873 3502 918 autem

1925 951 2182 1023 gloriose,
2211 950 2379 1019 iuste,
2426 967 2552 1005 cum
2588 953 2840 1022 paternis
2885 952 3035 1008 votis
3088 954 3382 1018 habemus,
3439 970 3523 1008 ea-

1925 1059 2026 1114 per
2072 1042 2313 1113 rapinas,
2370 1042 2626 1114 injurias,
2676 1055 2730 1097 et
2781 1053 3108 1099 tantumnon
3144 1061 3242 1115 per
3270 1047 3502 1116 ραι-τίείς

1926 1133 2078 1188 dium
2114 1133 2318 1188 habere
2350 1134 2654 1189 existimari
2682 1136 2843 1201 velle,
2869 1138 2970 1192 hoc
2999 1154 3131 1193 vero
3163 1138 3416 1214 desipere
3438 1154 3508 1192 ac-

1926 1224 2162 1281 delirare
2200 1234 2307 1280 est.
2349 1225 2406 1279 Si
2442 1241 2711 1296 occupare
2755 1243 2864 1282 non
2907 1229 3236 1298 poterimus,
3275 1239 3504 1298 praeter-

1927 1333 2093 1389 quam
2133 1317 2280 1387 quod
2309 1317 2363 1371 in
2386 1317 2649 1373 omnium
2681 1319 2805 1374 odia
2864 1321 3281 1390 calumniasque
3313 1320 3501 1375 incur-

1927 1425 2115 1463 remus
2153 1409 2304 1479 (quia
2355 1409 2420 1464 ad
2467 1424 2658 1480 pacem
2727 1409 2968 1476 invitati,
3025 1412 3380 1482 improbitate
3441 1421 3495 1465 et

1930 1500 2190 1570 cupidine
2229 1500 2430 1556 irretiti
2475 1502 2964 1571 recusaverimus),
2999 1504 3164 1558 etiam
3216 1503 3274 1558 in
3305 1504 3502 1558 discri-

1928 1589 2076 1644 mina
2123 1589 2245 1645 sine
2276 1590 2387 1645 ullo
2421 1589 2604 1645 fructu
2652 1608 2754 1647 nos
2786 1592 3167 1664 conjiciemus,
3206 1593 3527 1662 multisque-

1929 1681 2164 1737 urbibus
2219 1691 2276 1738 et
2329 1682 2650 1754 regionibus
2687 1684 2897 1738 cladem
2939 1695 3258 1756 pestemque
3291 1686 3504 1741 creabi-

1931 1787 2074 1828 mus.
2104 1771 2200 1829 His
2223 1775 2533 1830 rationibus
2565 1791 2666 1845 ego
2695 1775 2989 1846 impulsus,
3023 1793 3212 1847 pacem
3243 1788 3366 1832 cum
3403 1793 3506 1832 avo

263 1848 449 1918 εὐχῆς,
507 1847 780 1917 ἁρπάζειν
834 1849 928 1902 καὶ
966 1850 1192 1917 ἀδικεῖν,
1246 1854 1344 1906 καὶ
1399 1858 1690 1926 μονονουχὶ
1716 1875 1824 1911 πα-

1932 1863 2286 1934 complector,
2308 1880 2540 1934 eamque
2567 1844 2728 1920 vobis
2755 1844 3238 1934 tanquam—utilem
3263 1863 3504 1920 suadeo:

263 1940 587 2009 τροκτονείν·
633 1938 855 2010 ἔχοντας
909 1941 1120 2007 δοκεῖν,
1170 1943 1200 1998 δ
1245 1948 1748 2018 παραφρονούντων
1789 1949 1824 2020 ἢ

264 2029 602 2099 φρονούντων
646 2030 759 2102 (62)
797 2032 866 2086 ἂν
909 2031 1017 2104 εἴη.
1070 2034 1244 2105 Εἴπερ
1293 2035 1350 2090 δὲ
1383 2037 1446 2090 οὑ
1480 2037 1828 2110 δυνησόμεθα

265 2121 620 2192 παραλαϐεῖν,
651 2123 786 2195 πρὸς
815 2123 893 2195 τῷ
923 2127 1090 2179 πᾶσιν
1117 2126 1429 2199 ἀνθρώποις
1455 2130 1733 2201 μισεῖσθαι
1767 2149 1824 2186 τε

264 2216 358 2267 καὶ
406 2214 790 2270 διαϐάλλεσθαι
828 2217 1055 2282 δικαίως
1097 2219 1200 2290 (ὅτι
1257 2221 1398 2290 πρὸς
1438 2223 1667 2294 εἰρήνην
1695 2240 1829 2295 προ-

263 2306 626 2377 καλούμενοι,
695 2309 878 2381 ἀδικίᾳ
940 2313 1035 2366 καὶ
1099 2312 1386 2385 πλεονεξίᾳ
1445 2313 1672 2387 γνώμης
1729 2317 1828 2388 οὐχ

264 2398 673 2470 ὑπηκούσαμεν)
732 2403 828 2456 καὶ
880 2404 1019 2474 πρὸς
1045 2405 1326 2469 κινδύνους
1365 2409 1656 2478 ἀνονήτους
1701 2410 1829 2463 ἐαυ-

270 2492 396 2553 τοὶις
460 2491 854 2564 ύποϐαλοῦμεν,
893 2497 988 2549 καὶ
1021 2498 1248 2564 πολλαῖς
1277 2500 1466 2554 πόλεσι
1497 2501 1592 2554 καὶ
1617 2499 1829 2573 χώραις

269 2581 433 2636 αἴτιοι
488 2586 942 2657 καταστησόμεθα
981 2588 1170 2644 κακῶν
1225 2592 1564 2660 ἀνηκέστων.
1608 2593 1829 2648 Τούτων

266 2673 450 2734 ἕνεκα.
478 2675 637 2739 αὐτός
665 2693 723 2729 τε
755 2677 1077 2749 ἀσπάζομαι
1104 2681 1204 2752 τὴν
1236 2683 1374 2753 πρὸς
1402 2681 1632 2753 βασιλέα
1671 2685 1828 2756 εῖρῆ-

269 2783 386 2833 νην,
415 2766 509 2818 καὶ
556 2767 687 2837 ὑμῖν
725 2767 1310 2842 λυσιτελεῖνινομίζων
1343 2775 1824 2845 συμϐεϐούλευκα.

280 2858 498 2911 Ἐσεσθε
537 2860 647 2932 γὰρ
701 2863 1066 2935 ἀπειληφότες
1123 2865 1281 2932 δόξαν
1330 2866 1555 2939 ἀνδρίας
1587 2869 1705 2939 ἅμα
1733 2870 1831 2925 καὶ

286 2949 610 3022 δικαιοσύνης
639 2953 734 3007 καὶ
765 2957 1142 3028 σωφροσύνης,
1174 2959 1362 3023 ὅπλοις
1386 2959 1484 3029 μὲν
1511 2961 1831 3032 κρατήσανο

285 3059 370 3105 τες
388 3045 487 3097 τῶν
511 3044 1008 3119 ἀντιτεταγμένων,
1032 3051 1128 3104 καὶ
1153 3049 1254 3113 τὰς
1282 3053 1513 3122 γνώμας
1545 3070 1831 3124 παραστη-

280 3136 514 3238 adat-vat:
555 3139 890 3238 ἀμυνόμενοί
935 3159 998 3238 τε
1036 3143 1185 3238 ὑπὲρ
1221 3143 1317 3238 τοῦ
1359 3143 1570 3238 δικαίου
1601 3148 1698 3200 καὶ
1729 3147 1831 3202 οὐκ
1857 3181 1900 3238 c

271 3229 423 3283 αὐτοὶ
447 3230 773 3296 ἀδικοῦντες·
807 3234 898 3288 καὶ
929 3233 1008 3306 τῷ
1055 3237 1130 3308 μὴ
1165 3235 1308 3308 ὑπὲρ
1356 3237 1427 3292 τὰ
1459 3237 1655 3308 μέτρια
1694 3257 1828 3311 φρο-

268 3324 377 3374 νεῖν
410 3323 546 3393 μηδὲ
576 3327 698 3388 ταῖς
747 3325 1024 3399 εὐτυχίαις
1073 3328 1372 3397 φυσᾶσθαι,
1410 3331 1512 3402 τὴν
1540 3330 1824 3401 σωφροσύο

267 3431 368 3482 νην
423 3415 882 3488 ἐπιδεικνύμενοι.
931 3419 1174 3474 Τοιαῦτα
1229 3419 1324 3474 τοῦ
1373 3421 1498 3475 νέου
1559 3421 1830 3492 βασιλέως

267 3506 408 3576 ὑπὲρ
461 3522 562 3576 της
610 3509 692 3572 είς
755 3509 982 3579 βασιλέα
1035 3512 1262 3583 εἰρήνης
1320 3513 1698 3584 διαλεχθέντος
1729 3555 1746 3581 ,
1803 3515 1832 3568 ὁ

270 3598 445 3665 μέγας
480 3597 794 3669 δομέστικος
835 3603 951 3671 μετ’
985 3603 1176 3671 αὐτὸν,
1211 3606 1320 3659 Καὶ
1349 3605 1534 3660 δίκαια
1567 3607 1665 3659 καὶ
1695 3622 1835 3676 συμ-

269 3688 524 3755 φέροντα,
577 3685 734 3756 εἷπε,
781 3692 876 3745 καὶ
909 3693 1113 3766 πολλῆς
1151 3695 1304 3757 αττια
1365 3697 1524 3767 δόξης
1588 3697 1833 3774 ἐσόμενα

267 3777 403 3845 ημῖν
443 3777 690 3850 εῖρηκας,
722 3775 767 3834 ὧ
804 3782 1049 3852 βασιλεῦ.
1102 3786 1197 3838 Διὸ
1224 3786 1346 3840 οὒδέ
1398 3788 1708 3856 ἀντιλέγειν
1741 3787 1834 3842 ού-

267 3867 396 3920 δένα
431 3868 540 3922 τῶν
569 3871 783 3926 πάντων
822 3874 896 3939 ὡς
940 3876 1037 3947 οὐχ
1178 3878 1456 3948 προσῆκεν
1490 3878 1708 3951 εἴρηται
1746 3880 1834 3933 δυ-

268 3962 529 4030 νήσεσθαι
555 3967 782 4035 νομίζω.
843 3969 990 4038 Ἐγὼ
1025 3970 1134 4042 γὰρ
1167 3971 1334 4035 αὐτὸς
1361 3972 1415 4024 εί
1457 3989 1509 4026 τι
1540 3973 1833 4045 συνεώρων

218 4093 224 4096 .
271 4056 562 4124 εἰρημένον
605 4058 714 4112 τῶν
766 4061 841 4131 μὴ
904 4063 1173 4130 δεόντων,
1223 4066 1481 4120 ἀντεῖπον
1539 4065 1629 4121 ἄν.
1678 4067 1833 4120 Ἐπεὶ⁴

269 4145 313 4198 δ’
340 4147 555 4202 ᾶπαντα
588 4149 806 4222 εἴρηται
849 4154 1029 4218 καλῶς
1075 4157 1168 4209 καὶ
1214 4156 1566 4229 δικαιοσύνης
1593 4158 1834 4229 ἐχόμενα

179 4281 190 4290 .
271 4239 366 4290 καὶ
407 4240 705 4310 ἐμπειρίας
755 4249 1149 4318 στρατηγικῆς,
1196 4249 1352 4303 οὐδὲν
1395 4251 1476 4304 ἔτι
1511 4251 1572 4304 τὸ
1621 4251 1830 4318 λεῖπον,

273 4329 304 4399 ἦ
337 4331 415 4392 εἰς
449 4334 620 4400 πέρας
667 4336 826 4404 ἄγειν
875 4338 947 4392 τὰ
981 4339 1408 4412 βεὸουλευμένα.
1460 4344 1587 4398 Ἐπὶ
1617 4343 1833 4409 τούτοις

1931 1955 2057 2010 inde
2091 1954 2239 2009 enim
2271 1969 2302 2009 a
2357 1955 2709 2020 fortitudine,
2741 1955 2955 2028 iustitia
3009 1965 3066 2010 et
3125 1956 3508 2012 moderatione

1927 2045 2476 2113 commendabimini,
2510 2048 2580 2110 si,
2615 2063 2740 2102 cum
2771 2046 3119 2102 adversarios
3149 2049 3319 2108 armis
3371 2049 3507 2102 sub-

1927 2137 2302 2210 egeritis(63),
2331 2155 2480 2195 nunc
2516 2139 2617 2209 ipsi
2652 2141 2868 2195 animos
2893 2148 3107 2194 vestros
3139 2139 3428 2206 subigatis,
3451 2149 3508 2194 et

1929 2246 2030 2302 pro
2056 2232 2180 2303 jure
2210 2233 2592 2302 propugnetis,
2618 2248 2725 2286 non
2753 2232 2858 2302 ipsi
2899 2231 3162 2301 injuriam
3204 2230 3457 2286 inleratis
3489 2249 3500 2282 :

1920 2334 2222 2393 .vestroque
2258 2339 2354 2378 vos
2384 2323 2523 2393 pede
2557 2323 2852 2379 metientes
2891 2325 3050 2395 (64),
3097 2340 3199 2379 nec
3228 2325 3503 2379 successi-

1928 2415 2034 2470 bus
2064 2414 2516 2481 intumescemes,
2568 2415 2816 2470 modeste
2850 2430 2916 2471 ac
2959 2414 3236 2471 submisse
3280 2430 3381 2469 vos
3412 2429 3504 2482 ge-

1930 2507 2086 2562 ratis.
2123 2504 2224 2562 Ubi
2263 2505 2380 2562 luec
2423 2521 2524 2576 pro
2554 2522 2688 2577 pace
2720 2507 3025 2577 disputavit
3049 2508 3377 2576 imperator,
3410 2520 3508 2560 ex-

1929 2597 2140 2667 cipiens
2172 2613 2403 2668 magnus
2433 2597 2796 2664 domesticus,
2853 2598 2922 2652 Et
2962 2614 3113 2668 aequa
3142 2639 3157 2664 ,
3213 2597 3413 2668 inquit,
3452 2607 3510 2651 et

1931 2684 2332 2752 conducibilia,
2392 2693 2448 2740 et
2504 2685 2737 2757 gloriam
2789 2701 2900 2742 non
2948 2685 3285 2741 mediocrem
3348 2686 3510 2741 nobis

1932 2776 2294 2834 conciliatura
2327 2774 2543 2840 dixisti,
2580 2777 2902 2846 imperator.
2939 2767 3122 2840 Quare
3158 2786 3209 2830 te
3247 2775 3320 2829 ita
3349 2775 3508 2830 locu—

1934 2877 2048 2922 tum
2087 2876 2146 2922 ut
2174 2865 2381 2930 decuit,
2422 2866 2568 2922 haud
2600 2854 2935 2937 quemquam
2976 2865 3352 2920 inliciaturum
3383 2863 3506 2934 opi-

1934 2975 2058 3015 nor.
2091 2959 2362 3030 Equidem
2388 2959 2506 3030 ipse
2531 2972 2656 3028 ego,
2681 2958 2725 3012 si
2749 2956 2882 3027 quid
2906 2957 3069 3014 aliter
3097 2957 3304 3012 dictum
3339 2957 3508 3011 senti-

1935 3065 2072 3114 rem,
2108 3049 2162 3106 id
2203 3049 2538 3104 rel'ellerem.
2571 3048 2680 3119 72
2711 3047 2820 3104 Sed
2847 3048 3111 3120 quoniam
3167 3048 3332 3113 bene,
3361 3047 3510 3118 juste

1934 3157 1998 3196 ac
2023 3156 2122 3212 pro
2149 3140 2383 3198 scientia
2406 3138 2758 3212 imperatoria
2786 3139 2996 3209 prolata
3024 3147 3154 3192 sunt
3180 3137 3390 3204 omnia,
3417 3153 3512 3192 su-

1934 3240 2121 3305 perest
2152 3232 2260 3288 hoc
2304 3247 2502 3295 unum,
2536 3241 2597 3285 ut
2625 3245 2747 3300 quae
2782 3229 3063 3286 mentibus
3091 3229 3316 3299 probata
3353 3238 3506 3296 sunt,

1933 3343 2102 3399 opere
2152 3324 2800 3397 ipsomdministrentur.
2860 3322 3114 3378 Posthaac
3152 3321 3404 3377 nonnulli
3439 3322 3508 3378 de

1932 3416 2259 3488 proceribus
2307 3431 2377 3472 ex
2430 3415 2700 3481 exercitu,
2755 3413 2823 3469 ad
2878 3413 2984 3469 hoc
3016 3414 3197 3485 ipsum
3243 3414 3403 3485 prius
3435 3413 3505 3470 ab

1934 3509 2268 3580 imperatore
2331 3515 2388 3562 et
2437 3520 2637 3577 magno
2689 3503 2995 3560 domestico
3051 3505 3341 3560 subornati
3413 3504 3507 3559 in-

1933 3599 2263 3670 structique,
2302 3611 2364 3654 ut
2390 3613 2620 3654 assensu
2657 3597 2941 3652 llrmarent
2975 3597 3186 3662 audita,
3214 3597 3507 3654 consilium

1935 3694 2121 3750 verbis
2149 3690 2486 3756 extulerunt,
2517 3703 2818 3761 pacemque
2853 3698 2914 3745 ut
2945 3689 3248 3743 multarum
3267 3703 3514 3744 commo-

1935 3787 2167 3844 ditatum
2199 3782 2654 3848 conciliatricem,
2675 3781 3084 3852 suscipiendam
3110 3781 3507 3860 praedicarunt.

1936 3881 2058 3937 Mox
2106 3878 2428 3950 Syrgianne'
2460 3884 2518 3932 et
2574 3883 2978 3946 protostratore
3029 3875 3341 3929 sententias.
3384 3887 3515 3928 suas

1935 3973 2130 4030 eodem
2163 3971 2612 4044 aggregantibus,
2646 3977 2760 4024 tota
2799 3969 3016 4039 agmina
3051 3978 3247 4023 secuta
3272 3976 3423 4034 sunt,
3455 3977 3517 4020 et

1935 4083 2041 4140 pax
2062 4063 2417 4148 constabilita
2456 4071 2561 4118 est.
2601 4061 2720 4117 Etsi
2751 4063 2902 4116 enim
2950 4077 3060 4116 non
3094 4061 3375 4125 deessent,
3412 4059 3509 4130 qui

1934 4162 2000 4218 ad
2029 4156 2259 4213 exitium
2286 4152 2893 4224 seniorisimperatoris
2921 4153 3163 4208 militare
3187 4151 3509 4223 elegissent,

1937 4260 2121 4309 tamen
2150 4263 2274 4305 cum
2307 4245 2666 4303 multitudine
2701 4245 2854 4302 velut
2895 4246 3103 4318 impetu
3137 4245 3376 4317 quodam
3405 4243 3509 4298 nu-

1937 4342 2106 4400 minis
2127 4341 2571 4413 abripiebantur.

271 4425 378 4476 τῶν
413 4427 471 4478 ἐν
495 4428 636 4522 τέλει
661 4431 803 4494 τινὲς
837 4443 931 4486 καὶ
952 4434 1065 4503 ’τῆς
1097 4437 1366 4506 στρατιᾶς
1401 4437 1657 4506 ἐπ’,αὑτὸ
1677 4438 1838 4494 τοῦτο
1876 4440 2142 4513 πρότερον
2177 4438 2283 4492 ὑπό
2329 4453 2389 4490 τε
2451 4435 2717 4508 βασιλέως
2799 4435 2893 4490 καὶ¹
2938 4437 3032 4490 τοῦ
3065 4435 3310 4522 μεγάλου
3340 4451 3513 4506 παρε-

273 4521 630 4591 σκευασμένοι
662 4523 980 4594 δομεστίκου
1039 4526 1183 4582 ὥστε
1221 4533 1504 4586 συνειπεῖν
1537 4534 1649 4596 τοῖς
1687 4533 2091 4605 είρησομένοις,
2153 4531 2254 4604 τὴν
2295 4529 2494 4602 βουλήν
2556 4547 2618 4584 τε
2673 4531 2968 4604 ἐπῄνεσαν,
3000 4521 3097 4583 καὶ
3161 4527 3258 4598 τὴν
3289 4528 3514 4600 εἰρήνην

270 4613 343 4673 ὼς
392 4617 570 4666 αἰτίαν
609 4616 875 4689 ἐσομένην
922 4621 1137 4675 πολλῶν
1185 4623 1410 4692 ἀγαθῶν
1469 4621 1684 4696 ἔφασαν
1759 4627 1874 4681 δεῖν
1911 4626 2210 4698 αἱρεῖσθαι.
2267 4626 2380 4681 Καὶ
2433 4623 2772 4696 Συργιάννου
2829 4624 2876 4680 δ’
2950 4625 3112 4688 εὐθὺς
3151 4623 3248 4678 καὶ
3303 4639 3517 4693 πρωτο-

274 4706 566 4778 στρὰτορος
619 4713 732 4774 τοῖς
781 4711 1098 4780 λεγομένοις
1121 4716 1520 4790 προσθεμένων
1549 4759 1564 4786 ,
1605 4719 1702 4774 καὶ
1749 4721 1817 4774 τὸ
1855 4721 2064 4792 πλῆθος
2101 4721 2247 4776 ἅπαν
2309 4719 2744 4791 ἐπηκολούθησε,
2805 4717 2900 4772 καὶ
2941 4703 3252 4790 ἐκεκύρωτο
3287 4719 3321 4786 ἡ
3361 4716 3514 4788 εἰρή-

271 4818 360 4868 νη.
397 4800 457 4853 Et
504 4802 611 4873 γὰρ
679 4805 772 4858 καί
805 4823 953 4870 τινες
1007 4803 1155 4878 ἦσαν
1194 4809 1336 4882 ὑπὲρ
1401 4812 1498 4866 τοῦ
1569 4814 1661 4868 τὸν
1701 4815 2080 4886 πρεσϐύτερον
2113 4813 2340 4887 βασιλέα
2373 4813 2744 4884 διαφθαρῆναι
2797 4811 2896 4866 τὸν
2939 4811 3178 4882 πόλεμον
3248 4809 3514 4883 αἱρούμε-

274 4910 377 4956 νοι,
412 4895 526 4948 ἀλλ’
555 4895 744 4968 ὥσπερ
793 4898 899 4954 ὑπὸ
960 4901 1235 4972 ῥεύματος
1283 4905 1379 4958 καὶ
1408 4905 1565 4960 αὐτοὶ
1595 4907 2033 4981 συναπήχθησαν
2076 4907 2172 4963 τοῦ
2231 4907 2506 4979 πλήθους.

1531 5021 1748 5082 Jacobi
1781 5022 2046 5083 Pontani
2085 5029 2280 5084 noles.
2384 5075 2402 5084 -

344 5113 766 5196 (Gilfortasse,
797 5117 933 5196 ὅλως
959 5119 1359 5196 ἀῄιρρονούντων,
1390 5124 1474 5178 vel
1505 5124 1690 5194 potius
1711 5132 1829 5179 ante

1947 5126 2146 5196 μέτρια
2175 5126 2417 5196 φρονεῖν.
2447 5123 2543 5180 Est
2590 5124 2731 5180 item
2862 5121 2987 5196 illos
3012 5121 3112 5196 qui
3138 5121 3398 5196 secundis
3425 5138 3515 5177 re-

275 5184 660 5268 ﬁpotuithesse
697 5187 890 5267 vocula
929 5184 1164 5268 μᾶλλον..
1232 5261 1244 5268 _
1345 5184 1356 5190 ⁷
1507 5184 1522 5194 ’
1598 5212 1602 5215 ·

1946 5184 2066 5251 ὺιιέ
2102 5184 2492 5268 prosperisque
2530 5193 2911 5268 successibus
2944 5184 3207 5247 inﬂantur
3268 5201 3325 5248 et
3367 5193 3515 5268 intu-

344 5255 458 5338 t63)
493 5254 882 5338 Pulcherrima
919 5254 1361 5338 (lt-gravissima,
1394 5281 1634 5338 vereque
1666 5268 1839 5336 impe-
1944 5254 2199 5338 meacunt
2221 5254 2252 5329 ,’
2280 5254 2433 5338 aliud
2475 5265 2766 5338 adagium,
2795 5263 3048 5338 umbram
3098 5277 3254 5338 suam
3302 5263 3510 5338 metiri.

277 5328 476 5407 φοι-ιιι
507 5328 723 5407 γνώμη,
760 5328 950 5407 quales
992 5330 1046 5384 in
1094 5333 1194 5407 hac
1224 5333 1452 5390 historia
1503 5328 1836 5407 complures.
1944 5336 2079 5390 Nam
2131 5351 2257 5407 cum
2296 5328 2847 5407 Philippus'Macedo
2891 5333 3059 5407 victis
3106 5333 3248 5401 apud
3293 5331 3517 5407 Chaero-

282 5393 471 5478 Jleljor
503 5403 604 5478 est”
623 5393 711 5457 qui
740 5393 1044 5478 dominatur
1088 5403 1266 5478 animo
1309 5420 1424 5468 suo,
1475 5393 1839 5478 expudnatore

275 5465 715 5539 μεωειλ-ωηο.
747 5470 879 5537 xw.)
912 5467 1075 5523 Poeta
1103 5473 1325 5539 quidam
1358 5493 1372 5528 :

377 5533 594 5612 Fortior
619 5546 690 5590 est
716 5539 804 5612 qui
833 5533 907 5600 se,
942 5555 1100 5608 quam
1121 5533 1223 5609 'qui
1255 5543 1545 5612 fortissima
1576 5548 1759 5601 vincit.

278 5601 478 5658 Seneca
543 5601 796 5661 Natural.
859 5601 1046 5677 quasi.
1101 5601 1197 5664 lii).
1255 5601 1324 5668 ἰιι
1360 5636 1372 5669 :
1414 5616 1834 5673 Innumerabiles

273 5683 428 5752 sunt,
453 5679 542 5759 qui
566 5680 743 5758 urbes,
797 5682 886 5748 qui
925 5680 1141 5749 papulas
1191 5685 1419 5742 habuere
1461 5687 1515 5741 in
1556 5698 1834 5758 potestate,

275 5759 575 5809 ραιιείεδιιηι
598 5764 687 5816 qm
714 5764 786 5800 σε.

351 5819 457 5886 (64)
508 5819 600 5871 Sic
657 5819 865 5888 reddo,
916 5820 1058 5890 quod
1094 5819 1274 5880 Grzcce
1301 5834 1426 5891 est,
1478 5827 1548 5885 ah
1605 5827 1743 5914 ὑπὲρ
1771 5829 1838 5883 τὰ

1944 5421 2105 5477 neam
2149 5403 2596 5477 Atheniensibus
2629 5403 3204 5477 arrogantiusﬁeuse
3255 5403 3510 5477 sentiret,

1945 5476 2270 5545 litterasque
2299 5479 2366 5531 ad
2395 5472 2789 5545 Archidamum
2815 5472 3050 5544 Agesilai
3073 5473 3249 5545 lilium
3261 5472 3512 5545 superbe

1942 5555 1998 5600 et
2054 5538 2249 5626 aspere
2306 5547 2538 5626 scriptas
2577 5538 3196 5626 .dedis‘setfreSpond-‘it
3239 5538 3403 5626 ille}.
3448 5541 3514 5626 βξ

1949 5611 2246 5686 μετρήσεις
2272 5617 2373 5685 τὴν
2404 5611 2603 5670 σαυτοῦ
2640 5615 2799 5668 σκιὰν
2819 5611 2851 5686 ,ς
2881 5616 2982 5668 οὐκ
3003 5611 3077 5669 ἂν
3117 5613 3302 5686 εὕροις
3343 5611 3515 5686 αὐτὴν

1949 5681 2176 5755 μείζονα
2225 5681 2603 5760 γεγενημένην
2628 5725 2644 5750 ,
2696 5685 2892 5760 ῆ-πρὶν
2927 5686 3107 5760 νικᾷν.
3162 5681 3224 5737 Si
3255 5681 3516 5760 _umbram

1949 5750 2100 5830 tuam
2125 5750 2358 5813 metiaris
2382 5798 2396 5820 ,
2414 5750 2534 5830 ’ίιοη
2557 5750 2963 5830 ’νερενῖεδξεαηι
2979 5750 3059 5807 υέι
3090 5750 3297 5808 tantula
3348 5750 3519 5818 major

1951 5825 2060 5882 rem
2089 5843 2218 5893 esse,
2255 5844 2416 5885 quam
2453 5829 2608 5880 fuerit
2633 5825 2761 5881 ante
2781 5825 3073 5878 victoriam.
