3962 6452
519 317 618 382 I83

1709 328 1840 388 JOA
1855 331 2032 391 \‘NIS
2070 333 2591 398 CANTACUZENI

3637 343 3723 408 181

1903 464 2126 523 CAPUT
2174 467 2362 524 XXIII.

489 571 839 659 ~Responsu'm
870 577 1075 642 nepotis
1103 578 1174 659 ad
1205 594 1360 659 avum
1383 577 1595 659 plenum
1613 571 1779 659 ofﬁcii.
1803 580 2016 659 Partem
2047 585 2255 659 imperii
2282 585 2346 638 ab
2368 602 2426 639 eo
2453 588 2597 659 petit.
2619 597 2667 639 et
2673 589 3065 658 juramenmm.
3086 587 3436 659 {uratseneL
3464 593 3725 648 anathema

583 647 853 727 rescindit,
907 662 1095 727 nomen
1135 649 1472 727 imperatoris
1519 649 1566 700 ei
1614 651 1890 727 restituit_._
1915 652 2029 727 ejus
2071 647 2318 727 virtutem
2364 647 2643 724 magniﬁce
2673 647 3041 711 'commendat.
3092 656 3241 721 Quod
3279 647 3639 726 Apocauchum
3667 664 3726 715 ad

540 717 944 796 ‘jlz‘uamentz‘tm
990 717 1302 796 exigendum
1351 722 1418 796 ad
1464 734 1518 770 se
1558 719 1780 781 miserit,
1836 721 1890 796 id
1935 717 2038 796 fert
2079 726 2290 796 a'grius,
2333 736 2380 778 at
2414 717 2687 780 norninant
2721 727 2875 780 illum
2923 717 3205 796 vituperat.
3262 717 3494 782 Eicusat
3546 732 3725 795 factum

587 782 988 868 l’ala’ologina;
1044 782 1259 838 eicusat
1306 787 1465 840 etiam
1519 803 1698 856 nepos,
1750 805 1804 842 se
1839 782 2098 846 hominem
2125 782 2303 848 "illum
2338 796 2614 850 obscurum
2668 814 2772 851 non
2813 813 2908 865 pro
2955 782 3152 868 legato,
3201 799 3293 851 sed
3325 815 3419 868 pro
3465 782 3726 853 tabellario

579 854 781 906 misisse
807 855 1094 923 afﬁrmans.

579 966 677 1020 His
707 968 780 1021 ita
809 969 1001 1036 gestis,
1043 969 1430 1024 consobrinam
1460 987 1614 1026 suam
1646 972 1919 1043 legatione
1951 987 2073 1043 per-

2250 977 2469 1033 Τούτων
2519 979 2661 1058 οὔειο
2715 983 3122 1054 γεγενημένων.
3173 985 3272 1055 τὴν
3315 984 3450 1054 πρὸς
3478 984 3572 1054 τὴν
3600 1001 3725 1055 πρε-

510 1061 751 1115 functam
782 1061 1295 1128 Constantinopolin
1320 1062 1552 1116 dimisit.
1584 1067 1714 1128 Quae
1746 1071 1928 1118 autem
1972 1079 2074 1118 avo

509 1150 874 1204 renuntianda
895 1150 1066 1212 dedit,
1101 1150 1217 1206 Inec
1249 1151 1475 1206 fuerunt
1509 1150 1865 1221 :Oportebat,
1903 1155 2080 1223 impe-

507 1249 658 1293 rator
685 1241 911 1309 optimc,
955 1240 1087 1294 nihil
1119 1256 1343 1310 prorsus
1401 1256 1593 1295 eorum
1652 1241 1896 1311 incipere
1954 1257 2076 1312 quae

504 1331 720 1400 incepta
751 1337 900 1384 sunt.
949 1331 1062 1400 Ego
1093 1331 1387 1401 siquidem,
1429 1333 1575 1402 quod
1606 1348 1749 1402 saepe
1784 1333 1894 1404 jam
1919 1333 2072 1400 dixi,

510 1429 708 1476 testem
745 1421 887 1477 facio
926 1423 1080 1476 illum
1129 1424 1351 1476 oculum
1393 1423 1700 1477 intuentem
1734 1424 1938 1489 omnia,
1987 1438 2074 1479 me

505 1515 713 1569 nullius
746 1515 997 1580 sceleris,
1053 1517 1150 1571 sed
1203 1517 1406 1570 levium
1457 1515 1722 1572 duntaxat
1753 1517 2078 1587 puerilium-

502 1623 612 1676 que
661 1607 992 1662 delictorum
1033 1608 1168 1661 milli
1225 1623 1347 1663 esse
1398 1608 1704 1664 conscium.
1757 1607 1895 1675 Quia
1944 1625 2074 1665 vero

503 1707 732 1767 propter
763 1699 1181 1754 innumerabilia
1223 1709 1443 1770 peccata
1473 1716 1593 1755 mea
1629 1703 1772 1755 Deus
1803 1702 1909 1755 hoc
1939 1716 2070 1772 per-

506 1787 680 1853 misit,
714 1805 935 1844 rursum
970 1792 1022 1845 ei
1050 1790 1218 1844 etiam
1270 1803 1434 1861 atque
1489 1792 1666 1862 etiam
1703 1793 1903 1862 gratias
1948 1809 2072 1865 ago.

504 1882 650 1949 quod
690 1896 800 1935 non
836 1891 964 1936 ante
988 1883 1156 1936 vitam
1189 1882 1363 1950 ﬁnivi,
1394 1899 1555 1954 quam
1575 1894 1791 1954 tempus
1815 1887 2074 1940 idoneum

505 1971 882 2034 nanciscerer,
919 1987 1028 2042 quo
1064 1980 1120 2027 et
1152 1972 1446 2027 candorem
1478 1972 1645 2027 animi
1676 1972 1805 2038 mei,
1850 1981 1907 2028 et
1952 1975 2077 2029 obe-

505 2061 689 2116 diendi
722 2062 962 2116 studium
995 2078 1058 2117 ac
1094 2063 1492 2132 subjectionem
1536 2079 1711 2120 meam
1769 2064 1866 2120 tibi
1899 2065 2077 2120 decla—

506 2168 628 2206 rare
663 2168 903 2222 possem.
939 2154 1019 2208 Tu
1071 2153 1237 2226 igitur
1265 2156 1441 2226 legata
1478 2154 1544 2210 ad
1579 2170 1666 2210 me
1695 2157 1926 2212 amitina
1982 2167 2076 2211 tua

502 2245 804 2314 eademque
845 2258 1076 2316 cognata
1111 2262 1231 2301 mea
1273 2247 1416 2317 (65),
1451 2248 1863 2319 petivisti,quae
1904 2250 2072 2303 nosti.

505 2336 670 2405 Atqui
710 2311 812 2406 ego
859 2352 889 2390 a
916 2311 1144 2406 vmagno
1194 2311 1529 2407 imperatore
1592 2311 1713 2394 Deo
1754 2311 2078 2409 suppliciter
2105 2311 2151 2370 Β

504 2431 800 2492 contendo,
828 2438 890 2484 ut
918 2429 973 2482 in
1013 2429 1207 2498 longos
1234 2445 1409 2484 annos
1436 2431 1603 2484 vitam
1639 2430 1932 2494 extendas,
1967 2431 2072 2484 im-

503 2529 717 2596 perium
747 2528 1054 2582 Romanum
1089 2529 1387 2596 gubernes,
1407 2536 1465 2582 et
1491 2543 1593 2597 ego
1621 2527 1795 2581 instar
1823 2526 1971 2582 servi
2019 2535 2076 2581 et

503 2619 602 2673 lilii
663 2619 931 2689 imperata
986 2627 1076 2673 tua
1135 2633 1443 2688 exsequar;
1505 2618 1838 2687 procedente
1890 2627 2074 2672 autem

507 2721 773 2782 tempore,
807 2727 928 2781 qua:
946 2711 1022 2766 illi
1053 2710 1386 2781 placuerint,
1424 2710 1491 2764 de
1524 2709 1685 2764 nobis
1715 2710 2021 2763 constituat
2057 2726 2071 2764 :

503 2791 588 2868 et,’
610 2804 657 2858 si
689 2804 842 2874 prius
877 2803 1095 2868 obeam,
1121 2812 1181 2857 ut
1212 2805 1269 2856 in
1299 2812 1350 2857 te
1386 2810 1558 2856 totum
1589 2803 1877 2856 recumbat
1906 2802 2078 2870 impe-

507 2895 671 2958 rium,
719 2908 849 2962 quo,
877 2909 1001 2963 quae
1028 2893 1175 2947 factu
1220 2893 1374 2946 utilia
1400 2893 1704 2957 censueris,
1736 2909 1799 2947 ea
1827 2903 2071 2962 praestes.

439 3011 446 3017 -
505 2986 600 3041 Sin
634 2995 690 3041 tu
727 2985 794 3041 ad
823 2987 1140 3041 mansiones
1187 2986 1308 3040 illas
1344 2985 1712 3058 sempiternas
1737 2984 1909 3040 lueris
1943 3001 2074 3040 evo-

503 3089 680 3146 catus,
717 3090 777 3134 ut
804 3079 937 3133 mihi
963 3079 1147 3134 denuo
1195 3077 1541 3148 principatus
1573 3075 1853 3132 Romanus
1897 3077 2072 3132 relin-

502 3182 723 3242 quatur.
754 3173 862 3243 73
893 3171 1001 3227 Sed
1030 3171 1136 3227 ista
1165 3170 1417 3240 quidem,
1450 3179 1512 3225 ut
1545 3170 1660 3224 Deo
1685 3169 1944 3239 placitum
1967 3169 2075 3225 erit

503 3267 643 3338 (66),
675 3266 747 3318 ita
787 3279 847 3320 se
873 3264 1132 3318 habeant.
1163 3263 1322 3318 Nunc
1355 3264 1680 3318 necessitate
1740 3263 2076 3317 reverentia-

502 3371 617 3428 que
672 3354 1096 3418 dissidentibus,
1147 3353 1449 3408 necessitas
1494 3353 1648 3417 vicit,
1701 3361 1760 3406 et
1812 3352 2074 3407 indecore

502 3450 869 3520 imperiteque
895 3447 1080 3502 dicere
1139 3448 1433 3515 facereque
1450 3446 1735 3516 compulit.
1753 3445 1890 3502 Cum
1920 3460 2074 3499 nam-

499 3557 608 3613 que
633 3551 689 3596 et
720 3541 992 3610 nosipsos,
1023 3550 1081 3595 et
1103 3539 1382 3605 civitates,
1411 3547 1468 3595 et
1500 3541 1786 3610 pecunias,
1822 3549 1878 3594 ct
1906 3539 2069 3594 simul

2187 1071 2373 1125 σῦείαν
2412 1072 2834 1145 ἀπεσταλμένην
2873 1075 3025 1129 θείαν
3064 1075 3228 1128 αὐτοῦ
3273 1077 3410 1146 πρὸς
3442 1075 3722 1142 Βυζάντιον

2179 1163 2462 1234 ἐξέπεμψε
2536 1165 2792 1236 βασιλεὺς
2823 1206 2837 1230 ,
2901 1166 3150 1236 μηνύσας
3221 1164 3300 1236 τῷ
3362 1166 3572 1235 βασιλεῖ
3638 1166 3726 1218 καὶ

2181 1255 2393 1326 πάππῳ
2445 1256 2706 1309 τοιαῦτα·
2759 1257 2910 1311 Ἔδει
2961 1259 3083 1328 μὶν,
3119 1252 3164 1311 ὦ
3203 1257 3461 1326 κράτιστε
3495 1255 3723 1325 βασιλεῦ,

2183 1345 2350 1414 μηδὲν
2379 1345 2488 1398 τῶν
2515 1348 2904 1416 γεγενημένων
2929 1347 3065 1416 μηδὲ
3094 1347 3195 1418 τὴν
3228 1348 3403 1417 ἀρχὴν
3430 1346 3724 1413 κινηθῆναι.

2193 1433 2337 1502 Ἐγὼ
2367 1434 2499 1505 γάρ,
2524 1435 2660 1505 ὅπερ
2683 1436 2945 1499 πολλάκις
2969 1431 3144 1498 εῐπον,
3174 1435 3265 1488 τὸν
3287 1434 3443 1490 πάντ’
3465 1432 3728 1500 ἐφορῶντα

2183 1525 2541 1598 μαρτύρομαι
2571 1526 2870 1596 ὀφθαλμὸν,
2922 1527 2999 1590 ὡς
3044 1528 3194 1581 οὐδὲν
3248 1525 3473 1596 ἐμαυτῷ
3504 1523 3725 1584 σύνοιδα,

2181 1618 2328 1688 πλὴν
2366 1620 2416 1671 εἰ
2466 1620 2543 1690 μὴ
2615 1619 2788 1692 μικρά
2834 1637 2958 1675 τινα
3013 1621 3110 1674 καὶ
3173 1620 3411 1682 παιδίοις
3461 1617 3725 1687 πρέποντα

2180 1712 2547 1782 ἡμαρτηκότι.
2595 1713 2752 1766 Ἐπεὶ
2798 1713 2843 1767 δ’
2905 1713 3050 1766 οὕτω
3096 1711 3482 1783 συνεχώρησεν
3522 1711 3550 1762 ὁ
3606 1707 3727 1767 Θεὸς

2180 1803 2330 1872 ἐμῶν
2359 1803 2525 1858 ἕνεκα
2566 1805 2784 1866 πάντως
2831 1804 3078 1873 ἀπείρων
3108 1801 3546 1872 ἁμαρτημάτων,
3576 1795 3727 1848 πάλιν

2179 1893 2328 1966 αὐτῷ
2378 1898 2610 1967 χάριτας
2661 1897 2912 1965 ὁμολογῶ
2961 1894 3183 1959 πολλάς,
3236 1894 3320 1947 ὅτι
3379 1891 3452 1961 μὴ
3483 1887 3730 1958 πρότερον

2179 1989 2454 2041 κατέλυσα
2479 1987 2576 2056 τὴν
2611 1988 2778 2056 ζωὴν,
2808 1986 2939 2057 πρὶν
2973 1984 3284 2054 ἐπιτηδείου
3323 1981 3517 2050 καιροῦ
3557 1979 3725 2047 τυχεῖν

2177 2078 2376 2145 οὕτως,
2408 2079 2549 2130 ὥστε
2587 2077 2880 2147 δυνηθῆναι
2921 2077 3016 2130 καὶ
3054 2076 3115 2129 τὸ
3156 2075 3344 2130 ἄδολον
3397 2073 3493 2143 τῆς
3519 2070 3729 2138 γνώμης

2180 2172 2276 2226 καὶ
2306 2173 2403 2242 τὴν
2450 2184 2530 2236 εις
2585 2171 2645 2224 σε
2682 2170 2993 2225 εὐπείθειαν
3032 2168 3132 2222 καὶ
3183 2167 3479 2238 δουλότητα
3505 2160 3728 2232 φανερὰν

2181 2264 2549 2333 καταστῆσαι.
2595 2265 2666 2317 Σὺ
2701 2263 2800 2333 μὲν
2855 2259 2970 2326 οὖν,
3001 2256 3046 2316 ὦ
3077 2261 3328 2332 βασιλεῦ,
3372 2261 3471 2329 τῆς
3513 2255 3608 2324 σῆς
3640 2250 3729 2322 μὲν

2179 2357 2427 2426 ἀνεψιᾶς,
2461 2356 2601 2426 ἐμῆς
2640 2357 2696 2409 δὲ
2734 2356 2904 2419 θείας,
2943 2352 3484 2424 διαπρεσὸευομὲνης
3538 2345 3730 2416 ᾔτησας

2177 2451 2278 2503 ὅσα
2306 2445 2476 2512 οἶδας.
2519 2447 2663 2515 Ἐγὼ
2702 2447 2748 2500 δ’
2773 2447 2832 2499 ὲν
2875 2445 3086 2509 ικεσίας
3133 2445 3294 2514 μέρει
3326 2441 3478 2514 παρά
3519 2437 3608 2491 τοῦ
3635 2451 3725 2504 με-

2179 2544 2348 2612 γάλου
2381 2541 2645 2613 βασιλέως
2676 2540 2813 2595 αἰτῶ
2857 2540 2952 2593 καὶ⁹
2983 2539 3140 2603 Θεοῦ,
3183 2538 3243 2590 σὲ
3279 2539 3380 2606 μὲν
3411 2536 3504 2588 ἐπὶ
3531 2526 3730 2587 πολλοῖς
3755 2611 3760 2616 ἢ

2178 2635 2354 2688 ἐτεσιν
2398 2635 2458 2688 ὲν
2499 2631 2666 2697 ζῶσιν
2717 2631 2880 2694 εἶναι,
2939 2631 3032 2684 καὶ
3080 2630 3179 2700 τὴν
3241 2628 3532 2694 Ῥωμαίων
3571 2619 3729 2692 ἀρχὴν

2181 2725 2414 2780 ἰθύνεινο
2447 2724 2550 2795 ἐμὲ
2576 2725 2651 2789 ᾗδὲ
2682 2718 2771 2777 οἷα
2813 2721 2998 2776 δοῦλον
3029 2720 3120 2774 σὺν
3167 2720 3263 2772 καὶ
3291 2719 3407 2772 υἱὸν
3442 2711 3473 2786 ᾖ
3504 2711 3728 2770 κελεύεις

2176 2819 2340 2882 αὐτὸς
2387 2817 2448 2871 τὸ
2487 2815 2960 2888 προσταττόμενον
3020 2812 3364 2884 ἐκπληροῦν,
3396 2809 3489 2865 τοῦ
3538 2805 3717 2878 χρόνον

2173 2909 2240 2979 δὴ
2270 2911 2573 2979 προϊόντος,
2606 2907 2643 2962 ἀ
2681 2908 2832 2976 φίλον
2879 2909 2998 2962 ἐστὶ
3046 2905 3165 2975 Θεῷ
3220 2904 3432 2959 τοιαῦτ’
3457 2902 3728 2964 οἰκονομη-

2177 3003 2338 3071 Θῆναι
2376 3000 2506 3072 περὶ
2553 3001 2720 3070 ἡμᾶς.
2771 2999 2833 3052 Ei
2863 2999 2964 3070 μὲν
2997 2998 3090 3052 οῦν
3121 2999 3393 3069 πρότερος
3424 2993 3580 3052 αὐτὸς
3607 2991 3730 3042 ἀπο·

2177 3093 2288 3148 στῶ
2333 3093 2427 3146 τοῦ
2468 3094 2589 3162 ζῇν,
2649 3092 2742 3144 ἐπὶ
2777 3091 2860 3144 σοὶ
2903 3091 3002 3160 τὴν
3048 3090 3224 3161 ἀρχὴν
3277 3087 3494 3142 κεῖσθαι
3541 3082 3728 3135 πᾶσαν.

2173 3183 2304 3236 ὥσθ’
2357 3184 2393 3236 ἆ
2445 3200 2526 3235 σοι
2574 3183 2720 3236 δοκει
2767 3183 3096 3250 συμφέρειν,
3147 3181 3349 3234 ποιεῖν.
3382 3177 3444 3231 Εἰ
3471 3173 3512 3226 δ’
3544 3171 3646 3243 ἀρα
3673 3164 3730 3218 σύ

2175 3292 2241 3344 γε
2295 3274 2430 3345 πρὸς
2487 3274 2587 3336 τὰς
2631 3271 2883 3335 αίωνίους
2936 3271 3333 3342 μετακληθήσῃ
3388 3265 3574 3338 μονὰς,
3622 3254 3733 3327 ἐμοὶ

2175 3367 2340 3422 πάλιν
2397 3367 2497 3437 τὴν
2565 3365 2870 3436 ἡγεμονίαν
2933 3363 3226 3432 Ῥωμαίων
3295 3352 3728 3424 καταλειφθῆναι.

2173 3461 2360 3516 Ταῦτα
2399 3460 2499 3527 μὲν
2547 3459 2646 3538 οὖν
2681 3461 2804 3513 ὅποι
2846 3457 2922 3528 τῷ
2951 3456 3074 3526 Θεῷ
3127 3455 3309 3526 φίλον,
3353 3449 3585 3517 ἀγέσθω.
3611 3439 3736 3538 Nov}

2172 3551 2230 3604 δὲ
2262 3552 2508 3620 ἀνάγκης
2557 3527 2760 3604 ἰε’καὶ
2804 3527 2986 3610 αἰδοῦς
3031 3544 3426 3616 μεριζομένης,
3468 3527 3732 3606 ἴσχυσενῆ

500 3633 685 3687 omnia
719 3632 776 3686 in
810 3647 1006 3686 manus
1035 3641 1158 3686 tuas
1193 3631 1409 3686 tradere
1436 3631 1735 3696 decuisset,
1758 3631 1977 3686 duabus
1999 3630 2068 3685 de

2178 3643 2414 3711 ἀνάγκη,
2467 3643 2562 3694 καί
2613 3658 2666 3694 τι
2712 3639 2820 3692 τῶν
2885 3639 2960 3710 μὴ
3003 3635 3397 3707 προσηκόντων
3452 3629 3546 3684 καὶ¹
3592 3627 3738 3678 ἀπαι-

500 3730 681 3786 causis
711 3743 873 3784 secus
896 3743 1058 3798 agere
1089 3728 1264 3782 coacti
1294 3741 1505 3783 sumus.
1538 3727 1678 3793 Una,
1712 3727 1859 3796 quod
1893 3741 2067 3780 meam

503 3821 606 3875 tibi
653 3817 998 3890 gratiﬁcandi
1051 3818 1394 3872 voluntatem
1449 3817 1586 3888 (67),
1635 3816 2069 3880 observantiam,

503 3911 774 3981 pudorem
817 3924 945 3979 erga
982 3915 1035 3962 te
1072 3909 1220 3964 Deus
1256 3907 1429 3973 novit,
1463 3907 1554 3962 cui
1602 3907 1818 3962 occulta
1858 3915 2068 3976 patent,

499 4017 556 4062 et
583 4005 701 4076 ipse
731 4003 948 4074 quoties
974 4002 1192 4057 oceasio
1211 4001 1360 4066 tulit,
1393 3999 1747 4055 evidentibus
1778 4015 2069 4071 argumen-

505 4097 575 4151 tis
607 4097 728 4150 btec
762 4087 1023 4149 ostendi.'
1051 4094 1308 4148 Conﬁsus
1358 4094 1545 4161 itaque
1593 4107 1736 4156 sum,
1775 4099 1828 4147 te
1865 4092 1981 4162 pari
2013 4093 2068 4146 in

501 4202 588 4242 me
616 4186 800 4241 animo
829 4185 965 4250 fore,
996 4195 1390 4256 paternamque
1409 4186 1836 4255 propensionem
1867 4194 1924 4240 et
1973 4199 2072 4239 na-

503 4277 734 4331 turalem
773 4277 918 4330 illam
976 4276 1302 4331 charitatem
1351 4291 1481 4348 erga
1515 4291 1602 4332 me
1646 4277 1921 4332 sinceram
1981 4276 2068 4330 in-

501 4377 935 4437 corruptamque
971 4375 1350 4422 servaturum.
1403 4366 1511 4421 Sed
1551 4383 1678 4422 cum
1721 4383 1903 4423 rerum
1937 4382 2071 4420 con-

501 4457 640 4512 ditio
688 4456 879 4511 isthmc
913 4465 1233 4512 constanter
1286 4456 1702 4510 demonstrandi
1755 4456 2068 4512 facultatem

506 4547 600 4602 tibi
627 4548 871 4627 nondum
899 4547 1186 4606 obtulerit.
1223 4544 1389 4599 nolim
1420 4545 1630 4600 idcirco
1663 4545 1896 4613 alicujus
1930 4545 2068 4599 αἰαὶ·
2101 4586 2115 4600 .

503 4640 702 4695 dentis:
730 4655 760 4693 a
795 4654 1072 4710 quoquam
1100 4636 1455 4708 reprehendi.
1484 4637 1691 4700 Altera,
1728 4638 1783 4690 in
1816 4652 1921 4704 qua
1949 4637 2072 4706 plus

503 4731 763 4786 momenti
826 4739 910 4785 est
952 4744 1016 4785 ac
1053 4726 1356 4799 ponderis;
1389 4736 1678 4797 postquam
1728 4727 1796 4783 de
1825 4728 2070 4784 exercitu

2177 3734 2410 3790 δούντων
2450 3735 2545 3787 καὶ
2592 3733 2773 3801 λέγειν
2803 3732 2896 3784 καὶ
2935 3731 3198 3797 πράττειν
3254 3725 3575 3794 βιαζομένη.
3621 3715 3737 3769 Δέον

2179 3826 2286 3896 γὰρ
2317 3824 2410 3878 καὶ
2440 3824 2588 3895 ἡμᾶς
2634 3823 2833 3884 αὐτοὺς
2871 3821 2968 3872 καὶ
3007 3818 3191 3881 πόλεις
3230 3818 3335 3870 καὶ
3366 3817 3618 3900 χρήματα
3654 3801 3740 3900 καὶ

2178 3913 2314 3983 ὁμοῦ
2362 3913 2540 3966 πάντα
2581 3927 2663 3963 σοι
2718 3908 3070 3978 ἐγχειρίζειν,
3131 3906 3278 3957 δυοῖν
3340 3905 3504 3956 ἕνεκα
3564 3897 3736 3983 αἱτιῷν

2180 3980 2382 4076 ἑτέρως
2416 3999 2812 4072 ἠναγκάσμεθα
2861 4001 3054 4052 ποιεῖν.
3096 3997 3189 4048 Ἐν
3233 3995 3366 4064 μὲν,
3407 3996 3488 4046 ὅτι
3521 3988 3614 4059 τὴν
3647 3980 3739 4076 μὲξι

2178 4070 2320 4164 ἐμήν
2359 4070 2532 4154 είς-τὺ
2559 4091 2627 4144 τά
2659 4070 2742 4142 σοι
2795 4087 2924 4154 φίλα
2979 4087 3241 4157 πράττειν
3285 4083 3611 4154 προαίρεσιν
3655 4070 3740 4164 καλ

2177 4161 2286 4254 τὴν
2315 4183 2446 4254 περὶ
2478 4183 2537 4234 σὲ
2568 4183 2734 4250 τιμήν
2764 4197 2823 4232 τε
2863 4180 2956 4231 καὶ
2987 4177 3138 4240 αἰδῶ,
3185 4176 3324 4240 Θεός
3355 4193 3413 4228 τε
3445 4170 3581 4226 οἶδεν
3617 4170 3646 4220 ὁ
3682 4161 3741 4213 τὰ

2179 4277 2536 4347 κεκρυμμένα
2557 4272 2731 4334 εἰδὼς,
2757 4271 2848 4323 καὶ
2874 4271 3036 4332 αὐτὸς
3065 4269 3172 4321 τῶν
3199 4268 3544 4336 πραγμάτων
3573 4270 3728 4347 ιιταριιΔ

2171 4346 2409 4436 σχόντων
2436 4365 2643 4434 ἐναργῆ
2673 4363 2771 4432 τὴν
2808 4359 3078 4423 ἀπόδειξιν
3101 4360 3474 4429 ἐποιησάμην.
3509 4346 3738 4407 Πέποιθα

2175 4459 2274 4527 μὲν
2303 4454 2418 4521 οὖν,
2453 4456 2528 4519 ὼς
2563 4455 2658 4508 καὶ
2707 4454 2868 4518 αὐτὸς
2909 4451 3195 4523 διατεθέσῃ
3253 4451 3350 4504 τὸν
3402 4451 3513 4501 ἴσον
3551 4443 3739 4513 τρόπον

2172 4549 2305 4616 περὶ
2360 4547 2481 4618 ἐμὲ,
2547 4547 2642 4600 καλ⁵
2701 4545 2800 4615 τὴν
2851 4543 3124 4616 πατρικὴν
3182 4543 3475 4612 εὐμένειαν
3512 4535 3607 4588 καὶ
3648 4531 3739 4598 τὴν

2174 4640 2409 4710 φυσικὴν
2439 4639 2677 4710 στοργὴν
2699 4638 2885 4694 ἄδολον
2912 4636 3036 4708 ἐμοὶ
3061 4635 3324 4706 τηρήσεις
3354 4633 3450 4685 καὶ
3479 4623 3737 4693 καθαράν·

2170 4731 2338 4786 Οὔπω
2383 4733 2442 4786 δὲ
2472 4732 2571 4803 τὴν
2628 4729 2908 4795 ἀπόδειξιν
2957 4728 3186 4798 βεϐαίαν
3241 4727 3351 4781 τῶν
3401 4718 3739 4796 πραγμάτων

1776 4882 1992 4944 Jacobi
2025 4883 2288 4945 Pontani
2322 4892 2508 4946 notae.

573 5047 686 5113 (65)
725 5043 1318 5113 Necessariopropter
1366 5039 1774 5113 distinctionem
1828 5041 2062 5096 diversis

2178 5042 2298 5111 pbio
2325 5040 2740 5113 Basilii,_cat'irat
2771 5039 2888 5113 μὲν-
2915 5037 3142 5113 οὖν-ὅπη
3189 5035 3435 5113 τῷ-Θεῷ
3489 5035 3642 5103 φίλον
3666 5028 3740 5113 ’ά-

501 5099 731 5171 vocilius
762 5115 851 5167 hic
891 5113 993 5165 ista
1045 5099 1156 5164 duo
1199 5099 1586 5164 transferenda
1622 5120 1791 5174 sunt,
1828 5127 2062 5181 quorum
2094 5099 2117 5102 ⁷
2167 5099 2369 5177 γέσθω,
2403 5099 2802 5181 ουὶιίὺοιίὺοηὸ
2830 5099 3371 5181 Christianosae'pius
3403 5099 3738 5181 usurpanda-

503 5181 1008 5253 utrumque‘latius
1047 5181 1412 5253 significatum
1466 5180 1669 5253 habere
1723 5180 1888 5251 supra
1945 5197 2062 5236 mo-

503 5251 746 5309 nuimus.
789 5251 926 5306 Vere
962 5259 1142 5303 autem
1195 5251 1453 5320 Eugeniai
1495 5251 1794 5306 Andronici
1840 5253 2063 5320 majoris

502 5326 727 5378 amitina
759 5323 879 5383 fuit,
917 5319 961 5373 si
996 5320 1205 5373 amitini
1256 5331 1384 5372 sunt
1433 5319 1663 5374 fratrum
1700 5333 1756 5375 et
1809 5319 2062 5376 sororum

502 5395 687 5448 liberi.
721 5391 950 5461 Michael
985 5392 1131 5443 enim
1182 5390 1516 5460 Palmologus
1555 5391 1852 5445 Andronici
1887 5401 2063 5461 pater,

504 5464 648 5517 idem
681 5461 874 5514 matris
911 5460 1165 5527 Eugenize
1203 5461 1372 5514 frater
1397 5501 1410 5524 ,
1461 5476 1623 5530 quam
1647 5498 1663 5524 ,
1708 5460 2068 5530 respicientes

501 5531 876 5585 Andronicum
907 5530 1185 5600 juniorem
1211 5573 1225 5596 ,
1263 5531 1496 5584 senioris
1540 5541 1817 5600 nepotem,
1865 5547 2067 5585 conso-

506 5602 718 5654 brinam
756 5615 1012 5672 vocemus
1041 5599 1187 5667 licet,
1219 5600 1367 5654 aliud
1409 5601 1556 5656 enim
1587 5599 1761 5672 magis
1784 5603 2095 5672 proprium-

504 5687 611 5723 non
643 5670 973 5739 suppeditat.

581 5742 691 5805 (tibi
739 5741 905 5795 Verba
940 5749 1069 5794 sunt
1113 5739 1357 5812 Gregorii
1407 5742 1739 5799 Nazianzcni
1793 5741 1844 5796 in
1888 5745 2065 5811 epita-

2173 5174 2240 5236 Ut
2266 5193 2323 5236 et
2352 5183 2466 5243 illa,
2503 5183 2598 5233 ἐὰν
2633 5180 2765 5243 Θεὸς
2787 5181 2937 5248 θέλῃ,
2972 5178 3108 5231 Θεοῦ
3150 5174 3418 5242 θέλοντος,
3475 5175 3573 5228 σὺν
3603 5174 3737 5237 Θεῷ,

2171 5261 2227 5306 et
2255 5252 2475 5306 similia.

2246 5321 2360 5391 (67)
2392 5321 2504 5373 Cur
2530 5335 2690 5375 secus
2711 5336 2872 5391 agere
2892 5335 3056 5389 quam
3087 5319 3364 5391 decuisset
3406 5324 3462 5372 et
3485 5311 3744 5391 volgtisset

2173 5382 2494 5460 compulsus
2519 5392 2611 5452 sit,
2645 5382 2881 5460 primam
2911 5382 3135 5444 causam
3162 5405 3286 5443 esse
3312 5388 3418 5460 ait,
3446 5382 3588 5454 quod
3615 5391 3741 5460 avus

2174 5447 2319 5530 erga.
2334 5477 2392 5515 se
2426 5447 2684 5514 allectum
2717 5469 3004 5530 paternum
3037 5461 3274 5514 exuerit.
3313 5457 3420 5510 Sed
3449 5447 3560 5508 rem
3588 5447 3739 5530 valde

2177 5518 2410 5584 civiliter
2463 5540 2520 5583 et
2559 5518 2842 5598 eleganter
2884 5531 3161 5598 prOponit.
3242 5544 3312 5582 ne
3366 5540 3528 5580 avum
3579 5518 3738 5594 veth

2175 5601 2398 5671 duriore
2428 5600 2707 5661 oll‘endat;
2741 5612 2796 5656 et
2845 5601 2986 5671 quod
3022 5600 3184 5669 objici
3221 5600 3289 5654 de
3325 5612 3385 5651 se
3432 5598 3738 5671 poterathegt

2176 5687 2203 5724 a
2243 5670 2517 5740 principio
2567 5655 3218 5739 occurritfatlirmans,
3251 5681 3376 5724 sese
3417 5655 3595 5735 partes
3644 5655 3738 5710 ﬁlii

2176 5741 2304 5796 boni
2334 5756 2444 5795 non
2475 5740 2744 5796 omisisse.
