3962 6460
335 367 438 430 185

1492 377 2034 437 ηιδτοπιΑΒυΜ
2075 379 2305 440 LIBER
2352 352 2442 441 ι.

3471 384 3574 448 185
3655 447 3663 453 .

328 477 794 546 παρασχομένων,
845 478 1018 542 οὐδεὶς
1091 481 1159 535 ἂν
1235 485 1666 555 καταμέμψαιτο
1718 485 1925 558 δειλίᾳ,

2029 505 2118 544 meo
2149 491 2286 546 alios
2320 492 2514 547 timore
2533 493 2797 564 quodam,
2833 494 2970 549 alios
3005 494 3387 563 perversitate,
3413 493 3574 556 alios.

327 571 710 640 κατεχόμενον.
773 571 1040 643 Δεύτερον
1090 573 1156 644 δ’,
1193 574 1221 627 ὃ
1275 575 1369 628 καὶ
1419 577 1770 647 ἰσχυρότερον
1798 577 1894 630 τοῦ

327 664 614 734 προτέρου,
649 666 836 736 ἐπειδὴ
879 667 1007 730 τοὺς
1063 668 1161 721 σὺν
1210 671 1334 738 ἐμοὶ
1366 670 1598 736 πάντας,
1629 673 1758 734 τοὺς
1798 672 1898 741 μὲν

329 756 428 809 ὑπὸ
463 755 680 819 δειλίας,
709 758 836 819 τοὺς
867 757 911 810 δ’
945 757 1050 810 ὑπὸ
1107 759 1493 824 κακοδουλίας,
1553 760 1669 814 έατι
1715 761 1761 813 δ’
1802 759 1898 824 οὓς

2002 581 2150 651 quod
2184 582 2381 638 alienis
2415 585 2778 640 incommodis
2814 587 3123 657 gaudeant,
3173 588 3319 642 bello
3350 603 3409 643 se
3454 602 3576 642 cre-

2001 678 2134 733 dere
2165 678 2527 733 animadverti
2571 680 2746 749 (pacis
2797 694 2930 734 vero
2975 681 3314 735 mentionem
3351 680 3580 745 auribus

2002 769 2294 833 aversari),
2317 777 2378 822 ut
2407 769 2666 824 omnibus
2698 785 2820 824 eam
2851 769 3090 825 facerem
3123 769 3491 834 tolerabilem,
3511 771 3580 825 ab

329 850 422 903 καὶ
450 849 538 901 διὰ
571 849 631 900 τὸ
663 850 776 910 τοῖς
810 851 999 910 κακοῖς
1039 849 1275 918 χαίρειν,
1311 849 1500 920 ἑώρων
1534 851 1626 904 τὸν
1657 851 1899 920 πόλεμον

2029 870 2147 915 usto
2195 869 2252 914 et
2295 855 2526 914 honesto
2560 861 2848 930 paululum
2893 862 3176 916 declinare
3223 876 3450 915 necesse
3484 861 3584 914 ha-

332 941 708 1011 αίρουμένους,
764 941 992 1009 εἰρήνης
1034 940 1091 992 δὲ
1141 940 1214 1011 μὴ
1248 941 1444 1011 μέχρις
1503 941 1691 1013 ἄκρων
1744 941 1902 996 ὤτων

331 1030 712 1104 ἀνεχομένους,
739 1029 1103 1100 ἠναγκάσθην
1130 1047 1180 1083 τι
1214 1032 1414 1101 μικρὸν
1461 1033 1560 1085 καὶ
1599 1030 1693 1084 τοῦ
1748 1032 1902 1096 ὄντος

333 1120 497 1174 καλοῦ
528 1120 620 1173 καὶ
660 1119 870 1174 δικαίου
903 1121 1260 1190 παραλιπεῖν,
1290 1122 1366 1182 ὼς
1399 1123 1468 1176 ἂν
1491 1125 1703 1194 ποιήσω
1737 1125 1903 1176 πᾶσιν

334 1212 564 1281 ἀνεκτὴν
591 1211 688 1282 τὴν
715 1214 958 1282 εἰρήνην,
998 1214 1156 1267 Ἔστι
1179 1213 1237 1266 δὲ
1283 1212 1464 1278 τοῦτο,
1487 1214 1547 1268 τὸ
1579 1214 1682 1284 ἐμὲ
1715 1215 1814 1285 μὲν
1840 1215 1905 1267 ὲκ

335 1303 634 1374 Σηλυϐρίας
685 1303 812 1374 ἄχρι
862 1306 956 1357 καὶ
999 1306 1460 1374 Χριστουπόλεως
1515 1306 1627 1360 τῶν
1701 1306 1905 1376 μεταξὺ

331 1396 526 1466 χωρῶν
558 1413 616 1448 τε
647 1397 744 1449 καὶ
773 1396 980 1450 πόλεων
1011 1399 1106 1450 καὶ
1134 1400 1420 1467 στρατιᾶς,
1439 1397 1518 1451 ἔτι
1541 1398 1712 1452 δὲκαὶ
1741 1398 1910 1469 δημο-

337 1489 468 1539 σίων
515 1488 694 1556 φόρων
725 1487 823 1555 τὴν
867 1487 1139 1558 διοίκησιν
1191 1489 1374 1558 ἔχειν·
1410 1489 1470 1543 σὲ
1514 1490 1606 1553 δὲ,
1663 1485 1908 1560 βασιλεῦ,

283 1623 301 1644 ,
333 1579 504 1647 αὐτῆς
533 1596 591 1631 τε
621 1579 718 1646 τῆς
745 1580 1152 1634 Κωνσταντίνου
1207 1584 1371 1652 μέχρι
1433 1583 1770 1655 Σηλυϐρίας,
1813 1585 1909 1639 καὶ

294 1743 300 1746 _
333 1672 441 1725 τῶν
468 1673 609 1726 κατὰ
657 1677 755 1741 τὴν
785 1673 860 1726 ἔω
889 1676 1002 1737 τοῖς
1051 1673 1350 1746 Ῥωμαίοις
1374 1676 1634 1748 ὑπηκόων
1666 1676 1907 1730 πόλεωνο

337 1762 416 1814 ἔτι
460 1762 516 1813 δὲ
566 1761 659 1814 καὶ
695 1767 875 1831 νήσων
908 1763 1119 1827 πασῶν,
1157 1766 1389 1820 καὶτῶν
1424 1767 1534 1820 ἀπὸ
1564 1766 1909 1836 Χριστουπό-

336 1851 470 1913 λεως
503 1852 892 1906 Μακεδονικῶν
928 1871 986 1907 τε
1015 1856 1110 1908 καὶ
1137 1855 1411 1927 ἑσπερίων
1448 1856 1727 1926 ἐπαρχιῶν
1751 1857 1910 1926 ἄχρις

349 1940 672 2012 Ἐπιδάμνου
707 1948 802 1997 καὶ
853 1945 1166 2015 Δαλματίας
1224 1947 1336 2000 τῶν
1397 1948 1585 2018 ἄκρων
1631 1950 1773 2019 ὅρων
1806 1949 1909 2019 τῆς

349 2033 636 2104 Ῥωμαίων
667 2037 989 2106 ἡγεμονίας.
1016 2038 1256 2103 Ἐλπίζω
1273 2040 1330 2093 δὲ
1356 2037 1448 2092 τοῦ
1478 2041 1672 2110 χρόνου
1691 2040 1910 2111 προῖόν·

336 2143 451 2188 τος,
483 2128 582 2196 ἐμέ
613 2146 672 2181 τε
707 2129 889 2192 αὑτὸν,
923 2131 1016 2183 καὶ
1047 2129 1084 2184 ἃ
1125 2131 1270 2185 δοκῶ
1313 2132 1430 2184 νυνὶ
1468 2131 1906 2202 σφετερίζεσθαι,

339 2215 448 2268 ὑπὸ
488 2217 588 2285 τὴν
620 2219 720 2284 σὴν
767 2216 1018 2282 ἐξουσίαν
1074 2218 1422 2292 παραδρσειν
1455 2219 1705 2289 ἀγαγὼν,
1727 2219 1910 2287 ἐπειδὴ

339 2307 436 2358 καὶ
471 2305 565 2359 νῦν
614 2307 714 2359 οὐκ
777 2310 842 2361 ὲκ
883 2309 1280 2378 προαιρέσεως,
1323 2309 1442 2364 ἀλλ’
1485 2311 1701 2382 ἀνάγκη
1741 2325 1912 2362 συνω-

342 2399 623 2470 θούμενος,
655 2402 941 2470 προῆγμαι
966 2405 1161 2457 ποιεῖν.
1187 2403 1430 2458 Τοιαῦτα
1465 2403 1604 2472 πρὸς
1640 2402 1732 2455 τὸν
1756 2401 1914 2472 βασιο

342 2493 440 2545 λέα
493 2492 740 2562 βασιλεὺς
798 2494 826 2546 ὁ
882 2495 1002 2557 νέος
1071 2493 1321 2565 μηνύσας
1351 2535 1366 2559 ,
1416 2495 1748 2556 ἀπέστειλε,
1818 2493 1912 2548 καὶ

345 2583 540 2652 ὅρκους
563 2584 619 2636 έν
639 2583 762 2636 δυσὶ
794 2582 1020 2653 βιϐλίοις
1048 2584 1543 2655 ἐγγεγραμμένους
1567 2584 1624 2650 ἐξ
1647 2583 1913 2654 ἑκατέρου

348 2676 484 2742 πρὸς
514 2675 603 2727 τὸν
630 2674 817 2745 ἕτερον
857 2675 1079 2744 βασιλέα
1119 2675 1210 2728 τὸν
1245 2676 1513 2745 μερισμὸν
1556 2674 1915 2746 περιέχοντας

347 2760 420 2819 ὧν
445 2766 670 2834 ἄρξουσι
700 2767 907 2820 πόλεων
937 2767 1032 2820 καὶ
1061 2769 1171 2831 τοῖς
1205 2767 1626 2838 ὀμωμοσμένοις
1655 2767 1916 2836 ἐμμενεῖν

357 2858 608 2927 ἑκάτερον
643 2853 1116 2928 ἰσχυριζομένους,
1171 2858 1246 2926 ὡς
1287 2858 1354 2912 ἂν
1387 2859 1438 2912 εί
1482 2859 1688 2926 ἀρεστὰ
1730 2857 1916 2927 δοκοίη

365 2949 518 3000 ταῦτα
560 2949 819 3020 κάκείνῳ,
834 2953 946 3012 τοῖς
976 2951 1144 3022 ίεροίς
1171 2951 1532 3018 Εὐαγγελίοις
1564 2951 1691 3012 τοὺς
1717 2951 1919 3019 ὅρκους

370 3043 576 3104 πιστοὺς
602 3043 863 3111 ποιήσας,
892 3043 988 3095 καὶ
1013 3043 1366 3113 ὁπογραφαῖς
1393 3043 1489 3108 τῆς
1508 3041 1716 3103 οἰκείας
1734 3039 1919 3109 χειρὸς

362 3133 633 3202 ἐρυθραῖς,
667 3131 862 3205 πέμψῃ
897 3133 1031 3203 πρὸς
1052 3133 1216 3186 αὑτὸν
1251 3129 1413 3197 αὖθις
1449 3132 1517 3186 τὰ
1540 3133 1632 3185 ῐσα
1662 3131 1914 3185 κάκείνου

355 3224 659 3294 δράσοντος.
703 3224 855 3277 Ἐπεὶ
887 3223 944 3278 δὲ
980 3225 1087 3278 ἔδει
1121 3227 1218 3278 καὶ
1249 3225 1359 3279 τῶν
1389 3226 1454 3277 ὲκ
1486 3223 1582 3278 τοῦ
1621 3224 1744 3278 νέου
1775 3224 1926 3292 βασι-

353 3315 488 3378 λέως
517 3315 639 3368 τινὰ
683 3317 937 3382 παρεῖναι
967 3316 1096 3379 τοὺς
1144 3317 1458 3386 ἐγγράφους
1488 3316 1687 3385 ὅρκους
1726 3317 1926 3371 ἀποκο·

357 3407 603 3476 μίσοντα,
619 3408 646 3460 ὁ
664 3423 737 3458 πα
744 3424 896 3476 ρακοι
907 3406 1160 3476 μώμενος
1176 3408 1519 3477 Ἀπόκαυχος
1537 3407 1929 3462 ἀποστέλλεται

357 3500 509 3568 παρὰ
534 3499 628 3552 τοῦ
657 3499 896 3568 μεγάλου
933 3498 1260 3568 δομεστίκου
1295 3498 1391 3552 τοῦ
1416 3499 1752 3570 Συργιάννου
1790 3498 1929 3569 πρὸς

353 3592 516 3644 τοῦτο
541 3592 851 3655 πείσαντος.
878 3593 989 3662 Τῆς
1019 3592 1204 3660 μέντοι
1236 3590 1507 3660 βασιλέως
1539 3589 1765 3660 ἀνεψιᾶς
1794 3590 1930 3659 πρὺς

363 3686 580 3752 βασιλέα
630 3687 708 3747 είς
753 3684 1047 3747 Βυζάντιον
1092 3683 1426 3753 ἀφιγμένης,
1457 3683 1552 3735 καὶ
1585 3681 1712 3746 τούς
1753 3698 1813 3734 τε
1847 3681 1933 3732 λό-

357 3794 486 3844 γους
513 3775 603 3828 τοῦ
629 3777 854 3844 έγγόνου
885 3776 980 3828 καὶ
1015 3775 1301 3845 βασιλέως,
1336 3773 1416 3826 ἔτι
1449 3773 1508 3826 δὲ
1531 3774 1626 3826 καὶ
1655 3772 1753 3842 τὴν
1781 3771 1931 3842 εἰρή-

361 3887 460 3938 νην
485 3866 582 3938 τὴν
616 3869 699 3936 ἐφ’
728 3861 809 3931 οἷς
851 3868 1068 3934 ἐγένετο
1109 3867 1552 3936 ἀπαγγειλάσης,
1599 3865 1791 3934 πρῶτα
1829 3865 1932 3933 μὲν

363 3961 621 4035 ἔκπληξις
657 3956 768 4030 εἶχε
798 3959 890 4012 τὸν
921 3959 1165 4028 βασιλέα,
1208 3962 1305 4012 καὶ
1337 3959 1523 4027 σχεδὸν
1561 3956 1790 4026 ἠπίστει
1820 3956 1932 4018 τοῖς

363 4055 693 4123 λεγομένοις.
748 4054 900 4106 Ἐπεὶ
946 4053 1002 4106 δὲ
1049 4053 1300 4106 ἐπείθετο
1334 4052 1514 4121 ἁληθῆ
1561 4046 1726 4116 εῖναι,
1758 4049 1932 4120 ἡδέως

365 4163 424 4199 τε
477 4146 693 4211 ἐδέξατο
734 4145 833 4216 τὴν
883 4147 1128 4216 εἰρήνην,
1185 4147 1278 4199 καὶ
1328 4145 1404 4214 τῷ
1458 4145 1667 4215 ὲγγόνῳ
1701 4145 1935 4214 χάριτας

367 4238 632 4306 ὡμολόγει
669 4238 870 4301 πολλάς
895 4254 908 4269 ’
931 4236 1263 4306 συναγαγὼν
1291 4238 1335 4291 δ’
1369 4239 1428 4292 ὲν
1451 4237 1744 4308 βασιλείοις
1773 4237 1937 4299 εὐθὺς

359 4333 488 4392 τοὺς
513 4333 568 4384 έν
596 4334 663 4402 τῇ
696 4331 1106 4385 Κωνσταντίνου
1127 4331 1448 4401 εὑρεθέντας
1470 4331 1786 4400 ἀρχιερέας,
1809 4328 1936 4392 τούς

370 4442 427 4477 τε
459 4425 654 4493 ὅρκους
694 4423 960 4485 ἐπετέλει,
997 4425 1090 4475 καὶ
1127 4423 1219 4474 τὸν
1253 4423 1520 4492 πρότερον
1551 4421 1937 4491 ἐκφωνηθέντα

2003 951 2122 1006 hui.
2152 950 2248 1005 Est
2277 960 2462 1004 autem
2493 951 2621 1014 hoc,
2656 961 2716 1005 ut
2748 967 2850 1021 ego
2882 967 2910 1004 a
2941 951 3191 1022 Selybria
3214 968 3390 1021 usque
3418 951 3581 1006 Chri-

2007 1043 2251 1114 stopolin
2287 1043 2399 1113 (68)
2434 1043 2685 1097 locorum
2728 1042 3198 1114 interiacentium,
3225 1043 3576 1113 oppidorum,

2007 1133 2340 1188 militarium
2384 1134 2666 1203 copiarum
2692 1174 2707 1197 ,
2746 1135 3101 1206 vectigalium
3144 1135 3584 1190 administratio-

2006 1242 2131 1280 nem
2151 1226 2434 1282 obtineam
2460 1243 2475 1280 :
2514 1237 2572 1281 tu
2602 1243 2632 1280 a
2677 1227 3157 1296 Constantinopoli
3188 1227 3374 1281 omnia
3405 1241 3582 1294 usque

2009 1317 2339 1389 Selybriam,
2370 1327 2429 1373 et
2467 1318 2635 1373 urbes
2663 1315 2927 1385 Orientis,
2961 1335 3083 1388 qua:
3120 1317 3346 1388 quidem
3383 1317 3586 1371 Roma-

2009 1409 2098 1462 nis
2124 1415 2321 1477 parent
2347 1425 2361 1461 :
2399 1416 2666 1477 praeterea
2707 1407 2916 1462 insulas
2944 1422 3154 1467 omnes,
3189 1415 3246 1461 et
3274 1421 3303 1459 a
3327 1404 3584 1460 Christo-

2012 1499 2125 1570 poli
2184 1499 2566 1553 Macedonicas
2618 1507 2784 1566 atque
2832 1497 3204 1552 occidentales
3267 1495 3582 1564 provincias

2013 1605 2188 1659 usque
2226 1588 2595 1658 Epidamnum
2628 1587 2762 1658 (69),
2816 1596 2874 1644 et
2901 1586 3224 1640 Dalmatiam
3259 1585 3405 1655 (qua:
3453 1591 3586 1638 sunt

2013 1680 2246 1736 Rtiuiani
2289 1678 2508 1749 imperii
2552 1688 2710 1733 meta:
2759 1661 2988 1746 ultimm)
3016 1677 3328 1746 possideas.
3387 1674 3449 1728 In
3489 1689 3588 1743 spe

2013 1790 2160 1837 sum,
2196 1789 2285 1828 me
2340 1772 2641 1843 aliquando
2675 1781 2732 1827 et
2761 1772 3170 1839 memetipsnm,
3198 1778 3252 1823 et
3281 1785 3402 1838 quae
3439 1782 3589 1822 nunc

2018 1868 2155 1922 mihi
2201 1865 2486 1921 vindicare
2531 1864 2750 1929 videor,
2791 1865 2846 1919 in
2897 1863 3191 1918 arbitrium
3227 1869 3589 1930 potestatem-

2013 1969 2123 2023 que
2150 1964 2298 2008 tuam
2328 1951 2776 2008 contraditurum
2808 1967 2824 2005 :
2855 1948 3301 2018 quandoquidem
3350 1956 3406 2001 et
3447 1947 3592 2000 istuc

2011 2048 2124 2118 iam
2160 2047 2305 2101 haud
2334 2045 2591 2102 consulto
2623 2053 2681 2098 et
2713 2043 2978 2113 cogitato,
3017 2040 3114 2095 sed
3147 2038 3460 2093 necessitati
3493 2051 3592 2091 ce-

2017 2141 2155 2197 dens
2188 2139 2354 2194 facio.
2385 2134 2776 2209 Huiuscemodi
2815 2147 3144 2204 responsum
3171 2131 3359 2201 iunior
3385 2128 3591 2184 seniori

2020 2231 2342 2304 imperatori
2375 2229 2546 2290 misit.
2602 2227 2882 2295 simulque
2918 2224 3139 2279 libellos
3174 2221 3334 2285 duos,
3373 2221 3430 2274 in
3465 2220 3593 2288 qui-

2019 2327 2124 2382 bus
2154 2323 2423 2393 inscripta
2464 2321 2802 2391 iuramenta.
2831 2325 2890 2372 et
2918 2315 3109 2378 urbes,
3164 2327 3302 2383 quas
3329 2312 3470 2366 alter
3513 2310 3594 2364 al-

2022 2416 2121 2470 teri
2190 2418 2291 2482 p‘er
2352 2410 2708 2482 partitionem
2767 2403 3098 2461 attribueret
3142 2401 3506 2465 continentia,
3538 2408 3598 2454 et

2023 2511 2320 2570 utrumque
2359 2499 2542 2570 iurata
2594 2495 2974 2566 prmstiturum
3022 2491 3349 2547 aﬂirmantia
3385 2504 3402 2545 :
3441 2497 3500 2544 ut
3547 2489 3594 2543 si

2021 2594 2213 2651 eadem
2237 2593 2316 2647 illi
2351 2592 2744 2662 probarentur,
2771 2588 3034 2642 adhibitis
3058 2585 3232 2640 sacris
3256 2583 3596 2654 Evangeliis,

2021 2698 2079 2744 et
2110 2686 2340 2741 miniata
2389 2698 2586 2738 manus
2617 2697 2729 2736 suae
2784 2679 3196 2750 subscriptione
3248 2677 3352 2731 ﬁde
3414 2689 3601 2730 sacra-

2023 2788 2210 2835 mento
2240 2777 2553 2842 conciliata,
2586 2774 2694 2830 sibi
2722 2772 2948 2828 eosdem
2981 2772 3126 2826 idem
3164 2771 3378 2823 facturo
3405 2769 3599 2821 remit-

2026 2878 2203 2926 teret.
2238 2870 2511 2924 Caaterum
2538 2867 2668 2936 quia
2691 2867 2760 2920 de
2788 2864 2983 2919 amicis
3012 2861 3253 2934 iunioris
3300 2862 3600 2930 imperato-

2025 2962 2103 3015 ris
2135 2939 2432 3029 oportebat
2477 2971 2624 3017 esse.
2661 2955 2756 3025 qui
2812 2954 3131 3020 conscripta
3153 2952 3468 3022 iuramenta
3501 2949 3601 3003 de-

2023 3059 2292 3122 portaret,
2329 3064 2494 3103 suasu
2522 3046 2848 3116 Syrgiannis
2889 3061 2918 3099 a
2948 3057 3146 3112 magno
3175 3040 3480 3096 domestico
3508 3055 3600 3092 cu-

2024 3125 2196 3199 biculi
2221 3141 2367 3196 sacri
2415 3138 2745 3209 praepositus
2788 3136 3155 3206 Apocauchus
3180 3133 3293 3203 (70)
3324 3131 3434 3202 74
3467 3130 3605 3186 deli-

2028 3225 2327 3306 gitur.Ubi
2352 3231 2677 3303 Byzantium
2704 3242 2929 3283 reversa
2953 3225 3318 3294 Palmologina
3359 3225 3602 3290 impera-

2031 3328 2135 3384 tori
2163 3325 2309 3382 dicta
2342 3326 2579 3395 nepotis,
2615 3331 2671 3378 et
2697 3337 2888 3392 pacem
2918 3335 3046 3374 cum
3077 3316 3487 3372 conditionibus
3509 3313 3606 3368 ad-

2031 3421 2252 3474 missam
2309 3417 2589 3485 exposuit,
2627 3414 2719 3468 ille
2770 3411 3013 3482 primum
3071 3409 3152 3463 sic
3202 3406 3510 3475 obstupuit,
3544 3414 3606 3459 ut

2029 3520 2154 3575 qua:
2209 3504 2540 3559 dicebantur
2598 3502 2687 3556 vix
2738 3499 3017 3555 crederet.
3059 3497 3267 3552 Tamen
3330 3504 3391 3551 ut
3440 3496 3604 3550 ﬁdem

2030 3597 2306 3669 adiunxit,
2333 3596 2572 3651 libenter
2600 3607 2792 3662 pacem
2829 3591 3066 3660 accepit,
3099 3600 3153 3645 et
3176 3587 3362 3658 nepoti
3400 3587 3608 3658 gratias

2032 3705 2144 3743 non
2170 3687 2429 3756 vulgares
2453 3683 2670 3746 habuit,
2703 3681 3002 3750 statimque
3022 3677 3315 3748 episcopis.
3341 3676 3436 3745 qui
3457 3675 3608 3731 Con-

2031 3778 2386 3849 stantinopoli
2413 3786 2529 3830 tum
2581 3773 3030 3836 inveniebantur,
3088 3771 3142 3825 in
3169 3768 3432 3840 palatium
3468 3766 3612 3821 acci-

2024 3874 2127 3936 tis,
2182 3867 2574 3941 iusiurandum
2636 3865 2828 3929 dedit;
2859 3872 2929 3917 et
2982 3875 3160 3931 nuper
3214 3860 3271 3914 in
3325 3866 3608 3929 nepotem,

2031 3965 2264 4036 eiusque
2303 3960 2606 4015 factionem
2653 3955 3070 4028 pronuntiatam
3117 3949 3438 4008 devotionis
3483 3964 3612 4004 sen-

2036 4055 2263 4110 tentiam
2298 4061 2628 4112 retractans,
2686 4061 2880 4102 rursus
2942 4046 3341 4114 imperatorem
3388 4051 3446 4095 et
3487 4053 3612 4095 esse

2035 4159 2091 4206 et
2122 4145 2402 4202 nominari
2438 4142 2622 4213 iussit.
2650 4139 2912 4195 Eamdem
2958 4151 3124 4206 porro
3169 4134 3453 4189 amitinam
3512 4133 3616 4186 ite-

2037 4256 2163 4296 rum
2197 4237 2265 4292 ad
2325 4237 2502 4300 illum,
2543 4235 2665 4302 eius
2713 4229 3005 4302 adiurandi
3049 4228 3344 4291 missurus,
3396 4224 3613 4290 dolens,

2038 4344 2150 4384 non
2186 4327 2426 4395 aliquem
2454 4321 2772 4376 honestiore
2807 4318 2931 4372 loco
2973 4324 3189 4376 natum,
3235 4313 3330 4367 sed
3363 4313 3616 4381 Apocau-

2040 4423 2210 4477 chum
2267 4417 2336 4472 ad
2388 4417 2772 4488 inramentum
2824 4407 3186 4465 deferendum
3241 4403 3487 4466 venisse,
3534 4402 3618 4455 sic

371 4517 512 4569 κατὰ
539 4515 634 4570 τοῦ
680 4517 801 4570 νέου
838 4515 1104 4586 βασιλέως
1137 4515 1232 4567 καὶ
1271 4514 1380 4568 τῶν
1421 4516 1691 4569 συνόντων
1732 4512 1925 4567 meum

2044 4527 2165 4567 eam
2196 4507 2528 4579 compellat:
2555 4502 2712 4570 Quod
2763 4515 2938 4570 nepos
2975 4511 3128 4552 meus
3153 4495 3292 4551 adeo
3330 4508 3420 4548 me
3450 4506 3619 4546 vene-

373 4612 692 4685 ἀφορισμὸν,
724 4611 946 4682 βασιλέα
977 4611 1138 4665 πάλιν
1161 4610 1252 4663 τὸν
1277 4610 1500 4679 ἔγγονον
1534 4608 1800 4672 κελεύσας
1838 4611 1935 4663 καὶ

2045 4613 2198 4660 rat-tr
2229 4611 2288 4658 et
2342 4599 2498 4664 colit,
2551 4609 2785 4667 meaque
2835 4607 3003 4648 causa
3051 4599 3162 4646 tam
3204 4599 3292 4644 est
3325 4584 3617 4647 sollicitus,

1634 4750 1852 4812 Jacobi
1896 4747 2165 4811 Pontani
2199 4753 2384 4807 notae.

448 4896 560 4966 (68)
601 4896 675 4949 De
705 4894 807 4948 hac
850 4891 1190 4966 conditione.
1232 4905 1327 4945 seu
1363 4891 1617 4966 pactione
1667 4889 1941 4966 Gregoras

377 4960 608 5022 ita'libro
627 4972 850 5019 octavo:
873 4963 1101 5017 Tandem
1128 4965 1266 5016 inter
1291 4979 1376 5015 eos
1393 4962 1654 5030 conuenit,
1681 4967 1736 5013 ut
1754 4960 1943 5030 junior

376 5040 661 5106 imperator
712 5032 1028 5106 Thraciam,
1079 5048 1196 5106 qua:
1229 5050 1268 5106 tt
1309 5032 1629 5106 Christopoli
1662 5045 1827 5106 usque
1874 5029 1942 5082 ad

379 5101 629 5176 Rhegium
655 5147 668 5170 ,
705 5114 752 5156 et
796 5101 1294 5176 Constantinopolis
1318 5103 1645 5176 _suburbana
1697 5101 1940 5176 pertinet,

379 5194 472 5245 pro
488 5173 815 5229 'auctoritate
845 5173 1096 5245 obtineret
1122 5213 1137 5238 ,
1169 5173 1430 5245 simulque
1457 5189 1519 5245 ea
1565 5173 1788 5245 pradia,
1823 5186 1942 5238 qua:

377 5242 488 5316 tua:
555 5246 769 5316 factioni
833 5244 1152 5316 assignauet
1205 5244 1259 5294 in
1313 5242 1664 5316 placedonia,
1717 5255 1944 5316 quorum

379 5311 761 5380 multa'erant,
793 5329 909 5384 qua:
938 5311 1159 5383 singulis
1213 5312 1382 5384 multa
1436 5312 1610 5365 millia
1660 5311 1944 5384 quotannis

380 5389 659 5453 penderent
686 5382 899 5438 :senior
947 5382 1065 5436 vero
1113 5393 1248 5453 tum_
1276 5382 1946 5453 Constantinopolin,_tum
1987 5391 1991 5395 ‘

381 5448 528 5510 urbe:
560 5465 606 5508 et
639 5456 933 5524 provincias
987 5469 1164 5508 omnes
1192 5448 1566 5507 Macedonicas
1621 5448 1767 5505 ultra
1796 5449 1954 5506 Chri-

377 5525 604 5596 sIOpolin
631 5526 784 5579 sitas.

454 5591 564 5663 (69)
601 5596 960 5666 Epidamnus,
994 5611 1088 5651 seu
1144 5593 1534 5666 Epidamnum,
1581 5591 1953 5666 alia_s_Dyrra-

385 5662 588 5731 chium,
638 5662 771 5720 urbs
821 5664 1148 5721 Macedoniae
1193 5662 1389 5721 versus
1439 5679 1589 5716 mare
1625 5662 1948 5723 Adriannm,

384 5753 502 5806 qua:
520 5736 841 5792 Ciceronem
873 5735 1116 5806 exsulem
1145 5733 1380 5802 excepit,
1415 5748 1652 5806 eumque
1712 5731 1952 5806 olliciose

388 5800 810 5876 bumaniterque
857 5805 986 5862 totis
1031 5800 1307 5864 sexdecim
1347 5804 1632 5860 mensibus
1669 5800 1943 5858 tractavit.
2017 5843 2019 5847 .

2047 4885 2362 4956 Stephanus
2384 4881 2460 4956 de
2486 4876 2727 4956 urbibus
2741 4873 2911 4956 docet
2948 4871 3246 4956 duasessc'
3261 4865 3622 4956 Epidamnos,

2047 4937 2368 5011 al'terramrin
2404 4943 3008 5021 lllyrico_,_alteram_‘in
3061 4939 3186 5020 sinu
3227 4937 3401 5020 Ionio.
3454 4939 3624 4994 Voca-

2049 5036 2165 5081 tum
2196 5038 2360 5094 porro
2407 5013 2769 5094 Dy'rrachium
2805 5031 2849 5094 _a
2907 5013 3214 5094 Romanis,
3267 5013 3361 5078 qui
3406 5024 3625 5094 .nomen

2047 5079 2359 5150 ominosum
2411 5079 2473 5146 et
2499 5088 2657 5159 quasi
2708 5102 2746 5159 ag
2786 5086 2987 5139 damno
3016 5081 3314 5159 deductum
3366 5079 3624 5159 vitarent.

2049 5147 2424 5234 'Sicoppidum
2480 5147 2536 5216 ei
2568 5156 2839 5234 coloniam
2871 5167 3026 5234 suam
3052 5151 3464 5234 Beneventum;
3484 5147 3627 5226 bene

2047 5217 2330 5290 ominandi
2387 5246 2572 5296 causa,
2603 5228 2982 5296 nominarunt,
3017 5229 3338 5296 cantantes
3368 5235 3399 5273 a
3425 5217 3630 5296 graecis

2056 5288 2416 5361 Maleventum
2445 5288 2745 5355 diceretur.
2773 5294 2879 5350 Sed
2904 5290 3255 5362 Dyrrhachus
3285 5288 3531 5362 Herculis
3561 5301 3627 5339 ex

2056 5359 2166 5430 lilia
2193 5391 2383 5444 nepos,
2409 5371 2554 5444 quod
2583 5377 2802 5439 portum
2827 5359 2976 5444 “urbi
3013 5363 3313 5431 adiecerat,
3331 5359 3441 5430 iam
3467 5365 3628 5411 antea

2057 5449 2127 5502 ab
2160 5461 2218 5502 se
2259 5435 2654 5516 Dyrrhachium
2686 5435 3030 5516 appellarat.“
3264 5501 3299 5516 ,Α
3445 5493 3594 5516 μ-Δε

2131 5495 2240 5588 (ἦᾷ)
2259 5495 2384 5583 διιὶ⁷
2399 5495 2743 5588 ergosenex:
2757 5495 3030 5588 paulonitlf
3030 5521 3088 5560 ra
3120 5501 3340 5588 quer-itu
3351 5515 3395 5588 ι’,
3420 5495 3630 5588 Ιῆἓξιῖῑο

2059 5568 2556 5644 nem—iiil'iinumvad
2584 5596 2641 5634 se
2674 5568 2944 5632 missum?
2975 5568 3220 5644 Respicit
3259 5570 3335 5624 ibi
3369 5568 3635 5644 ad_origi:

2057 5636 2183 5714 iiéiii
2211 5636 2533 5711 eti—natales
2563 5647 2946 5720 Apocaucbi_,_
2981 5636 3102 5720 qui'
3127 5645 3358 5720 luerunt
3405 5636 3630 5720 obscuri

2054 5703 2777 5801 ἔῖἶξηόιὶίὶῑεῖἷῐ«Ιὸὶοίυτ
2827 5703 3142 5774 ἱιιὶἰίοῚίὺτί
3192 5712 3357 5781 huius
3407 5720 3530 5777 cap.
3575 5703 3630 5758 t.
