4028 6438
497 355 594 422 n7
681 345 742 371 ”

1679 364 2006 424 JOANNlS
2045 362 2578 423 CAN'I‘ACUZENI
3629 359 3718 424 138

492 466 664 520 multa
696 466 749 522 ei
780 465 1022 522 vicissim
1073 467 1241 529 bona,
1280 483 1388 522 non
1441 485 1495 523 In
1531 484 1633 524 uac
1674 477 1914 536 tantum,
1958 483 2051 522 ve-

2159 464 2297 522 εἷναι
2339 473 2433 522 καὶ
2465 471 2848 541 ονομάζεσθαι.
2896 471 3122 527 Μέλλων
3168 473 3216 525 δ’
3256 465 3415 532 αὖθις
3440 471 3534 544 τήν
3557 473 3710 543 αὐτὴν

490 575 611 613 rum
633 559 796 613 etiam
833 558 887 613 in
918 559 1004 613 illa
1037 559 1337 614 immortali
1366 561 1472 614 vita
1505 575 1534 614 a
1561 561 1670 614 Deo
1705 574 2052 628 comprecor.

487 649 692 704 Adhaac
722 649 1061 704 moderatum
1113 652 1234 721 ejus
1276 652 1552 720 ingenium
1588 651 1904 720 probosque
1934 665 2054 705 mo-

489 756 601 805 res,
633 751 801 811 alque
834 743 888 796 in
924 742 1072 796 omni
1105 743 1393 797 honestate
1421 759 1746 813 progressus
1770 746 2052 812 admiror;

487 833 632 902 quod
660 813 897 902 juvenis,
943 844 998 887 et
1025 834 1346 902 imperator.
1399 835 1679 902 multoque
1715 836 2053 894 adversariis

487 922 772 989 superior;
807 922 952 976 unde
994 923 1279 992 probabile
1314 915 1501 987 ﬁebat,
1538 925 1773 980 subnixe
1799 928 2050 982 ambula-

490 1022 693 1078 turum,
733 1015 1157 1084 arrogantiaque
1211 1015 1506 1081 tumidum,
1539 1026 1635 1070 aut
1682 1016 1957 1086 ingratum
1995 1019 2051 1072 in
2091 1013 2094 1017 ’

487 1115 587 1154 nos
613 1101 885 1166 futurum,
921 1115 1014 1158 aut
1047 1114 1220 1168 certe,
1253 1121 1376 1174 quae
1407 1121 1510 1160 nos
1543 1107 1866 1174 petebamus
1894 1110 2055 1163 evul-

487 1193 628 1260 gatis
655 1232 670 1257 ,
716 1193 918 1249 deinde
950 1211 1073 1264 qua:
1121 1195 1227 1264 ipsi
1264 1196 1652 1252 collibuissent
1700 1199 2050 1269 largiturum,

488 1294 544 1338 ut
571 1285 673 1338 sibi
699 1286 1058 1354 plauderetur
1102 1288 1174 1343 ab
1198 1290 1490 1350 omnibus;
1511 1291 1668 1360 nihil
1699 1291 1895 1346 horum
1927 1307 2054 1362 per-

486 1378 738 1446 petravit,
779 1378 883 1433 ‘sed
933 1380 1257 1448 petitionem
1287 1397 1464 1436 meam
1510 1383 1604 1436 uni
1645 1398 1842 1452 magno
1871 1383 2056 1438 dome-

484 1469 622 1522 stico
651 1470 928 1538 aperiens,
975 1471 1387 1542 prudenterque
1441 1489 1506 1527 ac
1557 1475 1806 1529 modeste
1866 1475 2053 1529 admo-

484 1561 612 1613 dum
643 1561 1006 1630 respondens,
1040 1561 1318 1631 duplicem
1373 1565 1534 1620 nobis
1573 1567 1804 1636 gratiam
1840 1567 2054 1636 persol-

485 1650 599 1713 vit,
651 1666 761 1704 non
789 1653 967 1705 solum
999 1653 1146 1722 quod
1189 1653 1435 1708 Romano
1458 1655 1694 1724 imperio
1715 1656 1825 1726 jam
1854 1665 1970 1711 toto
1998 1657 2054 1711 in

2158 561 2385 629 ἀνεψιὰν
2417 562 2586 615 αὐτοῦ
2633 563 2770 633 πρὸς
2809 563 3036 632 βασιλέα
3088 563 3181 617 τδν
3231 563 3352 616 νέον
3390 565 3617 632 πέμπειν
3645 563 3712 626 ὡς

2155 652 2283 714 τοὺς
2312 653 2443 723 παρ’
2480 653 2691 706 ἐκείνου
2724 653 3038 726 ληψομένην
3063 654 3284 721 ὅρκους,
3325 652 3610 721 ἀνιώμενος
3636 653 3709 707 ὅτι

2159 745 2232 809 μὴ
2260 741 2368 794 τῶν
2403 741 2462 794 εὖ
2506 742 2808 810 γεγονότων
2851 759 2961 808 τις,
3013 741 3130 794 ἀλλ’
3154 743 3511 820 ἱἈπόκαυχος
3544 743 3628 794 ἐπὶ
3656 743 3712 794 τὸ

2154 833 2281 894 τοὺς
2311 834 2506 902 ὅρκους
2529 832 2870 901 παραλαϐεῖν
2897 832 3222 894 ἀπέσταλτο,
3251 832 3352 902 ἔφη
3378 833 3510 900 προς
3534 833 3710 901 αὐτήν·

2157 925 2269 991 Τῆς
2315 924 2413 992 μὲν
2442 924 2519 985 είς
2551 923 2650 991 ιμὲ
2689 923 2872 986 αἰδοῦς
2906 924 2999 975 καὶ
3045 923 3385 992 προμηθείας
3415 940 3473 974 τε
3517 924 3607 974 καὶ
3636 939 3713 974 τι·

2159 1015 2286 1085 μῆς,
2326 1011 2536 1066 πολλῶν
2587 1014 2818 1083 ἀμοιϐὰς
2857 1015 3076 1082 ἀγαθῶν
3123 1015 3352 1083 εὐχομαι
3403 1013 3477 1083 τῷ
3521 1011 3716 1081 βασιλεῖ

2156 1105 2250 1159 καὶ
2295 1104 2413 1175 ἐμῷ
2440 1105 2651 1174 ὲγγόνῳ
2678 1105 2830 1174 παρὰ
2858 1105 3016 1169 Θεοῦ,
3047 1105 3107 1158 οὐ
3146 1106 3304 1173 μόνον
3328 1105 3468 1157 κατά
3493 1103 3579 1157 τὸν
3603 1102 3718 1172 τῇδε

2157 1201 2292 1270 βίον,
2335 1199 2470 1252 ἀλλά
2508 1201 2602 1251 καὶ
2649 1199 2771 1250 κατ’
2811 1199 3017 1251 ἐκεῖνον
3065 1199 3155 1250 τὸν
3189 1197 3560 1266 ἀτελεύτητον.
3599 1193 3717 1249 Ἔτι

2159 1288 2216 1341 δέ
2255 1304 2346 1357 μοι
2394 1288 2488 1340 καὶ
2530 1286 2832 1357 θαυμάζειν
2865 1287 3046 1339 ἔπεισι
3094 1287 3155 1339 τό
3209 1303 3266 1340 τε
3314 1287 3533 1356 μέτριον
3578 1286 3716 1353 αὐτῷ

2151 1379 2245 1432 τοῦ
2275 1380 2458 1449 ήθους,
2483 1381 2576 1432 καὶ
2603 1382 2702 1446 τὴν
2729 1379 3000 1448 εὐθύτητα
3029 1377 3122 1430 τοῦ
3143 1378 3368 1448 τρόπου,
3390 1378 3482 1429 καὶ⁵
3511 1376 3570 1429 τὸ
3596 1377 3718 1445 πρὸς

2153 1471 2220 1522 τὰ
2269 1470 2408 1524 καλά
2465 1469 2718 1540 βεϐηκὸς,
2775 1471 2858 1522 ὅτι
2914 1469 3034 1532 νέος
3067 1467 3144 1521 ὢν
3196 1467 3292 1521 καὶ
3344 1468 3607 1538 βασιλεὺς,
3635 1470 3719 1519 καὶ

2157 1561 2312 1632 παρά
2349 1561 2485 1614 πυλὺ
2517 1561 2624 1614 τῶν
2662 1560 2973 1615 ἀντιπάλων
3007 1559 3368 1630 κεκρατηκὼς
3401 1559 3458 1623 ἐξ
3490 1552 3564 1612 ὧν
3588 1557 3722 1620 εἰκὸς

2153 1645 2222 1719 ἦν
2255 1651 2390 1721 arpi;
2432 1648 2744 1719 φιλοτιμίαν
2780 1647 3095 1717 ἐπαρθῆναι
3143 1649 3236 1700 καὶ
3287 1647 3609 1717 φυσηθῆναι,
3637 1649 3720 1699 καὶ

485 1757 612 1795 eum
667 1741 1014 1806 inclinante,‘
1045 1752 1257 1811 partem
1296 1746 1519 1809 retinet,
1581 1747 1856 1816 reliquum
1887 1763 2052 1802 omne

2157 1742 2542 1810 ἀγνωμονῆσαι
2568 1742 2695 1811 περὶ
2719 1743 2885 1810 ἡμᾶς,
2907 1739 2939 1811 ἢ
2967 1741 3088 1808 τόγε
3113 1740 3390 1810 δεύτερον,
3412 1738 3553 1808 άπερ
3578 1737 3723 1808 ῂτού-

486 1831 648 1886 nobis
705 1831 889 1897 cedit;
927 1849 1118 1888 verum
1180 1826 1372 1900 etiam,
1408 1835 1554 1906 quod
1626 1838 1794 1893 rebus
1844 1840 2051 1894 nostris

489 1934 596 1975 tam
642 1924 996 1978 vehementer
1026 1925 1437 1990 laborantibus,
1467 1927 1618 1982 nullo
1656 1927 1797 1983 fastu
1845 1929 2050 1984 insole-

483 2012 610 2064 seit.
652 2011 730 2065 Ex
777 2027 888 2080 quo
925 2013 1145 2080 penitus
1191 2013 1266 2068 ita
1301 2015 1502 2080 sentio,
1552 2031 1838 2086 nunquam
1871 2017 1924 2072 ei
1962 2033 2053 2071 ve-

488 2103 634 2156 nisse
667 2105 719 2156 in
755 2114 1014 2166 mentem,
1047 2104 1130 2158 vel
1163 2105 1488 2174 particulam
1535 2106 1912 2177 despicientim
1956 2124 2056 2162 no-

486 2195 586 2249 stri
639 2210 752 2264 pra:
796 2210 856 2250 se
896 2195 1064 2260 ferre,
1117 2198 1213 2253 sed
1269 2198 1639 2253 reverentiam
1688 2214 1752 2254 ac
1793 2201 2054 2270 pietatem

484 2287 765 2356 antiquam
796 2303 922 2358 erga
958 2304 1058 2343 nos
1081 2290 1382 2348 custodire.
1421 2290 1554 2345 Illud
1605 2298 1785 2346 tamen
1819 2292 2055 2347 maxime

479 2378 692 2431 cruciat
723 2379 990 2444 animum,
1031 2381 1178 2450 quod
1213 2395 1336 2436 cum
1368 2382 1515 2451 apud
1556 2398 1615 2437 se
1646 2383 1832 2451 plures
1853 2393 1909 2438 et
1931 2399 2056 2452 pro-

483 2469 581 2522 bos
632 2480 687 2522 et
711 2471 995 2539 sanguinis
1022 2473 1435 2528 necessitudine
1459 2476 1788 2543 coniunctos
1804 2474 2054 2538 haberet,

485 2575 583 2628 per
628 2577 766 2629 quos
809 2563 1184 2631 juramentum
1239 2579 1266 2617 a
1300 2564 1466 2619 nobis
1513 2565 1808 2633 reciperet,
1857 2565 2054 2620 borum

484 2653 722 2715 nullum,
749 2652 846 2707 sed
908 2653 1326 2722 Apocauchum,
1373 2654 1671 2709 obscurum
1699 2670 1768 2709 ex
1801 2655 2058 2710 obscuris

487 2754 677 2798 natum
717 2746 887 2809 misit,
927 2746 1023 2814 qui
1061 2749 1378 2816 nuperrime
1407 2748 1756 2802 exactionum
1785 2749 2056 2803 coactorio

486 2831 590 2886 bus
631 2834 891 2902 scriptum
929 2833 1183 2888 faciebat.
1221 2835 1544 2905 Quanquam
1600 2839 1757 2906 quasi
1790 2839 2054 2908 quiddam

485 2924 766 2993 singulare
830 2926 1120 2989 dicerem,
1173 2927 1321 2996 quod
1380 2929 1679 2985 absurdius
1721 2940 1810 2985 est
1865 2933 2051 2986 omisi.

488 3013 642 3068 Idem
674 3016 823 3069 enim
869 3018 1234 3086 Apocanchus
1274 3034 1399 3072 eum
1433 3021 1622 3075 multis
1654 3037 1741 3076 me
1771 3023 2058 3089 promissis

2159 1831 2300 1900 μεθα
2353 1832 2506 1884 αὐτοὶ
2559 1833 2860 1902 ποιήσαντα
2910 1831 3142 1899 φανερὰ,
3191 1827 3311 1884 εἷτα
3367 1831 3508 1899 ᾶπερ
3543 1829 3722 1899 ἤθελεν

2154 1921 2314 1983 αὐτὸς
2347 1920 2702 1990 χαρίσασθαι,
2739 1920 2824 1973 ἵνα
2855 1919 3189 1988 θαυμάζοιτο
3219 1920 3372 1989 παρά
3402 1919 3633 1972 πάντων.
3666 1916 3721 1970 '0

2153 2011 2198 2064 δ’
2223 2011 2444 2080 ἐποίησε
2473 2011 2713 2064 τοιοῦτον
2741 2010 2894 2064 οὐδέν
2924 2026 2938 2041 °
2976 2009 3111 2062 ἀλλά
3156 2011 3285 2073 τοὺς
3319 2009 3418 2079 μὲν
3461 1997 3622 2080 ἐμοὺς
3645 2007 3724 2059 λό-

2156 2120 2288 2172 γους
2319 2103 2646 2174 διετήρησεν
2676 2105 2735 2157 ἑν
2762 2103 2960 2175 ἀδήλῳ,
2988 2103 3201 2165 οὐδενὸς
3226 2103 3526 2172 ἐγνωκότος
3547 2101 3721 2171 ἐτέρου

2156 2195 2294 2265 πλὴν
2320 2195 2414 2248 τοῦ
2448 2195 2688 2266 μεγάλου
2717 2195 3044 2264 δομεστίκου
3083 2194 3247 2264 μόνου
3270 2209 3286 2225 ⁶
3323 2195 3486 2256 αὐτὸς
3527 2193 3582 2246 δὲ
3607 2195 3723 2255 τοὺς

2157 2287 2349 2355 λόγους
2380 2287 2620 2349 συνετῶς
2650 2286 2792 2356 ἀγαν
2836 2287 2932 2340 καὶ
2961 2287 3210 2354 κοσμίως
3237 2286 3620 2356 οἰκονομήσας,
3650 2285 3724 2336 δι-

2158 2379 2300 2445 πλῆν
2329 2381 2463 2446 ἡμῖν
2512 2380 2772 2432 κατέθετο
2822 2381 2921 2448 τὴν
2971 2379 3152 2448 χάριν,
3205 2379 3268 2431 οὐ
3306 2379 3491 2454 ’-μόνον
3527 2379 3602 2446 τῷ
3633 2377 3723 2446 τῆς

2167 2472 2461 2539 Ῥωμαίων
2492 2471 2790 2539 ἡγεμονίας
2821 2470 3003 2539 πάσης
3033 2469 3133 2540 ήδη
3160 2469 3299 2541 πρὸς
3328 2471 3488 2525 αὐτὸν
3527 2469 3724 2524 κλινοῦ-

2159 2578 2258 2631 σης
2317 2564 2477 2632 μέρος
2531 2562 2629 2631 μέν
2677 2579 2731 2614 τι
2786 2564 3256 2631 παρακατασχεῖν,
3313 2563 3414 2630 τῆς
3462 2560 3706 2629 λοιπῆςδ

2159 2654 2376 2725 ἀπάσης
2405 2657 2537 2724 ἡμῖν
2571 2655 2988 2726 παραχωρῆσαι,
3021 2653 3154 2706 ἀλλά
3185 2656 3282 2708 καὶ
3311 2655 3391 2721 τῷ
3423 2654 3542 2725 μηδ’
3562 2653 3723 2714 οὕτως

2159 2748 2238 2810 είς
2277 2745 2459 2798 στενὸν
2494 2745 2689 2816 κομιδῆ
2743 2745 2813 2798 τά
2864 2745 3108 2814 ἡμέτερα
3153 2743 3456 2815 ἑληλακότα
3522 2746 3724 2812 ἐκπομ-

2158 2837 2362 2889 πεῦσαι
2393 2835 2644 2906 θελῆσαι.
2693 2836 2784 2903 Ἐξ
2815 2829 2890 2889 ὧν
2921 2836 3020 2904 ἐμὲ
3049 2836 3346 2890 πεπεῖσθαι
3394 2837 3576 2905 σαφῶς
3603 2852 3726 2904 συμ-

2160 2926 2358 2992 ϐαίνει,
2396 2925 2471 2989 ὡς
2502 2926 2609 2977 οὐδ’
2636 2925 2782 2995 ῐχνος
2815 2930 3279 2996 καταφρονήσεως
3311 2927 3407 2982 ἐπὶ
3432 2926 3552 2980 νοῦν
3575 2913 3729 2996 ἦλθεν

2159 3017 2309 3087 αὐτῷ
2343 3015 2679 3081 ἐνδείξασθαι
2704 3019 2782 3080 είς
2818 3019 2939 3088 ἐμὲ,
2995 3017 3134 3072 ἀλλά
3164 3019 3265 3088 τήν
3299 3021 3575 3090 προτέραν
3603 3017 3724 3072 αίδῶ

485 3105 970 3170 circumduxisset,
1023 3124 1142 3163 mea
1178 3112 1510 3165 auctoritate
1558 3113 1636 3167 rei
1681 3114 1892 3170 salaria;
1918 3131 2054 3185 pra:-

2161 3111 2254 3162 καὶ
2281 3109 2570 3163 εὐλάϐειαν
2615 3109 3142 3173 ἀποσάζει.Ἑκεϊνο
3186 3110 3241 3162 δὲ
3275 3111 3381 3180 οὐχ
3413 3111 3610 3182 ἥκιστα
3644 3109 3723 3160 λυο

483 3194 664 3249 t'ectus
707 3207 814 3251 est.
871 3197 1079 3258 Deinde
1125 3202 1396 3270 promissa
1429 3203 1783 3272 postliabens,
1829 3221 1954 3260 cum
1985 3211 2055 3262 si-

485 3287 598 3340 mul
626 3303 817 3344 omnes
862 3305 895 3344 e
944 3290 1058 3344 sale
1091 3291 1196 3360 75
1233 3293 1445 3347 reditus
1476 3294 1821 3360 devorasset,
1855 3309 1910 3353 et
1943 3314 2047 3370 ego

485 3378 694 3433 idcirco
752 3379 821 3434 de
879 3381 1070 3436 multis
1132 3397 1308 3450 pauca
1345 3384 1716 3451 requirerem,
1763 3389 2054 3460 occasione

487 3483 640 3534 usus,
667 3469 734 3524 ad
766 3478 1024 3540 nepotem
1050 3485 1230 3526 meum
1264 3471 1527 3544 profugit.
1551 3473 1684 3540 Quis
1713 3476 1882 3546 igitur
1905 3477 2056 3533 hunc

491 3557 773 3612 hominem
818 3568 1106 3628 tantopere
1156 3561 1225 3615 ab
1273 3562 1367 3616 illo
1413 3561 1745 3619 honoratum
1795 3580 2052 3631 cernens,

487 3657 548 3700 ut
576 3647 629 3701 in
658 3649 919 3718 negotiis,
950 3651 1116 3704 etiam
1169 3651 1530 3708 nobilissimis
1560 3653 1877 3710 hominibus
1899 3657 2055 3711 defe-

487 3739 693 3801 rendis,
722 3741 842 3810 ejus
861 3755 1026 3810 opera
1052 3750 1262 3804 utatur.
1286 3759 1395 3798 non
1416 3743 1470 3798 id
1500 3744 1570 3799 de
1591 3745 1859 3801 industria
1889 3762 1918 3800 a
1956 3762 2054 3803 ne-

482 3838 613 3898 pote
669 3831 738 3885 ad
797 3832 1042 3886 dolorem
1099 3834 1234 3887 mihi
1287 3835 1620 3890 inurendum
1678 3836 2056 3893 lraudulenter

482 3937 606 3978 esse
635 3934 1009 3992 comparatum
1033 3925 1357 3980 existimet?
1388 3927 1458 3982 Et
1486 3936 1548 3982 ut
1579 3927 1722 3982 istuc
1744 3928 1846 3983 hac
1871 3939 2054 3985 mente

484 4028 598 4068 non
630 4013 844 4077 fecerit,
885 4015 1044 4070 multi
1098 4023 1280 4072 tamen
1309 4016 1421 4071 hac.
1437 4026 1621 4072 mente
1665 4019 2056 4090 factumeogi-

486 4102 704 4158 tabunt.
733 4105 1128 4174 Respondente
1169 4107 1554 4178 Palaeologina,
1589 4125 1699 4163 non
1728 4111 1832 4166 sibi
1876 4113 2051 4168 videri

482 4195 875 4262 Apocauchum
907 4211 939 4250 a
963 4205 1162 4266 nepote
1184 4204 1536 4268 contemptus
1585 4201 1758 4268 gratia
1791 4201 2050 4272 legatum,

482 4286 934 4356 quandoquidem
963 4290 1084 4360 eius
1115 4297 1195 4344 tot
1232 4305 1360 4361 erga
1385 4291 1563 4361 ipsum
1599 4303 1756 4349 antea
1791 4309 2053 4349 reveren-

483 4379 593 4443 tiae,
629 4387 684 4434 et
723 4381 945 4451 ingenui
979 4383 1194 4436 timoris
1219 4381 1549 4437 documenta
1575 4393 1830 4449 exstent;
1875 4385 2054 4455 impe-

482 4481 635 4524 rator
671 4472 1196 4540 protosecretarium
1229 4473 1500 4528 Bardalen
1559 4484 1616 4528 et
1659 4474 2049 4530 Callicreniten
2081 4455 2129 4514 ι)

481 4576 607 4615 cum
638 4577 702 4616 ea
734 4563 801 4616 ad
847 4572 1106 4631 nepotem
1155 4561 1346 4616 mittit.
1403 4563 1506 4628 Qui
1559 4563 1655 4617 ubi
1705 4564 1854 4617 senis
1883 4579 2053 4633 super

478 4652 812 4718 Apocaucho
843 4666 1153 4705 sermonem
1179 4651 1413 4716 audivit,
1455 4653 1650 4707 Procul
1677 4670 1708 4708 a
1737 4670 1822 4709 me
1851 4656 1922 4709 sit
1943 4655 2048 4710 ista

481 4743 714 4806 insania,
747 4743 947 4812 inquit.
980 4753 1039 4797 ut
1069 4743 1152 4796 vel
1202 4757 1432 4811 parvum
1466 4745 1549 4798 vel
1584 4760 1838 4814 magnum
1877 4747 2044 4815 quid-

478 4831 622 4898 piam
647 4833 711 4885 ad
737 4833 1046 4888 molestiam
1093 4840 1545 4901 conteinptuinve
1582 4834 1792 4890 domini
1823 4841 1931 4892 mei
1996 4847 2054 4894 et

480 4922 828 4991 imperatoris
848 4923 1128 4992 designem
1165 4941 1178 4975 :
1214 4924 1265 4976 in
1294 4938 1457 4991 quem
1507 4925 1774 4980 scientem
1801 4942 2058 4997 peccare,

480 5015 684 5082 magna
705 5015 932 5067 omnino
960 5013 1115 5082 culpa
1148 5022 1389 5078 tenetur,
1449 5031 1536 5069 me
1576 5015 1795 5086 judice,
1831 5020 2050 5076 etiamsi

2159 3203 2268 3265 πετ,
2297 3202 2381 3254 ὅτι
2415 3201 2491 3270 μὴ
2522 3199 2661 3270 πρὸς
2683 3199 2782 3270 τὴν
2813 3200 3132 3270 παράληψιν
3165 3200 3270 3252 τῶν
3300 3201 3503 3272 ὅρκων,
3530 3199 3726 3252 πολλῶν

2158 3309 2216 3345 τε
2253 3294 2346 3345 καὶ
2391 3292 2618 3359 ἀγαθῶν
2669 3293 2766 3345 καὶ
2815 3293 2925 3345 τῶν
2980 3293 3104 3345 καθ’
3158 3287 3297 3363 αἷμα
3357 3294 3725 3363 προσηκόντων

2160 3377 2307 3446 αὐτῷ
2337 3379 2627 3444 συνόντων,
2657 3380 2863 3432 τούτων
2898 3379 2996 3450 μὲν
3028 3380 3379 3436 ἀπέσταλκεν
3406 3383 3610 3446 οὐδένα,
3643 3380 3727 3433 τὸν

2158 3467 2216 3520 δὲ
2267 3468 2631 3539 Ἀπόκαυχον,
2684 3470 2897 3540 ἄσημον
2931 3471 3030 3537 μὲν
3069 3471 3197 3524 όντα
3229 3473 3326 3526 καὶ
3379 3474 3439 3538 ἐξ
3487 3476 3723 3542 ἀσήμων,

2159 3561 2253 3614 καὶ
2281 3559 2436 3614 οὔπω
2459 3563 2587 3632 χθὲς
2623 3564 2720 3615 καὶ
2750 3563 2945 3634 πρώην
2971 3556 3081 3628 τοῖς
3109 3564 3217 3616 τῶν
3246 3566 3528 3635 δημοσίων
3556 3565 3726 3632 φόρων

2159 3654 2435 3725 πράκταις
2491 3656 3089 3726 ὑπογραμματεύοντα.
3135 3658 3331 3710 Καίτοι
3397 3661 3459 3712 τὸ
3503 3657 3725 3710 δεινότεο

2163 3762 2255 3816 ρον
2293 3733 2536 3815 ἀφεῖλον,
2592 3747 2670 3809 ὡς
2719 3748 2782 3818 δή
2834 3765 2888 3800 τι
2923 3749 3239 3817 θαυμαστὸν
3287 3749 3492 3818 λέγων.
3537 3749 3593 3801 Ὀ
3627 3746 3726 3815 γὰρ

2161 3837 2326 3900 αὐτὸς
2375 3837 2474 3907 ἐμὲ
2515 3837 2740 3902 πολλαῖς
2797 3838 3155 3908 ὑποσχέσεσιν
3201 3840 3580 3909 ἐξαπατήσας,
3625 3837 3725 3890 τῶν

2156 3930 2434 3999 δημοσίων
2481 3930 2627 3984 ἀλῶν
2683 3930 2875 4002 ἔφορος
2926 3931 3244 4002 ἀπεδείχθη.
3295 3931 3436 3987 Εἶτα
3479 3934 3584 3986 τῶν
3635 3930 3726 3997 μὲν

2159 4021 2504 4090 ὑποσχέσεων
2556 4020 2987 4091 ἐκπεπλήρωκεν
3042 4021 3197 4074 οὐδέν
3221 4037 3250 4096 ﬁ
3282 4023 3423 4091 ὁμοῦ
3457 4023 3512 4076 δὲ
3555 4023 3724 4074 πᾶσαν

2157 4112 2256 4182 τὴν
2283 4115 2348 4166 ὲκ
2376 4111 2483 4166 τῶν
2503 4112 2648 4166 ἀλῶν
2680 4113 2944 4183 πρόσοδον
2965 4112 3322 4181 καταφαγὼν,
3363 4115 3459 4169 καὶ
3481 4115 3568 4169 διά
3593 4110 3724 4166 τοῦτ’

2157 4206 2221 4257 ὲκ
2254 4204 2462 4257 πολλῶν
2503 4205 2660 4273 ὀλίγα
2698 4203 2990 4274 ζητοῦντος
3031 4205 3168 4274 ἐμοῦ
3205 4191 3416 4271 λαϐεῖν,
3450 4201 3726 4276 τῷὸιαιρῷ

2156 4297 2528 4367 χρησάμενος,
2559 4298 2696 4366 πρὸς
2726 4299 2816 4349 τὸν
2844 4297 2978 4366 ὲμὸν
3011 4296 3232 4366 ἔγγονον
3263 4295 3447 4367 ᾤχετο
3472 4298 3722 4368 ἀποδράς.

2157 4388 2252 4448 Τίς
2277 4383 2370 4441 οὖν
2414 4387 2606 4440 τοῦτον
2663 4387 2789 4439 ίδὼν
2837 4386 2981 4440 οῦτω
3028 4389 3345 4458 τιμώμενον
3397 4390 3528 4458 παρ’
3559 4385 3721 4455 αὐτῷ,

2155 4475 2296 4528 ὥστε
2329 4477 2426 4529 καὶ
2457 4477 2548 4529 ἐπὶ
2580 4480 2714 4543 τοῖς,
2738 4479 2854 4542 τοῖς
2887 4479 3302 4547 εὐγενεστάτοις
3333 4481 3721 4549 προσήκουσιν,

2157 4568 2342 4638 ἔργοις
2370 4568 2522 4640 αὐτῷ
2547 4570 2804 4640 χρῆσθαι,
2832 4571 2934 4625 οὐκ
2964 4573 3031 4626 ἂν
3059 4571 3375 4641 ἰξεπίτηδες
3400 4572 3616 4639 νομίσαι
3648 4569 3722 4630 είς

2155 4658 2316 4712 ἀνίαν
2353 4660 2477 4728 ἐμοὶ
2505 4661 2657 4730 παρά
2692 4659 2956 4730 βασιλέως
2995 4659 3089 4714 τοῦ
3133 4661 3355 4727 ἔγγόνου
3399 4658 3724 4713 συνεσκευά-

2157 4749 2281 4801 σθαι
2307 4765 2321 4814 ;
2360 4749 2422 4802 El
2453 4751 2562 4820 γὰρ
2593 4752 2690 4806 καὶ
2729 4751 2808 4821 τῷ
2837 4752 2950 4804 ὄντι
2980 4751 3055 4820 μὴ
3098 4751 3231 4828 παρ’
3265 4752 3475 4805 ἐκείνου
3505 4749 3721 4816 τοιαύτῃ

2157 4843 2472 4914 πέπρακται
2501 4842 2719 4915 γνώμῃ,
2741 4844 2855 4897 ἀλλ’
2881 4845 2929 4896 οἱ
2951 4843 3138 4896 πολλοὶ
3167 4843 3310 4896 οὓτω
3335 4861 3396 4910 γε
3423 4841 3720 4913 νομιοῦσιν.

2168 4934 2642 5006 Ἀποκριναμὲνης
2670 4936 2726 4987 δὲ
2768 4937 2864 4989 καὶ
2895 4936 3087 5004 αὐτῆς,
3117 4935 3243 4988 Οὐδ’
3278 4935 3342 4988 ἂν
3373 4935 3511 5004 αὐτῇ
3551 4932 3721 4984 δοκεῖν

2154 5025 2648 5094 καταφρονητικῶς
2682 5025 2831 5094 παρὰ
2861 5023 3125 5094 βασιλέως
3155 5024 3248 5076 τοῦ
3277 5025 3397 5077 νέου
3434 5023 3526 5077 τὸν
3563 5019 3722 5073 Ἀπό-

482 5111 763 5170 peccatum
813 5119 920 5156 non
970 5118 1226 5172 magnum
1271 5103 1441 5158 fuerit
1483 5105 1620 5175 (71).
1680 5107 2050 5176 Apocauchus

2157 5134 2356 5186 καυχον
2412 5116 2770 5178 ἀπεστάλθαι,
2822 5115 3025 5178 πολλὰς
3063 5120 3163 5186 τῆς
3211 5118 3293 5179 είς
3339 5115 3419 5181 σὲ,
3477 5109 3717 5184 βασιλεῦ,

480 5209 586 5247 non
611 5202 672 5246 ut
705 5194 934 5262 legatus,
993 5210 1173 5263 neque
1208 5204 1268 5250 ut
1321 5197 1474 5266 pacis
1511 5199 1866 5255 conﬁrmator
1909 5202 2050 5270 (haec

2153 5207 2334 5270 αἰδοῦς
2361 5224 2420 5261 τε
2455 5210 2549 5260 καὶ
2588 5207 2876 5270 εὐλαϐείας
2913 5208 3208 5270 δεδωκότος
3249 5207 3349 5271 τάς
3379 5203 3678 5268 ἀποδείξεις
3700 5218 3713 5232 ·

1746 5319 1962 5380 Jacobi
1999 5321 2269 5384 Pontani
2303 5331 2488 5384 notis.

553 5415 666 5487 (7H1)
708 5413 850 5487 Num
901 5415 1216 5487 paradoxon
1263 5415 1395 5470 illud
1435 5416 1742 5472 Stoicorum
1787 5421 2050 5487 insinuat,

479 5485 562 5560 δτι
595 5485 683 5535 ίσα
709 5487 776 5560 τα
802 5484 1396 5560 ἁμαρτήματα,-οηιζιὶα
1423 5499 1762 5560 ρρεεαιαγεειςε
1776 5492 2005 5560 ωᾳηαίὶα
2027 5484 2053 5545 ?

482 5555 549 5606 de
579 5569 687 5620 quo
713 5552 932 5630 Cicero,
962 5563 1020 5605 ut
1052 5555 1119 5606 de
1147 5555 1267 5630 aliis
1293 5552 1553 5630 disseruit
1580 5575 1598 5612 :
1628 5552 2046 5630 Parva,'inquis,

481 5638 563 5674 res
581 5633 654 5675 est
671 5639 689 5686 ,°
717 5623 865 5697 atqui
891 5640 1085 5697 magna
1105 5624 1280 5693 culpa.
1318 5625 1428 5679 Nec
1455 5630 1594 5680 enim
1626 5623 1839 5697 peccata
1873 5623 2049 5685 reruni

483 5701 688 5756 eventu,
711 5695 801 5746 sed
819 5695 956 5747 vitiis
977 5696 1247 5748 hominum
1272 5700 1532 5751 metienda
1559 5695 1700 5762 sunt,
1718 5709 1823 5752 etc.
1852 5702 2045 5753 Verum

487 5763 558 5814 ita
594 5763 856 5831 loquitur,
897 5774 954 5818 ut
1007 5775 1270 5829 quantum
1307 5779 1601 5824 veneretur
1629 5785 1812 5834 avum,
1840 5770 2044 5823 intelli-

2160 5435 2338 5494 gatur.
2367 5424 2693 5501 Quos_enim
2751 5424 2982 5501 multum
3031 5425 3515 5501 reveremur,"aut
3543 5415 3719 5501 diligi-

2161 5483 2304 5561 nius,
2335 5483 2430 5549 aut
2459 5496 2652 5569 saltem
2683 5495 2917 5548 multum
2949 5493 3186 5569 revereri
3221 5507 3282 5544 ac
3313 5483 3537 5569 diligere
3563 5483 3719 5569 fiebi-

2159 5554 2301 5642 ωαξξ
2331 5581 2426 5620 eos
2461 5567 2874 5642 _etiam_parum
2925 5565 3166 5642 olfensos
3195 5602 3210 5626 ,
3267 5559 3422 5642 quasi
3483 5554 3717 5642 indi-gitis

2157 5617 2334 5689 modis
2368 5617 2598 5690 violatos
2624 5617 2897 5700 dolemus,
2938 5617 3114 5704 atque
3154 5617 3463 5686 ir'a~'e'imur.
3511 5617 3626 5680 Nec
3660 5617 3715 5674 id

2157 5704 2454 5762 immerito.
