  <div class='ocr_page' id='page_1' title='image "/cluster/home/n/w/nwhite01/storage/ocr_20150623/153:no.1/coo.31924054870583/103.png"; bbox 0 0 4028 6470; ppageno 0'>
   <div class='ocr_carea' id='block_1_1' title="bbox 408 366 500 428">
    <p class='ocr_par' dir='ltr' id='par_1_1' title="bbox 408 366 500 428">
     <span class='ocr_line' id='line_1_1' title="bbox 408 366 500 428; baseline 0 -1"><span class='ocrx_word' id='word_1_1' title='bbox 408 366 500 428; x_wconf 71' lang='grc'><strong>191</strong></span> 
     </span>
    </p>
   </div>
   <div class='ocr_carea' id='block_1_2' title="bbox 1559 363 2448 427">
    <p class='ocr_par' dir='ltr' id='par_1_2' title="bbox 1559 363 2448 427">
     <span class='ocr_line' id='line_1_2' title="bbox 1559 363 2448 427; baseline -0.002 0"><span class='ocrx_word' id='word_1_2' title='bbox 1559 368 1748 427; x_wconf 77' lang='grc' dir='ltr'><strong>ΙΟΑΝ</strong></span> <span class='ocrx_word' id='word_1_3' title='bbox 1762 367 1800 421; x_wconf 82' lang='lat'><strong>.\&#39;</strong></span> <span class='ocrx_word' id='word_1_4' title='bbox 1817 366 1885 423; x_wconf 81' lang='lat' dir='ltr'><strong>IS</strong></span> <span class='ocrx_word' id='word_1_5' title='bbox 1925 363 2448 424; x_wconf 68' lang='lat' dir='ltr'><strong>CANTACUZENI</strong></span> 
     </span>
    </p>
   </div>
   <div class='ocr_carea' id='block_1_3' title="bbox 3563 365 3662 430">
    <p class='ocr_par' dir='ltr' id='par_1_3' title="bbox 3563 365 3662 430">
     <span class='ocr_line' id='line_1_3' title="bbox 3563 365 3662 430; baseline 0.02 -2"><span class='ocrx_word' id='word_1_6' title='bbox 3563 365 3662 430; x_wconf 74' lang='lat'><strong>192</strong></span> 
     </span>
    </p>
   </div>
   <div class='ocr_carea' id='block_1_4' title="bbox 403 475 1976 549">
    <p class='ocr_par' dir='ltr' id='par_1_4' title="bbox 403 477 1974 548">
     <span class='ocr_line' id='line_1_4' title="bbox 403 477 1974 548; baseline 0.001 -20"><span class='ocrx_word' id='word_1_7' title='bbox 403 491 628 544; x_wconf 67' lang='lat' dir='ltr'><strong>sperans</strong></span> <span class='ocrx_word' id='word_1_8' title='bbox 657 478 829 548; x_wconf 80' lang='lat' dir='ltr'><strong>majus</strong></span> <span class='ocrx_word' id='word_1_9' title='bbox 860 478 1066 548; x_wconf 86' lang='lat' dir='ltr'><strong>aliquid</strong></span> <span class='ocrx_word' id='word_1_10' title='bbox 1101 477 1475 545; x_wconf 88' lang='lat' dir='ltr'><strong>inventurum,</strong></span> <span class='ocrx_word' id='word_1_11' title='bbox 1504 495 1570 532; x_wconf 91' lang='lat' dir='ltr'><strong>an</strong></span> <span class='ocrx_word' id='word_1_12' title='bbox 1599 481 1664 532; x_wconf 84' lang='lat' dir='ltr'><strong>ab</strong></span> <span class='ocrx_word' id='word_1_13' title='bbox 1691 495 1759 532; x_wconf 89' lang='lat' dir='ltr'><strong>eo</strong></span> <span class='ocrx_word' id='word_1_14' title='bbox 1785 477 1974 530; x_wconf 61' lang='lat' dir='ltr'><strong>multis</strong></span> 
     </span>
    </p>
   </div>
   <div class='ocr_carea' id='block_1_5' title="bbox 2076 475 3660 549">
    <p class='ocr_par' dir='ltr' id='par_1_5' title="bbox 2081 475 3660 549">
     <span class='ocr_line' id='line_1_5' title="bbox 2081 475 3660 549; baseline 0.004 -22"><span class='ocrx_word' id='word_1_15' title='bbox 2081 478 2175 527; x_wconf 73' lang='grc' dir='ltr'>καὶ</span> <span class='ocrx_word' id='word_1_16' title='bbox 2213 476 2568 545; x_wconf 75' lang='grc' dir='ltr'>βουλεύεσθαι</span> <span class='ocrx_word' id='word_1_17' title='bbox 2599 475 2694 531; x_wconf 65' lang='grc' dir='ltr'><strong>καλ⁸</strong></span> <span class='ocrx_word' id='word_1_18' title='bbox 2722 478 2982 547; x_wconf 77' lang='grc' dir='ltr'>πράττειν</span> <span class='ocrx_word' id='word_1_19' title='bbox 3021 477 3224 548; x_wconf 84' lang='grc' dir='ltr'>σαυτῷ.</span> <span class='ocrx_word' id='word_1_20' title='bbox 3265 476 3511 532; x_wconf 87' lang='grc' dir='ltr'>Τοιαῦτα</span> <span class='ocrx_word' id='word_1_21' title='bbox 3535 482 3660 549; x_wconf 74' lang='grc' dir='ltr'>περὶ</span> 
     </span>
    </p>
   </div>
   <div class='ocr_carea' id='block_1_6' title="bbox 407 569 1975 637">
    <p class='ocr_par' dir='ltr' id='par_1_6' title="bbox 407 569 1975 637">
     <span class='ocr_line' id='line_1_6' title="bbox 407 569 1975 637; baseline 0.002 -17"><span class='ocrx_word' id='word_1_22' title='bbox 407 569 893 637; x_wconf 79' lang='lat' dir='ltr'><strong>pollicitationibus</strong></span> <span class='ocrx_word' id='word_1_23' title='bbox 934 573 986 626; x_wconf 90' lang='lat' dir='ltr'><strong>in</strong></span> <span class='ocrx_word' id='word_1_24' title='bbox 1029 572 1274 627; x_wconf 88' lang='lat' dir='ltr'><strong>fraudem</strong></span> <span class='ocrx_word' id='word_1_25' title='bbox 1325 573 1538 627; x_wconf 79' lang='lat' dir='ltr'><strong>illectus</strong></span> <span class='ocrx_word' id='word_1_26' title='bbox 1567 571 1664 635; x_wconf 89' lang='lat' dir='ltr'><strong>sis,</strong></span> <span class='ocrx_word' id='word_1_27' title='bbox 1699 571 1842 625; x_wconf 86' lang='lat' dir='ltr'><strong>haud</strong></span> <span class='ocrx_word' id='word_1_28' title='bbox 1889 586 1975 623; x_wconf 87' lang='lat' dir='ltr'><strong>sa-</strong></span> 
     </span>
    </p>
   </div>
   <div class='ocr_carea' id='block_1_7' title="bbox 406 659 1971 733">
    <p class='ocr_par' dir='ltr' id='par_1_7' title="bbox 406 659 1971 733">
     <span class='ocr_line' id='line_1_7' title="bbox 406 659 1971 733; baseline 0.004 -21"><span class='ocrx_word' id='word_1_29' title='bbox 406 659 480 714; x_wconf 91' lang='lat' dir='ltr'><strong>tis</strong></span> <span class='ocrx_word' id='word_1_30' title='bbox 526 663 660 716; x_wconf 88' lang='lat' dir='ltr'><strong>scio.</strong></span> <span class='ocrx_word' id='word_1_31' title='bbox 715 663 770 718; x_wconf 93' lang='lat' dir='ltr'><strong>Si</strong></span> <span class='ocrx_word' id='word_1_32' title='bbox 808 680 946 718; x_wconf 88' lang='lat' dir='ltr'><strong>vana</strong></span> <span class='ocrx_word' id='word_1_33' title='bbox 993 675 1123 718; x_wconf 88' lang='lat' dir='ltr'><strong>sunt</strong></span> <span class='ocrx_word' id='word_1_34' title='bbox 1174 681 1295 733; x_wconf 73' lang='lat' dir='ltr'><strong>qua:</strong></span> <span class='ocrx_word' id='word_1_35' title='bbox 1339 664 1564 728; x_wconf 78' lang='lat' dir='ltr'><strong>audivi,</strong></span> <span class='ocrx_word' id='word_1_36' title='bbox 1609 673 1667 718; x_wconf 89' lang='lat' dir='ltr'><strong>et</strong></span> <span class='ocrx_word' id='word_1_37' title='bbox 1696 665 1790 733; x_wconf 91' lang='lat' dir='ltr'><strong>qui</strong></span> <span class='ocrx_word' id='word_1_38' title='bbox 1832 680 1971 718; x_wconf 76' lang='lat' dir='ltr'><strong>nun~</strong></span> 
     </span>
    </p>
   </div>
   <div class='ocr_carea' id='block_1_8' title="bbox 407 752 1974 826">
    <p class='ocr_par' dir='ltr' id='par_1_8' title="bbox 407 752 1974 826">
     <span class='ocr_line' id='line_1_8' title="bbox 407 752 1974 826; baseline 0.003 -21"><span class='ocrx_word' id='word_1_39' title='bbox 407 752 613 807; x_wconf 89' lang='lat' dir='ltr'><strong>tiarunt</strong></span> <span class='ocrx_word' id='word_1_40' title='bbox 661 755 859 808; x_wconf 90' lang='lat' dir='ltr'><strong>merito</strong></span> <span class='ocrx_word' id='word_1_41' title='bbox 906 754 1151 810; x_wconf 56' lang='grc' dir='ltr'><strong>σεσημειή</strong></span> <span class='ocrx_word' id='word_1_42' title='bbox 1199 757 1402 810; x_wconf 89' lang='lat' dir='ltr'><strong>debent</strong></span> <span class='ocrx_word' id='word_1_43' title='bbox 1469 765 1526 810; x_wconf 89' lang='lat' dir='ltr'><strong>et</strong></span> <span class='ocrx_word' id='word_1_44' title='bbox 1589 770 1691 826; x_wconf 81' lang='lat' dir='ltr'><strong>ego</strong></span> <span class='ocrx_word' id='word_1_45' title='bbox 1746 757 1974 810; x_wconf 89' lang='lat' dir='ltr'><strong>minime</strong></span> 
     </span>
    </p>
   </div>
   <div class='ocr_carea' id='block_1_9' title="bbox 410 844 1972 918">
    <p class='ocr_par' dir='ltr' id='par_1_9' title="bbox 410 844 1972 918">
     <span class='ocr_line' id='line_1_9' title="bbox 410 844 1972 918; baseline 0.003 -20"><span class='ocrx_word' id='word_1_46' title='bbox 410 844 722 900; x_wconf 84' lang='lat' dir='ltr'><strong>laudandus</strong></span> <span class='ocrx_word' id='word_1_47' title='bbox 775 863 920 912; x_wconf 90' lang='lat' dir='ltr'><strong>sum,</strong></span> <span class='ocrx_word' id='word_1_48' title='bbox 956 849 1049 917; x_wconf 85' lang='lat' dir='ltr'><strong>qui</strong></span> <span class='ocrx_word' id='word_1_49' title='bbox 1078 850 1432 918; x_wconf 84' lang='lat' dir='ltr'><strong>sycophantis</strong></span> <span class='ocrx_word' id='word_1_50' title='bbox 1463 849 1624 903; x_wconf 81' lang='lat' dir='ltr'><strong>fidem</strong></span> <span class='ocrx_word' id='word_1_51' title='bbox 1655 849 1972 904; x_wconf 89' lang='lat' dir='ltr'><strong>commoda-</strong></span> 
     </span>
    </p>
   </div>
   <div class='ocr_carea' id='block_1_10' title="bbox 409 936 1977 1008">
    <p class='ocr_par' dir='ltr' id='par_1_10' title="bbox 409 936 1977 1008">
     <span class='ocr_line' id='line_1_10' title="bbox 409 936 1977 1008; baseline 0.002 -21"><span class='ocrx_word' id='word_1_52' title='bbox 409 936 583 989; x_wconf 90' lang='lat' dir='ltr'><strong>verim</strong></span> <span class='ocrx_word' id='word_1_53' title='bbox 635 936 772 1001; x_wconf 69' lang='lat'><strong>(73).</strong></span> <span class='ocrx_word' id='word_1_54' title='bbox 821 937 900 1000; x_wconf 91' lang='lat' dir='ltr'><strong>Si,</strong></span> <span class='ocrx_word' id='word_1_55' title='bbox 946 947 1010 1008; x_wconf 27' lang='lat' dir='ltr'><strong>ut.</strong></span> <span class='ocrx_word' id='word_1_56' title='bbox 1045 939 1317 1001; x_wconf 87' lang='lat' dir='ltr'><strong>dicebam,</strong></span> <span class='ocrx_word' id='word_1_57' title='bbox 1354 949 1448 993; x_wconf 90' lang='lat' dir='ltr'><strong>aut</strong></span> <span class='ocrx_word' id='word_1_58' title='bbox 1473 940 1594 1008; x_wconf 84' lang='lat' dir='ltr'><strong>plus</strong></span> <span class='ocrx_word' id='word_1_59' title='bbox 1620 947 1671 993; x_wconf 87' lang='lat' dir='ltr'><strong>te</strong></span> <span class='ocrx_word' id='word_1_60' title='bbox 1705 954 1977 993; x_wconf 83' lang='lat' dir='ltr'><strong>consecu-</strong></span> 
     </span>
    </p>
   </div>
   <div class='ocr_carea' id='block_1_11' title="bbox 411 1027 1974 1106">
    <p class='ocr_par' dir='ltr' id='par_1_11' title="bbox 411 1027 1974 1106">
     <span class='ocr_line' id='line_1_11' title="bbox 411 1027 1974 1106; baseline 0.005 -29"><span class='ocrx_word' id='word_1_61' title='bbox 411 1036 594 1106; x_wconf 80' lang='lat' dir='ltr'><strong>turum</strong></span> <span class='ocrx_word' id='word_1_62' title='bbox 639 1027 959 1087; x_wconf 84' lang='lat' dir='ltr'><strong>arbitratus.</strong></span> <span class='ocrx_word' id='word_1_63' title='bbox 1009 1039 1104 1082; x_wconf 88' lang='lat' dir='ltr'><strong>aut</strong></span> <span class='ocrx_word' id='word_1_64' title='bbox 1146 1029 1389 1084; x_wconf 81' lang='lat' dir='ltr'><strong>indidem</strong></span> <span class='ocrx_word' id='word_1_65' title='bbox 1425 1044 1722 1098; x_wconf 83' lang='lat' dir='ltr'><strong>persuasus</strong></span> <span class='ocrx_word' id='word_1_66' title='bbox 1748 1029 1854 1084; x_wconf 88' lang='lat' dir='ltr'><strong>huc</strong></span> <span class='ocrx_word' id='word_1_67' title='bbox 1881 1032 1974 1085; x_wconf 91' lang='lat' dir='ltr'><strong>de-</strong></span> 
     </span>
    </p>
   </div>
   <div class='ocr_carea' id='block_1_12' title="bbox 408 1117 1970 1190">
    <p class='ocr_par' dir='ltr' id='par_1_12' title="bbox 408 1117 1970 1190">
     <span class='ocr_line' id='line_1_12' title="bbox 408 1117 1970 1190; baseline 0.005 -23"><span class='ocrx_word' id='word_1_68' title='bbox 408 1117 630 1181; x_wconf 89' lang='lat' dir='ltr'><strong>venisti,</strong></span> <span class='ocrx_word' id='word_1_69' title='bbox 658 1127 713 1172; x_wconf 85' lang='lat' dir='ltr'><strong>et</strong></span> <span class='ocrx_word' id='word_1_70' title='bbox 744 1119 828 1172; x_wconf 85' lang='lat' dir='ltr'><strong>his</strong></span> <span class='ocrx_word' id='word_1_71' title='bbox 859 1121 1286 1190; x_wconf 74' lang='lat' dir='ltr'><strong>cogitationibus</strong></span> <span class='ocrx_word' id='word_1_72' title='bbox 1317 1122 1528 1176; x_wconf 90' lang='lat' dir='ltr'><strong>monitu</strong></span> <span class='ocrx_word' id='word_1_73' title='bbox 1561 1137 1684 1175; x_wconf 85' lang='lat' dir='ltr'><strong>meo</strong></span> <span class='ocrx_word' id='word_1_74' title='bbox 1702 1122 1970 1188; x_wconf 65' lang='lat' dir='ltr'><strong>excussis,</strong></span> 
     </span>
    </p>
   </div>
   <div class='ocr_carea' id='block_1_13' title="bbox 412 1207 1975 1284">
    <p class='ocr_par' dir='ltr' id='par_1_13' title="bbox 412 1207 1975 1284">
     <span class='ocr_line' id='line_1_13' title="bbox 412 1207 1975 1284; baseline 0.006 -24"><span class='ocrx_word' id='word_1_75' title='bbox 412 1207 571 1260; x_wconf 82' lang='lat' dir='ltr'><strong>fidem</strong></span> <span class='ocrx_word' id='word_1_76' title='bbox 625 1210 758 1263; x_wconf 90' lang='lat' dir='ltr'><strong>mihi</strong></span> <span class='ocrx_word' id='word_1_77' title='bbox 819 1226 1171 1281; x_wconf 89' lang='lat' dir='ltr'><strong>amoremque</strong></span> <span class='ocrx_word' id='word_1_78' title='bbox 1214 1215 1506 1284; x_wconf 86' lang='lat' dir='ltr'><strong>pristinum</strong></span> <span class='ocrx_word' id='word_1_79' title='bbox 1575 1215 1866 1270; x_wconf 76' lang='lat' dir='ltr'><strong>sinceriter</strong></span> <span class='ocrx_word' id='word_1_80' title='bbox 1909 1230 1975 1270; x_wconf 89' lang='lat' dir='ltr'><strong>ac</strong></span> 
     </span>
    </p>
   </div>
   <div class='ocr_carea' id='block_1_14' title="bbox 411 1300 1974 1374">
    <p class='ocr_par' dir='ltr' id='par_1_14' title="bbox 411 1300 1974 1374">
     <span class='ocr_line' id='line_1_14' title="bbox 411 1300 1974 1374; baseline 0.005 -23"><span class='ocrx_word' id='word_1_81' title='bbox 411 1300 624 1366; x_wconf 88' lang='lat' dir='ltr'><strong>puriter</strong></span> <span class='ocrx_word' id='word_1_82' title='bbox 667 1312 928 1370; x_wconf 74' lang='lat' dir='ltr'><strong>praestare</strong></span> <span class='ocrx_word' id='word_1_83' title='bbox 980 1305 1219 1358; x_wconf 87' lang='lat' dir='ltr'><strong>volneris</strong></span> <span class='ocrx_word' id='word_1_84' title='bbox 1241 1344 1254 1369; x_wconf 94' lang='lat'><strong>,</strong></span> <span class='ocrx_word' id='word_1_85' title='bbox 1287 1321 1440 1374; x_wconf 64' lang='lat' dir='ltr'><strong>atque</strong></span> <span class='ocrx_word' id='word_1_86' title='bbox 1473 1314 1532 1360; x_wconf 86' lang='lat' dir='ltr'><strong>ut</strong></span> <span class='ocrx_word' id='word_1_87' title='bbox 1566 1314 1692 1360; x_wconf 89' lang='lat' dir='ltr'><strong>ante</strong></span> <span class='ocrx_word' id='word_1_88' title='bbox 1731 1305 1974 1373; x_wconf 78' lang='lat' dir='ltr'><strong>benevo-</strong></span> 
     </span>
    </p>
   </div>
   <div class='ocr_carea' id='block_1_15' title="bbox 409 1388 1975 1466">
    <p class='ocr_par' dir='ltr' id='par_1_15' title="bbox 409 1388 1975 1466">
     <span class='ocr_line' id='line_1_15' title="bbox 409 1388 1975 1466; baseline 0.006 -25"><span class='ocrx_word' id='word_1_89' title='bbox 409 1388 521 1443; x_wconf 86' lang='lat' dir='ltr'><strong>lum</strong></span> <span class='ocrx_word' id='word_1_90' title='bbox 556 1407 642 1445; x_wconf 89' lang='lat' dir='ltr'><strong>me</strong></span> <span class='ocrx_word' id='word_1_91' title='bbox 692 1402 746 1445; x_wconf 85' lang='lat' dir='ltr'><strong>et</strong></span> <span class='ocrx_word' id='word_1_92' title='bbox 773 1395 1010 1448; x_wconf 86' lang='lat' dir='ltr'><strong>amicum</strong></span> <span class='ocrx_word' id='word_1_93' title='bbox 1048 1396 1146 1449; x_wconf 85' lang='lat' dir='ltr'><strong>tibi</strong></span> <span class='ocrx_word' id='word_1_94' title='bbox 1181 1395 1306 1450; x_wconf 80' lang='lat' dir='ltr'><strong>faxo</strong></span> <span class='ocrx_word' id='word_1_95' title='bbox 1336 1398 1624 1465; x_wconf 80' lang='lat' dir='ltr'><strong>experiare</strong></span> <span class='ocrx_word' id='word_1_96' title='bbox 1652 1412 1669 1451; x_wconf 87' lang='lat'><strong>:</strong></span> <span class='ocrx_word' id='word_1_97' title='bbox 1703 1413 1805 1452; x_wconf 90' lang='lat' dir='ltr'><strong>nec</strong></span> <span class='ocrx_word' id='word_1_98' title='bbox 1834 1412 1975 1466; x_wconf 75' lang='lat' dir='ltr'><strong>prae-</strong></span> 
     </span>
    </p>
   </div>
   <div class='ocr_carea' id='block_1_16' title="bbox 412 1482 1968 1558">
    <p class='ocr_par' dir='ltr' id='par_1_16' title="bbox 412 1482 1968 1558">
     <span class='ocr_line' id='line_1_16' title="bbox 412 1482 1968 1558; baseline 0.006 -25"><span class='ocrx_word' id='word_1_99' title='bbox 412 1482 609 1545; x_wconf 89' lang='lat' dir='ltr'><strong>terita,</strong></span> <span class='ocrx_word' id='word_1_100' title='bbox 661 1484 887 1551; x_wconf 57' lang='lat' dir='ltr'><strong>perinde</strong></span> <span class='ocrx_word' id='word_1_101' title='bbox 940 1502 1003 1540; x_wconf 90' lang='lat' dir='ltr'><strong>ac</strong></span> <span class='ocrx_word' id='word_1_102' title='bbox 1065 1487 1108 1540; x_wconf 88' lang='lat' dir='ltr'><strong>si</strong></span> <span class='ocrx_word' id='word_1_103' title='bbox 1151 1488 1304 1542; x_wconf 85' lang='lat' dir='ltr'><strong>nulla</strong></span> <span class='ocrx_word' id='word_1_104' title='bbox 1361 1489 1615 1552; x_wconf 87' lang='lat' dir='ltr'><strong>fuissent,</strong></span> <span class='ocrx_word' id='word_1_105' title='bbox 1675 1488 1968 1558; x_wconf 89' lang='lat' dir='ltr'><strong>reputabo,</strong></span> 
     </span>
    </p>
   </div>
   <div class='ocr_carea' id='block_1_17' title="bbox 413 1573 1973 1650">
    <p class='ocr_par' dir='ltr' id='par_1_17' title="bbox 413 1573 1973 1650">
     <span class='ocr_line' id='line_1_17' title="bbox 413 1573 1973 1650; baseline 0.008 -28"><span class='ocrx_word' id='word_1_106' title='bbox 413 1573 860 1642; x_wconf 83' lang='lat' dir='ltr'><strong>quandoquidem</strong></span> <span class='ocrx_word' id='word_1_107' title='bbox 891 1589 1091 1645; x_wconf 64' lang='lat' dir='ltr'><strong>praeter</strong></span> <span class='ocrx_word' id='word_1_108' title='bbox 1143 1593 1294 1632; x_wconf 89' lang='lat' dir='ltr'><strong>meas</strong></span> <span class='ocrx_word' id='word_1_109' title='bbox 1332 1581 1625 1650; x_wconf 78' lang='lat' dir='ltr'><strong>magnique</strong></span> <span class='ocrx_word' id='word_1_110' title='bbox 1681 1579 1973 1635; x_wconf 88' lang='lat' dir='ltr'><strong>domestici</strong></span> 
     </span>
    </p>
   </div>
   <div class='ocr_carea' id='block_1_18' title="bbox 411 1661 1976 1741">
    <p class='ocr_par' dir='ltr' id='par_1_18' title="bbox 411 1661 1976 1741">
     <span class='ocr_line' id='line_1_18' title="bbox 411 1661 1976 1741; baseline 0.01 -31"><span class='ocrx_word' id='word_1_111' title='bbox 411 1661 616 1715; x_wconf 89' lang='lat' dir='ltr'><strong>nullius</strong></span> <span class='ocrx_word' id='word_1_112' title='bbox 659 1679 823 1719; x_wconf 88' lang='lat' dir='ltr'><strong>aures</strong></span> <span class='ocrx_word' id='word_1_113' title='bbox 877 1667 1194 1736; x_wconf 80' lang='lat' dir='ltr'><strong>tetigerunt.</strong></span> <span class='ocrx_word' id='word_1_114' title='bbox 1243 1669 1299 1725; x_wconf 93' lang='lat' dir='ltr'><strong>Si</strong></span> <span class='ocrx_word' id='word_1_115' title='bbox 1339 1686 1472 1725; x_wconf 88' lang='lat' dir='ltr'><strong>vero</strong></span> <span class='ocrx_word' id='word_1_116' title='bbox 1522 1681 1581 1725; x_wconf 93' lang='lat' dir='ltr'><strong>ut</strong></span> <span class='ocrx_word' id='word_1_117' title='bbox 1633 1671 1883 1741; x_wconf 90' lang='lat' dir='ltr'><strong>iniquum</strong></span> <span class='ocrx_word' id='word_1_118' title='bbox 1919 1680 1976 1726; x_wconf 84' lang='lat' dir='ltr'><strong>et</strong></span> 
     </span>
    </p>
   </div>
   <div class='ocr_carea' id='block_1_19' title="bbox 412 1757 2049 1856">
    <p class='ocr_par' dir='ltr' id='par_1_19' title="bbox 412 1757 2049 1856">
     <span class='ocr_line' id='line_1_19' title="bbox 412 1757 2049 1856; baseline 0.008 -54"><span class='ocrx_word' id='word_1_119' title='bbox 412 1766 645 1820; x_wconf 88' lang='lat' dir='ltr'><strong>nequam</strong></span> <span class='ocrx_word' id='word_1_120' title='bbox 687 1771 772 1808; x_wconf 91' lang='lat' dir='ltr'><strong>me</strong></span> <span class='ocrx_word' id='word_1_121' title='bbox 794 1757 953 1826; x_wconf 78' lang='lat' dir='ltr'><strong>fugis,</strong></span> <span class='ocrx_word' id='word_1_122' title='bbox 981 1774 1304 1830; x_wconf 87' lang='lat' dir='ltr'><strong>mecumque</strong></span> <span class='ocrx_word' id='word_1_123' title='bbox 1325 1763 1510 1817; x_wconf 86' lang='lat' dir='ltr'><strong>vivere</strong></span> <span class='ocrx_word' id='word_1_124' title='bbox 1553 1777 1616 1816; x_wconf 77' lang='lat' dir='ltr'><strong>ac</strong></span> <span class='ocrx_word' id='word_1_125' title='bbox 1648 1761 1858 1816; x_wconf 89' lang='lat' dir='ltr'><strong>versari</strong></span> <span class='ocrx_word' id='word_1_126' title='bbox 1891 1762 1976 1815; x_wconf 90' lang='lat' dir='ltr'><strong>in-</strong></span> <span class='ocrx_word' id='word_1_127' title='bbox 2001 1796 2049 1856; x_wconf 75' lang='grc' dir='ltr'><strong>Β</strong></span> 
     </span>
    </p>
   </div>
   <div class='ocr_carea' id='block_1_20' title="bbox 410 1843 1975 1921">
    <p class='ocr_par' dir='ltr' id='par_1_20' title="bbox 410 1843 1975 1921">
     <span class='ocr_line' id='line_1_20' title="bbox 410 1843 1975 1921; baseline 0.008 -28"><span class='ocrx_word' id='word_1_128' title='bbox 410 1843 753 1898; x_wconf 87' lang='lat' dir='ltr'><strong>tolerandum</strong></span> <span class='ocrx_word' id='word_1_129' title='bbox 775 1860 930 1914; x_wconf 71' lang='lat' dir='ltr'><strong>putas</strong></span> <span class='ocrx_word' id='word_1_130' title='bbox 955 1867 968 1902; x_wconf 91' lang='lat'><strong>:</strong></span> <span class='ocrx_word' id='word_1_131' title='bbox 999 1851 1096 1904; x_wconf 89' lang='lat' dir='ltr'><strong>sed</strong></span> <span class='ocrx_word' id='word_1_132' title='bbox 1123 1851 1192 1905; x_wconf 90' lang='lat' dir='ltr'><strong>ab</strong></span> <span class='ocrx_word' id='word_1_133' title='bbox 1213 1866 1317 1905; x_wconf 93' lang='lat' dir='ltr'><strong>avo</strong></span> <span class='ocrx_word' id='word_1_134' title='bbox 1343 1851 1528 1906; x_wconf 87' lang='lat' dir='ltr'><strong>divina</strong></span> <span class='ocrx_word' id='word_1_135' title='bbox 1551 1852 1799 1921; x_wconf 68' lang='lat' dir='ltr'><strong>quaedam</strong></span> <span class='ocrx_word' id='word_1_136' title='bbox 1830 1852 1975 1906; x_wconf 88' lang='lat' dir='ltr'><strong>bona</strong></span> 
     </span>
    </p>
   </div>
   <div class='ocr_carea' id='block_1_21' title="bbox 411 1934 1975 2012">
    <p class='ocr_par' dir='ltr' id='par_1_21' title="bbox 411 1934 1975 2012">
     <span class='ocr_line' id='line_1_21' title="bbox 411 1934 1975 2012; baseline 0.008 -28"><span class='ocrx_word' id='word_1_137' title='bbox 411 1942 463 1986; x_wconf 91' lang='lat' dir='ltr'><strong>te</strong></span> <span class='ocrx_word' id='word_1_138' title='bbox 505 1934 831 2004; x_wconf 87' lang='lat' dir='ltr'><strong>adepturum</strong></span> <span class='ocrx_word' id='word_1_139' title='bbox 882 1941 1139 2004; x_wconf 86' lang='lat' dir='ltr'><strong>credens,</strong></span> <span class='ocrx_word' id='word_1_140' title='bbox 1171 1941 1237 1995; x_wconf 86' lang='lat' dir='ltr'><strong>ad</strong></span> <span class='ocrx_word' id='word_1_141' title='bbox 1270 1943 1422 1997; x_wconf 90' lang='lat' dir='ltr'><strong>illum</strong></span> <span class='ocrx_word' id='word_1_142' title='bbox 1459 1952 1512 1997; x_wconf 89' lang='lat' dir='ltr'><strong>te</strong></span> <span class='ocrx_word' id='word_1_143' title='bbox 1550 1943 1850 2012; x_wconf 76' lang='lat' dir='ltr'><strong>adjungere</strong></span> <span class='ocrx_word' id='word_1_144' title='bbox 1875 1943 1975 1998; x_wconf 91' lang='lat' dir='ltr'><strong>de-</strong></span> 
     </span>
    </p>
   </div>
   <div class='ocr_carea' id='block_1_22' title="bbox 409 2019 1972 2099">
    <p class='ocr_par' dir='ltr' id='par_1_22' title="bbox 409 2019 1972 2099">
     <span class='ocr_line' id='line_1_22' title="bbox 409 2019 1972 2099; baseline 0.01 -25"><span class='ocrx_word' id='word_1_145' title='bbox 409 2019 858 2080; x_wconf 79' lang='lat' dir='ltr'><strong>libe&#39;ratissimum</strong></span> <span class='ocrx_word' id='word_1_146' title='bbox 911 2029 1102 2092; x_wconf 89' lang='lat' dir='ltr'><strong>babes,</strong></span> <span class='ocrx_word' id='word_1_147' title='bbox 1145 2028 1307 2086; x_wconf 83' lang='lat' dir='ltr'><strong>doleo</strong></span> <span class='ocrx_word' id='word_1_148' title='bbox 1349 2034 1451 2087; x_wconf 88' lang='lat' dir='ltr'><strong>ista</strong></span> <span class='ocrx_word' id='word_1_149' title='bbox 1493 2033 1830 2089; x_wconf 89' lang='lat' dir='ltr'><strong>discessione</strong></span> <span class='ocrx_word' id='word_1_150' title='bbox 1859 2043 1972 2099; x_wconf 89' lang='lat' dir='ltr'><strong>tua,</strong></span> 
     </span>
    </p>
   </div>
   <div class='ocr_carea' id='block_1_23' title="bbox 409 2119 1974 2193">
    <p class='ocr_par' dir='ltr' id='par_1_23' title="bbox 409 2119 1974 2193">
     <span class='ocr_line' id='line_1_23' title="bbox 409 2119 1974 2193; baseline 0.01 -28"><span class='ocrx_word' id='word_1_151' title='bbox 409 2122 542 2166; x_wconf 87' lang='lat' dir='ltr'><strong>cum</strong></span> <span class='ocrx_word' id='word_1_152' title='bbox 577 2130 662 2169; x_wconf 89' lang='lat' dir='ltr'><strong>me</strong></span> <span class='ocrx_word' id='word_1_153' title='bbox 691 2119 870 2172; x_wconf 84' lang='lat' dir='ltr'><strong>amico</strong></span> <span class='ocrx_word' id='word_1_154' title='bbox 922 2128 977 2173; x_wconf 87' lang='lat' dir='ltr'><strong>et</strong></span> <span class='ocrx_word' id='word_1_155' title='bbox 1008 2121 1263 2176; x_wconf 81' lang='lat' dir='ltr'><strong>familiari</strong></span> <span class='ocrx_word' id='word_1_156' title='bbox 1291 2125 1563 2193; x_wconf 88' lang='lat' dir='ltr'><strong>privatum</strong></span> <span class='ocrx_word' id='word_1_157' title='bbox 1590 2125 1825 2189; x_wconf 85' lang='lat' dir='ltr'><strong>videam,</strong></span> <span class='ocrx_word' id='word_1_158' title='bbox 1861 2127 1974 2181; x_wconf 85' lang='lat' dir='ltr'><strong>vim</strong></span> 
     </span>
    </p>
   </div>
   <div class='ocr_carea' id='block_1_24' title="bbox 411 2211 1971 2285">
    <p class='ocr_par' dir='ltr' id='par_1_24' title="bbox 411 2211 1971 2285">
     <span class='ocr_line' id='line_1_24' title="bbox 411 2211 1971 2285; baseline 0.009 -27"><span class='ocrx_word' id='word_1_159' title='bbox 411 2217 590 2261; x_wconf 88' lang='lat' dir='ltr'><strong>tamen</strong></span> <span class='ocrx_word' id='word_1_160' title='bbox 640 2223 749 2262; x_wconf 90' lang='lat' dir='ltr'><strong>non</strong></span> <span class='ocrx_word' id='word_1_161' title='bbox 801 2211 1118 2276; x_wconf 81' lang='lat' dir='ltr'><strong>intentabo,</strong></span> <span class='ocrx_word' id='word_1_162' title='bbox 1167 2231 1347 2285; x_wconf 88' lang='lat' dir='ltr'><strong>neque</strong></span> <span class='ocrx_word' id='word_1_163' title='bbox 1395 2216 1630 2270; x_wconf 92' lang='lat' dir='ltr'><strong>invitum</strong></span> <span class='ocrx_word' id='word_1_164' title='bbox 1665 2217 1971 2272; x_wconf 83' lang='lat' dir='ltr'><strong>retinebo:</strong></span> 
     </span>
    </p>
   </div>
   <div class='ocr_carea' id='block_1_25' title="bbox 409 2299 1975 2376">
    <p class='ocr_par' dir='ltr' id='par_1_25' title="bbox 409 2299 1975 2376">
     <span class='ocr_line' id='line_1_25' title="bbox 409 2299 1975 2376; baseline 0.011 -29"><span class='ocrx_word' id='word_1_165' title='bbox 409 2299 630 2364; x_wconf 86' lang='lat' dir='ltr'><strong>quando</strong></span> <span class='ocrx_word' id='word_1_166' title='bbox 662 2316 842 2369; x_wconf 90' lang='lat' dir='ltr'><strong>neque</strong></span> <span class='ocrx_word' id='word_1_167' title='bbox 871 2318 900 2355; x_wconf 91' lang='lat' dir='ltr'><strong>a</strong></span> <span class='ocrx_word' id='word_1_168' title='bbox 932 2303 1206 2375; x_wconf 90' lang='lat' dir='ltr'><strong>principio</strong></span> <span class='ocrx_word' id='word_1_169' title='bbox 1230 2307 1318 2361; x_wconf 91' lang='lat' dir='ltr'><strong>vel</strong></span> <span class='ocrx_word' id='word_1_170' title='bbox 1357 2307 1475 2376; x_wconf 82' lang='lat' dir='ltr'><strong>lege</strong></span> <span class='ocrx_word' id='word_1_171' title='bbox 1501 2308 1724 2374; x_wconf 89' lang='lat' dir='ltr'><strong>bellica,</strong></span> <span class='ocrx_word' id='word_1_172' title='bbox 1757 2311 1841 2364; x_wconf 85' lang='lat' dir='ltr'><strong>vel</strong></span> <span class='ocrx_word' id='word_1_173' title='bbox 1868 2309 1975 2365; x_wconf 90' lang='lat' dir='ltr'><strong>alia</strong></span> 
     </span>
    </p>
   </div>
   <div class='ocr_carea' id='block_1_26' title="bbox 407 2389 1973 2463">
    <p class='ocr_par' dir='ltr' id='par_1_26' title="bbox 407 2389 1973 2463">
     <span class='ocr_line' id='line_1_26' title="bbox 407 2389 1973 2463; baseline 0.011 -24"><span class='ocrx_word' id='word_1_174' title='bbox 407 2389 641 2454; x_wconf 83' lang='lat' dir='ltr'><strong>quadam</strong></span> <span class='ocrx_word' id='word_1_175' title='bbox 698 2392 996 2458; x_wconf 87' lang='lat' dir='ltr'><strong>violentia,</strong></span> <span class='ocrx_word' id='word_1_176' title='bbox 1049 2405 1110 2450; x_wconf 87' lang='lat' dir='ltr'><strong>ut</strong></span> <span class='ocrx_word' id='word_1_177' title='bbox 1171 2397 1308 2451; x_wconf 83' lang='lat' dir='ltr'><strong>mihi</strong></span> <span class='ocrx_word' id='word_1_178' title='bbox 1369 2399 1646 2463; x_wconf 88' lang='lat' dir='ltr'><strong>servires,</strong></span> <span class='ocrx_word' id='word_1_179' title='bbox 1706 2411 1760 2456; x_wconf 86' lang='lat' dir='ltr'><strong>te</strong></span> <span class='ocrx_word' id='word_1_180' title='bbox 1820 2417 1973 2456; x_wconf 85' lang='lat' dir='ltr'><strong>com-</strong></span> 
     </span>
    </p>
   </div>
   <div class='ocr_carea' id='block_1_27' title="bbox 409 2479 1972 2558">
    <p class='ocr_par' dir='ltr' id='par_1_27' title="bbox 409 2479 1972 2558">
     <span class='ocr_line' id='line_1_27' title="bbox 409 2479 1972 2558; baseline 0.011 -30"><span class='ocrx_word' id='word_1_181' title='bbox 409 2479 526 2543; x_wconf 91' lang='lat' dir='ltr'><strong>puli</strong></span> <span class='ocrx_word' id='word_1_182' title='bbox 564 2495 578 2530; x_wconf 90' lang='lat'><strong>:</strong></span> <span class='ocrx_word' id='word_1_183' title='bbox 614 2496 808 2536; x_wconf 90' lang='lat' dir='ltr'><strong>verum</strong></span> <span class='ocrx_word' id='word_1_184' title='bbox 838 2484 984 2539; x_wconf 91' lang='lat' dir='ltr'><strong>ultro</strong></span> <span class='ocrx_word' id='word_1_185' title='bbox 1013 2494 1100 2540; x_wconf 84' lang='lat' dir='ltr'><strong>me</strong></span> <span class='ocrx_word' id='word_1_186' title='bbox 1135 2498 1380 2554; x_wconf 90' lang='lat' dir='ltr'><strong>secutus,</strong></span> <span class='ocrx_word' id='word_1_187' title='bbox 1415 2491 1547 2544; x_wconf 89' lang='lat' dir='ltr'><strong>mihi</strong></span> <span class='ocrx_word' id='word_1_188' title='bbox 1574 2491 1972 2558; x_wconf 66' lang='lat' dir='ltr'><strong>adhaerescere,</strong></span> 
     </span>
    </p>
   </div>
   <div class='ocr_carea' id='block_1_28' title="bbox 411 2575 1974 2652">
    <p class='ocr_par' dir='ltr' id='par_1_28' title="bbox 411 2575 1974 2652">
     <span class='ocr_line' id='line_1_28' title="bbox 411 2575 1974 2652; baseline 0.013 -32"><span class='ocrx_word' id='word_1_189' title='bbox 411 2583 624 2623; x_wconf 90' lang='lat' dir='ltr'><strong>mecum</strong></span> <span class='ocrx_word' id='word_1_190' title='bbox 674 2581 838 2640; x_wconf 91' lang='lat' dir='ltr'><strong>caput</strong></span> <span class='ocrx_word' id='word_1_191' title='bbox 881 2575 1157 2646; x_wconf 86' lang='lat' dir='ltr'><strong>objectare</strong></span> <span class='ocrx_word' id='word_1_192' title='bbox 1201 2578 1486 2646; x_wconf 85' lang='lat' dir='ltr'><strong>periculis,</strong></span> <span class='ocrx_word' id='word_1_193' title='bbox 1539 2596 1770 2652; x_wconf 86' lang='lat' dir='ltr'><strong>meaque</strong></span> <span class='ocrx_word' id='word_1_194' title='bbox 1810 2598 1974 2639; x_wconf 85' lang='lat' dir='ltr'><strong>causa</strong></span> 
     </span>
    </p>
   </div>
   <div class='ocr_carea' id='block_1_29' title="bbox 409 2657 1974 2746">
    <p class='ocr_par' dir='ltr' id='par_1_29' title="bbox 409 2657 1974 2746">
     <span class='ocr_line' id='line_1_29' title="bbox 409 2657 1974 2746; baseline 0.016 -38"><span class='ocrx_word' id='word_1_195' title='bbox 409 2657 634 2724; x_wconf 87' lang='lat' dir='ltr'><strong>quidvis</strong></span> <span class='ocrx_word' id='word_1_196' title='bbox 675 2659 1386 2739; x_wconf 81' lang='lat' dir='ltr'><strong>facturumpassurumque</strong></span> <span class='ocrx_word' id='word_1_197' title='bbox 1431 2672 1755 2741; x_wconf 85' lang='lat' dir='ltr'><strong>promisisti.</strong></span> <span class='ocrx_word' id='word_1_198' title='bbox 1807 2675 1974 2746; x_wconf 88' lang='lat' dir='ltr'><strong>idque</strong></span> 
     </span>
    </p>
   </div>
   <div class='ocr_carea' id='block_1_30' title="bbox 411 2748 1974 2836">
    <p class='ocr_par' dir='ltr' id='par_1_30' title="bbox 411 2748 1974 2836">
     <span class='ocr_line' id='line_1_30' title="bbox 411 2748 1974 2836; baseline 0.016 -37"><span class='ocrx_word' id='word_1_199' title='bbox 411 2762 470 2801; x_wconf 89' lang='lat' dir='ltr'><strong>re</strong></span> <span class='ocrx_word' id='word_1_200' title='bbox 510 2748 626 2816; x_wconf 87' lang='lat' dir='ltr'><strong>ipsa</strong></span> <span class='ocrx_word' id='word_1_201' title='bbox 657 2753 825 2806; x_wconf 86' lang='lat' dir='ltr'><strong>etiam</strong></span> <span class='ocrx_word' id='word_1_202' title='bbox 856 2757 1116 2822; x_wconf 67' lang='lat' dir='ltr'><strong>praeclare</strong></span> <span class='ocrx_word' id='word_1_203' title='bbox 1150 2758 1544 2819; x_wconf 86' lang='lat' dir='ltr'><strong>demonstrasti</strong></span> <span class='ocrx_word' id='word_1_204' title='bbox 1576 2765 1711 2836; x_wconf 73' lang='grc'>(74).</span> <span class='ocrx_word' id='word_1_205' title='bbox 1739 2766 1974 2824; x_wconf 83' lang='lat' dir='ltr'><strong>Verum-</strong></span> 
     </span>
    </p>
   </div>
   <div class='ocr_carea' id='block_1_31' title="bbox 410 2845 1975 2924">
    <p class='ocr_par' dir='ltr' id='par_1_31' title="bbox 410 2845 1975 2924">
     <span class='ocr_line' id='line_1_31' title="bbox 410 2845 1975 2924; baseline 0.014 -33"><span class='ocrx_word' id='word_1_206' title='bbox 410 2846 594 2893; x_wconf 87' lang='lat' dir='ltr'><strong>tamen</strong></span> <span class='ocrx_word' id='word_1_207' title='bbox 637 2855 738 2895; x_wconf 90' lang='lat' dir='ltr'><strong>nec</strong></span> <span class='ocrx_word' id='word_1_208' title='bbox 772 2857 873 2913; x_wconf 76' lang='lat' dir='ltr'><strong>ego</strong></span> <span class='ocrx_word' id='word_1_209' title='bbox 921 2845 1165 2916; x_wconf 79' lang='lat' dir='ltr'><strong>ingratus</strong></span> <span class='ocrx_word' id='word_1_210' title='bbox 1219 2851 1654 2924; x_wconf 87' lang='lat' dir='ltr'><strong>meritorumque</strong></span> <span class='ocrx_word' id='word_1_211' title='bbox 1685 2856 1975 2913; x_wconf 89' lang='lat' dir='ltr'><strong>immemor</strong></span> 
     </span>
    </p>
   </div>
   <div class='ocr_carea' id='block_1_32' title="bbox 313 2928 1974 3016">
    <p class='ocr_par' dir='ltr' id='par_1_32' title="bbox 313 2928 1974 3016">
     <span class='ocr_line' id='line_1_32' title="bbox 313 2928 1974 3016; baseline 0.015 -36"><span class='ocrx_word' id='word_1_212' title='bbox 313 3011 324 3016; x_wconf 72' lang='lat'>_</span> <span class='ocrx_word' id='word_1_213' title='bbox 409 2928 512 2984; x_wconf 89' lang='lat' dir='ltr'><strong>fui.</strong></span> <span class='ocrx_word' id='word_1_214' title='bbox 552 2930 688 2984; x_wconf 87' lang='lat' dir='ltr'><strong>Nam</strong></span> <span class='ocrx_word' id='word_1_215' title='bbox 715 2948 840 2988; x_wconf 91' lang='lat' dir='ltr'><strong>cum</strong></span> <span class='ocrx_word' id='word_1_216' title='bbox 873 2935 1018 2992; x_wconf 88' lang='lat' dir='ltr'><strong>Deus</strong></span> <span class='ocrx_word' id='word_1_217' title='bbox 1045 2943 1259 2997; x_wconf 89' lang='lat' dir='ltr'><strong>ardenti</strong></span> <span class='ocrx_word' id='word_1_218' title='bbox 1284 2945 1555 3001; x_wconf 84' lang='lat' dir='ltr'><strong>voluntati</strong></span> <span class='ocrx_word' id='word_1_219' title='bbox 1589 2963 1723 3004; x_wconf 73' lang='lat' dir='ltr'><strong>mea:</strong></span> <span class='ocrx_word' id='word_1_220' title='bbox 1750 2949 1804 3004; x_wconf 92' lang='lat' dir='ltr'><strong>in</strong></span> <span class='ocrx_word' id='word_1_221' title='bbox 1835 2951 1974 3004; x_wconf 89' lang='lat' dir='ltr'><strong>ami-</strong></span> 
     </span>
    </p>
   </div>
   <div class='ocr_carea' id='block_1_33' title="bbox 409 3023 1974 3105">
    <p class='ocr_par' dir='ltr' id='par_1_33' title="bbox 409 3023 1974 3105">
     <span class='ocr_line' id='line_1_33' title="bbox 409 3023 1974 3105; baseline 0.016 -31"><span class='ocrx_word' id='word_1_222' title='bbox 409 3033 505 3076; x_wconf 88' lang='lat' dir='ltr'><strong>cos</strong></span> <span class='ocrx_word' id='word_1_223' title='bbox 546 3023 712 3076; x_wconf 87' lang='lat' dir='ltr'><strong>etiam</strong></span> <span class='ocrx_word' id='word_1_224' title='bbox 744 3028 1060 3084; x_wconf 82' lang='lat' dir='ltr'><strong>facultatem</strong></span> <span class='ocrx_word' id='word_1_225' title='bbox 1095 3033 1402 3100; x_wconf 80' lang='lat' dir='ltr'><strong>tribuisset,</strong></span> <span class='ocrx_word' id='word_1_226' title='bbox 1431 3052 1557 3092; x_wconf 90' lang='lat' dir='ltr'><strong>cum</strong></span> <span class='ocrx_word' id='word_1_227' title='bbox 1587 3039 1742 3105; x_wconf 87' lang='lat' dir='ltr'><strong>alios,</strong></span> <span class='ocrx_word' id='word_1_228' title='bbox 1785 3053 1899 3096; x_wconf 92' lang='lat' dir='ltr'><strong>tum</strong></span> <span class='ocrx_word' id='word_1_229' title='bbox 1921 3052 1974 3099; x_wconf 90' lang='lat' dir='ltr'><strong>te</strong></span> 
     </span>
    </p>
   </div>
   <div class='ocr_carea' id='block_1_34' title="bbox 2077 567 3660 640">
    <p class='ocr_par' dir='ltr' id='par_1_34' title="bbox 2077 567 3660 640">
     <span class='ocr_line' id='line_1_34' title="bbox 2077 567 3660 640; baseline 0.004 -22"><span class='ocrx_word' id='word_1_230' title='bbox 2077 567 2381 637; x_wconf 85' lang='grc' dir='ltr'>Συργιάννη</span> <span class='ocrx_word' id='word_1_231' title='bbox 2413 569 2722 638; x_wconf 79' lang='grc' dir='ltr'>πυθόμενος</span> <span class='ocrx_word' id='word_1_232' title='bbox 2749 573 2776 622; x_wconf 90' lang='grc' dir='ltr'><strong>ὁ</strong></span> <span class='ocrx_word' id='word_1_233' title='bbox 2817 570 3097 639; x_wconf 81' lang='grc' dir='ltr'>βασιλεὺς,</span> <span class='ocrx_word' id='word_1_234' title='bbox 3129 571 3256 624; x_wconf 85' lang='grc' dir='ltr'>κατ’</span> <span class='ocrx_word' id='word_1_235' title='bbox 3295 569 3438 624; x_wconf 87' lang='grc' dir='ltr'>ίδίαν</span> <span class='ocrx_word' id='word_1_236' title='bbox 3497 571 3660 640; x_wconf 88' lang='grc' dir='ltr'>μόνον</span> 
     </span>
    </p>
   </div>
   <div class='ocr_carea' id='block_1_35' title="bbox 2077 659 3656 733">
    <p class='ocr_par' dir='ltr' id='par_1_35' title="bbox 2077 659 3656 733">
     <span class='ocr_line' id='line_1_35' title="bbox 2077 659 3656 733; baseline 0.002 -23"><span class='ocrx_word' id='word_1_237' title='bbox 2077 659 2429 729; x_wconf 77' lang='grc' dir='ltr'>παραλαϐὼν,</span> <span class='ocrx_word' id='word_1_238' title='bbox 2472 660 2783 726; x_wconf 83' lang='grc' dir='ltr'>Ἢκηκόειν,</span> <span class='ocrx_word' id='word_1_239' title='bbox 2840 661 2944 732; x_wconf 75' lang='grc' dir='ltr'>ἔφη</span> <span class='ocrx_word' id='word_1_240' title='bbox 2979 663 3116 733; x_wconf 75' lang='grc' dir='ltr'>πρὸς</span> <span class='ocrx_word' id='word_1_241' title='bbox 3147 662 3336 724; x_wconf 80' lang='grc' dir='ltr'>αὐτὸν,</span> <span class='ocrx_word' id='word_1_242' title='bbox 3391 662 3523 730; x_wconf 80' lang='grc' dir='ltr'>περὶ</span> <span class='ocrx_word' id='word_1_243' title='bbox 3563 660 3656 713; x_wconf 89' lang='grc' dir='ltr'><strong>σοῦ</strong></span> 
     </span>
    </p>
   </div>
   <div class='ocr_carea' id='block_1_36' title="bbox 2074 751 3661 822">
    <p class='ocr_par' dir='ltr' id='par_1_36' title="bbox 2074 751 3661 822">
     <span class='ocr_line' id='line_1_36' title="bbox 2074 751 3661 822; baseline 0.001 -19"><span class='ocrx_word' id='word_1_244' title='bbox 2074 751 2150 811; x_wconf 85' lang='grc' dir='ltr'>ὡς</span> <span class='ocrx_word' id='word_1_245' title='bbox 2183 751 2482 818; x_wconf 76' lang='grc' dir='ltr'>συμϐάσεις</span> <span class='ocrx_word' id='word_1_246' title='bbox 2541 752 2766 822; x_wconf 77' lang='grc' dir='ltr'><strong>θέμενος</strong></span> <span class='ocrx_word' id='word_1_247' title='bbox 2795 753 2934 822; x_wconf 75' lang='grc' dir='ltr'>πρὸς</span> <span class='ocrx_word' id='word_1_248' title='bbox 2961 755 3050 806; x_wconf 83' lang='grc' dir='ltr'>τὸν</span> <span class='ocrx_word' id='word_1_249' title='bbox 3083 753 3215 821; x_wconf 71' lang='grc' dir='ltr'>ἐμὸν</span> <span class='ocrx_word' id='word_1_250' title='bbox 3268 752 3505 804; x_wconf 81' lang='grc' dir='ltr'>πάππον</span> <span class='ocrx_word' id='word_1_251' title='bbox 3563 752 3661 805; x_wconf 80' lang='grc' dir='ltr'>καὶ</span> 
     </span>
    </p>
   </div>
   <div class='ocr_carea' id='block_1_37' title="bbox 2077 839 3655 912">
    <p class='ocr_par' dir='ltr' id='par_1_37' title="bbox 2077 839 3655 912">
     <span class='ocr_line' id='line_1_37' title="bbox 2077 839 3655 912; baseline 0.003 -22"><span class='ocrx_word' id='word_1_252' title='bbox 2077 839 2302 909; x_wconf 80' lang='grc' dir='ltr'>βασιλέα</span> <span class='ocrx_word' id='word_1_253' title='bbox 2338 840 2554 907; x_wconf 76' lang='grc' dir='ltr'><strong>μέλλεις</strong></span> <span class='ocrx_word' id='word_1_254' title='bbox 2619 839 2980 909; x_wconf 74' lang='grc' dir='ltr'><strong>μεθίστασθαι</strong></span> <span class='ocrx_word' id='word_1_255' title='bbox 3013 842 3150 912; x_wconf 81' lang='grc' dir='ltr'>πρὸς</span> <span class='ocrx_word' id='word_1_256' title='bbox 3188 842 3360 896; x_wconf 79' lang='grc' dir='ltr'>αὐτόν</span> <span class='ocrx_word' id='word_1_257' title='bbox 3389 857 3405 874; x_wconf 87' lang='grc'><strong>·</strong></span> <span class='ocrx_word' id='word_1_258' title='bbox 3445 843 3557 897; x_wconf 72' lang='grc' dir='ltr'>εἴτε</span> <span class='ocrx_word' id='word_1_259' title='bbox 3600 842 3655 895; x_wconf 74' lang='grc' dir='ltr'>δὲ</span> 
     </span>
    </p>
   </div>
   <div class='ocr_carea' id='block_1_38' title="bbox 2074 928 3661 1000">
    <p class='ocr_par' dir='ltr' id='par_1_38' title="bbox 2074 928 3661 1000">
     <span class='ocr_line' id='line_1_38' title="bbox 2074 928 3661 1000; baseline 0.003 -20"><span class='ocrx_word' id='word_1_260' title='bbox 2074 928 2233 990; x_wconf 80' lang='grc' dir='ltr'>αὐτὸς</span> <span class='ocrx_word' id='word_1_261' title='bbox 2258 928 2384 991; x_wconf 79' lang='grc' dir='ltr'>τοὺς</span> <span class='ocrx_word' id='word_1_262' title='bbox 2409 929 2598 996; x_wconf 84' lang='grc' dir='ltr'><strong>λόγους</strong></span> <span class='ocrx_word' id='word_1_263' title='bbox 2635 930 2878 1000; x_wconf 74' lang='grc' dir='ltr'>ἐποιήσω</span> <span class='ocrx_word' id='word_1_264' title='bbox 2903 931 3139 1000; x_wconf 87' lang='grc' dir='ltr'>πρῶτος,</span> <span class='ocrx_word' id='word_1_265' title='bbox 3171 931 3410 995; x_wconf 75' lang='grc' dir='ltr'>ἐλπίσας</span> <span class='ocrx_word' id='word_1_266' title='bbox 3426 949 3481 985; x_wconf 89' lang='grc' dir='ltr'><strong>τι</strong></span> <span class='ocrx_word' id='word_1_267' title='bbox 3505 932 3661 985; x_wconf 72' lang='grc' dir='ltr'>πλεῖ-</span> 
     </span>
    </p>
   </div>
   <div class='ocr_carea' id='block_1_39' title="bbox 2075 1021 3658 1094">
    <p class='ocr_par' dir='ltr' id='par_1_39' title="bbox 2075 1021 3658 1094">
     <span class='ocr_line' id='line_1_39' title="bbox 2075 1021 3658 1094; baseline 0.004 -22"><span class='ocrx_word' id='word_1_268' title='bbox 2075 1037 2134 1073; x_wconf 90' lang='grc' dir='ltr'><strong>ον</strong></span> <span class='ocrx_word' id='word_1_269' title='bbox 2164 1021 2441 1090; x_wconf 81' lang='grc' dir='ltr'>εὑρήσειν,</span> <span class='ocrx_word' id='word_1_270' title='bbox 2497 1021 2595 1074; x_wconf 74' lang='grc' dir='ltr'>εἴτ’</span> <span class='ocrx_word' id='word_1_271' title='bbox 2621 1022 2834 1074; x_wconf 67' lang='grc' dir='ltr'>ἐκεῖθεν</span> <span class='ocrx_word' id='word_1_272' title='bbox 2857 1022 3081 1086; x_wconf 89' lang='grc' dir='ltr'>πολλαῖς</span> <span class='ocrx_word' id='word_1_273' title='bbox 3105 1023 3478 1094; x_wconf 78' lang='grc' dir='ltr'><strong>ὑποσχέσεσιν</strong></span> <span class='ocrx_word' id='word_1_274' title='bbox 3507 1027 3658 1078; x_wconf 84' lang='grc' dir='ltr'>ἀπα-</span> 
     </span>
    </p>
   </div>
   <div class='ocr_carea' id='block_1_40' title="bbox 2073 1112 3655 1186">
    <p class='ocr_par' dir='ltr' id='par_1_40' title="bbox 2073 1112 3655 1186">
     <span class='ocr_line' id='line_1_40' title="bbox 2073 1112 3655 1186; baseline 0.004 -23"><span class='ocrx_word' id='word_1_275' title='bbox 2073 1113 2258 1181; x_wconf 79' lang='grc' dir='ltr'>τηθεὶς</span> <span class='ocrx_word' id='word_1_276' title='bbox 2291 1112 2568 1181; x_wconf 74' lang='grc' dir='ltr'>ἐπείσθης,</span> <span class='ocrx_word' id='word_1_277' title='bbox 2604 1113 2808 1166; x_wconf 75' lang='grc' dir='ltr'>εἰδέναι</span> <span class='ocrx_word' id='word_1_278' title='bbox 2849 1115 3035 1184; x_wconf 80' lang='grc' dir='ltr'>σαφῶς</span> <span class='ocrx_word' id='word_1_279' title='bbox 3091 1115 3191 1169; x_wconf 79' lang='grc' dir='ltr'>οὐκ</span> <span class='ocrx_word' id='word_1_280' title='bbox 3248 1115 3386 1186; x_wconf 76' lang='grc' dir='ltr'>ἔχω.</span> <span class='ocrx_word' id='word_1_281' title='bbox 3447 1117 3511 1168; x_wconf 79' lang='grc' dir='ltr'><strong>Εἰ</strong></span> <span class='ocrx_word' id='word_1_282' title='bbox 3551 1118 3655 1186; x_wconf 75' lang='grc' dir='ltr'>μὲν</span> 
     </span>
    </p>
   </div>
   <div class='ocr_carea' id='block_1_41' title="bbox 2075 1198 3658 1274">
    <p class='ocr_par' dir='ltr' id='par_1_41' title="bbox 2075 1198 3658 1274">
     <span class='ocr_line' id='line_1_41' title="bbox 2075 1198 3658 1274; baseline 0.003 -19"><span class='ocrx_word' id='word_1_283' title='bbox 2075 1198 2168 1256; x_wconf 81' lang='grc' dir='ltr'>οὖν</span> <span class='ocrx_word' id='word_1_284' title='bbox 2216 1202 2316 1256; x_wconf 83' lang='grc' dir='ltr'><strong>ούκ</strong></span> <span class='ocrx_word' id='word_1_285' title='bbox 2348 1201 2521 1272; x_wconf 81' lang='grc' dir='ltr'>ἀληθῆ</span> <span class='ocrx_word' id='word_1_286' title='bbox 2559 1203 2626 1256; x_wconf 82' lang='grc' dir='ltr'>τὰ</span> <span class='ocrx_word' id='word_1_287' title='bbox 2684 1205 2975 1274; x_wconf 83' lang='grc' dir='ltr'>είρημένα,</span> <span class='ocrx_word' id='word_1_288' title='bbox 3011 1205 3166 1258; x_wconf 84' lang='grc' dir='ltr'>αὐτοί</span> <span class='ocrx_word' id='word_1_289' title='bbox 3194 1224 3251 1260; x_wconf 84' lang='grc' dir='ltr'><strong>τε</strong></span> <span class='ocrx_word' id='word_1_290' title='bbox 3294 1208 3347 1259; x_wconf 87' lang='grc' dir='ltr'>οἱ</span> <span class='ocrx_word' id='word_1_291' title='bbox 3400 1208 3658 1272; x_wconf 77' lang='grc' dir='ltr'><strong>εἰπόντες</strong></span> 
     </span>
    </p>
   </div>
   <div class='ocr_carea' id='block_1_42' title="bbox 2073 1290 3660 1362">
    <p class='ocr_par' dir='ltr' id='par_1_42' title="bbox 2073 1290 3660 1362">
     <span class='ocr_line' id='line_1_42' title="bbox 2073 1290 3660 1362; baseline 0.006 -20"><span class='ocrx_word' id='word_1_292' title='bbox 2073 1290 2274 1344; x_wconf 86' lang='grc' dir='ltr'>δίκαιοι</span> <span class='ocrx_word' id='word_1_293' title='bbox 2330 1291 2781 1362; x_wconf 86' lang='grc' dir='ltr'>κατηγορεῖσθαι,</span> <span class='ocrx_word' id='word_1_294' title='bbox 2818 1293 2928 1360; x_wconf 70' lang='grc' dir='ltr'><strong>ἐγώ</strong></span> <span class='ocrx_word' id='word_1_295' title='bbox 2983 1311 3042 1348; x_wconf 83' lang='grc' dir='ltr'><strong>τε</strong></span> <span class='ocrx_word' id='word_1_296' title='bbox 3075 1295 3225 1361; x_wconf 71' lang='grc' dir='ltr'>ἄξιος</span> <span class='ocrx_word' id='word_1_297' title='bbox 3260 1296 3370 1349; x_wconf 72' lang='grc' dir='ltr'>οὐκ</span> <span class='ocrx_word' id='word_1_298' title='bbox 3427 1298 3660 1351; x_wconf 76' lang='grc' dir='ltr'>ἐπαίνου</span> 
     </span>
    </p>
   </div>
   <div class='ocr_carea' id='block_1_43' title="bbox 2074 1382 3655 1461">
    <p class='ocr_par' dir='ltr' id='par_1_43' title="bbox 2074 1382 3655 1461">
     <span class='ocr_line' id='line_1_43' title="bbox 2074 1382 3655 1461; baseline 0.006 -27"><span class='ocrx_word' id='word_1_299' title='bbox 2074 1385 2187 1444; x_wconf 85' lang='grc' dir='ltr'>τοῖς</span> <span class='ocrx_word' id='word_1_300' title='bbox 2223 1382 2588 1450; x_wconf 82' lang='grc' dir='ltr'>συκοφάνταις</span> <span class='ocrx_word' id='word_1_301' title='bbox 2641 1384 2932 1448; x_wconf 84' lang='grc' dir='ltr'>πιστεύσας</span> <span class='ocrx_word' id='word_1_302' title='bbox 2966 1402 2980 1416; x_wconf 82' lang='lat'><strong><em>°</em></strong></span> <span class='ocrx_word' id='word_1_303' title='bbox 3015 1388 3064 1438; x_wconf 87' lang='grc' dir='ltr'><strong>εί</strong></span> <span class='ocrx_word' id='word_1_304' title='bbox 3119 1387 3188 1453; x_wconf 79' lang='grc' dir='ltr'>δ’,</span> <span class='ocrx_word' id='word_1_305' title='bbox 3233 1389 3377 1459; x_wconf 76' lang='grc' dir='ltr'>ὅπερ</span> <span class='ocrx_word' id='word_1_306' title='bbox 3421 1389 3584 1457; x_wconf 74' lang='grc' dir='ltr'>ἔφην,</span> <span class='ocrx_word' id='word_1_307' title='bbox 3623 1390 3655 1461; x_wconf 73' lang='grc' dir='ltr'><strong>ἢ</strong></span> 
     </span>
    </p>
   </div>
   <div class='ocr_carea' id='block_1_44' title="bbox 2075 1471 3659 1548">
    <p class='ocr_par' dir='ltr' id='par_1_44' title="bbox 2075 1471 3659 1548">
     <span class='ocr_line' id='line_1_44' title="bbox 2075 1471 3659 1548; baseline 0.005 -24"><span class='ocrx_word' id='word_1_308' title='bbox 2075 1472 2240 1534; x_wconf 75' lang='grc' dir='ltr'>αὑτός</span> <span class='ocrx_word' id='word_1_309' title='bbox 2272 1490 2324 1526; x_wconf 88' lang='grc' dir='ltr'><strong>τι</strong></span> <span class='ocrx_word' id='word_1_310' title='bbox 2358 1471 2780 1544; x_wconf 83' lang='grc' dir='ltr'>πλεονεκτήσειν</span> <span class='ocrx_word' id='word_1_311' title='bbox 2809 1477 3056 1539; x_wconf 77' lang='grc' dir='ltr'>ἐλπίσας,</span> <span class='ocrx_word' id='word_1_312' title='bbox 3101 1478 3133 1548; x_wconf 77' lang='grc' dir='ltr'><strong>ἢ</strong></span> <span class='ocrx_word' id='word_1_313' title='bbox 3165 1478 3384 1531; x_wconf 74' lang='grc' dir='ltr'>ἐκεῖθεν</span> <span class='ocrx_word' id='word_1_314' title='bbox 3407 1480 3659 1541; x_wconf 82' lang='grc' dir='ltr'>πεισθεὶς</span> 
     </span>
    </p>
   </div>
   <div class='ocr_carea' id='block_1_45' title="bbox 2077 1561 3656 1636">
    <p class='ocr_par' dir='ltr' id='par_1_45' title="bbox 2077 1561 3656 1636">
     <span class='ocr_line' id='line_1_45' title="bbox 2077 1561 3656 1636; baseline 0.004 -23"><span class='ocrx_word' id='word_1_315' title='bbox 2077 1561 2326 1631; x_wconf 84' lang='grc' dir='ltr'>ὑπήχθης</span> <span class='ocrx_word' id='word_1_316' title='bbox 2348 1563 2485 1633; x_wconf 66' lang='grc' dir='ltr'>πρὶς</span> <span class='ocrx_word' id='word_1_317' title='bbox 2512 1563 2689 1628; x_wconf 86' lang='grc' dir='ltr'>τοῦτο,</span> <span class='ocrx_word' id='word_1_318' title='bbox 2722 1565 2771 1615; x_wconf 86' lang='grc' dir='ltr'><strong>εί</strong></span> <span class='ocrx_word' id='word_1_319' title='bbox 2807 1565 2907 1634; x_wconf 84' lang='grc' dir='ltr'>μὲν</span> <span class='ocrx_word' id='word_1_320' title='bbox 2937 1565 3218 1636; x_wconf 81' lang='grc' dir='ltr'>ἐθελήσεις</span> <span class='ocrx_word' id='word_1_321' title='bbox 3245 1567 3360 1620; x_wconf 82' lang='grc' dir='ltr'><strong>τῶν</strong></span> <span class='ocrx_word' id='word_1_322' title='bbox 3387 1566 3656 1620; x_wconf 83' lang='grc' dir='ltr'>τοιούτων</span> 
     </span>
    </p>
   </div>
   <div class='ocr_carea' id='block_1_46' title="bbox 2075 1649 3658 1728">
    <p class='ocr_par' dir='ltr' id='par_1_46' title="bbox 2075 1649 3658 1728">
     <span class='ocr_line' id='line_1_46' title="bbox 2075 1649 3658 1728; baseline 0.006 -27"><span class='ocrx_word' id='word_1_323' title='bbox 2075 1649 2377 1722; x_wconf 78' lang='grc' dir='ltr'>ἀποστῆναι</span> <span class='ocrx_word' id='word_1_324' title='bbox 2392 1653 2687 1723; x_wconf 86' lang='grc' dir='ltr'>λογισμῶν,</span> <span class='ocrx_word' id='word_1_325' title='bbox 2711 1655 2834 1724; x_wconf 74' lang='grc' dir='ltr'>ἐμοὶ</span> <span class='ocrx_word' id='word_1_326' title='bbox 2857 1656 3235 1728; x_wconf 80' lang='grc' dir='ltr'>βουλευομένῳ</span> <span class='ocrx_word' id='word_1_327' title='bbox 3261 1658 3540 1723; x_wconf 73' lang='grc' dir='ltr'>πεισθεὶς,</span> <span class='ocrx_word' id='word_1_328' title='bbox 3565 1659 3658 1712; x_wconf 74' lang='grc' dir='ltr'>καὶ</span> 
     </span>
    </p>
   </div>
   <div class='ocr_carea' id='block_1_47' title="bbox 2075 1744 3656 1820">
    <p class='ocr_par' dir='ltr' id='par_1_47' title="bbox 2075 1744 3656 1820">
     <span class='ocr_line' id='line_1_47' title="bbox 2075 1744 3656 1820; baseline 0.004 -24"><span class='ocrx_word' id='word_1_329' title='bbox 2075 1744 2172 1814; x_wconf 81' lang='grc' dir='ltr'>τὴν</span> <span class='ocrx_word' id='word_1_330' title='bbox 2208 1744 2287 1806; x_wconf 86' lang='grc' dir='ltr'><strong>είς</strong></span> <span class='ocrx_word' id='word_1_331' title='bbox 2327 1745 2425 1814; x_wconf 65' lang='grc' dir='ltr'><strong>ἐμὲ</strong></span> <span class='ocrx_word' id='word_1_332' title='bbox 2448 1747 2633 1799; x_wconf 83' lang='grc' dir='ltr'>πίστιν</span> <span class='ocrx_word' id='word_1_333' title='bbox 2665 1747 2758 1800; x_wconf 78' lang='grc' dir='ltr'>καὶ</span> <span class='ocrx_word' id='word_1_334' title='bbox 2784 1747 2966 1814; x_wconf 78' lang='grc' dir='ltr'>φιλίαν</span> <span class='ocrx_word' id='word_1_335' title='bbox 3019 1748 3210 1818; x_wconf 84' lang='grc' dir='ltr'>ὥσπερ</span> <span class='ocrx_word' id='word_1_336' title='bbox 3247 1753 3344 1803; x_wconf 73' lang='grc' dir='ltr'>καὶ</span> <span class='ocrx_word' id='word_1_337' title='bbox 3381 1751 3656 1820; x_wconf 75' lang='grc' dir='ltr'>πρότερον</span> 
     </span>
    </p>
   </div>
   <div class='ocr_carea' id='block_1_48' title="bbox 2077 1837 3654 1915">
    <p class='ocr_par' dir='ltr' id='par_1_48' title="bbox 2077 1837 3654 1915">
     <span class='ocr_line' id='line_1_48' title="bbox 2077 1837 3654 1915; baseline 0.002 -25"><span class='ocrx_word' id='word_1_338' title='bbox 2077 1837 2262 1891; x_wconf 79' lang='grc' dir='ltr'>ἄδολον</span> <span class='ocrx_word' id='word_1_339' title='bbox 2290 1838 2386 1891; x_wconf 72' lang='grc' dir='ltr'>καὶ</span> <span class='ocrx_word' id='word_1_340' title='bbox 2421 1838 2668 1908; x_wconf 72' lang='grc' dir='ltr'>καθαρὰν</span> <span class='ocrx_word' id='word_1_341' title='bbox 2695 1843 2904 1910; x_wconf 85' lang='grc' dir='ltr'>τηρεῖν,</span> <span class='ocrx_word' id='word_1_342' title='bbox 2937 1840 3038 1910; x_wconf 81' lang='grc' dir='ltr'>τῆς</span> <span class='ocrx_word' id='word_1_343' title='bbox 3065 1841 3238 1911; x_wconf 81' lang='grc' dir='ltr'>αὐτῆς</span> <span class='ocrx_word' id='word_1_344' title='bbox 3273 1838 3346 1915; x_wconf 85' lang='grc' dir='ltr'>ἦς</span> <span class='ocrx_word' id='word_1_345' title='bbox 3388 1861 3496 1913; x_wconf 88' lang='grc' dir='ltr'><strong>περ</strong></span> <span class='ocrx_word' id='word_1_346' title='bbox 3562 1844 3654 1895; x_wconf 74' lang='grc' dir='ltr'>καὶ</span> 
     </span>
    </p>
   </div>
   <div class='ocr_carea' id='block_1_49' title="bbox 2076 1929 3661 2002">
    <p class='ocr_par' dir='ltr' id='par_1_49' title="bbox 2076 1929 3661 2002">
     <span class='ocr_line' id='line_1_49' title="bbox 2076 1929 3661 2002; baseline 0.003 -21"><span class='ocrx_word' id='word_1_347' title='bbox 2076 1929 2342 2000; x_wconf 87' lang='grc' dir='ltr'>πρότερον</span> <span class='ocrx_word' id='word_1_348' title='bbox 2376 1930 2709 1994; x_wconf 78' lang='grc' dir='ltr'>ἀπολαύσεις</span> <span class='ocrx_word' id='word_1_349' title='bbox 2739 1932 2871 2002; x_wconf 89' lang='grc' dir='ltr'>παρ’</span> <span class='ocrx_word' id='word_1_350' title='bbox 2907 1935 3030 2002; x_wconf 74' lang='grc' dir='ltr'>ἐμοὶ</span> <span class='ocrx_word' id='word_1_351' title='bbox 3068 1935 3162 1986; x_wconf 71' lang='grc' dir='ltr'>καὶ</span> <span class='ocrx_word' id='word_1_352' title='bbox 3198 1934 3386 2002; x_wconf 82' lang='grc' dir='ltr'>φιλίας</span> <span class='ocrx_word' id='word_1_353' title='bbox 3416 1937 3514 1986; x_wconf 74' lang='grc' dir='ltr'>καὶ</span> <span class='ocrx_word' id='word_1_354' title='bbox 3570 1935 3661 1986; x_wconf 86' lang='grc' dir='ltr'><strong>εὐ-</strong></span> 
     </span>
    </p>
   </div>
   <div class='ocr_carea' id='block_1_50' title="bbox 2078 2021 3658 2096">
    <p class='ocr_par' dir='ltr' id='par_1_50' title="bbox 2078 2021 3658 2096">
     <span class='ocr_line' id='line_1_50' title="bbox 2078 2021 3658 2096; baseline 0.001 -22"><span class='ocrx_word' id='word_1_355' title='bbox 2078 2022 2316 2091; x_wconf 87' lang='grc' dir='ltr'>μενείας,</span> <span class='ocrx_word' id='word_1_356' title='bbox 2339 2021 2492 2075; x_wconf 81' lang='grc' dir='ltr'>οὐδὲν</span> <span class='ocrx_word' id='word_1_357' title='bbox 2539 2021 2646 2075; x_wconf 87' lang='grc' dir='ltr'><strong>τῶν</strong></span> <span class='ocrx_word' id='word_1_358' title='bbox 2679 2023 2935 2076; x_wconf 88' lang='grc' dir='ltr'>τοιούτων</span> <span class='ocrx_word' id='word_1_359' title='bbox 2966 2025 3442 2096; x_wconf 80' lang='grc' dir='ltr'>ὑπολογιζομένῳ,</span> <span class='ocrx_word' id='word_1_360' title='bbox 3468 2026 3658 2091; x_wconf 82' lang='grc' dir='ltr'>ὥσπερ</span> 
     </span>
    </p>
   </div>
   <div class='ocr_carea' id='block_1_51' title="bbox 2074 2103 3658 2188">
    <p class='ocr_par' dir='ltr' id='par_1_51' title="bbox 2074 2103 3658 2188">
     <span class='ocr_line' id='line_1_51' title="bbox 2074 2103 3658 2188; baseline 0 -20"><span class='ocrx_word' id='word_1_361' title='bbox 2074 2114 2184 2168; x_wconf 82' lang='grc' dir='ltr'>οὐδ’</span> <span class='ocrx_word' id='word_1_362' title='bbox 2216 2113 2284 2168; x_wconf 79' lang='grc' dir='ltr'>ἂν</span> <span class='ocrx_word' id='word_1_363' title='bbox 2311 2114 2360 2167; x_wconf 83' lang='grc' dir='ltr'>ει</span> <span class='ocrx_word' id='word_1_364' title='bbox 2390 2114 2466 2184; x_wconf 78' lang='grc' dir='ltr'>μὴ</span> <span class='ocrx_word' id='word_1_365' title='bbox 2501 2115 2602 2186; x_wconf 77' lang='grc' dir='ltr'>τὴν</span> <span class='ocrx_word' id='word_1_366' title='bbox 2638 2115 2813 2186; x_wconf 82' lang='grc' dir='ltr'>ἀρχὴν</span> <span class='ocrx_word' id='word_1_367' title='bbox 2837 2103 3106 2185; x_wconf 76' lang='grc' dir='ltr'>ὲγέγόνει.</span> <span class='ocrx_word' id='word_1_368' title='bbox 3148 2117 3303 2171; x_wconf 76' lang='grc' dir='ltr'>Ἐπεὶ</span> <span class='ocrx_word' id='word_1_369' title='bbox 3330 2119 3446 2171; x_wconf 80' lang='grc' dir='ltr'>οὐδ’</span> <span class='ocrx_word' id='word_1_370' title='bbox 3483 2120 3658 2188; x_wconf 75' lang='grc' dir='ltr'>ἑτέρῳ</span> 
     </span>
    </p>
   </div>
   <div class='ocr_carea' id='block_1_52' title="bbox 2073 2206 3658 2282">
    <p class='ocr_par' dir='ltr' id='par_1_52' title="bbox 2073 2206 3658 2282">
     <span class='ocr_line' id='line_1_52' title="bbox 2073 2206 3658 2282; baseline 0.003 -23"><span class='ocrx_word' id='word_1_371' title='bbox 2073 2206 2182 2259; x_wconf 68' lang='grc' dir='ltr'>τινὶ</span> <span class='ocrx_word' id='word_1_372' title='bbox 2207 2206 2346 2276; x_wconf 81' lang='grc' dir='ltr'>πλὴν</span> <span class='ocrx_word' id='word_1_373' title='bbox 2385 2207 2508 2276; x_wconf 72' lang='grc' dir='ltr'>ἐμοὶ</span> <span class='ocrx_word' id='word_1_374' title='bbox 2537 2207 2634 2260; x_wconf 80' lang='grc' dir='ltr'><strong>καὶ</strong></span> <span class='ocrx_word' id='word_1_375' title='bbox 2663 2208 2741 2279; x_wconf 80' lang='grc' dir='ltr'><strong>τῷ</strong></span> <span class='ocrx_word' id='word_1_376' title='bbox 2773 2209 2997 2280; x_wconf 82' lang='grc' dir='ltr'>μεγάλῳ</span> <span class='ocrx_word' id='word_1_377' title='bbox 3022 2209 3334 2281; x_wconf 86' lang='grc' dir='ltr'>δομεστίκῳ</span> <span class='ocrx_word' id='word_1_378' title='bbox 3404 2212 3558 2282; x_wconf 84' lang='grc' dir='ltr'>μόνῳ</span> <span class='ocrx_word' id='word_1_379' title='bbox 3589 2213 3658 2264; x_wconf 85' lang='grc' dir='ltr'><strong>τά</strong></span> 
     </span>
    </p>
   </div>
   <div class='ocr_carea' id='block_1_53' title="bbox 2073 2294 3660 2373">
    <p class='ocr_par' dir='ltr' id='par_1_53' title="bbox 2073 2294 3660 2373">
     <span class='ocr_line' id='line_1_53' title="bbox 2073 2294 3660 2373; baseline 0.003 -22"><span class='ocrx_word' id='word_1_380' title='bbox 2073 2298 2299 2352; x_wconf 86' lang='grc' dir='ltr'>τοιαῦτα</span> <span class='ocrx_word' id='word_1_381' title='bbox 2353 2294 2522 2370; x_wconf 76' lang='grc' dir='ltr'>ἦλθεν</span> <span class='ocrx_word' id='word_1_382' title='bbox 2557 2301 2638 2363; x_wconf 86' lang='grc' dir='ltr'><strong>είς</strong></span> <span class='ocrx_word' id='word_1_383' title='bbox 2671 2301 2862 2364; x_wconf 84' lang='grc' dir='ltr'>ἀκοάς.</span> <span class='ocrx_word' id='word_1_384' title='bbox 2903 2301 2964 2354; x_wconf 85' lang='lat' dir='ltr'><strong>El</strong></span> <span class='ocrx_word' id='word_1_385' title='bbox 3015 2301 3059 2355; x_wconf 88' lang='grc' dir='ltr'>δ’</span> <span class='ocrx_word' id='word_1_386' title='bbox 3093 2302 3168 2364; x_wconf 83' lang='grc' dir='ltr'><strong>ὡς</strong></span> <span class='ocrx_word' id='word_1_387' title='bbox 3203 2304 3510 2373; x_wconf 75' lang='grc' dir='ltr'>ἀγνώμονα</span> <span class='ocrx_word' id='word_1_388' title='bbox 3539 2321 3660 2356; x_wconf 88' lang='grc' dir='ltr'>τινα</span> 
     </span>
    </p>
   </div>
   <div class='ocr_carea' id='block_1_54' title="bbox 2076 2389 3658 2462">
    <p class='ocr_par' dir='ltr' id='par_1_54' title="bbox 2076 2389 3658 2462">
     <span class='ocr_line' id='line_1_54' title="bbox 2076 2389 3658 2462; baseline 0.003 -19"><span class='ocrx_word' id='word_1_389' title='bbox 2076 2389 2172 2443; x_wconf 82' lang='grc' dir='ltr'>καὶ</span> <span class='ocrx_word' id='word_1_390' title='bbox 2201 2391 2442 2459; x_wconf 77' lang='grc' dir='ltr'>πονηρὸν</span> <span class='ocrx_word' id='word_1_391' title='bbox 2500 2391 2601 2460; x_wconf 77' lang='grc' dir='ltr'><strong>ἐμὲ</strong></span> <span class='ocrx_word' id='word_1_392' title='bbox 2663 2392 2978 2462; x_wconf 82' lang='grc' dir='ltr'>ἀποτρέπῃ,</span> <span class='ocrx_word' id='word_1_393' title='bbox 3012 2393 3106 2445; x_wconf 76' lang='grc' dir='ltr'>καὶ</span> <span class='ocrx_word' id='word_1_394' title='bbox 3152 2393 3214 2446; x_wconf 86' lang='grc' dir='ltr'><strong>τδ</strong></span> <span class='ocrx_word' id='word_1_395' title='bbox 3275 2397 3525 2448; x_wconf 90' lang='grc' dir='ltr'>συνεῖναι</span> <span class='ocrx_word' id='word_1_396' title='bbox 3556 2395 3658 2449; x_wconf 76' lang='grc' dir='ltr'>καὶ</span> 
     </span>
    </p>
   </div>
   <div class='ocr_carea' id='block_1_55' title="bbox 2077 2481 3656 2555">
    <p class='ocr_par' dir='ltr' id='par_1_55' title="bbox 2077 2481 3656 2555">
     <span class='ocr_line' id='line_1_55' title="bbox 2077 2481 3656 2555; baseline 0.004 -22"><span class='ocrx_word' id='word_1_397' title='bbox 2077 2481 2477 2552; x_wconf 75' lang='grc' dir='ltr'>συνδιατρίϐειν</span> <span class='ocrx_word' id='word_1_398' title='bbox 2508 2483 2611 2535; x_wconf 80' lang='grc' dir='ltr'>οὐκ</span> <span class='ocrx_word' id='word_1_399' title='bbox 2643 2483 2870 2536; x_wconf 79' lang='grc' dir='ltr'>ἀνεκτὸν</span> <span class='ocrx_word' id='word_1_400' title='bbox 2901 2485 3033 2555; x_wconf 79' lang='grc' dir='ltr'>ἡγῇ,</span> <span class='ocrx_word' id='word_1_401' title='bbox 3084 2484 3197 2537; x_wconf 84' lang='grc' dir='ltr'>ἀλλ’</span> <span class='ocrx_word' id='word_1_402' title='bbox 3232 2485 3501 2555; x_wconf 81' lang='grc' dir='ltr'>ὑπερφυῆ</span> <span class='ocrx_word' id='word_1_403' title='bbox 3534 2504 3656 2540; x_wconf 84' lang='grc' dir='ltr'>τινα</span> 
     </span>
    </p>
   </div>
   <div class='ocr_carea' id='block_1_56' title="bbox 2075 2574 3656 2649">
    <p class='ocr_par' dir='ltr' id='par_1_56' title="bbox 2075 2574 3656 2649">
     <span class='ocr_line' id='line_1_56' title="bbox 2075 2574 3656 2649; baseline 0.003 -24"><span class='ocrx_word' id='word_1_404' title='bbox 2075 2575 2169 2626; x_wconf 73' lang='grc' dir='ltr'>καὶ</span> <span class='ocrx_word' id='word_1_405' title='bbox 2196 2574 2410 2642; x_wconf 84' lang='grc' dir='ltr'>μεγάλα</span> <span class='ocrx_word' id='word_1_406' title='bbox 2462 2575 2614 2645; x_wconf 87' lang='grc' dir='ltr'><strong>παρά</strong></span> <span class='ocrx_word' id='word_1_407' title='bbox 2667 2575 2762 2628; x_wconf 87' lang='grc' dir='ltr'><strong>τοῦ</strong></span> <span class='ocrx_word' id='word_1_408' title='bbox 2799 2575 2936 2645; x_wconf 77' lang='grc' dir='ltr'>ἐμοῦ</span> <span class='ocrx_word' id='word_1_409' title='bbox 2993 2578 3222 2629; x_wconf 82' lang='grc' dir='ltr'>πάππου</span> <span class='ocrx_word' id='word_1_410' title='bbox 3259 2579 3359 2630; x_wconf 72' lang='grc' dir='ltr'>καὶ</span> <span class='ocrx_word' id='word_1_411' title='bbox 3389 2580 3656 2649; x_wconf 83' lang='grc' dir='ltr'>βασιλέως</span> 
     </span>
    </p>
   </div>
   <div class='ocr_carea' id='block_1_57' title="bbox 2075 2665 3653 2742">
    <p class='ocr_par' dir='ltr' id='par_1_57' title="bbox 2075 2665 3653 2742">
     <span class='ocr_line' id='line_1_57' title="bbox 2075 2665 3653 2742; baseline 0.004 -24"><span class='ocrx_word' id='word_1_412' title='bbox 2075 2665 2319 2736; x_wconf 74' lang='grc' dir='ltr'>οἰόμενος</span> <span class='ocrx_word' id='word_1_413' title='bbox 2346 2666 2623 2738; x_wconf 85' lang='grc' dir='ltr'>εὑρήσειν,</span> <span class='ocrx_word' id='word_1_414' title='bbox 2654 2667 2750 2738; x_wconf 78' lang='grc' dir='ltr'><strong>ὅλῃ</strong></span> <span class='ocrx_word' id='word_1_415' title='bbox 2784 2669 3037 2737; x_wconf 74' lang='grc' dir='ltr'>προθέσει</span> <span class='ocrx_word' id='word_1_416' title='bbox 3067 2675 3473 2742; x_wconf 81' lang='grc' dir='ltr'>προσχωρῆσαι</span> <span class='ocrx_word' id='word_1_417' title='bbox 3505 2672 3653 2740; x_wconf 81' lang='grc' dir='ltr'><strong>αὑτῷ</strong></span> 
     </span>
    </p>
   </div>
   <div class='ocr_carea' id='block_1_58' title="bbox 2077 2759 3654 2833">
    <p class='ocr_par' dir='ltr' id='par_1_58' title="bbox 2077 2759 3654 2833">
     <span class='ocr_line' id='line_1_58' title="bbox 2077 2759 3654 2833; baseline 0.002 -20"><span class='ocrx_word' id='word_1_418' title='bbox 2077 2759 2354 2830; x_wconf 81' lang='grc' dir='ltr'>προείλου,</span> <span class='ocrx_word' id='word_1_419' title='bbox 2403 2759 2644 2828; x_wconf 86' lang='grc' dir='ltr'>ἀνιῶμαι</span> <span class='ocrx_word' id='word_1_420' title='bbox 2696 2760 2795 2829; x_wconf 76' lang='grc' dir='ltr'>μὲν</span> <span class='ocrx_word' id='word_1_421' title='bbox 2850 2760 2943 2814; x_wconf 73' lang='grc' dir='ltr'><strong>ἐπὶ</strong></span> <span class='ocrx_word' id='word_1_422' title='bbox 2999 2763 3067 2832; x_wconf 81' lang='grc' dir='ltr'>τῇ</span> <span class='ocrx_word' id='word_1_423' title='bbox 3116 2761 3406 2817; x_wconf 81' lang='grc' dir='ltr'>διαστάσει</span> <span class='ocrx_word' id='word_1_424' title='bbox 3437 2767 3504 2833; x_wconf 80' lang='grc' dir='ltr'>τῇ</span> <span class='ocrx_word' id='word_1_425' title='bbox 3565 2765 3654 2833; x_wconf 80' lang='grc' dir='ltr'>σῇ,</span> 
     </span>
    </p>
   </div>
   <div class='ocr_carea' id='block_1_59' title="bbox 2076 2851 3652 2923">
    <p class='ocr_par' dir='ltr' id='par_1_59' title="bbox 2076 2851 3652 2923">
     <span class='ocr_line' id='line_1_59' title="bbox 2076 2851 3652 2923; baseline 0.003 -20"><span class='ocrx_word' id='word_1_426' title='bbox 2076 2851 2232 2922; x_wconf 85' lang='grc' dir='ltr'>φίλου</span> <span class='ocrx_word' id='word_1_427' title='bbox 2281 2853 2374 2904; x_wconf 80' lang='grc' dir='ltr'>καὶ</span> <span class='ocrx_word' id='word_1_428' title='bbox 2433 2851 2697 2921; x_wconf 76' lang='grc' dir='ltr'>συνήθους</span> <span class='ocrx_word' id='word_1_429' title='bbox 2732 2852 3212 2923; x_wconf 82' lang='grc' dir='ltr'>ἀποστερούμενος</span> <span class='ocrx_word' id='word_1_430' title='bbox 3239 2871 3254 2886; x_wconf 86' lang='grc'><strong>·</strong></span> <span class='ocrx_word' id='word_1_431' title='bbox 3288 2855 3417 2923; x_wconf 85' lang='grc' dir='ltr'>βίαν</span> <span class='ocrx_word' id='word_1_432' title='bbox 3465 2855 3523 2909; x_wconf 80' lang='grc' dir='ltr'>δὲ</span> <span class='ocrx_word' id='word_1_433' title='bbox 3555 2856 3652 2908; x_wconf 83' lang='grc' dir='ltr'>οὐκ</span> 
     </span>
    </p>
   </div>
   <div class='ocr_carea' id='block_1_60' title="bbox 2075 2943 3651 3014">
    <p class='ocr_par' dir='ltr' id='par_1_60' title="bbox 2075 2943 3651 3014">
     <span class='ocr_line' id='line_1_60' title="bbox 2075 2943 3651 3014; baseline -0.001 -16"><span class='ocrx_word' id='word_1_434' title='bbox 2075 2943 2280 3008; x_wconf 74' lang='grc' dir='ltr'>ἐπάξω,</span> <span class='ocrx_word' id='word_1_435' title='bbox 2317 2943 2430 2998; x_wconf 73' lang='grc' dir='ltr'>οὐδ’</span> <span class='ocrx_word' id='word_1_436' title='bbox 2456 2944 2663 2997; x_wconf 81' lang='grc' dir='ltr'>ἄκοντα</span> <span class='ocrx_word' id='word_1_437' title='bbox 2698 2947 2991 3014; x_wconf 85' lang='grc' dir='ltr'>κατασχεῖν</span> <span class='ocrx_word' id='word_1_438' title='bbox 3035 2945 3281 3013; x_wconf 74' lang='grc' dir='ltr'>ἐθελήσω</span> <span class='ocrx_word' id='word_1_439' title='bbox 3305 2964 3320 2977; x_wconf 75' lang='grc' dir='ltr'><strong>ο</strong></span> <span class='ocrx_word' id='word_1_440' title='bbox 3368 2949 3495 3000; x_wconf 75' lang='grc' dir='ltr'>ἐπεὶ</span> <span class='ocrx_word' id='word_1_441' title='bbox 3533 2947 3651 3000; x_wconf 72' lang='grc' dir='ltr'>οὐδὲ</span> 
     </span>
    </p>
   </div>
   <div class='ocr_carea' id='block_1_61' title="bbox 2075 3034 3652 3110">
    <p class='ocr_par' dir='ltr' id='par_1_61' title="bbox 2075 3034 3652 3110">
     <span class='ocr_line' id='line_1_61' title="bbox 2075 3034 3652 3110; baseline 0.002 -24"><span class='ocrx_word' id='word_1_442' title='bbox 2075 3035 2174 3104; x_wconf 83' lang='grc' dir='ltr'>τὴν</span> <span class='ocrx_word' id='word_1_443' title='bbox 2201 3034 2378 3106; x_wconf 82' lang='grc' dir='ltr'>ἀρχὴν</span> <span class='ocrx_word' id='word_1_444' title='bbox 2402 3035 2526 3088; x_wconf 75' lang='grc' dir='ltr'>οὕτε</span> <span class='ocrx_word' id='word_1_445' title='bbox 2583 3036 2823 3105; x_wconf 81' lang='grc' dir='ltr'>πολέμου</span> <span class='ocrx_word' id='word_1_446' title='bbox 2882 3037 3052 3106; x_wconf 77' lang='grc' dir='ltr'>νόμῳ,</span> <span class='ocrx_word' id='word_1_447' title='bbox 3088 3036 3197 3089; x_wconf 74' lang='grc' dir='ltr'>οὔτ’</span> <span class='ocrx_word' id='word_1_448' title='bbox 3226 3037 3372 3110; x_wconf 79' lang='grc' dir='ltr'>ἄλλῃ</span> <span class='ocrx_word' id='word_1_449' title='bbox 3405 3041 3511 3092; x_wconf 80' lang='grc' dir='ltr'>τινὶ</span> <span class='ocrx_word' id='word_1_450' title='bbox 3563 3039 3652 3109; x_wconf 73' lang='grc' dir='ltr'><strong>βία</strong></span> 
     </span>
    </p>
   </div>
   <div class='ocr_carea' id='block_1_62' title="bbox 410 3117 1976 3202">
    <p class='ocr_par' dir='ltr' id='par_1_62' title="bbox 410 3117 1976 3202">
     <span class='ocr_line' id='line_1_62' title="bbox 410 3117 1976 3202; baseline 0.017 -40"><span class='ocrx_word' id='word_1_451' title='bbox 410 3126 652 3179; x_wconf 84' lang='lat' dir='ltr'><strong>quoque,</strong></span> <span class='ocrx_word' id='word_1_452' title='bbox 693 3125 752 3169; x_wconf 93' lang='lat' dir='ltr'><strong>ut</strong></span> <span class='ocrx_word' id='word_1_453' title='bbox 799 3117 1052 3188; x_wconf 85' lang='lat' dir='ltr'><strong>decebat,</strong></span> <span class='ocrx_word' id='word_1_454' title='bbox 1085 3123 1246 3180; x_wconf 90' lang='lat' dir='ltr'><strong>donis</strong></span> <span class='ocrx_word' id='word_1_455' title='bbox 1285 3127 1695 3202; x_wconf 82' lang='lat' dir='ltr'><strong>honoribusque</strong></span> <span class='ocrx_word' id='word_1_456' title='bbox 1723 3132 1795 3186; x_wconf 93' lang='lat' dir='ltr'><strong>ob</strong></span> <span class='ocrx_word' id='word_1_457' title='bbox 1825 3134 1976 3189; x_wconf 91' lang='lat' dir='ltr'><strong>labo-</strong></span> 
     </span>
    </p>
   </div>
   <div class='ocr_carea' id='block_1_63' title="bbox 2076 3117 3654 3202">
    <p class='ocr_par' dir='ltr' id='par_1_63' title="bbox 2081 3128 3654 3200">
     <span class='ocr_line' id='line_1_63' title="bbox 2081 3128 3654 3200; baseline 0 -20"><span class='ocrx_word' id='word_1_458' title='bbox 2081 3128 2220 3199; x_wconf 70' lang='grc' dir='ltr'>πρὸς</span> <span class='ocrx_word' id='word_1_459' title='bbox 2270 3129 2332 3182; x_wconf 81' lang='grc' dir='ltr'>τὸ</span> <span class='ocrx_word' id='word_1_460' title='bbox 2364 3129 2490 3199; x_wconf 69' lang='grc' dir='ltr'>ἐμοὶ</span> <span class='ocrx_word' id='word_1_461' title='bbox 2534 3128 2808 3182; x_wconf 84' lang='grc' dir='ltr'>δουλεύειν</span> <span class='ocrx_word' id='word_1_462' title='bbox 2870 3129 3263 3200; x_wconf 82' lang='grc' dir='ltr'>ὑπηγαγόμην,</span> <span class='ocrx_word' id='word_1_463' title='bbox 3301 3131 3424 3183; x_wconf 82' lang='grc' dir='ltr'>ἀλλ’</span> <span class='ocrx_word' id='word_1_464' title='bbox 3475 3128 3654 3182; x_wconf 74' lang='grc' dir='ltr'>ἑκοντὶ</span> 
     </span>
    </p>
   </div>
   <div class='ocr_carea' id='block_1_64' title="bbox 419 3209 1971 3290">
    <p class='ocr_par' dir='ltr' id='par_1_64' title="bbox 419 3209 1971 3290">
     <span class='ocr_line' id='line_1_64' title="bbox 419 3209 1971 3290; baseline 0.018 -37"><span class='ocrx_word' id='word_1_465' title='bbox 419 3217 534 3254; x_wconf 88' lang='lat' dir='ltr'><strong>rem</strong></span> <span class='ocrx_word' id='word_1_466' title='bbox 582 3220 645 3259; x_wconf 91' lang='lat' dir='ltr'><strong>ac</strong></span> <span class='ocrx_word' id='word_1_467' title='bbox 673 3209 918 3264; x_wconf 90' lang='lat' dir='ltr'><strong>studium</strong></span> <span class='ocrx_word' id='word_1_468' title='bbox 946 3228 1076 3284; x_wconf 75' lang='lat' dir='ltr'><strong>erga</strong></span> <span class='ocrx_word' id='word_1_469' title='bbox 1111 3231 1196 3270; x_wconf 82' lang='lat' dir='ltr'><strong>me</strong></span> <span class='ocrx_word' id='word_1_470' title='bbox 1226 3225 1380 3290; x_wconf 82' lang='lat' dir='ltr'><strong>tuum</strong></span> <span class='ocrx_word' id='word_1_471' title='bbox 1412 3232 1799 3279; x_wconf 77' lang='lat' dir='ltr'><strong>remuneratus</strong></span> <span class='ocrx_word' id='word_1_472' title='bbox 1827 3241 1971 3281; x_wconf 86' lang='lat' dir='ltr'><strong>sum.</strong></span> 
     </span>
    </p>
   </div>
   <div class='ocr_carea' id='block_1_65' title="bbox 416 3293 1976 3372">
    <p class='ocr_par' dir='ltr' id='par_1_65' title="bbox 416 3293 1976 3372">
     <span class='ocr_line' id='line_1_65' title="bbox 416 3293 1976 3372; baseline 0.018 -26"><span class='ocrx_word' id='word_1_473' title='bbox 416 3293 521 3362; x_wconf 85' lang='grc'>77</span> <span class='ocrx_word' id='word_1_474' title='bbox 560 3294 624 3350; x_wconf 83' lang='grc' dir='ltr'>Ει</span> <span class='ocrx_word' id='word_1_475' title='bbox 657 3301 918 3367; x_wconf 90' lang='lat' dir='ltr'><strong>quoniam</strong></span> <span class='ocrx_word' id='word_1_476' title='bbox 959 3307 1151 3360; x_wconf 84' lang='lat' dir='ltr'><strong>volens</strong></span> <span class='ocrx_word' id='word_1_477' title='bbox 1180 3323 1244 3363; x_wconf 87' lang='lat' dir='ltr'><strong>ac</strong></span> <span class='ocrx_word' id='word_1_478' title='bbox 1274 3309 1455 3366; x_wconf 85' lang='lat' dir='ltr'><strong>libens</strong></span> <span class='ocrx_word' id='word_1_479' title='bbox 1484 3327 1699 3370; x_wconf 87' lang='lat' dir='ltr'><strong>mecum</strong></span> <span class='ocrx_word' id='word_1_480' title='bbox 1737 3323 1790 3370; x_wconf 87' lang='lat' dir='ltr'><strong>te</strong></span> <span class='ocrx_word' id='word_1_481' title='bbox 1843 3332 1976 3372; x_wconf 86' lang='lat' dir='ltr'><strong>con-</strong></span> 
     </span>
    </p>
   </div>
   <div class='ocr_carea' id='block_1_66' title="bbox 409 3387 1976 3476">
    <p class='ocr_par' dir='ltr' id='par_1_66' title="bbox 409 3387 1976 3476">
     <span class='ocr_line' id='line_1_66' title="bbox 409 3387 1976 3476; baseline 0.017 -40"><span class='ocrx_word' id='word_1_482' title='bbox 409 3387 670 3451; x_wconf 74' lang='lat' dir='ltr'><strong>junxisti,</strong></span> <span class='ocrx_word' id='word_1_483' title='bbox 735 3403 895 3461; x_wconf 89' lang='lat' dir='ltr'><strong>turpe</strong></span> <span class='ocrx_word' id='word_1_484' title='bbox 953 3406 1039 3450; x_wconf 86' lang='lat' dir='ltr'><strong>est</strong></span> <span class='ocrx_word' id='word_1_485' title='bbox 1085 3399 1439 3466; x_wconf 89' lang='lat' dir='ltr'><strong>clanculum,</strong></span> <span class='ocrx_word' id='word_1_486' title='bbox 1499 3419 1564 3460; x_wconf 86' lang='lat' dir='ltr'><strong>ac</strong></span> <span class='ocrx_word' id='word_1_487' title='bbox 1639 3421 1749 3460; x_wconf 88' lang='lat' dir='ltr'><strong>non</strong></span> <span class='ocrx_word' id='word_1_488' title='bbox 1793 3408 1976 3476; x_wconf 88' lang='lat' dir='ltr'><strong>potius</strong></span> 
     </span>
    </p>
   </div>
   <div class='ocr_carea' id='block_1_67' title="bbox 410 3481 1973 3565">
    <p class='ocr_par' dir='ltr' id='par_1_67' title="bbox 410 3481 1973 3565">
     <span class='ocr_line' id='line_1_67' title="bbox 410 3481 1973 3565; baseline 0.017 -37"><span class='ocrx_word' id='word_1_489' title='bbox 410 3490 598 3544; x_wconf 88' lang='lat' dir='ltr'><strong>aperte</strong></span> <span class='ocrx_word' id='word_1_490' title='bbox 626 3481 1024 3541; x_wconf 88' lang='lat' dir='ltr'><strong>valcdicentem</strong></span> <span class='ocrx_word' id='word_1_491' title='bbox 1057 3492 1342 3548; x_wconf 90' lang='lat' dir='ltr'><strong>recedere.</strong></span> <span class='ocrx_word' id='word_1_492' title='bbox 1388 3495 1577 3565; x_wconf 88' lang='lat' dir='ltr'><strong>Neque</strong></span> <span class='ocrx_word' id='word_1_493' title='bbox 1600 3505 1785 3554; x_wconf 87' lang='lat' dir='ltr'><strong>tamen</strong></span> <span class='ocrx_word' id='word_1_494' title='bbox 1811 3514 1973 3554; x_wconf 89' lang='lat' dir='ltr'><strong>avum</strong></span> 
     </span>
    </p>
   </div>
   <div class='ocr_carea' id='block_1_68' title="bbox 416 3573 1977 3648">
    <p class='ocr_par' dir='ltr' id='par_1_68' title="bbox 416 3573 1977 3648">
     <span class='ocr_line' id='line_1_68' title="bbox 416 3573 1977 3648; baseline 0.017 -26"><span class='ocrx_word' id='word_1_495' title='bbox 416 3585 598 3625; x_wconf 89' lang='lat' dir='ltr'><strong>meum</strong></span> <span class='ocrx_word' id='word_1_496' title='bbox 650 3573 798 3630; x_wconf 89' lang='lat' dir='ltr'><strong>bello</strong></span> <span class='ocrx_word' id='word_1_497' title='bbox 845 3580 1156 3637; x_wconf 88' lang='lat' dir='ltr'><strong>accinctum</strong></span> <span class='ocrx_word' id='word_1_498' title='bbox 1182 3622 1197 3647; x_wconf 91' lang='lat'><strong>,</strong></span> <span class='ocrx_word' id='word_1_499' title='bbox 1242 3594 1294 3640; x_wconf 91' lang='lat' dir='ltr'><strong>te</strong></span> <span class='ocrx_word' id='word_1_500' title='bbox 1321 3586 1390 3641; x_wconf 88' lang='lat' dir='ltr'><strong>ad</strong></span> <span class='ocrx_word' id='word_1_501' title='bbox 1420 3591 1700 3645; x_wconf 75' lang='lat' dir='ltr'><strong>vexandas</strong></span> <span class='ocrx_word' id='word_1_502' title='bbox 1725 3592 1977 3648; x_wconf 81' lang='lat' dir='ltr'><strong>fortunas</strong></span> 
     </span>
    </p>
   </div>
   <div class='ocr_carea' id='block_1_69' title="bbox 410 3667 1973 3743">
    <p class='ocr_par' dir='ltr' id='par_1_69' title="bbox 410 3667 1973 3743">
     <span class='ocr_line' id='line_1_69' title="bbox 410 3667 1973 3743; baseline 0.014 -27"><span class='ocrx_word' id='word_1_503' title='bbox 410 3679 561 3720; x_wconf 90' lang='lat' dir='ltr'><strong>meas</strong></span> <span class='ocrx_word' id='word_1_504' title='bbox 596 3667 887 3738; x_wconf 74' lang='lat' dir='ltr'><strong>asciscere,</strong></span> <span class='ocrx_word' id='word_1_505' title='bbox 935 3674 1033 3727; x_wconf 84' lang='lat' dir='ltr'><strong>sed</strong></span> <span class='ocrx_word' id='word_1_506' title='bbox 1089 3689 1277 3743; x_wconf 83' lang='lat' dir='ltr'><strong>pacem</strong></span> <span class='ocrx_word' id='word_1_507' title='bbox 1324 3693 1388 3733; x_wconf 92' lang='lat' dir='ltr'><strong>ac</strong></span> <span class='ocrx_word' id='word_1_508' title='bbox 1417 3678 1601 3736; x_wconf 71' lang='lat' dir='ltr'><strong>foedus</strong></span> <span class='ocrx_word' id='word_1_509' title='bbox 1649 3681 1973 3737; x_wconf 88' lang='lat' dir='ltr'><strong>inviolatum</strong></span> 
     </span>
    </p>
   </div>
   <div class='ocr_carea' id='block_1_70' title="bbox 411 3763 1978 3831">
    <p class='ocr_par' dir='ltr' id='par_1_70' title="bbox 411 3763 1978 3831">
     <span class='ocr_line' id='line_1_70' title="bbox 411 3763 1978 3831; baseline 0.014 -23"><span class='ocrx_word' id='word_1_510' title='bbox 411 3768 657 3821; x_wconf 88' lang='lat' dir='ltr'><strong>servare,</strong></span> <span class='ocrx_word' id='word_1_511' title='bbox 702 3769 760 3814; x_wconf 93' lang='lat' dir='ltr'><strong>et</strong></span> <span class='ocrx_word' id='word_1_512' title='bbox 815 3771 867 3816; x_wconf 89' lang='lat' dir='ltr'><strong>te</strong></span> <span class='ocrx_word' id='word_1_513' title='bbox 918 3763 1146 3820; x_wconf 85' lang='lat' dir='ltr'><strong>subesse</strong></span> <span class='ocrx_word' id='word_1_514' title='bbox 1191 3767 1296 3821; x_wconf 85' lang='lat' dir='ltr'><strong>sibi</strong></span> <span class='ocrx_word' id='word_1_515' title='bbox 1339 3767 1460 3824; x_wconf 87' lang='lat' dir='ltr'><strong>sine</strong></span> <span class='ocrx_word' id='word_1_516' title='bbox 1499 3770 1626 3825; x_wconf 91' lang='lat' dir='ltr'><strong>dolo</strong></span> <span class='ocrx_word' id='word_1_517' title='bbox 1661 3771 1804 3826; x_wconf 91' lang='lat' dir='ltr'><strong>malo</strong></span> <span class='ocrx_word' id='word_1_518' title='bbox 1836 3775 1978 3831; x_wconf 86' lang='lat' dir='ltr'><strong>velle</strong></span> 
     </span>
    </p>
   </div>
   <div class='ocr_carea' id='block_1_71' title="bbox 410 3849 1975 3934">
    <p class='ocr_par' dir='ltr' id='par_1_71' title="bbox 410 3849 1975 3934">
     <span class='ocr_line' id='line_1_71' title="bbox 410 3849 1975 3934; baseline 0.014 -35"><span class='ocrx_word' id='word_1_519' title='bbox 410 3849 628 3916; x_wconf 81' lang='lat' dir='ltr'><strong>Opinor.</strong></span> <span class='ocrx_word' id='word_1_520' title='bbox 673 3850 994 3923; x_wconf 85' lang='lat' dir='ltr'><strong>Quanquam</strong></span> <span class='ocrx_word' id='word_1_521' title='bbox 1048 3865 1105 3911; x_wconf 89' lang='lat' dir='ltr'><strong>et</strong></span> <span class='ocrx_word' id='word_1_522' title='bbox 1148 3858 1252 3914; x_wconf 88' lang='lat' dir='ltr'><strong>hoc</strong></span> <span class='ocrx_word' id='word_1_523' title='bbox 1303 3860 1490 3916; x_wconf 89' lang='lat' dir='ltr'><strong>mirari</strong></span> <span class='ocrx_word' id='word_1_524' title='bbox 1520 3863 1668 3928; x_wconf 77' lang='lat' dir='ltr'><strong>satis</strong></span> <span class='ocrx_word' id='word_1_525' title='bbox 1716 3878 1975 3934; x_wconf 89' lang='lat' dir='ltr'><strong>nequeo,</strong></span> 
     </span>
    </p>
   </div>
   <div class='ocr_carea' id='block_1_72' title="bbox 415 3939 1979 4021">
    <p class='ocr_par' dir='ltr' id='par_1_72' title="bbox 415 3939 1979 4021">
     <span class='ocr_line' id='line_1_72' title="bbox 415 3939 1979 4021; baseline 0.017 -32"><span class='ocrx_word' id='word_1_526' title='bbox 415 3953 539 3991; x_wconf 90' lang='lat' dir='ltr'><strong>cum</strong></span> <span class='ocrx_word' id='word_1_527' title='bbox 594 3939 747 3996; x_wconf 88' lang='lat' dir='ltr'><strong>factis</strong></span> <span class='ocrx_word' id='word_1_528' title='bbox 799 3945 931 4014; x_wconf 82' lang='lat' dir='ltr'><strong>ipsis</strong></span> <span class='ocrx_word' id='word_1_529' title='bbox 976 3947 1257 4021; x_wconf 71' lang='lat' dir='ltr'><strong>benevola:</strong></span> <span class='ocrx_word' id='word_1_530' title='bbox 1299 3954 1500 4008; x_wconf 91' lang='lat' dir='ltr'><strong>mentis</strong></span> <span class='ocrx_word' id='word_1_531' title='bbox 1539 3964 1595 4010; x_wconf 86' lang='lat' dir='ltr'><strong>et</strong></span> <span class='ocrx_word' id='word_1_532' title='bbox 1649 3957 1979 4016; x_wconf 73' lang='lat' dir='ltr'><strong>obedientiae</strong></span> 
     </span>
    </p>
   </div>
   <div class='ocr_carea' id='block_1_73' title="bbox 330 4027 1974 4116">
    <p class='ocr_par' dir='ltr' id='par_1_73' title="bbox 330 4027 1974 4116">
     <span class='ocr_line' id='line_1_73' title="bbox 330 4027 1974 4116; baseline 0.018 -38"><span class='ocrx_word' id='word_1_533' title='bbox 330 4064 334 4068; x_wconf 63' lang='grc' dir='ltr'><strong><em>η</em></strong></span> <span class='ocrx_word' id='word_1_534' title='bbox 414 4027 840 4098; x_wconf 77' lang='lat' dir='ltr'><strong>significationes</strong></span> <span class='ocrx_word' id='word_1_535' title='bbox 886 4036 963 4108; x_wconf 74' lang='lat' dir='ltr'><strong>ita</strong></span> <span class='ocrx_word' id='word_1_536' title='bbox 987 4039 1297 4096; x_wconf 89' lang='lat' dir='ltr'><strong>luculentas</strong></span> <span class='ocrx_word' id='word_1_537' title='bbox 1321 4043 1595 4110; x_wconf 83' lang='lat' dir='ltr'><strong>dederim,</strong></span> <span class='ocrx_word' id='word_1_538' title='bbox 1626 4049 1720 4116; x_wconf 92' lang='lat' dir='ltr'><strong>qui</strong></span> <span class='ocrx_word' id='word_1_539' title='bbox 1754 4050 1974 4107; x_wconf 87' lang='lat' dir='ltr'><strong>tandem</strong></span> 
     </span>
    </p>
   </div>
   <div class='ocr_carea' id='block_1_74' title="bbox 415 4121 1978 4208">
    <p class='ocr_par' dir='ltr' id='par_1_74' title="bbox 415 4121 1978 4208">
     <span class='ocr_line' id='line_1_74' title="bbox 415 4121 1978 4208; baseline 0.016 -34"><span class='ocrx_word' id='word_1_540' title='bbox 415 4121 510 4175; x_wconf 90' lang='lat' dir='ltr'><strong>ille</strong></span> <span class='ocrx_word' id='word_1_541' title='bbox 558 4124 726 4194; x_wconf 90' lang='lat' dir='ltr'><strong>(quod</strong></span> <span class='ocrx_word' id='word_1_542' title='bbox 768 4143 1052 4200; x_wconf 87' lang='lat' dir='ltr'><strong>nunquam</strong></span> <span class='ocrx_word' id='word_1_543' title='bbox 1092 4134 1301 4189; x_wconf 90' lang='lat' dir='ltr'><strong>veritus</strong></span> <span class='ocrx_word' id='word_1_544' title='bbox 1344 4143 1549 4208; x_wconf 85' lang='lat' dir='ltr'><strong>essem)</strong></span> <span class='ocrx_word' id='word_1_545' title='bbox 1588 4140 1742 4196; x_wconf 92' lang='lat' dir='ltr'><strong>nullo</strong></span> <span class='ocrx_word' id='word_1_546' title='bbox 1769 4141 1978 4200; x_wconf 91' lang='lat' dir='ltr'><strong>indicio</strong></span> 
     </span>
    </p>
   </div>
   <div class='ocr_carea' id='block_1_75' title="bbox 415 4214 1978 4293">
    <p class='ocr_par' dir='ltr' id='par_1_75' title="bbox 415 4214 1978 4293">
     <span class='ocr_line' id='line_1_75' title="bbox 415 4214 1978 4293; baseline 0.017 -27"><span class='ocrx_word' id='word_1_547' title='bbox 415 4214 550 4269; x_wconf 89' lang='lat' dir='ltr'><strong>mibi</strong></span> <span class='ocrx_word' id='word_1_548' title='bbox 583 4233 641 4272; x_wconf 91' lang='lat' dir='ltr'><strong>se</strong></span> <span class='ocrx_word' id='word_1_549' title='bbox 669 4220 904 4275; x_wconf 89' lang='lat' dir='ltr'><strong>amicum</strong></span> <span class='ocrx_word' id='word_1_550' title='bbox 941 4225 1211 4286; x_wconf 84' lang='lat' dir='ltr'><strong>ostendat.</strong></span> <span class='ocrx_word' id='word_1_551' title='bbox 1243 4225 1399 4293; x_wconf 85' lang='lat' dir='ltr'><strong>Quod</strong></span> <span class='ocrx_word' id='word_1_552' title='bbox 1428 4230 1472 4285; x_wconf 90' lang='lat' dir='ltr'><strong>si</strong></span> <span class='ocrx_word' id='word_1_553' title='bbox 1498 4229 1643 4286; x_wconf 84' lang='lat' dir='ltr'><strong>forte</strong></span> <span class='ocrx_word' id='word_1_554' title='bbox 1663 4235 1833 4290; x_wconf 86' lang='lat' dir='ltr'><strong>armis</strong></span> <span class='ocrx_word' id='word_1_555' title='bbox 1862 4251 1978 4293; x_wconf 74' lang='lat' dir='ltr'><strong>meo</strong></span> 
     </span>
    </p>
   </div>
   <div class='ocr_carea' id='block_1_76' title="bbox 417 4308 1978 4390">
    <p class='ocr_par' dir='ltr' id='par_1_76' title="bbox 417 4308 1978 4390">
     <span class='ocr_line' id='line_1_76' title="bbox 417 4308 1978 4390; baseline 0.017 -34"><span class='ocrx_word' id='word_1_556' title='bbox 417 4321 538 4359; x_wconf 91' lang='lat' dir='ltr'><strong>cum</strong></span> <span class='ocrx_word' id='word_1_557' title='bbox 582 4308 866 4366; x_wconf 88' lang='lat' dir='ltr'><strong>decertare</strong></span> <span class='ocrx_word' id='word_1_558' title='bbox 909 4315 1052 4380; x_wconf 87' lang='lat' dir='ltr'><strong>apud</strong></span> <span class='ocrx_word' id='word_1_559' title='bbox 1104 4317 1349 4372; x_wconf 87' lang='lat' dir='ltr'><strong>animum</strong></span> <span class='ocrx_word' id='word_1_560' title='bbox 1387 4324 1697 4390; x_wconf 88' lang='lat' dir='ltr'><strong>proposuit,</strong></span> <span class='ocrx_word' id='word_1_561' title='bbox 1730 4341 1835 4381; x_wconf 84' lang='lat' dir='ltr'><strong>nos</strong></span> <span class='ocrx_word' id='word_1_562' title='bbox 1867 4326 1978 4383; x_wconf 89' lang='lat' dir='ltr'><strong>Deo</strong></span> 
     </span>
    </p>
   </div>
   <div class='ocr_carea' id='block_1_77' title="bbox 417 4391 1978 4485">
    <p class='ocr_par' dir='ltr' id='par_1_77' title="bbox 417 4391 1978 4485">
     <span class='ocr_line' id='line_1_77' title="bbox 417 4391 1978 4485; baseline 0.015 -35"><span class='ocrx_word' id='word_1_563' title='bbox 417 4397 572 4452; x_wconf 83' lang='lat' dir='ltr'><strong>cordi</strong></span> <span class='ocrx_word' id='word_1_564' title='bbox 623 4401 849 4458; x_wconf 89' lang='lat' dir='ltr'><strong>erimus.</strong></span> <span class='ocrx_word' id='word_1_565' title='bbox 896 4405 1208 4462; x_wconf 81' lang='lat' dir='ltr'><strong>Recordare</strong></span> <span class='ocrx_word' id='word_1_566' title='bbox 1249 4391 1545 4467; x_wconf 76' lang='lat' dir='ltr'><strong>verborum</strong></span> <span class='ocrx_word' id='word_1_567' title='bbox 1585 4422 1828 4483; x_wconf 90' lang='lat' dir='ltr'><strong>tuorum,</strong></span> <span class='ocrx_word' id='word_1_568' title='bbox 1853 4433 1978 4485; x_wconf 67' lang='lat' dir='ltr'><strong>cum</strong></span> 
     </span>
    </p>
   </div>
   <div class='ocr_carea' id='block_1_78' title="bbox 417 4487 1976 4564">
    <p class='ocr_par' dir='ltr' id='par_1_78' title="bbox 417 4487 1976 4564">
     <span class='ocr_line' id='line_1_78' title="bbox 417 4487 1976 4564; baseline 0.015 -23"><span class='ocrx_word' id='word_1_569' title='bbox 417 4487 660 4560; x_wconf 87' lang='lat' dir='ltr'><strong>Byzantii</strong></span> <span class='ocrx_word' id='word_1_570' title='bbox 693 4494 760 4549; x_wconf 90' lang='lat' dir='ltr'><strong>de</strong></span> <span class='ocrx_word' id='word_1_571' title='bbox 785 4505 929 4550; x_wconf 89' lang='lat' dir='ltr'><strong>statu</strong></span> <span class='ocrx_word' id='word_1_572' title='bbox 961 4514 1144 4554; x_wconf 90' lang='lat' dir='ltr'><strong>rerum</strong></span> <span class='ocrx_word' id='word_1_573' title='bbox 1174 4503 1640 4561; x_wconf 87' lang='lat' dir='ltr'><strong>consultaremus.</strong></span> <span class='ocrx_word' id='word_1_574' title='bbox 1663 4507 1800 4563; x_wconf 90' lang='lat' dir='ltr'><strong>Cum</strong></span> <span class='ocrx_word' id='word_1_575' title='bbox 1828 4511 1976 4564; x_wconf 90' lang='lat' dir='ltr'><strong>enim</strong></span> 
     </span>
    </p>
   </div>
   <div class='ocr_carea' id='block_1_79' title="bbox 418 4587 1979 4663">
    <p class='ocr_par' dir='ltr' id='par_1_79' title="bbox 418 4587 1979 4663">
     <span class='ocr_line' id='line_1_79' title="bbox 418 4587 1979 4663; baseline 0.015 -32"><span class='ocrx_word' id='word_1_576' title='bbox 418 4587 474 4632; x_wconf 90' lang='lat' dir='ltr'><strong>tu</strong></span> <span class='ocrx_word' id='word_1_577' title='bbox 520 4591 576 4634; x_wconf 84' lang='lat' dir='ltr'><strong>et</strong></span> <span class='ocrx_word' id='word_1_578' title='bbox 621 4593 991 4650; x_wconf 88' lang='lat' dir='ltr'><strong>protostrator</strong></span> <span class='ocrx_word' id='word_1_579' title='bbox 1026 4605 1193 4658; x_wconf 88' lang='lat' dir='ltr'><strong>super</strong></span> <span class='ocrx_word' id='word_1_580' title='bbox 1217 4607 1340 4657; x_wconf 89' lang='lat' dir='ltr'><strong>avo,</strong></span> <span class='ocrx_word' id='word_1_581' title='bbox 1363 4608 1486 4661; x_wconf 68' lang='lat' dir='ltr'><strong>quae</strong></span> <span class='ocrx_word' id='word_1_582' title='bbox 1511 4596 1835 4663; x_wconf 89' lang='lat' dir='ltr'><strong>meministi,</strong></span> <span class='ocrx_word' id='word_1_583' title='bbox 1857 4600 1979 4655; x_wconf 82' lang='lat' dir='ltr'><strong>elo-</strong></span> 
     </span>
    </p>
   </div>
   <div class='ocr_carea' id='block_1_80' title="bbox 416 4674 1979 4755">
    <p class='ocr_par' dir='ltr' id='par_1_80' title="bbox 416 4674 1979 4755">
     <span class='ocr_line' id='line_1_80' title="bbox 416 4674 1979 4755; baseline 0.013 -29"><span class='ocrx_word' id='word_1_584' title='bbox 416 4674 527 4728; x_wconf 92' lang='lat' dir='ltr'><strong>cuti</strong></span> <span class='ocrx_word' id='word_1_585' title='bbox 573 4678 766 4731; x_wconf 80' lang='lat' dir='ltr'><strong>essetis</strong></span> <span class='ocrx_word' id='word_1_586' title='bbox 815 4681 962 4750; x_wconf 81' lang='lat'><strong>(75),</strong></span> <span class='ocrx_word' id='word_1_587' title='bbox 1013 4698 1100 4736; x_wconf 89' lang='lat' dir='ltr'><strong>me</strong></span> <span class='ocrx_word' id='word_1_588' title='bbox 1146 4684 1310 4751; x_wconf 84' lang='lat' dir='ltr'><strong>longe</strong></span> <span class='ocrx_word' id='word_1_589' title='bbox 1365 4685 1516 4740; x_wconf 91' lang='lat' dir='ltr'><strong>aliud</strong></span> <span class='ocrx_word' id='word_1_590' title='bbox 1571 4689 1868 4755; x_wconf 83' lang='lat' dir='ltr'><strong>sentiente,</strong></span> <span class='ocrx_word' id='word_1_591' title='bbox 1921 4701 1979 4747; x_wconf 91' lang='lat' dir='ltr'><strong>tu</strong></span> 
     </span>
    </p>
   </div>
   <div class='ocr_carea' id='block_1_81' title="bbox 416 4761 1982 4843">
    <p class='ocr_par' dir='ltr' id='par_1_81' title="bbox 416 4761 1982 4843">
     <span class='ocr_line' id='line_1_81' title="bbox 416 4761 1982 4843; baseline 0.015 -28"><span class='ocrx_word' id='word_1_592' title='bbox 416 4761 566 4820; x_wconf 87' lang='lat' dir='ltr'><strong>hunc</strong></span> <span class='ocrx_word' id='word_1_593' title='bbox 609 4768 851 4823; x_wconf 86' lang='lat' dir='ltr'><strong>animum</strong></span> <span class='ocrx_word' id='word_1_594' title='bbox 901 4785 1084 4827; x_wconf 88' lang='lat' dir='ltr'><strong>meum</strong></span> <span class='ocrx_word' id='word_1_595' title='bbox 1117 4775 1444 4843; x_wconf 84' lang='lat' dir='ltr'><strong>suspiciens,</strong></span> <span class='ocrx_word' id='word_1_596' title='bbox 1480 4776 1650 4833; x_wconf 83' lang='lat' dir='ltr'><strong>fidere</strong></span> <span class='ocrx_word' id='word_1_597' title='bbox 1674 4779 1782 4835; x_wconf 92' lang='lat' dir='ltr'><strong>Deo</strong></span> <span class='ocrx_word' id='word_1_598' title='bbox 1813 4790 1864 4836; x_wconf 89' lang='lat' dir='ltr'><strong>te</strong></span> <span class='ocrx_word' id='word_1_599' title='bbox 1890 4783 1982 4838; x_wconf 82' lang='lat' dir='ltr'><strong>di-</strong></span> 
     </span>
    </p>
   </div>
   <div class='ocr_carea' id='block_1_82' title="bbox 2014 4462 2056 4517">
    <p class='ocr_par' dir='ltr' id='par_1_82' title="bbox 2014 4462 2056 4517">
     <span class='ocr_line' id='line_1_82' title="bbox 2014 4462 2056 4517; baseline 0 0"><span class='ocrx_word' id='word_1_600' title='bbox 2014 4462 2056 4517; x_wconf 83' lang='grc' dir='ltr'>ι)</span> 
     </span>
    </p>
   </div>
   <div class='ocr_carea' id='block_1_83' title="bbox 2079 3218 3655 3290">
    <p class='ocr_par' dir='ltr' id='par_1_83' title="bbox 2079 3218 3655 3290">
     <span class='ocr_line' id='line_1_83' title="bbox 2079 3218 3655 3290; baseline -0.004 -15"><span class='ocrx_word' id='word_1_601' title='bbox 2079 3219 2506 3290; x_wconf 79' lang='grc' dir='ltr'>προσεχώρησας</span> <span class='ocrx_word' id='word_1_602' title='bbox 2564 3219 2756 3282; x_wconf 78' lang='grc' dir='ltr'>αὐτὸς,</span> <span class='ocrx_word' id='word_1_603' title='bbox 2789 3218 3048 3288; x_wconf 79' lang='grc' dir='ltr'>ἑλόμενος</span> <span class='ocrx_word' id='word_1_604' title='bbox 3077 3219 3202 3288; x_wconf 75' lang='grc' dir='ltr'>ἐμοὶ</span> <span class='ocrx_word' id='word_1_605' title='bbox 3257 3222 3507 3274; x_wconf 87' lang='grc' dir='ltr'>συνεῖναι</span> <span class='ocrx_word' id='word_1_606' title='bbox 3561 3220 3655 3271; x_wconf 78' lang='grc' dir='ltr'>καὶ</span> 
     </span>
    </p>
   </div>
   <div class='ocr_carea' id='block_1_84' title="bbox 2078 3309 3656 3381">
    <p class='ocr_par' dir='ltr' id='par_1_84' title="bbox 2078 3309 3656 3381">
     <span class='ocr_line' id='line_1_84' title="bbox 2078 3309 3656 3381; baseline -0.002 -17"><span class='ocrx_word' id='word_1_607' title='bbox 2078 3309 2545 3379; x_wconf 85' lang='grc' dir='ltr'>συγκινδυνεύειν,</span> <span class='ocrx_word' id='word_1_608' title='bbox 2602 3309 2699 3362; x_wconf 77' lang='grc' dir='ltr'>καὶ</span> <span class='ocrx_word' id='word_1_609' title='bbox 2757 3311 2869 3363; x_wconf 79' lang='grc' dir='ltr'><strong>πᾶν</strong></span> <span class='ocrx_word' id='word_1_610' title='bbox 2919 3311 3099 3363; x_wconf 80' lang='grc' dir='ltr'>ὁτιοῦν</span> <span class='ocrx_word' id='word_1_611' title='bbox 3157 3310 3303 3381; x_wconf 82' lang='grc' dir='ltr'>ὑπὲρ</span> <span class='ocrx_word' id='word_1_612' title='bbox 3367 3310 3506 3381; x_wconf 74' lang='grc' dir='ltr'>ἐμοῦ</span> <span class='ocrx_word' id='word_1_613' title='bbox 3565 3311 3656 3362; x_wconf 73' lang='grc' dir='ltr'>καὶ</span> 
     </span>
    </p>
   </div>
   <div class='ocr_carea' id='block_1_85' title="bbox 2077 3401 3653 3472">
    <p class='ocr_par' dir='ltr' id='par_1_85' title="bbox 2077 3401 3653 3472">
     <span class='ocr_line' id='line_1_85' title="bbox 2077 3401 3653 3472; baseline -0.002 -16"><span class='ocrx_word' id='word_1_614' title='bbox 2077 3403 2412 3472; x_wconf 79' lang='grc' dir='ltr'>ὑφίστασθαι</span> <span class='ocrx_word' id='word_1_615' title='bbox 2455 3402 2549 3454; x_wconf 84' lang='grc' dir='ltr'>καὶ</span> <span class='ocrx_word' id='word_1_616' title='bbox 2614 3401 2873 3470; x_wconf 86' lang='grc' dir='ltr'>πράττειν</span> <span class='ocrx_word' id='word_1_617' title='bbox 2930 3402 3449 3472; x_wconf 78' lang='grc' dir='ltr'>ἐπαγγειλάμενος,</span> <span class='ocrx_word' id='word_1_618' title='bbox 3496 3401 3525 3455; x_wconf 78' lang='grc' dir='ltr'><strong>ὃ</strong></span> <span class='ocrx_word' id='word_1_619' title='bbox 3591 3402 3653 3471; x_wconf 82' lang='grc' dir='ltr'>δὴ</span> 
     </span>
    </p>
   </div>
   <div class='ocr_carea' id='block_1_86' title="bbox 2075 3492 3651 3564">
    <p class='ocr_par' dir='ltr' id='par_1_86' title="bbox 2075 3492 3651 3564">
     <span class='ocr_line' id='line_1_86' title="bbox 2075 3492 3651 3564; baseline -0.003 -14"><span class='ocrx_word' id='word_1_620' title='bbox 2075 3498 2168 3550; x_wconf 60' lang='grc' dir='ltr'>καὶ</span> <span class='ocrx_word' id='word_1_621' title='bbox 2197 3495 2376 3558; x_wconf 82' lang='grc' dir='ltr'>καλῶς</span> <span class='ocrx_word' id='word_1_622' title='bbox 2427 3493 2619 3558; x_wconf 83' lang='grc' dir='ltr'>ποιῶν,</span> <span class='ocrx_word' id='word_1_623' title='bbox 2685 3493 2884 3564; x_wconf 80' lang='grc' dir='ltr'>ἀληθὲς</span> <span class='ocrx_word' id='word_1_624' title='bbox 2917 3493 3204 3563; x_wconf 79' lang='grc' dir='ltr'>ἀπέφηνας</span> <span class='ocrx_word' id='word_1_625' title='bbox 3259 3495 3510 3548; x_wconf 75' lang='grc' dir='ltr'>ἐπὶτῶν</span> <span class='ocrx_word' id='word_1_626' title='bbox 3559 3492 3651 3562; x_wconf 74' lang='grc' dir='ltr'>ἔρ-</span> 
     </span>
    </p>
   </div>
   <div class='ocr_carea' id='block_1_87' title="bbox 2075 3585 3650 3660">
    <p class='ocr_par' dir='ltr' id='par_1_87' title="bbox 2075 3585 3650 3660">
     <span class='ocr_line' id='line_1_87' title="bbox 2075 3585 3650 3660; baseline -0.004 -18"><span class='ocrx_word' id='word_1_627' title='bbox 2075 3604 2210 3658; x_wconf 87' lang='grc' dir='ltr'>γων.</span> <span class='ocrx_word' id='word_1_628' title='bbox 2243 3587 2318 3641; x_wconf 88' lang='grc' dir='ltr'><strong>Ού</strong></span> <span class='ocrx_word' id='word_1_629' title='bbox 2350 3586 2455 3660; x_wconf 81' lang='grc' dir='ltr'>μὴν</span> <span class='ocrx_word' id='word_1_630' title='bbox 2510 3587 2621 3640; x_wconf 84' lang='grc' dir='ltr'>οὐδ’</span> <span class='ocrx_word' id='word_1_631' title='bbox 2652 3585 2821 3648; x_wconf 79' lang='grc' dir='ltr'>αὐτὸς</span> <span class='ocrx_word' id='word_1_632' title='bbox 2871 3586 3168 3654; x_wconf 81' lang='grc' dir='ltr'>ἀχάριστος</span> <span class='ocrx_word' id='word_1_633' title='bbox 3205 3585 3322 3638; x_wconf 77' lang='grc' dir='ltr'>οὐδ’</span> <span class='ocrx_word' id='word_1_634' title='bbox 3375 3587 3650 3655; x_wconf 84' lang='grc' dir='ltr'>ἀμνήμων</span> 
     </span>
    </p>
   </div>
   <div class='ocr_carea' id='block_1_88' title="bbox 2078 3674 3654 3748">
    <p class='ocr_par' dir='ltr' id='par_1_88' title="bbox 2078 3674 3654 3748">
     <span class='ocr_line' id='line_1_88' title="bbox 2078 3674 3654 3748; baseline -0.003 -16"><span class='ocrx_word' id='word_1_635' title='bbox 2078 3679 2284 3748; x_wconf 63' lang='grc' dir='ltr'>ὑφάνην</span> <span class='ocrx_word' id='word_1_636' title='bbox 2347 3679 2458 3732; x_wconf 83' lang='grc' dir='ltr'><strong>τῶν</strong></span> <span class='ocrx_word' id='word_1_637' title='bbox 2490 3676 2733 3746; x_wconf 85' lang='grc' dir='ltr'>ἀγαθῶν.</span> <span class='ocrx_word' id='word_1_638' title='bbox 2775 3675 2937 3730; x_wconf 76' lang='grc' dir='ltr'>Ἀλλά</span> <span class='ocrx_word' id='word_1_639' title='bbox 2963 3675 3100 3729; x_wconf 84' lang='grc' dir='ltr'>Θεοῦ</span> <span class='ocrx_word' id='word_1_640' title='bbox 3151 3677 3216 3746; x_wconf 78' lang='grc' dir='ltr'>τῇ</span> <span class='ocrx_word' id='word_1_641' title='bbox 3250 3677 3386 3748; x_wconf 79' lang='grc' dir='ltr'>περὶ</span> <span class='ocrx_word' id='word_1_642' title='bbox 3417 3677 3544 3740; x_wconf 77' lang='grc' dir='ltr'>τοὺς</span> <span class='ocrx_word' id='word_1_643' title='bbox 3569 3674 3654 3744; x_wconf 78' lang='grc' dir='ltr'>φίο</span> 
     </span>
    </p>
   </div>
   <div class='ocr_carea' id='block_1_89' title="bbox 2077 3766 3654 3839">
    <p class='ocr_par' dir='ltr' id='par_1_89' title="bbox 2077 3766 3654 3839">
     <span class='ocr_line' id='line_1_89' title="bbox 2077 3766 3654 3839; baseline -0.004 -15"><span class='ocrx_word' id='word_1_644' title='bbox 2077 3770 2203 3834; x_wconf 87' lang='grc' dir='ltr'>λους</span> <span class='ocrx_word' id='word_1_645' title='bbox 2246 3768 2529 3839; x_wconf 79' lang='grc' dir='ltr'>προθυμίᾳ</span> <span class='ocrx_word' id='word_1_646' title='bbox 2593 3768 2689 3821; x_wconf 66' lang='grc' dir='ltr'><strong>καὶ⁵</strong></span> <span class='ocrx_word' id='word_1_647' title='bbox 2744 3766 2980 3836; x_wconf 88' lang='grc' dir='ltr'>δύναμιν</span> <span class='ocrx_word' id='word_1_648' title='bbox 3036 3769 3492 3836; x_wconf 84' lang='grc' dir='ltr'>παρασχομένου,</span> <span class='ocrx_word' id='word_1_649' title='bbox 3529 3769 3654 3828; x_wconf 82' lang='grc' dir='ltr'>τοὺς</span> 
     </span>
    </p>
   </div>
   <div class='ocr_carea' id='block_1_90' title="bbox 2078 3858 3654 3930">
    <p class='ocr_par' dir='ltr' id='par_1_90' title="bbox 2078 3858 3654 3930">
     <span class='ocr_line' id='line_1_90' title="bbox 2078 3858 3654 3930; baseline -0.004 -14"><span class='ocrx_word' id='word_1_650' title='bbox 2078 3881 2136 3917; x_wconf 90' lang='grc' dir='ltr'><strong>τε</strong></span> <span class='ocrx_word' id='word_1_651' title='bbox 2159 3862 2350 3926; x_wconf 83' lang='grc' dir='ltr'>ἀλλους</span> <span class='ocrx_word' id='word_1_652' title='bbox 2380 3863 2476 3915; x_wconf 74' lang='grc' dir='ltr'>καὶ</span> <span class='ocrx_word' id='word_1_653' title='bbox 2532 3858 2614 3923; x_wconf 71' lang='grc' dir='ltr'><strong>σὲ,</strong></span> <span class='ocrx_word' id='word_1_654' title='bbox 2639 3859 2794 3930; x_wconf 85' lang='grc' dir='ltr'>ῶπερ</span> <span class='ocrx_word' id='word_1_655' title='bbox 2827 3858 2956 3922; x_wconf 75' lang='grc' dir='ltr'>ἔδει,</span> <span class='ocrx_word' id='word_1_656' title='bbox 2989 3859 3174 3928; x_wconf 80' lang='grc' dir='ltr'>τιμαῖς</span> <span class='ocrx_word' id='word_1_657' title='bbox 3206 3875 3266 3911; x_wconf 89' lang='grc' dir='ltr'><strong>τε</strong></span> <span class='ocrx_word' id='word_1_658' title='bbox 3298 3861 3398 3914; x_wconf 72' lang='grc' dir='ltr'>καὶ</span> <span class='ocrx_word' id='word_1_659' title='bbox 3429 3858 3654 3926; x_wconf 78' lang='grc' dir='ltr'>δωρεαῖς</span> 
     </span>
    </p>
   </div>
   <div class='ocr_carea' id='block_1_91' title="bbox 2078 3950 3651 4023">
    <p class='ocr_par' dir='ltr' id='par_1_91' title="bbox 2078 3950 3651 4023">
     <span class='ocr_line' id='line_1_91' title="bbox 2078 3950 3651 4023; baseline -0.006 -12"><span class='ocrx_word' id='word_1_660' title='bbox 2078 3956 2260 4023; x_wconf 77' lang='grc' dir='ltr'>ἀξίαις</span> <span class='ocrx_word' id='word_1_661' title='bbox 2324 3955 2432 4009; x_wconf 91' lang='grc' dir='ltr'><strong>τῶν</strong></span> <span class='ocrx_word' id='word_1_662' title='bbox 2498 3954 2676 4006; x_wconf 66' lang='grc' dir='ltr'>πόνων</span> <span class='ocrx_word' id='word_1_663' title='bbox 2709 3951 3036 4021; x_wconf 70' lang='grc' dir='ltr'>ἠμειψάμην</span> <span class='ocrx_word' id='word_1_664' title='bbox 3069 3951 3164 4004; x_wconf 73' lang='grc' dir='ltr'>καὶ</span> <span class='ocrx_word' id='word_1_665' title='bbox 3194 3953 3293 4022; x_wconf 84' lang='grc' dir='ltr'>τῆς</span> <span class='ocrx_word' id='word_1_666' title='bbox 3335 3950 3651 4023; x_wconf 82' lang='grc' dir='ltr'>προθυμίας</span> 
     </span>
    </p>
   </div>
   <div class='ocr_carea' id='block_1_92' title="bbox 2077 4041 3730 4119">
    <p class='ocr_par' dir='ltr' id='par_1_92' title="bbox 2077 4041 3730 4119">
     <span class='ocr_line' id='line_1_92' title="bbox 2077 4041 3730 4119; baseline -0.005 -18"><span class='ocrx_word' id='word_1_667' title='bbox 2077 4049 2187 4119; x_wconf 79' lang='grc' dir='ltr'>τῆς·</span> <span class='ocrx_word' id='word_1_668' title='bbox 2207 4051 2286 4111; x_wconf 83' lang='grc' dir='ltr'><strong>είς</strong></span> <span class='ocrx_word' id='word_1_669' title='bbox 2315 4048 2435 4116; x_wconf 82' lang='grc' dir='ltr'>ἐμέ.</span> <span class='ocrx_word' id='word_1_670' title='bbox 2479 4045 2638 4099; x_wconf 76' lang='grc' dir='ltr'>Ἐπεὶ</span> <span class='ocrx_word' id='word_1_671' title='bbox 2665 4043 2760 4097; x_wconf 82' lang='grc' dir='ltr'><strong>οῦν</strong></span> <span class='ocrx_word' id='word_1_672' title='bbox 2793 4043 2978 4096; x_wconf 79' lang='grc' dir='ltr'>ἑκοντὶ</span> <span class='ocrx_word' id='word_1_673' title='bbox 3006 4041 3346 4112; x_wconf 77' lang='grc' dir='ltr'>προσῆλθες,</span> <span class='ocrx_word' id='word_1_674' title='bbox 3384 4044 3489 4097; x_wconf 84' lang='grc' dir='ltr'>οὐκ</span> <span class='ocrx_word' id='word_1_675' title='bbox 3520 4044 3653 4108; x_wconf 85' lang='grc' dir='ltr'>ἀγα·</span> <span class='ocrx_word' id='word_1_676' title='bbox 3727 4049 3730 4052; x_wconf 82' lang='grc'><strong>’</strong></span> 
     </span>
    </p>
   </div>
   <div class='ocr_carea' id='block_1_93' title="bbox 2080 4134 3654 4212">
    <p class='ocr_par' dir='ltr' id='par_1_93' title="bbox 2080 4134 3654 4212">
     <span class='ocr_line' id='line_1_93' title="bbox 2080 4134 3654 4212; baseline -0.006 -16"><span class='ocrx_word' id='word_1_677' title='bbox 2080 4142 2172 4196; x_wconf 83' lang='grc' dir='ltr'><strong>θδν</strong></span> <span class='ocrx_word' id='word_1_678' title='bbox 2205 4140 2481 4212; x_wconf 85' lang='grc' dir='ltr'>λαθραίως</span> <span class='ocrx_word' id='word_1_679' title='bbox 2540 4138 2872 4208; x_wconf 82' lang='grc' dir='ltr'>ἀναχωρεῖν,</span> <span class='ocrx_word' id='word_1_680' title='bbox 2929 4134 3046 4188; x_wconf 83' lang='grc' dir='ltr'>ἀλλ’</span> <span class='ocrx_word' id='word_1_681' title='bbox 3079 4135 3159 4197; x_wconf 84' lang='grc' dir='ltr'><strong>είς</strong></span> <span class='ocrx_word' id='word_1_682' title='bbox 3187 4140 3431 4205; x_wconf 73' lang='grc' dir='ltr'>φανερὸν</span> <span class='ocrx_word' id='word_1_683' title='bbox 3457 4151 3654 4188; x_wconf 83' lang='grc' dir='ltr'>συντα-</span> 
     </span>
    </p>
   </div>
   <div class='ocr_carea' id='block_1_94' title="bbox 2082 4225 3653 4303">
    <p class='ocr_par' dir='ltr' id='par_1_94' title="bbox 2082 4225 3653 4303">
     <span class='ocr_line' id='line_1_94' title="bbox 2082 4225 3653 4303; baseline -0.007 -17"><span class='ocrx_word' id='word_1_684' title='bbox 2082 4233 2314 4303; x_wconf 80' lang='grc' dir='ltr'>ξάμενον</span> <span class='ocrx_word' id='word_1_685' title='bbox 2372 4230 2612 4284; x_wconf 79' lang='grc' dir='ltr'>ἀπιέναι.</span> <span class='ocrx_word' id='word_1_686' title='bbox 2667 4229 2866 4295; x_wconf 89' lang='grc' dir='ltr'>Οίομαι</span> <span class='ocrx_word' id='word_1_687' title='bbox 2927 4227 3024 4296; x_wconf 78' lang='grc' dir='ltr'>μὲν</span> <span class='ocrx_word' id='word_1_688' title='bbox 3055 4225 3149 4279; x_wconf 82' lang='grc' dir='ltr'>οὖν</span> <span class='ocrx_word' id='word_1_689' title='bbox 3190 4227 3312 4280; x_wconf 77' lang='grc' dir='ltr'>οὐδὲ</span> <span class='ocrx_word' id='word_1_690' title='bbox 3374 4228 3466 4280; x_wconf 84' lang='grc' dir='ltr'>τὸν</span> <span class='ocrx_word' id='word_1_691' title='bbox 3522 4226 3653 4294; x_wconf 76' lang='grc' dir='ltr'>ὲμδν</span> 
     </span>
    </p>
   </div>
   <div class='ocr_carea' id='block_1_95' title="bbox 2081 4317 3650 4389">
    <p class='ocr_par' dir='ltr' id='par_1_95' title="bbox 2081 4317 3650 4389">
     <span class='ocr_line' id='line_1_95' title="bbox 2081 4317 3650 4389; baseline -0.01 -11"><span class='ocrx_word' id='word_1_692' title='bbox 2081 4325 2308 4378; x_wconf 86' lang='grc' dir='ltr'>πάππον</span> <span class='ocrx_word' id='word_1_693' title='bbox 2343 4321 2441 4374; x_wconf 71' lang='grc' dir='ltr'>καὶ</span> <span class='ocrx_word' id='word_1_694' title='bbox 2471 4317 2700 4388; x_wconf 81' lang='grc' dir='ltr'>βασιλέα</span> <span class='ocrx_word' id='word_1_695' title='bbox 2728 4317 2868 4388; x_wconf 76' lang='grc' dir='ltr'>πρὸς</span> <span class='ocrx_word' id='word_1_696' title='bbox 2895 4317 3137 4385; x_wconf 89' lang='grc' dir='ltr'>πόλεμον</span> <span class='ocrx_word' id='word_1_697' title='bbox 3190 4317 3650 4389; x_wconf 78' lang='grc' dir='ltr'>ἑτοιμαζόμενον,</span> 
     </span>
    </p>
   </div>
   <div class='ocr_carea' id='block_1_96' title="bbox 2052 4392 3654 4480">
    <p class='ocr_par' dir='ltr' id='par_1_96' title="bbox 2052 4392 3654 4480">
     <span class='ocr_line' id='line_1_96' title="bbox 2052 4392 3654 4480; baseline -0.005 -11"><span class='ocrx_word' id='word_1_698' title='bbox 2052 4392 2174 4480; x_wconf 26' lang='grc' dir='ltr'><strong>ῖὲπὶ</strong></span> <span class='ocrx_word' id='word_1_699' title='bbox 2202 4413 2446 4469; x_wconf 81' lang='grc' dir='ltr'>κακώσει</span> <span class='ocrx_word' id='word_1_700' title='bbox 2470 4410 2579 4464; x_wconf 87' lang='grc' dir='ltr'><strong>τῶν</strong></span> <span class='ocrx_word' id='word_1_701' title='bbox 2609 4409 2759 4478; x_wconf 72' lang='grc' dir='ltr'>ἐμῶν</span> <span class='ocrx_word' id='word_1_702' title='bbox 2785 4410 3132 4479; x_wconf 88' lang='grc' dir='ltr'>πραγμάτων</span> <span class='ocrx_word' id='word_1_703' title='bbox 3175 4427 3236 4462; x_wconf 87' lang='grc' dir='ltr'>σε</span> <span class='ocrx_word' id='word_1_704' title='bbox 3285 4407 3654 4480; x_wconf 73' lang='grc' dir='ltr'>προσλαμϐά-</span> 
     </span>
    </p>
   </div>
   <div class='ocr_carea' id='block_1_97' title="bbox 2081 4500 3651 4574">
    <p class='ocr_par' dir='ltr' id='par_1_97' title="bbox 2081 4500 3651 4574">
     <span class='ocr_line' id='line_1_97' title="bbox 2081 4500 3651 4574; baseline -0.008 -12"><span class='ocrx_word' id='word_1_705' title='bbox 2081 4508 2265 4563; x_wconf 86' lang='grc' dir='ltr'>νεσθαι</span> <span class='ocrx_word' id='word_1_706' title='bbox 2327 4502 2635 4574; x_wconf 84' lang='grc' dir='ltr'>βούλεσθαι,</span> <span class='ocrx_word' id='word_1_707' title='bbox 2697 4501 2833 4555; x_wconf 86' lang='grc' dir='ltr'><strong>ἀλλά</strong></span> <span class='ocrx_word' id='word_1_708' title='bbox 2890 4503 2988 4571; x_wconf 81' lang='grc' dir='ltr'>τὴν</span> <span class='ocrx_word' id='word_1_709' title='bbox 3025 4504 3132 4572; x_wconf 79' lang='grc' dir='ltr'>μὴν</span> <span class='ocrx_word' id='word_1_710' title='bbox 3175 4503 3257 4564; x_wconf 88' lang='grc' dir='ltr'><strong>είς</strong></span> <span class='ocrx_word' id='word_1_711' title='bbox 3291 4503 3394 4570; x_wconf 74' lang='grc' dir='ltr'><strong>ἐμὲ</strong></span> <span class='ocrx_word' id='word_1_712' title='bbox 3425 4500 3651 4570; x_wconf 84' lang='grc' dir='ltr'>εἰρήνην</span> 
     </span>
    </p>
   </div>
   <div class='ocr_carea' id='block_1_98' title="bbox 2076 4587 3653 4661">
    <p class='ocr_par' dir='ltr' id='par_1_98' title="bbox 2076 4587 3653 4661">
     <span class='ocr_line' id='line_1_98' title="bbox 2076 4587 3653 4661; baseline -0.007 -10"><span class='ocrx_word' id='word_1_713' title='bbox 2076 4599 2174 4652; x_wconf 73' lang='grc' dir='ltr'>καὶ</span> <span class='ocrx_word' id='word_1_714' title='bbox 2199 4597 2302 4657; x_wconf 77' lang='grc' dir='ltr'>τὰς</span> <span class='ocrx_word' id='word_1_715' title='bbox 2333 4594 2564 4656; x_wconf 73' lang='grc' dir='ltr'>σπονδὰς</span> <span class='ocrx_word' id='word_1_716' title='bbox 2599 4592 2953 4661; x_wconf 80' lang='grc' dir='ltr'>ὑγιαινούσας</span> <span class='ocrx_word' id='word_1_717' title='bbox 3015 4593 3206 4661; x_wconf 85' lang='grc' dir='ltr'>τηρεῖν</span> <span class='ocrx_word' id='word_1_718' title='bbox 3233 4607 3246 4622; x_wconf 92' lang='grc'><strong>·</strong></span> <span class='ocrx_word' id='word_1_719' title='bbox 3306 4589 3561 4660; x_wconf 78' lang='grc' dir='ltr'>ἐφίεσθαι</span> <span class='ocrx_word' id='word_1_720' title='bbox 3607 4587 3653 4640; x_wconf 82' lang='grc' dir='ltr'>δ’</span> 
     </span>
    </p>
   </div>
   <div class='ocr_carea' id='block_1_99' title="bbox 2077 4683 3650 4754">
    <p class='ocr_par' dir='ltr' id='par_1_99' title="bbox 2077 4683 3650 4754">
     <span class='ocr_line' id='line_1_99' title="bbox 2077 4683 3650 4754; baseline -0.008 -10"><span class='ocrx_word' id='word_1_721' title='bbox 2077 4689 2262 4750; x_wconf 84' lang='grc' dir='ltr'>ἁπλῶς</span> <span class='ocrx_word' id='word_1_722' title='bbox 2293 4687 2432 4740; x_wconf 77' lang='grc' dir='ltr'>οὕτω</span> <span class='ocrx_word' id='word_1_723' title='bbox 2473 4688 2565 4740; x_wconf 74' lang='grc' dir='ltr'>καὶ</span> <span class='ocrx_word' id='word_1_724' title='bbox 2605 4687 2662 4737; x_wconf 79' lang='grc' dir='ltr'>σὲ</span> <span class='ocrx_word' id='word_1_725' title='bbox 2687 4686 2878 4754; x_wconf 85' lang='grc' dir='ltr'>τηρεῖν</span> <span class='ocrx_word' id='word_1_726' title='bbox 2909 4683 3000 4736; x_wconf 83' lang='grc' dir='ltr'>ὑπ’</span> <span class='ocrx_word' id='word_1_727' title='bbox 3052 4684 3237 4737; x_wconf 83' lang='grc' dir='ltr'>αὐτόν.</span> <span class='ocrx_word' id='word_1_728' title='bbox 3293 4685 3489 4738; x_wconf 83' lang='grc' dir='ltr'>Καίτοι</span> <span class='ocrx_word' id='word_1_729' title='bbox 3559 4695 3650 4749; x_wconf 87' lang='grc' dir='ltr'><strong>μοι</strong></span> 
     </span>
    </p>
   </div>
   <div class='ocr_carea' id='block_1_100' title="bbox 2075 4770 3650 4845">
    <p class='ocr_par' dir='ltr' id='par_1_100' title="bbox 2075 4770 3650 4845">
     <span class='ocr_line' id='line_1_100' title="bbox 2075 4770 3650 4845; baseline -0.01 -10"><span class='ocrx_word' id='word_1_730' title='bbox 2075 4785 2170 4836; x_wconf 69' lang='grc' dir='ltr'>καὶ</span> <span class='ocrx_word' id='word_1_731' title='bbox 2198 4781 2358 4834; x_wconf 85' lang='grc' dir='ltr'>τοῦτο</span> <span class='ocrx_word' id='word_1_732' title='bbox 2387 4779 2504 4832; x_wconf 86' lang='grc' dir='ltr'>λίαν</span> <span class='ocrx_word' id='word_1_733' title='bbox 2534 4777 2716 4830; x_wconf 78' lang='grc' dir='ltr'>ἔπεισι</span> <span class='ocrx_word' id='word_1_734' title='bbox 2774 4775 3082 4845; x_wconf 76' lang='grc' dir='ltr'>θαυμάζειν</span> <span class='ocrx_word' id='word_1_735' title='bbox 3127 4776 3275 4839; x_wconf 85' lang='grc' dir='ltr'>ὅπως</span> <span class='ocrx_word' id='word_1_736' title='bbox 3307 4775 3491 4830; x_wconf 83' lang='grc' dir='ltr'>αὐτῶν</span> <span class='ocrx_word' id='word_1_737' title='bbox 3540 4770 3650 4825; x_wconf 87' lang='grc' dir='ltr'><strong>τῶν</strong></span> 
     </span>
    </p>
   </div>
   <div class='ocr_carea' id='block_1_101' title="bbox 1672 4924 2403 4988">
    <p class='ocr_par' dir='ltr' id='par_1_101' title="bbox 1672 4924 2403 4988">
     <span class='ocr_line' id='line_1_101' title="bbox 1672 4924 2403 4988; baseline -0.001 -4"><span class='ocrx_word' id='word_1_738' title='bbox 1672 4924 1888 4985; x_wconf 85' lang='lat' dir='ltr'><strong>Jacobi</strong></span> <span class='ocrx_word' id='word_1_739' title='bbox 1919 4924 2184 4988; x_wconf 82' lang='lat' dir='ltr'><strong>Ponteni</strong></span> <span class='ocrx_word' id='word_1_740' title='bbox 2218 4932 2403 4986; x_wconf 66' lang='lat' dir='ltr'><strong>note).</strong></span> 
     </span>
    </p>
   </div>
   <div class='ocr_carea' id='block_1_102' title="bbox 488 5047 1974 5127">
    <p class='ocr_par' dir='ltr' id='par_1_102' title="bbox 488 5047 1974 5127">
     <span class='ocr_line' id='line_1_102' title="bbox 488 5047 1974 5127; baseline 0.01 -26"><span class='ocrx_word' id='word_1_741' title='bbox 488 5047 602 5117; x_wconf 74' lang='lat'><strong>(&#39;75)</strong></span> <span class='ocrx_word' id='word_1_742' title='bbox 641 5047 779 5104; x_wconf 91' lang='lat' dir='ltr'><strong>Olim</strong></span> <span class='ocrx_word' id='word_1_743' title='bbox 800 5047 948 5127; x_wconf 68' lang='grc' dir='ltr'>σῦκα</span> <span class='ocrx_word' id='word_1_744' title='bbox 980 5051 1112 5120; x_wconf 74' lang='lat' dir='ltr'><strong>ﬁcus</strong></span> <span class='ocrx_word' id='word_1_745' title='bbox 1145 5070 1211 5109; x_wconf 77' lang='lat' dir='ltr'><strong>ex</strong></span> <span class='ocrx_word' id='word_1_746' title='bbox 1245 5055 1422 5111; x_wconf 81' lang='lat' dir='ltr'><strong>Attica</strong></span> <span class='ocrx_word' id='word_1_747' title='bbox 1451 5064 1708 5127; x_wconf 90' lang='lat' dir='ltr'><strong>tanquam</strong></span> <span class='ocrx_word' id='word_1_748' title='bbox 1733 5059 1974 5117; x_wconf 86' lang='lat' dir='ltr'><strong>fructum</strong></span> 
     </span>
    </p>
   </div>
   <div class='ocr_carea' id='block_1_103' title="bbox 417 5120 1972 5194">
    <p class='ocr_par' dir='ltr' id='par_1_103' title="bbox 417 5120 1972 5194">
     <span class='ocr_line' id='line_1_103' title="bbox 417 5120 1972 5194; baseline 0.011 -25"><span class='ocrx_word' id='word_1_749' title='bbox 417 5133 639 5194; x_wconf 78' lang='lat' dir='ltr'><strong>rarum,</strong></span> <span class='ocrx_word' id='word_1_750' title='bbox 693 5130 746 5174; x_wconf 88' lang='lat' dir='ltr'><strong>et</strong></span> <span class='ocrx_word' id='word_1_751' title='bbox 800 5120 924 5175; x_wconf 90' lang='lat' dir='ltr'><strong>ideo</strong></span> <span class='ocrx_word' id='word_1_752' title='bbox 981 5137 1204 5194; x_wconf 83' lang='lat' dir='ltr'><strong>carum,</strong></span> <span class='ocrx_word' id='word_1_753' title='bbox 1258 5120 1705 5194; x_wconf 56' lang='lat' dir='ltr'><strong>exportare&#39;non</strong></span> <span class='ocrx_word' id='word_1_754' title='bbox 1751 5130 1972 5187; x_wconf 87' lang='lat' dir='ltr'><strong>licebat.</strong></span> 
     </span>
    </p>
   </div>
   <div class='ocr_carea' id='block_1_104' title="bbox 417 5189 1974 5262">
    <p class='ocr_par' dir='ltr' id='par_1_104' title="bbox 417 5189 1974 5262">
     <span class='ocr_line' id='line_1_104' title="bbox 417 5189 1974 5262; baseline 0.01 -23"><span class='ocrx_word' id='word_1_755' title='bbox 417 5189 518 5254; x_wconf 88' lang='lat' dir='ltr'><strong>Qui</strong></span> <span class='ocrx_word' id='word_1_756' title='bbox 546 5197 895 5258; x_wconf 81' lang='lat' dir='ltr'><strong>exportantes</strong></span> <span class='ocrx_word' id='word_1_757' title='bbox 936 5193 1209 5247; x_wconf 87' lang='lat' dir='ltr'><strong>curiosius</strong></span> <span class='ocrx_word' id='word_1_758' title='bbox 1249 5205 1307 5248; x_wconf 89' lang='lat' dir='ltr'><strong>et</strong></span> <span class='ocrx_word' id='word_1_759' title='bbox 1329 5189 1719 5262; x_wconf 52' lang='lat' dir='ltr'><strong>&#39;inquirerent.</strong></span> <span class='ocrx_word' id='word_1_760' title='bbox 1747 5209 1804 5254; x_wconf 88' lang='lat' dir='ltr'><strong>ct</strong></span> <span class='ocrx_word' id='word_1_761' title='bbox 1833 5202 1974 5255; x_wconf 53' lang='lat' dir='ltr'><strong>indi.</strong></span> 
     </span>
    </p>
   </div>
   <div class='ocr_carea' id='block_1_105' title="bbox 417 5262 1978 5328">
    <p class='ocr_par' dir='ltr' id='par_1_105' title="bbox 417 5262 1978 5328">
     <span class='ocr_line' id='line_1_105' title="bbox 417 5262 1978 5328; baseline 0.011 -19"><span class='ocrx_word' id='word_1_762' title='bbox 417 5269 626 5320; x_wconf 84' lang='lat' dir='ltr'><strong>carent,</strong></span> <span class='ocrx_word' id='word_1_763' title='bbox 668 5273 763 5313; x_wconf 91' lang='lat' dir='ltr'><strong>eos</strong></span> <span class='ocrx_word' id='word_1_764' title='bbox 805 5262 1146 5328; x_wconf 82' lang='grc' dir='ltr'>συκοφάντας</span> <span class='ocrx_word' id='word_1_765' title='bbox 1195 5265 1570 5321; x_wconf 83' lang='lat' dir='ltr'><strong>nominabant.</strong></span> <span class='ocrx_word' id='word_1_766' title='bbox 1623 5270 1816 5325; x_wconf 87' lang='lat' dir='ltr'><strong>Postea</strong></span> <span class='ocrx_word' id='word_1_767' title='bbox 1872 5272 1978 5326; x_wconf 88' lang='lat' dir='ltr'><strong>hoc</strong></span> 
     </span>
    </p>
   </div>
   <div class='ocr_carea' id='block_1_106' title="bbox 420 5328 1970 5404">
    <p class='ocr_par' dir='ltr' id='par_1_106' title="bbox 420 5328 1970 5404">
     <span class='ocr_line' id='line_1_106' title="bbox 420 5328 1970 5404; baseline 0.011 -26"><span class='ocrx_word' id='word_1_768' title='bbox 420 5328 743 5404; x_wconf 75' lang='lat' dir='ltr'><strong>vocabulum</strong></span> <span class='ocrx_word' id='word_1_769' title='bbox 778 5328 843 5381; x_wconf 89' lang='lat' dir='ltr'><strong>ad</strong></span> <span class='ocrx_word' id='word_1_770' title='bbox 873 5343 966 5381; x_wconf 87' lang='lat' dir='ltr'><strong>eos</strong></span> <span class='ocrx_word' id='word_1_771' title='bbox 1002 5333 1322 5404; x_wconf 81' lang='lat' dir='ltr'><strong>translatum</strong></span> <span class='ocrx_word' id='word_1_772' title='bbox 1353 5343 1454 5396; x_wconf 86' lang='lat' dir='ltr'><strong>est,</strong></span> <span class='ocrx_word' id='word_1_773' title='bbox 1482 5338 1574 5404; x_wconf 89' lang='lat' dir='ltr'><strong>qui</strong></span> <span class='ocrx_word' id='word_1_774' title='bbox 1606 5351 1852 5395; x_wconf 87' lang='lat' dir='ltr'><strong>amarent</strong></span> <span class='ocrx_word' id='word_1_775' title='bbox 1881 5357 1970 5394; x_wconf 86' lang='lat' dir='ltr'><strong>ac-</strong></span> 
     </span>
    </p>
   </div>
   <div class='ocr_carea' id='block_1_107' title="bbox 419 5397 1970 5472">
    <p class='ocr_par' dir='ltr' id='par_1_107' title="bbox 419 5397 1970 5472">
     <span class='ocr_line' id='line_1_107' title="bbox 419 5397 1970 5472; baseline 0.009 -24"><span class='ocrx_word' id='word_1_776' title='bbox 419 5397 808 5472; x_wconf 49' lang='lat' dir='ltr'><strong>cusarenalios,</strong></span> <span class='ocrx_word' id='word_1_777' title='bbox 840 5412 934 5449; x_wconf 72' lang='lat' dir='ltr'><strong>seu</strong></span> <span class='ocrx_word' id='word_1_778' title='bbox 975 5400 1076 5472; x_wconf 90' lang='lat' dir='ltr'><strong>_qui</strong></span> <span class='ocrx_word' id='word_1_779' title='bbox 1121 5417 1444 5472; x_wconf 87' lang='lat' dir='ltr'><strong>quacunque</strong></span> <span class='ocrx_word' id='word_1_780' title='bbox 1475 5397 1542 5460; x_wconf 53' lang='lat' dir='ltr'><strong>d&#39;e</strong></span> <span class='ocrx_word' id='word_1_781' title='bbox 1579 5423 1763 5470; x_wconf 81' lang='lat' dir='ltr'><strong>causa.</strong></span> <span class='ocrx_word' id='word_1_782' title='bbox 1804 5411 1970 5464; x_wconf 87' lang='lat' dir='ltr'><strong>etiam</strong></span> 
     </span>
    </p>
   </div>
   <div class='ocr_carea' id='block_1_108' title="bbox 333 5465 1973 5534">
    <p class='ocr_par' dir='ltr' id='par_1_108' title="bbox 333 5465 1973 5534">
     <span class='ocr_line' id='line_1_108' title="bbox 333 5465 1973 5534; baseline 0.011 -19"><span class='ocrx_word' id='word_1_783' title='bbox 333 5489 346 5496; x_wconf 83' lang='lat'><strong>-</strong></span> <span class='ocrx_word' id='word_1_784' title='bbox 420 5465 547 5528; x_wconf 88' lang='lat' dir='ltr'><strong>levi,</strong></span> <span class='ocrx_word' id='word_1_785' title='bbox 579 5465 810 5518; x_wconf 88' lang='lat' dir='ltr'><strong>aliorum</strong></span> <span class='ocrx_word' id='word_1_786' title='bbox 843 5467 1062 5520; x_wconf 90' lang='lat' dir='ltr'><strong>nomina</strong></span> <span class='ocrx_word' id='word_1_787' title='bbox 1106 5465 1402 5527; x_wconf 65' lang='lat' dir='ltr'><strong>deferrent.</strong></span> <span class='ocrx_word' id='word_1_788' title='bbox 1439 5477 1516 5529; x_wconf 80' lang='lat' dir='ltr'><strong>Ad</strong></span> <span class='ocrx_word' id='word_1_789' title='bbox 1548 5465 1973 5534; x_wconf 84' lang='lat' dir='ltr'><strong>calumniatores</strong></span> 
     </span>
    </p>
   </div>
   <div class='ocr_carea' id='block_1_109' title="bbox 421 5535 1976 5603">
    <p class='ocr_par' dir='ltr' id='par_1_109' title="bbox 421 5535 1976 5603">
     <span class='ocr_line' id='line_1_109' title="bbox 421 5535 1976 5603; baseline 0.012 -18"><span class='ocrx_word' id='word_1_790' title='bbox 421 5535 678 5603; x_wconf 74' lang='lat' dir='ltr'><strong>doluique,</strong></span> <span class='ocrx_word' id='word_1_791' title='bbox 712 5549 817 5601; x_wconf 86' lang='lat' dir='ltr'><strong>qua</strong></span> <span class='ocrx_word' id='word_1_792' title='bbox 865 5551 997 5590; x_wconf 86' lang='lat' dir='ltr'><strong>voce</strong></span> <span class='ocrx_word' id='word_1_793' title='bbox 1052 5538 1347 5597; x_wconf 89' lang='lat' dir='ltr'><strong>Andronici</strong></span> <span class='ocrx_word' id='word_1_794' title='bbox 1395 5546 1621 5601; x_wconf 89' lang='lat' dir='ltr'><strong>minoris</strong></span> <span class='ocrx_word' id='word_1_795' title='bbox 1665 5557 1721 5601; x_wconf 87' lang='lat' dir='ltr'><strong>et</strong></span> <span class='ocrx_word' id='word_1_796' title='bbox 1773 5545 1976 5603; x_wconf 85' lang='lat' dir='ltr'><strong>Canta-</strong></span> 
     </span>
    </p>
   </div>
   <div class='ocr_carea' id='block_1_110' title="bbox 423 5603 1975 5687">
    <p class='ocr_par' dir='ltr' id='par_1_110' title="bbox 423 5603 1975 5687">
     <span class='ocr_line' id='line_1_110' title="bbox 423 5603 1975 5687; baseline 0.012 -35"><span class='ocrx_word' id='word_1_797' title='bbox 423 5603 614 5687; x_wconf 53' lang='lat' dir='ltr'><strong>quzeni</strong></span> <span class='ocrx_word' id='word_1_798' title='bbox 644 5603 1043 5687; x_wconf 66' lang='lat' dir='ltr'><strong>criminatores,</strong></span> <span class='ocrx_word' id='word_1_799' title='bbox 1078 5609 1390 5687; x_wconf 84' lang='lat' dir='ltr'><strong>il_lius_apu(_l</strong></span> <span class='ocrx_word' id='word_1_800' title='bbox 1427 5631 1611 5687; x_wconf 85' lang='lat' dir='ltr'><strong>avum,</strong></span> <span class='ocrx_word' id='word_1_801' title='bbox 1645 5616 1808 5687; x_wconf 86' lang='lat' dir='ltr'><strong>hujus</strong></span> <span class='ocrx_word' id='word_1_802' title='bbox 1831 5617 1975 5686; x_wconf 92' lang='lat' dir='ltr'><strong>apud</strong></span> 
     </span>
    </p>
   </div>
   <div class='ocr_carea' id='block_1_111' title="bbox 425 5671 1978 5789">
    <p class='ocr_par' dir='ltr' id='par_1_111' title="bbox 425 5671 1978 5789">
     <span class='ocr_line' id='line_1_111' title="bbox 425 5671 1978 5789; baseline 0.015 -69"><span class='ocrx_word' id='word_1_803' title='bbox 425 5675 634 5789; x_wconf 55' lang='grc' dir='ltr'>ἷληιίιιιη</span> <span class='ocrx_word' id='word_1_804' title='bbox 667 5671 964 5742; x_wconf 78' lang='lat' dir='ltr'><strong>Augustam</strong></span> <span class='ocrx_word' id='word_1_805' title='bbox 1009 5671 1338 5738; x_wconf 81' lang='lat' dir='ltr'><strong>creberrime</strong></span> <span class='ocrx_word' id='word_1_806' title='bbox 1371 5684 1424 5739; x_wconf 91' lang='lat' dir='ltr'><strong>in</strong></span> <span class='ocrx_word' id='word_1_807' title='bbox 1465 5686 1552 5742; x_wconf 87' lang='lat' dir='ltr'><strong>his</strong></span> <span class='ocrx_word' id='word_1_808' title='bbox 1581 5671 1739 5742; x_wconf 72' lang='lat' dir='ltr'><strong>libris</strong></span> <span class='ocrx_word' id='word_1_809' title='bbox 1791 5671 1978 5760; x_wconf 72' lang='lat' dir='ltr'><strong>appel-</strong></span> 
     </span>
     <span class='ocr_line' id='line_1_112' title="bbox 453 5755 614 5789; baseline 0 0"><span class='ocrx_word' id='word_1_810' title='bbox 453 5755 517 5789; x_wconf 66' lang='grc' dir='ltr'><strong>ου</strong></span> <span class='ocrx_word' id='word_1_811' title='bbox 550 5757 614 5789; x_wconf 76' lang='grc' dir='ltr'><strong>ΙΙΙ·</strong></span> 
     </span>
    </p>
   </div>
   <div class='ocr_carea' id='block_1_112' title="bbox 453 5755 614 5792">
    <p class='ocr_par' dir='ltr' id='par_1_112' title="bbox 453 5755 614 5792">
     <span class='ocr_line' id='line_1_113' title="bbox 453 5755 614 5792; baseline 0.019 -2"><span class='ocrx_word' id='word_1_812' title='bbox 453 5755 614 5792; x_wconf 64' lang='grc' dir='ltr'><strong>ὓυῑΙΙΓ</strong></span> 
     </span>
    </p>
   </div>
   <div class='ocr_carea' id='block_1_113' title="bbox 2150 5055 3648 5137">
    <p class='ocr_par' dir='ltr' id='par_1_113' title="bbox 2150 5055 3648 5137">
     <span class='ocr_line' id='line_1_114' title="bbox 2150 5055 3648 5137; baseline -0.003 -24"><span class='ocrx_word' id='word_1_813' title='bbox 2150 5061 2264 5137; x_wconf 63' lang='lat'><strong>(74)</strong></span> <span class='ocrx_word' id='word_1_814' title='bbox 2302 5058 2461 5137; x_wconf 68' lang='lat' dir='ltr'><strong>Quod</strong></span> <span class='ocrx_word' id='word_1_815' title='bbox 2517 5056 2706 5137; x_wconf 45' lang='lat' dir='ltr'><strong>Graece</strong></span> <span class='ocrx_word' id='word_1_816' title='bbox 2764 5057 3193 5137; x_wconf 63' lang='lat' dir='ltr'><strong>ittterponilur,_</strong></span> <span class='ocrx_word' id='word_1_817' title='bbox 3236 5060 3426 5137; x_wconf 68' lang='grc' dir='ltr'>καλῶς</span> <span class='ocrx_word' id='word_1_818' title='bbox 3481 5055 3648 5137; x_wconf 72' lang='grc' dir='ltr'>ποιῶν</span> 
     </span>
    </p>
   </div>
   <div class='ocr_carea' id='block_1_114' title="bbox 2078 5127 3644 5201">
    <p class='ocr_par' dir='ltr' id='par_1_114' title="bbox 2078 5127 3644 5201">
     <span class='ocr_line' id='line_1_115' title="bbox 2078 5127 3644 5201; baseline -0.004 -17"><span class='ocrx_word' id='word_1_819' title='bbox 2078 5127 2358 5201; x_wconf 85' lang='lat' dir='ltr'><strong>(quodque</strong></span> <span class='ocrx_word' id='word_1_820' title='bbox 2389 5129 2548 5201; x_wconf 82' lang='lat' dir='ltr'><strong>aliter</strong></span> <span class='ocrx_word' id='word_1_821' title='bbox 2571 5131 2758 5189; x_wconf 82' lang='lat' dir='ltr'><strong>etiam,</strong></span> <span class='ocrx_word' id='word_1_822' title='bbox 2786 5127 2846 5180; x_wconf 78' lang='grc' dir='ltr'>εὖ</span> <span class='ocrx_word' id='word_1_823' title='bbox 2880 5130 3111 5201; x_wconf 72' lang='grc' dir='ltr'>ποιήσας</span> <span class='ocrx_word' id='word_1_824' title='bbox 3140 5129 3368 5201; x_wconf 83' lang='lat' dir='ltr'><strong>dicitur)</strong></span> <span class='ocrx_word' id='word_1_825' title='bbox 3401 5127 3644 5201; x_wconf 77' lang='lat' dir='ltr'><strong>expressi</strong></span> 
     </span>
    </p>
   </div>
   <div class='ocr_carea' id='block_1_115' title="bbox 2077 5197 3644 5277">
    <p class='ocr_par' dir='ltr' id='par_1_115' title="bbox 2077 5197 3644 5277">
     <span class='ocr_line' id='line_1_116' title="bbox 2077 5197 3644 5277; baseline -0.005 -22"><span class='ocrx_word' id='word_1_826' title='bbox 2077 5197 2340 5255; x_wconf 82' lang='lat' dir='ltr'><strong>adverbio</strong></span> <span class='ocrx_word' id='word_1_827' title='bbox 2387 5197 2677 5268; x_wconf 77' lang='lat' dir='ltr'><strong>prwclare;</strong></span> <span class='ocrx_word' id='word_1_828' title='bbox 2716 5199 3182 5277; x_wconf 67' lang='lat' dir='ltr'><strong>quandoquidem</strong></span> <span class='ocrx_word' id='word_1_829' title='bbox 3210 5199 3356 5277; x_wconf 72' lang='lat' dir='ltr'><strong>aliud</strong></span> <span class='ocrx_word' id='word_1_830' title='bbox 3401 5199 3501 5277; x_wconf 71' lang='lat' dir='ltr'><strong>ista</strong></span> <span class='ocrx_word' id='word_1_831' title='bbox 3540 5209 3644 5277; x_wconf 74' lang='lat' dir='ltr'><strong>non</strong></span> 
     </span>
    </p>
   </div>
   <div class='ocr_carea' id='block_1_116' title="bbox 2079 5263 3644 5338">
    <p class='ocr_par' dir='ltr' id='par_1_116' title="bbox 2079 5263 3644 5338">
     <span class='ocr_line' id='line_1_117' title="bbox 2079 5263 3644 5338; baseline -0.006 -13"><span class='ocrx_word' id='word_1_832' title='bbox 2079 5278 2229 5327; x_wconf 90' lang='lat' dir='ltr'><strong>sunt.</strong></span> <span class='ocrx_word' id='word_1_833' title='bbox 2265 5263 2426 5338; x_wconf 83' lang='lat' dir='ltr'><strong>quam</strong></span> <span class='ocrx_word' id='word_1_834' title='bbox 2455 5263 2757 5338; x_wconf 12' lang='lat' dir='ltr'><strong>sermo,ireji</strong></span> <span class='ocrx_word' id='word_1_835' title='bbox 2790 5263 3069 5338; x_wconf 83' lang='lat' dir='ltr'><strong>eventum,</strong></span> <span class='ocrx_word' id='word_1_836' title='bbox 3101 5268 3186 5322; x_wconf 83' lang='lat' dir='ltr'><strong>vel</strong></span> <span class='ocrx_word' id='word_1_837' title='bbox 3209 5269 3408 5322; x_wconf 87' lang='lat' dir='ltr'><strong>factum</strong></span> <span class='ocrx_word' id='word_1_838' title='bbox 3432 5263 3644 5334; x_wconf 88' lang='lat' dir='ltr'><strong>aliquod</strong></span> 
     </span>
    </p>
   </div>
   <div class='ocr_carea' id='block_1_117' title="bbox 2079 5337 3645 5419">
    <p class='ocr_par' dir='ltr' id='par_1_117' title="bbox 2079 5337 3645 5419">
     <span class='ocr_line' id='line_1_118' title="bbox 2079 5337 3645 5419; baseline -0.005 -27"><span class='ocrx_word' id='word_1_839' title='bbox 2079 5337 2453 5419; x_wconf 70' lang='lat' dir='ltr'><strong>approbantis,</strong></span> <span class='ocrx_word' id='word_1_840' title='bbox 2473 5353 2536 5391; x_wconf 86' lang='lat' dir='ltr'><strong>ac</strong></span> <span class='ocrx_word' id='word_1_841' title='bbox 2558 5337 2784 5419; x_wconf 67' lang='lat' dir='ltr'><strong>proinde</strong></span> <span class='ocrx_word' id='word_1_842' title='bbox 2803 5337 2888 5390; x_wconf 89' lang='lat' dir='ltr'><strong>bis</strong></span> <span class='ocrx_word' id='word_1_843' title='bbox 2905 5339 3098 5403; x_wconf 88' lang='lat' dir='ltr'><strong>modis,</strong></span> <span class='ocrx_word' id='word_1_844' title='bbox 3118 5345 3171 5419; x_wconf 58' lang='lat' dir='ltr'><strong>et</strong></span> <span class='ocrx_word' id='word_1_845' title='bbox 3196 5340 3398 5419; x_wconf 68' lang='lat' dir='ltr'><strong>merito2</strong></span> <span class='ocrx_word' id='word_1_846' title='bbox 3423 5345 3471 5388; x_wconf 83' lang='lat' dir='ltr'><strong>et</strong></span> <span class='ocrx_word' id='word_1_847' title='bbox 3493 5341 3645 5419; x_wconf 69' lang='lat' dir='ltr'><strong>recte,</strong></span> 
     </span>
    </p>
   </div>
   <div class='ocr_carea' id='block_1_118' title="bbox 2080 5407 3644 5476">
    <p class='ocr_par' dir='ltr' id='par_1_118' title="bbox 2080 5407 3644 5476">
     <span class='ocr_line' id='line_1_119' title="bbox 2080 5407 3644 5476; baseline -0.005 -13"><span class='ocrx_word' id='word_1_848' title='bbox 2080 5407 2142 5464; x_wconf 70' lang='lat' dir='ltr'><strong>ai:</strong></span> <span class='ocrx_word' id='word_1_849' title='bbox 2155 5411 2280 5462; x_wconf 85' lang='lat' dir='ltr'><strong>bene</strong></span> <span class='ocrx_word' id='word_1_850' title='bbox 2294 5407 2910 5476; x_wconf 83' lang='lat' dir='ltr'><strong>quidem,sitnilibusque</strong></span> <span class='ocrx_word' id='word_1_851' title='bbox 2924 5407 3206 5461; x_wconf 85' lang='lat' dir='ltr'><strong>commode</strong></span> <span class='ocrx_word' id='word_1_852' title='bbox 3225 5407 3644 5462; x_wconf 87' lang='lat' dir='ltr'><strong>transferuntur.</strong></span> 
     </span>
    </p>
   </div>
   <div class='ocr_carea' id='block_1_119' title="bbox 2150 5477 3634 5546">
    <p class='ocr_par' dir='ltr' id='par_1_119' title="bbox 2150 5477 3634 5546">
     <span class='ocr_line' id='line_1_120' title="bbox 2150 5477 3634 5546; baseline -0.004 -16"><span class='ocrx_word' id='word_1_853' title='bbox 2150 5479 2263 5546; x_wconf 82' lang='lat'><strong>(75)</strong></span> <span class='ocrx_word' id='word_1_854' title='bbox 2307 5479 2676 5532; x_wconf 74' lang='lat' dir='ltr'><strong>l’rotostrator</strong></span> <span class='ocrx_word' id='word_1_855' title='bbox 2715 5477 3098 5544; x_wconf 83' lang='lat' dir='ltr'><strong>imperatorem</strong></span> <span class='ocrx_word' id='word_1_856' title='bbox 3151 5493 3336 5531; x_wconf 89' lang='lat' dir='ltr'><strong>senem</strong></span> <span class='ocrx_word' id='word_1_857' title='bbox 3369 5477 3422 5530; x_wconf 91' lang='lat' dir='ltr'><strong>in</strong></span> <span class='ocrx_word' id='word_1_858' title='bbox 3450 5487 3634 5546; x_wconf 79' lang='lat' dir='ltr'><strong>carce-</strong></span> 
     </span>
    </p>
   </div>
   <div class='ocr_carea' id='block_1_120' title="bbox 2082 5540 3650 5626">
    <p class='ocr_par' dir='ltr' id='par_1_120' title="bbox 2082 5540 3650 5626">
     <span class='ocr_line' id='line_1_121' title="bbox 2082 5540 3650 5626; baseline -0.006 -22"><span class='ocrx_word' id='word_1_859' title='bbox 2082 5540 2202 5626; x_wconf 74' lang='lat' dir='ltr'><strong>rein</strong></span> <span class='ocrx_word' id='word_1_860' title='bbox 2232 5540 2588 5626; x_wconf 39' lang='lat' dir='ltr'><strong>t&#39;rudendum,</strong></span> <span class='ocrx_word' id='word_1_861' title='bbox 2623 5540 2952 5617; x_wconf 82' lang='lat' dir='ltr'><strong>Syrgiannes</strong></span> <span class='ocrx_word' id='word_1_862' title='bbox 2982 5547 3344 5626; x_wconf 60' lang='lat' dir='ltr'><strong>occidendum</strong></span> <span class='ocrx_word' id='word_1_863' title='bbox 3387 5540 3650 5626; x_wconf 63' lang='lat' dir='ltr'><strong>suadebat</strong></span> 
     </span>
    </p>
   </div>
   <div class='ocr_carea' id='block_1_121' title="bbox 2083 5617 3657 5684">
    <p class='ocr_par' dir='ltr' id='par_1_121' title="bbox 2083 5617 3657 5684">
     <span class='ocr_line' id='line_1_122' title="bbox 2083 5617 3657 5684; baseline -0.006 -12"><span class='ocrx_word' id='word_1_864' title='bbox 2083 5619 2261 5684; x_wconf 84' lang='lat' dir='ltr'><strong>capite</strong></span> <span class='ocrx_word' id='word_1_865' title='bbox 2297 5634 2462 5684; x_wconf 88' lang='lat' dir='ltr'><strong>nono.</strong></span> <span class='ocrx_word' id='word_1_866' title='bbox 2489 5617 2569 5680; x_wconf 76' lang='lat' dir='ltr'><strong>Ab</strong></span> <span class='ocrx_word' id='word_1_867' title='bbox 2598 5625 2830 5683; x_wconf 87' lang='lat' dir='ltr'><strong>utroque</strong></span> <span class='ocrx_word' id='word_1_868' title='bbox 2869 5617 3100 5670; x_wconf 88' lang='lat' dir='ltr'><strong>consilio</strong></span> <span class='ocrx_word' id='word_1_869' title='bbox 3143 5617 3449 5671; x_wconf 81' lang='lat' dir='ltr'><strong>abhorruit</strong></span> <span class='ocrx_word' id='word_1_870' title='bbox 3481 5617 3657 5683; x_wconf 64' lang='lat' dir='ltr'><strong>iunior</strong></span> 
     </span>
    </p>
   </div>
   <div class='ocr_carea' id='block_1_122' title="bbox 2084 5685 3656 5760">
    <p class='ocr_par' dir='ltr' id='par_1_122' title="bbox 2084 5685 3656 5760">
     <span class='ocr_line' id='line_1_123' title="bbox 2084 5685 3656 5760; baseline -0.004 -19"><span class='ocrx_word' id='word_1_871' title='bbox 2084 5688 2449 5760; x_wconf 77' lang='lat' dir='ltr'><strong>Andronicus,</strong></span> <span class='ocrx_word' id='word_1_872' title='bbox 2485 5701 2608 5740; x_wconf 91' lang='lat' dir='ltr'><strong>cum</strong></span> <span class='ocrx_word' id='word_1_873' title='bbox 2643 5686 3022 5760; x_wconf 68' lang='lat' dir='ltr'><strong>Cantacuzeno</strong></span> <span class='ocrx_word' id='word_1_874' title='bbox 3052 5687 3285 5760; x_wconf 82' lang='lat' dir='ltr'><strong>faciens,</strong></span> <span class='ocrx_word' id='word_1_875' title='bbox 3320 5685 3488 5760; x_wconf 81' lang='lat' dir='ltr'><strong>cuius</strong></span> <span class='ocrx_word' id='word_1_876' title='bbox 3534 5692 3656 5734; x_wconf 87' lang='lat' dir='ltr'><strong>scn-</strong></span> 
     </span>
    </p>
   </div>
   <div class='ocr_carea' id='block_1_123' title="bbox 2088 5756 3264 5827">
    <p class='ocr_par' dir='ltr' id='par_1_123' title="bbox 2088 5756 3264 5827">
     <span class='ocr_line' id='line_1_124' title="bbox 2088 5756 3264 5827; baseline 0.002 -16"><span class='ocrx_word' id='word_1_877' title='bbox 2088 5757 2258 5812; x_wconf 85' lang='lat' dir='ltr'><strong>tcntia</strong></span> <span class='ocrx_word' id='word_1_878' title='bbox 2295 5759 2359 5811; x_wconf 89' lang='lat' dir='ltr'><strong>ad</strong></span> <span class='ocrx_word' id='word_1_879' title='bbox 2409 5757 2590 5822; x_wconf 72' lang='lat' dir='ltr'><strong>fugam</strong></span> <span class='ocrx_word' id='word_1_880' title='bbox 2627 5756 2889 5811; x_wconf 78' lang='lat' dir='ltr'><strong>duntaxat</strong></span> <span class='ocrx_word' id='word_1_881' title='bbox 2930 5758 3264 5827; x_wconf 81' lang='lat' dir='ltr'><strong>pertinebat.</strong></span> 
     </span>
    </p>
   </div>
  </div>
