4028 6430
373 421 472 487 193

1498 417 1547 476 ΙΙ
1563 414 2037 476 lSTORIARUM
2089 416 2320 476 LIBER
2367 416 2410 479 I.

3526 425 3542 486 1
3558 425 3624 486 ’λά

372 533 712 608 πραγμῂων
734 534 831 602 τῆς
889 549 968 598 εις
1014 531 1179 587 αὐτὸν
1206 531 1418 595 εὐνοίας
1452 529 1585 602 ἐμοῦ
1635 531 1728 583 καὶ
1761 529 1922 581 εὐπει

2051 527 2236 593 eebas,
2283 529 2377 598 qui
2410 543 2497 585 me
2529 539 2635 586 tam
2664 531 2966 587 clementer
2996 533 3050 587 in
3083 549 3244 588 arum
3267 535 3484 602 allecto,
3522 555 3623 607 pro

369 629 522 690 θείας
560 627 816 696 ἐναργεῖς
864 626 1304 696 παρασχομένων
1343 624 1446 686 τὰς
1481 620 1936 686 ἀποδείξεις,ὅδε,

367 721 506 789 ὅπερ
536 720 635 771 οὐκ
666 721 732 772 ἀν
770 698 904 771 ποτε
932 718 1164 788 ἤλπισα,
1190 717 1250 769 ού
1275 716 1556 784 φιλοῦντος
1592 715 1754 783 ἔργον
1785 713 1939 765 οὐδὲν

367 813 707 864 ἐνδείκνυται
734 811 815 874 είς
873 810 993 879 ἐμέ.
1026 809 1089 862 Εἰ
1123 808 1169 863 δ’
1203 809 1311 878 ἀρα
1365 806 1462 860 καὶ
1513 806 1775 876 πολεμεῖν
1809 804 1936 870 ἐμοὶ

367 904 699 976 προῄρηται,
731 901 850 972 Θεῷ
892 902 988 972 μὲν
1020 902 1248 972 μελήσει
1286 899 1416 970 περὶ
1446 898 1626 969 ἡμῶν.
1669 898 1938 967 Ἀναμιμ-

365 997 556 1066 νήσκω
584 995 641 1047 δέ
676 1011 737 1046 σε
765 994 860 1046 καὶ
915 987 988 1048 ὧν
1016 992 1178 1053 αὐτὸς
1241 989 1491 1061 ἐφθέγξω
1550 990 1726 1058 λόγων
1777 989 1936 1056 ἡμῶν

367 1090 499 1156 περὶ
522 1085 618 1140 τοῦ
648 1087 698 1139 τί
721 1086 804 1139 δεῖ
832 1085 1094 1156 πράττειν
1120 1087 1177 1138 ἐν
1197 1085 1478 1154 Βυζαντίῳ
1504 1081 1932 1154 βουλευομένων.

365 1178 469 1232 Σοῦ
501 1179 610 1250 γὰρ
641 1177 736 1232 καὶ
770 1179 1266 1249 πρωτοστράτορος
1322 1177 1451 1247 περὶ
1512 1174 1608 1228 τοῦ
1668 1172 1935 1242 βασιλέως

367 1273 468 1324 ὃσα
496 1273 590 1324 καὶ
625 1271 788 1334 αὐτὸς
841 1270 997 1322 οἶσθα
1033 1271 1320 1335 είπόντων,
1377 1265 1514 1336 ἐμοῦ
1570 1265 1644 1324 δὲ,
1676 1264 1935 1318 τάναντία

367 1364 821 1434 βουλευσαμένου,
857 1363 1145 1432 θαυμάσας
1173 1361 1358 1423 αὐτὸς,
1422 1359 1669 1412 Πέποιθα
1721 1357 1931 1425 σαφῶς,

363 1457 524 1524 ἔφης,
559 1455 654 1509 ἐπὶ
682 1453 824 1524 Θεῷ,
858 1454 931 1517 ὡς
964 1452 1066 1506 σοῦ’
1087 1453 1276 1506 τοῦτον
1303 1452 1396 1506 τὸν
1425 1453 1626 1522 τρόπον
1660 1451 1788 1520 περὶ
1840 1450 1932 1502 τδν

365 1550 593 1603 πάππον
615 1548 708 1601 καὶ
737 1547 960 1618 βασιλέα
985 1545 1356 1614 διακειμένου,
1408 1545 1572 1607 αὐτὸς
1607 1545 1634 1596 ὁ
1664 1544 1798 1606 Θεὸς
1831 1559 1933 1595 πο-

365 1641 595 1710 λεμήσει
625 1640 764 1709 ὑπὲρ
796 1639 971 1708 ἡμῶν,
1023 1639 1173 1707 ἡμᾶς
1201 1637 1258 1689 δὲ
1317 1636 1660 1706 ἀμερίμνους
1692 1637 1929 1704 ποιήσει.

372 1734 576 1795 Σκέψαι
598 1732 775 1785 τοίνυν
807 1731 834 1783 ὃ
867 1730 1082 1801 μέλλεις
1131 1730 1286 1800 δρᾷν.
1333 1729 1427 1782 Σοὶ
1455 1727 1564 1798 γὰρ
1611 1727 1640 1779 ὀ
1674 1727 1830 1796 λόγος
1851 1726 1930 1779 εἷς

373 1843 531 1895 ρηται
556 1825 754 1880 οὑτοσί.
793 1823 1029 1876 Τοιαῦτα
1054 1821 1148 1876 τοῦ
1182 1821 1448 1891 βασιλέως
1511 1822 1781 1886 εἰπόντος,
1825 1821 1932 1876 ἐνί-

369 1935 530 1972 στιτο
557 1917 655 1986 μὲν
681 1919 707 1970 ό
740 1916 1080 1986 Συργιάννης
1112 1913 1620 1984 σεσυκοφαντῆσθαι
1680 1915 1924 1982 φάσκων,

367 2015 460 2067 καὶ
489 2006 562 2065 ὧν
601 2011 972 2080 κατηγόρηται
1010 2008 1180 2078 μηδὲν
1211 2007 1408 2079 ἀληθὲς
1439 2006 1604 2074 εἶναι,
1653 2006 1732 2078 τῷ
1762 2007 1819 2060 δὲ
1853 2007 1931 2078 μὴ

365 2103 586 2175 βεϐαίας
640 2101 977 2172 παρέχεσθαι
1019 2100 1144 2172 μηδ’
1197 2101 1447 2171 ὲναργεῖ,
1494 2103 1592 2164 τὰς
1627 2100 1930 2166 ἀποδείξεις

365 2195 508 2264 ὑπὲρ
535 2187 608 2247 ὧν
635 2195 1012 2263 κατηγορεῖτο,
1037 2191 1358 2262 ὑποψίανῖού
1396 2192 1600 2262 μικρὰν
1634 2190 1712 2260 τῷ
1739 2191 1933 2260 στοχά-

365 2285 553 2351 ζεσθαι
585 2286 650 2339 τὰ
692 2289 996 2356 πράγματα
1051 2283 1347 2354 παρείχετο
1393 2285 1680 2354 δυναμένῳ
1710 2285 1774 2336 ἐκ
1820 2283 1930 2336 τῶν

363 2378 560 2448 λόγων,
585 2378 654 2442 ῶς
682 2379 897 2449 πονηρὰ
933 2375 1178 2430 σύνοιδεν
1202 2376 1399 2446 ἐαυτῷ.
1426 2378 1532 2430 Τοῦ
1560 2377 1745 2447 μέντοι
1773 2376 1930 2446 βασι-

366 2470 506 2533 λέως
537 2469 660 2532 τοὺς
694 2469 902 2532 αὐτοὺς
937 2470 1129 2537 λόγους
1179 2467 1342 2521 πάλιν
1392 2467 1779 2532 ἀναλαῦόντος,
1833 2469 1932 2522 καὶ

368 2561 597 2633 θάρσους
634 2560 1015 2631 ἐμπλήσαντος
1063 2560 1138 2622 ὡς
1167 2560 1321 2614 οὐδὲν
1350 2555 1512 2632 ἦττον
1571 2560 1604 2629 ἢ
1664 2561 1931 2628 πρότερον

289 2659 292 2662 ’
365 2654 602 2723 εὐμενῶς
631 2653 964 2707 διακείσεται
998 2652 1133 2723 πρὸς
1159 2652 1341 2714 αὐτὸν,
1373 2651 1638 2720 ἀπῆλθεν.
1684 2653 1778 2704 Ἐκ
1800 2653 1930 2722 μέν·

368 2761 450 2796 τοι
499 2743 792 2806 Βυζαντίου
849 2742 998 2811 παρά
1029 2742 1139 2794 τῶν
1173 2740 1266 2793 τοῦ
1303 2742 1426 2795 νέου
1459 2742 1729 2813 βασιλέως
1764 2746 1932 2812 ἀγγεο

372 2836 478 2892 λίαι
500 2838 592 2906 oar,
603 2817 766 2906 μέραι
789 2833 1113 2903 ἀφικνοῦντο
1131 2835 1322 2902 φίλων,
1344 2835 1412 2889 τά
1435 2852 1492 2886 τε
1522 2835 1647 2906 περὶ
1671 2835 1933 2903 Συργιάν-

383 2943 472 3000 νην
499 2930 777 2982 πείθουσαι
825 2927 898 2990 ῶς
927 2927 1014 2998 εἴη
1074 2926 1273 2998 ἀληθῆ.
1329 2929 1424 2979 καὶ
1463 2929 1545 2980 ὅτι
1601 2927 1857 2998 βασιλεὺς
1901 2929 1939 2981 ὁ

385 3023 728 3094 πρισῦύτερος
749 3023 819 3074 τὰ
845 3022 981 3090 πρὸς
1005 3023 1096 3074 τὸν
1117 3021 1358 3091 πόλεμον
1384 3020 1703 3091 ἐξαρτύεται
1729 3023 1928 3088 πάντα,

368 3114 439 3178 ὡς
471 3114 586 3184 ἅμα
614 3115 688 3184 τῷ
717 3115 1057 3185 Συργιάννην
1110 3113 1407 3182 ἀφικέσθαι
1472 3113 1930 3185 ἀναῤῥαγησομέ-

2040 619 2203 674 nobis
2259 630 2638 691 pugnaturus,
2689 639 2905 694 nosque
2954 628 3102 680 omni
3148 643 3277 682 cura
3335 637 3390 684 et
3416 631 3623 687 sollici-

2046 713 2239 766 tudine
2285 713 2622 772 liberaturus
2665 727 2833 772 esset.
2866 717 3046 784 Quare
3072 720 3205 788 quid
3230 737 3358 791 agas
3387 722 3621 792 dispice,

2039 815 2131 860 tua
2179 805 2384 876 quippe
2437 823 2604 864 causa
2667 809 2786 866 haec
2833 812 2975 882 dicta
3031 823 3182 868 sunt.
3233 813 3406 868 Simul
3457 817 3620 870 linem

2037 897 2302 966 loquendi
2351 899 2502 954 dedit
2557 900 2886 970 imperator,
2927 903 3264 974 Syrgiannes
3299 906 3617 974 adversari,

2037 1004 2101 1042 ac
2144 1005 2202 1044 se
2247 1006 2344 1059 per
2374 991 2705 1048 calumniam
2749 990 3029 1060 delatum,
3064 1007 3348 1067 totamque
3389 1015 3619 1053 accusa-

2041 1081 2246 1133 tionem
2325 1097 2446 1164 esse
2508 1087 2945 1140 commentitiam
3001 1086 3295 1142 allirmare.
3363 1088 3616 1144 Attamen

2035 1173 2183 1241 quod
2242 1162 2669 1230 asseverationis
2723 1176 2890 1248 hujus
2941 1194 3124 1248 neque
3165 1180 3392 1245 solidas,
3438 1197 3618 1250 neque

2035 1263 2213 1318 claras
2274 1265 2637 1333 probationes
2693 1268 3026 1332 adducebat,
3081 1285 3204 1322 eum
3263 1271 3617 1324 conscientia

2033 1354 2215 1411 labem
2269 1359 2324 1411 in
2385 1359 2572 1414 animo
2619 1360 2843 1426 habere,
2879 1362 3059 1416 bonus
3087 1379 3271 1417 rerum
3313 1367 3616 1420 aestimator

2035 1462 2145 1504 non
2195 1449 2392 1504 leviter
2425 1453 2698 1522 suspicari
2736 1464 2972 1523 poterat.
3007 1456 3104 1510 Ast
3145 1457 3482 1525 imperatore
3517 1473 3609 1511 ea-

2033 1539 2158 1592 dem
2210 1540 2471 1609 iterante,
2527 1559 2590 1598 ac
2646 1559 2799 1614 spem
2839 1546 3132 1600 maximam
3166 1548 3470 1617 injicientc,
3504 1567 3612 1604 non

2033 1635 2216 1689 minus
2266 1651 2429 1705 quam
2483 1639 2715 1694 antehac
2769 1640 2876 1694 sibi
2925 1642 3154 1695 charum
3207 1643 3346 1706 fore,
3405 1659 3433 1696 e
3482 1660 3610 1698 con-

2033 1733 2222 1792 Spectu
2261 1727 2418 1782 abiit.
2462 1728 2729 1799 Byzantio
2751 1741 2938 1786 autem
2969 1733 3284 1802 quotidiani
3320 1734 3390 1788 ab
3417 1735 3614 1790 amicis

2034 1819 2332 1874 veniebant
2366 1823 2574 1887 nuntii,
2617 1821 2979 1893 Syrgiannem
3014 1826 3356 1894 proditorem
3382 1842 3525 1891 esse,
3560 1839 3614 1880 et

2033 1912 2443 1981 quamprimum
2478 1914 2572 1969 ille
2602 1917 2889 1980 adfuisset,
2923 1932 3085 1970 avum
3118 1919 3172 1971 in
3207 1919 3431 1984 bellum,
3465 1922 3611 1988 quod

2031 2005 2371 2060 omnimodis
2408 2006 2520 2072 jam
2552 2017 2836 2077 parasset,
2878 2019 3235 2078 erupturum.
3284 2005 3478 2064 Hieme
3519 2026 3616 2079 ap-

2032 2106 2279 2168 petente,
2328 2107 2456 2154 ante
2505 2101 2649 2154 diem
2696 2101 2922 2155 tertium
2957 2101 3146 2156 Nonas
3178 2101 3445 2158 Octobres
3487 2101 3617 2173 Syr-

2031 2190 2286 2259 giannem
2315 2191 2508 2260 junior
2541 2191 2844 2260 imperator
2871 2193 3172 2261 separatim
3207 2193 3393 2248 denuo
3421 2194 3501 2247 sic
3530 2201 3615 2247 est

2030 2282 2231 2336 affatus
2280 2299 2295 2336 :
2362 2283 2421 2338 In
2462 2285 2730 2338 memoria
2779 2283 2878 2337 tibi
2915 2300 3037 2339 esse
3080 2293 3330 2350 autumo,
3359 2300 3481 2354 qua:
3509 2301 3612 2338 nu-

2032 2391 2131 2445 per
2173 2385 2352 2431 tecum
2380 2376 2486 2447 egi.
2527 2379 2604 2432 Ex
2635 2392 2701 2431 eo
2729 2392 2902 2446 usque
2929 2377 3096 2433 hodie
3133 2379 3186 2432 in
3221 2378 3340 2432 dies
3364 2377 3615 2448 singulos

2032 2467 2167 2520 mihi
2227 2472 2538 2532 nuntiatur,
2589 2478 2642 2522 te
2693 2469 3060 2523 defectionem
3116 2469 3184 2523 ad
3231 2486 3392 2524 avum
3421 2481 3613 2539 partu-

2033 2559 2143 2613 rire
2189 2574 2204 2611 :
2253 2575 2354 2613 nec
2402 2559 2454 2612 id
2493 2567 2725 2625 tantum,
2767 2559 2864 2614 sed
2902 2561 3079 2629 ipsum
3110 2569 3372 2629 printet'ca
3407 2560 3610 2614 bellum

2033 2649 2325 2716 instruere,
2374 2655 2486 2720 q'uo
2535 2665 2624 2704 me
2669 2651 2836 2704 simul
2879 2662 3034 2705 actu
3081 2653 3322 2715 veneris,
3359 2651 3610 2706 lacessat.

2031 2741 2312 2812 Quotquot
2360 2759 2490 2797 vero
2521 2745 2653 2796 mihi
2683 2743 2824 2798 bene
2863 2744 3120 2812 cupiunt,
3159 2753 3220 2798 ut
3247 2753 3299 2799 te
3327 2759 3612 2799 coerceam

2032 2838 2362 2890 hortantur:
2394 2836 2474 2891 sic
2500 2839 2650 2891 enim
2683 2836 2884 2890 bellum
2918 2839 3242 2906 quieturum
3271 2854 3284 2901 ;
3317 2847 3371 2890 at
3406 2849 3462 2890 tu
3493 2853 3616 2907 qua:

2032 2938 2192 2981 antea
2235 2943 2299 2980 ex
2345 2944 2431 2981 me
2455 2928 2738 2993 audivisti,
2770 2927 2969 2982 iterum
3000 2929 3213 2982 audies.
3248 2928 3326 2991 Si,
3360 2927 3611 2997 inquam,

2032 3005 2264 3074 monitis
2307 3020 2446 3074 meis
2495 3019 2907 3088 obtemperans,
2958 3020 3026 3073 ab
3073 3020 3161 3074 his
3185 3021 3520 3076 meditandis
3558 3031 3613 3076 ct

2031 3112 2260 3182 agendis
2315 3111 2674 3176 abstinueris,
2732 3112 2871 3165 bene
2906 3121 3060 3166 certe
3093 3130 3108 3166 :
3145 3113 3229 3165 sin
3260 3113 3422 3166 aliam
3459 3129 3613 3168 men-

370 3221 473 3258 Joo.
512 3207 671 3273 ’Δρτι
699 3204 756 3257 δὲ
785 3205 878 3256 τοῦ
910 3202 1178 3274 χειμῶνος
1229 3203 1562 3275 ἀρχομένου,
1581 3195 1918 3274 Ὀκτωὸρίου

2031 3215 2135 3259 tem
2165 3203 2396 3258 induere
2433 3219 2543 3256 non
2578 3211 2750 3256 estut
2782 3203 2986 3270 possis,
3011 3203 3094 3256 fac
3116 3219 3239 3270 qua:
3265 3203 3440 3256 libido
3463 3202 3607 3270 fert;

271 3319 276 3322 -
365 3297 534 3367 μηνὸς
586 3297 814 3367 πέμπτῃ
851 3296 1167 3365 ἱσταμένου,
1221 3297 1385 3348 πάλιν
1434 3297 1460 3346 ό
1499 3293 1756 3365 βασιλεὺς
1793 3296 1927 3350 ἰδια-

361 3390 559 3452 ζόντως
589 3389 690 3459 ἔφη
717 3391 850 3459 πρὸς
884 3389 1222 3458 Συργιάννην
1251 3405 1266 3420 ο
1303 3390 1418 3442 Ούκ
1447 3390 1706 3459 οίκιμαίσε
1724 3385 1797 3441 ὧν
1821 3388 1928 3459 πρὸ

359 3480 568 3550 κρόνου⁴
591 3480 786 3550 μικροῦ
821 3481 954 3550 πρὸς
983 3481 1042 3533 σὲ
1075 3478 1382 3551 διειλέχθην
1412 3479 1793 3550 ἐπιλελῆσθαι.
1829 3479 1928 3534 Ἐκ

355 3571 479 3622 τότε
502 3569 547 3620 δ’
580 3569 707 3639 ἀχρι
735 3571 831 3623 καὶ
864 3569 959 3624 νῦν
1001 3569 1274 3640 ὁσημέραι
1307 3587 1398 3640 μοι
1443 3569 1764 3639 ἀγγέλλεται
1797 3572 1928 3641 περὶ

361 3659 455 3712 σοῦ
482 3661 555 3724 ὡς
577 3659 880 3728 ἀποστῆναι
906 3659 1038 3731 πρὸς
1057 3661 1148 3714 τὸν
1170 3661 1302 3732 ἐμὸν
1327 3659 1552 3714 πάππον
1573 3677 1648 3712 πα
1658 3661 1928 3730 ρασκευά-

357 3755 448 3828 Cn.
479 3755 555 3808 Οὐ
583 3754 688 3824 μὴν
715 3755 830 3809 ἀλλ’
858 3756 939 3808 ὅτι
968 3759 1062 3808 καὶ
1088 3757 1248 3817 αὐτὸ,
1267 3758 1336 3810 τά
1363 3757 1500 3828 πρὸς
1517 3758 1752 3826 πόλεμον
1769 3757 1931 3827 ὲξαρ-
1959 3788 1962 3789 ν

356 3845 592 3910 τύεται,
633 3845 708 3909 ὼς
754 3845 872 3914 ἅμα
898 3845 972 3916 τῷ
1033 3848 1091 3900 σὲ
1163 3849 1574 3916 παραγενέσθαι
1632 3851 1768 3922 πρὸς
1828 3850 1928 3921 ἐμὲ

358 3937 705 4008 πολεμήσων.
757 3935 915 3988 Ὅσοι
967 3937 1011 3989 δ’
1041 3937 1364 4007 ἐπιτηδείως
1411 3936 1626 4008 ἔχουσιν
1659 3937 1804 4007 ἐμοὶ,
1835 3938 1928 3990 καὶ¹

359 4026 537 4098 εἶρξαί
565 4047 625 4082 σε
658 4029 1032 4100 παραινοῦσιν,
1064 4029 1136 4093 ὡς
1171 4031 1286 4100 ἅμα
1311 4028 1389 4100 τῷ
1430 4029 1489 4082 σὲ
1521 4030 1806 4100 εἱρχθῆναι
1835 4029 1928 4082 καὶ

358 4122 454 4176 τοῦ
492 4123 730 4194 πολέμου
755 4123 1126 4192 παυσομένου.
1170 4123 1313 4192 Ἐγὼ
1341 4123 1385 4176 δ’
1414 4124 1451 4178 ὃ.
1481 4125 1752 4196 πρότερον
1775 4125 1929 4194 εἰρή-

365 4231 502 4278 κειν,
538 4214 630 4266 καὶ
661 4210 816 4276 αὖθις
861 4214 996 4284 ἐρῶ,
1055 4215 1130 4278 ὡς
1179 4216 1228 4267 εί
1285 4215 1386 4284 μὲν
1420 4219 1532 4280 τοῖς
1563 4218 1716 4287 ἐμοῖς
1749 4216 1929 4284 λόγοις

361 4307 622 4370 πεισθεὶς,
677 4305 771 4360 τοῦ
818 4317 1044 4362 τοιαῦτα
1097 4311 1189 4362 καὶ
1245 4309 1600 4380 βουλεύεσθαι
1653 4311 1747 4364 καὶ
1795 4313 1929 4382 δρᾷν

359 4402 628 4470 ἀποστῇς,
662 4398 843 4463 καλῶς
877 4399 943 4454 ἀν
975 4401 1089 4470 ἔχοι
1114 4418 1128 4432 ·
1167 4403 1216 4455 εί
1244 4403 1290 4455 δ’
1339 4402 1618 4467 ἀδυνάτως
1651 4403 1792 4474 ἔχεις
1829 4422 1929 4475 με-

361 4493 850 4558 ταϐουλεύσασθαι,
881 4492 917 4548 ὃ.
941 4493 1126 4565 βούλει
1143 4499 1348 4565 πρᾶττε
1368 4512 1381 4526 ·
1411 4496 1523 4567 ἐγὼ
1543 4499 1649 4568 γὰρ
1677 4499 1737 4551 οὐ
1767 4499 1929 4568 μόνον

277 4651 279 4653 ι
354 4589 453 4638 οὐκ
486 4581 660 4653 εἶρξαί
716 4603 775 4639 σε
811 4589 1226 4660 προθυμοῦμαι,
1282 4590 1462 4644 καίτοι
1519 4593 1664 4646 πάνυ
1727 4593 1926 4664 ῥᾳδίως

355 4680 515 4749 ἔχων,
563 4680 634 4743 ὡς
669 4683 765 4735 καὶ
799 4682 965 4744 αὐτὸς
1020 4685 1191 4755 φαίης
1221 4684 1307 4747 ἂν,
1335 4685 1453 4737 ἀλλ’
1481 4683 1600 4738 οὐδὲ
1632 4688 1728 4755 τῆς
1749 4687 1922 4756 ἀρχῆς

355 4772 679 4842 παραλύσω.
718 4771 921 4825 Τούτου
948 4772 994 4825 δ’
1043 4773 1206 4827 ἓνεκα
1235 4776 1316 4827 σοὶ
1342 4773 1516 4828 ταῦτα
1544 4775 1816 4846 προλέγω,
1849 4775 1924 4838 ὡς

358 4865 422 4918 ἂν
446 4865 648 4936 είδείης
698 4865 973 4932 ἀπελθὼν,
1014 4867 1090 4932 ὼς
1127 4869 1186 4920 οὐ
1230 4867 1428 4932 λαϐὼν,
1467 4870 1604 4923 ἀλλά
1647 4870 1924 4941 φωραθεὶς

355 4958 390 5012 ἃ
412 4957 660 5024 προείλου
681 4957 986 5029 παρώφθης
1017 4959 1170 5030 δρᾷν.
1219 4957 1344 5012 Ἐπὶ
1372 4959 1582 5024 τούτοις
1601 4963 1626 5013 ὁ
1649 4961 1723 5012 Συ
1734 4962 1924 5031 ργιάν-

359 5069 451 5122 νης
478 5049 932 5120 συκοφαντεῖσθαι
964 5051 1124 5105 πάλιν
1161 5053 1602 5125 ίσχυρισάμενος,
1635 5055 1731 5110 καὶ⁵
1756 5055 1925 5128 μηδὲν

357 5143 592 5198 τοιοῦτον
623 5143 800 5214 ἐαυτῷ
833 5143 1151 5209 συνειδέναι,
1183 5145 1273 5198 τοῦ
1297 5145 1560 5216 βασιλέως
1592 5147 1924 5220 ἐπιτρέψαν-

353 5253 460 5302 τος,
491 5236 630 5307 πρὸς
659 5234 724 5296 ἃς
745 5237 1080 5305 ἐπετρόπευε
1112 5236 1212 5307 τῆς
1236 5238 1458 5310 Θρᾴκης
1481 5238 1666 5304 πόλεις
1686 5240 1921 5311 ἀπῆλθε.

351 5329 451 5381 Δύο
479 5329 522 5381 δ’
542 5329 599 5393 ἐξ
629 5329 805 5381 αὐτῶν
834 5329 924 5380 τὸν
955 5329 1180 5398 Ἀπρων
1215 5335 1308 5385 καὶ
1335 5330 1433 5403 τὴν
1456 5332 1730 5403 Γαρέλλαν
1757 5351 1927 5404 φρου-

356 5422 472 5491 ραῖς
509 5418 821 5489 κατασχὼν,
876 5417 973 5470 καὶ
1026 5418 1071 5471 τ’
1104 5419 1244 5474 ἄλλα
1301 5421 1748 5492 ἀσφαλισάμενος
1793 5422 1924 5476 ὥστ’

354 5514 493 5580 ἔχειν
543 5512 677 5579 πρὸς
733 5509 1052 5578 πολιορκίαν
1095 5512 1367 5582 ἀντέχειν,
1417 5514 1633 5585 ἀπέστη
1665 5517 1801 5587 πρὸς
1832 5518 1924 5571 τὶν

358 5587 724 5670 πρεσϐύτέρυν
764 5600 986 5670 βασιλέα
1018 5599 1325 5673 Νοεμϐρίου
1354 5605 1544 5675 μηνός.
1576 5605 1729 5676 ’Δμα
1760 5607 1816 5660 δὲ
1843 5607 1924 5679 τῷ

353 5689 536 5742 τοῦτον
587 5688 850 5758 ἐπιϐῆναι
910 5687 1229 5756 Βυζαντίου,
1287 5693 1384 5745 καὶ
1437 5693 1598 5746 ὁτῶν
1654 5694 1924 5765 βασιλέων

355 5785 584 5852 πόλεμος
609 5783 868 5852 φανερῶς
905 5779 1060 5847 αὖθις
1118 5785 1526 5857 ἀνεῤῥιπίζετο.
1570 5789 1627 5841 '0
1664 5791 1781 5852 νέος
1815 5791 1923 5862 γὰρ

356 5873 536 5942 βασιλε
581 5894 604 5936 ς
633 5873 724 5943 τὴν
753 5875 1194 5946 ὑποτεταγμένην
1220 5877 1370 5947 αὐτῷ
1401 5881 1662 5949 στρατιὰν
1698 5882 1920 5936 ἅπασαν

1958 4553 2007 4610 D

2029 3314 2130 3368 ego
2180 3298 2326 3354 enim
2391 3313 2500 3350 non
2555 3297 2718 3350 modo
2758 3311 3018 3352 coercere
3064 3305 3119 3351 et
3151 3297 3520 3366 comprimere
3559 3307 3610 3352 te

2030 3407 2138 3446 non
2168 3405 2326 3456 aveo,
2363 3389 2576 3444 tametsi
2623 3404 2790 3458 parvo
2831 3388 2882 3442 id
2915 3390 3134 3459 negotio
3163 3405 3381 3458 queam,
3409 3400 3468 3442 ut
3497 3399 3612 3444 tute

2029 3483 2390 3547 confitebere,
2411 3483 2505 3538 sed
2531 3499 2708 3551 neque
2729 3481 3112 3552 prasfecturam
3132 3483 3241 3552 '78
3272 3484 3368 3537 tibi
3391 3484 3608 3550 adimo;

2035 3584 2096 3629 ut
2129 3575 2402 3644 intelligas
2431 3589 2537 3628 non
2569 3590 2653 3627 me
2685 3574 2883 3637 inscio,
2917 3575 3013 3626 sed
3050 3576 3232 3642 potius
3266 3576 3607 3645 negligente,

2008 3658 2094 3720 ea
2143 3677 2195 3722 te
2241 3667 2438 3736 egisse,
2483 3682 2607 3736 quae
2651 3665 2748 3720 tibi
2798 3676 2925 3720 ante
2965 3667 3270 3721 deliberata
3320 3678 3471 3722 sunt.
3513 3669 3612 3723 Hic

2031 3760 2365 3829 Syrgiannes
2417 3774 2638 3812 rursum
2688 3758 2826 3812 falso
2872 3760 2926 3812 in
2989 3775 3048 3814 se
3116 3771 3325 3814 tantum
3391 3762 3607 3815 crimen

2031 3851 2294 3917 conferri,
2347 3867 2412 3904 ac
2465 3851 2673 3906 nullius
2719 3867 2840 3906 esse
2875 3853 2977 3906 sibi
3007 3852 3286 3906 conscium
3309 3853 3608 3918 affirmans,

2037 3943 2243 3997 libente
2291 3946 2664 4014 imperatore,
2714 3944 2784 3997 ad
2842 3944 3006 3998 urbes
3052 3945 3318 4009 Thraciae,
3373 3961 3608 4015 quarum

2033 4035 2354 4104 praefectum
2388 4037 2604 4104 agebat,
2653 4035 2935 4102 discessit,
2964 4052 3026 4091 ac
3060 4037 3217 4100 duas,
3249 4037 3427 4106 Apros
3457 4037 3610 4092 vide-

2031 4126 2159 4180 licet
2199 4135 2257 4179 et
2308 4125 2617 4188 Garellam,
2681 4127 2952 4194 prazsidiis
2986 4128 3274 4195 impositis,
3300 4137 3609 4196 ceteroque

2031 4224 2299 4283 apparatu
2336 4215 2410 4268 ita
2447 4216 2854 4281 communiens,
2899 4227 2956 4270 ut
2988 4217 3334 4273 obsidionem
3371 4220 3608 4274 tolerare

2033 4307 2280 4360 valerent
2301 4345 2316 4371 ,
2350 4322 2540 4361 mense
2573 4307 2871 4361 Novembri
2907 4308 3227 4380 Byzantium
3259 4311 3427 4376 venit,
3457 4327 3611 4365 mox-
3715 4369 3726 4378 ,

2031 4413 2138 4468 que
2180 4398 2388 4452 bellum
2437 4399 2583 4452 inter
2633 4398 3000 4468 imperatores
3034 4398 3103 4454 de
3140 4402 3357 4472 integro
3402 4413 3458 4457 et
3491 4420 3607 4457 ma-

2036 4490 2238 4546 nifesto
2263 4490 2460 4545 ardere
2483 4489 2674 4561 coepit.
2700 4490 2900 4546 Junior
2929 4491 3075 4547 enim
3109 4492 3264 4548 brevi
3288 4495 3464 4565 copiis
3489 4497 3607 4551 suis

2035 4584 2089 4637 in
2152 4599 2322 4637 unum
2372 4585 2600 4649 coactis,
2654 4583 2734 4640 sic
2779 4585 2846 4640 ad
2905 4602 3000 4641 eas
3045 4589 3406 4643 conciomtus
3450 4599 3536 4645 est
3591 4607 3607 4645 :

2033 4675 2192 4731 Pacis
2239 4676 2506 4732 honestas
2559 4686 2615 4731 et
2667 4677 2876 4734 utilitas
2906 4695 3015 4734 non
3051 4679 3120 4734 iis
3152 4690 3362 4735 tantum
3391 4683 3486 4752 qui
3521 4699 3610 4738 re-

2027 4777 2254 4836 guntur,
2305 4768 2401 4822 sed
2439 4768 2748 4824 rectoribus
2785 4771 2949 4826 etiam
2985 4770 3119 4841 ipsis
3153 4789 3166 4825 :
3203 4773 3366 4827 sicuti
3390 4783 3446 4828 et
3477 4773 3610 4829 belli

2026 4857 2368 4914 calamitates
2395 4860 2551 4914 vobis
2581 4875 2798 4931 quoque
2848 4863 3111 4918 omnibus
3142 4873 3286 4920 nota:
3317 4875 3468 4921 sunt.
3499 4866 3610 4937 Ego

2028 4965 2158 5004 vero
2218 4965 2339 5020 quae
2384 4951 2640 5020 privatim
2673 4951 2954 5021 possideo,
2989 4968 3181 5007 eorum
3233 4957 3480 5010 omnium
3528 4957 3611 5029 ja-

2026 5051 2266 5106 cturam,
2322 5043 2475 5112 pacis
2531 5043 2836 5099 retinendae
2902 5045 3076 5115 gratia
3135 5046 3282 5101 haud
3335 5063 3608 5104 recusem.

2028 5138 2324 5207 Postquam
2361 5141 2544 5189 autem
2587 5149 2728 5190 avus
2769 5151 2926 5191 meus
2958 5138 3128 5207 (quod
3158 5154 3442 5209 nunquam
3488 5155 3610 5196 cre-

2027 5229 2340 5303 didissem),
2380 5235 2569 5299 spreto
2597 5227 2828 5294 foedere,
2863 5229 3069 5284 nullam
3104 5230 3264 5286 nobis
3293 5231 3456 5302 huius
3487 5247 3613 5301 per-

2027 5307 2172 5376 ﬁdiae.
2222 5338 2441 5377 causam
2473 5323 2592 5376 sive
2609 5336 2801 5376 ansam
2829 5323 3228 5392 praebentibus,
3258 5326 3323 5379 ad
3351 5335 3609 5395 apertum

2026 5415 2232 5470 bellum
2291 5416 2567 5484 prosiluit,
2595 5426 2652 5470 et
2698 5431 2802 5471 nos
2827 5416 3000 5470 invito
3032 5417 3471 5486 necessitateque
3511 5417 3611 5470 ad-

2025 5507 2142 5562 acti
2163 5507 2230 5563 ad
2263 5523 2413 5563 arma
2449 5509 2611 5572 imus,
2643 5519 2698 5563 et
2726 5509 2982 5564 omnibus
3014 5511 3198 5580 potius
3219 5508 3496 5579 suﬂragiis
3518 5525 3611 5579 pa-

2027 5617 2147 5657 cem
2183 5602 2461 5671 eligimus,
2492 5601 2629 5655 nihil
2655 5611 2832 5657 restat
2863 5603 3010 5656 aliud
3048 5618 3214 5671 quam
3243 5611 3304 5656 ut
3333 5601 3446 5655 Deo
3472 5610 3610 5657 teste

2021 5693 2387 5767 jurisjuran'di
2440 5693 2696 5749 invocato
2718 5735 2732 5760 ,
2770 5697 3022 5766 perjuros
3053 5694 3394 5759 invadamus,
3428 5694 3612 5761 provi-

2025 5787 2390 5858 deamusque,
2443 5787 2722 5856 quomodo
2756 5802 2866 5840 non
2895 5787 3068 5855 magis
3104 5786 3236 5856 ipsis
3276 5789 3479 5842 malum
3517 5788 3613 5841 de—

2027 5895 2175 5945 mus,
2223 5895 2390 5948 quam
2429 5889 2491 5934 ut
2525 5894 2594 5934 ne
2626 5878 2730 5947 ipsi
2764 5879 2968 5933 malum
3002 5879 3225 5948 aliquod
3252 5881 3608 5950 accipiamus.
