4028 6460
305 431 399 493 197

1483 414 2027 477 HISTORIARUM
2078 413 2312 474 LIBER
2355 410 2407 475 Ι.

3450 412 3554 477 108

305 543 458 612 γίναν
488 537 795 608 Θεοδὼραν,
838 536 938 609 τὴν
963 534 1132 591 αὐτοῦ
1187 534 1288 606 μὲν
1332 531 1508 594 θείαν,
1542 533 1757 602 μητέρα
1805 529 1863 585 δὲ

1993 545 2069 583 ina
2096 527 2318 597 quidem
2343 522 2793 598 cognata,magni
2823 533 3006 580 autem
3035 522 3318 579 domestici
3350 532 3548 588 matre,

305 634 394 691 τοῦ
433 633 673 704 μεγάλου
719 630 1045 700 δομεστίκου
1077 630 1203 683 ἀντὶ
1235 627 1486 696 φρουρᾶς
1511 627 1733 694 ἀπάσης
1769 641 1870 679 κα-

306 730 542 784 ταλιπὼν
591 723 680 797 (ἦν
711 724 819 796 γὰρ
858 723 922 795 δὴ
972 722 1068 776 καὶ
1120 722 1260 791 πρὸς
1295 719 1571 787 διοίκησιν
1603 716 1870 787 ἔμπειρος

307 816 597 875 πολιτικῶν
626 813 994 886 πραγμάτων,
1037 811 1132 864 καὶ
1173 810 1497 880 φρονήσεως
1551 808 1871 877 ἐρρωμενε-

313 912 504 982 στέρας
531 909 564 981 ἦ
593 908 734 965 κατὰ
763 907 928 976 φύσιν
954 901 1282 974 γυναικείαν¹
1301 899 1587 970 τυχοῦσα),
1613 902 1710 953 καὶ
1738 901 1874 952 πᾶσι

311 1007 415 1069 τοῖς
474 1002 682 1055 πόλεων
719 989 949 1070 ἄρχουσι
983 999 1078 1050 καὶ
1109 994 1413 1062 διοικηταῖς
1449 993 1559 1044 τῶν
1609 989 1874 1060 πραγμά-

311 1115 414 1152 των
440 1095 577 1166 αὐτῇ
617 1091 908 1147 πείθεσθαι
941 1090 1049 1142 πᾶν
1075 1089 1159 1140 ὅτι
1205 1087 1269 1140 ἂν
1299 1083 1499 1154 κελεύῃ
1534 1081 1875 1153 προστάξας,

315 1185 538 1242 καὶτῶν
567 1182 695 1253 περὶ
753 1179 935 1234 αὐτῶν
973 1177 1276 1247 φροντίδων
1334 1172 1619 1237 ἀπολύσας
1651 1172 1874 1238 ἑαυτὸν,

313 1280 432 1333 ἐπεὶ
489 1276 583 1331 καὶ
616 1276 648 1344 ὴ
687 1270 919 1344 στρατιὰ
962 1269 1207 1340 ἡμέραις
1257 1265 1404 1319 ὀκτὼ
1455 1254 1878 1334 παρεσκεύαστο

315 1363 386 1425 ὧν
411 1368 602 1432 ἐδεῖτο,
637 1366 776 1436 ἄρας
806 1364 1038 1427 ἐκεῖθεν,
1081 1357 1246 1432 ἦλθεν
1286 1359 1416 1430 ἄχρι
1456 1354 1873 1426 Τζουρουλόηςσ

317 1457 917 1530 στρατοπεδευσάμενος
951 1455 998 1508 δ’
1027 1454 1166 1517 ἐκεῖ,
1199 1451 1418 1523 ἔμεινεν
1447 1451 1663 1521 ἡμέρας
1693 1447 1876 1508 τινὰςο

313 1553 470 1605 τοῦτο
501 1551 602 1621 μὲν
636 1551 717 1604 ὅτι
749 1550 846 1602 καὶ
873 1547 1080 1619 χειμὼν
1110 1545 1350 1612 ἐξαίσιος
1385 1544 1682 1610 ἐπεγένετο
1731 1538 1882 1608 (ἐπεὶ

318 1645 410 1699 καὶ
453 1644 718 1715 χειμῶνος
758 1637 827 1712 ἦν
855 1640 996 1712 ὥρα,
1021 1641 1165 1693 κατὰ
1205 1638 1354 1709 μῆνα
1400 1636 1510 1707 γὰρ
1537 1638 1883 1706 ἐστρατοπε-

314 1739 526 1792 δεύοντο
555 1736 936 1806 Δεκέμδριον),
975 1733 1136 1788 τοῦτο
1169 1731 1215 1786 δ’
1244 1733 1330 1786 ἵνα
1352 1733 1448 1786 καὶ
1474 1729 1535 1783 τὸ
1569 1729 1755 1782 λεῖπον
1786 1727 1883 1796 τῆς

318 1831 569 1900 στρατιᾶς
619 1827 916 1900 ἀθροισθῇο
964 1827 1027 1880 τὸ
1075 1826 1123 1880 δ’
1156 1824 1239 1878 ἔτι
1286 1823 1494 1877 τούτων
1535 1821 1879 1890 αἰτιώτερον,

314 1922 394 1975 ὅτι
416 1921 512 1991 τῆς
552 1919 696 1974 κατὰ
725 1919 945 1990 Θρᾴκην
992 1915 1312 1988 Ἡρακλείας
1333 1914 1425 1969 τοῦ
1458 1915 1581 1968 νέου
1613 1913 1878 1985 βασιλέως

317 2013 452 2084 πρὸς
477 2012 568 2064 τὸν
602 2010 974 2080 πρεσϐύτερον
997 2010 1334 2082 ἀποστάσης,
1363 2008 1393 2060 ὁ
1420 2006 1758 2077 Συργιάννης
1779 2005 1878 2077 τὴν

315 2099 680 2171 Βυζαντίηθεν
740 2100 1002 2172 στρατιὰν
1064 2098 1425 2170 παραλαϐὼν,
1480 2097 1771 2170 ἐνήδρευεν
1820 2098 1879 2150 ἐν

313 2194 474 2264 αὐτῇ.
501 2192 714 2256 Ἐδοξεν
738 2189 829 2246 οῦν
854 2192 1024 2259 αὐτῆς
1053 2191 1272 2262 πρῶτον
1316 2191 1708 2260 ἀποπειρᾶσαι.
1739 2191 1882 2261 Χρό-

315 2303 406 2337 νου
437 2285 494 2338 δὲ
524 2283 686 2338 αὐτοῦ
725 2301 869 2348 τινος
900 2284 1248 2355 τριϐομένου,
1292 2283 1442 2349 εδοξε
1488 2284 1600 2347 τοῖς
1644 2285 1702 2336 ὲν
1734 2283 1880 2336 τέλει

316 2379 454 2430 πᾶσι
503 2377 598 2430 καὶ⁸
644 2379 756 2440 τοῖς
805 2377 1037 2448 ἡγεμόσι
1078 2376 1177 2444 τῆς
1228 2377 1490 2448 στρατιᾶς
1545 2375 1881 2443 συνελθοῦσι,

322 2467 619 2548 πρεσϐείαν
649 2468 722 2534 ὡς
755 2467 982 2539 βασιλέα
1027 2467 1119 2522 τὸν
1161 2467 1535 2538 πρεσϐύτερον
1560 2468 1884 2522 ἀποστεῖλαι

318 2563 710 2634 ὲξαιτὴσουσαν
739 2563 1062 2636 είρήνην.“’0
1091 2561 1187 2616 καὶ
1215 2560 1308 2615 τοῦ
1335 2562 1459 2614 νέου
1484 2561 1748 2632 βασιλέως
1784 2579 1887 2614 πυ-

323 2656 568 2727 θομένου,
609 2657 731 2710 ὲπεὶ
791 2657 932 2709 κατὰ
983 2653 1212 2725 γνώμην
1265 2653 1414 2725 αὐτῷ
1465 2648 1555 2726 ἦν,
1603 2654 1889 2722 πέμπουσί

323 2763 442 2800 τινα
466 2745 575 2799 τῶν
605 2745 702 2815 τῆς
736 2745 996 2810 στρατιᾶς
1027 2743 1440 2814 Καλοχαιρέτην
1471 2742 1888 2814 ὠνομασμένον,

328 2837 393 2892 τὰ
413 2837 711 2908 γράμματα
750 2835 1157 2906 ἐγχειρίσαντες
1205 2835 1353 2906 (ἐπεὶ
1417 2835 1506 2890 διὰ
1542 2835 1891 2907 γραμμάτων

335 2922 400 2996 ἢν
431 2928 464 2998 η
492 2926 759 2996 πρεσϐεία
787 2941 798 2953 ·
842 2926 1004 2988 αὐτὸς
1038 2926 1094 2979 δὲ
1131 2925 1297 2996 μόνον
1328 2925 1683 2994 διακομιστοῦ
1737 2925 1890 2993 τάξιν

345 3021 583 3090 ἐπεῖχεν).
627 3017 850 3090 Ἐδήλου
873 3017 929 3070 δὲ
954 3019 1022 3070 τὰ
1048 3017 1354 3088 γράμματα
1382 3016 1610 3071 τοιαῦτα
1634 3033 1649 3048 ·
1687 3017 1896 3087 Κράτιρ

343 3127 424 3162 ore
445 3111 681 3182 βασιλεῦ,
712 3112 871 3181 ἡμεῖς
901 3108 1105 3163 ἄνωθεν
1143 3111 1206 3162 ἐκ
1240 3109 1522 3180 προγόνων
1551 3107 1703 3171 ὄντες
1758 3108 1894 3162 Ῥω-

1979 623 2099 675 loco
2122 620 2305 675 omnis
2343 617 2590 688 prresidii
2637 633 2702 673 ac
2728 618 2912 672 tutelae
2942 619 3171 672 relictis.
3218 615 3350 670 Erat
3382 615 3556 684 siqui-

1976 712 2100 766 dem
2135 712 2308 781 perita
2353 710 2717 780 Palaeologina
2745 710 3121 779 gubernandae
3154 706 3471 777 reipublicae
3499 716 3556 762 et

1976 803 2239 857 solidiore
2264 801 2580 871 prudentia,
2607 815 2770 872 quam
2801 800 2961 856 cadat
2984 801 3037 853 in
3069 811 3319 852 naturam
3356 797 3556 850 muliea

1975 894 2153 948 brem.
2205 893 2337 962 Ejus
2397 893 2670 947 mandatis
2719 892 2995 955 omnibus,
3030 900 3083 944 et
3130 888 3349 942 urbium
3389 886 3559 956 magi-

1977 994 2190 1041 stratus
2219 1000 2434 1050 omnes,
2467 994 2524 1040 et
2554 1000 2737 1039 rerum
2787 983 3267 1038 administratores
3296 987 3558 1049 parerent

1978 1062 2103 1134 cum
2143 1077 2428 1144 edixisset,
2467 1087 2528 1133 et
2560 1093 2620 1133 se
2649 1079 2799 1132 curis
2848 1084 3227 1136 cxonerasset,
3261 1082 3560 1142 praeterea-

1980 1185 2086 1242 que
2117 1172 2394 1226 exercitus
2427 1187 2524 1240 per
2558 1171 2866 1238 octiduum,
2926 1170 3004 1223 uti
3035 1178 3344 1239 rogaverat,
3379 1181 3440 1220 se
3475 1165 3563 1218 in-

1981 1264 2614 1330 struxisset,Tzurulum
2641 1263 2768 1318 inde
2796 1264 3092 1334 profectus,
3124 1271 3303 1316 castra
3331 1259 3480 1323 fecit,
3508 1267 3570 1314 et

1983 1356 2102 1412 dies
2141 1358 2352 1427 aliquot
2404 1358 2482 1412 ibi
2520 1358 2728 1412 mansit
2762 1375 2774 1410 :
2819 1357 2983 1412 simul
3020 1364 3241 1425 propter
3297 1354 3564 1422 frigorum

1982 1448 2344 1504 acerbitatem
2401 1449 2604 1512 (hiems
2633 1451 2781 1504 enim
2829 1457 2969 1513 erat,
3005 1456 3061 1502 et
3094 1447 3298 1500 mensis
3335 1445 3560 1498 Decem-

1982 1539 2125 1610 ber),
2159 1540 2321 1594 simul
2356 1549 2489 1596 utet
2516 1550 2712 1595 caetera
2748 1557 2876 1610 pars
2899 1525 3402 1596 exercitusinterea
3433 1551 3564 1589 con-

1981 1632 2235 1688 veniret:
2261 1633 2525 1703 quodque
2559 1634 2784 1704 majoris
2816 1634 3005 1700 utique
3039 1631 3296 1686 momenti
3336 1637 3476 1692 erat,
3504 1638 3567 1681 ιιι

1983 1725 2114 1796 quia
2145 1725 2405 1782 Heraclea
2441 1726 2685 1781 Thraciae
2712 1727 2906 1781 civitas
2947 1725 3052 1780 iide
3083 1734 3240 1794 rupta
3281 1724 3348 1778 ad
3377 1722 3562 1777 senio-

1986 1833 2102 1872 rem
2136 1816 2452 1882 defecisset,
2477 1829 2530 1872 et
2579 1806 2912 1890 Syrgiannes
2943 1832 3068 1872 cum
3098 1817 3278 1885 copiis
3307 1814 3568 1885 Byzantio

1983 1911 2226 1980 acceptis
2247 1926 2368 1966 eam
2392 1911 2684 1975 insideret,
2703 1911 2824 1982 ejus
2841 1909 3232 1980 recuperandae
3265 1907 3570 1978 periculum

1981 2002 2139 2071 prius
2167 2001 2347 2057 ﬁeret.
2366 2002 2640 2058 Nonnulla
2659 2011 2906 2072 tempore
2923 2002 3034 2056 illic
3057 2010 3406 2070 consumpto,
3430 2000 3570 2068 npti-

1982 2105 2161 2150 mates
2223 2112 2288 2150 ac
2316 2096 2486 2150 duces
2513 2111 2708 2151 omnes
2729 2105 3013 2161 coeuntes,
3034 2094 3362 2164 legationem
3387 2094 3454 2148 ad
3481 2109 3571 2148 se-

1983 2188 2194 2253 niorem
2242 2187 2310 2242 de
2340 2202 2474 2258 pace
2517 2186 2907 2241 decreverunt.
2942 2186 3021 2242 Re
3067 2185 3306 2256 cognita,
3343 2200 3466 2239 cum
3515 2191 3574 2238 et

1983 2295 2155 2350 nepos
2179 2295 2244 2334 eo
2272 2279 2664 2350 propenderet,
2708 2279 3018 2350 gregarium
3062 2277 3380 2348 quemdam,
3414 2275 3574 2331 Calo-

1985 2373 2260 2428 cbaereten
2310 2372 2550 2437 nomine,
2581 2387 2707 2428 eum
2747 2373 2952 2427 litteris
3002 2372 3230 2426 mittunt
3259 2389 3272 2424 :
3302 2385 3402 2440 per
3425 2369 3573 2425 litte-

1987 2481 2076 2520 ras
2101 2465 2250 2520 enim
2283 2467 2484 2536 legatio
2527 2465 2945 2530 conﬁciebatur,
2977 2465 3095 2536 ipse
3147 2465 3416 2520 tabellarii
3457 2472 3576 2518 tan-

1991 2558 2276 2612 tummodo
2316 2558 2498 2614 locum
2537 2560 2776 2614 tenebat.
2828 2557 3028 2614 Earum
3088 2558 3402 2613 litterarum
3461 2559 3578 2612 haec

1992 2649 2096 2705 fuit
2124 2651 2398 2706 sententia
2428 2669 2442 2705 :
2481 2650 2615 2714 Nos,
2645 2651 2949 2720 imperator
2982 2651 3210 2720 optime,
3245 2651 3375 2704 inde
3402 2665 3578 2719 usque

1993 2759 2022 2800 a
2078 2746 2385 2815 majoribus
2427 2745 2662 2800 Romani
2718 2755 2775 2799 et
2822 2743 3138 2799 felicitatem
3209 2744 3579 2798 Romanorum

1995 2835 2314 2890 beatitatem
2350 2848 2618 2902 nostram,
2677 2847 2736 2892 et
2784 2837 3064 2892 miseriam
3122 2836 3445 2890 earumdem
3495 2836 3582 2888 in-

2005 2924 2318 2980 fortunium
2409 2937 2662 2982 nostrum
2730 2943 2853 2983 esse
2913 2928 3230 2998 opinamur.
3297 2929 3584 2993 Quamob-

1995 3034 2112 3074 rem
2156 3035 2255 3074 vos
2308 3021 2672 3089 imperatores
2705 3031 2924 3075 nostros
2996 3037 3104 3073 non
3140 3030 3199 3073 ut
3248 3020 3436 3075 hostes
3465 3023 3590 3074 dis-

1999 3111 2251 3178 cordare,
2303 3113 2399 3167 sed
2451 3123 2514 3167 ut
2556 3114 2764 3168 amicos
2809 3113 3149 3168 concordare
3212 3115 3591 3184 maximopere

333 3206 496 3274 μαῖοι,
544 3203 637 3257 καὶ
668 3203 764 3274 τὴν
827 3203 1135 3272 εὐπραγίαν
1168 3201 1276 3256 τῶν
1337 3200 1632 3271 Ῥωμαίων
1685 3201 1890 3254 οἰκείαν

1998 3204 2252 3273 cupimus
2281 3220 2446 3260 :vere
2471 3206 2794 3276 cogitantes,
2836 3208 3192 3261 concordiam
3222 3218 3460 3262 vestram
3495 3210 3580 3262 in-

327 3295 618 3367 νομίζομεν
645 3296 1014 3365 εὐδαιμονίαν,
1039 3294 1134 3348 καὶ
1167 3293 1266 3368 τὴν
1293 3293 1680 3363 κακοπραγίαν
1709 3292 1890 3346 ὡσαύο

324 3408 429 3453 τως
454 3394 512 3443 ἐν
541 3390 646 3460 ἰδίᾳ
673 3389 936 3460 τιθέμεθα
963 3388 1223 3460 δυστυχίᾳ
1248 3403 1261 3416 ·
1293 3383 1354 3443 οὐ
1386 3388 1449 3457 δὴ
1469 3387 1632 3440 ἕνεκα
1654 3389 1749 3440 καὶ
1771 3389 1896 3452 τοὺς

326 3481 579 3552 βασιλέας
643 3481 796 3552 ήμῶν
852 3481 996 3550 ὑμᾶς
1041 3481 1248 3534 εὐνοεῖν
1308 3480 1583 3551 ἀλλήλοις,
1624 3480 1762 3534 ἀλλὰ
1821 3480 1895 3550 μὴ

324 3574 618 3646 πολεμίους
650 3571 810 3638 εἶναι,
868 3571 1172 3644 ποιούμεθα
1241 3572 1372 3644 περὶ
1438 3571 1716 3638 πλείστου,
1759 3573 1896 3640 ὅπερ

325 3672 475 3722 ἐστὶν
508 3667 704 3736 ἀληθὲς
736 3665 1066 3730 ἐννοοῦντες,
1096 3665 1172 3731 ὡς
1201 3664 1354 3734 ὐμῶν
1401 3665 1502 3735 μὲν
1528 3665 1720 3736 φιλίως
1757 3668 1890 3734 πρὸς

327 3763 588 3832 ἀλλήλους
612 3760 994 3831 διακειμένων,
1029 3759 1124 3812 καὶ
1166 3757 1236 3810 τὰ
1269 3758 1370 3828 τῆς
1411 3757 1586 3828 ἀρχῆς
1617 3756 1894 3823 αὐξάνειν,

326 3855 360 3926 ἧ
386 3856 516 3923 τόγε
541 3851 792 3922 δεύτερον
824 3852 900 3922 μὴ
925 3849 1287 3905 ἐλασσοῦσθαι
1318 3850 1464 3914 είκός
1487 3866 1501 3880 ·
1535 3850 1810 3917 πολεμίων
1839 3852 1898 3905 δὲ

326 3947 578 4016 ἀλλήλοις
603 3947 796 4011 ὄντων,
838 3945 902 3998 οὐ
942 3945 1102 4013 μόνον
1147 3943 1250 3999 ὑπὸ
1287 3961 1399 3995 των
1433 3943 1741 4013 προσοίκων
1767 3943 1902 4014 βαρε

329 4044 535 4115 ὀάρων,
581 4042 715 4096 ἀλλὰ
769 4042 863 4094 καὶ
912 4039 1001 4110 ὐφ’
1058 4039 1212 4110 ὑμῶν
1272 4037 1450 4092 αὐτῶν
1496 4038 1594 4109 τὴν
1627 4037 1900 4108 ὑμετέραν

331 4134 624 4205 ἡγεμονίαν
656 4131 1148 4204 καταλυθήσεσθαι.
1185 4131 1298 4202 Πρὸ
1329 4130 1524 4203 χρόνου
1562 4132 1662 4201 μὲν
1693 4125 1786 4183 οὖν
1815 4147 1914 4197 τι-.

330 4246 414 4292 νος
437 4229 533 4297 τῆς
557 4228 820 4296 διαφορᾶς
853 4224 1188 4296 κινηθείσης,
1223 4226 1318 4277 καὶ
1343 4224 1437 4277 τοῦ
1480 4225 1606 4278 νέου
1633 4222 1901 4293 βασιλέως

334 4317 857 4389 ὲπιστρατεύσαντός
903 4332 1005 4380 σοι,
1035 4315 1152 4386 ἅμα
1207 4332 1267 4368 τε
1316 4314 1598 4385 ἐμνήσθης
1653 4315 1900 4384 εἰρήνης,

335 4413 426 4463 καὶ
481 4412 508 4464 ὁ
544 4409 634 4474 σὸς
689 4409 932 4478 ἔγγονος,
988 4407 1177 4478 ὥσπερ
1218 4408 1284 4462 ἂν
1341 4407 1504 4469 αὐτὸς
1542 4405 1618 4460 ὢν
1654 4409 1681 4460 ὁ
1720 4406 1902 4460 αὐτῶν

337 4503 532 4573 (καίτοι
561 4502 730 4556 δοκῶν
770 4503 828 4554 ὲν
855 4500 934 4573 τῷ
985 4500 1212 4571 πολέμῳ
1268 4499 1665 4569 πλεονεκτεῖν),
1706 4517 1903 4569 προσε-

332 4595 518 4659 δέξατο
545 4595 814 4665 ἁσμένως,
845 4593 942 4647 καὶ
988 4593 1261 4646 διελέλυτο
1309 4593 1494 4658 εὐθὺς,
1524 4591 1712 4664 ὥσπερ
1748 4592 1815 4646 ἂν
1850 4594 1898 4646 εἰ

336 4687 468 4758 μηδὲ
496 4687 594 4758 τὴν
642 4687 815 4758 ἀρχὴν
867 4688 894 4739 ὁ
940 4685 1173 4754 πόλεμος
1213 4686 1446 4754 συνέστη
1469 4699 1482 4713 ⁸
1511 4684 1542 4738 δ
1587 4684 1652 4757 δὴ
1681 4685 1812 4755 ὑμῖν
1840 4701 1902 4738 τε

333 4781 426 4833 καὶ
461 4779 539 4850 τῷ
568 4779 720 4850 ὐμῶν
749 4779 974 4849 ὑπηκόῳ
1001 4779 1162 4832 παντὶ
1186 4778 1382 4850 ήδονῆς
1416 4777 1593 4832 αῐτιον
1614 4778 1711 4832 καὶ
1740 4767 1899 4832 εὐθυ-

289 4914 292 4915 ν
334 4871 462 4941 μίας
507 4872 768 4941 κατέστη,
802 4870 1058 4940 εὐτυχίας
1095 4872 1208 4934 τοῖς
1256 4871 1560 4940 Ῥωμαίοις
1593 4873 1767 4943 ἀρχὴν
1800 4873 1900 4938 τὴν

333 4966 543 5034 ἡμέραν
578 4963 788 5034 ἐκείνην
847 4960 1246 5032 λογισαμένοις.
1279 4962 1419 5015 Νυνὶ
1475 4962 1534 5016 δὲ
1566 4964 1800 5034 ὁρῶντές
1840 4983 1900 5018 σε

330 5056 423 5108 τὸν
452 5056 650 5127 μᾶλλον
680 5055 806 5108 ὗντα
835 5055 1040 5109 δίκαιον
1069 5054 1125 5108 ετ
1155 5073 1208 5109 τι
1269 5056 1366 5110 καὶ
1400 5057 1692 5128 προπετῶς
1748 5060 1902 5130 παρὰ

329 5149 425 5202 τοῦ
458 5149 683 5216 ἑγγόνου
722 5151 815 5201 τοῦ
845 5147 938 5200 σοῦ
965 5148 1288 5218 ἐπράττετο,
1325 5142 1414 5200 οἷα
1441 5149 1588 5214 νέου,
1625 5150 1718 5203 τὸν
1740 5151 1902 5204 πόλε-

337 5257 435 5308 μον
461 5240 866 5306 καταστέλλειν,
887 5239 948 5304 ἐξ
979 5239 1239 5310 οὐδεμιᾶς
1266 5239 1447 5303 αἰτίας
1474 5242 1784 5312 προφανοῦς
1804 5243 1902 5307 τάς

335 5347 394 5384 τε
425 5329 657 5393 σπονδὰς
682 5329 945 5384 λελυκότα
979 5332 1071 5383 καὶ
1101 5329 1441 5401 πολεμοῦντα
1477 5333 1748 5405 φανερῶς,
1775 5334 1907 5389 ἀθυ-

340 5423 545 5495 μοῦμέν
574 5440 658 5488 τε,
717 5423 791 5486 ὡς
830 5425 996 5487 εἰκὸς,
1031 5425 1127 5490 κα).
1175 5426 1477 5496 συμφορῶν
1512 5425 1689 5497 ἀρχὴν
1735 5427 1903 5497 ἡγού-

337 5516 473 5585 μεθα
495 5515 595 5588 τὴν
633 5515 788 5568 λύσιν
819 5515 929 5569 τῶν
956 5515 1219 5571 σπονδῶν.
1252 5510 1328 5571 Οὖ
1356 5518 1422 5590 δὴ
1447 5517 1614 5572 ἕνεκα
1649 5521 1742 5573 καὶ
1782 5520 1900 5575 δεό-

2000 3307 2368 3363 crementum,
2415 3308 2512 3353 aut
2545 3310 2717 3361 certe,
2771 3311 2830 3353 ut
2861 3301 3159 3354 verisimile
3211 3308 3316 3365 est,
3369 3301 3579 3355 nullum

1998 3390 2243 3462 ejusdem
2265 3390 2654 3446 detrimentum
2673 3408 2792 3446 esse
2817 3411 2829 3445 :
2849 3406 3038 3447 contra
3060 3392 3366 3447 inimicitiis
3384 3395 3583 3446 vestris
3649 3417 3652 3420 λ

1997 3499 2106 3538 neu
2132 3476 2295 3538 modo
2312 3500 2343 3538 a
2365 3484 2617 3550 barbaris
2639 3485 2914 3549 finitimis,
2935 3502 3124 3541 verum
3151 3485 3316 3540 etiam
3344 3504 3371 3540 ιι
3399 3487 3596 3540 vobis-

1999 3575 2136 3645 ipsis
2167 3576 2536 3648 principatum
2567 3586 2811 3632 vestrum
2839 3579 3186 3633 destructum
3213 3588 3380 3649 atque
3425 3594 3598 3634 ever--

1998 3682 2121 3722 sum
2147 3666 2239 3722 iri.
2291 3669 2405 3738 80
2435 3669 2734 3739 Aliquanto
2763 3669 2931 3740 igitur
2963 3671 3197 3724 antehac
3221 3671 3445 3725 suborta
3477 3671 3599 3725 dis--

1999 3760 2280 3825 sensione,
2313 3769 2372 3814 et
2405 3771 2604 3831 nepote
2629 3764 2684 3815 in
2715 3769 2766 3816 te
2793 3776 2946 3816 arma
2970 3762 3252 3827 moliente,
3301 3778 3424 3818 cum
3476 3763 3586 3832 pri-

2001 3867 2152 3906 mum
2201 3855 2353 3921 pacis
2385 3855 2724 3908 mentionem
2769 3853 2972 3922 fecisti,
3009 3855 3154 3908 illico
3182 3857 3251 3920 is,
3280 3871 3386 3909 non
3426 3872 3603 3910 secus.

2001 3961 2168 4014 quam
2203 3947 2250 4000 si
2270 3946 2387 4016 ipse
2413 3963 2604 4017 pacem
2629 3957 2864 4018 peteret,
2884 3937 3148 4019 ‘quamvis
3178 3965 3458 4002 armorum
3485 3964 3588 4018 po-

1970 4066 1972 4069 -
2009 4038 2180 4091 tentia
2206 4039 2590 4105 antecelleret,
2644 4041 2900 4110 petitioni
2932 4041 3172 4095 libenter
3204 4041 3383 4096 locum
3412 4041 3597 4102 dedit,.

2003 4130 2399 4186 reconciliatus
2447 4141 2532 4186 est
2572 4133 2760 4187 statim
2807 4147 2872 4188 ac
2917 4135 2962 4188 si
3018 4133 3223 4188 bellum
3278 4133 3579 4187 conﬂatum

2001 4237 2235 4292 prorsus
2267 4239 2551 4294 nunquam
2582 4225 2780 4280 fuisset
2829 4243 2843 4280 :
2896 4226 2948 4280 id
2985 4228 3131 4297 quod
3161 4227 3344 4292 nobis,
3373 4236 3598 4280 vestro--

2002 4332 2110 4387 que
2149 4318 2382 4387 imperio
2423 4320 3012 4383 contentis-omnibus,
3077 4320 3226 4374 diem
3270 4320 3426 4374 illum
3474 4320 3586 4373 Roo‘

2005 4426 2180 4466 manas
2213 4412 2462 4468 felicitati
2509 4413 3010 4483 auspicatissimum
3044 4413 3434 4482 reputantibus
3473 4412 3600 4466 sin--

2006 4502 2180 4574 gelari
2205 4503 2408 4558 lattitiatI
2437 4503 2560 4558 fuit.
2587 4503 2654 4558 At
2677 4519 2842 4569 nunc,
2864 4518 2990 4558 cum
3011 4502 3298 4557 videamus
3320 4511 3392 4565 te,
3419 4515 3585 4570 quem

2008 4612 2226 4666 aequum
2261 4604 2400 4663 erat,
2433 4595 2480 4652 si
2537 4597 2670 4666 quid
2704 4598 2870 4650 etiam
2910 4609 3111 4650 temere
3145 4603 3309 4663 atque
3349 4594 3592 4648 inconsi-

2009 4687 2200 4741 derate
2228 4702 2258 4742 a
2293 4696 2493 4757 nepote
2525 4686 2599 4742 ob
2632 4687 2906 4742 fervorem
2935 4685 3114 4740 aetatis
3137 4692 3440 4755 gereretur,
3476 4684 3592 4738 bel-

2008 4780 2122 4837 lum
2146 4781 2363 4848 sedare,
2391 4781 2542 4837 nulla
2557 4782 2626 4836 de
2647 4797 2810 4837 causa
2833 4780 3142 4843 manifesta,
3169 4778 3340 4833 fracto
3359 4775 3592 4836 foedere.

2005 4873 2216 4929 bellum
2255 4877 2538 4946 propalam
2571 4875 2798 4941 inferre,
2840 4875 3046 4940 animo,
3090 4881 3150 4927 ut
3181 4887 3280 4943 par
3313 4878 3418 4934 est,
3459 4883 3593 4923 eon-

2007 4966 2266 5035 cidimus,
2303 4975 2361 5023 et
2389 4968 2741 5023 violationem
2773 4969 2931 5024 istam
2957 4966 3182 5021 [uideris
3212 4962 3600 5020 calamitatum.

2010 5061 2304 5115 exordium
2350 5061 2472 5116 fore
2507 5061 2865 5116 arbitramur.
2901 5059 3033 5126 Quae
3073 5075 3200 5112 eum
3237 5060 3308 5112 ita
3343 5056 3476 5120 sint,
3518 5067 3600 5118 te,

2012 5152 2333 5223 imperator,
2371 5169 2468 5223 per
2493 5154 2644 5208 illum
2689 5155 2870 5224 ipsum
2917 5153 3363 5224 juramentorum
3399 5147 3598 5219 praesi-

2012 5246 2160 5311 dem,
2193 5247 2285 5316 qui
2315 5256 2397 5302 est
2449 5255 2506 5302 et
2550 5247 2752 5303 dicitur
2803 5247 2947 5302 Deus
2983 5246 3158 5316 pacis,
3208 5245 3598 5304 obsecramus,

2012 5338 2093 5394 uti
2125 5355 2276 5395 arma
2307 5340 2575 5411 deponas,
2614 5356 2756 5396 neve
2780 5342 3060 5413 subjectos
3089 5337 3323 5409 populos
3362 5339 3599 5403 proplcl'

2012 5431 2346 5490 discordiam
2374 5445 2610 5489 vestram
2641 5434 2798 5488 malis
2821 5432 3120 5490 teterrimis
3137 5427 3325 5500 afﬂigi,
3355 5423 3593 5496 patiane.

2014 5522 2071 5578 Si
2122 5533 2180 5579 tu
2231 5526 2394 5581 nobis
2446 5527 2854 5592 obsecundans,
2886 5527 3030 5584 bello
3069 5523 3365 5595 repudiato
3398 5531 3599 5588 pacen-

1598 5638 1814 5702 Jacobi
1843 5641 2113 5712 Pontan-i
2138 5652 2327 5706 noue.

407 5733 520 5812 (78)
565 5733 914 5812 Elianrhanc
948 5735 1100 5812 θείαν
1127 5735 1368 5812 junioris
1404 5741 1660 5810 appellat.
1688 5758 1810 5812 qua:
1841 5759 1908 5799 ex

337 5801 444 5881 tilia
481 5801 684 5862 sororis
734 5806 1015 5881 Michaelis
1060 5801 1557 5881 pritniAPalzen'logi
1605 5801 1731 5876 nata
1783 5816 1905 5868 fuit.

338 5872 436 5928 Dat
465 5884 647 5930 autem
696 5878 869 5932 nihilo
905 5872 1086 5930 minus
1134 5879 1352 5933 feminis
1408 5872 1776 5951 Palfuologum
1814 5901 1911 5937 no-

2009 5763 2159 5814 men,
2218 5749 2448 5821 honoris
2502 5765 2690 5816 causa,
2745 5752 2960 5809 tametsi
3008 5763 3204 5821 patres.
3257 5748 3599 5821 Pnlmologos

2011 5836 2120 5876 non
2149 5820 2468 5877 habuerint.
