4028 6440
481 415 584 482 199

1641 418 1970 480 JOANNIS
2010 412 2538 478 CAN'I'ACUZENI

3597 408 3690 472 200

469 543 525 586 et
551 546 676 586 cum
706 539 902 600 nepote
948 545 1299 586 concordiam
1341 533 1904 602 communionemque
1935 533 2041 586 ini—

2150 529 2287 600 μεθά
2335 546 2455 596 σου,
2525 525 2773 597 βασιλεῦ,
2829 524 2965 596 πρὸς
3023 523 3187 578 αὐτοῦ
3235 523 3330 578 τοῦ
3377 527 3482 578 τῶν
3525 527 3692 598 ὅρκων

466 621 884 684 veris,vicissim
904 637 1004 692 pro
1022 631 1253 691 utroque
1276 625 1594 686 vestrum,si
1611 625 1830 678 occasio
1847 623 2038 686 fuerit,

469 695 701 784 impigre
730 729 831 767 nos
853 715 1001 782 ipsos
1025 715 1328 776 trademus,
1359 723 1413 768 et
1433 716 1643 769 animas
1660 725 1878 770 nostras
1897 713 2041 769 haud

469 814 689 874 gravate
713 805 862 857 letho
876 805 1191 859 oﬂ‘eremus.
1213 805 1307 860 Sin
1332 805 1498 875 (quod
1525 807 1669 862 Deus
1697 807 2043 876 averruncet)

473 897 620 951 malo
654 898 900 950 daemone
927 898 1231 962 invidente,
1256 913 1376 966 qua
1413 899 1651 968 petimus
1689 911 2042 974 aspernatus,

473 989 741 1056 improbis
773 990 1203 1059 impellentibus,
1240 1001 1296 1045 et
1330 991 1386 1044 in
1423 991 1623 1046 amicta
1658 993 1892 1047 aliorum
1933 993 2045 1047 for—

473 1091 606 1132 tuna
657 1080 1062 1133 exsultantibus
1112 1095 1299 1134 aurem
1356 1082 1735 1148 commodans,
1780 1082 1847 1136 ad
1892 1096 2044 1136 arma

473 1171 849 1236 descenderis,
891 1188 1001 1242 .per
1053 1174 1236 1228 omnia
1269 1175 1732 1245 contemplantem
1787 1185 1843 1230 et
1883 1176 2046 1230 actio-

474 1279 572 1316 nes
627 1264 910 1318 hominum
949 1263 1347 1334 dijudicantem
1385 1265 1555 1319 Deum
1599 1267 1841 1335 juratum
1901 1277 2040 1327 esto,

472 1371 572 1409 nos
606 1364 701 1408 aut
746 1354 799 1407 in
839 1352 1029 1425 prielio
1071 1373 1263 1410 omnes
1307 1357 1599 1426 pugnando
1666 1357 2038 1423 occubituros,

473 1458 568 1502 aut
603 1447 758 1502 factis
782 1448 915 1517 ipsis
939 1448 1314 1504 declaraturos
1336 1449 1530 1519 dignos
1547 1449 1715 1505 fuisse
1735 1449 1826 1518 qui
1855 1465 2044 1518 pacem

475 1540 778 1609 rogitantes
813 1540 1219 1594 exaudiremur.
1263 1540 1400 1594 Tum
1429 1551 1483 1594 tu
1512 1540 1629 1610 ipse
1666 1523 1744 1594 ad.
1761 1555 1860 1593 nos
1907 1541 2050 1608 lega-

475 1638 559 1682 tos
588 1630 793 1690 mittes,
827 1635 1047 1700 quando
1081 1631 1399 1698 praestitisse
1444 1630 1738 1700 judicabis,
1773 1632 1819 1684 si
1849 1631 1992 1686 bello
2015 1645 2046 1684 a

477 1721 753 1791 principio
779 1722 1162 1776 abstinuisses.
1193 1721 1274 1775 Ad
1310 1723 1434 1786 hoc,
1483 1738 1663 1791 neque
1698 1738 1794 1791 per
1818 1732 1872 1777 te
1907 1723 2044 1790 ipse,

476 1829 656 1884 neque
689 1815 809 1867 aliis
834 1814 1205 1881 narrantibus,
1234 1815 1479 1868 animum
1523 1814 1752 1869 inducas
1787 1815 2038 1877 credere,

475 1915 571 1959 aut
608 1905 770 1959 donis
798 1922 861 1960 ac
895 1899 1206 1976 promissis,
1233 1916 1327 1960 aut
1357 1916 1569 1962 terrore
1602 1924 1664 1963 ac
1687 1911 1910 1970 timore,
1947 1915 2041 1960 aut

475 1995 672 2050 callida
709 1996 919 2059 fraude,
953 2006 1046 2051 aut
1087 1997 1188 2050 alia
1238 1997 1474 2067 quadam
1516 1998 1601 2051 via
1659 1997 1926 2066 quosdam
1976 1997 2045 2051 de

457 2085 638 2154 nobis
666 2101 824 2155 posse
859 2099 908 2140 te
932 2103 961 2141 a
988 2099 1185 2156 nepote
1211 2101 1305 2142 tuo
1329 2089 1394 2142 ad
1417 2097 1539 2142 tuas
1562 2099 1747 2158 partes
1765 2089 2042 2159 pellicere.

477 2176 669 2231 Malam
694 2179 840 2232 enim
876 2188 1088 2249 pestem
1123 2181 1402 2250 capitibus
1430 2182 1635 2236 nostris
1655 2181 2048 2252 imprecatisu-

476 2285 618 2333 mus,
652 2270 731 2336 ni,
769 2287 892 2340 quae
915 2272 1245 2339 juravimus,
1286 2290 1462 2343 usque
1490 2273 1557 2328 ad
1594 2281 1914 2329 extremum
1937 2274 2050 2344 spi-

477 2364 646 2417 ritum
674 2379 982 2429 servemus,
1041 2374 1093 2418 et
1139 2382 1168 2418 a
1193 2367 1410 2436 juniore
1446 2367 1777 2433 imperatore
1819 2374 2044 2433 stemus,

472 2464 540 2502 ac
569 2458 627 2502 ut
657 2451 748 2518 qui
786 2466 945 2504 secus
979 2461 1100 2521 aget
1132 2453 1620 2522 imprecationibus
1648 2455 1918 2524 obligatus
1965 2465 2046 2509 te-

476 2549 691 2594 neatur.
719 2541 909 2610 Itaque
925 2558 1050 2597 cum
1079 2544 1132 2598 hi
1161 2546 1271 2599 sint
1295 2546 1465 2600 nostri
1491 2561 1706 2611 sensus,
1733 2562 2046 2618 precamur,

476 2646 538 2687 ut
561 2634 674 2702 ipse
696 2650 916 2704 quoque
944 2645 1054 2690 tum
1080 2638 1440 2704 consulendo,
1463 2650 1578 2693 tum
1609 2641 1862 2696 faciendo
1917 2657 2053 2711 prae-

476 2719 608 2786 stes.
631 2741 752 2795 qua:
779 2726 958 2781 oﬂieio
990 2737 1082 2783 tuo
1109 2730 1461 2798 respondent,
1493 2743 1550 2787 et
1593 2749 1662 2788 ne
1687 2733 1836 2788 inani
1867 2734 2049 2803 suspi-

476 2816 636 2870 eione
672 2815 898 2870 delusus
930 2817 1266 2882 committas,
1297 2818 1456 2887 cujus
1488 2829 1539 2874 te
1565 2820 1619 2874 in
1652 2820 1898 2874 futurum
1932 2835 2048 2890 pce-

481 2909 669 2962 niteat.
700 2908 824 2963 Haec
848 2924 944 2978 per
969 2909 1255 2978 epistolam
1279 2927 1308 2964 a
1330 2912 1546 2966 seniore
1572 2912 1898 2982 imperatore
1923 2926 2052 2982 pro-

483 3014 670 3053 cerum
731 3008 957 3055 senatus
1005 3000 1109 3068 81
1153 3001 1333 3056 omnis
1389 3008 1446 3056 et
1485 3001 1658 3056 duces
1698 3001 2048 3071 petiverunt;

476 3106 697 3162 quoque
743 3093 918 3162 major
943 3091 1080 3145 ﬁdes
1135 3091 1307 3159 ﬁeret,
1343 3108 1505 3147 manu
1533 3107 1630 3147 sua
1661 3093 1896 3163 quisque
1922 3093 2052 3148 sub-

2148 620 2344 691 έφόρου
2377 616 2535 682 Θεοῦ,
2571 611 2631 670 οὗ
2661 615 2754 670 καὶ
2781 615 2932 678 ὄντος
2961 615 3182 685 εἰρήνης
3229 616 3324 667 καὶ
3352 614 3689 686 καλουμένου,

2147 713 2238 763 τὸν
2276 711 2510 778 πόλεμον
2540 708 2883 770 καταθεῖναι,
2914 706 3008 758 καὶ
3066 705 3141 775 μὴ
3169 705 3428 775 περιιδεῖν
3475 705 3532 757 τὸ
3561 707 3695 775 ὑπή.

2148 819 2272 854 κοον
2302 801 2388 854 διὰ
2442 800 2540 869 τὴν
2575 797 2846 868 ὑμετέραν
2885 797 3215 865 φιλονεικίαν
3247 795 3563 864 ἀνηκέστοις
3592 813 3689 850 κα-

2148 895 2262 954 κοῖς
2304 891 2621 962 περιπεσόν.
2654 890 2715 943 Εἰ
2751 891 2848 960 μὲν
2877 890 2974 944 οὖν
3015 888 3259 951 πεισθεὶς
3289 889 3399 950 τοῖς
3425 888 3695 957 ἡμετέροις

2146 985 2324 1052 λόγοις
2347 985 2447 1054 τὴν
2469 983 2691 1053 εἰρήνην
2717 983 2838 1035 ἀντὶ
2860 981 2954 1034 τοῦ
2982 981 3218 1049 πολέμου
3248 981 3446 1049 μᾶλλον
3464 979 3692 1050 ἀσπάσῃ,

2149 1076 2245 1129 καὶ
2271 1076 2368 1144 τὴν
2402 1075 2537 1144 πρὸς
2567 1075 2656 1126 τὸν
2697 1073 2920 1143 ἔγγονον
2953 1075 3042 1127 τὸν
3078 1075 3170 1127 σὸν
3199 1074 3451 1143 ὁμόνοιαν
3483 1074 3573 1125 καὶ
3593 1089 3696 1124 κοι-

2147 1172 2367 1231 νωνίαν,
2405 1172 2499 1222 καὶ
2553 1172 2726 1222 αυτοὶ.
2760 1171 3075 1240 προθύμους
3113 1169 3419 1238 παρέξομεν
3461 1169 3694 1230 ἑαυτοὺς,

2149 1264 2243 1315 καὶ
2279 1264 2376 1324 τάς
2421 1261 2602 1332 ψυχὰς
2653 1263 2846 1326 αύτάς,
2884 1265 2933 1315 εἰ
2961 1259 3075 1315 οἶόν
3120 1279 3200 1325 τε,
3228 1261 3370 1333 ὑπὲρ
3397 1261 3504 1313 τῶν
3533 1260 3610 1311 σοί
3642 1275 3696 1309 τε

2149 1353 2242 1406 καὶ
2276 1356 2353 1422 τῷ
2385 1353 2592 1420 ὲγγόνῳ
2623 1351 2700 1421 τῷ
2735 1352 2812 1422 σῷ
2865 1353 3256 1423 συμφερόντων
3293 1351 3488 1422 ῥᾳδίως
3519 1353 3697 1418 προϊε-

2153 1443 2367 1513 μένους.
2401 1447 2495 1496 ’Ὰν
2536 1445 2579 1496 δ’
2602 1444 2649 1512 (ὃ
2691 1445 2766 1516 μὴ
2796 1446 3029 1514 γένοιτο)
3057 1443 3295 1515 πονηροῦ
3328 1460 3470 1504 τινος
3503 1443 3699 1512 βασκή-

2149 1551 2337 1595 ναντος
2385 1535 2656 1604 δαίμονος,
2697 1537 2792 1604 τὴν
2849 1539 3128 1608 ἡμετέραν
3170 1539 3270 1606 μὲν
3323 1536 3516 1607 ἀπώσῃ
3548 1551 3702 1604 πρεσ-

2150 1626 2325 1691 ϐείαν,
2352 1628 2463 1689 τοῖς
2493 1627 2535 1679 δ’
2573 1628 2836 1694 ένὰγσυσι
2869 1630 3126 1698 πονηροῖς
3175 1628 3268 1682 καὶ
3326 1627 3573 1697 χαίρουσι
3599 1625 3702 1687 τοῖς

2150 1719 2360 1780 κακοῖς,
2393 1717 2527 1786 πρὸς
2565 1719 2658 1770 τὸν
2711 1718 2949 1788 πόλεμον
2980 1721 3228 1789 πεισθῇς,
3283 1720 3374 1771 τὸν
3405 1720 3558 1771 ⁴πάντ’
3584 1717 3702 1784 ἐφο-

2154 1803 2334 1874 ρῶντα
2361 1805 2494 1858 Θεὸν
2525 1806 2618 1859 καὶ
2665 1809 2776 1869 τοῖς
2809 1811 3205 1880 πραττομένοις
3235 1813 3403 1864 πᾶσιν
3439 1810 3700 1877 ἐπάγοντα

2147 1896 2324 1965 δίκην,
2368 1896 2614 1968 δμνυμέν
2683 1915 2787 1952 σοι.
2819 1900 2893 1962 ὡς
2955 1901 2989 1970 ἡ
3049 1901 3368 1971 πεσούμεθα
3420 1903 3705 1972 μαχόμενοι

2149 1985 2372 2050 πάντες,
2409 1987 2440 2055 ἢ
2491 1989 2802 2058 ποιήσομεν
2837 1992 3149 2060 καταφανὲς
3193 1992 3376 2062 ἔργοις
3409 1994 3588 2054 αὐτοῖς
3635 1992 3703 2053 ώς

2146 2077 2345 2131 δίκαιοι
2382 2074 2527 2149 ἦμεν
2560 2082 2691 2148 περὶ
2715 2083 2940 2154 εἰρήνης
2976 2086 3377 2154 πρεσὸεύοντες
3427 2083 3700 2138 εἰσακούε-

2149 2169 2295 2223 σθαι.
2332 2170 2466 2222 Τότε
2511 2171 2620 2242 γὰρ
2655 2173 2818 2237 αὐτὸς
2870 2175 3230 2243 πρεσὸεύσεις
3263 2177 3400 2248 πρὸς
3425 2178 3588 2248 ἡμᾶς,
3623 2176 3702 2229 ὅτε

2147 2262 2196 2312 εἰ
2222 2262 2358 2331 μηδὲ
2385 2261 2482 2332 τὴν
2513 2262 2685 2333 ἀρχὴν
2741 2264 2940 2328 ἐκίνεις
2965 2265 3099 2337 πρὸς
3147 2270 3296 2337 ἡμᾶς
3331 2271 3421 2322 τὸν
3483 2270 3704 2338 πόλεμον

2151 2351 2363 2421 βέλτιον
2416 2357 2645 2423 κρινεῖς.
2671 2352 2792 2407 1Ἐτι
2826 2356 2884 2409 δὲ
2950 2360 3059 2430 μὴν
3092 2361 3217 2430 μήτ’
3259 2362 3472 2416 οῐκοθεν
3534 2360 3705 2422 αὐτὸς,

2153 2448 2291 2516 μήτε
2321 2447 2452 2518 παρ’
2487 2447 2692 2516 έτέρων
2718 2449 2933 2504 ἀκούων
2959 2453 3207 2523 πεισθῇς,
3241 2455 3372 2527 ὼςῆ
3406 2456 3593 2525 δώροις
3623 2454 3708 2505 καί

2151 2537 2566 2609 ὑποσχέσεσινῆ
2604 2541 2860 2610 ἐκπλήξει
2909 2560 2967 2596 τε
3001 2546 3096 2598 καὶ
3120 2545 3314 2616 δειλίᾳ,
3352 2547 3384 2617 ἡ
3415 2549 3583 2618 ἑτέρῳ
3609 2546 3709 2598 τινὶ

2149 2629 2397 2700 τρόπιρὴ
2430 2634 2680 2704 περινοίᾳ
2713 2634 2864 2698 τινὰς
2897 2637 3055 2706 ἡμῶν
3089 2641 3456 2706 παρασπάσαι
3497 2640 3589 2692 καὶ
3620 2637 3705 2690 τοῦ

2151 2721 2272 2774 νέου
2311 2721 2576 2791 βασιλέως
2611 2725 2925 2795 ἀποστῆσαι
2953 2727 3180 2800 δυνήσῃ.
3224 2731 3392 2785 Αὐτοὶ
3429 2733 3536 2803 γὰρ
3561 2733 3708 2802 ἡμεῖς

2151 2813 2291 2881 ἀρὰς
2327 2816 2654 2886 ἡρασάμεθα
2683 2818 2807 2870 καθ’
2849 2820 3055 2872 ἑαυτῶν
3082 2823 3179 2883 τὰς
3217 2823 3711 2894 παλαμναιοτὰτας,

2151 2900 2187 2976 ἦ
2229 2905 2336 2986 μὴν
2364 2909 2626 2977 ἐμμενεῖν
2669 2911 2782 2972 τοῖς
2823 2909 3243 2980 ὀμωμοσμένοις
3299 2915 3429 2986 ἄχρι
3471 2914 3714 2979 θανάτου,

2152 2997 2246 3048 καὶ
2265 2985 2360 3066 ’μὴ
2395 2997 2802 3068 ἀποστήσεσθαι
2836 2999 2931 3052 τοῦ
2957 3000 3077 3053 νέου
3104 3002 3376 3071 βασιλέω,
3400 3006 3432 3076 ἡ
3457 3005 3545 3058 τὸν
3568 3003 3716 3057 τοῦτο

2152 3087 2420 3159 δράσοντα
2453 3089 2735 3160 ἐνέχεσθαι
2782 3094 2903 3154 ταῖς
2932 3094 3116 3164 ἀραῖς.
3163 3095 3251 3158 Ὠς
3285 3099 3380 3152 οὖν
3424 3095 3563 3150 οὕτω
3588 3095 3715 3164 γνώ-

477 3182 841 3250 scripserunt,
878 3199 1106 3253 eamque
1151 3182 1556 3248 Calocbaaretse,
1587 3199 1749 3253 quem
1788 3183 2047 3247 diximus,

2159 3195 2267 3249 μης
2293 3179 2453 3250 ἡμῶν
2484 3181 2737 3248 ἑχόντων.
2769 3182 2864 3234 καὶ
2895 3183 3056 3236 αὐτόν
3100 3202 3160 3238 σε
3189 3188 3281 3240 καί
3317 3186 3599 3258 βούλεσθαι
3631 3181 3716 3234 καὶ

480 3272 801 3343 Byzantium
829 3272 1108 3328 ferendam
1141 3273 1509 3327 tradiderunt.
1551 3275 1629 3329 Eo
1657 3275 1837 3328 aulam
1872 3277 2046 3328 intro-

479 3377 689 3430 gresso,
719 3363 986 3417 tumultus
1020 3372 1071 3416 et
1118 3364 1325 3416 clamor
1347 3363 1612 3420 exsistere
1637 3364 1704 3420 ab
1723 3366 1917 3420 aulicis
1934 3381 2050 3419 om-

481 3454 644 3508 nibus
673 3455 1070 3524 :Palaaologum
1090 3465 1347 3524 nepotem
1367 3456 1590 3524 (iterum
1619 3455 1765 3511 enim
1790 3456 2051 3526 dedigna-

484 3546 682 3597 bantur
708 3543 1095 3612 imperatorem
1119 3543 1429 3611 nominare.)
1470 3559 1570 3612 per
1594 3543 1833 3612 legatum
1852 3542 1921 3596 ab
1949 3559 2050 3597 avo

483 3632 698 3687 veniam
745 3641 952 3701 petere,
1005 3649 1167 3702 quam
1210 3649 1317 3687 non
1360 3633 1432 3688 sit
1479 3642 1898 3696 consecuturus,
1940 3633 2051 3688 nisi

481 3733 657 3778 semet
674 3723 916 3778 vinctum
937 3723 1158 3790 sistens,
1181 3724 1245 3778 ad
1277 3725 1441 3788 pedes
1471 3738 1528 3777 se
1555 3724 1901 3785 imperatoris
1923 3740 2042 3794 pro-

479 3815 635 3884 jieiat
673 3835 685 3868 :
729 3815 858 3884 quin
905 3815 1068 3869 etiam
1110 3816 1216 3870 hoc
1251 3816 1414 3869 modo
1461 3814 1550 3869 vix
1595 3826 2047 3870 consecuturum.

484 3909 789 3977 Imperator
813 3921 976 3961 causa
1007 3907 1272 3976 strepitus
1302 3915 1584 3976 percepta,
1620 3907 1974 3962 turbantibus
1997 3916 2052 3963 et

485 4001 848 4055 rlamantibus
878 4000 1164 4056 silentium
1200 3999 1414 4055 indicit.
1435 3999 1574 4054 Tum
1609 4001 1800 4064 mittit,
1832 4001 1926 4072 qui
1951 4001 2052 4057 Ca-

483 4089 795 4145 locha-retae
820 4089 1114 4161 signiticet,
1161 4089 1422 4159 quoniam
1453 4090 1558 4144 sibi
1590 4091 1923 4146 necessariis
1958 4107 2055 4146 ne-

482 4185 648 4253 gotiis
677 4180 939 4253 impedito
975 4184 1147 4238 otium
1192 4183 1258 4238 ad
1285 4183 1706 4239 collocutionem
1752 4201 1860 4239 non
1904 4183 2054 4238 sutii-

481 4285 657 4337 ceret,
690 4274 828 4327 velle
855 4275 1070 4343 nepotis
1102 4274 1316 4328 litteras
1347 4273 1556 4328 videre.
1589 4274 1684 4329 llle
1736 4275 1872 4328 nulli
1905 4290 2052 4327 more

487 4367 675 4420 talium
721 4382 834 4429 eas,
877 4377 1244 4437 praeterquam
1283 4365 1387 4436 ipsi
1419 4365 1757 4435 imperatori,
1788 4365 2055 4435 quemad-

485 4458 708 4512 modum
747 4459 801 4513 in
842 4459 1111 4513 mandatis
1143 4458 1390 4523 haberet,
1425 4457 1482 4511 in
1514 4456 1770 4510 manibus
1804 4457 2055 4511 redditu-

487 4566 610 4604 rum
633 4550 822 4606 refert.

2157 3271 2423 3340 πράττειν
2456 3273 2524 3324 τὰ
2557 3273 2748 3325 δέοντα
2782 3275 3236 3346 παρακαλοῦμεν,
3275 3282 3376 3333 καὶ
3408 3280 3482 3349 μὴ
3504 3279 3618 3338 ταῖς
3647 3272 3714 3343 μὴ

2155 3362 2346 3426 οὔσαις
2377 3363 2650 3425 ὑπονοίαις
2707 3363 3118 3436 ἐξαπατηθέντα
3177 3371 3390 3441 πρᾶξαί
3443 3387 3496 3421 τι
3532 3369 3634 3421 τῶν
3665 3366 3716 3414 ὲν

2157 3452 2372 3521 ὑστέρῳ
2429 3452 2737 3522 μετάμελον
2777 3459 3265 3526 παρασχησόντων.
3300 3458 3539 3512 Τοιαῦτα
3596 3454 3720 3524 πρὸς

2158 3545 2380 3614 βασιλέα
2403 3546 2496 3597 τὸν
2525 3546 2904 3617 πρεσϐύτερον
2953 3549 3002 3601 οἰ
3035 3549 3132 3619 τῆς
3169 3553 3486 3624 συγκλήτου
3532 3549 3722 3604 πάντες

2157 3639 2252 3692 καὶ
2280 3640 2331 3691 οἰ
2386 3639 2485 3707 τῆς
2520 3643 2786 3709 στρατιᾶς
2836 3642 3107 3711 ἡγεμόνες
3141 3646 3443 3715 ἐγγράφως
3469 3644 3719 3708 διαπρεσ·

2158 3729 2511 3798 δευσάμενοι,
2548 3745 2669 3783 ειτα
2693 3731 2788 3782 καὶ
2822 3731 3174 3800 ύπογραφαῖς
3209 3733 3448 3796 οἰκείαις
3479 3729 3547 3782 ἵν’
3653 3740 3726 3774 πι-

2159 3823 2282 3876 στὸν
2305 3823 2805 3885 ὲπιόεὸαιώσαντες
2843 3823 2904 3876 τὺ
2947 3825 3207 3893 γράμμα,
3244 3826 3346 3878 καὶ
3397 3818 3726 3892 ἐγχειρίσαν-

2157 3931 2247 3978 τες
2304 3913 2383 3984 τῷ
2447 3914 2723 3984 εἰρημένῳ
2789 3914 3211 3984 Καλοχαιρέτῃ,
3282 3917 3598 3983 πέμπουσιν
3656 3905 3726 3963 εἰς

2159 4003 2451 4067 Βυζάντιον
2518 4006 2652 4072 πρὸς
2708 4003 2958 4073 βασιλέα.
3040 4004 3409 4073 Ἀφικομένου
3486 4000 3617 4070 πρὸς
3664 3991 3725 4044 τὰ

2161 4093 2407 4162 βασίλεια
2451 4091 2496 4144 δ’
2529 4092 2718 4154 αὐτοῦ,
2776 4091 2940 4163 θροῦς
3004 4093 3146 4162 ᾔρθη
3191 4097 3348 4163 παρὰ
3379 4094 3592 4146 πάντων
3638 4079 3726 4134 καὶ

2161 4186 2259 4254 βοὴ
2308 4183 2631 4252 συμμιγὴς,
2681 4185 2755 4246 ὼς
2826 4183 3191 4251 Παλαιολόγος
3244 4189 3274 4239 ὁ
3329 4183 3424 4237 τοῦ
3471 4175 3724 4248 βασιλέως

2159 4276 2380 4342 ἔγγονος
2443 4275 2524 4341 (οὐ
2596 4273 2705 4342 γὰρ
2779 4273 2965 4343 ἠξίουν
3043 4274 3199 4338 αὖθις
3269 4275 3434 4328 αὑτὸν
3512 4263 3725 4339 βασιλέα

2161 4366 2391 4434 καλεῖν),
2448 4366 2582 4436 πρὸς
2645 4365 2868 4434 βασιλέα
2934 4366 3158 4436 πέμψας
3221 4365 3540 4436 πρεσϐείαν,
3602 4371 3727 4420 συγ

2161 4459 2391 4527 γνώμης
2451 4458 2623 4511 δεῖται
2660 4461 2885 4527 τυχεῖν·
2941 4458 3058 4511 ἀλλ’
3089 4460 3190 4511 οὐκ
3239 4460 3304 4513 ἂν
3344 4457 3521 4526 τύχοι,
3571 4449 3618 4502 εί
3659 4442 3727 4514 μὴ

2086 4551 2132 4607 D
2157 4552 2315 4613 αὐτὸς
2353 4551 2545 4603 ἑαυτὸν
2571 4549 2862 4616 ἀποδείξας
2890 4550 3196 4622 δεσμώτην,
3239 4554 3378 4624 πρὸς
3417 4549 3546 4608 τοὺς
3574 4539 3731 4596 πόδας

485 4644 662 4714 ῥίψειε
705 4645 1009 4715 βασιλέως·
1045 4643 1185 4722 οὔκω
1233 4643 1342 4713 γὰρ
1375 4643 1444 4697 ἂν
1495 4641 1646 4712 μόλις
1702 4645 1908 4714 τυχεῖν.
1974 4645 2033 4701 Ὀ
2084 4645 2336 4720 βασιλεὺς
2390 4645 2473 4716 δ⁹ἡ
2516 4663 2602 4708 τις
2647 4639 2714 4716 ἦν
2773 4645 2807 4715 ή
2848 4647 2998 4698 αἰτία
3078 4647 3383 4715 πυθόμενος
3427 4642 3520 4697 τοῦ
3585 4633 3733 4702 θορῦ⁴

486 4738 605 4802 6ου,
640 4740 751 4800 τοῖς
802 4739 901 4807 μὲν
971 4737 1233 4798 ἀτάκτοις
1307 4736 1403 4790 καὶ
1462 4738 1791 4807 κεκραγὸσιν
1846 4739 2110 4794 ἐπέταττε
2171 4741 2351 4811 σιγᾷν.
2390 4740 2480 4810 Τῷ
2507 4741 2562 4794 δὲ
2619 4741 2996 4812 Καλυχαιρέτη
3058 4743 3276 4814 μηνύει,
3320 4743 3396 4803 ώς
3428 4730 3732 4803 ἀναγκαίων

486 4828 649 4879 τινῶν
706 4831 841 4899 πέρι
903 4830 1288 4901 ἀσχολουμένῳ
1322 4829 1445 4882 ἐπεὶ
1475 4831 1549 4900 μή
1597 4831 1794 4899 καιρὸν
1828 4830 1969 4886 εἶναι
2005 4836 2286 4903 συντυχεῖν
2309 4835 2482 4904 αὐτῷ,
2514 4834 2583 4886 τά
2609 4833 2704 4886 τοῦ
2737 4835 2962 4902 έγγὸνου
3029 4838 3336 4906 γράμματα
3395 4823 3730 4887 ἀποστεῖλαι-

499 4921 558 4974 '0
593 4921 638 4973 6’
684 4921 1041 4992 ἀπεκρίνατο,
1109 4923 1282 4992 ἑτέρῳ
1335 4923 1525 4992 μηδενὶ
1571 4925 1638 4978 ἂν
1678 4925 1745 4978 τὰ
1802 4929 2109 4998 γράμματα
2149 4928 2455 4997 ἐγχειρίσαι
2513 4927 2563 4977 εἰ
2626 4926 2702 4996 μή
2753 4925 2905 4996 αὐτῷ
2971 4927 3190 4998 βασιλεῖ
3228 4945 3242 4958 ο
3276 4927 3422 4981 οὕτω
3455 4921 3562 4990 γὰρ
3598 4908 3733 4964 εἶναι

487 5019 964 5085 προστεταγμένον
993 5015 1168 5083 αὐτῷ.

1891 5149 2115 5206 CAPUT
2145 5148 2340 5205 XXVI.

488 5241 636 5298 cha
682 5242 969 5296 Andronici
1012 5243 1244 5313 junioris
1285 5253 1454 5298 mater
1501 5243 1870 5298 Thessalonica
1919 5244 2241 5315 Byzantium
2276 5244 2484 5314 captiva
2535 5247 2837 5301 adducitur.
2883 5234 3270 5303 Calochwretes
3320 5241 3517 5301 seniori
3562 5239 3733 5302 ραεεηι

1461 5316 1789 5368 vehementer
1819 5325 1976 5385 atque
2009 5317 2166 5370 etiam
2206 5317 2515 5386 suppliciter
2551 5317 2761 5372 suadet.
3667 5385 3691 5398 _

561 5401 665 5456 Per
702 5401 756 5456 id
791 5411 1006 5472 tempus
1033 5403 1330 5473 imperator
1369 5405 1423 5460 in
1451 5421 1570 5460 eam
1605 5421 1791 5460 curam
1819 5415 1876 5459 et
1920 5405 2047 5475 cogit

2261 5407 2576 5477 Ἦσχολεῖτο
2617 5407 2664 5461 δ’
2708 5411 2736 5461 ὁ
2784 5407 3037 5479 βασιλεὺς
3093 5408 3216 5462 κατ’
3268 5407 3450 5464 έκεῖνο
3506 5407 3733 5461 καιρ⁰υ’

494 5494 754 5547 tationem
794 5495 1163 5562 incumbebat,
1196 5507 1255 5551 ut
1287 5498 1456 5552 tilium
1501 5499 1924 5554 Constantinum
1958 5499 2047 5552 de-

2175 5501 2324 5564 ὅπως
2357 5501 2448 5554 τὸν
2506 5501 2609 5571 μὲν
2666 5503 2780 5556 υἰδν
2838 5502 3008 5556 αὑτοῦ
3061 5502 3476 5558 Κωνσταντῑνον
3515 5489 3604 5541 τὸν
3656 5479 3732 5530 δε·

491 5597 702 5656 spetam
724 5586 957 5643 navibus
983 5589 1160 5656 longis
1182 5591 1233 5643 in
1257 5590 1610 5645 Occidentem
1643 5592 1902 5656 mitteret,
1926 5605 2047 5660 prae

2181 5594 2388 5663 σπότην
2417 5595 2668 5665 τριήρεσι
2698 5598 2936 5666 μακραῖς
2982 5596 3119 5666 πρὸς
3175 5598 3416 5663 ἑσπέραν
3465 5571 3733 5660 ἐκπέμψη·

498 5687 670 5730 torem
698 5677 1126 5742 Thessalonica,
1160 5681 1610 5750 reliquarumque
1642 5680 1886 5745 urbium,
1919 5690 1976 5735 et
2007 5693 2047 5733 u'

2169 5683 2580 5755 Θεσσαλονίκης
2611 5687 2707 5739 καὶ
2738 5687 2846 5738 τῶν
2881 5688 3057 5740 ἄλλων
3089 5689 3366 5755 ἑσπερίων
3397 5677 3600 5732 πόλεων
3628 5667 3738 5716 ἐπι-

495 5768 540 5821 is
591 5768 1002 5837 itnperatriccm
1045 5770 1329 5826 Michaelis
1377 5772 1723 5840 imperatoris
1750 5773 2040 5842 coniugem

2167 5776 2559 5846 τροπεύσοντα,
2581 5777 2838 5830 Βασιλίδα
2864 5779 2944 5845 δὲ,
2973 5781 3072 5849 τήν
3097 5781 3328 5850 Μιχαὴλ
3359 5773 3457 5844 μὲν
3485 5758 3738 5850 170539"

490 5859 718 5915 minoris
753 5859 1053 5917 Andronici
1100 5875 1326 5918 matrem
1373 5863 1764 5919 Thessalonica
1800 5865 2047 5920 Constan

2170 5869 2303 5930 λέως
2358 5869 2628 5939 γαμετὴν,
2681 5846 3126 5940 Ἀνδρονίκου-δὲ
3179 5846 3287 5924 ea
3337 5863 3455 5918 νέου
3511 5846 3733 5923 μητέρα,
