4028 6432
315 368 416 431 ξιοι

1488 370 2038 432 HISTORIARUM
2080 371 2313 431 LIBER
2358 370 2402 432 I.

3492 375 3600 439 902

317 490 533 543 ἐκεῖθεν
567 489 645 551 εἰς
698 487 989 553 Βυζάντιον
1046 485 1305 558 ἀναγάγῃ
1333 502 1344 516 ³
1380 487 1408 538 ὃ
1455 487 1520 558 δὴ
1559 491 1652 543 καὶ
1680 493 1901 556 γεγονὸς

2014 488 2283 558 ιίιιοροιιιι
2317 489 2429 558 (79)
2493 487 2866 544 reducendum
2921 501 3165 547 curaret.
3210 492 3328 560 Qua
3385 510 3442 549 re
3501 512 3599 564 pri

318 582 461 634 κατὰ
513 583 573 632 τδ
607 579 892 648 ἐπίταγμα
929 578 1218 648 βασιλέως,
1248 578 1522 650 ἐλύπησεν
1568 581 1630 633 ού
1661 579 1900 650 μετρίως

318 673 408 726 τὶν
436 672 551 724 υίδν
600 670 771 738 αὐτῆς
811 670 1156 741 Ἀνδρόνικον
1215 671 1309 723 τὸν
1362 671 1592 741 βασιλέα
1644 671 1736 742 βίᾳ
1797 671 1899 738 τὴν

323 767 538 835 μητέρα
575 762 937 816 ἑλκυσθείσαν
994 762 1294 833 ἀκηκοότα.
1339 764 1427 824 Ὠς
1459 762 1567 833 γὰρ
1615 764 1646 830 ή
1689 761 1901 832 βασιλὶς

322 859 418 929 τὴν
451 857 632 909 αἰτίαν
667 855 900 908 ἐπύθετο
924 855 992 908 δι’
1025 856 1090 926 ἢν
1116 856 1144 906 ὁ
1169 855 1436 925 δεσπότης
1468 857 1690 921 ἀφῖκτο,
1734 856 1831 906 καὶ
1868 855 1901 923 ἡ

324 946 490 1016 κυρία
521 949 704 1016 παρῆν
743 947 800 997 ὲν
927 946 1066 1014 πρὸς
1123 946 1215 1000 τὸν
1241 945 1412 998 πλοῦν
1445 946 1555 998 ἔδει
1592 943 1899 1011 καλεῖσθαι,

323 1035 644 1090 εἰσελθοῦσα
672 1036 732 1089 τὸ
763 1035 908 1107 ἱερὸν
939 1037 1033 1089 καὶ
1083 1040 1151 1108 τῇ
1209 1039 1309 1107 τῆς
1363 1038 1710 1109 Θεομήτορος
1732 1039 1902 1091 εἰκόνι

325 1128 639 1198 προσφῦσα,
675 1129 788 1182 οὐδ’
817 1129 885 1184 ἃν
915 1129 1042 1182 εἴτι
1090 1131 1301 1198 γένοιτο
1331 1130 1590 1201 μεθήσειν
1633 1130 1896 1199 ἔφασκεν.

333 1225 394 1275 ’0
426 1223 692 1292 δεσπότης
715 1222 772 1277 δὲ
804 1221 998 1285 ἐλθὼν,
1034 1223 1231 1293 πρῶτα
1276 1224 1377 1292 μὲν
1405 1224 1585 1292 λόγοις
1625 1225 1900 1295 ἐπεχείρει

326 1318 535 1370 πείθειν
572 1333 585 1346 ·
628 1316 702 1378 ὡς
748 1315 794 1370 δ’
833 1316 935 1368 οὐκ
965 1315 1208 1380 ἔπειθεν,
1243 1315 1496 1379 ἐϐιάζετο
1543 1320 1640 1370 καὶ
1686 1318 1901 1388 χερσίν.

336 1411 426 1477 Ὡς
462 1410 509 1464 δ’
555 1410 682 1480 ήνυε
710 1409 805 1463 καὶ
842 1408 1016 1473 οὕτως
1066 1410 1242 1475 οὐδὲν,
1291 1411 1369 1479 τῷ
1412 1411 1636 1482 μεγάλῳ
1670 1413 1902 1481 παππία

328 1502 701 1572 Παλαιολόγῳ,
737 1501 830 1554 καὶ
887 1502 966 1570 τῷ
998 1503 1493 1573 πρωταλλαγάτορι
1533 1505 1901 1576 Σεναχηρεὶμ,

327 1596 418 1647 καὶ
465 1594 686 1664 Ἰωάννῃ
721 1593 927 1662 Ζαρίδῃ
959 1593 1049 1647 τὸν
1081 1594 1358 1664 ἑλκυσμόν
1385 1595 1656 1661 ἐπέτρεπε
1684 1597 1781 1664 τῆς
1807 1595 1907 1665 βα-

329 1686 547 1747 σιλίδος.
582 1685 646 1739 Οἳ
695 1686 757 1757 δὴ
791 1685 886 1738 καὶ
922 1686 1013 1757 βίᾳ
1065 1689 1166 1756 τῆς
1209 1687 1418 1750 εἰκόνος
1454 1687 1903 1750 ἀποσπάσαντες,

326 1781 404 1843 εἰς
426 1779 699 1833 θάλασσάν
717 1795 775 1832 τε
809 1774 1222 1847 καταγαγόντες
1251 1779 1562 1850 ἑπέτρεψαν
1579 1781 1690 1842 τοῖς
1712 1796 1905 1848 τριηρ-

325 1873 516 1942 ἁρχαις
567 1871 945 1942 ἀχθησομένην
994 1873 1069 1935 ὡς
1123 1863 1373 1942 βασιλέα.
1413 1871 1621 1924 Ἐδόκει
1674 1872 1774 1941 μὲν
1804 1868 1901 1925 οὖν

325 1963 406 2032 τῷ
463 1963 564 2032 τῆς
614 1962 883 2033 βασιλίδος
942 1963 1044 2034 υἱῷ
1073 1963 1286 2034 βασιλεῖ
1341 1962 1420 2034 τῷ
1467 1964 1572 2032 νέῳ
1615 1965 1711 2016 καὶ
1744 1963 1904 2016 τοῦτο

325 2055 502 2109 δεινὸν
529 2056 592 2108 τὸ
640 2057 736 2110 καὶ
764 2057 927 2110 αὑτὸν
961 2057 1231 2127 δεσπότην
1275 2059 1434 2128 χεῖρα
1470 2054 1654 2126 βιαίαν
1679 2059 1904 2124 ἐπενεγ-

324 2151 444 2203 κεῖν
469 2151 534 2219 τῇ
574 2149 738 2220 μητρί
763 2161 777 2175 ⁶
815 2151 866 2202 εί
921 2149 1030 2218 γὰρ
1061 2151 1158 2203 καὶ
1197 2149 1431 2218 ἀδελφοῦ
1491 2148 1905 2219 γαμετὴλὰλλὰ

321 2242 402 2312 τῷ
442 2241 706 2313 βασιλικῷ
740 2243 896 2313 νόμῳ
927 2244 1022 2296 καὶ
1069 2245 1325 2305 δεσπότις
1379 2238 1449 2314 ἦν
1483 2242 1674 2295 αὑτοῦ.
1737 2243 1811 2294 Τὸ
1847 2242 1904 2294 δὲ

324 2336 422 2388 καὶ
452 2334 658 2404 ἑτέροις
718 2335 1012 2405 ἐπιτρέψαι
1067 2336 1128 2388 τὸ
1159 2335 1341 2404 ἔργον,
1374 2335 1590 2398 οὐδενὸς
1642 2333 1902 2404 ἐνομίσθη

322 2428 577 2496 δεύτερον
606 2429 685 2492 είς
735 2427 949 2498 ὕϐρεως
991 2429 1327 2499 ὑπερϐολήν.
1374 2428 1540 2482 Ἀλλὰ
1590 2428 1768 2482 ταῦτα
1803 2428 1904 2498 μὲν

327 2523 576 2592 ὕστερον.
629 2519 896 2585 Βασιλεὺς
927 2521 973 2575 δ’
1007 2525 1035 2574 ὁ
1093 2521 1467 2591 πρεσϐύτερος
1494 2520 1569 2584 ὡς
1608 2520 1902 2591 ἀπηλλάγη

329 2620 441 2671 τῶν
481 2617 610 2687 περὶ
643 2616 742 2684 τῆς
775 2617 1016 2686 ἑσπέρας
1062 2615 1382 2684 φροντίδων,
1433 2616 1524 2668 τὸν
1563 2614 1904 2684 Καλοχαιρέ-

327 2721 424 2780 τήν
458 2709 981 2780 μεταπεμψάμενος,
1029 2709 1214 2779 ἐζήτει
1239 2725 1298 2759 τε
1342 2706 1410 2760 τὰ
1461 2707 1776 2778 γράμματα
1808 2705 1902 2758 τοῦ

334 2804 576 2869 ὲγγόνου,
595 2803 690 2856 καὶ
721 2803 840 2855 εῑτι
872 2801 960 2854 διὰ
995 2802 1264 2871 στόματος
1293 2801 1408 2871 ἔχει
1436 2799 1621 2869 λέγειν
1648 2799 1904 2854 ἐκέλευεν
1933 2823 1944 2839 ε

344 2896 714 2964 ἀπαγγέλλειν.
761 2895 819 2949 Ὀ
849 2895 893 2948 δ’
923 2894 1078 2964 ἔλεγε
1109 2896 1247 2965 μήτε
1286 2895 1600 2966 γράμματα
1643 2897 1783 2966 μήτε
1810 2895 1902 2947 λό-

350 3005 468 3055 γους
493 2989 580 3042 τοῦ
633 2989 754 3042 νέου
797 2989 1063 3060 βασιλέως
1117 2988 1389 3058 κομίζειν,
1421 2989 1558 3041 ἀλλὰ
1595 2989 1707 3042 τῶν
1752 2986 1902 3058 αύτῷ

2010 579 2293 634 desiderio
2321 581 2471 635 senis
2501 581 2913 649 administrata,
2960 584 3313 640 Andronicus
3366 586 3598 642 miriﬁce

2009 670 2252 725 indoluit
2285 687 2298 724 :
2325 671 2529 741 quippe
2555 672 2652 740 qui
2685 683 2977 741 parentem
3010 692 3168 730 suam
3193 676 3361 732 fuisse
3393 676 3446 730 vi
3472 677 3598 731 abs-

2009 772 2241 817 tractam
2275 763 2543 818 audierat.
2565 764 2700 820 Nam
2727 779 3018 837 perspecto
3045 784 3152 838 qua
3171 770 3344 839 gratia
3370 770 3595 840 despota

2006 855 2272 918 venisset,
2303 866 2359 911 et
2387 860 3126 929 prasente]aunprzestituto
3153 861 3392 932 die,quo
3415 864 3597 916 navim

2005 949 2376 1003 conscendere
2418 949 2690 1014 deberet,
2727 952 2792 1005 ad
2843 954 3108 1022 templum
3155 955 3500 1026 confugiens,
3546 964 3603 1009 et

2008 1039 2252 1110 Deipam
2281 1040 2578 1096 simulacro
2603 1041 2778 1098 all‘usa
2813 1043 2947 1114 (80),
2978 1045 3021 1098 si
3056 1045 3188 1114 quid
3220 1045 3287 1100 de
3324 1063 3383 1100 se
3417 1045 3596 1107 ﬁeret,

2007 1148 2116 1186 non
2151 1132 2206 1186 id
2233 1133 2589 1188 dimissurum
2617 1135 2921 1190 asserebat.
2959 1136 3277 1208 Atdespota
3304 1139 3596 1204 accedens,

2005 1226 2246 1295 primum
2297 1227 2460 1281 bonis
2488 1227 2676 1282 verbis
2709 1237 2768 1282 ut
2813 1228 3065 1284 discedat
3098 1229 3318 1285 eﬂicere
3361 1230 3597 1294 nititur;

2009 1315 2103 1369 ubi
2157 1315 2365 1371 frustra
2417 1315 2542 1379 fuit,
2573 1333 2772 1372 manus
2824 1320 2878 1372 in
2929 1335 3050 1374 eam
3093 1321 3367 1377 violentas
3401 1322 3598 1394 injicit.

2009 1403 2148 1459 Cum
2178 1406 2260 1460 sic
2291 1422 2511 1474 quoque
2543 1416 2728 1462 actum
2768 1421 2974 1480 ageret,
3014 1429 3211 1483 magno
3247 1416 3459 1486 pappiae
3502 1417 3602 1474 Pa-

2006 1497 2235 1581 laaologo
2278 1498 2424 1570 (8|),
2461 1493 2881 1572 protallagatori
2915 1505 3027 1574 (82)
3061 1505 3460 1564 Sennacherim
3492 1551 3506 1575 ,
3546 1521 3602 1565 et

2005 1588 2203 1645 Joanni
2245 1591 2458 1646 Zaridaa
2488 1595 2774 1664 negotium
2809 1596 2922 1652 dat.
2945 1598 3028 1653 Illi
3072 1615 3170 1668 per
3226 1601 3338 1656 vim
3387 1606 3601 1659 abstra-

2009 1693 2152 1739 ctam
2183 1684 2249 1738 ad
2286 1684 2443 1740 littus
2479 1686 2797 1752 deducunt,
2829 1688 3149 1746 trierarchis
3195 1693 3261 1746 ad
3308 1693 3604 1764 imperato-

2009 1793 2126 1834 rem
2189 1779 2591 1848 deportandam
2623 1785 2883 1836 credunt.
2937 1781 3121 1839 Visum
3168 1785 3274 1842 hoc
3311 1788 3478 1842 etiam
3508 1788 3600 1858 ju-

2008 1871 2152 1924 niori
2189 1871 2510 1941 imperatori
2566 1874 2805 1930 immane
2839 1876 3076 1944 facinus,
3113 1880 3396 1949 despntam
3421 1882 3601 1951 ipsum

2007 1978 2205 2018 manus
2258 1965 2510 2021 attulisse
2550 1969 2714 2023 matri
2772 1985 2906 2034 suae,
2961 1971 3254 2044 eidemque
3291 1977 3449 2030 uxori
3495 1977 3606 2031 fra-

2009 2059 2110 2113 tris
2141 2059 2283 2126 ejus,
2318 2072 2374 2115 et
2406 2061 2678 2131 imperiali
2729 2063 2850 2132 lege
2899 2064 3066 2119 etiam
3103 2066 3344 2123 dominae
3402 2071 3610 2140 ipsius.

1997 2151 2166 2218 Quod
2207 2163 2394 2208 autem
2443 2155 2567 2208 aliis
2621 2156 2850 2225 insuper
2885 2157 3231 2214 avellendam
3287 2163 3600 2228 commisis-

2007 2248 2113 2302 set,
2159 2240 2210 2294 id
2238 2256 2371 2296 vero
2428 2242 2590 2312 longe
2623 2244 3184 2303 contumeliosissime
3220 2248 3426 2304 factum
3466 2265 3601 2305 ceu~

2007 2329 2138 2383 suit.
2186 2327 2293 2384 Sed
2353 2329 2422 2384 de
2465 2331 2548 2385 bis
2591 2341 2806 2401 postea.
2844 2332 3176 2390 Perfunctus
3225 2337 3604 2393 sollicitudine

2005 2421 2118 2490 82
2148 2421 2216 2476 de
2255 2421 2559 2478 Occidente
2611 2425 2827 2492 senior,
2869 2425 3291 2484 Calochazreten
3345 2433 3601 2497 accersit,

2007 2516 2228 2584 nepotis
2276 2515 2501 2571 litteras
2536 2517 2794 2587 requirit,
2837 2519 2882 2574 si
2919 2519 3052 2590 quid
3093 2536 3280 2576 coram
3309 2525 3466 2587 velit,
3518 2525 3602 2578 lo-

2007 2606 2217 2676 quendi
2246 2608 2462 2676 copiam
2490 2608 2604 2663 dat.
2641 2610 2740 2665 Ille
2769 2626 2828 2665 se
2865 2629 2971 2668 nec
3005 2614 3243 2679 litteras,
3287 2631 3392 2670 nec
3435 2618 3601 2671 verba

2006 2700 2226 2770 nepotis
2273 2700 2493 2765 afferre,
2548 2702 2644 2757 sed
2681 2706 2937 2775 quicum
2972 2723 3040 2764 eo
3088 2718 3276 2764 essent
3333 2711 3603 2765 nobilium

2007 2807 2071 2848 ac
2101 2793 2307 2848 ducum
2365 2797 2667 2878 exercitus.
2717 2796 2838 2864 Quo
2871 2799 3289 2856 dictolibellum
3324 2805 3600 2873 porrexit.

2007 2886 2087 2940 Eo
2115 2886 2381 2956 perlecto,
2415 2887 2656 2958 visisque
2681 2889 3177 2960 suscriptionibus,
3225 2895 3320 2949 lsti
3353 2935 3367 2958 ,
3397 2896 3604 2966 inquit,

2008 2978 2186 3045 minas
2213 2977 2346 3032 mihi
2380 2990 2703 3048 proponunt
2730 2997 2828 3050 pro
2859 2982 3131 3038 arbitratu
3159 3001 3174 3048 ;
3209 2995 3265 3039 at
3290 3001 3392 3056 ego
3427 2986 3604 3055 Ipsos,

345 3083 591 3134 συνόντων
619 3081 1010 3151 συγκλητικῶν
1035 3082 1129 3133 καὶ
1154 3081 1262 3134 τῶν
1287 3081 1466 3135 ἄλλων
1491 3081 1778 3151 ἡγεμόνων
1799 3080 1905 3156 τῆς

2010 3070 2053 3125 si
2085 3070 2220 3141 quid
2258 3071 2616 3138 tentaverint,
2675 3089 2869 3142 plenas
2906 3077 3300 3132 acerbissimas
3347 3074 3605 3147 persolu-

336 3175 606 3244 στρατιᾶς.
644 3172 918 3226 Ἐπεδίδου
946 3171 1002 3225 δὲ
1039 3171 1156 3242 ἅμα
1189 3173 1284 3224 καὶ
1317 3171 1378 3224 τὸ
1405 3171 1637 3241 βιϐλίον.
1665 3171 1902 3223 Διελθὼν

2011 3172 2170 3218 turos
2203 3163 2316 3222 aio.
2367 3161 2508 3228 luto,
2547 3166 2794 3219 occurrit
2821 3164 3244 3234 Calocha'retes,
3285 3170 3464 3226 minas
3492 3186 3604 3226 non

329 3267 385 3320 δὲ
415 3269 442 3319 ό
475 3265 730 3335 βασιλεὺς
778 3267 848 3318 τὰ
884 3266 1340 3336 ἐγγεγραμμένα,
1383 3267 1480 3319 καὶ
1513 3264 1632 3335 ἅμα
1664 3265 1758 3318 καὶ
1807 3263 1905 3327 τὰς

2010 3266 2342 3328 proponunt,
2377 3256 2474 3311 sed
2518 3257 2759 3328 primum
2813 3269 3049 3330 rogant;
3079 3261 3124 3315 si
3155 3261 3414 3330 precibus
3463 3262 3602 3316 nihil

331 3357 658 3426 ὗπογραφὰς
719 3356 863 3424 ίδὼν,
917 3356 1146 3411 Ἐκεῖνοι
1205 3357 1327 3423 μὲν,
1379 3351 1534 3411 εἶπεν
1589 3355 1905 3410 ἀπειλοῦσιν

2011 3354 2405 3418 obtinuerint,
2433 3363 2800 3409 consecutura
2831 3355 3181 3410 denuntiant.
3223 3356 3380 3424 Quod
3417 3359 3485 3413 ad
3513 3373 3602 3413 me

329 3452 456 3520 ἐμοὶ
512 3450 614 3503 ὅσα
673 3450 736 3520 δὴ
770 3449 1051 3520 βούλονται
1100 3467 1114 3480 ·
1140 3448 1265 3518 ,ἐγὼ
1304 3449 1372 3513 δ’,
1405 3449 1522 3503 ἀνθ’
1551 3443 1628 3502 ὧν
1670 3447 1905 3517 τολμῶσι

2013 3449 2236 3510 attinet,
2275 3462 2377 3516 ego
2429 3464 2654 3518 quoque
2701 3447 2912 3502 hortari
2959 3457 3013 3503 te
3069 3451 3447 3521 obtestarique
3491 3469 3601 3506 non

324 3541 484 3604 δίκας
524 3542 756 3606 τίσουσι,
786 3542 952 3610 φημὶ,
991 3541 1090 3605 τὰς
1124 3541 1384 3610 ἐσχάτας.
1413 3541 1528 3594 Ούκ
1556 3538 1904 3604 ἀπειλοῦσιν,

329 3631 507 3698 εἶπεν,
556 3627 600 3686 ὦ
646 3632 893 3704 βασιλεῦ,
928 3635 956 3686 ὁ
1004 3633 1439 3703 Καλοχαιρὲτης,
1497 3631 1638 3686 ἀλλὰ.
1690 3631 1898 3683 δέονται

331 3724 571 3794 πρῶτον.
611 3724 707 3777 ’Ἂν
729 3724 778 3776 δ’
807 3723 893 3792 ἐφ’
915 3721 997 3786 οἷς
1029 3725 1335 3778 ἱκετεύουσι
1368 3727 1443 3796 μὴ
1476 3727 1900 3790 είσακούωνται,

329 3819 399 3870 τὰ
441 3817 699 3887 μέλλοντα
729 3817 1111 3888 συμϐήσεσθαι
1163 3819 1594 3886 ἀπαγγέλλουσι.
1629 3818 1741 3872 Καὶ
1794 3816 1904 3886 ἐγὼ

331 3908 388 3962 δὲ
415 3908 577 3990 abso;
619 3911 714 3961 καὶ
742 3907 936 3978 δέομαί
966 3926 1059 3961 σου
1103 3910 1196 3962 καὶ
1228 3910 1606 3980 συμϐουλεύω,
1637 3911 1903 3979 κράτιστε

333 4001 577 4071 βασιλεύ,
641 4003 714 4071 μὴ
754 4002 1021 4071 περιιδεῖν
1064 4003 1246 4056 αὐτῶν
1295 4004 1397 4074 τήν
1452 4004 1734 4070 ἱκετείαν,
1787 4001 1904 4055 ἀλλ’

334 4095 683 4150 ἀσπάσασθαι
713 4095 811 4166 τὴν
849 4096 1098 4167 εἰρήνην,
1131 4096 1192 4150 οὐ
1227 4096 1391 4166 μόνον
1417 4097 1493 4165 τῷ
1529 4095 1759 4166 ὑπηκόῳ
1805 4095 1899 4147 λυ-

2016 3539 2236 3604 dubito,
2305 3539 2611 3608 imperator
2669 3540 2900 3609 optime,
2955 3540 3032 3594 uti
3076 3556 3267 3595 eorum
3327 3544 3604 3612 supplica-

2009 3633 2213 3688 tionem
2258 3648 2328 3687 ne
2369 3633 2658 3702 despicias,
2690 3649 2991 3704 pacemque
3040 3635 3256 3704 populis
3289 3652 3398 3690 non
3441 3638 3605 3691 modo

2013 3725 2144 3788 tuis,
2187 3740 2381 3780 verum
2418 3725 2636 3780 tibimet
2694 3725 2869 3779 nihilo
2916 3726 3100 3780 minus
3147 3727 3514 3795 profuturam.
3548 3737 3604 3780 ct

2011 3833 2214 3872 nomen
2236 3829 2390 3871 tuum
2412 3817 2555 3886 apud
2574 3832 2766 3871 omnes
2784 3833 2814 3870 a
2833 3817 3103 3872 dedecore
3156 3826 3212 3871 et
3239 3818 3461 3872 infamia
3491 3812 3607 3888 plu-

2015 3910 2217 3963 rimum
2254 3909 2608 3964 defensuram
2641 3910 2820 3965 obviis
2860 3909 3007 3964 ulnis
3057 3910 3328 3980 excipias.
3384 3909 3599 3965 Etenim

2016 3999 2106 4052 ubi
2136 4015 2310 4068 nepos
2338 4009 2389 4053 te
2434 3999 2659 4055 deserto
2698 4000 3100 4069 Adrianopolin
3134 4003 3305 4066 venit,
3335 4015 3462 4071 pars
3493 4000 3600 4053 hu-

2011 4092 2104 4161 jus
2131 4091 2459 4172 defectionis
2485 4109 2682 4149 causas
2709 4093 2764 4148 in
2793 4093 2970 4158 illum,
3006 4109 3134 4164 pars
3168 4095 3222 4149 in
3251 4103 3302 4150 te
3342 4094 3600 4149 confere-

1581 4231 1801 4296 Jacobi
1833 4231 2103 4294 Pontani
2142 4237 2332 4296 notae.

405 4360 514 4430 (79)
539 4359 690 4415 Xena
716 4359 1032 4423 vocabatur,
1056 4374 1184 4429 rege
1205 4358 1596 4414 Armeniorum
1621 4366 1906 4430 prognata,

339 4433 425 4502 pia
464 4432 679 4492 mulier,
714 4430 810 4485 sed
837 4430 1206 4502 ambitiosior,
1239 4442 1294 4483 et
1325 4445 1446 4500 qua!
1484 4446 1714 4502 regnare
1741 4443 1911 4502 cupe-

338 4499 440 4560 ret.
472 4511 530 4554 ut
558 4502 862 4554 audiemus.
901 4502 972 4554 De
1010 4501 1111 4554 hac
1145 4511 1326 4553 autem
1349 4499 1356 4500 7
1380 4515 1437 4554 re
1477 4499 1750 4569 Gregoras
1781 4501 1864 4554 sic
1894 4515 1908 4551 :

342 4572 524 4624 Postea
558 4577 770 4641 ilespota
806 4571 1186 4626 Constantinus
1235 4573 1418 4623 statim
1467 4573 1609 4624 mari
1639 4569 1915 4624 Thessalo-

339 4645 512 4694 nicam
583 4643 834 4710 mittitur,
893 4652 947 4694 ut
1007 4641 1376 4694 Macedoniam
1437 4643 1805 4710 gubernaret,
1865 4650 1916 4692 et

338 4711 538 4764 Xenam
587 4712 816 4780 junioris
882 4712 1221 4781 imperatoris
1270 4723 1528 4781 imalrem
1597 4711 1914 4780 Byzantium

341 4785 586 4850 mittent.
635 4781 702 4836 Et
753 4782 894 4836 infra
931 4780 1238 4835 {Craterum
1265 4780 1692 4836 Thessalonicam
1737 4781 1916 4850 profe-

341 4862 472 4914 ctus,
495 4849 692 4904 Xeuam
730 4868 847 4904 cum
877 4852 1115 4906 omnibus
1159 4854 1414 4905 ministris
1457 4849 1912 4921 comprehensam,

343 4923 486 4993 nulla
516 4923 773 4993 modestia
809 4923 1009 4975 triremi
1038 4923 1361 4987 impositam,
1391 4923 1712 4993 Byzantium
1744 4923 1909 4993 misit.

342 4991 457 5055 Quo
485 5007 603 5044 cum
635 4990 731 5046 illa
761 4993 928 5046 invita
949 4993 1292 5060 pervenisset,
1333 4994 1390 5047 in
1432 4990 1686 5046 orientali
1715 4991 1912 5062 palatii

339 5071 488 5131 parte
520 5063 932 5116 custodiebatur.

407 5131 520 5202 (30)
545 5131 1246 5203 Ilpoozpﬁoa,_adltwrescens
1265 5134 1334 5198 ei,
1359 5135 1648 5203 complexa
1671 5140 1911 5203 statuam

338 5201 515 5256 Mariae
546 5201 800 5270 Virginis.
855 5201 1015 5258 Subit
1062 5211 1300 5257 mentem
1339 5203 1471 5257 illud
1489 5201 1568 5258 ‘es
1605 5218 1642 5258 ll
1694 5201 1908 5255 zEneid.

338 5274 402 5353 de
432 5271 653 5353 llecuba
687 5281 742 5325 et
770 5272 1008 5337 ﬁliabus,
1043 5284 1203 5329 nocte
1250 5273 1342 5327 illa
1377 5288 1633 5344 suprema
1662 5285 1719 5326 et
1746 5272 1908 5327 fune-

335 5354 572 5396 strssrma
614 5361 626 5398 ζ

402 5475 624 5532 idibus
655 5477 711 5529 in
741 5477 926 5549 mediis
978 5477 1218 5549 nudoque
1246 5479 1341 5532 sub
1369 5479 1578 5549 (etheris
1602 5492 1704 5530 σεε

406 5549 597 5618 Ingens
628 5563 726 5600 ara
760 5546 881 5616 fuit,
895 5546 1160 5617 juxtaque
1197 5551 1479 5602 veterrima
1516 5548 1723 5611 laurus,

405 5618 717 5690 Inicumbens
747 5632 878 5680 arte,
909 5627 1066 5686 atque
1100 5625 1286 5672 umbra
1318 5619 1592 5690 complexa
1623 5624 1862 5690 penates.

404 5687 504 5760 ῌὶε
533 5687 765 5760 Hecuba,
789 5696 840 5740 et
870 5699 1011 5742 nata:
1037 5690 1394 5760 nequidquam
1417 5687 1864 5760 altariaeircum,

407 5757 869 5827 l’rrrcipites’atra
907 5774 998 5810 ceu
1031 5757 1338 5826 tempestate
1375 5759 1652 5822 columbae,

407 5828 718 5892 Condensaz,
735 5837 784 5880 et
797 5829 979 5881 divum
996 5829 1255 5900 aniptexte
1269 5831 1554 5885 simulacra
1574 5828 1839 5883 tenebant.

655 5925 927 6007 Ρλτιιοι..
954 5926 1064 5984 Gn.
1105 5923 1304 5983 CLIII.

2017 4355 2193 4432 Aliter
2217 4355 2422 4410 ethnici
2455 4355 2561 4410 hoc
2580 4355 2877 4421 faciebant,
2907 4358 3303 4432 utralamitate
3328 4360 3380 4414 in
3402 4376 3596 4432 magna

2019 4428 2250 4480 deorum
2292 4441 2522 4500 suorum
2568 4435 2781 4500 statuas
2825 4428 3248 4498 supplicabundi
3301 4428 3599 4500 ampleéte-

2020 4507 2257 4570 rentur;
2309 4497 2471 4551 aliter
2521 4513 2622 4570 nos
2683 4498 2827 4570 idem
2877 4497 3196 4554 Sanctorum
3245 4497 3597 4570 imaginibus,

2023 4567 2218 4642 signis,
2256 4570 2473 4642 statuis,
2512 4568 2760 4642 reliquiis
2791 4569 3025 4642 facimus
3076 4587 3202 4623 cum
3237 4570 3304 4624 ad
3348 4567 3412 4626 ea
3453 4567 3598 4642 genu

2023 4636 2335 4714 ﬂectimus.
2395 4639 2508 4714 ipsa
2578 4636 2989 4714 amplectimur,
3055 4649 3112 4693 et
3163 4636 3597 4714 exosculamur;

2020 4709 2165 4760 sicut
2201 4709 2303 4760 alia
2341 4709 2509 4761 multa
2533 4723 2881 4770 exercemus.
2909 4711 2954 4766 si
2988 4727 3095 4765 non
3126 4712 3236 4764 alio
3268 4712 3452 4779 modo,
3489 4709 3598 4769 alio

2017 4788 2170 4850 certe
2208 4780 2338 4832 line.
2371 4795 2436 4830 at:
2467 4779 2752 4850 religione,
2779 4787 2943 4848 quam
2993 4783 3093 4850 ipsi
3139 4782 3459 4837 factitarunt
3488 4803 3503 4838 :
3541 4787 3596 4840 in

2018 4848 2220 4918 quibus
2248 4850 2444 4918 frustra
2475 4851 2542 4901 ab
2575 4849 2963 4918 insipientibus
3013 4848 3074 4905 et
3124 4853 3360 4908 indoctis
3393 4867 3597 4910 morta-

2017 4916 2162 4988 libus
2192 4933 2291 4988 pro
2322 4917 2629 4972 idololatria
2666 4916 3143 4988 reprehemlimur.

2089 4986 2380 5064 (8l_)’.Vere
2432 4986 2771 5064 l’alzeolpgus
2821 4991 2928 5045 fuit
2961 5003 3208 5064 paterna
3255 4994 3506 5064 origine,
3535 5006 3599 5051 ut

2015 5056 2252 5125 liquebit
2302 5073 2528 5138 es_cap.
2582 5057 2674 5113 ὅθ.
2733 5063 2804 5114 At
2851 5056 3596 5138 AndronicusPal‘aeologus

2014 5129 2495 5202 protovestiarius,
2542 5138 2602 5183 ut
2649 5145 2717 5183 ex
2751 5145 2874 5202 cap.
2921 5133 2990 5186 45
3016 5135 3314 5200 constabit,
3357 5129 3590 5192 matrimi

2014 5199 2209 5252 habuit
2264 5201 2500 5263 Annam,
2544 5215 2790 5254 sororem
2820 5199 3085 5257 'senioris
3137 5199 3436 5261 Andrbnici
3491 5207 3591 5261 I’a—

2013 5267 2250 5338 laeologi,
2271 5337 2275 5338 ν
2298 5278 2510 5337 patrem
2557 5285 2689 5323 vero
2739 5271 3061 5329 Michaele-n
3093 5290 3124 5330 e
3154 5275 3454 5331 Thessaliae
3487 5277 3594 5332 du-

2012 5337 2207 5418 cibusi
2245 5337 2384 5404 Ergo
2420 5339 2846 5418 honorisergo,
2892 5347 3020 5414 quia
3079 5355 3391 5418 maternum
3420 5360 3595 5418 genus

2012 5408 2141 5460 inde
2175 5408 2425 5474 duceret,
2459 5410 2564 5463 hoc
2596 5411 2675 5464 illi
2710 5408 3156 5475 nomen'datum.
3189 5415 3332 5470 sicut
3371 5408 3593 5470 feminis

2010 5478 2371 5555 quibusdam,
2405 5492 2471 5555 ut
2490 5481 2767 5555 Engenia:_
2783 5481 3118 5555 P_al:POIug:B,
3147 5496 3207 5540 et
3227 5485 3385 5540 matri
3412 5485 3588 5554 ipsius

2007 5547 2374 5621 Cautacuseni
2411 5547 2715 5621 Thegdora:
2743 5547 3075 5621 Palaeolngas.

2081 5618 2195 5688 (82)
2235 5618 2686 5695 ῌεηξιιιεῇιὶσ
2713 5618 3286 5695 πρωταὶ.ογάτωρ,ι]υι
3311 5635 3433 5679 erat
3453 5639 3591 5694 prte-

2009 5687 2189 5763 fectus
2223 5690 2406 5763 alogii,
2431 5687 2529 5763 sed
2561 5693 2652 5745 hic
2682 5687 2869 5763 noster
2896 5687 3225 5750 constanter
3249 5687 3586 5763 ubique-ba-

2004 5757 2098 5814 bet
2139 5757 2662 5835 πρωτςὶλλαγάτωρ,
2694 5761 2798 5835 qui
2829 5765 3012 5835 nullus
3037 5765 3180 5819 alius
3208 5773 3312 5830 est,
3344 5757 3508 5835 quam
3543 5772 3594 5819 is

2002 5844 2166 5898 quem
2192 5829 2354 5887 hodie
2387 5829 2641 5888 vocamus
2669 5833 2888 5902 ge‘uérat
2921 5835 3009 5888 des
3047 5845 3238 5901 postes.

3187 5933 3228 5988 7
