4028 6460
281 463 381 529 209

1477 463 2025 536 HISTORIARUM
2072 466 2306 536 LIBER
2351 476 2393 538 ί.

3443 475 3551 549 210

281 579 558 650 διατρίψας
624 578 837 652 ἡμέρας
893 581 1066 647 τινὰς,
1114 581 1350 648 ἐξελθὼν
1404 579 1564 649 αὖθις
1624 586 1740 656 ἅμα
1784 589 1852 658 τῇ
1895 589 2152 658 στρατιᾷ,
2223 588 2468 657 ἀπῆλθεν
2538 591 2617 652 εἰς
2671 590 3005 663 Σηλυϐρίαν.
3051 593 3144 666 Μὴ
3182 593 3556 666 προσδεξαμέ-

282 675 462 731 νωνδέ
507 675 616 727 τῶν
655 675 1064 746 Σηλυϐριανῶν,
1121 679 1382 752 φρούριόν
1425 697 1480 733 τι
1537 681 1854 754 Σηλυϐρίας
1930 684 2124 752 ἐγγυς,
2172 684 2420 749 Σάκκους
2497 684 2926 757 ὀνομαζόμενον,
2983 690 3094 743 τῶν
3150 694 3558 746 κατοικούντων

282 768 536 841 γεωργῶν
569 771 946 842 παραδόντων,
984 779 1239 844 κατέσχε.
1301 775 1574 846 Στρατιάν
1636 777 1694 831 δὲ
1730 779 1914 832 ἐκεῖσε
1954 778 2278 834 καταλιπὼν
2311 779 2454 833 ὥστε
2492 778 2558 832 τὰ
2609 780 3005 850 Σηλυϐριανῶν
3043 783 3416 857 ἐπεκδρομαῐς
3453 802 3600 860 καοι

285 866 425 932 κοῦν,
467 869 546 930 είς
576 866 873 932 Βυζάντιον
897 870 1224 942 ἐπανῆλθεν.
1267 871 1551 927 Ἐκάκωσε
1606 873 1662 928 δὲ
1704 874 2114 948 Σηλυϐριανοὺς
2176 879 2204 930 δ
2237 878 2304 931 ἐκ
2367 876 2478 931 τῶν
2549 879 2778 932 Σάκκων
2811 879 3052 950 πόλεμος
3103 883 3159 944 ἐς
3189 882 3257 934 τὰ
3285 881 3555 947 μάλιστα,

287 958 561 1032 λαθραίαις
593 978 652 1014 τε
711 963 806 1016 καὶ
842 965 1107 1033 φανεραῖς
1162 965 1396 1034 ἐφόδοις.
1439 967 1550 1020 Καὶ
1593 968 1622 1020 ὁ
1679 969 1890 1039 χειμὼν
1934 969 1994 1023 ἐν
2058 968 2274 1034 τούτοις
2311 970 2570 1026 ἐτελεύτα
2613 974 2876 1044 πέμπτης
2919 974 3276 1040 ίνδικτιῶνος.
3312 978 3474 1046 "Apri.
3503 976 3561 1030 δέ

284 1059 427 1129 ἔαρος
475 1058 778 1128 ἀρχομένου
843 1060 970 1130 περὶ
1009 1059 1109 1122 τὰς
1163 1048 1344 1130 ἀρχὰξ
1407 1057 1652 1129 Μαρτίου
1737 1062 1927 1130 μηνδς,
1973 1063 2283 1134 γράμματα
2312 1065 2464 1136 ποιρά
2494 1064 2590 1120 τοῦ
2624 1071 2746 1120 νέου
2783 1067 3100 1136 πέμπονται
3128 1067 3395 1138 βασιλέως
3420 1069 3562 1142 πρὸς

286 1152 372 1212 τὰς
425 1150 520 1205 ὑπ’
555 1151 717 1205 αὐτὸν
773 1151 1048 1223 ἐπαρχίας
1102 1151 1403 1230 κελεύοντα
1454 1158 1556 1224 τὴν
1621 1154 1885 1222 στρατιὰν
1927 1157 2007 1218 είς
2041 1156 2424 1229 Διδυμότειχον
2474 1159 2604 1231 ἀχρι
2638 1160 3140 1230 πεντεκαιδέκάτης
3198 1160 3368 1215 αὑτοῦ
3406 1180 3553 1234 παρ-

286 1245 431 1296 εῖναι.
469 1243 578 1296 Καὶ
616 1243 816 1309 πάντες
850 1246 907 1299 ἐν
1002 1243 1257 1317 παρῆσαν
1318 1245 1705 1318 ἐπετάχθησαν
1751 1249 1957 1321 ἡμέρᾳ.

1654 1361 1886 1418 CAPUT
1924 1362 2166 1421 XXVIII.

286 1453 584 1509 Sollicitudo
616 1453 905 1509 Andronici
939 1454 1182 1536 minoris.
1212 1454 1720 1536 .Mugni_t-lom_estici
1750 1465 1800 1510 et
1831 1460 2018 1512 matris
2047 1461 2160 1536 ejus
2192 1462 2248 1514 in
2289 1465 2528 1536 eumdem
2573 1464 2918 1532 beneﬁcentia
2946 1467 3209 1536 praeclara
3240 1468 3456 1522 omnino
3509 1476 3562 1522 ct

1042 1525 1361 1596 singularis.
1395 1527 1655 1598 Ejusdem
1689 1537 1951 1582 malronw
1983 1525 2216 1600 prudens
2266 1543 2312 1584 et
2351 1535 2541 1603 festiva
2568 1525 2764 1588 oratio.

357 1644 602 1716 Ἀπορῶν
654 1643 710 1698 δὲ
737 1645 1039 1715 χρημάτων
1071 1639 1152 1706 οἷς
1185 1645 1252 1699 ἂν
1288 1646 1654 1716 θεραπεύσειε
1680 1646 1741 1700 τὺ
1768 1663 1855 1716 μι-

2031 1646 2170 1702 Cum
2195 1650 2529 1706 deficeretur
2555 1663 2783 1723 argento
2826 1654 3128 1723 imperator
3183 1627 3296 1724 quo
3353 1655 3564 1710 condu—

289 1741 601 1809 σθοφορικὸν
630 1739 657 1790 ό
690 1736 942 1806 βασιλεὺς
973 1737 1065 1800 (τά
1117 1739 1228 1808 γὰρ
1282 1737 1534 1806 δημόσια,
1555 1740 1655 1792 οὐκ
1681 1738 1860 1810 ἐπρά-

285 1833 502 1902 χθησαν,
536 1829 652 1900 ἄμα
693 1829 793 1898 μὲν
823 1829 911 1883 διά
949 1831 1048 1901 τὴν
1072 1831 1137 1883 ἐκ
1169 1831 1264 1885 τοῦ
1296 1830 1544 1902 πολέμου
1579 1832 1853 1902 ταραχὴν,

285 1926 396 1994 ἅμα
443 1921 488 1976 δ’
515 1923 597 1976 ὅτι.
625 1921 719 1974 καὶ
747 1923 800 1974 οί
818 1925 1090 1996 γεωργοὶ,
1125 1922 1184 1988 ἐξ
1237 1916 1314 1977 ὧν
1348 1924 1588 1994 μάλιστα
1623 1925 1670 1977 oi
1702 1923 1863 1996 φόροι

283 2017 627 2087 πράττονται,
682 2015 792 2069 τῶν
818 1994 982 2070 ἶδίων
1036 2018 1348 2088 ἀνέστησαν
1387 2018 1616 2087 κωμῶν,
1652 2017 1763 2071 τῶν
1800 2035 1862 2070 τε

284 2109 430 2181 παρά
457 2108 554 2163 τοῦ
582 2108 958 2180 πρεσόυτὲρου
989 2109 1259 2179 βασιλέως
1293 2112 1648 2183 στρατιωτῶν
1677 2111 1864 2182 ληϊζο-

283 2190 476 2268 μένων,
531 2204 626 2256 καὶ
677 2202 786 2256 τῶν
819 2203 973 2274 παρά
1027 2203 1123 2257 τοῦ
1161 2203 1286 2257 νέου
1319 2205 1458 2276 πρὸς
1490 2205 1742 2278 φυλακὴν
1773 2207 1866 2260 ἐκ·

282 2295 646 2364 πεμπομένων
667 2295 913 2364 ἀγόντων
935 2295 1003 2349 τά
1026 2296 1206 2350 αὐτῶν
1227 2297 1322 2350 καὶ
1353 2296 1631 2367 φερόντων
1648 2298 1866 2351 πλεονε-

284 2387 370 2458 ξία
401 2391 788 2460 στρατιωτικῇ,
824 2393 921 2443 καὶ
942 2391 1096 2445 οὐδὲν
1124 2391 1349 2461 ἄμεινον
1379 2392 1730 2446 διατιθέντων
1755 2393 1865 2446 τῶν

280 2479 596 2548 πολεμίων),
627 2482 822 2551 ἠνιᾶτο
877 2482 974 2535 καὶ
1001 2483 1360 2554 κατετρίϐετο
1405 2485 1708 2552 φροντίσιν,
1742 2484 1866 2538 ὅθεν

279 2571 345 2624 ἂν
377 2572 700 2642 εὐπορήσειε
731 2572 1037 2645 χρημάτων
1060 2575 1306 2632 σκοπῶν.
1350 2576 1524 2646 Ὁρῶν
1555 2577 1614 2628 δὲ
1643 2577 1807 2631 αὐτὸν
1837 2577 1866 2629 δ

284 2666 455 2733 μέγας
478 2664 797 2732 δομέστικος
832 2665 1081 2731 σύννουν,
1139 2666 1239 2737 τὴν
1273 2668 1332 2722 δὲ
1385 2669 1569 2723 αἰτίαν
1625 2671 1862 2738 ἀγνοῶν,

280 2757 440 2826 ἤρετο
464 2757 580 2811 ἀνθ’
606 2757 742 2811 ὅπου
773 2757 1070 2827 φροντίζοι.
1100 2758 1208 2812 Τοῦ
1243 2759 1301 2812 δέ
1340 2761 1440 2832 τὴν
1484 2762 1727 2832 ἀπορίαν
1759 2763 1867 2818 τῶν

288 2849 577 2917 χρημάτων
599 2851 869 2915 εἰπόντος,
901 2850 988 2903 διὰ
1017 2850 1078 2902 τὸ
1107 2851 1183 2921 μὴ
1208 2851 1277 2905 τά
1296 2852 1534 2923 δημόσια
1561 2854 1869 2924 είσπεπρᾶ·

295 2939 430 3008 χθαι,
458 2943 548 2993 καὶ
575 2943 678 3012 τὴν
725 2942 807 3005 είς
838 2942 936 3014 τὴν
993 2945 1261 3015 στρατιὰν
1324 2946 1708 3016 ἀπαραίτητον
1751 2947 1864 2999 τῶν

299 3030 640 3098 ἀναλωμάτων
669 3033 884 3102 χρείαν,
932 3032 1072 3088 Ἀλλ’
1098 3035 1300 3105 ἔγωγε,
1352 3040 1381 3091 ὁ
1419 3038 1592 3109 μέγας
1617 3039 1865 3108 δομέστι-

292 3137 379 3185 ita;
397 3118 534 3185 εἷπε,
571 3125 668 3196 τὴν
698 3126 959 3197 τοιαύτην
1012 3130 1255 3199 ἀπορίαν
1287 3132 1398 3184 τῶν
1433 3133 1736 3202 χρημάτων
1773 3151 1865 3188 σα-

285 3216 394 3282 φῶς
440 3218 616 3281 είδὼς,
643 3219 757 3289 ἅμα
785 3221 864 3291 τῷ
894 3223 952 3275 σέ
981 3222 1048 3275 τὰ
1078 3219 1389 3295 γράμματα
1417 3225 1860 3296 ἐκπεπομφέναι,

279 3308 630 3379 ἁθροίζεοθαι
663 3313 958 3368 κελεύοντα
1005 3317 1106 3384 τὴν
1156 3319 1441 3388 στρατιὰν,
1483 3319 1582 3373 καὶ
1603 3320 1865 3391 χρήματα

276 3402 341 3454 ἐκ
394 3402 506 3455 τῶν
557 3405 705 3459 ἰδίων
755 3410 1208 3479 συνεπορισάμην
1243 3411 1553 3479 ἀρκέσοντα
1589 3415 1728 3484 πρὸς
1765 3413 1866 3486 τὴν

273 3492 500 3562 χρείανο
533 3495 627 3548 καὶ
656 3495 810 3551 οὐδέν
841 3499 990 3552 ἐστιν
1030 3500 1210 3554 ἐνδέον
1242 3501 1344 3566 ἔτι,
1381 3503 1414 3576 ἢ
1449 3503 1560 3557 τῶν
1592 3521 1865 3575 στρατιω-

272 3588 384 3640 τῶν
415 3589 646 3644 έκιστον
700 3591 794 3646 τὸν
851 3592 1300 3664 ἀποτεταγμένον
1333 3597 1574 3667 ἀριθμὸν
1631 3599 1733 3670 τῆς
1776 3617 1866 3669 μισ

276 3680 550 3752 σθοφορᾶς
579 3684 873 3756 ἐρχόμενον
903 3685 1225 3757 λαμϐάνειν.
1263 3690 1327 3743 Ὃ
1350 3689 1414 3762 δὴ
1446 3690 1542 3744 καὶ
1572 3693 1868 3763 γενήσεται

273 3773 358 3834 εἰς
393 3773 651 3845 δευτέραν
685 3775 719 3845 ἢ
768 3777 864 3829 καὶ
918 3777 1112 3848 τρίτην
1173 3779 1412 3849 ἡμέραν,
1447 3784 1544 3834 καὶ
1577 3781 1771 3836 τούτου
1805 3801 1869 3853 γε

275 3865 442 3917 ἕνεκα
472 3866 724 3936 φρόντιζε
778 3868 966 3940 μηδέν.
1013 3870 1073 3923 '0
1109 3870 1365 3940 βασιλεὺς
1391 3874 1470 3938 δὲ,
1508 3875 1620 3945 Τῆς
1655 3875 1756 3946 μὲν
1789 3877 1872 3941 είς

282 3959 386 4025 ἐμέ
415 3975 537 4022 σου,
581 3960 824 4030 εἴρηκεν,
861 3960 1084 4035 ἀγάπης
1118 3965 1304 4028 ἕνεκα,
1357 3967 1512 4020 οὐδὲν
1543 3968 1649 4040 χρὴ
1689 3969 1870 4040 λέγειν

281 4051 385 4102 ὅσα
441 4069 522 4113 τις
592 4053 654 4104 ἂν
714 4054 856 4107 εἴποι
909 4055 1130 4108 πάντων
1189 4054 1498 4111 ἐλαττόνων
1566 4061 1868 4131 ἐσομένων.

285 4144 632 4213 Δυσχεραίνω
657 4143 700 4196 δ’
723 4146 782 4205 ού
801 4147 1038 4217 μετρίως
1066 4148 1160 4199 καὶ
1184 4148 1320 4218 πρὸς
1350 4149 1531 4215 τοῦτο,
1550 4151 1738 4205 ὅσατε
1761 4151 1872 4206 τῶν

283 4237 432 4291 ἰδίων
459 4237 520 4301 ἐξ
548 4240 668 4292 ὅτου
700 4241 836 4308 πρὸς
887 4240 1334 4310 Ἀδριανούπολιν
1362 4241 1626 4313 ἤλθομεν,
1665 4243 1746 4306 εἰς
1768 4245 1870 4308 τὰς

1966 1734 2188 1790 ctitium
2216 1738 2446 1793 militem
2488 1740 2870 1796 demereretur
2920 1743 3245 1813 (pensiones
3277 1744 3428 1800 enim
3463 1761 3567 1816 pn-

1971 1826 2132 1882 blicae
2172 1839 2380 1885 exactze
2414 1849 2525 1889 non
2559 1845 2743 1898 erant,
2785 1838 2984 1906 partim
3023 1847 3256 1907 propter
3293 1842 3568 1897 tumultus

1969 1914 2222 1986 bellicos,
2252 1924 2451 1992 partim
2503 1926 2633 1995 quia
2685 1936 2740 1981 et
2769 1928 3094 1998 agrestium,
3142 1929 3236 1996 qui
3263 1929 3568 1999 plurimum

1966 2013 2210 2082 pendere
2235 2027 2667 2083 consueverunt,
2691 2019 2781 2073 alii
2805 2020 2921 2074 suis
2955 2019 3182 2075 sedibus
3213 2022 3379 2090 pulsi.
3414 2023 3505 2077 aiii
3541 2039 3568 2077 a

1967 2107 2236 2163 militibus
2267 2110 2506 2164 senioris
2531 2111 2734 2181 direpti
2767 2121 2926 2167 erant
2965 2129 2979 2166 :
3024 2120 3082 2168 et
3113 2129 3254 2183 quos
3285 2114 3479 2182 junior
3501 2117 3567 2170 ad

1966 2201 2272 2256 custodiam
2313 2202 2542 2257 miserat
2570 2243 2585 2267 ,
2616 2205 2842 2258 militari
2874 2205 3108 2261 avaritia
3136 2221 3226 2261 res
3257 2222 3452 2262 eorum
3487 2209 3568 2263 fe-

1967 2293 2171 2349 rebant
2222 2290 2570 2366 agebantque
2603 2295 2739 2368 (89),
2772 2311 2802 2350 a
2836 2296 3042 2367 quibus
3096 2297 3274 2359 nihilo
3347 2299 3568 2361 mitius,

1966 2401 2131 2455 quam
2161 2387 2231 2442 ab
2261 2388 2512 2442 hostibus
2535 2389 3272 2457 tractabantur),mmrorem
3291 2391 3569 2462 capiebat,

1968 2486 2024 2530 et
2068 2477 2444 2532 sollicitudine
2499 2479 2865 2539 exedebatur,
2915 2479 3377 2550 circumspiciens
3421 2481 3569 2538 unde

1969 2581 2253 2640 sumptum
2314 2573 2756 2628 nancisceretur.
2839 2573 3292 2629 Meditabundum
3355 2590 3421 2631 ac
3473 2577 3570 2631 tri-

1971 2673 2111 2718 stem
2146 2665 2369 2718 intuens
2423 2680 2653 2736 magnus
2711 2666 3074 2732 domesticus,
3138 2674 3196 2722 et
3242 2682 3425 2723 causa:
3472 2684 3571 2724 ne-

1970 2757 2142 2821 scius,
2179 2755 2314 2826 quid
2351 2771 2478 2811 eum
2530 2767 2693 2829 angat
2743 2759 3082 2815 sciscitatur.
3131 2760 3319 2831 lnopia
3398 2775 3569 2831 pecu-

1973 2851 2103 2913 niae,
2140 2850 2344 2919 inquit,
2381 2859 2677 2920 prepterea
2703 2850 2850 2920 quod
2884 2851 3176 2923 vectigalia
3228 2861 3419 2906 coacta
3457 2849 3576 2906 non'

1973 2949 2122 3006 sunt,
2160 2950 2217 2996 et
2267 2957 2433 3010 quam
2471 2941 2762 3011 deprecari
2809 2959 2919 2997 non
2972 2944 3125 3008 licet,
3160 2943 3568 3012 stipendiorum

1971 3032 2462 3103 persolvendorum
2508 3036 2833 3091 necessitas.
2858 3035 3024 3106 Atqui
3057 3050 3160 3105 ego
3197 3035 3426 3106 (excipit
3453 3051 3572 3089 ma-

1967 3124 2238 3194 gnu386
2260 3125 2627 3195 domesticus)
2659 3125 2827 3195 hujus
2858 3124 3057 3195 inopiae.
3079 3125 3251 3196 probe
3279 3125 3565 3188 conscius,

1969 3216 2138 3271 simul
2169 3233 2234 3271 ac
2264 3217 2480 3272 litteras
2515 3217 2584 3270 ad
2616 3218 2962 3271 evocandum
2999 3217 3307 3271 exercitum
3339 3215 3567 3282 misisti,

1973 3308 2265 3379 pecuniam
2296 3309 2664 3362 necessariam
2707 3306 2775 3363 de
2809 3309 2949 3363 meis
2987 3304 3306 3376 comparavi
3337 3304 3475 3376 (90),
3511 3314 3569 3360 et

1970 3401 2209 3472 amplius
2246 3389 2381 3454 nihil
2424 3418 2564 3470 opus
2609 3411 2714 3461 est,
2748 3416 2912 3470 quam
2954 3409 3015 3455 ut
3054 3401 3215 3456 miles
3258 3400 3565 3470 unusquis-

1971 3508 2079 3562 que
2123 3493 2332 3556 veniat,
2389 3491 2841 3560 destinatamque
2891 3479 3211 3547 mercedem
3272 3491 3474 3546 tollat:
3509 3491 3566 3544 id

1970 3587 2119 3656 quod
2175 3586 2258 3639 vel
2310 3601 2454 3650 cras,
2499 3585 2582 3641 vel
2623 3585 2890 3655 perendie
2945 3585 3064 3640 lieri
3113 3585 3339 3654 poterit.
3383 3583 3568 3651 Quare

1972 3681 2079 3736 hac
2131 3681 2200 3736 de
2258 3697 2426 3737 causa
2468 3697 2536 3737 ne
2566 3689 2619 3737 te
2653 3684 2963 3738 excrucies.
3021 3681 3163 3737 Tum
3196 3682 3500 3752 imperator
3541 3697 3557 3734 :

1972 3775 2116 3843 Quid
2145 3775 2365 3830 tandem
2389 3775 2522 3832 satis
2548 3775 2618 3830 de
2651 3786 2746 3830 tuo
2782 3775 2837 3829 in
2876 3790 2963 3829 me
2993 3788 3184 3830 amore
3201 3772 3314 3829 dici
3343 3773 3571 3844 potest!

1973 3869 2141 3939 IEgre
2177 3880 2360 3924 autem
2393 3869 2525 3923 mihi
2553 3877 2639 3923 est
2664 3867 2821 3922 valde
2866 3867 2938 3922 ob
2975 3866 3082 3922 hoc
3123 3881 3366 3937 quoque,
3416 3864 3565 3936 quod

1975 3973 2242 4034 quantum
2277 3963 2344 4018 de
2375 3962 2733 4016 facultatibus
2766 3961 2876 4014 tuis
2911 3959 3043 4014 inde
3072 3957 3142 4014 ab
3186 3959 3432 4014 adventu
3467 3973 3568 4013 no-

1977 4067 2092 4110 stro
2131 4053 2529 4122 Adrianopolin
2569 4052 2638 4106 ad
2676 4067 3032 4106 conlmunem
3067 4066 3229 4106 usum
3274 4049 3568 4120 impende-

1976 4148 2075 4207 ris,
2109 4156 2163 4201 et
2196 4162 2334 4215 quas
2358 4161 2504 4199 nunc
2530 4145 2824 4214 impendes
2866 4145 3068 4200 multas
3109 4157 3414 4199 aureorum
3450 4158 3568 4215 my-

1977 4241 2181 4296 riadas.
2224 4241 2540 4294 considero.
2573 4239 2787 4292 Idcirco
2852 4251 2963 4291 non
3023 4250 3186 4291 secus
3232 4249 3398 4306 quam
3447 4233 3563 4304 ipsa

282 4333 469 4396 κοινὰς
498 4333 687 4404 χρείας
741 4335 1122 4422 ἐξανάλωσας,
1155 4335 1399 4403 σκοπῶν,
1431 4339 1525 4390 κοιλ⁸
1552 4337 1589 4392 ἃ
1626 4337 1722 4392 νῦν
1778 4339 1860 4405 ἐξ-

1983 4336 2232 4407 pecuniae
2289 4334 2611 4394 dillicultas,
2680 4331 2874 4400 pungit
2932 4344 2997 4386 ac
3029 4329 3257 4385 vellicat
3315 4326 3564 4382 animum

283 4428 584 4492 αναλώσεις
633 4429 732 4482 οὐκ
772 4415 969 4500 όλίγας
1029 4431 1266 4502 ἐσόμενα
1305 4430 1531 4503 χρυσίου
1587 4432 1877 4502 μυριάδας,

284 4524 359 4586 ὡς
385 4525 480 4576 καὶ
507 4524 668 4588 αὐτὸς
702 4520 821 4578 οἶδα
866 4525 1071 4593 σαφῶς.
1113 4526 1206 4579 Διὸ
1239 4527 1336 4580 καὶ
1379 4526 1481 4598 τῆς
1508 4528 1742 4598 ἀπορίας
1775 4529 1872 4600 οὐχ

278 4611 453 4686 ἧσσον
483 4617 588 4670 τῶν
625 4617 946 4689 χρημάτων,
982 4621 1043 4673 τὸ
1078 4621 1136 4672 ἐν
1189 4619 1469 4682 τοσούτοις
1503 4636 1563 4672 σε
1622 4623 1872 4690 χρήμασι

251 4707 613 4774 ’ζημιοῦσθαι
649 4709 985 4764 καθικνεῖταί
1019 4729 1121 4780 μου
1151 4711 1250 4781 τῆς
1287 4710 1486 4781 ψυχῆς.
1521 4712 1777 4782 Παροῡσα
1801 4715 1858 4767 δέ

282 4802 474 4863 αὐτοῖς
519 4801 924 4871 διαλεγομένοις
955 4804 1050 4857 καὶ
1077 4805 1109 4874 ἡ
1138 4803 1236 4856 τοῦ
1270 4805 1511 4872 μεγάλου
1541 4806 1868 4875 δομεστίκου

278 4895 472 4964 μήτηρ
519 4895 551 4965 ἡ
608 4895 999 4962 Παλαιολογίνα
1028 4896 1305 4967 Θεοδώρα,
1374 4898 1518 4951 Ἀλλ’
1556 4899 1755 4967 ἔγωγε,
1792 4895 1872 4952 εἴ·

280 5001 410 5050 πεν,
443 4987 503 5037 οὗ
534 4986 737 5054 ζημίαν
775 4988 993 5058 ἥγημαι
1032 4990 1092 5042 τὸ
1118 4989 1434 5044 ἀναλίσκειν
1467 4995 1524 5043 ἐν
1553 4994 1666 5055 τοῖς
1691 4992 1871 5045 τοιού-

279 5090 427 5136 τοις.
483 5075 623 5129 ἀλλά
676 5079 894 5131 πάντων
929 5077 1138 5147 κερδῶν
1167 5078 1622 5132 λυσιτελέστατόν
1656 5095 1716 5130 τε
1752 5077 1872 5147 ἅμα

282 5166 385 5220 καὶ
414 5168 884 5239 σωφρονέστατον.
919 5170 981 5222 Εἰ
1027 5170 1138 5240 γὰρ
1171 5170 1371 5242 λύτρον
1403 5171 1586 5242 ψυχῆς
1619 5170 1811 5240 ἀνδρὸς
1840 5171 1870 5222 ὁ

1981 4445 2190 4493 meum,
2254 4438 2306 4482 te
2352 4434 2563 4479 tantum
2595 4425 2674 4478 rei
2712 4422 3038 4476 nummariae
3063 4418 3421 4491 dispendium
3444 4431 3564 4472 mea

1981 4538 2145 4588 causa
2187 4519 2421 4591 perpeti.
2465 4518 2602 4572 Huic
2649 4516 2924 4586 colloquio
2968 4514 3263 4570 Theodora
3304 4511 3568 4568 Palaeolo-

1974 4615 2122 4684 gina,
2157 4612 2338 4681 magni
2390 4609 2677 4665 domestici
2733 4617 2931 4674 mater,
2962 4621 3208 4678 praesens
3268 4606 3558 4668 intererat,

1978 4723 2102 4776 qua:
2147 4707 2228 4760 sic
2260 4719 2386 4759 orsa
2434 4712 2557 4757 est:
2593 4701 2865 4772 Equidem
2918 4715 3020 4771 ego
3054 4698 3258 4754 talibus
3299 4697 3351 4752 in
3395 4698 3565 4750 rebus

1972 4809 2247 4868 siimptum
2337 4795 2660 4866 impendere
2718 4797 2934 4850 nullum
2982 4792 3364 4862 dispendium,
3448 4789 3562 4844 imo

1971 4908 2104 4948 vero
2158 4890 2407 4946 omnium
2462 4895 2774 4957 quaestuum
2819 4885 3359 4956 qu'estuosissimum
3389 4889 3561 4950 atque

1973 4977 2468 5050 prudentissimum
2517 4974 2740 5045 judico.
2787 4973 2841 5028 Si
2877 4971 3028 5026 enim
3069 4971 3310 5041 pretium
3343 4970 3564 5024 redem-
3612 5001 3618 5008 ι

1973 5073 2176 5144 ptionis
2205 5071 2404 5125 animas
2444 5068 2689 5122 hominis
2730 5053 2871 5120 “sunt
2916 5066 3091 5135 ipsius
3149 5064 3362 5120 divitiae
3409 5062 3558 5132 .(91),

1972 5166 2088 5221 sive
2119 5163 2246 5234 quis
2271 5176 2372 5232 pro
2408 5159 2648 5228 peccatis
2674 5158 2814 5224 suis,
2849 5157 2964 5213 sive
2997 5173 3099 5228 pro
3125 5156 3236 5214 vita
3265 5172 3365 5212 sua
3392 5154 3561 5226 quid-

1522 5283 1743 5363 Jac'obi
1781 5297 2046 5360 Pontani
2082 5301 2274 5356 notae.

363 5402 472 5474 (89)
511 5403 554 5458 ιι
579 5403 791 5459 Αιηειιι.
833 5420 849 5458 :

426 5537 457 5568 ζ
490 5533 504 5549 .
548 5536 564 5551 .
609 5533 623 5548 .
666 5496 765 5551 alii
794 5498 1009 5568 rapiunt
1035 5497 1250 5551 incensa
1282 5497 1568 5566 {eruntque

423 5566 1573 5638 Ρει-θίιηια...-...........,ιι

274 5659 420 5712 Vide
441 5673 565 5728 qua:
597 5659 652 5712 in
691 5675 814 5714 enim
845 5659 1025 5714 locum
1071 5659 1309 5713 habeant
1352 5668 1552 5713 nostra:
1579 5656 1858 5728 symbolae.

277 5731 500 5784 Similia
549 5738 677 5783 sunt
728 5730 815 5784 illa
867 5732 921 5783 in
966 5729 1259 5784 Maniliana
1301 5747 1314 5781 ε
1352 5730 1520 5798 Atque
1569 5729 1663 5781 hoc
1698 5729 1862 5780 etiam

275 5800 479 5869 magis,
515 5815 677 5870 quam
704 5813 939 5862 cwteros,
968 5801 1104 5870 quod
1146 5800 1405 5870 ejusmodi
1439 5800 1496 5852 in
1533 5798 1862 5870 prouinciam

279 5871 524 5923 homines
557 5885 674 5924 cum
711 5870 931 5941 imperio
973 5869 1231 5931 misimus,
1262 5879 1340 5934 ut,
1360 5869 1670 5941 etiamsirab
1720 5873 1864 5941 hoste

283 5941 599 6008 defendant,
647 5939 821 5996 tamen
850 5942 1080 6002 ineorum
1132 5942 1386 5994 udwutus
1425 5942 1475 5994 in
1509 5940 1657 5993 urbes
1696 5939 1861 5991 socio-

1963 5416 2082 5453 rum
2132 5414 2237 5451 non
2264 5397 2490 5450 multum
2517 5395 2579 5448 ab
2613 5394 2789 5449 hostili
2819 5393 3209 5464 expugnatione
3228 5391 3473 5464 fdi/ferat.

2044 5470 2157 5540 (90)
2201 5467 2506 5540 Fuitenim
2551 5460 2893 5540 ditissimus,
2933 5460 3014 5534 et
3042 5460 3558 5540 pecuniosissimus,

1975 5529 2282 5605 ut‘patebit
2313 5538 2410 5592 lib.
2442 5553 2523 5599 ιιι,
2553 5546 2608 5591 et
2654 5551 2755 5590 nos
2785 5535 2837 5588 id
2872 5529 3057 5603 ipsum
3093 5549 3160 5605 ex
3189 5532 3383 5605 eodem
3417 5529 3567 5605 libro

1973 5610 2029 5664 in
2060 5600 2182 5664 Vita
2207 5610 2326 5680 elus
2354 5609 2461 5680 iam
2479 5606 2813 5680 docuimus;
2847 5600 3092 5674 fecitque
3121 5604 3177 5657 in
3213 5603 3318 5656 ista
3349 5600 3562 5654 beneti-

1971 5681 2151 5736 centia
2184 5676 2297 5734 ιγ’-ι’τί
2328 5676 2490 5732 amici
2528 5676 2788 5731 ollicium.

2043 5750 2157 5818 (9t)
2201 5749 2382 5803 Locus
2421 5758 2507 5803 est
2545 5747 2822 5818 Proverb.
2856 5759 2953 5798 xm
2983 5761 2997 5796 :
3033 5741 3342 5818 Redemptio
3367 5740 3570 5818 animo!

1969 5809 2070 5875 viri
2103 5809 2296 5875 divitia:
2323 5835 2452 5873 suae.
2505 5817 2621 5873 Hoc
2664 5817 2731 5870 ad
2784 5818 3023 5868 animam
3067 5809 3376 5867 Theodora:
3420 5809 3575 5867 biiao

1973 5892 2110 5946 riam
2143 5887 2542 5948 accommodat,
2589 5899 2648 5941 ut
2682 5885 2858 5938 vides.
