4028 6428
355 407 463 472 213

1560 406 2105 468 HISTORIARUM
2146 406 2376 470 LIBER
2425 410 2464 468 ι.

3506 399 3614 466 214

356 525 424 577 ἐκ
467 520 759 586 Βυζαντίου
803 518 945 574 κατά
993 518 1311 589 συμμαχίαν
1362 519 1682 590 ἀφιγμένοι,
1745 522 1933 583 ἱππεῖς

2039 520 2219 590 pauci,
2245 520 2634 575 et'funditores
2662 532 2773 574 non
2804 517 3075 588 indigenae
3101 516 3287 582 modo,
3318 513 3414 571 sed
3446 515 3613 573 etiam
3662 535 3679 557 κ

362 611 463 681 μὲν
509 609 684 663 εἴκοσι
712 609 808 663 καὶ
838 607 1121 671 διακόσιοι,
1158 607 1256 660 καὶ
1284 607 1440 672 πεζοὶ
1469 607 1687 673 τοξόται
1719 607 1929 662 τούτων

356 704 559 757 ιῖκοσὶν
592 701 855 764 ἐλάσσους
918 700 1116 769 ἀγαθοὶ
1160 698 1421 768 τοξεύειν,
1454 701 1668 756 ὁπλῖται
1694 719 1756 754 τε
1795 702 1932 756 οίὲκ

361 797 620 869 μηχανῶν
646 797 903 864 ἀφιέντες
950 793 1100 865 βέλη,
1124 795 1438 865 τριάκοντα.
1488 794 1579 859 Ἐξ
1606 788 1681 849 ὧν
1724 789 1804 858 εἷς
1840 796 1933 849 ἐπὶ

356 889 438 960 τῷ
470 889 742 959 εὐστόχως
773 888 886 942 τῶν
906 888 1083 943 ἄλλων
1106 888 1311 957 μᾶλλον
1335 887 1658 959 etesset:qu
1687 872 1925 956 βάλλει’ν.

370 970 658 1053 Ἑγχόῖριοί
696 992 758 1032 τε
788 981 973 1043 ἱππεῖς
1002 980 1199 1032 ἑκατὸν
1220 978 1555 1049 ὠπλισμένοι
1582 996 1596 1010 ⁸
1630 978 1846 1043 τοξόται
1869 995 1929 1031 τε

356 1074 458 1124 οὖκ
486 1070 655 1138 ὀλίγοι
686 1071 780 1124 καὶ
807 1070 1267 1139 σφενδονῆται,ὀύ
1293 1071 1451 1139 μόνον
1481 1070 1761 1140 ἐγχώριοι,
1798 1069 1935 1124 ἀλλά

360 1165 458 1215 καὶ
489 1162 597 1215 τῶν
625 1162 921 1233 περιοίκων
951 1162 1195 1215 πλεῖστοι
1223 1162 1312 1214 διὰ
1359 1162 1453 1214 τὸν
1481 1161 1722 1231 πόλεμον
1751 1160 1938 1214 συνελ-

360 1250 576 1318 θόντες,
615 1255 708 1308 καὶ
732 1252 1036 1329 γυμνητεία
1069 1252 1239 1321 π’)λλή
1271 1268 1284 1283 θ
1321 1247 1404 1315 οἷς
1426 1252 1695 1324 ἐθάρρουν
1723 1254 1773 1306 εξ
1801 1254 1935 1323 μήτι

361 1344 510 1408 ἄλλο,
567 1343 627 1398 τὸ
685 1343 818 1413 γοῦν
869 1342 1074 1397 ἁλῶναι
1116 1344 1316 1414 ῥᾳδίως
1346 1345 1653 1413 διαφυγεῖν.
1688 1344 1843 1413 Ἀμα
1876 1343 1935 1397 δὲ

361 1434 510 1505 πρωῒ
534 1437 614 1500 είς
637 1437 735 1506 τὴν
755 1436 1069 1505 ὑστεραίαν,
1102 1438 1240 1490 οἵτε
1263 1436 1464 1504 ἔξωθεν
1488 1438 1583 1490 καὶ
1616 1438 1668 1490 οί
1693 1437 1802 1490 ἀπὸ
1824 1437 1936 1490 τῶν

358 1531 558 1599 τειχῶν
604 1530 1002 1602 παρετάττοντο
1038 1532 1179 1600 πρὸς
1227 1533 1446 1601 μάχηνο
1502 1532 1597 1584 καὶ
1632 1531 1936 1602 γενομένης

360 1625 782 1694 καρτερωτάτης
810 1626 1186 1697 τειχομαχίας,
1214 1625 1374 1695 μέχρι
1401 1625 1502 1694 μὲν
1530 1625 1765 1696 ἑϐδόμης
1785 1625 1936 1696 ὥρας

361 1716 621 1785 ἀντέσχον
643 1719 691 1768 οἱ
718 1716 831 1770 ἀπὸ
860 1718 968 1770 τῶν
995 1716 1194 1786 τειχῶν
1221 1718 1557 1787 ἀμυνόμενοι
1610 1719 1931 1788 προθύμως.

370 1804 605 1859 Ἔπειτα
638 1809 684 1860 oi
704 1806 798 1860 τοῦ
834 1808 954 1860 νέου
1011 1807 1274 1877 βασιλέως
1298 1808 1492 1877 ἀνδρίᾳ
1526 1823 1586 1860 τε
1631 1807 1727 1860 καί
1758 1808 1932 1879 τόλμῃ

361 1899 471 1951 τῶν
498 1901 968 1969 ἀντιτεταγμένων
997 1901 1388 1971 ὑπερσχόντες,
1405 1902 1498 1954 καί
1525 1902 1623 1965 τὰς
1654 1900 1930 1970 κλίμακας

362 1994 475 2055 τοῖς
518 1992 718 2062 τείχεσι
746 1993 1226 2064 προσερείσαντες,
1276 1994 1339 2047 τὺ
1386 1993 1630 2063 πόλισμα
1667 1988 1813 2047 εἷλον
1838 1995 1933 2053 καὶ

363 2090 670 2160 διήρπασαν
705 2088 859 2144 αὐτό.
887 2089 1083 2154 Δείσας
1112 2090 1169 2144 δὲ
1202 2092 1231 2143 ό
1279 2089 1558 2160 βασιλεὺς,
1595 2091 1671 2161 μὴ
1716 2092 1934 2145 πάντων

363 2182 663 2253 χρημάτων
722 2180 1180 2252 διαφθαρέντων,
1255 2184 1557 2246 ἀνάστατος
1620 2185 1847 2254 γένηται
1905 2185 1956 2247 ό,

364 2276 615 2343 ’Δπρως,
670 2273 924 2328 ἐκέλευσε
975 2276 1100 2338 τοὺς
1139 2278 1391 2347 καρποὺς
1441 2276 1517 2347 μὴ
1550 2277 1931 2348 διαφθείρειν,

359 2368 511 2427 ὅπως
550 2364 761 2436 εχοντες
793 2367 1049 2437 ἀφορμὰς
1081 2370 1129 2421 οἱ
1180 2370 1407 2439 "Art-pio:
1455 2370 1549 2423 τοῦ
1582 2370 1704 2441 ζῇν,
1740 2370 1815 2441 μὴ
1845 2372 1938 2425 ὲκ-

359 2458 561 2512 λίπωσι
588 2460 650 2513 τδ
677 2459 835 2514 ἄστυ.
879 2461 1177 2515 Ἀπέθανον
1206 2464 1389 2533 μέντοι
1424 2466 1483 2517 ὲν
1511 2468 1576 2535 τῇ
1608 2466 1937 2535 τειχομαχίᾳ

362 2552 505 2621 πλὴν
533 2551 649 2613 ἑνὸς
685 2552 907 2607 ὁπλίτου
958 2554 1067 2607 τῶν
1102 2556 1167 2608 ἐκ
1220 2554 1520 2619 Βυζαντίου
1571 2555 1632 2620 ἐξ
1661 2558 1938 2625 ἑκατέρων

366 2643 548 2715 μερῶν
579 2644 754 2709 οὐδεὶς
814 2646 927 2716 (καὶ
989 2649 1183 2700 τούτου
1232 2649 1375 2718 μετά
1442 2651 1544 2720 τὴν
1598 2651 1780 2721 μάχην
1830 2652 1938 2705 ύπὺ

362 2736 593 2790 Λατίνου
636 2737 781 2801 τινὸς
834 2739 1310 2803 ἀπσκτανθέντος,
1365 2725 1449 2795 ὅτι
1494 2743 1658 2805 αὐτός
1726 2760 1788 2796 τε
1843 2745 1939 2798 καὶ

369 2827 583 2892 πλείους
630 2828 806 2897 ἕτεροι
831 2830 1353 2901 ἑτραυματίσΊησαν
1386 2832 1480 2886 ὑπ’
1510 2833 1699 2901 αὐτοῦ)
1723 2873 1739 2897 ,
1771 2852 1941 2904 τραυ-

383 2922 556 2988 ματίαι
580 2922 627 2974 δ’
653 2924 902 2991 ἐγένοντο
927 2924 1024 2977 καὶ
1055 2925 1398 2995 ἑκατέρωθεν
1437 2927 1538 2979 οὐκ
1568 2927 1763 2995 ὀλίγοι.
1799 2927 1938 2992 Τούς

379 3029 433 3066 τι
462 3016 523 3067 ἐκ
564 3014 857 3080 Βυζαντίου
886 3017 1089 3081 ἱππέας
1116 3033 1175 3070 τε
1226 3019 1323 3072 καὶ
1358 3020 1559 3085 πεζοὺς
1585 3020 1852 3088 δήσαντες
1888 3022 1938 3075 ei

373 3108 697 3179 στρατιῶται
729 3107 899 3180 εἶχον.
927 3110 1020 3175 Ei;
1042 3113 1238 3182 τρίτην
1263 3112 1320 3166 δὲ
1349 3114 1563 3183 ἡμέραν
1577 3113 1703 3176 τοὺς
1734 3115 1940 3184 αἰχμα-

2034 627 2066 667 e
2090 611 2341 668 ﬁnitimis
2379 612 2517 667 locis
2574 608 2992 681 quamplurimi,
3027 623 3171 680 quos
3212 607 3423 663 bellum
3465 606 3615 663 exci-

2036 711 2213 763 verat,
2250 710 2305 757 et
2332 701 2470 758 levis
2506 710 2803 760 armatura:
2834 700 3020 765 multi,
3070 699 3279 769 quibus
3328 697 3615 762 omnibus,

2034 797 2080 851 si
2114 795 2253 851 nihil
2274 794 2445 859 aliud,
2477 802 2630 849 certe
2654 808 2725 847 ne
2756 799 3091 861 caperentur
3126 806 3186 846 se
3221 788 3385 845 facile
3413 801 3616 843 conse-

2035 898 2266 942 cuturos
2316 886 2641 956 sperabant.
2671 882 2949 941 Postridie
2980 881 3199 936 albente
3236 879 3380 934 ccelo
3407 877 3617 948 quique

2036 979 2194 1043 foris,
2227 980 2435 1048 quique
2460 978 2612 1031 intus
2639 977 2697 1031 in
2724 975 3003 1031 manibus
3058 982 3238 1037 erant,
3274 971 3344 1026 ad
3377 976 3618 1040 pugnam

2036 1070 2475 1127 instruebantur.
2508 1070 2577 1124 Et
2614 1084 2740 1124 cum
2784 1083 2959 1138 usque
2983 1066 3050 1122 ad
3086 1067 3277 1120 horam
3325 1062 3617 1133 septimam

2037 1169 2309 1223 acerrima
2362 1166 2524 1223 ﬁeret
2588 1164 2950 1235 oppugnatio,
2992 1160 3256 1232 oppidani
3294 1176 3355 1217 se
3394 1166 3622 1214 strenue

2038 1260 2358 1314 tuebantur.
2406 1257 2488 1313 Ad
2535 1264 2842 1311 extremum
2884 1250 3230 1323 imperatorii
3290 1247 3623 1304 tortitudine

2038 1361 2091 1410 et
2116 1351 2346 1406 audacia
2389 1348 2727 1405 adversariis
2774 1344 3121 1417 superiores,
3153 1342 3319 1400 scalis
3339 1340 3620 1413 applicitis

2044 1443 2369 1515 Oppidulum
2408 1441 2635 1511 capiunt
2667 1455 2729 1494 ac
2782 1438 3075 1507 diripiunt.
3107 1435 3187 1489 lbi
3224 1436 3424 1488 timens
3447 1431 3623 1499 impe-

2039 1545 2208 1600 rator,
2249 1548 2320 1589 ne
2348 1534 2515 1590 rebus
2554 1532 2814 1612 ompjbus
2845 1529 3190 1600 disperditis,
3225 1528 3405 1596 Aprus
3428 1525 3497 1578 ad
3528 1538 3622 1576 so-

2037 1626 2331 1683 litudinem
2361 1625 2727 1695 redigeretur,
2765 1622 3020 1689 frugibus
3049 1620 3196 1675 cavit
3227 1636 3243 1677 :
3274 1628 3336 1673 ut
3357 1617 3625 1672 habentes

1989 1759 1993 1762 .
2038 1719 2167 1775 vita:
2197 1719 2505 1774 subsidium
2536 1717 2718 1787 'Aprii,
2751 1733 2819 1771 ne
2857 1715 3211 1786 din‘ugerent.
3254 1713 3312 1768 in
3346 1727 3414 1768 ea
3448 1726 3627 1781 oppu-

2040 1812 2301 1883 gnatione
2350 1828 2417 1867 ex
2466 1822 2663 1868 neutra
2693 1811 2813 1865 acie
2844 1809 3162 1879 quisquam,
3198 1816 3399 1877 praeter
3433 1820 3624 1867 unum,

2033 1906 2149 1975 88
2179 1904 2540 1977 Byzantinum
2572 1914 2867 1958 armatura
2931 1901 3116 1973 gravis
3149 1900 3496 1953 desideratus
3540 1905 3627 1950 est

2037 2000 2116 2069 (et
2154 2013 2282 2054 eum
2315 2013 2344 2052 a
2373 1997 2574 2054 Latino
2610 1995 2851 2068 quodam
2902 1994 3211 2051 secundum
3263 2007 3504 2063 pugnam
3541 1990 3626 2044 in-

2038 2087 2401 2158 teremptum,
2433 2088 2642 2158 quippe
2683 2103 2712 2140 a
2749 2101 2861 2155 quo
2909 2085 3027 2154 ipse
3073 2098 3203 2138 cum
3255 2081 3381 2136 aliis
3438 2076 3628 2133 multis

2033 2192 2185 2239 esset
2226 2181 2594 2249 vulneratus).
2631 2180 2892 2249 utrinque
2952 2187 3133 2232 tamen
3181 2172 3458 2230 vulnerati
3514 2185 3624 2225 non

2036 2275 2222 2345 pauci.
2247 2273 2502 2330 Victores
2553 2270 2870 2343 Byzantinis
2904 2267 3187 2338 equitibus
3227 2264 3381 2336 juxta
3436 2278 3503 2317 ac
3535 2276 3628 2332 pc-

2037 2369 2250 2424 ditibus
2283 2366 2502 2423 vincula
2527 2365 2855 2436 iniecerunt.
2885 2361 3077 2417 Tertio
3103 2360 3194 2413 die
3221 2356 3456 2426 captivis
3481 2354 3628 2409 mili-

2040 2462 2190 2518 tibus
2216 2463 2269 2518 in
2300 2462 2543 2517 medium
2577 2458 2811 2530 produci
2845 2456 3035 2528 jussis,
3076 2455 3377 2526 imperator
3421 2450 3489 2533 ad
3527 2466 3626 2505 eos

2040 2554 2426 2627 hujuscemodi
2464 2526 2631 2610 verba
2667 2526 2888 2608 locutus
2919 2559 3005 2605 est
3036 2569 3050 2606 :
3077 2549 3266 2618 Neque
3299 2530 3624 2618 prudenter.
3680 2526 3687 2537 ’

2042 2664 2222 2720 neque
2244 2665 2274 2704 e
2301 2665 2363 2704 re
2386 2656 2573 2704 vestra
2615 2646 2845 2709 factum,
2875 2644 3025 2715 quod
3057 2659 3089 2699 a
3115 2641 3279 2700 nobis
3313 2642 3494 2697 amice
3528 2655 3625 2710 ap~

2038 2744 2251 2816 pellati,
2272 2743 2521 2799 convicia
2548 2749 2606 2797 et
2628 2740 2858 2811 injurias
2909 2737 3273 2809 reposuistis:
3305 2735 3441 2791 Nam
3470 2734 3627 2789 hoste

2041 2840 2283 2894 instante
2319 2852 2430 2893 non
2462 2835 2714 2906 percelli,
2749 2834 2844 2889 sed
2878 2831 3160 2889 constanti
3202 2828 3390 2885 animo
3434 2842 3493 2883 se
3529 2825 3629 2881 de-

2041 2930 2287 2994 fendere,
2342 2931 2446 2984 hoc
2486 2927 2682 2983 virtuti
2717 2944 2733 2982 :
2774 2926 2913 2980 alios
2946 2933 3147 2979 autem
3194 2919 3508 2977 maledictis
3538 2918 3626 2973 in-

2040 3037 2280 3086 cessero,
2325 3031 2383 3078 et
2410 3037 2641 3099 crepare
2678 3019 3029 3090 magniloqua
3056 3017 3126 3072 de
3154 3016 3453 3078 moenibus,
3499 3028 3632 3068 cou-

2044 3116 2286 3172 fidentiaa
2337 3125 2391 3170 et
2431 3114 2685 3169 amentiae
2724 3104 3031 3167 ascribitur
3069 3109 3204 3181 (92).
3257 3110 3442 3174 Quare
3465 3108 3513 3162 si
3541 3122 3629 3161 me

362 3204 566 3269 λὼτους
615 3205 952 3278 στρατιώτας
986 3209 1015 3260 ὁ
1054 3206 1307 3277 βασιλεὺς
1342 3207 1608 3274 κελεύσας
1657 3207 1807 3277 αὐτῷ
1834 3224 1938 3261 πα-

2045 3208 2306 3274 audiatis,
2344 3206 2560 3261 fortiter
2618 3203 2875 3259 audendo
2925 3208 2983 3258 et
3023 3218 3199 3257 manu
3223 3210 3479 3271 prompta
3526 3197 3627 3252 ho-

363 3302 654 3369 ραστῆναι,
708 3299 1001 3381 διείλεκται
1062 3301 1276 3361 οὕτως·
1337 3300 1480 3357 Οὔτε
1523 3300 1765 3364 συνετῶς
1812 3301 1939 3356 οὔτε

361 3391 750 3462 συμφερόντως
773 3394 1094 3464 πεπράχατε
1120 3394 1250 3461 ύμῖν
1276 3394 1463 3457 αὐτοῖς
1477 3393 1568 3463 ὑφ’
1594 3395 1754 3464 ἡμῶν
1772 3411 1945 3467 προσ-

365 3481 756 3551 αγορευόμενοι
780 3483 993 3552 φιλίως,
1023 3484 1104 3546 είς
1138 3482 1410 3553 λοιδορίας
1453 3483 1613 3536 αὐτοὶ
1650 3483 1941 3553 τραπόμε-

360 3590 445 3627 νοι
471 3574 568 3627 καὶ
584 3572 787 3644 ὕϐρεις.
819 3573 893 3627 Τὸ
917 3574 1018 3644 μὲν
1058 3574 1168 3645 γὰρ
1202 3573 1277 3645 μὴ
1296 3573 1778 3643 καταπλήττεσθαι
1817 3577 1944 3638 τοὺς

362 3665 637 3734 ἐπιόντας,
668 3665 780 3720 ἀλλ’
812 3667 1168 3737 ἐγκαρτερεῖν
1187 3667 1609 3738 ἀμυνομένους.ι
1630 3666 1852 3737 ἀνδρίας
1880 3666 1946 3723 ἄν

363 3764 448 3820 τις
501 3757 672 3827 τιθείη
698 3774 712 3789 ·
750 3759 811 3813 τὸ
845 3757 904 3811 δι
955 3758 1200 3828 ὑϐρίζειν
1245 3775 1307 3811 τε
1357 3760 1452 3814 καὶ
1490 3760 1802 3829 κομπάζειν
1835 3759 1945 3813 ἀπὸ

362 3850 475 3903 τῶν
524 3851 745 3920 τειχῶν,
804 3854 897 3906 καὶ
931 3852 1170 3924 θράσους
1210 3856 1307 3906 καὶ
1360 3846 1686 3923 παρανοίας.
1721 3851 1814 3906 Διὸ
1849 3851 1945 3906 καὶ

369 3943 840 4012 συμϐουλεύσαιμι
862 3946 929 3999 ἀν
965 3947 1095 4015 ὑμῖν
1128 3946 1182 3999 εί
1201 3962 1265 4013 γε
1300 3944 1585 4014 πείθησθε,
1625 3944 1818 4015 ἀνδρίᾳ
1843 3943 1943 4014 μὲν

367 4038 465 4089 καὶ
498 4036 691 4108 ’τόλμῃ
718 4041 813 4090 καὶ
859 4038 1038 4107 χειρὸς
1073 4037 1257 4108 ἔργοις
1290 4036 1649 4091 ἀνθίστασθαι
1700 4040 1811 4101 τοῖς
1842 4054 1938 4090 πο-

368 4130 613 4199 λεμοῦσι,
672 4130 849 4197 λόγοις
878 4126 934 4182 δὲ
984 4131 1308 4198 σωφρονεῖν.
1364 4127 1442 4182 Οὐ
1475 4130 1646 4201 γὰρὴ
1692 4131 1801 4184 ἀπὸ
1832 4130 1942 4183 τῶν

365 4225 541 4292 λόγων
565 4224 848 4287 ἀκολασία,
887 4225 920 4293 ἠ
947 4222 1036 4276 διὰ
1059 4222 1167 4276 τῶν
1192 4223 1372 4294 ἔργων
1392 4223 1449 4276 δὲ
1477 4219 1743 4294 ἐμπειρία
1776 4240 1947 4277 κατα-

367 4318 598 4387 πλήττει
627 4316 753 4378 τοὺς
795 4317 1071 4379 ἐπιόντας.
1102 4316 1484 4384 Δοριαλώτους
1516 4316 1618 4384 μὲν
1649 4311 1743 4369 οὖν
1790 4330 1945 4383 γενο-

2050 3314 2188 3358 stem
2241 3300 2582 3371 reprimetis,
2647 3298 2837 3353 verbis
2903 3292 3633 3365 moderabimini:qpandu

2046 3411 2157 3451 non
2202 3396 2499 3449 verborum
2548 3391 2879 3464 petulantia,
2933 3390 3027 3446 sed
3074 3388 3193 3459 ipse
3255 3387 3527 3442 factorum
3575 3392 3632 3438 et

2047 3488 2430 3557 imprcssionis
2466 3501 2664 3540 sensus
2688 3484 3045 3541 invadentem
3091 3479 3381 3536 terriﬁcat.
3421 3477 3541 3532 Jam
3572 3477 3629 3531 in

2045 3595 2145 3635 vos
2204 3578 2454 3648 captivos
2508 3586 2759 3632 statuere
2816 3576 2938 3644 lege
3000 3573 3201 3629 bellica
3248 3572 3400 3626 licet.
3427 3571 3628 3625 Verum

2042 3689 2169 3745 ego,
2220 3673 2316 3742 qui
2366 3671 2507 3726 meis
2557 3656 2729 3724 armis
2795 3666 3018 3724 oliiccre
3081 3666 3348 3721 Romanis
3401 3662 3634 3717 minime

2046 3781 2256 3838 quaero,
2291 3781 2389 3820 vos
2420 3766 2679 3821 libertate
2712 3762 2884 3817 dono.
2917 3760 2974 3816 Si
3009 3759 3114 3815 sub
3141 3758 3316 3829 signis
3360 3756 3497 3813 meis
3526 3756 3631 3809 mi-

2046 3861 2208 3915 nitare
2240 3842 2435 3923 vultis,
2480 3857 2639 3921 mihi,
2676 3864 2736 3911 ut
2776 3854 2960 3920 decet,
3017 3868 3168 3909 cura:
3208 3853 3389 3917 eritis,
3435 3862 3493 3907 et
3535 3866 3633 3905 vos

2036 3952 2192 4014 inter
2241 3948 2710 4005 familiarissimos
2764 3945 3055 4015 recipiam.
3107 3943 3206 3999 Sin
3238 3944 3464 3998 domum
3508 3942 3633 3997 red-
3741 3946 3745 3950 ’

2047 4044 2151 4108 ire,
2192 4042 2362 4097 etiam
2397 4041 2477 4096 sic
2522 4040 2763 4109 benigne
2802 4037 3082 4092 dimittam
3111 4036 3249 4104 (93).
3293 4036 3496 4091 Milites
3532 4035 3653 4088 ἰιιιοι

2046 4147 2360 4209 peratorem
2403 4134 2677 4198 venerati,
2736 4133 2971 4209 ejusque
3041 4132 3305 4185 meritum
3371 4129 3634 4184 laudibus

2044 4226 2351 4298 prosecuti,
2393 4225 2634 4295 spatium
2697 4221 2764 4276 ad
2817 4219 3239 4275 deliberandum
3294 4219 3629 4289 petiverunt.

2047 4321 2129 4376 Re
2170 4318 2497 4383 deliberata,
2545 4314 2709 4386 pauci
2736 4313 2956 4384 equites
3006 4318 3335 4367 manserunt
3370 4328 3386 4366 :
3418 4311 3635 4380 pedites
3702 4352 3709 4361 .

369 4408 565 4473 μένους
595 4406 758 4476 ὑμᾶς,
798 4401 832 4481 ᾗ
883 4404 1209 4483 βουλοίμεθα
1254 4405 1433 4471 ἔξεστι
1485 4406 1728 4476 χρῆσθαι
1786 4408 1938 4478 νόμῳ

2048 4413 2224 4469 ferme
2275 4427 2467 4466 omnes
2508 4410 2611 4465 sub
2650 4425 2718 4465 eo
2766 4422 2984 4464 merere
3041 4406 3456 4461 instituerunt:
3491 4404 3635 4474 quos

365 4500 626 4568 πολέμου.
693 4496 837 4566 Ἐγὼ
874 4498 931 4551 δὲ
972 4499 1073 4551 οὐκ
1121 4499 1215 4552 ἐπὶ
1272 4498 1430 4569 κακῷ
1482 4499 1594 4551 τῶν
1646 4499 1938 4568 Ῥωμαίων

2050 4520 2237 4560 annuo
2272 4505 2498 4559 decreto
2521 4500 2821 4572 stipendio,
2854 4499 2909 4553 in
2934 4499 3120 4553 album
3153 4512 3382 4551 suorum
3419 4495 3631 4557 retulit,

245 4615 255 4625 -
367 4559 698 4661 στρατεύων,
728 4559 929 4661 ἀίρίημι
959 4592 1297 4661 ἐλευθέρους.
1335 4559 1412 4647 Et.
1434 4592 1532 4663 μὲν
1561 4588 1657 4647 οὖν
1694 4559 1785 4646 ὑπ’
1810 4593 1938 4663 ἐμοὶ

2048 4607 2107 4652 et
2138 4594 2555 4651 discedentibus
2584 4593 2707 4648 aliis
2731 4606 2929 4647 aurum
2971 4591 3025 4645 in
3060 4591 3321 4646 viaticum
3368 4589 3627 4645 contulit.

368 4682 792 4755 στρατεύσεσθαι
839 4678 1134 4754 βούλεσθε,
1193 4685 1453 4755 προνοίας
1500 4701 1562 4738 τε
1598 4683 1820 4750 ἀξιώσω
1841 4687 1939 4756 τῆς

364 4776 745 4847 προσηκούσης
799 4776 897 4830 καὶ
945 4779 1059 4840 τοῖς
1109 4777 1472 4840 οἰκειοτάτοις
1527 4778 1776 4844 ὲντάξω·
1809 4779 1936 4832 είδ⁹

2045 4688 2185 4743 Cum
2222 4698 2405 4743 autem
2453 4686 2806 4756 conSpiceret
2851 4684 3147 4753 Apriorum
3205 4682 3446 4747 turbam,
3483 4682 3632 4735 viros

2046 4782 2212 4839 simul
2233 4797 2299 4836 ac
2318 4780 2601 4846 mulieres,
2627 4779 2757 4834 item
2781 4792 2982 4849 pueros
2999 4791 3139 4848 pene
3156 4775 3356 4839 nudos,
3382 4774 3630 4829 omnium

365 4869 545 4924 οἴκαδε
580 4869 856 4937 ἀπελθεῖν,
892 4870 986 4922 καὶ
1017 4869 1191 4933 οὕτως
1225 4865 1285 4925 εὖ
1326 4872 1568 4943 ποιήσας
1592 4871 1933 4942 ἀποπέμψω.

2045 4890 2250 4946 egenos
2296 4874 2671 4938 ambulantes,
2714 4886 2889 4940 seque
2940 4869 3106 4925 bonis
3147 4868 3263 4925 suis
3296 4867 3634 4938 chpOliatos

365 4963 846 5034 Προσκυνήσαντες
886 4962 943 5017 δὲ
977 4962 1028 5016 οί
1068 4962 1404 5033 στρατιῶται
1434 4963 1529 5017 καὶ¹
1568 4964 1670 5034 τῆς
1714 4965 1938 5033 εὐεργε-

2045 4970 2439 5027 lamentantes,
2475 4964 2713 5020 ducibus
2761 4955 2820 5018 et
2867 4963 3150 5016 nobilibus
3182 4961 3467 5017 advocatis
3497 5000 3513 5024 ,
3540 4958 3638 5015 Ju-

368 5058 489 5121 σίας
539 5058 701 5127 χάριν
726 5056 1154 5128 εὐφημήσαντες
1188 5056 1397 5123 πολλὰ,
1434 5058 1626 5128 καιρὸν
1665 5058 1938 5130 ὲξῄτησαν

2048 5070 2194 5115 stum
2229 5068 2333 5121 est,
2372 5058 2581 5128 inquit,-
2625 5071 2753 5111 cum
2809 5055 3083 5109 hodierno
3133 5052 3224 5109 die
3280 5062 3465 5132 tot‘et
3519 5061 3630 5107 tam

365 5152 444 5214 είς
481 5149 783 5219 διάσκεψιν.
839 5149 1279 5231 Διασκεψάμενοι
1333 5148 1411 5216 δὲ,
1455 5150 1563 5203 τῶν
1591 5151 1805 5205 ἱππέων
1840 5150 1938 5222 μὲν

2051 5150 2364 5220 insignibus
2395 5164 2426 5201 a
2452 5148 2566 5203 Deo
2591 5145 2878 5202 beneficiis
2900 5147 3082 5202 ornati
3117 5144 3314 5213 simus,
3345 5155 3407 5201 ut
3439 5144 3631 5200 iisdem

1608 5270 1825 5333 Jacobi
1861 5269 2125 5332 Pontani
2168 5276 2354 5329 notm.

435 5396 550 5466 (9‘2)
592 5392 793 5467 Timidi
839 5389 1131 5467 homines:
1163 5400 1220 5446 ct
1275 5392 1544 5467 imbelles,
1597 5407 1722 5467 cum
1755 5392 1933 5467 longe
2040 5393 2061 5448 1
2095 5391 2306 5446 ὢηεὶα.
2338 5387 2741 5444 humanissime
2774 5386 2842 5441 ad
2875 5387 3148 5457 'l‘rojanos
3187 5404 3200 5438 :

366 5462 567 5528 absunt
595 5482 624 5520 a
656 5463 921 5537 periculo,
949 5474 1044 5517 aut
1068 5462 1128 5518 se
1156 5471 1306 5537 tu_l_os
1335 5463 1547 5537 vident,
1573 5462 1932 5537 audacissimi

370 5541 527 5602 ﬁunt,
558 5546 613 5593 et
642 5531 874 5590 martem
910 5539 1159 5594 crepant.
1205 5531 1427 5587 Notavit
1462 5533 1563 5587 hos
1604 5533 1696 5588 ille
1719 5534 1940 5601 sapiens

369 5610 621 5678 Aisopus.
667 5606 803 5660 Nam
856 5603 925 5658 de
985 5603 1274 5684 superiore
1328 5604 1446 5658 loco
1498 5604 1714 5684 haedus.
1746 5605 1938 5684 lupum

369 5674 1335 5749 praetereuntemfonspiciens._eum
1366 5674 1632 5749 conviciis
1660 5675 1944 5749 Ii‘-_errtme

368 5743 756 5808 insectabatur.
791 5746 931 5800 Tum
962 5744 1146 5814 lupus,
1179 5743 1295 5799 Non
1321 5754 1401 5809 tu,
1430 5745 1635 5815 inquit,
1668 5747 1794 5801 mihi
1820 5763 1948 5800 cou-

368 5823 593 5885 t-iciaris,
623 5819 713 5874 sed
733 5818 897 5872 locus.

442 5893 553 5965 (95)
597 5890 795 5947 Eadem
871 5885 1147 5943 sententia
1220 5886 1359 5943 Dido
1436 5885 1579 5958 apud
1640 5885 1942 5956 Maronrm,

2117 5505 2217 5563 Seu
2260 5522 2348 5562 nos
2383 5504 2694 5575 Hesperiam
2734 5519 3006 5573 magnam,
3048 5502 3409 5573 Saturniaque
3437 5516 3592 5567 arva,

2123 5578 2242 5634 Sive
2279 5576 2464 5650 Erycis
2490 5574 2962 5650 ﬁn_e:s,_regemque_
2979 5575 3439 5650 opttttt's‘rlcestem
3466 5588 3485 5629 :

2123 5649 2337 5704 Aurelio
2357 5643 2508 5702 tutos
2538 5643 2824 5703 dimittdm,
2858 5643 3142 5715 opibusque
3163 5643 3384 5715 jtwabo.

2136 5719 2305 5774 Vultis
2335 5728 2383 5773 et
2410 5721 2491 5773 his
2526 5732 2726 5771 mecum
2769 5714 2974 5785 pariter
3004 5714 3277 5777 causidere
3307 5718 3479 5785 regnis
3503 5715 3531 5769 ?

2033 5806 2040 5811 '
2129 5790 2316 5846 Urbrm
2343 5806 2505 5860 quam
2527 5794 2727 5860 statuo,
2752 5794 2924 5860 vestra
2956 5794 3067 5860 est;
3098 5785 3367 5860 subducite
3392 5802 3574 5842 naves.

2130 5862 2260 5917 Tros
2320 5855 2610 5932 Tyriusque
2634 5858 2762 5912 mihi
2783 5855 2932 5910 nullo
2960 5856 3265 5911 discrimine
3299 5868 3509 5927 agetur.

610 6048 641 6070 1
