4028 6460
356 408 469 477 2ιῖ

1535 405 2078 470 HISTORIARUM
2119 408 2357 469 LIBER
2400 408 2451 469 Ι.

3518 408 3625 476 218

366 524 467 578 καὶ
503 519 878 593 εὐχαριστίαις
907 522 1299 593 ἀμειψόμενος.
1333 522 1534 592 Ἐγγῦς
1558 521 1616 576 δὲ
1635 519 1942 592 Σηλυϐρίας

2063 521 2206 577 quta
2245 522 2533 579 castellum
2569 522 2736 590 igitur
2761 522 2966 579 Saccus
2995 530 3487 590 castrametantur,
3528 526 3627 580 ho.

370 614 685 684 γτνομένοις
713 613 862 681 εδοξε
897 614 1247 678 καταϐάντας
1276 614 1389 670 τῶν
1433 616 1620 669 ἵππων
1644 613 1950 670 διαναπαύ-

371 704 573 761 σασθαι
591 705 813 775 μικρόν.
847 707 1374 776 Στρατοπεδεύονται
1410 707 1476 777 δὴ
1509 707 1663 778 παρά
1682 706 1762 777 τῷ
1781 723 1951 777 φρου-

374 801 476 870 ρίῳ
502 799 733 853 Σὰκκων
755 839 771 861 ,
825 798 1072 871 πολεμίῳ
1129 800 1231 869 μὲν
1267 799 1383 854 όντι
1428 799 1520 855 διὰ
1544 800 1609 854 τὸ
1640 799 1949 870 Συργιάννῃ
1984 844 1985 847 η

376 876 476 964 μὲν
504 893 922 964 προσχωρῆσαι,
950 892 1074 965 ςκαὶ
1097 895 1226 956 τοὺς
1260 896 1325 948 ὲκ
1357 892 1655 958 Βυζαντίου
1682 890 1953 963 στρατιώ-

368 1000 470 1047 τας
501 984 596 1038 ἐπὶ
635 982 713 1054 τῷ
759 983 1165 1057 Σηλυϐριανοὺς
1216 983 1620 1054 ὑπερδέχεσθαι
1679 983 1953 1054 κατατρέο

373 1091 491 1145 χειν
512 1088 529 1104 ·
571 1076 1071 1147 καταφρονουμένην
1097 1076 1156 1130 δὲ
1207 1075 1384 1140 ἄλλως
1421 1075 1514 1130 διά
1541 1062 1601 1128 τε
1641 1075 1742 1142 τὴν
1770 1073 1949 1142 όλιγόο

373 1182 518 1235 τητα
552 1166 656 1219 ’καὶ
683 1165 945 1235 ἀπειρίαν
978 1166 1089 1220 τῶν
1124 1164 1504 1228 ὶνοικούντωνι
1527 1166 1785 1239 (ἀγρόται
1842 1165 1953 1237 γὰρ

371 1253 515 1328 ἦσαν
542 1258 742 1322 πάντες
768 1258 1042 1330 γηπόνοι),
1073 1260 1169 1312 καὶ
1213 1259 1315 1331 τὴν
1358 1258 1672 1327 φαυλότητα
1701 1255 1810 1310 τῶν
1835 1270 1954 1308 τει-

375 1350 509 1420 χῶν.
539 1350 603 1403 οι
635 1350 685 1404 δ’
724 1351 784 1404 ὲν
823 1349 975 1418 αύτῷ
1032 1350 1114 1420 τῷ
1168 1351 1419 1422 φρουρίῳ
1476 1348 1953 1419 ἐγκεκλεισμένοι,

376 1441 569 1511 ῶσπερ
588 1440 958 1512 ἀγνοήσαντες
984 1442 1243 1509 ἑαυτοὺς,
1291 1443 1385 1497 καὶ
1419 1442 1528 1495 τῶν
1551 1442 1957 1513 περικειμένων

377 1533 453 1596 ὠς
507 1533 739 1587 ούδενῶν
797 1534 1312 1603 καταφρονοῦντες,
1365 1534 1589 1605 ὕϐριζόν
1614 1552 1675 1589 τε
1711 1533 1820 1588 ἀπὸ
1858 1532 1956 1587 τοῦ

375 1624 591 1695 τείχους
620 1627 715 1680 καὶ
738 1626 939 1690 πολλὰς
976 1629 1235 1699 κατέχεον
1265 1627 1535 1699 λοιδορίας
1564 1629 1659 1709 καί
1692 1625 1958 1696 βασιλέως

379 1715 477 1769 καὶ
496 1716 606 1769 τῶν
649 1718 936 1773 συνόντων.
983 1718 1227 1785 Γελάσας
1271 1719 1327 1772 δὲ
1378 1719 1466 1788 ἐφ’
1510 1715 1617 1782 οἷς¹
1642 1717 1901 1789 ὑϐρίζετο
1929 1720 1959 1771 ό

383 1805 656 1873 βασιλεὺς,
676 1810 724 1862 εί
752 1805 894 1873 οἶνος
926 1810 1011 1880 εἴη
1041 1811 1210 1874 πολὺς
1248 1811 1382 1880 παρ’
1406 1812 1594 1876 αὐτοῖς
1624 1811 1958 1865 ἐπυνθάνετο

378 1897 493 1951 τῶν
541 1899 844 1969 παρόντων.
897 1902 1019 1954 Τῶν
1063 1903 1121 1957 δὲ
1179 1902 1290 1956 οὐδ’
1336 1905 1652 1973 ἀρκούντως
1700 1905 1956 1974 εὐπορεῖν

381 1991 573 2054 ὓδατος
599 1993 1076 2063 ἀποκριναμένων,
1113 1995 1348 2060 Οὐκοῦν,
1381 1997 1508 2067 ἔφη,
1541 1997 1653 2051 τῶν
1687 1997 1956 2067 μελαγχο-

378 2087 483 2158 tau
509 2086 779 2155 ποιουσῶν
830 2087 1248 2160 ινεπλήσθησαν
1286 2088 1547 2160 βοτανῶν,
1589 2090 1866 2153 Κελεύσας
1899 2088 1957 2142 δὲ

377 2181 564 2243 αὐτοῖς
606 2198 724 2234 τινα
770 2181 1098 2250 παραινέσαι
1153 2182 1249 2235 καὶ
1295 2184 1594 2251 σωφρονεῖν
1635 2183 1731 2236 καὶ
1771 2184 1954 2253 σιγᾷν,

379 2275 544 2336 αὐτ“ς
576 2272 692 2337 ἅμα
737 2276 851 2336 τοῖς
882 2274 1111 2345 ἀρχουσι
1172 2274 1312 2344 πρὸς
1370 2275 1666 2344 ἐπίσκεψιν
1715 2274 1946 2345 ιξῄεσαν

381 2366 496 2420 τῶν
532 2365 771 2421 σκοπῶν.
793 2362 859 2421 Οἱ
981 2364 1262 2437 δυστυχεῖς
1287 2369 1481 2420 ἐκεῖνοι
1518 2368 1743 2421 Σάκκιοι
1803 2367 1958 2421 οὐδὲν

384 2458 589 2530 μᾶλλην
638 2458 867 2527 ὑφίεσαν
913 2457 1023 2511 τῶν
1055 2457 1273 2528 ὕϐρεων
1300 2460 1396 2512 καὶ
1448 2460 1558 2513 τῶν
1587 2461 1805 2529 φωνῶν,
1838 2462 1956 2517 ἀλλ’

380 2548 621 2620 ἐχρῶντο
647 2549 795 2620 πάσῃ
818 2548 1068 2618 δυνάμει.
1102 2548 1176 2602 To
1214 2549 1271 2602 δὲ
1303 2549 1415 2603 τῶν
1443 2553 1794 2620 στρατιωτῶν
1816 2552 1964 2606 οἰκε-

382 2640 560 2707 τικὸν,
580 2640 720 2710 πρὸς
745 2638 844 2710 τὴν
875 2638 1183 2709 ὑπερϐολὴν
1206 2640 1317 2694 τῶν
1343 2639 1557 2712 ὕϐρεων
1577 2643 1958 2713 ἀχθεσθέντες,

384 2736 565 2798 αὐτοῖς
608 2733 792 2804 ἠξίουν
833 2734 962 2797 τοὺς
1021 2732 1292 2798 δεσπότας
1340 2735 1634 2806 ἐπιτρέψαι
1663 2735 1724 2788 τδ
1773 2736 1958 2807 ἔργον.

398 2824 835 2897 Ἐπιτρεψάντων
868 2826 925 2880 δὲ
967 2825 1147 2879 αὐτῶν
1193 2826 1591 2898 ἐπιδραμόντες
1632 2822 1778 2882 εἶλον
1804 2831 1963 2882 αὑτο-

400 2921 521 2985 ϐοεὶ,
572 2919 915 2990 πανταχόθεν
965 2919 1306 2989 ὑπερϐάντες
1357 2921 1420 2973 τὸ
1480 2922 1661 2991 τεῖχος
1698 2936 1714 2952 ο
1747 2916 1816 2992 ἦν
1848 2920 1961 2991 γὰρ

398 3014 646 3067 εὐάλωτον
667 3028 683 3044 ·
711 3014 825 3076 τοῖς
851 3011 1221 3084 προστυχοῦσι
1256 3012 1596 3084 χρησάμενοι
1636 3012 1815 3077 ξύλοις
1840 3014 1962 3066 ἀντὶ

392 3109 666 3176 κῖιμάκων
686 3123 702 3139 -
729 3107 825 3159 καὶ
854 3106 995 3176 πρδς
1044 3106 1358 3176 διαρπαγὴν
1390 3106 1695 3176 ἐτράποντο
1723 3106 1833 3160 τῶν
1871 3106 1961 3159 ἔν-

2049 611 2176 667 stile
2227 611 2454 682 quidem
2501 611 2650 682 (nam
2698 627 2728 667 a
2769 610 3078 682 Syrgianne
3124 613 3326 675 stabat,
3376 614 3629 686 Byzanti-

2048 719 2294 773 numque
2335 704 2567 771 militem
2616 704 2683 759 ad
2745 704 3103 776 Selybrianos
3151 721 3251 777 per
3272 707 3627 776 eruptionem

2049 797 2332 852 vexandos
2358 796 2726 867 susceperat),
2750 796 2862 867 9o
2886 808 3084 853 caitera
3135 799 3627 865 contenmendum,
3665 852 3668 857 ,

2049 885 2197 956 quod
2229 889 2406 956 ipsum
2442 902 2539 957 per
2567 903 2627 943 se
2673 889 2933 959 exiguum
2959 928 2973 950 ,
3027 888 3176 957 quod
3230 890 3424 944 incolae
3463 889 3630 944 rudes

2051 995 2123 1041 ac
2164 979 2408 1051 imperiti
2460 980 2679 1053 (omnes
2726 980 3008 1051 siquidem
3034 991 3195 1036 erant
3236 984 3454 1049 rustici,
3501 998 3629 1037 cum

2053 1086 2198 1130 terra
2245 1074 2517 1128 rationem
2571 1073 2882 1145 habentes),
2940 1073 3086 1144 quod
3124 1075 3269 1129 muri
3303 1076 3543 1130 humiles
3567 1091 3633 1130 ae

2052 1170 2300 1226 demissi.
2341 1170 2444 1236 Qui
2475 1169 2644 1240 igitur
2668 1170 2820 1225 intus
2851 1186 2913 1226 se
2943 1171 3305 1231 incluserunt,
3343 1171 3422 1224 uti
3453 1179 3633 1224 semet

2054 1261 2393 1330 ignorantes,
2419 1260 2772 1315 imminentes
2800 1260 2904 1315 sibi
2945 1269 3009 1315 ut
3047 1261 3256 1316 nullius
3296 1261 3456 1328 pretii
3485 1276 3634 1314 mor-

2056 1356 2194 1410 tales
2240 1356 2295 1409 in
2344 1363 2724 1425 contemptum
2769 1354 3065 1416 vocabant,
3106 1370 3170 1409 ac
3198 1354 3267 1408 de
3316 1370 3476 1408 llllll‘O
3505 1370 3630 1407 eum

2059 1446 2361 1502 insolentia
2408 1461 2573 1501 voces
2614 1447 3048 1501 contumeliosas
3096 1446 3399 1499 identidem
3438 1453 3634 1499 contra

2057 1540 2477 1610 imperatorem,
2500 1540 2731 1610 ejusque
2762 1539 2952 1609 copias
2990 1537 3378 1611 eﬂ’undehant.
3405 1538 3508 1605 Qui
3543 1554 3637 1592 re-

2057 1631 2256 1687 nidens
2293 1630 2362 1685 ad
2398 1631 2646 1686 convicia
2692 1630 2829 1702 (9i),
2875 1630 2943 1684 ab
2986 1630 3294 1685 astantibus
3330 1630 3635 1700 quaerebat,

2058 1725 2368 1779 multumne
2410 1724 2554 1793 apud
2599 1739 2695 1778 eos
2721 1724 2832 1777 vini
2887 1736 3033 1779 esset
3079 1725 3213 1795 (93).
3247 1724 3364 1779 Illis
3406 1740 3638 1794 respon-
3686 1734 3729 1754 ι·

2055 1816 2322 1873 dentibus
2356 1834 2369 1869 :
2403 1816 2479 1870 Ne
2528 1832 2684 1886 aqua;
2736 1817 2961 1886 quidem
3006 1818 3141 1873 satis
3169 1837 3183 1873 :
3219 1819 3430 1887 Itaque,
3462 1817 3643 1887 subje-

2062 1911 2159 1972 cit,
2208 1909 2393 1964 herbis
2452 1909 2724 1964 insaniam
2778 1911 3174 1981 generantibus
3222 1926 3281 1965 se
3340 1911 3641 1980 ingurgita-

2059 2009 2207 2054 runt.
2251 2001 2512 2056 Tumens
2535 2003 2822 2056 admoneri
2846 2003 3024 2072 jubet,
3061 2004 3142 2058 uti
3179 2019 3237 2058 se
3269 2004 3515 2058 modeste
3550 2017 3641 2071 ge-

2058 2099 2205 2153 rant,
2242 2100 2298 2145 et
2326 2090 2545 2160 linguas
2599 2092 2959 2155 contineant;
3013 2100 3068 2146 et
3120 2109 3245 2146 cum
3297 2091 3640 2161 principibus

2057 2180 2334 2236 exercitus
2384 2182 2450 2235 ad
2505 2193 2681 2237 metas
2749 2183 3114 2252 speculandas
3170 2183 3484 2254 digreditur
3522 2182 3636 2251 (96)

2059 2272 2128 2326 At
2159 2270 2407 2328 infelices
2430 2273 2507 2327 illi
2543 2274 2719 2328 Saccii
2749 2274 2921 2329 nihilo
2953 2277 3123 2343 magis
3170 2274 3238 2329 de
3274 2275 3638 2343 prrtervitate

2059 2374 2118 2419 ct
2157 2364 2465 2420 maledictis
2512 2366 2794 2421 remittere
2826 2383 2840 2419 :
2880 2367 2974 2422 sed
3009 2369 3164 2436 quasi
3218 2367 3272 2423 id
3307 2366 3634 2436 palmarium

2063 2460 2223 2522 foret,
2256 2474 2476 2513 omnem
2503 2458 2556 2512 in
2588 2475 2656 2514 eo
2688 2460 3006 2515 facultatem
3046 2476 3203 2515 suam
3228 2461 3491 2530 experiri.
3553 2461 3643 2514 lu-

2057 2553 2332 2626 juriarum
2386 2552 2766 2622 magnitudine
2838 2553 3046 2608 offensa
3118 2554 3341 2624 gravius
3402 2553 3640 2608 militum

2062 2644 2285 2700 Servitia
2339 2643 2459 2711 (97y
2493 2643 2580 2716 [ut
2629 2656 2760 2700 sunt
2821 2646 3046 2700 calones
3087 2655 3143 2700 et
3189 2642 3336 2718 lixze]
3383 2645 3643 2702 dominos

2063 2746 2280 2809 rogant,
2315 2737 2393 2792 uti
2428 2738 2563 2806 ipsis
2587 2738 2871 2809 negotium
2907 2737 3223 2793 vindicandi
3266 2738 3637 2793 committant.

2063 2832 2385 2902 lmpetrant,
2424 2840 2482 2898 et
2529 2830 2709 2903 primo
2760 2831 2989 2901 impetu,
3035 2829 3248 2887 truncis
3293 2847 3357 2887 ac
3385 2829 3643 2886 trabibus

2063 2921 2242 2979 obviis
2277 2922 2402 2977 loco
2440 2921 2719 2977 scalarum
2745 2921 2851 2983 usi.
2883 2936 3096 2984 muros,
3134 2920 3283 2991 quod
3325 2920 3485 2974 facile
3518 2918 3643 2983 fuit,

2063 3023 2358 3086 occupant,
2394 3023 2452 3070 et
2484 3014 2549 3070 ad
2589 3013 2933 3083 diripiendos
2979 3012 3266 3084 indigenas
3295 3013 3642 3067 discurrunt.

2064 3108 2232 3163 Forte
2274 3107 2332 3162 in
2374 3121 2500 3162 casa
2529 3106 2763 3175 quadarn
2817 3105 2959 3174 ignis
2995 3104 3310 3159 luculentus
3362 3104 3642 3159 ardvbat:

384 3204 492 3255 δον.
512 3199 654 3254 Elim
679 3200 734 3253 δὲ
767 3199 897 3270 μιᾶς
925 3199 1103 3262 οἰκίας
1132 3198 1447 3269 ἀνημμένου
1475 3197 1670 3269 πυρὸς,
1709 3197 1960 3252 ἀνελθόν-

2063 3216 2226 3272 quam
2255 3215 2380 3254 cum
2407 3198 2565 3253 multi
2594 3197 3068 3260 conscendissent,
3098 3204 3301 3252 tectum
3332 3212 3398 3251 ex
3434 3196 3646 3265 cespite

382 3310 491 3345 των
518 3293 602 3346 ἐπ’
628 3292 797 3361 αὐτὴν
845 3289 1081 3355 πολλῶν,
1135 3290 1408 3344 κατέπεσε
1460 3293 1522 3344 τὸ
1545 3291 1702 3358 τέγος
1733 3290 1825 3344 ἐπὶ
1864 3289 1957 3343 τοῦ

388 3386 580 3456 πυρός.
617 3384 713 3438 Ἐκ
741 3385 951 3455 χόρτων
989 3383 1047 3437 δὲ
1090 3382 1272 3454 ξηρῶν
1326 3381 1496 3453 οὖσης
1522 3384 1958 3454 ὲστεγασμένης,

383 3478 517 3546 «sibe
558 3476 775 3547 ἀνήφθη
810 3477 1156 3546 παραχρῆμα
1184 3475 1436 3544 λαμπρά.
1490 3474 1663 3538 Εὐθὺς
1700 3476 1757 3528 δὲ
1794 3491 1961 3546 ιιτροσ⁸

382 3570 682 3626 επελάϐετο
726 3569 824 3624 καὶ
863 3570 972 3622 τῶν
998 3569 1174 3623 ἀλλων
1193 3584 1207 3599 ο
1247 3563 1388 3638 ἦσαν
1438 3571 1548 3638 γὰρ
1578 3569 1781 3636 ὁμοίως
1816 3568 1954 3639 αὐτῇ

385 3663 887 3735 κατεσκευασμέναι
906 3679 920 3693 ·
947 3661 1123 3734 πύλης
1143 3662 1200 3715 δὲ
1229 3663 1395 3732 οὺσης
1424 3661 1502 3733 τῷ
1522 3662 1773 3733 φρουρίῳ
1802 3662 1952 3731 μιᾶς,

384 3755 509 3810 ἐπεὶ
546 3756 639 3809 καὶ
671 3753 809 3824 αὐτὴ
831 3752 921 3809 διὰ
958 3753 1053 3807 τὸν
1088 3753 1255 3824 φόϐον
1281 3754 1434 3822 παρὰ
1461 3755 1571 3807 τῶν
1595 3754 1956 3807 ἐνοικούντων

386 3846 815 3918 ἀπῳκοδομήθη,
834 3845 1010 3910 ἄλλως
1025 3846 1070 3900 δ’
1096 3847 1178 3902 ὃτι
1205 3847 1356 3916 καὶὴ
1394 3846 1632 3916 πρώτως
1656 3845 1961 3915 ἀναφθεϊσα

384 3942 532 3995 cinia
562 3940 692 4009 παρ’
736 3939 874 4012 αὐτῇ
898 3934 991 4010 ἦν,
1021 3939 1071 3992 ol
1120 3938 1221 4010 μὲν
1261 3939 1372 3992 τῶν
1399 3939 1783 4006 εἰσελθόντων,
1836 3938 1956 4010 ἅμα

386 4033 442 4088 δι
465 4032 563 4087 καὶ
590 4031 698 4086 τῶν
718 4031 956 4087 ἐποίκων
975 4030 1070 4085 τοῦ
1102 4029 1306 4101 χωρίου
1333 4032 1408 4094 ὡς
1450 4027 1598 4101 εἶχον
1628 4033 1723 4085 ἐπὶ
1751 4031 1814 4084 τδ
1842 4017 1975 4084 τεί-’

358 4110 478 4199 ,χος
508 4124 840 4188 ἀνελθόντες,
885 4124 1178 4191 ἐξέπιπτον
1228 4124 1514 4194 ῥίπτοντες
1561 4125 1789 4209 ἑαυτοὺς
1821 4128 1958 4196 ήμι-

385 4219 623 4288 φλεττῖς.
654 4218 717 4271 0i.
742 4216 820 4278 δὲ,
860 4215 978 4287 ἅμα
1025 4218 1136 4278 τοῖς
1169 4215 1488 4270 κατοικοῦσι
1515 4218 1579 4270 τὸ
1621 4204 1822 4288 χωρίον
1859 4219 1957 4272 ἀν-
1990 4204 2016 4213 “

388 4310 628 4379 θρώποις
673 4326 732 4362 τε
763 4310 858 4362 καὶ
922 4309 1183 4379 κτήνεσιν
1226 4308 1333 4362 ὑπὸ
1375 4308 1472 4362 τοῦ
1510 4313 1686 4381 πυρὸς
1735 4313 1958 4365 ὲναπει-

386 4402 680 4475 λημμένοι,
742 4400 842 4454 οὐκ
897 4399 1148 4471 ἔχοντες,
1214 4401 1244 4455 δ
1305 4419 1358 4455 τι
1423 4402 1763 4474 χρήσωνται,
1823 4405 1963 4475 πρδς

2066 3291 2310 3346 arefacto
2362 3297 2684 3345 contextum
2732 3289 2786 3364 in
2841 3287 3021 3341 focum
3054 3285 3264 3340 decidit
3304 3302 3318 3339 :
3361 3301 3471 3350 quo
3508 3300 3641 3340 casu

2067 3385 2135 3441 de
2180 3383 2366 3439 subito
2432 3380 2896 3450 exsuperantibus
2956 3378 3210 3440 ﬂammis,
3247 3377 3316 3432 ad
3345 3379 3641 3449 contiguas

2028 3540 2031 3541 ν
2065 3478 2213 3533 aedes
2237 3477 2473 3532 similem
2500 3475 2554 3530 in
2582 3475 2806 3529 modum
2836 3473 3133 3528 aedilicatas
3168 3471 3487 3528 incendium
3515 3487 3644 3542 per-

2067 3572 2229 3627 vasit.
2285 3569 2472 3626 Unica
2510 3578 2633 3623 erat
2695 3568 2960 3638 oppidulo
3009 3574 3190 3635 porta,
3255 3581 3362 3635 qua
3419 3574 3648 3635 propter

2069 3674 2275 3717 metum
2323 3662 2631 3721 obstructa,
2679 3668 2733 3712 et
2762 3660 2889 3727 quia
2953 3658 3151 3712 domus
3192 3657 3372 3727 primo
3419 3658 3646 3711 incensa

2068 3769 2239 3826 prope
2260 3763 2401 3821 erat,
2444 3753 2692 3808 nonnulli
2729 3753 2823 3821 qui
2864 3752 3202 3819 irruperant,
3233 3758 3290 3804 et
3318 3749 3543 3819 quidam
3576 3750 3647 3803 de

2068 3847 2283 3904 colonis
2310 3846 2468 3916 ipsis,
2503 3861 2629 3899 cum
2661 3859 2879 3898 nmrum
2937 3841 3179 3912 fugiendi
3220 3857 3406 3905 causa,
3439 3851 3499 3894 ut
3550 3855 3649 3909 po-

2074 3949 2271 4004 terant,
2306 3939 2709 3998 asrendisseut.
2762 3936 2890 3991 inde
2930 3950 2988 3990 se
3038 3934 3409 3990 semiustulati
3452 3933 3645 4003 praeci-

2064 4035 2208 4105 pites
2239 4014 2387 4086 foras
2416 4015 2790 4086 dabant.'Alii
2841 4028 3004 4084 simul
3053 4042 3180 4082 cum
3227 4027 3421 4083 incolis
3479 4036 3533 4080 et
3556 4027 3648 4097 jn-

2068 4126 2270 4181 mentis
2317 4124 2386 4178 ab
2438 4122 2659 4194 ignibus
2725 4121 3041 4189 intercepti,
3102 4120 3414 4175 nescientes
3442 4133 3553 4189 quo
3587 4134 3647 4173 se

2068 4225 2480 4278 converterent,
2540 4216 2594 4269 in
2648 4214 2885 4284 gemitus
2942 4220 2996 4264 et
3041 4212 3424 4266 lamentabiles
3480 4226 3648 4266 voces

2070 4308 2530 4383 prorumpebant.
2566 4307 2632 4362 Et
2669 4315 2788 4360 erat
2819 4306 3070 4376 profecto
3112 4319 3203 4359 res
3257 4304 3419 4374 digna
3470 4303 3651 4375 lacry—

2083 4404 2211 4470 mis,
2248 4401 2552 4457 acerbitate
2606 4398 2846 4455 ustionis
2887 4397 3210 4454 horninibus
3248 4407 3305 4453 et
3345 4397 3652 4468 pecudibus

1627 4517 1843 4580 Jacobi
1876 4517 2145 4582 Pontani
2182 4526 2366 4609 notae.

401 4691 406 4694 .
461 4646 575 4718 (95)
607 4646 880 4718 Cur_non,
915 4660 1064 4718 eum,
1103 4652 1162 4698 ut
1184 4644 1458 4718 sequitur,
1484 4658 1587 4712 pro
1620 4643 1833 4699 insanis
1863 4660 1959 4699 eos
1993 4653 2040 4714 υ
2140 4643 2388 4699 Insnnire
2415 4642 2543 4713 facit
2568 4657 2726 4694 sanos
2759 4654 2965 4711 quoque
2993 4639 3144 4711 capia
3177 4639 3307 4693 vini.

393 4714 654 4774 haberet?
706 4716 880 4770 Etiam
920 4715 1176 4770 Socrates
1225 4714 1506 4768 hominem
1539 4728 1734 4784 parum
1765 4729 1959 4769 sanum

396 4788 498 4844 sibi
533 4787 957 4856 conviciantem,
1002 4799 1109 4856 non
1151 4784 1335 4856 magis
1365 4787 1420 4838 ln
1456 4783 1755 4854 judicium,
1797 4800 1963 4856 quam

394 4857 631 4923 asinum,
686 4857 734 4911 si
782 4855 963 4911 calces
1012 4855 1115 4911 sili
1149 4854 1415 4915 illisissct,
1449 4855 1756 4909 vocandum
1817 4855 1967 4909 arbi-

398 4930 664 4981 trahatur.
706 4926 766 4980 In
796 4924 1218 4981 contemnendis
1258 4925 1566 4980 maledictis
1612 4926 1782 4979 animi
1838 4925 1966 4979 alti-

399 4997 534 5053 tudo
560 4998 696 5052 mire
717 4998 914 5050 elucet.
949 4994 1130 5051 Unum
1164 4995 1292 5056 hoc,
1338 4995 1485 5066 quod
1533 4995 1750 5066 laudari
1789 4996 1966 5065 possit

392 5069 461 5123 de
491 5066 706 5121 Nerone
728 5066 871 5134 apud
908 5065 1234 5121 Suetonium
1257 5064 1389 5135 legi,
1444 5081 1568 5135 cap.
1598 5064 1667 5122 59
1693 5083 1717 5120 ιε
1744 5064 1968 5132 Mirum,

394 5139 592 5207 inquit,
624 5147 674 5191 et
704 5135 785 5191 vel
826 5138 1091 5207 principal:
1136 5134 1523 5200 memorabile,
1549 5135 1685 5191 nihil
1711 5153 1845 5207 eum,
1879 5154 1975 5207 pa-

395 5206 608 5262 tientius
630 5223 791 5278 quam
810 5206 1092 5278 maledicta
1129 5216 1179 5261 et
1203 5208 1441 5261 conuicia
1467 5209 1739 5262 hominum
1767 5206 1971 5270 tulisse,

394 5292 560 5349 neque
610 5277 667 5349 in
712 5277 849 5349 ullos
889 5277 1162 5349 leniorem,
1211 5293 1373 5349 quam
1417 5278 1508 5349 qui
1553 5294 1610 5332 se
1666 5279 1818 5333 divtis
1882 5286 1975 5331 aut

394 5347 719 5403 carminibus
755 5347 1103 5411 lacessissent,
1122 5347 1402 5402 exstitisse.

490 5418 581 5488 95)
623 5418 728 5489 Τὸν
773 5416 920 5489 οἶνον
953 5419 1054 5470 οὒκ
1105 5416 1254 5489 ἔχειν
1295 5417 1580 5487 πηδάλιον,
1635 5421 1814 5474 vinum
1867 5435 1974 5472 non

395 5487 588 5542 habere
604 5488 825 5559 clavum
862 5487 1495 5559 dicebatur—proverbio,
1525 5499 1587 5544 ut
1615 5491 1784 5545 refert
1806 5489 1975 5545 Athe-

397 5572 573 5620 naeus,
602 5557 701 5614 lib.
730 5573 784 5612 ι.
812 5559 1064 5629 hbrietas
1099 5557 1335 5629 namque
1375 5559 1511 5614 nihil
1557 5561 1830 5626 consulte,
1870 5574 1973 5614 nec

404 5629 685 5699 moderate
707 5629 791 5683 vel
820 5628 1028 5690 dicere,
1056 5628 1141 5684 vel
1166 5628 1347 5684 facere
1370 5629 1680 5695 consuevit,
1721 5647 1845 5687 cum
1874 5645 1970 5699 per

398 5713 523 5753 eam
573 5697 733 5762 ratio,
781 5713 904 5768 quae
944 5699 1166 5768 sobrios
1216 5714 1407 5767 regere
1465 5709 1724 5768 tanquam
1779 5697 1972 5757 clavus

400 5768 588 5841 debet,
617 5768 908 5823 obruatur.
937 5767 1146 5823 Ibidem
1173 5770 1274 5824 hoc
1306 5767 1624 5839 profertur:

476 5854 628 5925 Οῐνος
659 5860 755 5914 καὶ
797 5860 1124 5933 φρονέοντας
1149 5863 1205 5926 ἐς
1233 5864 1552 5933 ἀφροσύνην
1581 5863 1896 5920 ἀναϐάλλει.

1236 6158 1265 6167 -ο

2076 4737 2231 4791 Plato
2255 4737 2351 4791 lih.
2384 4752 2396 4789 ι
2429 4735 2501 4788 De
2530 4734 2752 4804 legibus,
2784 4749 2897 4804 non
2918 4734 3096 4788 solum
3127 4748 3339 4798 senem,
3366 4732 3459 4788 sed
3485 4730 3653 4787 etiam

2076 4808 2439 4864 temulentum
2479 4803 2835 4875 bis’puerum
2874 4803 3274 4875 ﬁeriallirmat.

2148 4876 2260 4949 (96)
2301 4877 2358 4949 In
2394 4871 2705 4949 Graeco'est
2742 4874 3003 4949 σκοποὺς,
3054 4875 3199 4944 quod
3227 4873 3357 4949 quid
3397 4871 3651 4949 illic_sit,

2074 4942 2186 5003 non
2220 4947 2355 5002 satis
2393 4948 2587 5016 liquet,
2633 4946 2799 5016 etiam
2836 4945 2882 4999 si
2931 4942 3099 4999 metas
3140 4942 3462 5000 transferas.
3520 4942 3656 4997 For-

2079 5030 2223 5073 tasse
2255 5015 2496 5088 speculas
2528 5015 2805 5088 appellare
2833 5016 3022 5070 debui.

2146 5089 2258 5159 (97)
2284 5085 2618 5159 ’Adjecimus
2662 5086 2730 5140 de
2772 5096 2983 5159 nostro
3024 5101 3123 5156 per
3166 5085 3531 5159 parenthesin
3577 5086 3686 5150 (κεν

2070 5156 2193 5214 sunt
2227 5159 2440 5213 calones
2465 5166 2514 5211 et
2555 5156 2701 5220 lim)
2731 5157 3116 5225 explicationis
3158 5172 3324 5212 causa
3370 5157 3650 5210 videlicet.

2074 5229 2343 5285 Habuisse
2371 5239 2555 5282 autem
2605 5229 2812 5281 milites
2851 5241 2982 5281 suos
3011 5241 3228 5284 servos.
3262 5229 3427 5281 etiam
3454 5242 3520 5280 ex
3553 5226 3656 5280 hac

2077 5301 2306 5355 historia
2344 5298 2596 5369 pluribus
2624 5299 2760 5369 locis
2787 5297 3162 5369 cognoscitur.
3206 5298 3275 5353 Et
3300 5308 3456 5352 erant
3481 5295 3651 5359 servi,

2077 5382 2136 5425 ut
2168 5372 2295 5440 equi
2322 5368 2607 5439 sagittarii,
2651 5368 2899 5440 ferendis
2947 5371 3137 5440 armis,
3162 5375 3507 5440 iannona.__et
3537 5380 3657 5419 sar-

2074 5436 2238 5503 cinis,
2269 5436 2410 5510 quos
2436 5441 2501 5510 ad
2532 5438 2934 5510 restituendam
2977 5438 3323 5510 disciplinam
3358 5436 3650 5510 militarem

2078 5506 2434 5565 removerunt
2458 5509 2519 5565 P.
2550 5508 2736 5579 Scipio
2770 5509 3061 5564 Africanus
3090 5506 3234 5577 apud
3277 5506 3656 5579 Numantiam,

2077 5581 2329 5637 Metellus
2354 5581 2411 5635 in
2445 5575 2949 5641 Africa—Valerius,
2975 5579 3074 5633 lib.
3104 5575 3201 5641 vn,
3232 5594 3352 5636 can.
3383 5577 3445 5634 7;
3483 5575 3655 5629 Fron-

2079 5653 2246 5719 tinus,
2273 5651 2368 5709 lib.
2414 5666 2487 5717 Iv,
2533 5666 2655 5720 cap.
2698 5652 2753 5702 l.
2787 5649 2919 5704 Vide
2947 5649 3109 5705 Joau.
3151 5648 3376 5703 Antonii
3401 5645 3654 5720 Valtrinj.

2076 5722 2154 5777 De
2199 5716 2397 5777 militia
2433 5716 2670 5777 ueterum
2721 5721 3102 5782 Romanorum,
3148 5720 3249 5773 lib.
3289 5733 3372 5784 ιιι,
3419 5731 3543 5785 cap.
3597 5716 3655 5779 8,

1988 5822 2003 5833 κ
2075 5794 2224 5863 quod
2260 5792 2434 5849 estde
2465 5793 2762 5865 generibus
2796 5790 3104 5856 hominum,
3131 5790 3420 5861 quicastra
3450 5800 3648 5855 sequo-

2076 5873 2284 5921 I‘CIIlUI‘.
