4028 6442
533 355 634 418 931

1706 357 2029 418 JOANNIS
2068 359 2595 419 CANTACUZENI
3664 374 3754 434 m

532 481 702 534 tatur,
730 470 894 538 idque
922 468 1194 522 bonorum
1225 484 1290 524 ac
1320 467 1675 539 prudentium
1714 470 2079 552 munus.vide

2218 487 2402 532 στωιος
2438 470 2658 540 ἐφεξῆς,
2688 471 2852 524 Οὐδὲν
2893 470 3140 525 ἐνέλιπεν
3167 475 3193 526 ὀ
3225 473 3506 542 βασιλεὺς,
3537 477 3655 549 ἔφη,
3677 485 3758 534 to;

531 563 600 618 ri.
631 563 845 630 Quibus
870 562 1016 616 enim
1058 563 1424 616 incommodis
1457 564 1735 632 quispiam
1771 563 2112 617 necessarios

529 669 660 708 suos
689 662 747 708 et
774 654 1138 724 homnpbylos
1165 653 1469 707 conﬂictari
1497 655 1721 722 patitur,
1754 653 1948 706 iisdem
1996 653 2110 719 ipse

531 747 753 801 nescius
781 745 1172 800 conflictatur:
1216 756 1270 799 ct
1329 745 1504 799 solum
1556 746 1704 798 cives
1733 759 1863 797 suos
1889 744 2106 807 vicisse,

532 856 639 892 non
668 839 886 900 vicisse,
916 837 1010 890 sed
1047 837 1363 905 turpissime
1392 837 1599 889 victum
1623 851 1745 890 esse
1770 836 2108 890 arbitremur

531 931 681 984 licet.
711 930 887 996 Caput
911 944 974 982 ac
1012 943 1223 982 summa
1257 928 1452 980 horum
1484 937 1588 990 est,
1619 929 1789 982 Deum
1823 931 2110 982 universo-

537 1037 660 1074 rum
730 1020 1126 1088 inspectoretn,
1178 1020 1306 1087 quia
1367 1036 1468 1072 nos
1517 1021 1698 1074 oblata
1742 1019 2106 1089 prosperitate

530 1119 723 1181 probe.
759 1123 947 1179 atque,
972 1122 1026 1163 ut
1083 1111 1363 1173 convenit,
1405 1126 1468 1164 ac
1519 1113 1635 1164 sine
1671 1112 1812 1164 fastu
1862 1111 1962 1175 uti,
2002 1126 2106 1164 nec

530 1203 656 1256 inde
687 1217 861 1255 saevos
889 1213 942 1254 et
981 1201 1250 1255 immanes
1278 1201 1518 1255 evasisse
1569 1201 1740 1265 videt,
1774 1203 1966 1256 multis
2001 1201 2107 1254 hu-

529 1293 837 1362 juscemodi
900 1308 963 1347 ac
997 1293 1298 1363 majoribus
1323 1294 1487 1346 etiam
1518 1293 1805 1346 beneﬁciis
1847 1308 2108 1362 prosccu-

532 1397 738 1438 turum.
773 1385 828 1438 Si
863 1385 1195 1455 igiturjusta
1224 1394 1278 1437 et
1307 1385 1639 1447 necessaria,
1674 1384 1717 1437 si
1763 1399 1888 1436 cum
1928 1384 2106 1437 salute

527 1487 582 1531 et
615 1477 785 1545 gloria
823 1484 1004 1529 vestra
1038 1477 1352 1530 consociata
1389 1485 1518 1528 sunt
1547 1491 1670 1544 quae
1700 1477 2102 1541 consuluntur,

533 1567 638 1620 hoc
675 1581 844 1619 unum
877 1577 1150 1636 superest,
1178 1575 1238 1618 ut
1286 1579 1384 1618 nos
1436 1579 1654 1633 quoque
1703 1564 2104 1618 assentiamini.

531 1659 644 1729 Ego
690 1659 806 1728 ipse
837 1674 959 1728 quae
1002 1659 1146 1712 dicta
1177 1666 1306 1712 sunt
1374 1657 1638 1725 approbo,
1672 1657 1928 1724 idemque
1982 1669 2106 1710 sen-

531 1750 608 1804 tio
639 1768 654 1803 :
692 1766 880 1818 pacem
908 1747 1284 1817 accipiendam
1322 1749 1644 1816 pronuntio,
1698 1757 1755 1800 et
1818 1755 1918 1815 pro
1982 1761 2103 1802 mea

2217 561 2292 632 μὴ
2313 562 2522 626 διδάξαι
2557 563 2669 615 τῶν
2697 564 2925 616 δεόντων
2955 567 3100 632 ἡμᾶς
3125 565 3257 617 ὥσθ’
3283 567 3466 638 ἕτερόν
3486 587 3603 623 τινα
3630 571 3758 640 ἔχειν

2210 655 2323 715 τοῖς
2379 655 2693 725 εἰρημένοις
2750 656 3088 724 προσθεῖναι.
3163 657 3235 709 Τό
3297 676 3356 710 τε
3409 660 3515 729 γὰρ
3562 663 3618 713 έν
3654 666 3760 728 ταῖς

2211 745 2489 813 εὐτυχίαις
2539 747 2613 815 μὴ
2665 745 2978 815 φυσῆσθκι,
3030 751 3326 818 σωφρόνων
3370 753 3464 802 καὶ
3515 755 3760 824 ἀνδρείων

2211 835 2496 900 ἀπέδειξεν
2544 836 2604 889 ὃν
2652 837 2899 904 ἀνδρῶν’
2953 841 3044 890 καί
3103 840 3163 891 τὸ
3213 841 3337 904 τοὺς
3385 846 3758 912 γεγεννηκότας

2210 927 2476 980 αἰδεῖσθαί
2501 945 2557 981 τε
2606 930 2702 982 καὶ
2731 931 2918 998 τιμᾷν,
2959 933 3051 982 καί
3083 931 3294 984 δίκαιον
3335 933 3449 1001 ἅμα
3480 935 3569 986 καὶ
3609 937 3762 1000 ἀναγ-

2211 1022 2385 1072 καῖον.
2441 1021 2548 1072 Καὶ
2605 1019 2664 1070 τὸ
2718 1020 2824 1071 τῶν
2879 1021 3172 1089 ὁμοφύλων
3222 1022 3480 1093 κήδεσθαι
3514 1025 3605 1077 καὶ
3645 1027 3761 1096 περὶ

2211 1113 2466 1166 πλείστου
2501 1113 2597 1182 τὴν
2630 1113 2906 1182 σωτηρίαν
2930 1114 3108 1166 αὐτῶν
3132 1116 3430 1176 ποιεῖσθαι,
3460 1120 3549 1169 καὶ
3587 1118 3658 1188 μὴ
3684 1118 3762 1170 διὰ

2211 1205 2551 1270 φιλονεικίαν
2575 1205 2956 1275 φθειρομένοις
2993 1209 3280 1278 περιυρᾷν,
3323 1207 3463 1273 ἀλλ’,
3486 1209 3532 1260 εἰ
3580 1208 3672 1270 δεῖ,
3715 1209 3760 1260 τί

2210 1293 2306 1346 καὶ
2356 1296 2468 1347 τῶν
2521 1295 2741 1346 οἰκείων
2809 1295 3093 1363 προΐεσθαι
3143 1296 3239 1349 τοῦ
3298 1296 3566 1360 σώζεσθαι
3613 1298 3760 1350 ἕνεκα

2207 1385 2416 1447 αὐτοῖς,
2447 1385 2507 1437 οὐ
2533 1385 2693 1454 μόνον
2727 1385 2969 1453 ἀγαθῶν,
3007 1389 3144 1440 ἀλλὰ
3182 1389 3270 1440 καί
3317 1388 3528 1440 συνέσει
3581 1404 3762 1455 κεχρη-

2211 1477 2389 1545 μένων
2423 1475 2726 1546 ἀνθρώπων
2757 1474 2917 1531 εἶναι.
2942 1474 3038 1540 Οἷς
3065 1483 3173 1548 γὰρ
3203 1481 3268 1532 ἄν
3293 1497 3373 1540 τις
3399 1481 3522 1540 τοὺς
3547 1480 3761 1538 οἰκείους

2209 1570 2300 1620 καί
2339 1568 2631 1635 ὁμοφύλοις
2684 1569 3070 1642 φθειρομένοις
3125 1570 3427 1640 περιορῴη,
3459 1572 3566 1631 τοῖς
3597 1569 3762 1629 αὐτοῖς

2206 1661 2418 1723 τούτοις
2446 1661 2610 1713 αὐτόν
2637 1663 2754 1714 ἐστι
2785 1663 3110 1731 φθείρεσθαι
3132 1663 3430 1729 ἀγνοοῦντα
3451 1678 3464 1693 ⁸
3486 1663 3577 1714 καὶ
3609 1660 3760 1730 μόνην

2206 1753 2308 1821 τὴν
2365 1754 2505 1804 κατά
2549 1751 2657 1804 τῶν
2702 1752 3000 1820 ὁμοφύλων
3059 1754 3219 1824 νίκην
3249 1796 3263 1817 ,
3295 1745 3762 1826 ἦττανάἰσχίσιῃν

530 1853 685 1910 parte
715 1850 888 1895 ratam
918 1841 1115 1895 habeo.
1145 1840 1269 1893 llaec
1293 1839 1386 1892 illo
1415 1841 1705 1908 prolocuto
1739 1847 2095 1908 protostrator

2206 1844 2321 1896 ἀλλ’
2350 1844 2409 1895 ού
2438 1843 2590 1914 νίκην
2613 1844 2859 1911 νομίζειν
2891 1845 3022 1914 χρή.
3049 1846 3362 1913 Κεφάλαιον
3385 1846 3442 1898 δὲ
3467 1843 3716 1897 ἐπὶτοῦτο
3739 1860 3761 1904 ς

532 1932 953 2010 οοιιευῑι,ηιιοι1
988 1933 1291 2000 imperator
1315 1933 1380 1985 de
1413 1946 1545 2000 pace
1590 1930 1908 2000 accipienda
1936 1929 2101 1984 verba

528 2025 770 2089 fecisset,
791 2036 846 2079 et
879 2039 1111 2095 magnus
1141 2023 1481 2077 domesticus
1497 2024 1546 2076 ei
1580 2023 1916 2099 suliragatus
1935 2029 2099 2084 esset,

526 2128 676 2173 recte
737 2119 964 2182 factum,
998 2125 1057 2172 et
1095 2117 1280 2170 caeteri
1327 2130 1540 2178 omnes,
1593 2115 1820 2183 ingratis
1851 2113 2100 2182 quidem,

525 2209 711 2264 statim
750 2217 933 2262 tamen
969 2221 1165 2260 manus
1195 2205 1492 2261 dederunt.
1529 2203 1666 2257 Pace
1703 2201 1948 2256 omnium
1979 2217 2105 2256 seu-

525 2301 710 2356 tentiis
741 2301 981 2362 decreta,
1017 2313 1236 2353 rursum
1258 2295 1828 2366 quaesivitimperator
1850 2332 1865 2358 ,
1899 2291 2098 2362 ecquid

527 2408 717 2462 pacem
735 2390 992 2460 componi
1012 2389 1173 2444 talem
1199 2394 1502 2458 oporteret,
1540 2401 1663 2455 quae
1689 2386 1842 2438 firma
1869 2400 1932 2438 ac
1949 2395 2100 2438 certa

528 2497 750 2550 semper
777 2485 1050 2545 maneret,
1104 2487 1162 2533 et
1199 2477 1427 2546 posthac
1456 2475 1774 2544 suspicione
1803 2483 2099 2544 praetextu-

529 2590 636 2644 que
657 2572 786 2628 belli
821 2579 1038 2627 careret
1067 2568 1422 2624 omnimodis.
1454 2566 1592 2620 Tum
1629 2580 1857 2633 magnus
1915 2565 2100 2619 dome-

528 2667 724 2731 sticus,
746 2673 807 2719 ut
835 2664 930 2733 qui
960 2673 1120 2716 antea
1155 2677 1280 2715 cum
1311 2675 1378 2715 eo
1414 2669 1815 2714 commentatus
1835 2665 2005 2720 esset,
2033 2658 2099 2711 de

529 2773 729 2828 genere
762 2758 915 2826 pacis
942 2755 1068 2810 talia
1095 2753 1255 2818 dixit,
1287 2769 1319 2808 e
1341 2754 1545 2823 quibus
1572 2767 1680 2806 non
1717 2752 1786 2806 de
1825 2751 2097 2806 industria

526 2851 740 2912 venire.
773 2848 866 2903 sed
897 2847 1226 2903 necessitate
1248 2846 1484 2915 quadam
1519 2842 1586 2898 ad
1625 2854 1784 2914 pacta
1812 2852 1869 2898 et
1900 2842 2096 2898 condi-

529 2947 728 3005 tiones,
760 2941 912 3011 pacis
939 2956 1104 2995 causa
1138 2937 1458 2994 subeundas
1493 2935 1748 3005 compelli
1795 2935 2094 2990 videretur.

526 3035 619 3090 Sic
647 3049 778 3106 ergo
803 3033 946 3089 fatus
975 3042 1062 3090 est
1086 3049 1103 3089 :
1136 3031 1469 3095 Paciﬁcatio,
1501 3031 1818 3099 imperator,
1840 3028 2094 3098 98.nou

2202 1936 2278 1998 ὡς
2305 1937 2334 1988 ὁ
2359 1937 2537 1988 πάντα
2571 1936 2785 2006 ἐφορῶν
2813 1935 2946 1998 Θεὸς
2979 1941 3044 2006 τῇ
3077 1937 3340 2008 περιούσῃ
3363 1935 3586 2006 εὐτυχίᾳ
3605 1933 3760 2004 ὀρθῶς

2203 2030 2298 2082 καὶ
2327 2029 2404 2091 ὡς
2443 2029 2692 2100 προσῆκε
2725 2030 2822 2081 καὶ
2859 2032 2999 2097 μετά
3025 2029 3262 2096 ἀτυφίας
3295 2031 3439 2099 ὁρῶν
3483 2027 3760 2098 χρωμένοις

2203 2123 2370 2192 ἡμᾶς,
2409 2123 2502 2174 καὶ
2534 2121 2609 2189 μὴ
2635 2120 2822 2191 ὠμούς
2854 2139 3025 2187 τινας,
3061 2128 3154 2175 καὶ
3191 2123 3590 2192 ἀπανθρώπως
3621 2135 3760 2186 γεγε-

2203 2217 2471 2284 νημένους
2498 2214 2594 2267 καὶ⁸
2625 2216 2724 2285 τὴν
2755 2214 2918 2283 φύσιν
2953 2215 3122 2285 ἀγνοή
3136 2233 3370 2279 ταντας,
3407 2215 3606 2285 ἐτέρων
3646 2211 3760 2264 πολ-

2202 2307 2310 2360 λῶν
2342 2306 2620 2373 τοιούτων,
2648 2307 2681 2375 ἢ
2727 2308 2823 2360 καὶ
2859 2307 3127 2360 πλειόνων
3175 2310 3268 2360 καὶ
3316 2303 3757 2377 θαυμασιωτέρων

2201 2400 2658 2469 εὐεργετημάτων
2687 2397 2976 2467 ἀξιώσειεν
3002 2402 3086 2455 ἄν.
3123 2403 3183 2454 Εἰ
3205 2399 3298 2454 οὖν
3326 2401 3514 2455 δίκαιά
3544 2416 3599 2450 τε
3639 2393 3758 2464 ἐμοῖο
3797 2456 3804 2460 _

2202 2493 2296 2546 καὶ
2321 2493 2593 2559 ἀναγκαῖα
2622 2493 2691 2546 τά
2724 2491 3135 2562 βεϐουλευμένα
3155 2535 3170 2560 ,
3201 2495 3304 2547 καὶ
3343 2494 3479 2563 πρὸς
3522 2490 3582 2543 τὸ
3625 2485 3758 2539 εὑδοο

2203 2585 2310 2647 ξεῖν
2339 2584 2435 2636 καί⁵
2465 2584 2528 2636 τὸ
2555 2582 2826 2648 σώζεσθαι
2862 2583 3272 2648 λυσιτελοῦντα,
3296 2585 3454 2640 οὐδὲν
3491 2583 3570 2636 έτι
3591 2581 3758 2631 λεῖπον

2200 2675 2233 2743 ἢ
2281 2671 2706 2744 ἐπιψηφίζεσθαι
2745 2676 2842 2726 καὶ
2897 2675 3068 2744 ὑμᾶς.
3127 2676 3299 2738 Αὐτὸς
3358 2676 3467 2748 γὰρ
3512 2670 3678 2742 ὀρθῶς
3707 2683 3758 2718 τι

2198 2749 2642 2835 οἰόμενοςέχειν
2679 2766 2749 2818 τὰ
2807 2766 3080 2836 εἰρημένα
3133 2766 3229 2820 nat
3263 2765 3472 2834 ὁμοίως
3517 2760 3638 2830 περὶ
3664 2759 3759 2811 τῶν

2199 2859 2266 2911 αὐ
2277 2859 2381 2910 τῶν
2399 2859 2631 2925 φρονῶν,
2651 2859 2880 2931 γνώμην
2907 2859 3102 2929 δίδωμι
3131 2860 3396 2931 δέχεσθαι
3414 2858 3514 2937 τὴν
3530 2855 3756 2926 εἰρήνην,

2203 2957 2292 3002 και
2331 2951 2390 3003 τὸ
2419 2951 2550 3021 ἐμὸν
2580 2953 2743 3023 μέρος
2777 2952 3049 3024 ὲπικυρῶ.
3077 2951 3332 3007 Τοιαῦτα
3364 2950 3459 3005 καὶ
3486 2946 3579 3000 τοῦ
3609 2941 3761 3014 μιγά-

2173 3041 2290 3094 -λου
2320 3036 2648 3112 δομεστίκου
2668 3045 2976 3115 εἰρηκότος,
3030 3045 3058 3098 ὅ
3080 3060 3140 3096 τε
3171 3041 3620 3112 πρωτοστράτωρ
3648 3038 3758 3088 ἑπε-

523 3127 758 3198 ampiius
801 3124 1072 3198 ejusmodi
1099 3123 1455 3194 suscipienda
1485 3132 1592 3188 est,
1636 3132 1699 3214 ut
1725 3121 2092 3176 calumniato-

2198 3133 2466 3202 ψηφίζετο
2493 3135 2746 3204 δέχεσθαι
2775 3135 2874 3206 τὴν
2904 3137 3150 3206 εἰρήνην,
3173 3134 3358 3205 ὀρθῶς
3395 3133 3486 3186 τόν
3527 3147 3583 3184 τε
3610 3127 3749 3198 βασι-

525 3233 681 3288 t-ibus
705 3230 977 3302 speciosis
1013 3227 1397 3283 Occasiunibus
1441 3225 1675 3282 facultas
1705 3233 1980 3296 suppetat,
2004 3240 2095 3280 ve-

526 3333 705 3379 strum
737 3319 1010 3376 utrumvis
1043 3320 1183 3388 apud
1219 3319 1452 3373 alterum
1488 3317 1866 3378 insimulandi,
1894 3323 1950 3370 et
1975 3315 2092 3369 bel-

523 3417 638 3471 lum
663 3411 1032 3468 incendendi:
1065 3409 1212 3480 quod
1244 3424 1355 3463 non
1386 3409 1563 3462 solum
1599 3407 1756 3461 vobis
1780 3421 1905 3470 cum
1942 3407 2094 3474 igno-

499 3499 695 3557 'miuia
724 3511 904 3557 vestra
955 3501 1218 3555 maximas
1253 3497 1698 3568 opportunitates
1755 3503 2092 3564 corrumpat,

523 3596 621 3651 sed
657 3595 823 3650 etiam
857 3593 1149 3656 universis,
1197 3590 1292 3661 qui
1343 3591 1402 3644 in
1428 3590 1635 3644 ditione
1663 3596 1865 3653 vestra,
1896 3601 1960 3642 ac
1997 3602 2095 3656 po-

525 3695 723 3743 testate
747 3693 898 3751 sunt,
948 3701 1123 3756 genus
1153 3699 1316 3738 omne
1346 3683 1619 3736 malorum
1661 3681 1878 3736 inferat.
1935 3680 2092 3746 Quod

521 3779 670 3833 cnim
702 3778 918 3832 duabus
949 3777 1324 3832 animantibus
1379 3775 1580 3828 robore
1617 3783 1673 3828 et
1713 3773 2091 3844 magnitudine

522 3887 817 3940 corporum
851 3870 1162 3942 insignibus
1211 3865 1475 3922 acciderit
1503 3867 1600 3936 (7),
1636 3866 1743 3920 hoc
1774 3866 1930 3920 vobis
1963 3882 2091 3921 usu-

520 3964 692 4018 venit.
723 3961 858 4017 Nam
891 3961 1169 4030 quomodo
1197 3959 1306 4012 illis
1332 3958 1388 4010 in
1420 3973 1478 4013 se
1506 3967 1696 4010 mutuo
1725 3957 2088 4024 irruentibus,

523 4070 588 4109 ac
619 4053 1021 4124 praeliantibus.
1049 4066 1172 4121 qua:
1204 4049 1347 4103 intra
1374 4047 1541 4117 pedes
1565 4057 1711 4116 sunt,
1747 4051 1930 4104 omnia
1957 4065 2090 4112 con-

523 4149 626 4201 teri
663 4162 727 4201 ac
750 4145 994 4214 disperdi
1029 4151 1460 4198 consentaneum
1492 4150 1597 4206 est,
1628 4157 1752 4196 cum
1784 4150 1967 4197 tamen
1997 4143 2087 4196 illa

517 4238 654 4293 niiul
693 4251 1024 4307 quemquam
1054 4234 1297 4288 laeserint
1327 4249 1341 4287 :
1378 4233 1459 4289 sic
1487 4234 1645 4288 vobis
1696 4233 1931 4289 invicem
1973 4233 2090 4288 bel-

515 4331 781 4392 lantibus,
811 4327 1042 4396 subjecti
1071 4325 1391 4381 innocentes
1424 4326 1652 4395 pereant
1675 4333 1914 4394 oportet.
1943 4323 2089 4390 Quo-

515 4423 662 4476 circa
698 4437 806 4474 non
831 4411 995 4473 modo
1028 4417 1107 4471 uti
1148 4433 1252 4486 pax
1274 4427 1664 4487 componatur,
1705 4417 1802 4471 sed
1833 4427 1894 4471 ut
1927 4432 2081 4470 com-

2199 3225 2294 3276 λέα
2314 3225 2618 3294 εἰρηκέναι,
2651 3226 2744 3280 τόν
2790 3243 2850 3279 τε
2910 3225 3086 3296 μέγαν
3131 3225 3454 3295 δομέστικον
3496 3218 3750 3275 συνειπεῖν

2197 3316 2370 3385 αὐτῷ,
2401 3316 2590 3372 εἰπών.
2620 3320 2732 3372 Καὶ
2758 3321 2806 3372 οἰ
2853 3319 3032 3372 λοιποὶ
3085 3320 3286 3380 πάντες
3339 3318 3518 3380 εὐθὺς,
3545 3313 3748 3368 ἄκοντες

2199 3409 2321 3478 μὲν,
2343 3410 2749 3478 ὲπεψηφίζοντο
2778 3410 2826 3463 δ’
2872 3407 2969 3465 οὖν
3001 3413 3150 3482 ὅμως
3174 3427 3190 3442 ⁶
3217 3415 3442 3467 πάντων
3483 3411 3540 3463 δὲ
3575 3403 3752 3473 ἐπιψηο

2197 3500 2514 3569 φισαμένων
2558 3501 2658 3571 τὴν
2709 3501 2957 3572 εἰρήνην,
3001 3502 3340 3557 ἐπυνθάνετο
3369 3500 3521 3564 αὖθις
3552 3499 3578 3550 ὁ
3607 3495 3748 3565 βασι·

2196 3589 2354 3655 λεὺς,
2394 3591 2443 3641 εἰ
2474 3589 2733 3658 τοιαύτην
2784 3589 2898 3643 δέοι
2937 3592 3037 3656 τὴν
3083 3592 3311 3662 εἰρήνην
3343 3592 3594 3662 γενέσθαι
3621 3583 3746 3636 ὥστε

2197 3680 2422 3750 βεϐαίαν
2452 3679 2591 3734 εἶναι
2623 3683 2730 3749 ἀεὶ,
2758 3685 2855 3735 καὶ
2881 3682 3155 3752 μηδεμίαν
3197 3684 3440 3754 ὑποψίαν
3475 3682 3689 3748 ὕστερον
3717 3671 3744 3738 ἦ

2195 3773 2466 3842 πρόφασίν
2495 3789 2618 3826 τινα
2648 3773 2886 3842 πολέμου
2918 3773 3085 3844 ἔχειν.
3127 3773 3185 3827 Ὀ
3217 3774 3275 3827 δέ
3299 3792 3364 3843 γε
3401 3774 3574 3843 μέγας
3606 3764 3749 3834 δομέ·

2195 3882 2401 3930 στικος,
2431 3859 2518 3916 οἷα
2549 3863 2612 3934 δὴ
2641 3865 2908 3934 πρότερον
2937 3867 3054 3933 ἅμα
3083 3865 3297 3934 βασιλεῖ
3323 3865 3510 3919 ὁποίαν
3539 3856 3652 3914 τινὰ
3679 3853 3750 3904 δεῖ

2193 3959 2416 4028 εἰρήνην
2444 3957 2698 4024 γενέσθαι
2733 3955 3185 4024 βεϐουλευμένος,
3217 3957 3497 4017 τοιούτους
3530 3950 3773 4013 ἐποιεῖτο.

2191 4055 2316 4116 τοὺς
2351 4052 2564 4119 λόγους,
2595 4050 2670 4113 ὡς
2704 4051 2879 4103 δοκεῖν
2916 4051 3018 4102 οὐκ
3042 4051 3385 4119 ἐξεπίτηδες,
3413 4048 3526 4102 ἀλλ’
3552 4043 3747 4108 ἀνάγκῃ

2191 4146 2296 4197 τινὶ
2328 4143 2465 4213 πρὸς
2507 4143 2604 4204 τὰς
2654 4142 2748 4193 ἐπὶ
2803 4144 2914 4204 τοῖς
2961 4142 3224 4204 τοιούτοις
3269 4142 3560 4212 ὁμολογίας
3595 4148 3744 4188 συνω·

2192 4234 2424 4287 θεῖσθαι.
2460 4234 2595 4287 Δέον
2655 4234 2786 4302 γὰρ,
2843 4234 3052 4301 ἔλεγεν,
3100 4230 3262 4298 εἶναι,
3297 4230 3344 4289 ῶ
3398 4227 3649 4305 βασιλεῦ,
3679 4222 3746 4292 μὴ

2190 4326 2355 4380 πάλιν
2414 4328 2547 4396 ἡμῖν
2581 4326 2677 4385 τὰς
2709 4328 2804 4378 ἐπὶ
2836 4328 2904 4396 τῇ
2940 4329 3133 4398 εἰρήνῃ
3182 4329 3486 4398 συμϐάσεις
3510 4319 3746 4376 τοιαύτας

2191 4417 2472 4484 γενέσθαι,
2511 4416 2654 4470 ὥστε
2686 4417 2812 4481 τοὺς
2840 4419 3190 4487 συκοφάντας
3237 4422 3507 4491 ἐγχωρεῖν
3551 4410 3748 4485 προφά-

471 4511 478 4519 ’
516 4513 694 4584 posita
740 4527 809 4566 ne
869 4509 1091 4564 vacillet
1138 4524 1202 4564 ac
1239 4486 1573 4565 dissolvatur
1620 4508 1920 4562 videndum
1976 4517 2081 4561 est.

2198 4525 2332 4562 σεων
2365 4509 2736 4578 εὐπροσώπων
2771 4486 3146 4578 εὐπορούντας
3175 4486 3340 4583 ὑμᾶς-
3359 4486 3484 4575 τοὺς
3508 4505 3745 4582 βασιλέας

517 4607 735 4664 Etenim
784 4607 871 4670 si,
909 4603 1368 4673 quemadmodum
1422 4602 1674 4664 antehac,
1725 4615 1837 4654 non
1890 4614 2080 4668 pacem

515 4699 789 4761 stabilem,
821 4697 914 4751 sed
940 4704 1195 4766 tanquam
1217 4693 1469 4749 inducias
1495 4692 1691 4746 facturi
1723 4706 1939 4753 sumus,
1968 4705 2086 4744 om-

513 4789 647 4845 nino
676 4787 878 4842 nullam
936 4785 1055 4840 fieri
1111 4783 1286 4838 satius
1315 4791 1423 4837 est.
1472 4780 1614 4846 Quid
1663 4794 1904 4847 namque
1929 4779 2081 4833 aliud

511 4879 967 4950 exspectandum,
999 4891 1161 4947 quam
1196 4885 1258 4930 ut
1289 4873 1384 4943 qui
1425 4871 1606 4926 fredus
1653 4871 1868 4940 priores
1911 4871 2077 4942 perti-

457 4972 461 4975 ’
514 4974 667 5029 diose
703 4979 994 5041 ruperunt,
1027 4969 1234 5024 scelere
1277 4980 1340 5019 se
1384 4962 1770 5030 obstringam?
1809 4962 1932 5019 Haec
1983 4964 2077 5019 ubi

2191 4599 2329 4670 πρὸς
2374 4598 2634 4670 ἀλλήλους
2683 4601 2997 4654 διαϐάλλειν
3030 4604 3127 4655 καὶ
3153 4605 3246 4655 τὸν
3291 4605 3533 4672 πόλεμον
3565 4596 3743 4655 κινεῖν,

2191 4691 2254 4743 οὐ
2304 4691 2464 4760 μόνον
2512 4693 2642 4760 ὑμῖν
2683 4691 2900 4756 ἀδοξίαν
2949 4694 3066 4761 ἅμα
3093 4695 3189 4747 καὶ
3223 4697 3305 4758 εἰς
3326 4697 3395 4750 τὰ
3425 4690 3746 4763 καιριώτατα

2189 4782 2411 4852 ζημίαν.
2439 4782 2576 4836 ἀλλά
2606 4788 2698 4835 καὶ
2728 4783 2807 4852 τῷ
2848 4785 3078 4857 ὑπηκόῳ
3125 4789 3292 4840 παντὶ
3317 4787 3588 4840 παντοίων
3618 4795 3744 4849 προ-

2188 4874 2448 4941 ξενοῦντα
2480 4877 2654 4946 φορὰν
2699 4876 2907 4930 κακῶν.
2944 4878 3339 4950 Παραπλήσιον
3377 4879 3486 4950 γὰρ
3518 4869 3742 4945 συμϐαί·-

2185 4983 2266 5018 νει
2301 4969 2394 5020 καὶ
2431 4969 2517 5035 ἐφ’
2554 4969 2709 5038 ἡμῖν,
2748 4970 2932 5022 ὁποῖον
2978 4969 3044 5024 ἂν
3096 4971 3192 5024 καὶ
3239 4975 3334 5025 ἐπὶ
3381 4971 3503 5023 δυσὶ
3533 4969 3636 5020 τῶν
3659 4964 3743 5014 ἐπὶ

514 5065 792 5137 principes
821 5078 886 5118 ac
933 5060 1141 5118 milites
1178 5056 1408 5112 auribus
1441 5055 1763 5120 hauserunt,
1794 5055 1918 5110 talia
1948 5070 2076 5111 eum

2198 5061 2344 5133 δώμῃ
2399 5064 2495 5115 καὶ
2541 5061 2764 5132 μεγέθει
2809 5062 3242 5133 θαυμαζομένων
3295 5065 3538 5134 συμϐαίη
3573 5059 3736 5125 ζώων.

1770 5175 1990 5237 Jacobi
2019 5179 2284 5241 Pontani
2325 5189 2513 5242 notua.

579 5291 654 5355 (7)
692 5285 889 5340 Ἐῐκὼν
919 5295 976 5340 et
1020 5283 1271 5355 parabola
1329 5280 1699 5355 festiva,__qua
1725 5291 2072 5355 ‘nocumenta

502 5350 872 5427 subiectorum
900 5370 966 5409 ex
1002 5350 1291 5427 discordiis
1348 5362 1404 5405 et
1452 5350 1607 5427 bellis
1635 5351 1960 5427 .principum
2011 5367 2074 5406 ac

501 5420 850 5482 dominorum
884 5426 1122 5478 breviter
1141 5422 1530 5490 depinguntur.
1548 5420 1858 5474 Animantia
1881 5436 2074 5491 magna

2183 5285 2302 5357 Stat
2334 5304 2488 5356 pecus
2513 5301 2663 5340 omne
2698 5296 2838 5339 metu
2873 5295 3097 5351 mutum,
3141 5296 3479 5357 mussantque
3489 5283 3737 5354 juvatur,

2183 5356 2312 5419 Quis
2343 5359 2516 5426 pecori
2547 5357 2831 5425 imperitet,
2855 5374 3006 5426 quem
3029 5367 3138 5411 tota
3164 5356 3403 5414 armenta
3439 5363 3736 5424 sequantur.

2183 5427 2277 5480 Illi
2312 5429 2451 5480 inter
2481 5445 2594 5481 sese
2622 5428 2790 5481 multa
2829 5429 2879 5480 vi
2911 5427 3133 5481 vulnera
3173 5433 3410 5489 miscent,

499 5509 554 5551 et
587 5493 1040 5568 robustaaccipe,
1066 5491 1413 5568 verbi__g_ra_tia
1436 5493 1574 5546 duos
1604 5499 1809 5556 tauros,
1831 5491 2071 5560 qualium
2172 5497 2489 5568 Corttuaque
2526 5498 2706 5550 obnixi
2746 5497 2997 5568 inﬁgunt,
3032 5509 3080 5551 ct
3117 5501 3376 5568 sanguine
3417 5496 3563 5565 large

500 5561 1311 5636 pugnaturVirgilius‘dpscribit
1339 5562 1435 5614 lib.
1471 5577 1566 5636 ιιινιΣ

572 5631 645 5688 λε
673 5631 811 5685 velut
837 5631 1038 5699 ingenti
1067 5631 1216 5700 Syla,
1246 5649 1518 5685 summove
1546 5631 1815 5693 Taburno,

571 5705 704 5757 Cum
737 5701 840 5752 duo
867 5704 1125 5756 conversis
1155 5704 1372 5756 inimica
1405 5704 1459 5755 in
1499 5701 1686 5770 praelia
1715 5701 1859 5754 tauri

567 5770 855 5825 Frontibus
880 5770 1176 5836 incurrunt,
1209 5774 1385 5844 pavidi
1414 5788 1608 5827 cessere
1634 5772 1876 5842 magistri
1898 5787 1916 5824 :

2176 5567 2353 5624 Colla.
2381 5561 2655 5634 armosque
2681 5561 2866 5621 lavant
2878 5584 2896 5622 :
2917 5570 3111 5637 gemitu
3139 5561 3320 5622 neruus
3339 5583 3490 5621 omne
3502 5561 3734 5630 remugit

2181 5637 2339 5690 Hattd
2363 5639 2522 5692 aliter
2558 5642 2682 5691 Tros
2711 5637 2930 5700 xEneas,
2957 5646 3006 5690 et
3027 5638 3269 5693 Daunius
3291 5639 3440 5692 heros

2174 5708 2508 5762 Concurrunt
2541 5707 2737 5778 ctypeis
2759 5725 2789 5762 ':
2832 5699 3018 5780 ingens
3051 5710 3235 5782 fragor
3265 5709 3478 5764 aet/tera'
3501 5699 3730 5771 complet-
