4028 6450
527 383 636 449 285

1696 375 2018 438 ΙΟΑΝΝῘΞ
2056 373 2574 438 ΟΑΝΤΑΟΗΖΕΝῙ

3659 373 3756 436 2'16

526 507 736 566 quippe
765 500 979 561 partem
1013 490 1218 560 quietis
1246 489 1468 560 capient
1494 531 1508 556 ,
1537 469 1714 543 donec
1753 487 2009 558 pluribus
2037 491 2092 537 et

2208 484 2347 537 ιύδὲν
2377 485 2454 536 ἔτι
2483 484 2737 554 ἐμποδὼν
2780 483 2931 538 ἔσται
2964 485 3183 554 βαθείας
3225 485 3527 541 ἀπολαύειν
3566 487 3762 551 πάντας

528 583 701 638 variis
730 581 1216 635 criminationibus
1264 577 1580 648 imperatori
1615 578 1820 631 bellum
1871 588 2094 644 persua—

525 675 729 728 serim.
763 669 841 727 Ne
876 680 1061 726 autem
1095 670 1410 734 miremini,
1444 671 1488 722 si
1519 683 1641 721 cum
1669 668 1736 718 ab
1765 666 1883 719 istis
1914 679 2096 718 rerum

529 778 804 819 novarum
834 762 1052 834 cupidis
1081 777 1144 816 ac
1181 759 1459 831 pestiferis
1493 757 1815 812 mortalibus
1843 770 2005 809 avum
2043 756 2098 810 in

524 856 787 910 {raudem
843 854 1132 909 inductum
1191 852 1258 906 iri
1309 851 1529 916 dicam,
1575 865 1664 904 me
1717 849 1844 903 hinc
1892 847 2096 911 eximo,

524 947 691 1016 quasi
746 960 858 1000 non
893 945 1039 999 idem
1086 942 1220 997 mihi
1251 951 1417 1008 queat
1458 940 1776 1009 contingere
1819 956 1832 992 ε
1884 935 2100 991 tametsi

525 1043 606 1108 ita
643 1045 868 1111 paratus
893 1075 909 1099 ,
933 1043 997 1089 et
1041 1034 1318 1088 animatus
1357 1045 1477 1086 sum
1503 1071 1520 1094 ,
1565 1039 1627 1084 ut
1657 1043 1835 1098 neque
1884 1027 1928 1082 si
1966 1025 2095 1091 quid

529 1143 665 1182 vere
697 1126 884 1191 fieret,
915 1124 1120 1178 nedum
1148 1123 1220 1176 oh
1244 1121 1574 1177 calumniam
1605 1159 1618 1183 ,
1647 1135 1715 1172 nc.
1745 1119 1790 1172 si
1825 1133 1986 1182 vera,
2019 1115 2096 1170 in-

526 1233 694 1286 quam
727 1257 740 1280 ,
769 1215 836 1268 ad
873 1230 958 1268 me
988 1213 1362 1277 deferrentur,
1413 1211 1480 1265 ad
1515 1211 1716 1264 bellum
1766 1216 1893 1263 ante
1923 1207 2099 1276 prosi-

533 1311 631 1362 lire
659 1307 847 1373 velim,
881 1320 1046 1375 quam
1095 1319 1154 1358 re
1210 1303 1328 1373 ipsa
1376 1317 1541 1371 cogar
1589 1316 1736 1354 arma
1785 1310 2095 1367 capessere,

529 1401 849 1468 bellumque
888 1398 1022 1452 mihi
1056 1397 1266 1450 illatum
1299 1393 1617 1449 defendere.
1658 1389 1771 1444 Hoc
1797 1391 1944 1444 enim
1973 1387 2097 1442 ideo

484 1521 487 1523 -
524 1506 557 1543 a
599 1506 686 1544 me
731 1489 971 1553 dicitur,
1019 1486 1166 1557 quod
1217 1484 1547 1540 obtrectatio
1597 1483 1768 1536 multa
1822 1481 1973 1534 velut
2017 1477 2099 1548 pi-

526 1595 697 1650 gnora
729 1579 872 1649 apud
917 1593 1046 1632 eum
1100 1576 1288 1631 habet.
1329 1575 1431 1640 Qui
1461 1574 1607 1629 enim
1651 1573 1926 1641 imperat,
1970 1583 2095 1622 eum

529 1671 747 1739 imperii
780 1669 1071 1725 amittendi
1114 1677 1322 1723 metum
1353 1665 1672 1734 conceperit
1692 1702 1708 1726 ,
1750 1663 1880 1716 huic
1907 1663 2095 1726 etiam,

2203 578 2444 647 εἰρήνης.
2502 577 2562 628 Et
2623 576 2669 628 δ’
2712 575 2866 640 αὖθις
2919 580 3242 648 χωρήσομεν
3293 581 3379 642 είς
3444 580 3762 648 μερισμοὺς,

2201 667 2419 738 πρῶτον
2454 669 2552 736 μὲν
2577 667 2710 721 αὐτὸ
2742 669 2900 722 τοῦτο
2922 671 2982 722 τὸ
3011 671 3164 723 δυσὶν
3196 671 3345 723 έτεσι
3377 671 3477 723 ttat
3514 670 3767 736 ὲξῖκοντα

2199 757 2336 826 ὁμοῦ
2372 759 2591 812 πάντων
2621 759 2858 829 ἄρχοντα
2893 759 3054 812 αὐτὸν
3096 759 3192 814 νῦν
3237 762 3338 826 τῆς
3371 759 3519 814 κατὰ
3564 761 3768 814 πάντων

2199 846 2445 911 ἐξουσίας
2492 849 2951 928 ἀποστερεῖσθαι,
2985 849 3168 915 ίκανδν
3217 851 3355 919 πρδς
3404 853 3653 920 ταραχὴν
3682 851 3770 904 καὶ

2198 938 2426 992 δυνατὸν
2454 940 2566 1002 τοῖς
2598 940 2968 1008 συκοφάνταις
2998 945 3185 994 πεῖσαι
3211 942 3510 1012 προσέχειν
3545 941 3617 1002 ὡς
3659 943 3770 992 έπιο

2200 1029 2516 1084 ϐουλεύεται
2555 1031 2688 1102 παρ’
2718 1033 2878 1104 ἡμῶν
2906 1035 3429 1104 καταψευδομένοις.
3466 1035 3693 1087 Ἔπειτα
3721 1034 3772 1086 δὲ

2199 1123 2294 1174 καὶ
2313 1121 2528 1186 τούτοις
2562 1125 2749 1186 αὐτοῖς
2780 1122 2910 1177 ὥστ’
2935 1125 3080 1194 ἔχειν
3119 1127 3353 1196 ῥάπτειν
3379 1126 3478 1188 τὰς
3503 1125 3770 1186 διαϐολὰς,

2200 1209 2335 1278 ὕλην
2362 1211 2429 1265 ἂν
2470 1213 2853 1284 παράσχοιμεν
2882 1215 3084 1286 πολλὴν
3107 1257 3121 1278 ,
3156 1217 3396 1286 ἑχόντων
3447 1216 3506 1268 δὲ
3557 1215 3773 1267 ἐκείνων

2197 1299 2432 1370 δύναμιν
2461 1305 2794 1372 κακουργεῖν
2814 1343 2829 1367 ,
2876 1305 2978 1356 οὑκ
3011 1284 3069 1356 ὲν
3109 1284 3288 1373 πολλῷ
3318 1305 3505 1374 χρόνῳ
3540 1304 3772 1371 ἀναγκα-

2200 1391 2517 1462 σθησόμεθα
2565 1390 2718 1456 αὖθις
2767 1395 3063 1463 πολεμεῖν·
3110 1396 3212 1448 οὐκ
3270 1397 3626 1467 ὴρεμήσουσι
3670 1397 3772 1464 γὰρ

2199 1480 2356 1550 ἄχρις
2378 1483 2446 1536 ἂν
2476 1484 2750 1547 ποικίλαις
2770 1485 2863 1537 καὶ
2892 1485 3116 1548 πολλαῖς
3134 1486 3414 1549 διαϐολαῖς
3433 1485 3771 1556 ὲξορμήτωςι

2198 1573 2334 1643 πρὸς
2381 1573 2615 1644 πόλεμον
2669 1575 2763 1628 τὸν
2812 1575 3058 1644 βασιλέα.
3114 1579 3204 1647 Μὴ
3252 1578 3586 1648 θαυμάσητε
3629 1579 3683 1630 δὲ
3728 1579 3773 1629 εἰ

2199 1665 2354 1734 παρὰ
2382 1667 2489 1718 τῶν
2521 1668 2931 1737 νωτεροποιῶν
2955 1667 3163 1721 τούτων
3189 1670 3285 1722 καὶ
3315 1668 3538 1739 φθόρων
3579 1668 3772 1733 ἑξαπα-

527 1763 636 1819 sibi
690 1762 921 1817 insidias
968 1760 1156 1827 tendi,
1202 1759 1338 1814 fides
1389 1757 1510 1812 fieri
1558 1755 1802 1826 poterit:
1834 1753 1928 1823 qui
1965 1766 2095 1806 vero

2208 1755 2464 1826 τήσεσθαι
2505 1757 2596 1810 τὸν
2630 1757 2861 1827 βασιλέα
2905 1759 3100 1826 λέγων,
3139 1760 3382 1827 ἐμαυτὸν
3408 1753 3411 1754 ν
3436 1759 3636 1828 ὲΕαίρω
3686 1757 3770 1810 τοῦ

519 1863 716 1925 mmet,
748 1853 810 1908 ei
842 1854 1028 1908 isthuc
1057 1823 1382 1922 persuaderi
1417 1864 1526 1902 non
1560 1823 1729 1901 facile
1761 1846 1986 1915 poterit.
2018 1841 2101 1897 0b

2208 1823 2365 1912 λύγου
2425 1845 2501 1909 ὡς
2551 1823 2642 1916 μὴ-
2670 1847 2738 1899 τὰ
2778 1847 2868 1900 ίσα
2903 1823 3204 1918 δυνάμενον
3249 1823 3491 1903 παθεῖν.-
3530 1823 3771 1913 Καίτοιγε

425 1985 436 1994 .
519 1946 647 1999 haec
706 1945 822 2013 ipsa
879 1943 1045 2013 igitur
1100 1957 1221 2012 quae
1288 1938 1744 2002 commemoravi,
1810 1935 1945 1989 mihi
2007 1932 2105 1988 diu

531 2034 880 2103 multumque
910 2032 1219 2102 cogitanti,
1263 2044 1373 2083 non
1421 2032 1622 2082 lterum
1661 2026 1728 2080 ad
1773 2025 2104 2079 divisionem

520 2124 748 2193 imperii
808 2121 1184 2186 veniendum;
1241 2119 1340 2174 sed
1411 2117 1709 2186 nobisipsis
1773 2131 1896 2170 cum
1944 2113 2109 2170 rebus

517 2215 869 2269 omnibusin
904 2211 1258 2283 imperatoris
1287 2209 1670 2264 auctoritatem
1703 2206 2108 2275 imperiumque

521 2304 945 2360 concedendum
995 2304 1175 2356 visum
1213 2308 1334 2356 est:
1373 2302 1452 2354 sic
1500 2300 1651 2354 enim
1687 2297 1982 2352 desiratam
2016 2311 2111 2366 pa-

513 2412 687 2462 cem,
733 2410 968 2466 eamque
1030 2393 1433 2448 immutabilem
1488 2406 1716 2462 prorsus
1763 2389 1995 2459 adipisci
2044 2388 2111 2442 li-

507 2487 694 2540 acebit.
733 2484 837 2538 llis
868 2500 896 2538 a
947 2485 1168 2554 juniore
1199 2480 1533 2551 imperatore
1571 2495 1736 2549 super
1765 2494 1895 2548 pace
1921 2477 2112 2546 dispu-

517 2576 700 2639 ιὶιιιίε,
733 2576 826 2631 diu
879 2577 1056 2647 altum
1099 2573 1296 2627 fuitin
1349 2571 1585 2626 concilio
1627 2569 1946 2634 silentium,
1977 2583 2112 2622 cun.

399 2689 406 2696 ·
511 2669 632 2723 ~ctis
678 2683 744 2723 ea
787 2666 1038 2722 oratione
1090 2665 1342 2720 attonitis
1382 2683 1396 2718 :
1433 2663 1595 2733 100
1642 2676 1920 2730 nunquam
1957 2659 2106 2714 enim

518 2759 583 2812 in
638 2767 874 2812 mentem
912 2757 1023 2810 illis
1066 2756 1345 2821 venisset,
1389 2755 1482 2808 tali
1535 2751 1698 2808 modo
1730 2767 1919 2821 pacem
1965 2765 2114 2805 com-

512 2849 766 2920 .posittun
809 2848 901 2902 iri.
938 2847 1074 2902 Cum
1107 2845 1246 2900 nihil
1287 2844 1724 2915 responderetur
1751 2882 1764 2904 .
1812 2856 2114 2913 conversus

520 2940 596 2996 ad
626 2955 880 3010 magnum
911 2939 1275 2993 domesticum
1303 2957 1317 2992 :
1345 2937 1462 2991 Non
1497 2937 1609 3008 jam
1639 2933 1838 2990 silendi
1875 2944 2110 3004 tempus,

529 3032 749 3102 inquit,
783 3031 878 3085 tibi
915 3031 1022 3100 ipsi
1054 3069 1070 3094 ,
1107 3030 1154 3084 si
1182 3029 1316 3099 quid
1346 3039 1503 3097 potes
1529 3066 1546 3091 ,
1578 3036 1636 3082 et
1662 3027 1789 3080 allis
1834 3024 1901 3079 ad
1947 3025 2114 3080 verba

516 3121 1129 3194 meawespondendum
1161 3130 1267 3176 est.
1322 3120 1461 3175 Tum
1512 3118 1605 3172 ille
1631 3118 1711 3172 sic
1736 3116 1893 3172 infit:
1927 3115 2109 3184 Siqui-

516 3217 693 3283 dem,
747 3218 1074 3287 imperator,
1121 3223 1330 3270 contra
1375 3210 1639 3267 barbaros
1686 3221 1883 3264 natura
1921 3209 2107 3263 hostes

521 3311 736 3366 bellum
783 3307 946 3363 nobis
981 3315 1298 3376 susceptum
1350 3311 1536 3369 esset,
1585 3301 1723 3356 nihil
1777 3309 1892 3355 erat
1926 3299 2108 3355 cousi-

519 3402 838 3455 derandum
865 3397 1015 3453 aliud
1045 3439 1060 3464 ,
1119 3397 1225 3451 nisi
1257 3393 1536 3465 quomodo
1567 3392 1810 3447 victores
1839 3392 1961 3447 loca
1991 3406 2112 3444 om-

527 3491 619 3547 nia
655 3488 1060 3560 populabundi,
1111 3499 1167 3542 et
1211 3484 1581 3558 jugulabundi
1630 3496 2107 3554 percursaremus,

529 3594 704 3649 usque
736 3578 866 3632 dum
901 3591 1106 3632 omnes.
1139 3573 1386 3629 ca:dibus
1429 3588 1460 3627 e
1512 3571 1694 3626 medio
1743 3571 2060 3625 tolleremus
2091 3607 2108 3635 ,

520 3679 628 3724 aut
647 3669 848 3726 saltem
873 3668 933 3722 in
959 3667 1286 3722 servitutem
1319 3663 1575 3720 redactos
1604 3702 1620 3728 ,
1656 3662 1980 3716 tributarios
2012 3673 2111 3715 no-

531 3773 678 3816 stros
701 3760 1028 3814 faceremus.
1065 3757 1162 3813 Sin
1194 3771 1352 3827 aequo
1381 3755 1554 3825 Marte
1589 3755 1738 3826 paria
1768 3767 1954 3812 rerum
1990 3767 2109 3806 mu-

530 3863 713 3906 tueuta
739 3860 960 3915 essent,
996 3847 1274 3918 quomodo
1300 3847 1373 3902 ad
1403 3860 1601 3922 eorum
1630 3861 1788 3899 usum
1830 3844 1931 3912 ipsi
1971 3858 2112 3913 quo-

531 3956 640 4012 que
683 3955 786 3994 nos
817 3939 1392 3993 accommodarentus.
1444 3937 1718 4004 Quoniam
1771 3952 1903 3990 vero
1935 3948 2113 4005 neque

532 4032 824 4085 adversum
855 4028 991 4082 tales
1037 4042 1386 4097 pugnamus,
1429 4041 1612 4095 neque
1654 4024 1948 4078 adversum
1994 4037 2114 4090 eos,

531 4122 628 4191 qui
660 4137 944 4175 sacrorum
1003 4119 1181 4184 socii,
1218 4130 1415 4173 caetera
1467 4118 1654 4172 hostes
1699 4131 1858 4170 suum
1908 4115 2113 4185 princi-

531 4224 720 4283 patum
757 4220 988 4276 tenent,
1025 4225 1166 4280 quos
1206 4210 1442 4265 fortasse
1492 4207 1900 4278 potentioribus
1932 4205 2116 4276 oppri-

532 4302 768 4357 mendos
806 4301 1098 4356 condones
1142 4316 1158 4354 :
1213 4301 1311 4355 sed
1359 4309 1552 4354 contra
1603 4296 2011 4368 humophylos,
2058 4305 2116 4350 et

529 4395 1022 4465 cunjunctissimos
1047 4433 1062 4456 ,
1089 4395 1218 4464 quis
1275 4393 1526 4463 prudens
1548 4431 1566 4456 ,
1601 4393 1871 4456 obsecro,
1924 4401 1981 4444 et
2026 4390 2113 4444 vel

2205 1933 2379 1997 οὓτως
2422 1934 2533 2005 ἔχω
2583 1937 2934 2006 παρασκευῆς
2982 1937 3078 1991 καὶ
3131 1937 3397 2008 γνώμης,
3437 1939 3514 2001 ὡς
3563 1938 3654 1990 οὐδ
3715 1938 3774 1990 ἂν

2208 2025 2263 2079 εί
2314 2041 2369 2079 τι
2409 2020 2650 2094 γένοιτο,
2711 2027 2937 2098 μήτοιγε
2990 2031 3056 2082 ὲκ
3099 2030 3382 2102 διαϐολῆς,
3417 2030 3538 2084 ἀλλ’
3591 2031 3696 2084 οὐδ’
3729 2031 3770 2082 εί

2208 2117 2382 2188 ἀληθῆ
2433 2119 2504 2172 τὰ
2542 2119 2814 2191 λεγόμενα
2857 2123 2943 2192 εἴη
2971 2160 2989 2187 ,
3040 2123 3177 2192 πρὸς
3224 2122 3474 2192 πόλεμον
3521 2122 3771 2194 πρότερος

2209 2210 2372 2274 αὐτὸς
2417 2211 2738 2282 ὲξορμήσων
2761 2213 2892 2284 πρὶν
2922 2212 2990 2267 ἂν
3018 2215 3202 2277 αὐτοῖς
3237 2214 3428 2283 ἔργοις
3459 2212 3772 2281 ἀναγκασθῶ

2209 2301 2286 2364 ὡς
2318 2302 2543 2357 ἐπιόντα
2569 2304 2930 2368 ἀπωσόμενος
2958 2306 3052 2358 τὸν
3082 2305 3348 2376 πόλεμον,
3387 2308 3460 2361 τὰ
3489 2306 3630 2359 ὅπλα
3659 2306 3774 2358 ἅνα-

2209 2389 2530 2460 λαμϐἅνειν,
2559 2393 2674 2450 ἀλλ’
2707 2395 2783 2458 ὡς
2830 2396 3060 2467 ἐνέχυρα
3091 2397 3253 2449 ἱκανὰ
3295 2401 3434 2468 πρὸς
3461 2399 3664 2451 έκεῖνον
3686 2396 3775 2464 τῆς

2208 2483 2466 2567 διαϐολῆς
2520 2487 2774 2556 ἐχούσης.
2837 2487 2899 2541 Ὀ
2949 2491 3056 2559 γὰρ
3109 2490 3301 2558 ἄρχων
3339 2491 3416 2562 μὴ
3473 2490 3568 2561 τὴν
3617 2489 3774 2559 ἀρχὴν

2211 2573 2538 2646 ἀφαιρεθείη
2559 2575 2831 2644 δεδοικὼς,
2857 2577 2960 2632 κᾶν
2985 2579 3447 2636 ἐπιϐουλεύεσθαι
3467 2580 3729 2649 πεισθείηο
3752 2579 3775 2630 ὁ

2211 2665 2479 2720 δουλεύων
2501 2667 2580 2732 δὲ,
2603 2667 2702 2722 οὐκ
2721 2669 2787 2722 ἂν
2809 2670 3049 2724 πείθοιτο
3062 2673 3283 2744 ῥᾳδίως.
3314 2674 3538 2728 Τούτων
3553 2675 3614 2742 δὴ
3629 2673 3774 2726 ἕνεκα

2211 2745 2287 2806 ὧν
2317 2747 2492 2820 εἷπον,
2527 2756 2602 2825 μὴ
2635 2756 2802 2810 πάλιν
2832 2759 2969 2826 πρὸς
3020 2764 3336 2832 μερισμοὺς
3367 2765 3465 2835 τῆς
3493 2762 3662 2834 ἀρχῆς
3692 2763 3776 2814 ἐπὶ

2213 2845 2350 2898 πολὺ
2396 2845 2724 2918 σκεψαμένῳ
2753 2847 2900 2915 ἔδοξε
2930 2851 3040 2904 δεῖν
3080 2856 3280 2923 χωρεῖν
3317 2872 3331 2888 ο
3386 2856 3503 2911 ἀλλ’
3536 2857 3679 2926 ἡμᾶς
3720 2869 3773 2905 τε

2215 2938 2410 2998 αὐτοὺς
2445 2939 2539 2991 καὶ
2571 2939 2748 2992 πάντα
2775 2944 3039 3012 χρήματα
3086 2946 3446 3012 ἀγαγόντας,
3494 2947 3776 3018 ἐγχειρίσαι

2217 3024 2467 3101 βασιλεῖ’
2524 3027 2668 3083 οὕτω
2727 3032 2837 3102 γὰρ
2875 3032 2944 3103 ἢν
2995 3033 3273 3104 ποθοῦμεν
3335 3039 3561 3110 είρὴνην
3601 3037 3774 3106 βεϐαία

2218 3121 2522 3188 περιέσται.
2554 3121 2790 3177 Τοιαῦτα
2832 3127 2961 3196 περὶ
3009 3127 3107 3194 τῆς
3157 3129 3389 3200 είρήνης
3424 3111 3768 3200 διειλεγμένου

2206 3211 2302 3264 τοῦ
2336 3212 2628 3281 βασιλέως,
2663 3216 2755 3268 ἐπὶ
2791 3215 2929 3270 πολὺ
2962 3217 3062 3289 μὲν
3087 3220 3147 3273 τὸ
3182 3219 3568 3294 βουλευτήριον
3604 3220 3768 3287 σιωπὴ

2209 3303 2446 3372 κατέσχε
2479 3303 2693 3374 βαθεῖα,
2722 3309 2942 3364 πάντων
2974 3313 3112 3379 πρὸς
3136 3313 3260 3376 τοὺς
3287 3315 3483 3382 λόγους
3517 3313 3770 3378 ἐκπεπλη-

2209 3397 2452 3462 γμένων.
2495 3397 2572 3448 Οὐ
2619 3397 2728 3468 γὰρ
2771 3399 2840 3453 ἂν
2877 3401 2974 3454 ἐπὶ
3023 3403 3295 3471 τοιούτοις
3343 3407 3601 3478 ᾠήθησάν
3651 3419 3768 3457 ποτε

2208 3483 2464 3552 γενέσθαι
2524 3485 2626 3555 τὴν
2677 3490 2925 3560 εἰρήνην.
2967 3492 3453 3568 Ἀποκριναμένων
3503 3499 3556 3552 δὲ
3611 3495 3769 3556 οὐδὲν.

2209 3575 2573 3648 ἐπιστραφεὶς
2604 3580 2632 3632 δ
2661 3579 2917 3649 βασιλεὺς
2947 3585 3086 3654 πρὸς
3108 3587 3201 3640 τὸν
3238 3590 3421 3658 μέγαν
3449 3590 3766 3660 δομέστικονο

2211 3666 2288 3719 Οὐ
2350 3668 2583 3736 σιωπᾷν,
2611 3667 2740 3739 ἔφη,
2789 3672 3006 3742 χρεώνο
3062 3673 3178 3726 ἀλλ’
3222 3677 3394 3732 αὐτόν
3435 3695 3495 3730 τε
3521 3678 3594 3738 ὡς
3643 3675 3770 3743 ἔχεις

2212 3760 2340 3827 περὶ
2385 3757 2495 3811 τῶν
2551 3760 2862 3831 είρημένων
2893 3765 2988 3818 καὶ
3017 3767 3144 3829 τοὺς
3178 3767 3378 3834 ἄλλους
3427 3771 3623 3839 λέγειν.
3664 3763 3780 3846 Ἐπὶ⁴

2209 3847 2420 3912 τούτοις
2441 3850 2470 3901 ὁ
2497 3849 2670 3920 μέγας
2689 3851 3013 3922 δομέστικος
3041 3853 3166 3910 εἷπε
3197 3861 3383 3916 τοιάδε
3406 3878 3420 3894 ⁸
3444 3861 3505 3915 El
3528 3862 3624 3932 μὲν
3650 3857 3768 3927 πρ’-ς

2213 3938 2548 4010 βαρϐάρους,
2593 3934 2639 3994 ὦ
2697 3941 2959 4011 βασιλεῦ,
3006 3949 3135 4012 τοὺς
3192 3951 3362 4018 φύσει
3417 3951 3698 4020 πολεμίους
3745 3947 3770 4000 6

2215 4030 2450 4099 πόλεμος
2483 4033 2615 4102 ἡμῖν
2637 4028 2726 4104 ἦν,
2759 4035 2915 4090 οὐδὲν
2943 4036 3132 4107 ἕτερον
3161 4040 3268 4111 ἔδει
3300 4046 3547 4109 σκοπεῖν,
3575 4043 3604 4112 ἢ
3638 4041 3769 4099 ὅπως

2213 4119 2282 4191 ἢν
2315 4121 2413 4192 μὲν
2439 4125 2862 4196 περιγενώμεθα
2884 4128 2962 4197 τῷ
2987 4129 3232 4202 πολέμῳ,
3257 4135 3534 4203 ἐπεξιέναι
3557 4135 3646 4186 καὶ
3665 4131 3769 4183 δια·

2215 4213 2485 4284 φθείρειν,
2525 4214 2688 4286 ἄρχις
2717 4216 2784 4270 ἂν
2813 4219 2844 4288 ἢ
2873 4221 3228 4291 ἐκτρίψαντες
3260 4227 3586 4298 ποιήσωμεν
3619 4227 3767 4278 ἐκπο-

2214 4301 2343 4369 δὼν,
2372 4303 2406 4372 ἢ
2447 4303 2576 4371 τόγε
2609 4304 2861 4377 δεύτερον
2881 4307 3284 4381 δουλωσάμενοι
3312 4316 3630 4385 ποιήσωμεν
3649 4311 3765 4362 ὐπο-

2217 4394 2440 4462 φόρους.
2469 4395 2530 4448 El
2554 4395 2610 4449 δὲ
2637 4397 2902 4469 ίσόρῤοπα
2932 4401 3063 4470 ἡμῖν
3091 4403 3161 4456 τὰ
3188 4405 3493 4476 πράγματα
3523 4401 3611 4476 ἦν,
3647 4399 3769 4470 πρὸς

534 4487 811 4540 tantillum
847 4486 1120 4540 sollicitus
1143 4525 1159 4550 ,
1192 4501 1260 4539 ne
1289 4484 1434 4554 apud
1471 4482 1679 4537 inferos
1703 4483 1845 4537 inter
1881 4481 2105 4534 damna-

2209 4483 2308 4552 τὴν
2375 4483 2558 4538 αὐτῶν
2636 4489 2824 4556 χρείαν
2895 4490 3344 4561 μεθαρμόξεσθαι
3403 4496 3494 4548 καὶ
3563 4488 3762 4550 αὐτούς·

539 4587 629 4632 tos
659 4579 956 4641 referatur,
979 4576 1192 4631 bellum
1237 4578 1343 4630 hoc
1391 4574 1514 4644 paci
1551 4571 1892 4643 anteponat?
1943 4571 2109 4640 Atqui

534 4682 606 4721 ne
641 4668 722 4721 sic
747 4667 974 4736 quidem
1001 4668 1160 4722 vobis
1185 4665 1618 4737 imperatoribus
1643 4663 2001 4717 distributum
2030 4671 2114 4717 est

536 4754 842 4822 imperium
869 4794 884 4816 ,
926 4763 994 4808 ut
1021 4754 1163 4808 alter
1209 4763 1452 4808 vestrum
1483 4751 1729 4806 exercitu
1777 4766 1842 4805 ex
1875 4749 2110 4816 oriente,

532 4845 677 4899 alter
706 4859 774 4897 ex
801 4843 1092 4898 occidente
1128 4843 1372 4896 collecto
1421 4841 1622 4896 militet
1650 4858 1663 4893 :
1699 4847 1842 4893 esSet
1877 4837 2024 4892 enim
2054 4837 2108 4892 id

533 4934 922 4997 tolerabilius,
957 4933 1222 5000 Romanis
1275 4931 1441 4986 etiam
1491 4930 1572 4984 sic
1622 4926 2106 4992 concurrentibus,

526 5035 594 5078 aet
643 5026 791 5078 inter
825 5039 885 5078 se
926 5021 1349 5092 perimentibus.
1400 5019 1506 5085 Qui
1555 5027 1736 5073 tamen
1789 5019 1881 5072 illa
1914 5033 2110 5072 conso-

529 5114 737 5172 latione
779 5117 1173 5178 mulcerentur,
1218 5114 1364 5182 quod
1397 5113 1666 5181 perempti
1700 5112 1853 5166 nulla
1885 5127 1981 5166 eos
2012 5126 2107 5166 co-

529 5208 798 5277 gnatione
846 5206 1205 5272 attingerent.
1257 5203 1417 5257 Nunc
1467 5202 1522 5255 in
1564 5202 1852 5257 communi
1903 5201 2107 5257 Roma-

533 5315 735 5354 norum
767 5293 1082 5353 calamitate
1113 5298 1191 5350 .ita
1221 5312 1280 5351 se
1313 5313 1399 5352 res
1428 5297 1613 5364 habet,
1644 5306 1704 5350 ut
1729 5297 1861 5366 ipsa:
1886 5297 2104 5359 domus.

534 5387 739 5440 nedum
790 5388 958 5441 urbes
1003 5386 1064 5438 in
1117 5401 1177 5439 se
1207 5385 1396 5440 divisae
1423 5388 1572 5451 sint,
1627 5396 1683 5442 et
1730 5387 1928 5440 fratres
1979 5401 2105 5441 cum

534 5477 801 5532 fratribus
829 5517 845 5541 ,
885 5486 958 5531 et
988 5476 1084 5530 filii
1113 5489 1239 5530 eum
1290 5477 1610 5547 parentibus
1633 5519 1650 5545 ,
1692 5487 1756 5533 .et
1786 5477 1947 5532 amici
1980 5493 2104 5531 cum

530 5567 735 5620 amicis
773 5565 1208 5634 gennanissimis
1244 5581 1352 5620 non
1397 5582 1498 5620 suo
1549 5568 1789 5638 ipsorum
1813 5606 1828 5630 ,
1869 5569 1961 5620 sed
1999 5568 2102 5620 im—

533 5665 854 5722 peratorum
905 5654 1054 5709 inter
1080 5670 1138 5710 se
1168 5655 1297 5710 odio
1330 5657 1740 5726 depradientur.
1796 5656 2104 5712 Verisimﬂe

532 5757 704 5812 porro
746 5752 830 5801 est
856 5784 871 5810 ,
918 5745 1183 5814 quosdam
1236 5747 1664 5803 interfectorum
1697 5763 1725 5800 a
1766 5763 1825 5801 se
1883 5759 2100 5815 patrum

2224 4571 2445 4643 Ἐπειδὴ
2468 4573 2524 4626 δέ
2554 4575 2702 4630 ἐστιν
2729 4577 2852 4632 οῦτε
2881 4581 3020 4648 πρὸς
3056 4582 3218 4650 φύσει
3247 4586 3542 4656 πολεμίους
3573 4579 3767 4655 βαρϐἀ·

2213 4679 2362 4734 ρους,
2392 4663 2519 4718 οὔτε
2556 4668 2702 4738 πρὸς
2737 4670 2838 4740 τὴν
2889 4673 3063 4744 αὐτὴν
3125 4675 3226 4746 μὲν
3280 4677 3593 4749 ⁴ᾑρημένους
3645 4673 3769 4741 θρη-

2212 4755 2398 4809 σκείαν
2432 4757 2584 4826 ἡμῖν,
2605 4759 2779 4822 ἄλλως
2799 4762 2857 4814 δὲ
2884 4765 3178 4834 πολεμίους
3202 4767 3299 4820 καὶ
3331 4767 3438 4822 ὑπὸ
3467 4767 3602 4820 ίδέαν
3621 4775 3765 4814 τετα-

2210 4845 2447 4916 γμένους
2494 4849 2816 4919 ἡγεμονίαν,
2843 4852 2936 4916 οὓς
2972 4855 3041 4908 ἄν
3081 4872 3166 4921 τις
3210 4857 3342 4920 ἴσως
3372 4859 3468 4912 καὶ
3501 4851 3766 4927 βιάζεσθαι

2211 4939 2589 5009 συγχωρήσειε
2615 4939 2961 5011 δυναμένοις,
2993 4945 3130 4999 ἀλλὰ
3157 4947 3296 5018 πρὸς
3317 4947 3633 5018 ,ὁμοφύλους
3679 4935 3764 4992 καὶ

2208 5029 2609 5096 οἰκειοτάτους,
2642 5031 2726 5095 τίς
2766 5033 2832 5086 ἄν
2879 5034 3003 5088 νοῦν
3048 5036 3208 5108 ἔχων,
3259 5044 3357 5093 καὶ
3406 5039 3606 5109 μικράν
3649 5043 3763 5083 τινα

2210 5118 2535 5188 ποιούμενος
2589 5123 2848 5192 φροντίδα
2900 5128 3011 5190 τοῖς
3061 5130 3119 5180 έν
3167 5129 3295 5200 ᾅδου
3339 5127 3642 5184 καταδίκοις
3691 5114 3761 5187 μὴ

2209 5211 2488 5274 συνεῖναι,
2548 5211 2752 5281 μᾶλλον
2803 5216 2869 5268 ἂν
2910 5215 3189 5273 ἀνθέλοιτο
3241 5220 3332 5274 τὸν
3387 5217 3618 5283 πόλεμον
3667 5205 3760 5273 τῆς

2209 5298 2473 5369 εἰρήνηςς
2514 5303 2759 5372 καίτοιγε
2803 5304 2913 5359 οὐδ’
2964 5305 3109 5360 οὕτω
3154 5308 3592 5379 συμμεμέρισται
3641 5296 3760 5367 ὑμῖν

2206 5391 2319 5452 τοῖς
2367 5389 2649 5459 βασιλεῦσι
2704 5395 2774 5447 τὰ
2825 5396 2924 5462 τῆς
2973 5397 3172 5468 ἀρχῆς,
3207 5401 3283 5462 ὡς
3325 5398 3416 5452 τὸν
3453 5395 3548 5466 μὲν
3577 5390 3674 5457 τῆς
3699 5387 3761 5438 ἐκ

2206 5481 2301 5549 τῆέ
2333 5482 2408 5535 ἕω
2439 5487 2722 5554 στρατιᾶς»
2748 5488 2848 5558 τῆς
2875 5489 3133 5560 ἑσπερίου
3180 5494 3236 5547 δὲ
3258 5493 3348 5547 τὸν
3392 5492 3574 5559 ἕτερον
3605 5494 3757 5550 στρα-

2206 5571 2392 5638 τηγεῖν
2427 5567 2519 5642 (ἦν
2545 5575 2656 5645 γὰρ
2709 5575 2851 5630 οὕτω
2903 5594 2954 5632 τι
2998 5581 3362 5654 μετριώτερον
3383 5581 3424 5651 ⁸)
3480 5571 3755 5643 Ῥωμαίοις

2207 5660 2309 5730 μὲν
2332 5665 2425 5717 καὶ
2459 5664 2605 5718 οὕτω
2647 5666 2939 5738 Ῥωμαίων
2967 5675 3382 5743 συμπιπτόντων
3423 5673 3515 5725 καὶ
3559 5674 3752 5719 mm-

2211 5751 2405 5820 μένων.
2443 5755 2632 5826 Ὅμως
2658 5758 2704 5811 δ’
2728 5758 2822 5816 οὖν
2847 5779 2968 5817 τινα
3009 5769 3360 5838 παραμυθίαν
3402 5765 3460 5818 τὸ
3489 5759 3562 5826 μὴ
3593 5763 3750 5812 προσ·
