4028 6442
519 391 619 460 $51
665 395 670 398 ’

1685 391 1925 454 JOANN
1938 395 1953 452 l
1967 395 2006 453 S
2046 386 2432 453 CANTACUZ
2445 384 2531 444 EN
2547 386 2568 444 ι

3628 378 3724 440 252

522 512 672 580 ipsos
699 509 970 563 habentur
1003 509 1430 574 bellicosissimi,
1475 507 1760 568 custodite,
1803 522 1897 559 seu
1943 521 2082 574 prze-

2196 504 2274 553 λιν
2304 500 2622 567 κατασχεῖν,
2647 493 2830 557 δείσας
2860 494 2936 564 μὴ
2964 491 3118 558 αὖθις
3144 494 3193 548 οί
3227 495 3484 563 Ῥωμαῖοι
3502 494 3726 548 ἐπελθόν-

520 603 647 658 sidii
674 618 836 656 causa
878 616 944 654 eo
973 602 1216 654 miserat.
1253 600 1451 654 Eorum
1483 599 1652 654 duces
1704 598 1850 652 ltiles
1885 606 1940 650 et
1979 595 2086 648 Te-

521 704 702 746 uteres
747 707 812 745 ex
859 689 1048 744 Alanis
1097 690 1342 752 oriundi,
1386 699 1444 742 et
1496 691 1620 742 lnas
1669 702 1735 742 ex
1789 684 2084 755 Hungaris,

523 796 772 836 summus
839 781 1138 849 imperator
1191 779 1386 834 lbanes
1449 779 1562 850 (l9)
1626 777 1873 839 Rossus,
1923 791 2086 829 manu

522 881 832 943 promptus,
871 879 930 923 et
969 871 1106 925 artis
1145 869 1509 939 imperatoris
1550 868 1971 924 scientissimus.
2021 865 2083 918 Hi

521 973 646 1033 post
678 964 784 1016 fata
822 961 968 1029 regis
1017 961 1378 1015 nihilominus
1405 961 1598 1014 urbem
1632 961 1945 1014 tuebantur.
1973 956 2089 1011 Cas-

521 1063 699 1107 terum
739 1063 870 1106 tunc
898 1052 1270 1112 circumsessi.
1321 1051 1606 1105 instructis
1643 1051 1797 1104 velut
1840 1049 1906 1104 ad
1945 1063 2085 1118 prae-

520 1145 653 1198 lium
697 1142 989 1197 ordinibus
1054 1157 1400 1212 nequaquam
1445 1140 1871 1211 egrediebantur
1925 1156 1940 1194 :
1989 1138 2089 1193 ob-

521 1234 747 1288 structis
795 1243 978 1287 autem
1034 1234 1230 1303 portis.
1291 1232 1361 1288 de
1416 1231 1693 1287 mmnibus
1746 1246 1806 1286 se
1869 1229 2089 1284 fortiter

520 1323 906 1386 defensabant,
945 1338 1046 1380 uec
1077 1338 1268 1392 parum
1301 1323 1622 1378 obsessores
1652 1321 1942 1376 vexabant.
1972 1319 2056 1374 0b

521 1415 665 1469 sedit
713 1429 808 1469 eos
839 1414 1142 1483 imperator
1189 1414 1476 1468 mensibus
1519 1413 1799 1467 continuis
1825 1420 2085 1482 quatuor,

520 1505 766 1575 quotidie
816 1505 991 1559 muris
1050 1505 1509 1574 Oppugnatiouem
1550 1504 1874 1558 admovens.
1929 1502 2091 1572 108

521 1595 629 1651 Sed
682 1610 806 1649 cum
869 1596 1329 1666 expugnationem
1377 1595 1720 1663 desperaret,
1779 1593 2088 1648 Germanus

521 1683 743 1753 quidam
805 1683 1184 1738 machinarum
1229 1684 1524 1737 muralium
1567 1680 1823 1752 egregius
1869 1681 2085 1746 artifex,

519 1780 646 1844 quia
675 1774 806 1830 urbs
840 1775 906 1829 ad
942 1774 1347 1846 aggressionem
1391 1773 1678 1828 commode
1719 1773 1822 1828 sita
1860 1771 2084 1827 videba-

2193 605 2307 651 τες,
2334 588 2424 641 διὰ
2473 586 2573 658 τὴν
2610 585 2963 655 ὀλιγανδρίαν
3001 584 3191 654 ὥσπερ
3237 587 3334 638 καὶ
3359 585 3513 649 αὐτὸς
3558 585 3730 640 ῑλωσιν

2193 673 2386 748 αὗτὴν,
2419 679 2534 748 ἅμα
2559 677 2605 730 δ’
2635 677 2718 730 δτι
2768 676 2862 729 καὶ
2903 677 2961 730 ιν
2988 676 3160 747 ὁρίοις
3181 671 3253 747 ἧν
3285 676 3386 744 τῆς
3415 676 3610 730 ἐκείνου
3645 679 3728 730 καὶ

2206 764 2491 838 Ῥωμαίων
2520 767 2840 838 ἡγεμονίας,
2871 765 3077 836 χιλίους
3113 767 3213 836 μὲν
3276 766 3474 830 ἱππέας
3520 767 3730 836 λογάδας

2193 859 2254 924 ἐξ
2297 859 2534 912 Ἀλανῶν
2576 860 2672 912 καὶ
2721 857 2946 913 Μυσῶν.
2982 858 3092 912 Καὶ
3117 857 3200 921 δὶς
3224 858 3506 921 τοσούτους
3553 858 3733 922 πεζοὺς

2193 951 2523 1016 πελταστὰς,
2554 950 2605 1004 οῖ
2653 948 2870 1003 δοκοῦσι
2911 948 3292 1018 μαχιμώτατοι
3324 947 3464 1003 εἶναι
3502 951 3622 1021 παρ’
3643 954 3733 1004 αύο

2191 1045 2327 1108 τοῖς,
2388 1042 2489 1112 τὴν
2522 1041 2676 1096 πόλιν
2731 1041 2949 1112 ἔπεμψε
2990 1044 3278 1112 φρουρεῖν.
3355 1042 3635 1112 Ἄρχοντες
3681 1043 3733 1096 δὲ

2191 1131 2331 1206 ἦσαν
2366 1136 2568 1201 αὐτῶν,
2597 1136 2625 1189 ὅ
2652 1150 2713 1189 τε
2773 1134 2969 1202 Ἰτίλης
2999 1135 3094 1187 καὶ
3121 1135 3152 1187 δ
3174 1135 3488 1203 ’Τεμήρης
3511 1135 3569 1187 τδ
3595 1135 3736 1201 γένος

2205 1229 2414 1282 Ἀλανοί
2437 1244 2454 1261 ο
2486 1229 2582 1282 καὶ
2619 1227 2762 1290 Ἰνᾶς
2789 1229 2817 1280 δ
2861 1225 2922 1291 ἐξ
2946 1227 3234 1296 οὕγκρων,
3251 1226 3552 1294 στρατηγὸς
3577 1225 3629 1280 δὲ
3653 1226 3736 1278 ἰπὶ

2193 1321 2359 1372 πᾶσιν
2389 1321 2600 1391 Ἰσάνης
2618 1319 2647 1372 ὀ
2673 1319 2812 1381 Ῥὼς
2840 1317 2982 1372 κατά
2999 1336 3059 1372 τε
3086 1322 3243 1388 χεῖρα
3272 1321 3516 1386 γενναῖος
3532 1319 3621 1370 καὶ
3649 1320 3736 1387 ἔμ-

2195 1409 2516 1479 πειράτατος
2539 1412 2871 1480 στρατηγεῖν
2895 1425 2910 1440 ο
2941 1409 2992 1462 οἱ
3045 1409 3134 1462 καὶ
3164 1409 3610 1475 τετελευτηκότος
3650 1406 3735 1459 τοῦ

2201 1498 2469 1567 βασιλέως
2521 1497 2723 1564 αὐτῶν,
2774 1499 2837 1552 ού
2892 1499 3188 1551 κατέλιπον
3252 1496 3352 1568 τὴν
3403 1496 3578 1560 πόλιν,
3631 1495 3735 1550 ἀλλ’

2192 1589 2493 1660 ιφρούρουν
2535 1591 2816 1660 μένοντες.
2871 1589 3007 1644 Τότε
3059 1590 3116 1644 δὲ
3171 1589 3614 1658 πολιορκούμενοι
3643 1587 3739 1640 ύπδ

2195 1682 2483 1754 βασιλέως,
2515 1681 2622 1748 ἔξω
2657 1681 2760 1752 μὲν
2793 1681 2976 1734 πυλῶν
3011 1681 3088 1740 ὡς
3118 1682 3176 1743 ὲς
3207 1680 3388 1749 μάχην
3443 1676 3738 1748 παραταξό·

2198 1791 2350 1843 μενοι
2380 1772 2656 1844 προῄεσαν
2706 1771 2978 1842 οὐδαμῶς.
3011 1771 3123 1834 Τὰς
3157 1771 3335 1832 πύλας
3387 1769 3444 1822 δὲ
3472 1769 3739 1824 ἀποικοδοο

522 1873 635 1928 tur,
663 1869 758 1934 spe
795 1879 985 1935 magna
1021 1863 1174 1931 illum
1206 1865 1545 1933 complevit;
1596 1865 1754 1934 cujus
1791 1865 1948 1936 jussu
1974 1879 2089 1919 ma-

2197 1865 2489 1936 μήσαντες,
2519 1865 2628 1917 ἀπὸ
2655 1863 2764 1917 τῶν
2795 1862 2990 1933 τειχῶν
3015 1861 3290 1932 ἠμύνοντο
3315 1859 3615 1930 καρτερῶς.
3656 1859 3741 1912 καὶ

523 1955 895 2009 cbinationem
931 1954 1232 2010 fabricatus
1269 1965 1376 2017 est,
1415 1955 1639 2010 domum
1673 1956 1929 2026 ligneam,
1963 1971 2090 2026 sup-

525 2046 722 2116 positis
757 2045 893 2100 rotis
923 2045 1187 2110 sedecim,
1224 2061 1481 2116 capacem
1513 2047 1799 2102 hominum
1838 2059 2088 2114 centum,

522 2137 622 2205 qui
661 2137 810 2192 intus
837 2153 958 2191 eam
1004 2137 1393 2206 propellerent.
1431 2137 1608 2207 Supra
1640 2138 1866 2194 domum
1893 2141 2088 2195 turrim

520 2226 758 2298 ligneam
803 2227 1038 2294 addidit,
1083 2228 1377 2283 habentem
1413 2229 1657 2284 tabulata
1691 2231 1934 2301 quinque
1976 2249 1991 2287 :
2035 2232 2089 2286 in

471 2365 476 2370 .
522 2333 756 2388 quorum
786 2320 1017 2389 singulis
1053 2329 1178 2376 octo
1208 2327 1436 2387 starent,
1465 2321 1561 2391 qui
1601 2337 1631 2377 e
1676 2323 1887 2378 Latinis
1928 2339 2090 2378 areu-

525 2409 630 2464 bus
661 2416 905 2480 (tzangra
941 2421 1133 2466 vocant
1173 2410 1312 2484 [20])
1361 2415 1575 2484 sagittis
1598 2415 1866 2485 jaciendis
1892 2431 2093 2484 propu-

523 2511 782 2570 gnatores
816 2516 847 2554 a
879 2515 1035 2555 muro
1072 2501 1342 2572 fugarent.
1388 2507 1506 2572 Qua
1536 2505 1806 2568 absoluta.
1837 2515 1892 2561 et
1919 2509 2091 2577 sagit-

526 2591 704 2656 tariis,
735 2591 940 2661 quique
977 2592 1044 2646 ad
1067 2608 1188 2648 eam
1217 2596 1647 2664 protrudendam
1679 2597 1878 2652 delecti
1910 2605 2090 2664 erant,

529 2680 812 2749 ingressis,
840 2681 1070 2738 sublatis
1099 2683 1292 2755 signis,
1350 2692 1407 2738 et
1448 2685 1740 2756 clangente
1766 2687 1918 2752 tuba,
1948 2695 2094 2742 totus

527 2773 806 2827 exercitus
859 2775 1062 2828 mania
1103 2775 1474 2846 oppugnabat,
1536 2777 1708 2832 turris
1766 2777 1993 2843 sensim,
2038 2786 2095 2832 et

529 2861 705 2916 instar
733 2863 981 2918 animalis
1010 2864 1297 2935 cujusdam
1338 2865 1673 2936 procedebat
1703 2883 1717 2921 :
1753 2883 1918 2922 nemo
1947 2868 2092 2923 enim

528 2951 680 3006 intus
709 2951 1053 3007 delitentium
1082 2955 1190 3008 ulla
1231 2969 1298 3009 ex
1323 2964 1478 3025 parte
1513 2956 1813 3025 apparebat
1843 2974 1859 3011 :
1889 2957 1963 3012 ita
1991 2970 2094 3011 nec

509 3046 672 3129 tangi
728 3047 792 3100 de
841 3047 966 3101 loco
1016 3050 1301 3124 superiore
1361 3057 1635 3124 poterant.
1687 3049 1759 3112 ΙΙΙ
1804 3051 1946 3112 intra
1999 3053 2091 3113 teli

2193 1959 2428 2010 ικάκουν
2465 1955 2641 2009 πολλὰ
2691 1954 2789 2026 τὴν
2815 1953 3085 2025 βασιλέως
3131 1956 3412 2016 στρατιάν.
3484 1951 3741 2020 Ἐπολιόρο

2192 2063 2328 2116 κησε
2363 2047 2462 2116 μὲν
2493 2041 2586 2100 οὖν
2611 2045 2810 2110 αὐτοὺς
2836 2047 2865 2098 ὁ
2897 2044 3148 2115 βασιλεὺς
3180 2045 3272 2097 ἰπὶ
3301 2044 3558 2113 τέσσαρσι
3619 2039 3740 2110 μησὶ

2194 2137 2434 2207 συνεχῶς
2501 2138 2772 2206 ὁσημέραι
2867 2123 3234 2206 τειχομαχῶν.
3302 2133 3743 2202 Ἀπαγορεύοντος

2190 2227 2248 2280 δὲ
2277 2231 2377 2294 τὴν
2404 2227 2724 2298 παράληψιν
2763 2226 2890 2296 ἤδη,
2922 2227 2986 2279 ὲκ
3020 2224 3328 2294 Γερμανῶν
3376 2240 3461 2286 τις
3499 2219 3621 2292 περὶ
3647 2235 3743 2272 τει-

2193 2317 2505 2390 χομαχικὰς
2543 2317 2792 2389 μηχανὰς
2819 2315 3216 2386 ἐξησκημένος,
3281 2316 3358 2380 ῶς
3391 2317 3448 2368 ὲν
3475 2312 3637 2384 ρᾳδτῳ
3661 2311 3745 2379 τῆς

2193 2410 2590 2481 ιπιχειρήσεως
2637 2408 2813 2461 ἐδόκει
2861 2407 3076 2478 ἡπόλις
3132 2408 3372 2472 κεῖσθαι,
3413 2406 3628 2466 ὶλπίδας
3657 2401 3743 2470 τῆς

2192 2501 2448 2564 ἁλώσεως
2495 2501 2557 2554 ού
2585 2501 2800 2570 φαύλας
2825 2499 3086 2568 ,ὑπετίθει
3114 2499 3194 2568 τῷ
3227 2499 3460 2568 βασιλεῖ,
3497 2497 3586 2550 καὶ
3633 2495 3742 2564 idq-

2197 2594 2449 2665 μιούργει
2471 2593 2534 2646 τδ
2569 2593 2871 2664 μηχάνημα
2901 2591 3318 2661 προστάξαντος
3352 2589 3624 2662 βασιλέως.
3647 2580 3744 2639 Ἦν

2193 2685 2249 2740 δὲ
2279 2685 2482 2740 τοιόνδε
2517 2703 2532 2719 ο
2563 2687 2656 2741 επὶ
2677 2687 2897 2759 τροχοῖς
2922 2683 3223 2738 ἑκκαίδεκα
3253 2683 3438 2737 οίκίαν
3471 2677 3747 2736 κατεσκεύο

2193 2794 2290 2831 ασε
2322 2777 2563 2848 ξυλίνην,
2595 2777 2901 2847 δυναμένην
2927 2774 3295 2843 ὑποδέξασθαι
3326 2775 3519 2845 ἄνδρας
3549 2771 3744 2835 ἑκατὸν,

2192 2871 2242 2924 οἳ
2274 2870 2498 2938 ἔμελλον
2544 2871 2644 2939 τὴν
2685 2869 2932 2940 μηχανὴν
2987 2869 3167 2922 κινεῖν
3228 2865 3446 2921 ἔνδοθεν
3503 2863 3745 2937 ὠθοῦντες

2204 2960 2498 3032 Ὑπεράνω
2525 2962 2580 3016 δὲ
2607 2961 2704 3015 τοῦ
2736 2962 3056 3032 οἰκήματος,
3091 2960 3306 3026 ξύλινον
3346 2958 3553 3028 πύργον
3598 2970 3749 3008 κατα-

2198 3054 2497 3131 σξρὼματα
2516 3053 2714 3132 ἔχοντα
2737 3055 2921 3119 πέντε,
2944 3053 3017 3115 ῶς
3038 3054 3096 3105 ἐν
3115 3051 3340 3123 ἑκάστῳ
3362 3053 3426 3120 δὴ
3460 3044 3748 3116 καταστρώ-

521 3135 729 3213 jactum
759 3143 929 3210 venit,
959 3144 1052 3214 qui
1085 3147 1138 3199 in
1170 3145 1304 3200 turri
1337 3155 1517 3210 erant.
1543 3148 1848 3218 oppidanos
1882 3149 2091 3221 sagittis

2197 3168 2329 3221 ματι
2361 3150 2469 3204 τῶν
2497 3150 2745 3216 ἐκτόξων
2776 3143 3068 3203 λατινικῶν
3115 3143 3223 3202 τῶν
3249 3142 3562 3214 λεγομένων
3600 3137 3748 3202 τξαγ·

529 3243 808 3305 appetere.
841 3235 880 3290 li
926 3237 1242 3299 nescientes
1269 3239 1402 3309 quid
1431 3250 1624 3295 contra
1655 3241 1989 3310 inciperent,
2029 3258 2094 3298 ac

528 3335 607 3381 tot
628 3329 732 3382 tela
760 3335 986 3397 pr0pter
1009 3343 1278 3384 summam
1303 3331 1412 3385 vim
1459 3341 1624 3402 atque
1650 3332 1914 3404 impetum
1941 3349 2092 3389 arma

522 3419 734 3488 quaevis
763 3419 1128 3488 penetrantia,
1160 3421 1214 3476 in
1246 3421 1599 3492 mediumque
1626 3438 1828 3494 corpus
1855 3425 2095 3481 subeun-

527 3509 602 3562 tia
636 3509 998 3579 excipientes,
1027 3511 1226 3580 partim
1263 3513 1577 3568 moribundi
1607 3515 1922 3577 concidere,
1965 3531 2094 3586 par-

531 3598 629 3651 tim
660 3600 932 3654 vulnerati
963 3610 1190 3656 restare.
1231 3601 1344 3658 Nec
1376 3601 1471 3658 diu
1517 3615 1810 3667 restantes,
1838 3606 2093 3661 stationi-

529 3687 635 3745 bus
672 3691 964 3754 decedere,
1011 3707 1076 3747 ac
1127 3695 1327 3749 moenia
1379 3695 1666 3763 deserere;
1721 3698 1924 3768 quibus
1967 3713 2092 3754 cum

529 3783 700 3838 turris
745 3784 968 3854 jamjam
1019 3785 1361 3840 admovenda
1406 3797 1577 3854 esset,
1611 3803 1698 3843 res
1730 3789 1950 3844 interim
1985 3791 2091 3844 mi-

529 3874 700 3926 randa
743 3876 994 3944 contigit.
1047 3875 1190 3931 Ante
1256 3877 1444 3931 urbem
1503 3879 1808 3948 antiquitus
1854 3880 2092 3935 cisterna

528 3977 684 4032 aqua:
737 3964 1068 4034 recipiendae
1119 3966 1379 4032 condita,
1434 3978 1494 4022 et
1547 3967 1710 4038 lignis
1777 3969 2094 4039 tabulisque

529 4064 810 4124 cooperta,
850 4057 1114 4126 paulatim
1161 4073 1226 4112 eo
1258 4069 1402 4114 terra
1443 4060 1789 4114 accumulata
1827 4076 2095 4131 apparere

528 4147 803 4212 desierat;
830 4149 1010 4216 etjam
1039 4149 1250 4220 pridem
1277 4150 1577 4206 incolarum
1607 4167 1766 4206 nemo
1782 4154 1904 4223 ejus
1931 4155 2093 4210 ullam

529 4239 782 4293 notitiam
817 4238 1083 4296 habebat.
1112 4245 1342 4297 Asseres
1364 4241 1468 4308 illi,
1509 4257 1604 4297 seu
1634 4243 1854 4304 tabulae.
1878 4262 2092 4314 currus,

527 4336 582 4381 et
613 4328 880 4398 quidquid
905 4343 1134 4384 onerum
1163 4339 1658 4399 transportaretur,
1685 4336 2094 4392 sustentabant.

527 4422 596 4472 At
620 4435 748 4473 vero
769 4421 938 4475 turris
967 4435 1092 4475 cum
1110 4421 1348 4491 desuper
1375 4422 1775 4492 impelleretur,
1797 4426 2098 4482 confractis

2193 3242 2365 3315 γρῶν.
2386 3243 2654 3310 ἀφιέντων
2677 3230 2804 3311 βέλη
2825 3240 3100 3310 ἐσομένων
3123 3239 3292 3305 ὀκτὼ,
3317 3240 3369 3294 οῖ
3398 3237 3617 3305 ἔμελλον
3636 3234 3747 3294 τοὺς

2195 3335 2285 3389 ἐπὶ
2300 3333 2394 3386 τοῦ
2409 3332 2618 3402 τείχους
2640 3331 2934 3402 βαλλόντας
2957 3329 3302 3386 ἀπώσεσθαι.
3335 3329 3678 3394 Τελεσθείσης
3699 3322 3749 3375 δὶ

2193 3426 2295 3498 ἥδη
2313 3424 2413 3494 τῆς
2439 3425 2706 3495 μηχανῆς,
2738 3424 2835 3476 καὶ
2852 3423 2960 3477 τῶν
2977 3440 3034 3478 τε
3057 3424 3085 3476 ό
3099 3422 3308 3477 πλιτῶν
3328 3425 3426 3478 καὶ
3453 3422 3556 3476 τῶν
3572 3422 3658 3474 ἐπὶ
3679 3415 3749 3487 τῷ
3819 3404 3832 3423 ⁸

2195 3519 2366 3570 κινεῖν
2379 3516 2470 3568 τὴν
2493 3513 2703 3586 πύργον
2717 3513 3146 3584 τεταγμένων,ή
3167 3514 3266 3582 μιν
3281 3515 3416 3582 ἄλλη
3440 3515 3754 3580 πᾶσαστρα·

2192 3608 2286 3661 τιὰ
2305 3608 2412 3660 τῶν
2437 3605 2998 3676 σημαίωνάρθέντων,
3023 3606 3116 3658 καὶ
3137 3605 3236 3675 τῆς
3264 3605 3568 3674 σάλπιγγος
3585 3614 3752 3670 σημη-

2194 3699 2363 3766 νάσης
2377 3698 2786 3768 ἐτειχομάχουν·
2801 3695 2872 3749 πύ
2882 3713 3008 3765 ργος
3018 3695 3075 3749 δὲ
3088 3696 3192 3749 ύπδ
3207 3695 3320 3750 τῶν
3339 3697 3545 3750 ἔνδοθεν
3561 3691 3752 3746 ὠθούν-

2193 3807 2303 3846 των
2321 3789 2664 3859 κινούμενος,
2681 3788 2770 3859 ᾔει
2790 3788 2978 3859 βάδην,
3001 3787 3074 3851 ὡς
3095 3787 3271 3842 δοκεῖν
3290 3789 3455 3843 αὑτὸν
3474 3783 3753 3857 ἑμπνοέντα

2195 3883 2466 3938 κινεῖσθαι
2495 3899 2509 3915 ο
2540 3873 2663 3936 οὐδὲ
2688 3881 2794 3950 γάρ
2816 3879 3026 3949 ἑωρᾶτό
3043 3898 3126 3942 τις
3145 3880 3252 3933 τῶν
3305 3880 3517 3935 ἔνδοθεν
3532 3871 3746 3941 οὐδαμό-

2195 3977 2309 4029 θεν.
2339 3975 2430 4027 Διὸ
2464 3974 2582 4026 οὐδὲ
2607 3969 2896 4042 βάλλεσθαι
2935 3971 3158 4033 δυνατὸς
3179 3967 3271 4042 ᾖν.
3306 3972 3396 4036 Ὠς
3416 3971 3473 4026 δὲ
3493 3961 3753 4044 ὲνδὲφικτῷ

2195 4067 2446 4135 ῖγὲνοντο
2491 4062 2586 4116 τοῦ
2623 4061 2888 4126 τοξεύειν,
2927 4063 2977 4116 οῖ
3021 4061 3120 4132 μὲν
3154 4063 3364 4118 ἀποτοῦ
3400 4063 3608 4130 ξυλίνου
3633 4057 3754 4129 πύρ-

2195 4173 2315 4226 γου,
2357 4155 2582 4209 ἔϐαλλον
2613 4154 2742 4215 τοὺς
2771 4153 2880 4206 ἀπὸ
2907 4153 3018 4206 τῶν
3063 4153 3284 4223 τειχῶν.
3347 4155 3508 4208 Δύτοὶ
3535 4153 3591 4208 δὲ
3629 4153 3754 4219 μήτε

2195 4267 2248 4303 τι
2281 4248 2543 4318 ὰντιδρᾷν
2596 4246 2838 4316 ἔχοντες,
2891 4247 2988 4300 καὶ
3036 4246 3145 4300 τῶν
3184 4247 3293 4301 ἀπὸ
3343 4248 3455 4303 τῶν
3479 4242 3751 4314 τζαγγρῶν

2195 4341 2504 4410 ἀφιεμένων
2551 4338 2722 4410 βελῶν
2767 4338 2856 4392 διὰ
2895 4339 3270 4409 κραταιότητα
3304 4341 3403 4394 καὶ
3453 4339 3634 4410 ῥύμην
3677 4333 3754 4388 διὰ

2197 4431 2398 4493 παντὸς
2429 4431 2594 4484 ὅπλου
2626 4429 2951 4501 χωρούντων
2998 4431 3094 4483 καὶ
3168 4430 3562 4503 διαδυομένων,
3601 4442 3756 4499 τραυ-

530 4509 732 4565 tabulis
781 4511 835 4565 in
887 4512 1180 4566 cisternam
1219 4511 1499 4578 decidens,
1541 4529 1681 4584 pene
1735 4515 1930 4571 obruta
1969 4527 2090 4583 est;

2202 4523 2552 4592 ματιζόμενοι
2585 4520 2678 4574 ὑπ’
2710 4521 2912 4576 αὐτῶν.
2965 4521 3029 4574 0t
3069 4521 3128 4575 δὲ
3183 4523 3277 4577 καὶ
3308 4523 3753 4590 ἀποθνήσκοντες.

525 4615 718 4655 eorum
743 4610 921 4656 tamen
964 4603 1058 4670 qui
1091 4603 1238 4657 intus
1271 4611 1427 4657 erant
1452 4619 1614 4659 nemo
1643 4603 1828 4675 periit.
1861 4610 1938 4662 Ac
1965 4609 2098 4664 Phi-

526 4685 824 4766 lippopolis
863 4696 1084 4765 quidem
1122 4713 1451 4768 quamquam
1488 4699 1596 4754 huc
1637 4700 1878 4764 redacta,
1925 4704 2102 4759 nihilo

529 4786 714 4841 minus
764 4795 979 4841 servata
1023 4797 1130 4842 est.
1174 4787 1508 4846 Prmsidiarii
1549 4807 1786 4861 namque
1833 4795 2097 4852 redeunte

528 4879 735 4932 virtute
770 4879 823 4932 in
851 4881 1175 4958 praecordia,
1205 4895 1426 4935 rursum
1461 4897 1648 4936 muros
1679 4884 1998 4948 ascendere,
2029 4902 2095 4942 ac

529 4983 900 5039 propugnare,
919 4978 973 5024 et
1008 4969 1184 5026 bostis
1206 4971 1671 5041 oppugnationem
1699 4973 2088 5032 intermittere.

2206 4615 2404 4683 μικρὸν
2465 4613 2564 4682 μὲν
2609 4616 3017 4686 ἐκαρτέρησαν,
3073 4611 3267 4666 ἔπειτα
3331 4616 3664 4682 ἀπέστησαν.
3705 4606 3760 4660 τδ

2202 4708 2378 4776 τεῖχος
2405 4708 2612 4776 ἔρημον
2637 4708 3058 4771 καταλιπόντες.
3075 4707 3382 4770 Μίλλοντος
3397 4707 3454 4759 δὲ
3474 4706 3597 4760 ὅσον
3618 4698 3758 4755 οὔπω

2203 4797 2297 4849 τοῦ
2328 4797 2540 4862 ξυλίνου
2571 4797 2787 4869 πύργου
2831 4800 2945 4862 τοῖς
2980 4798 3191 4868 τείχεσι
3225 4798 3328 4867 τῆς
3371 4797 3578 4858 πόλεως
3627 4807 3758 4859 συμ·

2203 4889 2517 4959 μίγνυσθαι,
2569 4890 2810 4944 τοιοῦτόν
2859 4907 2914 4944 τι
2954 4891 3176 4961 συνέϐη.
3229 4890 3344 4962 Πρὸ
3391 4889 3499 4943 τῶν
3536 4886 3632 4951 τῆς
3675 4879 3762 4934 πό·

2203 4981 2342 5045 λεως
2369 4981 2575 5052 τειχῶν
2623 4977 2693 5052 ἦν
2744 4984 2810 5035 ἐκ
2851 4983 3089 5037 παλαιοῦ
3124 4981 3610 5050 κατεσκευασμένη
3639 4971 3762 5029 στοά

1799 5114 2014 5176 Jacobi
2049 5114 2313 5178 Pontani
2350 5126 2538 5182 noue.

602 5233 712 5302 (l9)
743 5231 927 5288 Ibanes
962 5248 1161 5288 nomen
1195 5233 1513 5303 Scytbicum
1543 5251 1640 5304 pro
1671 5235 1924 5304 Joannes;
1970 5239 2092 5295 Bla-

528 5305 617 5360 clti
650 5314 830 5356 autem
875 5303 1123 5370 Ἰθαγκδν
1158 5305 1436 5368 dicebant,
1475 5303 1755 5359 ut’auctor
1779 5308 2019 5364 Nicctas.

601 5375 714 5441 (‘20)
771 5374 1001 5444 Nomine
1054 5370 1406 5444 Latinorum,
1435 5375 1676 5444 intelligo.
1709 5392 1814 5430 non
1849 5377 2092 5442 Graecos,

531 5444 635 5497 buc
663 5453 743 5517 est
769 5442 1094 5517 l_talos,_sed
1123 5442 1349 5517 G_allos._
1372 5442 1671 5498 Germanus
1694 5463 1706 5498 :
1730 5455 1781 5517 et
1845 5448 2098 5517 quicum-

528 5529 635 5580 qun
668 5513 924 5564 nimirum
969 5507 1264 5566 Ecclesium
1315 5513 1613 5566 Romanam
1657 5507 1907 5569 audiunt.
1939 5517 2099 5582 Quat-

531 5595 716 5634 ramus
761 5595 891 5646 ergo
934 5582 1002 5634 ab
1058 5582 1161 5638 Itis.
1194 5592 1377 5636 utrum
1425 5598 1598 5651 genus
1633 5585 1906 5651 quoddam
1938 5601 2125 5640 arcus-

529 5651 988 5722 sicappcllitent.
1019 5651 1408 5721 Τζαγγάτορες
1447 5667 1620 5719 genus
1665 5653 1898 5708 militum
1931 5671 1996 5722 pe
2011 5665 2100 5710 3e-

530 5720 749 5774 διείιιιη,
806 5721 969 5792 ιιυυιί
1011 5720 1322 5792 conferunt
1352 5730 1599 5789 possunt.
1654 5725 1906 5790 quamvis
1933 5720 2100 5792 Vjustu

529 5793 747 5856 agmine
775 5791 1094 5859 procedere,
1114 5807 1143 5846 ε
1171 5791 1336 5849 verbo
1369 5793 1625 5846 orientali
1661 5808 1808 5863 saga,
1845 5793 1990 5866 quod
2016 5806 2100 5849 est

2199 5247 2504 5310 ecpiosum.
2539 5245 2798 5307 densum.
2839 5244 3172 5307 confertum,
3202 5243 3354 5314 quasi
3393 5241 3543 5314 dicas
3575 5233 3758 5314 spissi-

2200 5309 2414 5383 grados.
2448 5315 2596 5391 Facit
2616 5317 2716 5371 ltus
2741 5316 2934 5391 spatha
2945 5317 3054 5369 rios
3074 5309 3394 5391 scbol'iastes
3409 5309 3755 5391 ςζιηορειιειίιεἒ

2839 5395 2945 5448 est,
2981 5386 3279 5456 sagittariis
3312 5382 3598 5456 distinguit
3623 5393 3636 5440 ;
3663 5382 3754 5456 qui
3818 5389 3824 5396 ·

2205 5464 2405 5536 Eameu,
2440 5457 2484 5508 si
2526 5458 2733 5536 izangri
2760 5465 2912 5536 .sunt
2955 5452 3428 5536 arcus,_videntur
3461 5452 3754 5536 eti-autAiB-fl

2199 5523 2367 5594 fusse
2427 5519 2720 5594 sagittarii,
2760 5525 2994 5593 indeque
3045 5525 3250 5594 potius,
3281 5536 3444 5590 quam
3479 5519 3546 5571 ab
3584 5519 3759 5594 orien-

2202 5592 2295 5645 tali
2334 5592 2512 5646 verbo‘
2562 5609 2687 5663 saga
2717 5592 3006 5648 nominati.
3033 5592 3104 5633 +
3126 5593 3171 5648 Α
3202 5604 3426 5659 tsangra
3459 5593 3757 5663 uanam-ly

2203 5674 2311 5714 res.
2342 5649 2752 5734 arcubalts‘t’arii
2798 5663 3043 5734 fuerunt,
3077 5678 3313 5734 quorum
3329 5649 3476 5714 'usus
3517 5657 3568 5711 in
3592 5649 3757 5707 bellis

2203 5739 2330 5786 tunc
2369 5734 2634 5804 temporis
2668 5733 2958 5804 plurimus.

2201 5394 2256 5437 et
2287 5401 2316 5437 a
2352 5386 2693 5452 lzaconibus,
2739 5386 2754 5439 i
