4028 6428
390 388 502 456 253

1568 388 1930 450 HISTORIA
1945 389 2107 453 RUM
2150 390 2385 454 LIBER
2429 393 2473 453 Ι.

3536 394 3643 460 251

390 502 531 572 πρὸς
572 500 841 571 ὑποδοχὴν
872 498 1060 564 ὓδατος
1090 517 1105 533 ⁸
1154 500 1333 569 ξύλοις
1384 504 1436 556 δὲ
1473 505 1567 557 καὶ
1625 505 1805 559 σανίσι
1850 518 1955 559 στε-

2073 506 2187 561 Sub
2231 508 2373 562 idem
2404 518 2618 578 tempus
2676 509 2971 567 Mensorum
3010 512 3290 582 principes
3340 527 3465 583 rege
3510 512 3646 566 Ter-

392 584 701 660 γασθεῖσα,’
742 594 1087 665 ἐπιτεθείσης
1111 593 1319 647 ἄνωθεν
1351 594 1444 647 καὶ
1508 596 1631 662 γῆς,
1684 590 1751 666 ἦν
1780 598 1839 649 ὲν
1877 596 1957 666 τῷ

394 684 611 752 ἀφανεῖ.
642 683 737 736 καὶ
789 684 966 747 οὐδεὶς
1009 684 1133 738 οὔτε
1163 686 1271 737 τῶν
1314 688 1600 755 ἐγχωρίων
1652 688 1718 741 ὲκ
1745 688 1959 757 χρόνων

389 775 510 847 ᾔδει
554 773 799 828 παλαιῶν
851 776 1407 848 κατακεκρυμμένην.
1443 775 1690 847 ’Λμάξας
1732 780 1835 848 μὲν
1859 775 1957 834 οὖν

389 868 489 921 καὶ
514 869 613 922 ὅσα
638 866 707 921 δι’
741 869 913 937 αὐτῆς
955 869 1210 939 διήρχετο
1246 869 1409 939 βάρη,
1441 869 1664 939 ἐστεγον
1682 870 1752 925 τὰ
1782 873 1916 938 ξύλα
1937 889 1954 908 ⁶

390 959 468 1021 ὠς
493 957 549 1012 δὲ
571 961 599 1013 ό
631 958 839 1030 πύργος
865 959 1079 1027 ἐγένετο
1107 958 1230 1013 κατ’
1258 960 1450 1027 αὐτῆς.
1483 960 1957 1031 διαθραυσθέντων

387 1045 469 1114 τῷ
498 1046 671 1115 βάρει,
718 1047 1039 1117 κατεχώσθη
1070 1050 1128 1100 ὲν
1166 1049 1232 1117 τῇ
1259 1046 1412 1119 στοᾷ.
1444 1048 1568 1100 Τῶν
1608 1049 1711 1118 μὲν
1753 1045 1847 1103 οὖν
1875 1050 1960 1104 ἔν-

389 1134 480 1187 δον
507 1134 700 1196 ὄντων,
746 1135 1016 1189 ἀπέθανεν
1045 1136 1241 1199 οὐδεὶς,
1278 1137 1417 1191 ἀλλά
1446 1137 1788 1208 διεσώθησαν
1816 1141 1957 1194 πάν-

388 1241 502 1288 τες.
551 1226 613 1279 Ἡ
647 1227 830 1297 μέντοι
865 1228 1311 1293 Φιλιππούπολις,
1351 1230 1502 1299 παρὲι
1558 1232 1815 1286 τοσοῦτον
1870 1235 1958 1287 ὲλ-

388 1315 558 1368 θοῦσα
589 1316 844 1384 διέφυγεν
870 1316 1092 1371 ἁλῶναι.
1127 1318 1189 1370 Oi
1214 1319 1323 1387 γάρ
1357 1317 1508 1371 ἔνδον
1536 1318 1958 1390 ἀναθαρσήσανο

387 1424 501 1470 τες,
532 1407 833 1469 ἀναϐάντες
862 1406 1135 1478 ἠμύνοντο
1168 1411 1259 1463 ἐπὶ
1285 1410 1345 1463 τὸ
1383 1414 1587 1481 τεῖχος,
1618 1413 1711 1465 καὶ
1740 1414 1953 1487 ήλοιπὴ

391 1497 620 1566 στρατιά
676 1498 987 1552 ἐπαύσαντο
1015 1500 1499 1571 τειχομαχοῦντες.
1561 1502 1698 1557 Ὑπὸ
1730 1504 1787 1558 δὲ
1826 1506 1953 1571 τοὺς

388 1590 583 1651 ασίτοὺς
617 1591 840 1658 καιροὺς
863 1592 914 1643 οι
948 1592 1054 1643 τῶν
1088 1594 1294 1645 Μυσῶν
1325 1594 1541 1648 δυνατοὶ
1579 1596 1673 1650 τοῦ
1700 1596 1953 1668 βασιλεύ⁴

390 1696 581 1741 σαντος
623 1681 803 1735 αὐτῶν
831 1681 1073 1752 Τερτερῆ
1117 1684 1405 1753 ἀδιαδόχου
1437 1685 1832 1752 ἀποθανόντος,
1858 1690 1952 1742 τὸν

388 1770 487 1833 τῆς
533 1771 757 1839 Βλύνης
804 1772 1043 1841 ἄρχοντα
1074 1772 1295 1843 Μιχαὴλ
1336 1773 1432 1827 τοῦ
1464 1778 1597 1844 παρ’
1622 1777 1808 1840 αὐτοῖς
1873 1779 1954 1832 δε-

392 1859 589 1912 σπότου
631 1859 724 1913 τοῦ
784 1861 1264 1934 Στρεαντζιμήρου
1325 1865 1447 1918 υἱὸν
1480 1866 1546 1920 ὲκ
1604 1867 1808 1922 Μυσῶν
1856 1870 1952 1923 καὶ
1984 1859 2024 1913 Β

396 1951 659 2020 Κομάνων
687 1955 786 2017 ce;
833 1953 930 2007 τοῦ
978 1956 1173 2024 γένους
1208 1955 1438 2012 ἕλκοντα
1487 1958 1675 2028 σειρὰς
1709 1977 1954 2029 προσκα-

385 2042 670 2113 λεσάμενοι
704 2045 997 2110 ἀπέδειξαν
1062 2034 1283 2117 βασιλέα
1313 2050 1547 2115 ἑαυτῶν,
1577 2051 1672 2104 καὶ
1700 2052 1791 2105 τὸν
1821 2053 1954 2124 Τίρ-

381 2136 539 2187 νοόον
569 2135 649 2204 (ὲν
691 2129 735 2204 ᾧ
763 2138 856 2190 καὶ
905 2138 973 2191 τὰ
1002 2138 1251 2208 βασίλεια
1302 2140 1485 2194 αὐτῶν
1519 2141 1662 2211 ἐστι)
1716 2144 1954 2213 παρέδοέ

382 2241 509 2288 σαν,
545 2227 636 2279 καὶ
671 2227 765 2298 τὴν
794 2228 962 2299 ἀλλην
993 2231 1191 2301 ἀρχήν.
1229 2229 1289 2286 '0
1322 2232 1379 2286 δὲ
1407 2234 1507 2305 τήν
1529 2251 1588 2287 τε
1622 2236 1758 2290 ιδίαν
1783 2252 1954 2308 στρα-

381 2319 508 2370 τιὰν
547 2318 869 2386 συναγαγὼν
898 2322 991 2375 καὶ
1023 2321 1523 2393 ὲξὉγκροσλάχων
1553 2325 1698 2379 κατά
1725 2344 1946 2397 συμμαο

382 2409 507 2478 χίαν
534 2409 634 2463 οὐκ
672 2410 881 2479 ὀλίγην,
929 2411 1010 2465 ἔτι
1050 2412 1109 2465 δὲ
1139 2414 1231 2467 καὶ⁸
1278 2414 1550 2486 Σκυθικὴν
1594 2419 1951 2491 παραλαϐὼν,

387 2500 599 2568 βασιλεῖ
644 2500 744 2571 μὲν
791 2503 873 2572 τῷ
913 2500 1205 2573 Ῥωμαίων
1238 2504 1669 2562 Φιλιππούπολιν
1734 2512 1954 2582 πολιορ-

386 2592 568 2645 κοῦντι
593 2594 806 2646 ἐπιέναι
831 2596 932 2648 οὐκ
960 2595 1100 2661 ἔγνω
1128 2596 1259 2651 δεῖν.
1294 2597 1450 2670 ’ῌδει
1499 2600 1606 2671 γὰρ
1656 2601 1955 2673 ἀξιόμαχος

381 2684 482 2736 οὐκ
509 2682 582 2735 ὥν
606 2700 621 2715 ο
651 2686 790 2739 κατὰ
828 2686 886 2739 δὲ
919 2687 1026 2740 τῶν
1074 2689 1213 2758 μετά
1257 2689 1355 2760 τὴν
1393 2689 1641 2764 Τερτερῆ
1692 2695 1949 2768 τελευτὴν

383 2778 490 2836 τοῖς
529 2769 820 2845 Ῥωμαίοις
856 2776 1238 2848 προσθεμένων
1272 2780 1480 2835 πόλεων
1502 2783 1703 2854 ἐχώρει
1742 2786 1801 2838 εν
1840 2789 1952 2849 τοῖς

392 2867 609 2935 ὀρεινοῖς
637 2869 905 2938 κειμένων
919 2871 1220 2937 ἀσφάλειαν
1245 2874 1547 2943 παρέχουσι
1569 2878 1683 2939 τοῖς
1718 2892 1954 2948 συστρα-

399 2962 696 3031 τευομένοις
731 2962 879 3029 αύτῷ
928 2962 1164 3028 Σκύθαις
1209 2967 1303 3019 καὶ
1354 2969 1466 3030 τοῖς
1516 2967 1697 3032 ἄλλοις
1726 2971 1948 3041 συμμά-

389 3071 495 3122 χοις
532 3053 649 3107 οὖσι
698 3055 963 3122 τοξόταις,
991 3060 1084 3113 κοιλ⁵
1122 3058 1431 3129 καθήμενος
1479 3060 1641 3131 ἐδῄου
1690 3061 1789 3132 τὴν
1842 3063 1949 3133 γῆν

386 3150 477 3200 καὶ
520 3149 616 3211 τὰς
645 3149 830 3211 πόλεις
878 3150 1215 3220 ἐπολιόρκει.
1283 3150 1372 3214 Ὠς
1413 3152 1472 3205 δὲ
1499 3152 1746 3225 ἠγγέλθη
1775 3155 1950 3209 ταῦτα
1978 3196 2023 3260 C

384 3240 461 3308 τῷ
494 3239 720 3308 βασιλεῖ,
749 3242 885 3311 μετά
907 3241 1014 3294 τῶν
1045 3242 1103 3294 ὲν
1128 3241 1270 3295 τέλει
1297 3242 1745 3316 βουλευσαμένων
1774 3247 1950 3302 ἐδόκει

384 3329 485 3398 τὴν
546 3330 645 3399 μὲν
687 3331 1012 3401 πολιορκίαν
1077 3333 1559 3399 Φιλιππουπόλεως
1610 3337 1951 3396 καταλιπεῖν.

383 3423 615 3492 Κατάμδὶ
645 3423 881 3494 Μιχαὴλ,
933 3424 1009 3488 ὡς
1062 3425 1215 3496 αὐτῷ
1281 3430 1693 3499 μαχεσομίνοις
1732 3433 1954 3501 χωρεῖν.

383 3516 540 3570 Οὕτω
568 3518 623 3571 δὲ
670 3517 1145 3589 βουλευσαμένοις,
1196 3521 1288 3575 τὸν
1333 3522 1439 3591 μὲν
1470 3524 1577 3575 τῶν
1600 3525 1807 3580 Μυσῶν
1829 3528 1953 3579 δεσο

384 3609 557 3675 πότην
615 3610 877 3679 Βοησιλαν
917 3611 1100 3665 οἴκαδε
1142 3612 1396 3666 ἐκέλευεν
1447 3615 1475 3666 ό
1504 3614 1754 3684 βασιλεὺς
1783 3617 1952 3671 ἀπελ-

382 3702 567 3766 θόντα,
594 3705 717 3757 ἐπεὶ
742 3705 966 3774 πλησίον
994 3702 1083 3777 ἦν,
1117 3707 1213 3761 καὶ
1250 3708 1411 3760 αὑτὸν
1456 3711 1553 3762 καὶ
1600 3708 1702 3779 τὴν
1727 3711 1826 3764 ὑπ’
1857 3713 1957 3765 αύο

382 3793 476 3846 τὸν
499 3794 776 3862 στρατιάν,
807 3789 881 3847 ὧν
921 3795 987 3849 ἂν
1041 3796 1386 3867 δέοιτοπρδς
1412 3797 1514 3867 τὴν
1546 3816 1736 3871 μαχην
1779 3816 1955 3870 παρα-

385 3894 815 3955 σκευασαμενον,
872 3888 952 3950 εἰς
1004 3889 1195 3960 τρίτην
1244 3889 1459 3960 ἡμέραν
1504 3894 1585 3954 εις
1676 3893 1955 3947 Ποτοῦκαν

384 3977 560 4029 ἐλθεῖν
582 3993 595 4006 ο
623 3979 689 4049 (ὃ
714 3980 951 4048 πόλισμα
979 3976 1047 4051 ἦν
1087 3986 1552 4052 κατεσκαμμένον
1584 3983 1649 4037 ἐκ
1697 4002 1847 4050 τινος
1880 3986 1955 4051 ὡς

385 4070 525 4122 ἔοικε
561 4070 820 4141 πολέμου.
870 4074 1087 4143 Ἀπεῖχε
1110 4074 1168 4127 δὲ
1202 4075 1295 4128 τοῦ
1319 4076 1490 4128 τόπου
1516 4068 1578 4128 οὗ
1604 4078 1953 4149 ,ἐστρατοπε-

382 4161 565 4215 δεύετο
593 4165 825 4233 Μιχαὴλ,
858 4168 984 4235 μιᾶς
1023 4169 1237 4239 ἡμέρας
1262 4169 1381 4223 ὁδον
1409 4170 1427 4239 )
1475 4170 1550 4233 ὡς
1581 4171 1701 4225 ἐκεῖ
1726 4171 1824 4225 τοῦ
1857 4172 1955 4243 βα-

388 4259 576 4322 σιλέως
607 4261 763 4315 αὑτὸν
790 4261 1232 4332 περιμενοῦντος.
1281 4263 1340 4317 ’0
1374 4264 1478 4333 μὲν
1502 4263 1597 4319 οὖν
1628 4265 1813 4319 οἴκαδε
1874 4268 1956 4331 εἰς

390 4352 565 4418 Κόψιν
631 4352 875 4415 ἀπῆλθεν
918 4354 1354 4425 ὲξαρτυσόμενος
1416 4356 1503 4421 se;
1547 4356 1687 4427 πρὸς
1746 4358 1949 4430 μάχην.

390 4442 644 4506 Βασιλεὺς
671 4446 748 4509 δὲ,
786 4446 1120 4516 Στενιμάχου
1170 4449 1265 4500 καὶ
1308 4446 1625 4519 Τζεπαινης
1664 4450 1953 4518 Βρυέννιον

2063 608 2179 652 tere
2210 600 2336 654 sine
2360 602 2578 657 ha-rede
2621 614 2858 670 mortuo,
2885 605 3206 660 Michaelem
3231 605 3645 660 Streantzimeri

2059 691 2207 758 apud
2234 706 2330 745 eos
2370 692 2615 763 dynastas
2638 697 2930 763 cujusdam
2962 698 3161 763 lilium,
3199 697 3420 766 Bidyna:
3446 696 3646 766 praefe-

2057 793 2231 850 ctum,
2263 802 2293 841 e
2316 786 2520 851 Moesis,
2549 796 2606 841 et
2629 788 2889 843 Komauis
2911 790 3025 856 (2|)
3059 804 3153 859 per
3178 803 3310 845 avos
3335 788 3644 842 trahentem

2058 891 2236 945 genus
2274 876 2572 940 advocant.
2627 894 2927 949 regemque
2968 894 3132 934 suum
3163 879 3470 943 declarant,
3515 877 3644 932 Tri-

2057 966 2205 1022 nobo
2253 968 2386 1023 sede
2435 970 2581 1040 regia
2627 971 2766 1040 (22),
2812 986 2937 1025 cum
2992 971 3206 1039 reliquo
3246 969 3556 1039 principatu
3591 968 3644 1023 ei

2058 1059 2289 1115 tradito.
2334 1061 2436 1117 Hic
2470 1061 2651 1130 copiis
2694 1063 2812 1117 suis
2849 1062 2906 1117 in
2950 1076 3123 1117 unum
3166 1061 3479 1127 conductis,
3520 1076 3645 1117 cum

2057 1167 2172 1206 non
2253 1152 2585 1222 spernendis
2648 1152 3159 1222 Ungroblacborum
3207 1151 3648 1223 Scytharumque

2054 1243 2277 1299 auxiliis
2306 1244 2684 1300 Romanorum
2714 1246 3107 1314 imperatorem
3153 1243 3315 1313 109
3343 1241 3639 1311 Philippo-

2057 1336 2207 1405 polin
2257 1337 2630 1400 obsidentem,
2670 1336 3076 1399 lacessendum,
3128 1335 3276 1404 quod
3315 1350 3379 1389 se
3427 1334 3506 1388 illi
3543 1334 3646 1388 im-

2056 1443 2246 1498 parem
2277 1427 2506 1493 sciebat,
2537 1444 2646 1483 non
2681 1429 2918 1499 putavit.
2944 1427 3128 1483 Urbes
3156 1438 3342 1481 autem
3369 1442 3492 1496 qua:
3522 1434 3647 1495 post

2055 1518 2266 1573 obitum
2286 1515 2898 1588 Terteris'semomanis
2914 1517 3264 1582 dediderant,
3285 1517 3340 1571 in
3364 1517 3644 1572 montanis

2052 1606 2190 1661 sitas
2222 1606 2367 1676 (quae
2398 1606 2516 1662 loca
2550 1606 2785 1677 Scythas
2842 1606 3095 1675 aliosque
3120 1606 3303 1661 socios
3331 1606 3645 1677 sagittarios

2056 1697 2375 1769 tuebantur)
2426 1697 2742 1759 obsidebat.
2773 1708 2831 1753 et
2870 1713 3062 1752 earum
3093 1712 3257 1768 agros
3296 1696 3641 1753 devastabat.

2053 1789 2186 1856 Quae
2233 1806 2361 1846 cum
2420 1788 2746 1862 imperatori
2803 1788 3223 1855 nuntiarentur,
3280 1788 3547 1843 adhibitis
3585 1786 3643 1841 in

2054 1882 2346 1936 consilium
2398 1882 2790 1953 optimatibus,
2853 1879 3256 1949 Philippopol's
3292 1878 3643 1933 obsidionem

2056 1973 2398 2041 solvendam,
2424 1974 2672 2030 Michaeli
2703 1973 3129 2038 occurrendum,
3159 1981 3218 2027 et
3243 1971 3389 2026 bello
3420 1984 3544 2025 cum
3573 1984 3643 2025 eo

2054 2066 2457 2135 experiundum
2490 2067 2803 2122 constituit.
2840 2066 3050 2121 Deinde
3082 2065 3311 2119 Boesilae
3340 2062 3639 2118 Mmsorum

2056 2156 2316 2226 despoue,
2363 2173 2488 2213 cum
2538 2173 2705 2213 manu
2754 2171 2918 2227 quam
2953 2156 3194 2212 ducebat
3230 2155 3454 2209 domum
3481 2153 3641 2208 abire

2054 2243 2226 2311 (haud
2283 2244 2431 2300 enim
2482 2248 2673 2316 procul
2731 2246 3019 2313 distabat),
3084 2243 3531 2313 comparatisque
3570 2242 3639 2297 ad

2056 2350 2297 2406 pugnam
2332 2337 2688 2401 necessariis,
2723 2337 2892 2391 tertio
2922 2337 3013 2391 die
3047 2335 3115 2390 ad
3146 2334 3408 2390 Potucam
3444 2331 3641 2387 adesse

2057 2426 2333 2481 mandavit
2364 2426 2440 2496 (id
2487 2436 2607 2483 erat
2636 2427 2962 2497 oppidulum
3001 2426 3174 2490 bello,
3204 2434 3265 2479 ut
3310 2421 3638 2494 apparebat,

2056 2532 2334 2586 eversum,
2366 2527 2423 2573 et
2470 2534 2500 2573 a
2540 2519 2742 2573 castris
2776 2517 3064 2572 Michaelis
3095 2516 3261 2571 unius
3292 2514 3404 2570 diei
3440 2513 3642 2570 itinere

2056 2611 2360 2682 distabat);
2415 2626 2475 2666 se
2504 2611 2654 2665 enim
2686 2608 2799 2665 illic
2824 2624 2952 2665 eum
2987 2617 3460 2679 exspectaturum.
3502 2606 3643 2662 Boe-

2057 2702 2189 2757 silas
2225 2702 2300 2756 ita
2353 2700 2627 2760 facturus.
2669 2698 2920 2763 domum,
2971 2699 3177 2770 Cupsin
3209 2698 3489 2763 videlicet,
3526 2698 3642 2753 dis-

2056 2794 2245 2848 cessit.
2281 2792 2588 2862 Imperator
2623 2791 2859 2861 Georgio
2889 2790 3165 2863 Bryennio
3194 2788 3559 2853 Stenimachi,
3583 2796 3642 2843 et

2056 2886 2316 2954 Zepaenes
2341 2884 2565 2938 urbium
2594 2887 2736 2938 duce
2766 2883 3041 2945 instituto,
3069 2890 3125 2936 et
3155 2882 3303 2951 quod
3332 2880 3468 2935 satis
3492 2886 3644 2935 esset

2058 2977 2294 3030 militum
2326 2974 2396 3030 ad
2434 2974 2750 3038 praesidium
2780 2974 2996 3037 relicto,
3025 2988 3093 3029 ne
3123 2988 3152 3026 a
3184 2970 3641 3042 Philippopolim-

2056 3067 2145 3121 nis
2173 3066 2362 3120 furtim
2410 3065 2837 3121 excurrentibus
2874 3064 3027 3135 regio
3073 3062 3272 3119 infesta
3318 3062 3636 3126 haberetur,

2059 3154 2178 3223 ipse
2207 3170 2333 3211 cum
2386 3165 2499 3211 toto
2526 3156 2777 3211 exercitu
2829 3156 3117 3217 Potucam,
3148 3154 3421 3208 Boesilam
3454 3152 3530 3207 ibi
3568 3167 3639 3208 ex

2056 3247 2316 3303 condicto
2347 3254 2792 3318 exspectaturus,
2832 3246 3233 3316 proﬁciscitur.
3277 3244 3488 3300 Castris
3527 3244 3638 3299 ibi-

2056 3339 2181 3393 dem
2198 3340 2410 3405 locatis,
2437 3340 2574 3395 Boes
2600 3341 2707 3395 lam
2738 3338 3027 3409 repentino
3055 3347 3331 3392 mortuum
3364 3336 3639 3407 intelligit.

2057 3429 2223 3485 Visus
2272 3430 2492 3484 mentiri
2546 3431 2796 3495 nuntius,
2842 3444 2907 3483 ac
2952 3429 3091 3483 nihil
3125 3444 3225 3498 pro
3259 3443 3394 3483 sano
3426 3427 3640 3484 dicere.

2056 3522 2229 3577 Paulo
2262 3530 2388 3591 post
2431 3521 2575 3576 alter
2615 3521 2858 3577 advolat.
2892 3519 3000 3576 Sed
3057 3536 3237 3591 neque
3288 3521 3379 3574 hic
3408 3520 3515 3576 tide
3549 3522 3638 3577 di-

2055 3631 2197 3687 gnus
2227 3615 2599 3670 existimatus.
2658 3613 2910 3669 Accessit
2940 3616 3161 3678 tertius,
3213 3611 3309 3683 qui
3340 3620 3396 3667 et
3445 3628 3639 3668 revera

2059 3718 2354 3772 mortuum,
2405 3716 2463 3762 et
2498 3722 2557 3762 se
2598 3722 2629 3762 e
2659 3716 2940 3777 praerupto
2983 3708 3108 3761 loco
3154 3721 3359 3776 corpus
3383 3706 3643 3761 exanime

2058 3800 2262 3870 Copsin
2317 3800 2383 3854 ad
2444 3799 2839 3869 exsequiarum
2891 3798 3134 3854 honores
3186 3797 3461 3867 reportari
3503 3812 3643 3877 con-

2058 3894 2306 3962 spexisse
2339 3891 2651 3947 afﬁrmavit.
2707 3892 2829 3955 Hic,
2862 3891 2992 3960 quia
3021 3891 3324 3955 Romanus,
3353 3889 3483 3959 quia
3511 3903 3644 3943 ocu-

2057 3982 2147 4039 los
2202 3984 2333 4053 (qua
2384 3983 2535 4038 nulla
2600 3992 2687 4039 est
2736 3981 3104 4036 indubitatior
3143 3979 3420 4051 probatio)
3465 3988 3638 4035 testes

2060 4074 2379 4140 adhibebat,
2435 4074 2599 4130 ﬁdem
2644 4075 2870 4129 meruit.
2930 4063 3343 4142 Placuit'igitur
3381 4071 3640 4126 conﬂictu

2060 4181 2187 4222 cum
2264 4165 2528 4221 Mibhaele
2581 4162 3013 4225 abstinendum;
3082 4161 3530 4231 quandoquidem
3587 4160 3641 4215 id

2057 4256 2321 4327 temporis
2371 4271 2478 4310 non
2520 4265 2641 4311 erat
2670 4272 2798 4311 cum
2834 4254 3088 4309 hostibus
3118 4252 3495 4307 conferendus
3526 4252 3641 4306 Ro-

2056 4363 2345 4405 manorum
2398 4350 2709 4413 exercitus;
2744 4355 2801 4402 et
2846 4347 2976 4417 quia
3023 4346 3101 4400 illi
3154 4344 3464 4399 montuosis
3501 4344 3644 4399 locis

2060 4441 2382 4507 tendebant,
2406 4449 2463 4494 et
2494 4440 2621 4496 altis
2645 4439 3011 4508 cingebantur
3041 4437 3301 4501 vallibus,
3336 4435 3643 4490 habebant-

389 4534 477 4584 τον
510 4532 777 4604 Γεώργιον
833 4538 1141 4607 στρατηγὸν
1164 4540 1537 4608 καταστήσας,
1582 4542 1849 4610 στρατιάν
1890 4559 1952 4596 τε

2056 4549 2165 4605 que
2196 4532 2607 4604 sagittariorum
2639 4548 2890 4603 magnam
2942 4532 3075 4594 vim,
3114 4544 3245 4599 quae
3287 4528 3344 4583 in
3385 4529 3639 4582 locorum

384 4624 654 4691 ἀρκοῦσαν
670 4625 801 4695 πρὸς
824 4626 1071 4697 φυλακὴν
1113 4627 1433 4682 καταλιπὼν
1458 4628 1599 4682 ὥστε
1636 4632 1712 4699 μὴ
1740 4631 1929 4695 κακῶς

382 4716 489 4769 ὑπὸ
532 4718 637 4770 τῶν
663 4718 1172 4772 Φιλιππουπολιτῶν
1203 4719 1587 4775 ὑπεκθεόντων
1615 4725 1715 4791 τὴν
1759 4722 1949 4793 χώραν

274 4862 279 4865 μ
385 4810 633 4877 πάσχειν,
674 4810 837 4872 αὐτὸς
874 4809 1017 4881 ἄρας
1049 4813 1215 4864 παντὶ
1240 4813 1320 4891 τῷ
1352 4812 1749 4882 στρατεύματι,
1781 4809 1949 4884 ἦλθεν

382 4903 460 4962 εἰς
511 4901 801 4966 Ποτοῦκαν,
836 4902 910 4960 ὡς
963 4905 1080 4957 ἐκεῖ
1112 4905 1204 4958 τὸν
1237 4905 1508 4976 Βοησίλαν
1539 4905 1681 4959 κατά
1740 4906 1802 4959 τὸ
1826 4909 1949 4960 σύν-

385 4992 532 5062 θημα
564 4996 875 5064 πφιμενῶν
898 5010 914 5027 ο
947 4998 1501 5068 στρατοπεδευομένῳ
1529 4997 1587 5050 δὲ
1615 4999 1735 5051 ἐκεῖ
1761 4999 1949 5066 ἀπήγο

382 5084 526 5151 γειλέ
577 5103 658 5149 τις
687 5086 879 5148 ἐλθὼν,
905 5088 980 5148 ὡς
1028 5089 1310 5161 ἐτεθνήκει
1344 5089 1611 5159 Βοησίλας
1643 5089 1942 5153 ἐξαπίνης’

381 5178 496 5226 τότε
528 5178 623 5244 μὲν
650 5176 742 5229 οὖν
771 5178 942 5230 ἐδόκει
978 5178 1274 5247 ψεύδεσθαι
1309 5182 1337 5233 ὁ
1367 5180 1678 5250 ἄνθρωπος,
1715 5180 1809 5234 καὶ
1853 5180 1946 5232 ού·

379 5268 465 5319 δὲν
489 5268 668 5335 λέγειν
703 5269 849 5336 ὑγιές
871 5286 885 5300 ο
936 5272 1075 5341 μετὰ
1108 5274 1302 5342 μικρὸν
1328 5272 1386 5326 δὲ
1421 5273 1517 5326 καῖ
1549 5272 1804 5342 δεύτερος
1856 5272 1946 5324 ἐλ-

381 5358 489 5409 θὼν
517 5360 823 5429 ἁπήγγελε
856 5364 922 5415 τὰ
965 5364 1077 5429 ἶσα,
1130 5365 1227 5416 καὶ
1275 5362 1386 5418 οὐδ’
1428 5363 1590 5427 αὐτὸς
1645 5365 1948 5435 ἀξιόχρεως

2056 4628 2168 4684 illis
2192 4627 2609 4683 diﬂicultatibus
2672 4637 2729 4682 et
2763 4626 3033 4696 angustiis
3064 4639 3267 4678 nocere
3296 4622 3645 4693 quampluri-

2058 4735 2209 4773 mum
2244 4728 2456 4789 posset.
2518 4720 2817 4783 Praeterea,
2851 4718 2980 4786 quia
3020 4731 3127 4769 non
3164 4729 3393 4783 parvum
3443 4727 3642 4783 agmen

2055 4812 2289 4868 Romani
2331 4812 2614 4867 exercitus
2645 4812 2713 4866 ad
2749 4826 2986 4880 pugnam
3016 4807 3459 4863 desiderabatur.
3502 4806 3639 4861 Nam

2054 4905 2148 4973 qui
2179 4904 2284 4957 sub
2312 4902 2527 4956 Boesila
2562 4902 2852 4957 merebant
2880 4900 3108 4955 circiter
3146 4899 3249 4953 tria
3280 4898 3475 4962 millia,
3511 4914 3643 4968 pro-

2055 5007 2180 5067 pter
2222 4995 2345 5064 ejus
2396 5002 2631 5049 mortem
2669 4990 2903 5047 redituri
2938 4991 3422 5061 desperahantur;
3474 4998 3535 5044 et
3581 4990 3641 5043 iu

2055 5086 2473 5158 oppugnatione
2551 5084 3057 5156 Philippopolitana
3140 5084 3415 5138 vulnerati
3478 5080 3637 5136 multi

2048 5179 2312 5250 (amplius
2365 5180 2513 5235 enim
2576 5189 2689 5233 tres
2744 5194 2857 5233 non
2905 5177 3351 5249 occubuerunt),
3410 5175 3639 5229 domum

2054 5273 2291 5342 quisque
2321 5287 2476 5326 suam
2512 5270 2579 5325 ad
2623 5271 2967 5327 curationem
3017 5271 3371 5339 petiverant;
3402 5275 3457 5321 et
3490 5262 3635 5334 apud

2052 5362 2393 5431 Bryennium
2427 5360 2494 5416 ad
2535 5359 2874 5416 Steuimachi
2926 5360 3273 5429 aliorumque
3305 5354 3637 5426 oppidorum

1644 5493 1863 5554 Jacobi
1901 5493 2169 5555 Pontaui
2207 5501 2391 5555 noue.

449 5613 560 5679 (ει)
606 5611 737 5685 Ma'e
767 5623 894 5668 ante
946 5609 1211 5668 Romanis.
1238 5613 1488 5669 Fuerunt
1520 5626 1705 5670 autem
1736 5616 1950 5685 origine

381 5683 687 5755 Scythmjtd
722 5682 841 5755 Istrt
873 5686 1031 5738 ostia.
1064 5686 1333 5750 Gregnras
1370 5686 1466 5739 Η).
1500 5702 1558 5739 ιι.

451 5752 567 5821 (22)
602 5752 919 5824 Irtpl'riter
949 5757 1106 5822 hujus
1144 5758 1226 5807 url
1254 5758 1297 5806 is
1330 5772 1526 5808 nomen
1562 5759 1827 5824 St‘l‘tplulll
1861 5772 1951 5808 re-

385 5827 557 5890 perio,
606 5822 883 5888 Trmobus,
920 5824 1201 5889 Τετιιυινιιδ,
1243 5826 1530 5880 Turnebus.
1583 5822 1801 5882 Nicctas
1829 5842 1951 5881 om“

2061 5616 2214 5669 nium
2249 5596 2419 5670 Hmmi
2454 5616 2676 5670 urbium
2723 5613 3149 5669 munitissimam
3197 5621 3253 5667 ct
3287 5610 3632 5681 praestantis-

2061 5687 2279 5743 simam.
2332 5685 2504 5739 [inuis
2557 5686 2952 5740 circumdatam
2997 5684 3291 5741 mamilius,
3348 5696 3508 5735 amne
3541 5682 3626 5734 iu-

2012 5782 2017 5785 -
2062 5766 2380 5824 tet-ceptmu,
2443 5757 2496 5811 iu
2549 5757 2751 5810 vertice
2803 5754 3000 5806 ιηοιιιίς
3058 5754 3380 5824 aediﬁcatam
3432 5752 3635 5824 scribit

2059 5827 2159 5882 lib.
2192 5822 2246 5891 IV;
2280 5826 2551 5897 Gregoras
2580 5827 2677 5880 lib.
2715 5826 2769 5892 5,
2798 5826 3154 5894 Bulgarurum
3190 5823 3394 5894 regiam
3423 5822 3572 5877 iacit.
