  <div class='ocr_page' id='page_1' title='image "/cluster/home/n/w/nwhite01/storage/ocr_20150623/153:no.1/coo.31924054870583/138.png"; bbox 0 0 4028 6458; ppageno 0'>
   <div class='ocr_carea' id='block_1_1' title="bbox 291 411 387 476">
    <p class='ocr_par' dir='ltr' id='par_1_1' title="bbox 291 411 387 476">
     <span class='ocr_line' id='line_1_1' title="bbox 291 411 387 476; baseline -0.01 0"><span class='ocrx_word' id='word_1_1' title='bbox 291 411 387 476; x_wconf 76' lang='lat'><strong>261</strong></span> 
     </span>
    </p>
   </div>
   <div class='ocr_carea' id='block_1_2' title="bbox 292 528 712 598">
    <p class='ocr_par' dir='ltr' id='par_1_2' title="bbox 292 528 712 598">
     <span class='ocr_line' id='line_1_2' title="bbox 292 528 712 598; baseline -0.005 -16"><span class='ocrx_word' id='word_1_2' title='bbox 292 528 584 598; x_wconf 75' lang='grc' dir='ltr'><strong>γενομένης</strong></span> <span class='ocrx_word' id='word_1_3' title='bbox 619 529 712 582; x_wconf 69' lang='grc' dir='ltr'><strong>ἐπὶ</strong></span> 
     </span>
    </p>
   </div>
   <div class='ocr_carea' id='block_1_3' title="bbox 205 617 1863 692">
    <p class='ocr_par' dir='ltr' id='par_1_3' title="bbox 205 617 1863 692">
     <span class='ocr_line' id='line_1_3' title="bbox 205 617 1863 692; baseline -0.001 -16"><span class='ocrx_word' id='word_1_4' title='bbox 205 617 213 630; x_wconf 80' lang='grc'><strong>’</strong></span> <span class='ocrx_word' id='word_1_5' title='bbox 290 622 383 676; x_wconf 78' lang='grc' dir='ltr'>τοῦ</span> <span class='ocrx_word' id='word_1_6' title='bbox 408 623 528 676; x_wconf 80' lang='grc' dir='ltr'>νέου</span> <span class='ocrx_word' id='word_1_7' title='bbox 570 622 976 691; x_wconf 75' lang='grc' dir='ltr'>προύκαλοῦντο</span> <span class='ocrx_word' id='word_1_8' title='bbox 1031 621 1298 692; x_wconf 72' lang='grc' dir='ltr'>βασιλέως</span> <span class='ocrx_word' id='word_1_9' title='bbox 1351 623 1604 687; x_wconf 62' lang='grc' dir='ltr'>ἐλθόντας</span> <span class='ocrx_word' id='word_1_10' title='bbox 1651 623 1737 692; x_wconf 77' lang='grc' dir='ltr'><strong>ἐφ’</strong></span> <span class='ocrx_word' id='word_1_11' title='bbox 1781 621 1863 687; x_wconf 73' lang='grc' dir='ltr'>οἷς</span> 
     </span>
    </p>
   </div>
   <div class='ocr_carea' id='block_1_4' title="bbox 292 698 1863 786">
    <p class='ocr_par' dir='ltr' id='par_1_4' title="bbox 292 698 1863 786">
     <span class='ocr_line' id='line_1_4' title="bbox 292 698 1863 786; baseline -0.002 -16"><span class='ocrx_word' id='word_1_12' title='bbox 292 717 589 786; x_wconf 85' lang='grc' dir='ltr'>συνήγαγον</span> <span class='ocrx_word' id='word_1_13' title='bbox 620 714 720 786; x_wconf 85' lang='grc' dir='ltr'><strong>τὴν</strong></span> <span class='ocrx_word' id='word_1_14' title='bbox 750 714 1052 784; x_wconf 73' lang='grc' dir='ltr'>ἐκκλησίαν</span> <span class='ocrx_word' id='word_1_15' title='bbox 1083 698 1282 783; x_wconf 82' lang='grc' dir='ltr'>λέγειν,</span> <span class='ocrx_word' id='word_1_16' title='bbox 1317 715 1394 780; x_wconf 91' lang='grc' dir='ltr'><strong>ώς</strong></span> <span class='ocrx_word' id='word_1_17' title='bbox 1420 717 1600 770; x_wconf 88' lang='grc' dir='ltr'>αὐτῶν</span> <span class='ocrx_word' id='word_1_18' title='bbox 1634 715 1772 769; x_wconf 76' lang='grc' dir='ltr'>ἄττα</span> <span class='ocrx_word' id='word_1_19' title='bbox 1796 715 1863 769; x_wconf 80' lang='grc' dir='ltr'>ἂν</span> 
     </span>
    </p>
   </div>
   <div class='ocr_carea' id='block_1_5' title="bbox 293 805 1865 876">
    <p class='ocr_par' dir='ltr' id='par_1_5' title="bbox 293 805 1865 876">
     <span class='ocr_line' id='line_1_5' title="bbox 293 805 1865 876; baseline -0.003 -14"><span class='ocrx_word' id='word_1_20' title='bbox 293 809 519 876; x_wconf 80' lang='grc' dir='ltr'>λέγωσιν</span> <span class='ocrx_word' id='word_1_21' title='bbox 549 805 960 876; x_wconf 85' lang='grc' dir='ltr'>ἀκουσομένων.</span> <span class='ocrx_word' id='word_1_22' title='bbox 1007 807 1264 859; x_wconf 87' lang='grc' dir='ltr'>Ἐκείνων</span> <span class='ocrx_word' id='word_1_23' title='bbox 1297 806 1353 858; x_wconf 88' lang='grc' dir='ltr'>δὲ</span> <span class='ocrx_word' id='word_1_24' title='bbox 1383 807 1475 859; x_wconf 83' lang='grc' dir='ltr'><strong>τὸν</strong></span> <span class='ocrx_word' id='word_1_25' title='bbox 1507 807 1680 876; x_wconf 77' lang='grc' dir='ltr'>μέγαν</span> <span class='ocrx_word' id='word_1_26' title='bbox 1706 807 1865 873; x_wconf 81' lang='grc' dir='ltr'>δομέ-</span> 
     </span>
    </p>
   </div>
   <div class='ocr_carea' id='block_1_6' title="bbox 293 895 1863 968">
    <p class='ocr_par' dir='ltr' id='par_1_6' title="bbox 293 895 1863 968">
     <span class='ocr_line' id='line_1_6' title="bbox 293 895 1863 968; baseline -0.001 -17"><span class='ocrx_word' id='word_1_27' title='bbox 293 914 474 952; x_wconf 81' lang='grc' dir='ltr'>στικον</span> <span class='ocrx_word' id='word_1_28' title='bbox 509 897 977 968; x_wconf 77' lang='grc' dir='ltr'><strong>προτρεπομένων</strong></span> <span class='ocrx_word' id='word_1_29' title='bbox 1024 895 1208 963; x_wconf 82' lang='grc' dir='ltr'>λέγειν</span> <span class='ocrx_word' id='word_1_30' title='bbox 1237 897 1313 960; x_wconf 89' lang='grc' dir='ltr'><strong>ώς</strong></span> <span class='ocrx_word' id='word_1_31' title='bbox 1347 897 1440 952; x_wconf 71' lang='grc' dir='ltr'><strong>καὶ</strong></span> <span class='ocrx_word' id='word_1_32' title='bbox 1471 896 1650 951; x_wconf 77' lang='grc' dir='ltr'>αὐτῶν</span> <span class='ocrx_word' id='word_1_33' title='bbox 1679 897 1747 951; x_wconf 84' lang='grc' dir='ltr'>τὰ</span> <span class='ocrx_word' id='word_1_34' title='bbox 1775 898 1863 950; x_wconf 85' lang='grc' dir='ltr'><strong>ίσα</strong></span> 
     </span>
    </p>
   </div>
   <div class='ocr_carea' id='block_1_7' title="bbox 292 969 1866 1056">
    <p class='ocr_par' dir='ltr' id='par_1_7' title="bbox 292 969 1866 1056">
     <span class='ocr_line' id='line_1_7' title="bbox 292 969 1866 1056; baseline -0.003 -13"><span class='ocrx_word' id='word_1_35' title='bbox 292 990 381 1043; x_wconf 75' lang='grc' dir='ltr'>καὶ</span> <span class='ocrx_word' id='word_1_36' title='bbox 411 969 754 1056; x_wconf 75' lang='grc' dir='ltr'>βουλομένων</span> <span class='ocrx_word' id='word_1_37' title='bbox 811 986 906 1038; x_wconf 74' lang='grc' dir='ltr'>καὶ</span> <span class='ocrx_word' id='word_1_38' title='bbox 937 985 1298 1055; x_wconf 79' lang='grc' dir='ltr'>φρονούντων,</span> <span class='ocrx_word' id='word_1_39' title='bbox 1327 987 1354 1037; x_wconf 86' lang='grc' dir='ltr'>ὁ</span> <span class='ocrx_word' id='word_1_40' title='bbox 1388 985 1562 1054; x_wconf 83' lang='grc' dir='ltr'>μέγας</span> <span class='ocrx_word' id='word_1_41' title='bbox 1612 987 1866 1056; x_wconf 86' lang='grc' dir='ltr'>δομέστι-</span> 
     </span>
    </p>
   </div>
   <div class='ocr_carea' id='block_1_8' title="bbox 293 1077 1863 1149">
    <p class='ocr_par' dir='ltr' id='par_1_8' title="bbox 293 1077 1863 1149">
     <span class='ocr_line' id='line_1_8' title="bbox 293 1077 1863 1149; baseline -0.003 -14"><span class='ocrx_word' id='word_1_42' title='bbox 293 1099 386 1144; x_wconf 87' lang='grc' dir='ltr'><strong>κος</strong></span> <span class='ocrx_word' id='word_1_43' title='bbox 457 1077 579 1133; x_wconf 75' lang='grc' dir='ltr'>εἷπε</span> <span class='ocrx_word' id='word_1_44' title='bbox 643 1080 855 1133; x_wconf 81' lang='grc' dir='ltr'>τοιάδε·</span> <span class='ocrx_word' id='word_1_45' title='bbox 899 1078 1126 1144; x_wconf 81' lang='grc' dir='ltr'>’Δνδρες</span> <span class='ocrx_word' id='word_1_46' title='bbox 1176 1079 1604 1149; x_wconf 80' lang='grc' dir='ltr'><strong>συστρατιῶται,</strong></span> <span class='ocrx_word' id='word_1_47' title='bbox 1658 1081 1714 1131; x_wconf 87' lang='grc' dir='ltr'>ὲν</span> <span class='ocrx_word' id='word_1_48' title='bbox 1762 1081 1863 1148; x_wconf 83' lang='grc' dir='ltr'>ῐσῳ</span> 
     </span>
    </p>
   </div>
   <div class='ocr_carea' id='block_1_9' title="bbox 291 1166 1860 1239">
    <p class='ocr_par' dir='ltr' id='par_1_9' title="bbox 291 1166 1860 1239">
     <span class='ocr_line' id='line_1_9' title="bbox 291 1166 1860 1239; baseline -0.001 -17"><span class='ocrx_word' id='word_1_49' title='bbox 291 1173 489 1232; x_wconf 76' lang='grc' dir='ltr'>πάντες</span> <span class='ocrx_word' id='word_1_50' title='bbox 519 1168 798 1239; x_wconf 73' lang='grc' dir='ltr'>ἄνθρωποι</span> <span class='ocrx_word' id='word_1_51' title='bbox 825 1167 1116 1232; x_wconf 76' lang='grc' dir='ltr'><strong>δικαιοῦσι,</strong></span> <span class='ocrx_word' id='word_1_52' title='bbox 1146 1166 1226 1237; x_wconf 83' lang='grc' dir='ltr'><strong>τῷ</strong></span> <span class='ocrx_word' id='word_1_53' title='bbox 1273 1185 1333 1221; x_wconf 91' lang='grc' dir='ltr'><strong>τε</strong></span> <span class='ocrx_word' id='word_1_54' title='bbox 1375 1169 1474 1238; x_wconf 86' lang='grc' dir='ltr'>τῆς</span> <span class='ocrx_word' id='word_1_55' title='bbox 1507 1168 1860 1239; x_wconf 82' lang='grc' dir='ltr'><strong>ὑπαρχούσης</strong></span> 
     </span>
    </p>
   </div>
   <div class='ocr_carea' id='block_1_10' title="bbox 291 1259 1863 1334">
    <p class='ocr_par' dir='ltr' id='par_1_10' title="bbox 291 1259 1863 1334">
     <span class='ocr_line' id='line_1_10' title="bbox 291 1259 1863 1334; baseline -0.002 -18"><span class='ocrx_word' id='word_1_56' title='bbox 291 1263 444 1332; x_wconf 79' lang='grc' dir='ltr'>δόξης</span> <span class='ocrx_word' id='word_1_57' title='bbox 491 1262 775 1334; x_wconf 78' lang='grc' dir='ltr'>ὑφιεμένῳ</span> <span class='ocrx_word' id='word_1_58' title='bbox 829 1260 1144 1329; x_wconf 72' lang='grc' dir='ltr'>μέμφεσθαι</span> <span class='ocrx_word' id='word_1_59' title='bbox 1173 1259 1262 1314; x_wconf 90' lang='grc' dir='ltr'><strong>διά</strong></span> <span class='ocrx_word' id='word_1_60' title='bbox 1311 1259 1606 1329; x_wconf 83' lang='grc' dir='ltr'>μαλακίαν,</span> <span class='ocrx_word' id='word_1_61' title='bbox 1639 1262 1731 1314; x_wconf 65' lang='grc' dir='ltr'><strong>κκὶ</strong></span> <span class='ocrx_word' id='word_1_62' title='bbox 1770 1261 1863 1314; x_wconf 77' lang='grc' dir='ltr'><strong>τὸν</strong></span> 
     </span>
    </p>
   </div>
   <div class='ocr_carea' id='block_1_11' title="bbox 290 1351 1859 1424">
    <p class='ocr_par' dir='ltr' id='par_1_11' title="bbox 290 1351 1859 1424">
     <span class='ocr_line' id='line_1_11' title="bbox 290 1351 1859 1424; baseline 0 -16"><span class='ocrx_word' id='word_1_63' title='bbox 290 1355 391 1424; x_wconf 77' lang='grc' dir='ltr'>τῆς</span> <span class='ocrx_word' id='word_1_64' title='bbox 428 1355 500 1424; x_wconf 76' lang='grc' dir='ltr'>μὴ</span> <span class='ocrx_word' id='word_1_65' title='bbox 548 1351 936 1423; x_wconf 76' lang='grc' dir='ltr'>προσηκούσης</span> <span class='ocrx_word' id='word_1_66' title='bbox 974 1352 1280 1424; x_wconf 85' lang='grc' dir='ltr'>θρασύτητι</span> <span class='ocrx_word' id='word_1_67' title='bbox 1322 1352 1614 1422; x_wconf 74' lang='grc' dir='ltr'>ἐφιέμενον</span> <span class='ocrx_word' id='word_1_68' title='bbox 1655 1355 1859 1422; x_wconf 81' lang='grc' dir='ltr'>μισεῖν.</span> 
     </span>
    </p>
   </div>
   <div class='ocr_carea' id='block_1_12' title="bbox 293 1443 1864 1515">
    <p class='ocr_par' dir='ltr' id='par_1_12' title="bbox 293 1443 1864 1515">
     <span class='ocr_line' id='line_1_12' title="bbox 293 1443 1864 1515; baseline 0.001 -17"><span class='ocrx_word' id='word_1_69' title='bbox 293 1447 385 1498; x_wconf 73' lang='grc' dir='ltr'><strong>Διὸ</strong></span> <span class='ocrx_word' id='word_1_70' title='bbox 413 1448 506 1498; x_wconf 65' lang='grc' dir='ltr'><strong>πα)⁵</strong></span> <span class='ocrx_word' id='word_1_71' title='bbox 541 1444 727 1508; x_wconf 82' lang='grc' dir='ltr'>αὐτὸς,</span> <span class='ocrx_word' id='word_1_72' title='bbox 769 1443 830 1497; x_wconf 84' lang='grc' dir='ltr'>οὐ</span> <span class='ocrx_word' id='word_1_73' title='bbox 872 1446 970 1514; x_wconf 80' lang='grc' dir='ltr'>τῆς</span> <span class='ocrx_word' id='word_1_74' title='bbox 999 1444 1076 1514; x_wconf 77' lang='grc' dir='ltr'>μὴ</span> <span class='ocrx_word' id='word_1_75' title='bbox 1126 1443 1513 1515; x_wconf 78' lang='grc' dir='ltr'>προσηκούσης</span> <span class='ocrx_word' id='word_1_76' title='bbox 1538 1445 1671 1514; x_wconf 80' lang='grc' dir='ltr'>ἡμῖν</span> <span class='ocrx_word' id='word_1_77' title='bbox 1702 1445 1864 1515; x_wconf 75' lang='grc' dir='ltr'>δόξης</span> 
     </span>
    </p>
   </div>
   <div class='ocr_carea' id='block_1_13' title="bbox 297 1535 1863 1610">
    <p class='ocr_par' dir='ltr' id='par_1_13' title="bbox 297 1535 1863 1610">
     <span class='ocr_line' id='line_1_13' title="bbox 297 1535 1863 1610; baseline -0.001 -18"><span class='ocrx_word' id='word_1_78' title='bbox 297 1535 612 1608; x_wconf 72' lang='grc' dir='ltr'>ἀντέχεσθαι</span> <span class='ocrx_word' id='word_1_79' title='bbox 657 1536 1011 1607; x_wconf 80' lang='grc' dir='ltr'>παρελήλυθα</span> <span class='ocrx_word' id='word_1_80' title='bbox 1062 1535 1510 1607; x_wconf 78' lang='grc' dir='ltr'>συμϐουλεύσων,</span> <span class='ocrx_word' id='word_1_81' title='bbox 1570 1537 1705 1592; x_wconf 82' lang='grc' dir='ltr'>ἀλλὰ</span> <span class='ocrx_word' id='word_1_82' title='bbox 1763 1540 1863 1610; x_wconf 80' lang='grc' dir='ltr'>τὴν</span> 
     </span>
    </p>
   </div>
   <div class='ocr_carea' id='block_1_14' title="bbox 296 1627 1863 1701">
    <p class='ocr_par' dir='ltr' id='par_1_14' title="bbox 296 1627 1863 1701">
     <span class='ocr_line' id='line_1_14' title="bbox 296 1627 1863 1701; baseline 0 -17"><span class='ocrx_word' id='word_1_83' title='bbox 296 1631 397 1684; x_wconf 80' lang='grc' dir='ltr'><strong>ὑπὸ</strong></span> <span class='ocrx_word' id='word_1_84' title='bbox 425 1627 534 1684; x_wconf 87' lang='grc' dir='ltr'><strong>τῶν</strong></span> <span class='ocrx_word' id='word_1_85' title='bbox 559 1631 840 1701; x_wconf 76' lang='grc' dir='ltr'>προγόνων</span> <span class='ocrx_word' id='word_1_86' title='bbox 865 1631 944 1693; x_wconf 86' lang='grc' dir='ltr'><strong>εἰς</strong></span> <span class='ocrx_word' id='word_1_87' title='bbox 975 1631 1134 1701; x_wconf 65' lang='grc' dir='ltr'>ἡμᾶς.</span> <span class='ocrx_word' id='word_1_88' title='bbox 1149 1630 1326 1699; x_wconf 85' lang='grc' dir='ltr'>ἀγῶσι</span> <span class='ocrx_word' id='word_1_89' title='bbox 1366 1632 1461 1684; x_wconf 79' lang='grc' dir='ltr'>καὶ</span> <span class='ocrx_word' id='word_1_90' title='bbox 1509 1630 1698 1695; x_wconf 81' lang='grc' dir='ltr'>πόνοις</span> <span class='ocrx_word' id='word_1_91' title='bbox 1744 1632 1863 1684; x_wconf 83' lang='grc' dir='ltr'>δια-</span> 
     </span>
    </p>
   </div>
   <div class='ocr_carea' id='block_1_15' title="bbox 295 1721 1863 1796">
    <p class='ocr_par' dir='ltr' id='par_1_15' title="bbox 295 1721 1863 1796">
     <span class='ocr_line' id='line_1_15' title="bbox 295 1721 1863 1796; baseline 0.002 -21"><span class='ocrx_word' id='word_1_92' title='bbox 295 1723 580 1787; x_wconf 77' lang='grc' dir='ltr'>σωθείσαν,</span> <span class='ocrx_word' id='word_1_93' title='bbox 633 1721 868 1793; x_wconf 73' lang='grc' dir='ltr'>ἀτολμίᾳ</span> <span class='ocrx_word' id='word_1_94' title='bbox 923 1725 990 1794; x_wconf 77' lang='grc' dir='ltr'>τῇ</span> <span class='ocrx_word' id='word_1_95' title='bbox 1048 1724 1183 1794; x_wconf 71' lang='grc' dir='ltr'>πρὸς</span> <span class='ocrx_word' id='word_1_96' title='bbox 1235 1724 1305 1778; x_wconf 83' lang='grc' dir='ltr'><strong>τά</strong></span> <span class='ocrx_word' id='word_1_97' title='bbox 1352 1723 1503 1779; x_wconf 83' lang='grc' dir='ltr'>δεινά</span> <span class='ocrx_word' id='word_1_98' title='bbox 1539 1723 1752 1779; x_wconf 78' lang='grc' dir='ltr'>ἐλάσσω</span> <span class='ocrx_word' id='word_1_99' title='bbox 1786 1726 1863 1796; x_wconf 79' lang='grc' dir='ltr'>μὴ</span> 
     </span>
    </p>
   </div>
   <div class='ocr_carea' id='block_1_16' title="bbox 294 1813 1866 1887">
    <p class='ocr_par' dir='ltr' id='par_1_16' title="bbox 294 1813 1866 1887">
     <span class='ocr_line' id='line_1_16' title="bbox 294 1813 1866 1887; baseline 0.003 -19"><span class='ocrx_word' id='word_1_100' title='bbox 294 1818 488 1868; x_wconf 78' lang='grc' dir='ltr'>ποιεῖν.</span> <span class='ocrx_word' id='word_1_101' title='bbox 514 1813 603 1885; x_wconf 79' lang='grc' dir='ltr'><strong>Μὴ</strong></span> <span class='ocrx_word' id='word_1_102' title='bbox 635 1814 953 1884; x_wconf 74' lang='grc' dir='ltr'>θαυμάσητε</span> <span class='ocrx_word' id='word_1_103' title='bbox 986 1815 1044 1868; x_wconf 81' lang='grc' dir='ltr'>δὲ.</span> <span class='ocrx_word' id='word_1_104' title='bbox 1072 1817 1120 1868; x_wconf 84' lang='grc' dir='ltr'><strong>εί</strong></span> <span class='ocrx_word' id='word_1_105' title='bbox 1147 1814 1430 1884; x_wconf 83' lang='grc' dir='ltr'>βασιλεῦσι</span> <span class='ocrx_word' id='word_1_106' title='bbox 1457 1820 1590 1887; x_wconf 75' lang='grc' dir='ltr'>περὶ</span> <span class='ocrx_word' id='word_1_107' title='bbox 1619 1819 1730 1870; x_wconf 88' lang='grc' dir='ltr'><strong>τῶν</strong></span> <span class='ocrx_word' id='word_1_108' title='bbox 1754 1836 1866 1872; x_wconf 83' lang='grc' dir='ltr'>τοι·</span> 
     </span>
    </p>
   </div>
   <div class='ocr_carea' id='block_1_17' title="bbox 1488 415 2395 478">
    <p class='ocr_par' dir='ltr' id='par_1_17' title="bbox 1488 415 2395 478">
     <span class='ocr_line' id='line_1_17' title="bbox 1488 415 2395 478; baseline 0.004 -4"><span class='ocrx_word' id='word_1_109' title='bbox 1488 415 2033 476; x_wconf 73' lang='lat' dir='ltr'><strong>IllSTORlARUM</strong></span> <span class='ocrx_word' id='word_1_110' title='bbox 2079 416 2306 476; x_wconf 79' lang='lat' dir='ltr'><strong>LIBER</strong></span> <span class='ocrx_word' id='word_1_111' title='bbox 2351 417 2395 478; x_wconf 86' lang='grc' dir='ltr'>Ι,</span> 
     </span>
    </p>
   </div>
   <div class='ocr_carea' id='block_1_18' title="bbox 789 529 1871 602">
    <p class='ocr_par' dir='ltr' id='par_1_18' title="bbox 789 529 1866 600">
     <span class='ocr_line' id='line_1_18' title="bbox 789 529 1866 600; baseline 0.001 -20"><span class='ocrx_word' id='word_1_112' title='bbox 789 529 1005 600; x_wconf 65' lang='grc' dir='ltr'>μικρὸν,</span> <span class='ocrx_word' id='word_1_113' title='bbox 1037 531 1084 582; x_wconf 85' lang='grc' dir='ltr'><strong>οί</strong></span> <span class='ocrx_word' id='word_1_114' title='bbox 1145 531 1202 582; x_wconf 82' lang='grc' dir='ltr'>ἐν</span> <span class='ocrx_word' id='word_1_115' title='bbox 1232 530 1510 599; x_wconf 73' lang='grc' dir='ltr'>Βυζαντίῳ</span> <span class='ocrx_word' id='word_1_116' title='bbox 1543 533 1669 593; x_wconf 77' lang='grc' dir='ltr'>τοὺς</span> <span class='ocrx_word' id='word_1_117' title='bbox 1728 532 1866 597; x_wconf 82' lang='grc' dir='ltr'><strong>μετά</strong></span> 
     </span>
    </p>
   </div>
   <div class='ocr_carea' id='block_1_19' title="bbox 1972 529 3547 602">
    <p class='ocr_par' dir='ltr' id='par_1_19' title="bbox 1973 533 3547 602">
     <span class='ocr_line' id='line_1_19' title="bbox 1973 533 3547 602; baseline 0.005 -19"><span class='ocrx_word' id='word_1_118' title='bbox 1973 541 2030 585; x_wconf 80' lang='grc' dir='ltr'><strong>ιιι</strong></span> <span class='ocrx_word' id='word_1_119' title='bbox 2063 534 2130 586; x_wconf 89' lang='lat' dir='ltr'><strong>de</strong></span> <span class='ocrx_word' id='word_1_120' title='bbox 2164 533 2231 585; x_wconf 89' lang='lat' dir='ltr'><strong>iis</strong></span> <span class='ocrx_word' id='word_1_121' title='bbox 2262 544 2696 602; x_wconf 74' lang='lat' dir='ltr'><strong>quorum‘causa</strong></span> <span class='ocrx_word' id='word_1_122' title='bbox 2725 533 3134 599; x_wconf 66' lang='lat' dir='ltr'><strong>convenissent,</strong></span> <span class='ocrx_word' id='word_1_123' title='bbox 3171 533 3440 599; x_wconf 90' lang='lat' dir='ltr'><strong>dicerent,</strong></span> <span class='ocrx_word' id='word_1_124' title='bbox 3487 553 3547 592; x_wconf 89' lang='lat' dir='ltr'><strong>se</strong></span> 
     </span>
    </p>
   </div>
   <div class='ocr_carea' id='block_1_20' title="bbox 2815 365 2865 376">
    <p class='ocr_par' dir='ltr' id='par_1_20' title="bbox 2815 365 2865 376">
     <span class='ocr_line' id='line_1_20' title="bbox 2815 365 2865 376; baseline 0 0"><span class='ocrx_word' id='word_1_125' title='bbox 2815 365 2865 376; x_wconf 61' lang='lat' dir='ltr'><strong>-~v—</strong></span> 
     </span>
    </p>
   </div>
   <div class='ocr_carea' id='block_1_21' title="bbox 3445 417 3551 482">
    <p class='ocr_par' dir='ltr' id='par_1_21' title="bbox 3445 417 3551 482">
     <span class='ocr_line' id='line_1_21' title="bbox 3445 417 3551 482; baseline 0 0"><span class='ocrx_word' id='word_1_126' title='bbox 3445 417 3551 482; x_wconf 73' lang='lat'><strong>26?.</strong></span> 
     </span>
    </p>
   </div>
   <div class='ocr_carea' id='block_1_22' title="bbox 1965 622 3546 695">
    <p class='ocr_par' dir='ltr' id='par_1_22' title="bbox 1965 622 3546 695">
     <span class='ocr_line' id='line_1_22' title="bbox 1965 622 3546 695; baseline 0.004 -21"><span class='ocrx_word' id='word_1_127' title='bbox 1965 628 2326 690; x_wconf 63' lang='lat' dir='ltr'><strong>quaecumque</strong></span> <span class='ocrx_word' id='word_1_128' title='bbox 2355 622 2596 676; x_wconf 88' lang='lat' dir='ltr'><strong>dixerint</strong></span> <span class='ocrx_word' id='word_1_129' title='bbox 2615 623 2922 677; x_wconf 80' lang='lat' dir='ltr'><strong>audituros.</strong></span> <span class='ocrx_word' id='word_1_130' title='bbox 2950 622 3088 677; x_wconf 88' lang='lat' dir='ltr'><strong>Cum</strong></span> <span class='ocrx_word' id='word_1_131' title='bbox 3118 623 3194 678; x_wconf 90' lang='lat' dir='ltr'><strong>illi</strong></span> <span class='ocrx_word' id='word_1_132' title='bbox 3228 624 3327 678; x_wconf 89' lang='lat' dir='ltr'><strong>has</strong></span> <span class='ocrx_word' id='word_1_133' title='bbox 3356 637 3546 695; x_wconf 80' lang='lat' dir='ltr'><strong>partes</strong></span> 
     </span>
    </p>
   </div>
   <div class='ocr_carea' id='block_1_23' title="bbox 1965 713 3548 785">
    <p class='ocr_par' dir='ltr' id='par_1_23' title="bbox 1965 713 3548 785">
     <span class='ocr_line' id='line_1_23' title="bbox 1965 713 3548 785; baseline 0.003 -19"><span class='ocrx_word' id='word_1_134' title='bbox 1965 713 2031 766; x_wconf 92' lang='lat' dir='ltr'><strong>ad</strong></span> <span class='ocrx_word' id='word_1_135' title='bbox 2073 728 2328 782; x_wconf 80' lang='lat' dir='ltr'><strong>magnum</strong></span> <span class='ocrx_word' id='word_1_136' title='bbox 2367 713 2738 781; x_wconf 76' lang='lat' dir='ltr'><strong>domesticum</strong></span> <span class='ocrx_word' id='word_1_137' title='bbox 2765 714 3066 778; x_wconf 82' lang='lat' dir='ltr'><strong>deferrent,</strong></span> <span class='ocrx_word' id='word_1_138' title='bbox 3098 717 3321 785; x_wconf 89' lang='lat' dir='ltr'><strong>quicum</strong></span> <span class='ocrx_word' id='word_1_139' title='bbox 3352 716 3548 771; x_wconf 86' lang='lat' dir='ltr'><strong>eadem</strong></span> 
     </span>
    </p>
   </div>
   <div class='ocr_carea' id='block_1_24' title="bbox 1963 804 3545 868">
    <p class='ocr_par' dir='ltr' id='par_1_24' title="bbox 1963 804 3545 868">
     <span class='ocr_line' id='line_1_24' title="bbox 1963 804 3545 868; baseline 0.004 -12"><span class='ocrx_word' id='word_1_140' title='bbox 1963 804 2169 858; x_wconf 83' lang='lat' dir='ltr'><strong>vellent</strong></span> <span class='ocrx_word' id='word_1_141' title='bbox 2187 819 2252 858; x_wconf 88' lang='lat' dir='ltr'><strong>ac</strong></span> <span class='ocrx_word' id='word_1_142' title='bbox 2271 806 2565 868; x_wconf 82' lang='lat' dir='ltr'><strong>sentirent,</strong></span> <span class='ocrx_word' id='word_1_143' title='bbox 2579 819 2814 859; x_wconf 80' lang='lat' dir='ltr'><strong>exorsus</strong></span> <span class='ocrx_word' id='word_1_144' title='bbox 2839 814 2924 860; x_wconf 89' lang='lat' dir='ltr'><strong>est</strong></span> <span class='ocrx_word' id='word_1_145' title='bbox 2945 805 3037 860; x_wconf 92' lang='lat' dir='ltr'><strong>ille</strong></span> <span class='ocrx_word' id='word_1_146' title='bbox 3053 805 3200 860; x_wconf 88' lang='lat' dir='ltr'><strong>hunc</strong></span> <span class='ocrx_word' id='word_1_147' title='bbox 3221 805 3274 859; x_wconf 89' lang='lat' dir='ltr'><strong>in</strong></span> <span class='ocrx_word' id='word_1_148' title='bbox 3289 807 3545 862; x_wconf 87' lang='lat' dir='ltr'><strong>modum:</strong></span> 
     </span>
    </p>
   </div>
   <div class='ocr_carea' id='block_1_25' title="bbox 1964 891 3552 970">
    <p class='ocr_par' dir='ltr' id='par_1_25' title="bbox 1964 891 3552 970">
     <span class='ocr_line' id='line_1_25' title="bbox 1964 891 3552 970; baseline 0.004 -22"><span class='ocrx_word' id='word_1_149' title='bbox 1964 891 2170 948; x_wconf 86' lang='lat' dir='ltr'><strong>Omnes</strong></span> <span class='ocrx_word' id='word_1_150' title='bbox 2235 894 2511 958; x_wconf 85' lang='lat' dir='ltr'><strong>homines,</strong></span> <span class='ocrx_word' id='word_1_151' title='bbox 2565 895 2672 952; x_wconf 88' lang='lat' dir='ltr'><strong>viri</strong></span> <span class='ocrx_word' id='word_1_152' title='bbox 2721 898 3148 962; x_wconf 81' lang='lat' dir='ltr'><strong>commilitones,</strong></span> <span class='ocrx_word' id='word_1_153' title='bbox 3197 899 3424 968; x_wconf 68' lang='lat' dir='ltr'><strong>adaeque</strong></span> <span class='ocrx_word' id='word_1_154' title='bbox 3461 903 3552 970; x_wconf 87' lang='lat' dir='ltr'><strong>ju-</strong></span> 
     </span>
    </p>
   </div>
   <div class='ocr_carea' id='block_1_26' title="bbox 1966 987 3551 1060">
    <p class='ocr_par' dir='ltr' id='par_1_26' title="bbox 1966 987 3551 1060">
     <span class='ocr_line' id='line_1_26' title="bbox 1966 987 3551 1060; baseline 0.004 -21"><span class='ocrx_word' id='word_1_155' title='bbox 1966 994 2114 1039; x_wconf 90' lang='lat' dir='ltr'><strong>stum</strong></span> <span class='ocrx_word' id='word_1_156' title='bbox 2142 997 2356 1051; x_wconf 91' lang='lat' dir='ltr'><strong>rentur,</strong></span> <span class='ocrx_word' id='word_1_157' title='bbox 2399 996 2456 1042; x_wconf 88' lang='lat' dir='ltr'><strong>et</strong></span> <span class='ocrx_word' id='word_1_158' title='bbox 2483 987 2552 1042; x_wconf 87' lang='lat' dir='ltr'><strong>de</strong></span> <span class='ocrx_word' id='word_1_159' title='bbox 2575 989 2832 1058; x_wconf 69' lang='lat' dir='ltr'><strong>praesenti</strong></span> <span class='ocrx_word' id='word_1_160' title='bbox 2868 989 3040 1059; x_wconf 79' lang='lat' dir='ltr'><strong>gloria</strong></span> <span class='ocrx_word' id='word_1_161' title='bbox 3073 1005 3172 1044; x_wconf 88' lang='lat' dir='ltr'><strong>sua</strong></span> <span class='ocrx_word' id='word_1_162' title='bbox 3199 1001 3428 1060; x_wconf 88' lang='lat' dir='ltr'><strong>pr0ptcr</strong></span> <span class='ocrx_word' id='word_1_163' title='bbox 3465 995 3551 1046; x_wconf 78' lang='grc' dir='ltr'>ἰιι-</span> 
     </span>
    </p>
   </div>
   <div class='ocr_carea' id='block_1_27' title="bbox 1967 1075 3550 1150">
    <p class='ocr_par' dir='ltr' id='par_1_27' title="bbox 1967 1075 3550 1150">
     <span class='ocr_line' id='line_1_27' title="bbox 1967 1075 3550 1150; baseline 0.008 -22"><span class='ocrx_word' id='word_1_164' title='bbox 1967 1075 2295 1131; x_wconf 85' lang='lat' dir='ltr'><strong>fractionem</strong></span> <span class='ocrx_word' id='word_1_165' title='bbox 2352 1079 2522 1132; x_wconf 88' lang='lat' dir='ltr'><strong>animi</strong></span> <span class='ocrx_word' id='word_1_166' title='bbox 2571 1079 2928 1135; x_wconf 83' lang='lat' dir='ltr'><strong>decedentem</strong></span> <span class='ocrx_word' id='word_1_167' title='bbox 2982 1083 3393 1150; x_wconf 87' lang='lat' dir='ltr'><strong>reprehendere</strong></span> <span class='ocrx_word' id='word_1_168' title='bbox 3429 1125 3443 1145; x_wconf 85' lang='lat'><strong>.</strong></span> <span class='ocrx_word' id='word_1_169' title='bbox 3493 1095 3550 1140; x_wconf 91' lang='lat' dir='ltr'><strong>et</strong></span> 
     </span>
    </p>
   </div>
   <div class='ocr_carea' id='block_1_28' title="bbox 1965 1164 3548 1245">
    <p class='ocr_par' dir='ltr' id='par_1_28' title="bbox 1965 1164 3548 1245">
     <span class='ocr_line' id='line_1_28' title="bbox 1965 1164 3548 1245; baseline 0.007 -27"><span class='ocrx_word' id='word_1_170' title='bbox 1965 1164 2184 1219; x_wconf 87' lang='lat' dir='ltr'><strong>laudem</strong></span> <span class='ocrx_word' id='word_1_171' title='bbox 2240 1166 2346 1220; x_wconf 86' lang='lat' dir='ltr'><strong>sibi</strong></span> <span class='ocrx_word' id='word_1_172' title='bbox 2404 1168 2630 1224; x_wconf 81' lang='lat' dir='ltr'><strong>minime</strong></span> <span class='ocrx_word' id='word_1_173' title='bbox 2664 1183 2960 1240; x_wconf 78' lang='lat' dir='ltr'><strong>congruam</strong></span> <span class='ocrx_word' id='word_1_174' title='bbox 2991 1172 3338 1228; x_wconf 85' lang='lat' dir='ltr'><strong>confidenter</strong></span> <span class='ocrx_word' id='word_1_175' title='bbox 3376 1191 3548 1245; x_wconf 83' lang='lat' dir='ltr'><strong>appe-</strong></span> 
     </span>
    </p>
   </div>
   <div class='ocr_carea' id='block_1_29' title="bbox 1965 1259 3550 1336">
    <p class='ocr_par' dir='ltr' id='par_1_29' title="bbox 1965 1259 3550 1336">
     <span class='ocr_line' id='line_1_29' title="bbox 1965 1259 3550 1336; baseline 0.005 -23"><span class='ocrx_word' id='word_1_176' title='bbox 1965 1267 2172 1314; x_wconf 77' lang='lat' dir='ltr'><strong>tentem</strong></span> <span class='ocrx_word' id='word_1_177' title='bbox 2202 1261 2476 1316; x_wconf 87' lang='lat' dir='ltr'><strong>aversari.</strong></span> <span class='ocrx_word' id='word_1_178' title='bbox 2500 1259 2772 1327; x_wconf 83' lang='lat' dir='ltr'><strong>Quocirca</strong></span> <span class='ocrx_word' id='word_1_179' title='bbox 2807 1280 2914 1318; x_wconf 92' lang='lat' dir='ltr'><strong>non</strong></span> <span class='ocrx_word' id='word_1_180' title='bbox 2938 1280 3038 1335; x_wconf 91' lang='lat' dir='ltr'><strong>ego</strong></span> <span class='ocrx_word' id='word_1_181' title='bbox 3065 1265 3118 1320; x_wconf 90' lang='lat' dir='ltr'><strong>in</strong></span> <span class='ocrx_word' id='word_1_182' title='bbox 3148 1269 3388 1321; x_wconf 80' lang='lat' dir='ltr'><strong>medium</strong></span> <span class='ocrx_word' id='word_1_183' title='bbox 3421 1284 3550 1336; x_wconf 82' lang='lat' dir='ltr'><strong>pro-</strong></span> 
     </span>
    </p>
   </div>
   <div class='ocr_carea' id='block_1_30' title="bbox 1963 1350 3548 1432">
    <p class='ocr_par' dir='ltr' id='par_1_30' title="bbox 1963 1350 3548 1432">
     <span class='ocr_line' id='line_1_30' title="bbox 1963 1350 3548 1432; baseline 0.004 -28"><span class='ocrx_word' id='word_1_184' title='bbox 1963 1350 2090 1416; x_wconf 90' lang='lat' dir='ltr'><strong>deo,</strong></span> <span class='ocrx_word' id='word_1_185' title='bbox 2117 1361 2178 1406; x_wconf 93' lang='lat' dir='ltr'><strong>ut</strong></span> <span class='ocrx_word' id='word_1_186' title='bbox 2217 1352 2376 1406; x_wconf 84' lang='lat' dir='ltr'><strong>vobis</strong></span> <span class='ocrx_word' id='word_1_187' title='bbox 2409 1353 2596 1422; x_wconf 62' lang='lat' dir='ltr'><strong>gloriae</strong></span> <span class='ocrx_word' id='word_1_188' title='bbox 2626 1369 2736 1408; x_wconf 88' lang='lat' dir='ltr'><strong>non</strong></span> <span class='ocrx_word' id='word_1_189' title='bbox 2768 1353 2970 1432; x_wconf 70' lang='lat' dir='ltr'><strong>debita:</strong></span> <span class='ocrx_word' id='word_1_190' title='bbox 3001 1358 3313 1411; x_wconf 61' lang='lat' dir='ltr'><strong>asserendte</strong></span> <span class='ocrx_word' id='word_1_191' title='bbox 3351 1372 3548 1411; x_wconf 84' lang='lat' dir='ltr'><strong>auctor</strong></span> 
     </span>
    </p>
   </div>
   <div class='ocr_carea' id='block_1_31' title="bbox 1966 1440 3548 1519">
    <p class='ocr_par' dir='ltr' id='par_1_31' title="bbox 1966 1440 3548 1519">
     <span class='ocr_line' id='line_1_31' title="bbox 1966 1440 3548 1519; baseline 0.003 -25"><span class='ocrx_word' id='word_1_192' title='bbox 1966 1440 2110 1506; x_wconf 86' lang='lat' dir='ltr'><strong>sim;</strong></span> <span class='ocrx_word' id='word_1_193' title='bbox 2168 1440 2265 1494; x_wconf 85' lang='lat' dir='ltr'><strong>sed</strong></span> <span class='ocrx_word' id='word_1_194' title='bbox 2325 1451 2386 1494; x_wconf 90' lang='lat' dir='ltr'><strong>ut</strong></span> <span class='ocrx_word' id='word_1_195' title='bbox 2431 1441 2584 1512; x_wconf 88' lang='lat' dir='ltr'><strong>ejus,</strong></span> <span class='ocrx_word' id='word_1_196' title='bbox 2641 1459 2805 1519; x_wconf 80' lang='lat' dir='ltr'><strong>quam</strong></span> <span class='ocrx_word' id='word_1_197' title='bbox 2854 1446 3089 1516; x_wconf 77' lang='lat' dir='ltr'><strong>majores</strong></span> <span class='ocrx_word' id='word_1_198' title='bbox 3122 1446 3294 1501; x_wconf 60' lang='lat' dir='ltr'><strong>&quot;vestri</strong></span> <span class='ocrx_word' id='word_1_199' title='bbox 3334 1451 3548 1513; x_wconf 62' lang='lat' dir='ltr'><strong>magi-iis</strong></span> 
     </span>
    </p>
   </div>
   <div class='ocr_carea' id='block_1_32' title="bbox 1965 1533 3546 1607">
    <p class='ocr_par' dir='ltr' id='par_1_32' title="bbox 1965 1533 3546 1607">
     <span class='ocr_line' id='line_1_32' title="bbox 1965 1533 3546 1607; baseline 0.004 -20"><span class='ocrx_word' id='word_1_200' title='bbox 1965 1533 2418 1588; x_wconf 84' lang='lat' dir='ltr'><strong>contentionibus</strong></span> <span class='ocrx_word' id='word_1_201' title='bbox 2445 1534 2838 1607; x_wconf 85' lang='lat' dir='ltr'><strong>laboribusque</strong></span> <span class='ocrx_word' id='word_1_202' title='bbox 2865 1545 3076 1606; x_wconf 89' lang='lat' dir='ltr'><strong>partam</strong></span> <span class='ocrx_word' id='word_1_203' title='bbox 3131 1538 3198 1593; x_wconf 90' lang='lat' dir='ltr'><strong>ad</strong></span> <span class='ocrx_word' id='word_1_204' title='bbox 3234 1553 3332 1592; x_wconf 87' lang='lat' dir='ltr'><strong>vos</strong></span> <span class='ocrx_word' id='word_1_205' title='bbox 3363 1548 3546 1593; x_wconf 80' lang='lat' dir='ltr'><strong>trans-</strong></span> 
     </span>
    </p>
   </div>
   <div class='ocr_carea' id='block_1_33' title="bbox 1968 1612 3546 1698">
    <p class='ocr_par' dir='ltr' id='par_1_33' title="bbox 1968 1612 3546 1698">
     <span class='ocr_line' id='line_1_33' title="bbox 1968 1612 3546 1698; baseline 0.005 -22"><span class='ocrx_word' id='word_1_206' title='bbox 1968 1623 2272 1689; x_wconf 87' lang='lat' dir='ltr'><strong>miserunt,</strong></span> <span class='ocrx_word' id='word_1_207' title='bbox 2293 1640 2389 1694; x_wconf 89' lang='lat' dir='ltr'><strong>per</strong></span> <span class='ocrx_word' id='word_1_208' title='bbox 2417 1624 2687 1692; x_wconf 83' lang='lat' dir='ltr'><strong>ignaviam</strong></span> <span class='ocrx_word' id='word_1_209' title='bbox 2715 1628 2783 1681; x_wconf 90' lang='lat' dir='ltr'><strong>ad</strong></span> <span class='ocrx_word' id='word_1_210' title='bbox 2815 1612 2904 1684; x_wconf 84' lang='lat' dir='ltr'><strong>res</strong></span> <span class='ocrx_word' id='word_1_211' title='bbox 2933 1631 3097 1684; x_wconf 90' lang='lat' dir='ltr'><strong>duras</strong></span> <span class='ocrx_word' id='word_1_212' title='bbox 3129 1637 3185 1683; x_wconf 90' lang='lat' dir='ltr'><strong>ct</strong></span> <span class='ocrx_word' id='word_1_213' title='bbox 3207 1629 3546 1698; x_wconf 79' lang='lat' dir='ltr'><strong>periculosas</strong></span> 
     </span>
    </p>
   </div>
   <div class='ocr_carea' id='block_1_34' title="bbox 1947 1709 3514 1790">
    <p class='ocr_par' dir='ltr' id='par_1_34' title="bbox 1947 1709 3514 1790">
     <span class='ocr_line' id='line_1_34' title="bbox 1947 1709 3514 1790; baseline 0.004 -21"><span class='ocrx_word' id='word_1_214' title='bbox 1947 1709 2077 1769; x_wconf 80' lang='lat' dir='ltr'><strong>non</strong></span> <span class='ocrx_word' id='word_1_215' title='bbox 2108 1716 2471 1772; x_wconf 68' lang='lat' dir='ltr'><strong>obscuranda:</strong></span> <span class='ocrx_word' id='word_1_216' title='bbox 2493 1719 2788 1774; x_wconf 87' lang='lat' dir='ltr'><strong>consilium</strong></span> <span class='ocrx_word' id='word_1_217' title='bbox 2820 1719 3153 1790; x_wconf 82' lang='lat' dir='ltr'><strong>impertiam.</strong></span> <span class='ocrx_word' id='word_1_218' title='bbox 3186 1720 3263 1776; x_wconf 90' lang='lat' dir='ltr'><strong>Ne</strong></span> <span class='ocrx_word' id='word_1_219' title='bbox 3283 1737 3412 1775; x_wconf 85' lang='lat' dir='ltr'><strong>vero</strong></span> <span class='ocrx_word' id='word_1_220' title='bbox 3441 1725 3514 1776; x_wconf 88' lang='lat' dir='ltr'><strong>mi</strong></span> 
     </span>
    </p>
   </div>
   <div class='ocr_carea' id='block_1_35' title="bbox 1969 1807 3548 1882">
    <p class='ocr_par' dir='ltr' id='par_1_35' title="bbox 1969 1807 3548 1882">
     <span class='ocr_line' id='line_1_35' title="bbox 1969 1807 3548 1882; baseline 0.007 -24"><span class='ocrx_word' id='word_1_221' title='bbox 1969 1821 2090 1859; x_wconf 88' lang='lat' dir='ltr'><strong>rum</strong></span> <span class='ocrx_word' id='word_1_222' title='bbox 2123 1807 2361 1876; x_wconf 85' lang='lat' dir='ltr'><strong>accidat,</strong></span> <span class='ocrx_word' id='word_1_223' title='bbox 2395 1809 2443 1863; x_wconf 87' lang='lat' dir='ltr'><strong>si</strong></span> <span class='ocrx_word' id='word_1_224' title='bbox 2477 1825 2604 1864; x_wconf 91' lang='lat' dir='ltr'><strong>cum</strong></span> <span class='ocrx_word' id='word_1_225' title='bbox 2643 1810 2764 1865; x_wconf 87' lang='lat' dir='ltr'><strong>talis</strong></span> <span class='ocrx_word' id='word_1_226' title='bbox 2807 1811 3136 1866; x_wconf 75' lang='lat' dir='ltr'><strong>deliberatio</strong></span> <span class='ocrx_word' id='word_1_227' title='bbox 3183 1813 3548 1882; x_wconf 78' lang='lat' dir='ltr'><strong>imperatores</strong></span> 
     </span>
    </p>
   </div>
   <div class='ocr_carea' id='block_1_36' title="bbox 293 1876 1871 1992">
    <p class='ocr_par' dir='ltr' id='par_1_36' title="bbox 293 1906 1862 1981">
     <span class='ocr_line' id='line_1_36' title="bbox 293 1906 1862 1981; baseline 0.003 -21"><span class='ocrx_word' id='word_1_228' title='bbox 293 1909 466 1960; x_wconf 86' lang='grc' dir='ltr'>ούτων</span> <span class='ocrx_word' id='word_1_229' title='bbox 496 1906 843 1976; x_wconf 80' lang='grc' dir='ltr'>βουλεύεσθαι</span> <span class='ocrx_word' id='word_1_230' title='bbox 883 1911 1178 1978; x_wconf 77' lang='grc' dir='ltr'>προσῆκον,</span> <span class='ocrx_word' id='word_1_231' title='bbox 1215 1909 1376 1971; x_wconf 69' lang='grc' dir='ltr'>αὐτὸς</span> <span class='ocrx_word' id='word_1_232' title='bbox 1408 1909 1540 1978; x_wconf 78' lang='grc' dir='ltr'>ὑμῖν</span> <span class='ocrx_word' id='word_1_233' title='bbox 1571 1909 1862 1981; x_wconf 75' lang='grc' dir='ltr'>προῦθηκα</span> 
     </span>
    </p>
   </div>
   <div class='ocr_carea' id='block_1_37' title="bbox 1972 1876 3543 1992">
    <p class='ocr_par' dir='ltr' id='par_1_37' title="bbox 1972 1876 3543 1992">
     <span class='ocr_line' id='line_1_37' title="bbox 1972 1876 3543 1992; baseline 0.005 -41"><span class='ocrx_word' id='word_1_234' title='bbox 1972 1898 2182 1963; x_wconf 89' lang='lat' dir='ltr'><strong>deceat,</strong></span> <span class='ocrx_word' id='word_1_235' title='bbox 2215 1914 2317 1969; x_wconf 87' lang='lat' dir='ltr'><strong>ego</strong></span> <span class='ocrx_word' id='word_1_236' title='bbox 2340 1915 2462 1975; x_wconf 86' lang='lat' dir='ltr'><strong>eam</strong></span> <span class='ocrx_word' id='word_1_237' title='bbox 2497 1901 2656 1955; x_wconf 85' lang='lat' dir='ltr'><strong>vobis</strong></span> <span class='ocrx_word' id='word_1_238' title='bbox 2689 1918 3014 1972; x_wconf 85' lang='lat' dir='ltr'><strong>proponam.</strong></span> <span class='ocrx_word' id='word_1_239' title='bbox 3044 1903 3134 1960; x_wconf 91' lang='lat' dir='ltr'><strong>Sic</strong></span> <span class='ocrx_word' id='word_1_240' title='bbox 3163 1876 3309 1960; x_wconf 78' lang='lat' dir='ltr'><strong>enim</strong></span> <span class='ocrx_word' id='word_1_241' title='bbox 3337 1914 3543 1992; x_wconf 80' lang='lat' dir='ltr'><strong>statuo,</strong></span> 
     </span>
    </p>
   </div>
   <div class='ocr_carea' id='block_1_38' title="bbox 290 1996 1832 2071">
    <p class='ocr_par' dir='ltr' id='par_1_38' title="bbox 290 1996 1832 2071">
     <span class='ocr_line' id='line_1_38' title="bbox 290 1996 1832 2071; baseline 0.003 -20"><span class='ocrx_word' id='word_1_242' title='bbox 290 1999 390 2070; x_wconf 69' lang='grc' dir='ltr'>τὴν</span> <span class='ocrx_word' id='word_1_243' title='bbox 415 1998 630 2070; x_wconf 79' lang='grc' dir='ltr'>βουλήν.</span> <span class='ocrx_word' id='word_1_244' title='bbox 667 1996 942 2069; x_wconf 81' lang='grc' dir='ltr'>Ἠγοῦμαι</span> <span class='ocrx_word' id='word_1_245' title='bbox 974 1999 1083 2068; x_wconf 74' lang='grc' dir='ltr'><strong>γὰρ</strong></span> <span class='ocrx_word' id='word_1_246' title='bbox 1121 1999 1217 2053; x_wconf 72' lang='grc' dir='ltr'>καὶ</span> <span class='ocrx_word' id='word_1_247' title='bbox 1251 2000 1404 2054; x_wconf 88' lang='grc' dir='ltr'>πόλιν</span> <span class='ocrx_word' id='word_1_248' title='bbox 1453 2000 1832 2071; x_wconf 65' lang='grc' dir='ltr'>αὐτονομουμὲ</span> 
     </span>
    </p>
   </div>
   <div class='ocr_carea' id='block_1_39' title="bbox 291 2091 1868 2166">
    <p class='ocr_par' dir='ltr' id='par_1_39' title="bbox 291 2091 1868 2166">
     <span class='ocr_line' id='line_1_39' title="bbox 291 2091 1868 2166; baseline 0.001 -19"><span class='ocrx_word' id='word_1_249' title='bbox 291 2110 391 2163; x_wconf 88' lang='grc' dir='ltr'><strong>νην</strong></span> <span class='ocrx_word' id='word_1_250' title='bbox 418 2097 514 2148; x_wconf 70' lang='grc' dir='ltr'>καὶ</span> <span class='ocrx_word' id='word_1_251' title='bbox 548 2091 825 2163; x_wconf 76' lang='grc' dir='ltr'>βασιλείαν</span> <span class='ocrx_word' id='word_1_252' title='bbox 855 2091 1030 2147; x_wconf 85' lang='grc' dir='ltr'>πλείω</span> <span class='ocrx_word' id='word_1_253' title='bbox 1057 2094 1184 2156; x_wconf 76' lang='grc' dir='ltr'>τοὺς</span> <span class='ocrx_word' id='word_1_254' title='bbox 1221 2091 1442 2157; x_wconf 74' lang='grc' dir='ltr'>ἰδιώτας</span> <span class='ocrx_word' id='word_1_255' title='bbox 1469 2094 1702 2164; x_wconf 78' lang='grc' dir='ltr'>ὠφελεῖν</span> <span class='ocrx_word' id='word_1_256' title='bbox 1731 2095 1868 2166; x_wconf 76' lang='grc' dir='ltr'>σύμ-</span> 
     </span>
    </p>
   </div>
   <div class='ocr_carea' id='block_1_40' title="bbox 293 2183 1863 2258">
    <p class='ocr_par' dir='ltr' id='par_1_40' title="bbox 293 2183 1863 2258">
     <span class='ocr_line' id='line_1_40' title="bbox 293 2183 1863 2258; baseline 0.001 -20"><span class='ocrx_word' id='word_1_257' title='bbox 293 2201 480 2239; x_wconf 85' lang='grc' dir='ltr'>πασαν</span> <span class='ocrx_word' id='word_1_258' title='bbox 513 2183 874 2254; x_wconf 78' lang='grc' dir='ltr'>ὀρθουμένην,</span> <span class='ocrx_word' id='word_1_259' title='bbox 930 2184 963 2254; x_wconf 82' lang='grc' dir='ltr'>ἢ</span> <span class='ocrx_word' id='word_1_260' title='bbox 1026 2184 1216 2248; x_wconf 88' lang='grc' dir='ltr'>κακῶς</span> <span class='ocrx_word' id='word_1_261' title='bbox 1274 2185 1591 2256; x_wconf 83' lang='grc' dir='ltr'>πάσχουσαν</span> <span class='ocrx_word' id='word_1_262' title='bbox 1639 2187 1863 2258; x_wconf 73' lang='grc' dir='ltr'>ἀθρόαν,</span> 
     </span>
    </p>
   </div>
   <div class='ocr_carea' id='block_1_41' title="bbox 292 2270 1867 2345">
    <p class='ocr_par' dir='ltr' id='par_1_41' title="bbox 292 2270 1867 2345">
     <span class='ocr_line' id='line_1_41' title="bbox 292 2270 1867 2345; baseline 0.001 -16"><span class='ocrx_word' id='word_1_263' title='bbox 292 2275 415 2329; x_wconf 83' lang='grc' dir='ltr'>καθ’</span> <span class='ocrx_word' id='word_1_264' title='bbox 443 2275 672 2328; x_wconf 72' lang='grc' dir='ltr'>ἕκαστον</span> <span class='ocrx_word' id='word_1_265' title='bbox 702 2275 757 2327; x_wconf 79' lang='grc' dir='ltr'>δὲ</span> <span class='ocrx_word' id='word_1_266' title='bbox 795 2273 1189 2345; x_wconf 82' lang='grc' dir='ltr'>εὐπραγοῦσαν</span> <span class='ocrx_word' id='word_1_267' title='bbox 1232 2275 1341 2330; x_wconf 90' lang='grc' dir='ltr'><strong>τῶν</strong></span> <span class='ocrx_word' id='word_1_268' title='bbox 1369 2270 1630 2331; x_wconf 79' lang='grc' dir='ltr'>πολιτῶν.</span> <span class='ocrx_word' id='word_1_269' title='bbox 1661 2281 1867 2331; x_wconf 73' lang='grc' dir='ltr'>Δυστυι</span> 
     </span>
    </p>
   </div>
   <div class='ocr_carea' id='block_1_42' title="bbox 291 2366 1865 2440">
    <p class='ocr_par' dir='ltr' id='par_1_42' title="bbox 291 2366 1865 2440">
     <span class='ocr_line' id='line_1_42' title="bbox 291 2366 1865 2440; baseline 0.003 -22"><span class='ocrx_word' id='word_1_270' title='bbox 291 2367 406 2440; x_wconf 81' lang='grc' dir='ltr'>χῶν</span> <span class='ocrx_word' id='word_1_271' title='bbox 436 2366 535 2436; x_wconf 82' lang='grc' dir='ltr'>μὲν</span> <span class='ocrx_word' id='word_1_272' title='bbox 559 2367 667 2436; x_wconf 74' lang='grc' dir='ltr'>γὰρ</span> <span class='ocrx_word' id='word_1_273' title='bbox 693 2369 751 2420; x_wconf 80' lang='grc' dir='ltr'>ὲν</span> <span class='ocrx_word' id='word_1_274' title='bbox 771 2367 1127 2440; x_wconf 73' lang='grc' dir='ltr'>εὐπραγούσῃ</span> <span class='ocrx_word' id='word_1_275' title='bbox 1160 2370 1224 2438; x_wconf 77' lang='grc' dir='ltr'>τῇ</span> <span class='ocrx_word' id='word_1_276' title='bbox 1279 2368 1502 2438; x_wconf 88' lang='grc' dir='ltr'>πατρίδι</span> <span class='ocrx_word' id='word_1_277' title='bbox 1553 2369 1769 2439; x_wconf 78' lang='grc' dir='ltr'>μάλιστ’</span> <span class='ocrx_word' id='word_1_278' title='bbox 1798 2370 1865 2422; x_wconf 83' lang='grc' dir='ltr'><strong>ἀν</strong></span> 
     </span>
    </p>
   </div>
   <div class='ocr_carea' id='block_1_43' title="bbox 291 2450 1865 2533">
    <p class='ocr_par' dir='ltr' id='par_1_43' title="bbox 291 2450 1865 2533">
     <span class='ocr_line' id='line_1_43' title="bbox 291 2450 1865 2533; baseline 0.005 -29"><span class='ocrx_word' id='word_1_279' title='bbox 291 2467 378 2514; x_wconf 83' lang='grc' dir='ltr'><strong>τις</strong></span> <span class='ocrx_word' id='word_1_280' title='bbox 403 2452 720 2516; x_wconf 77' lang='grc' dir='ltr'>διασώζοιτο</span> <span class='ocrx_word' id='word_1_281' title='bbox 739 2470 755 2486; x_wconf 90' lang='grc'><strong>·</strong></span> <span class='ocrx_word' id='word_1_282' title='bbox 788 2450 854 2507; x_wconf 86' lang='grc' dir='ltr'>εὖ</span> <span class='ocrx_word' id='word_1_283' title='bbox 881 2454 937 2508; x_wconf 74' lang='grc' dir='ltr'>δὲ</span> <span class='ocrx_word' id='word_1_284' title='bbox 960 2456 1262 2526; x_wconf 81' lang='grc' dir='ltr'>φερόμενος</span> <span class='ocrx_word' id='word_1_285' title='bbox 1288 2458 1346 2525; x_wconf 65' lang='grc' dir='ltr'>ἐν</span> <span class='ocrx_word' id='word_1_286' title='bbox 1375 2459 1672 2533; x_wconf 74' lang='grc' dir='ltr'>ἀτυχούσῃ,</span> <span class='ocrx_word' id='word_1_287' title='bbox 1713 2461 1865 2514; x_wconf 72' lang='grc' dir='ltr'>οὐδὲν</span> 
     </span>
    </p>
   </div>
   <div class='ocr_carea' id='block_1_44' title="bbox 291 2538 1869 2622">
    <p class='ocr_par' dir='ltr' id='par_1_44' title="bbox 291 2538 1869 2622">
     <span class='ocr_line' id='line_1_44' title="bbox 291 2538 1869 2622; baseline 0.005 -26"><span class='ocrx_word' id='word_1_288' title='bbox 291 2538 458 2615; x_wconf 78' lang='grc' dir='ltr'>ἧττον</span> <span class='ocrx_word' id='word_1_289' title='bbox 487 2544 898 2599; x_wconf 81' lang='grc' dir='ltr'>συναπόλλυται.</span> <span class='ocrx_word' id='word_1_290' title='bbox 949 2545 1141 2600; x_wconf 83' lang='grc' dir='ltr'>Ὁπότε</span> <span class='ocrx_word' id='word_1_291' title='bbox 1175 2542 1270 2603; x_wconf 84' lang='grc' dir='ltr'>οὖν</span> <span class='ocrx_word' id='word_1_292' title='bbox 1298 2549 1396 2602; x_wconf 74' lang='grc' dir='ltr'>καὶ</span> <span class='ocrx_word' id='word_1_293' title='bbox 1442 2551 1599 2614; x_wconf 85' lang='grc' dir='ltr'>πόλις</span> <span class='ocrx_word' id='word_1_294' title='bbox 1642 2554 1736 2604; x_wconf 75' lang='grc' dir='ltr'>καὶ</span> <span class='ocrx_word' id='word_1_295' title='bbox 1767 2551 1869 2622; x_wconf 83' lang='grc' dir='ltr'><strong>βα-</strong></span> 
     </span>
    </p>
   </div>
   <div class='ocr_carea' id='block_1_45' title="bbox 294 2637 1865 2716">
    <p class='ocr_par' dir='ltr' id='par_1_45' title="bbox 294 2637 1865 2716">
     <span class='ocr_line' id='line_1_45' title="bbox 294 2637 1865 2716; baseline 0.005 -25"><span class='ocrx_word' id='word_1_296' title='bbox 294 2638 474 2691; x_wconf 83' lang='grc' dir='ltr'>σιλεία</span> <span class='ocrx_word' id='word_1_297' title='bbox 503 2637 634 2708; x_wconf 81' lang='grc' dir='ltr'>πρὸς</span> <span class='ocrx_word' id='word_1_298' title='bbox 668 2638 765 2708; x_wconf 79' lang='grc' dir='ltr'>μὲν</span> <span class='ocrx_word' id='word_1_299' title='bbox 798 2638 896 2702; x_wconf 88' lang='grc' dir='ltr'><strong>τάς</strong></span> <span class='ocrx_word' id='word_1_300' title='bbox 931 2639 1070 2703; x_wconf 85' lang='grc' dir='ltr'>ίδίας</span> <span class='ocrx_word' id='word_1_301' title='bbox 1099 2643 1386 2712; x_wconf 73' lang='grc' dir='ltr'>συμφορὰς</span> <span class='ocrx_word' id='word_1_302' title='bbox 1413 2643 1564 2697; x_wconf 80' lang='grc' dir='ltr'>οίατε</span> <span class='ocrx_word' id='word_1_303' title='bbox 1597 2646 1865 2716; x_wconf 79' lang='grc' dir='ltr'>ἀντέχειν,</span> 
     </span>
    </p>
   </div>
   <div class='ocr_carea' id='block_1_46' title="bbox 294 2721 1864 2806">
    <p class='ocr_par' dir='ltr' id='par_1_46' title="bbox 294 2721 1864 2806">
     <span class='ocr_line' id='line_1_46' title="bbox 294 2721 1864 2806; baseline 0.006 -25"><span class='ocrx_word' id='word_1_304' title='bbox 294 2721 380 2790; x_wconf 80' lang='grc' dir='ltr'>εἷς</span> <span class='ocrx_word' id='word_1_305' title='bbox 402 2728 457 2781; x_wconf 77' lang='grc' dir='ltr'>δὲ</span> <span class='ocrx_word' id='word_1_306' title='bbox 487 2727 716 2791; x_wconf 68' lang='grc' dir='ltr'>ἕκαστος</span> <span class='ocrx_word' id='word_1_307' title='bbox 752 2728 1018 2794; x_wconf 87' lang='grc' dir='ltr'>ἀδύνατος</span> <span class='ocrx_word' id='word_1_308' title='bbox 1051 2732 1191 2803; x_wconf 71' lang='grc' dir='ltr'>προς</span> <span class='ocrx_word' id='word_1_309' title='bbox 1231 2733 1332 2798; x_wconf 88' lang='grc' dir='ltr'><strong>τάς</strong></span> <span class='ocrx_word' id='word_1_310' title='bbox 1361 2735 1601 2806; x_wconf 76' lang='grc' dir='ltr'>ἐκείνης,</span> <span class='ocrx_word' id='word_1_311' title='bbox 1638 2737 1758 2800; x_wconf 89' lang='grc' dir='ltr'><strong>πῶς</strong></span> <span class='ocrx_word' id='word_1_312' title='bbox 1801 2737 1864 2791; x_wconf 84' lang='grc' dir='ltr'>οὐ</span> 
     </span>
    </p>
   </div>
   <div class='ocr_carea' id='block_1_47' title="bbox 299 2807 1868 2900">
    <p class='ocr_par' dir='ltr' id='par_1_47' title="bbox 299 2807 1868 2900">
     <span class='ocr_line' id='line_1_47' title="bbox 299 2807 1868 2900; baseline 0.01 -29"><span class='ocrx_word' id='word_1_313' title='bbox 299 2823 406 2892; x_wconf 69' lang='grc' dir='ltr'><strong>χρὴ</strong></span> <span class='ocrx_word' id='word_1_314' title='bbox 426 2824 587 2875; x_wconf 73' lang='grc' dir='ltr'>παντὶ</span> <span class='ocrx_word' id='word_1_315' title='bbox 613 2807 802 2894; x_wconf 70' lang='grc' dir='ltr'>τρόπω</span> <span class='ocrx_word' id='word_1_316' title='bbox 829 2822 1038 2888; x_wconf 80' lang='grc' dir='ltr'>πάντας</span> <span class='ocrx_word' id='word_1_317' title='bbox 1068 2823 1299 2894; x_wconf 77' lang='grc' dir='ltr'>ἀμύνειν</span> <span class='ocrx_word' id='word_1_318' title='bbox 1344 2828 1482 2899; x_wconf 79' lang='grc' dir='ltr'>αὐτῇ</span> <span class='ocrx_word' id='word_1_319' title='bbox 1508 2845 1524 2894; x_wconf 84' lang='grc'>;</span> <span class='ocrx_word' id='word_1_320' title='bbox 1560 2827 1596 2883; x_wconf 73' lang='grc' dir='ltr'>ἃ</span> <span class='ocrx_word' id='word_1_321' title='bbox 1639 2829 1740 2900; x_wconf 77' lang='grc' dir='ltr'>μὲν</span> <span class='ocrx_word' id='word_1_322' title='bbox 1775 2830 1868 2884; x_wconf 77' lang='grc' dir='ltr'>οὖν</span> 
     </span>
    </p>
   </div>
   <div class='ocr_carea' id='block_1_48' title="bbox 311 2915 1868 2989">
    <p class='ocr_par' dir='ltr' id='par_1_48' title="bbox 311 2915 1868 2989">
     <span class='ocr_line' id='line_1_48' title="bbox 311 2915 1868 2989; baseline 0.007 -24"><span class='ocrx_word' id='word_1_323' title='bbox 311 2916 387 2976; x_wconf 81' lang='grc' dir='ltr'>εὶς</span> <span class='ocrx_word' id='word_1_324' title='bbox 411 2916 555 2984; x_wconf 68' lang='grc' dir='ltr'>ἡμᾶς</span> <span class='ocrx_word' id='word_1_325' title='bbox 607 2916 636 2968; x_wconf 84' lang='grc' dir='ltr'><strong>ὁ</strong></span> <span class='ocrx_word' id='word_1_326' title='bbox 683 2915 792 2968; x_wconf 87' lang='grc' dir='ltr'><strong>τῶν</strong></span> <span class='ocrx_word' id='word_1_327' title='bbox 828 2915 1030 2970; x_wconf 85' lang='grc' dir='ltr'>Μυσῶν</span> <span class='ocrx_word' id='word_1_328' title='bbox 1059 2916 1315 2989; x_wconf 78' lang='grc' dir='ltr'>ὲξύὄρισε</span> <span class='ocrx_word' id='word_1_329' title='bbox 1357 2919 1630 2989; x_wconf 81' lang='grc' dir='ltr'>βασιλεὺς,</span> <span class='ocrx_word' id='word_1_330' title='bbox 1665 2924 1868 2986; x_wconf 75' lang='grc' dir='ltr'>πάντες</span> 
     </span>
    </p>
   </div>
   <div class='ocr_carea' id='block_1_49' title="bbox 317 3005 1864 3085">
    <p class='ocr_par' dir='ltr' id='par_1_49' title="bbox 317 3005 1864 3085">
     <span class='ocr_line' id='line_1_49' title="bbox 317 3005 1864 3085; baseline 0.005 -25"><span class='ocrx_word' id='word_1_331' title='bbox 317 3005 573 3076; x_wconf 76' lang='grc' dir='ltr'>ἀκηκόατε</span> <span class='ocrx_word' id='word_1_332' title='bbox 602 3008 696 3062; x_wconf 75' lang='grc' dir='ltr'><strong>καὶ</strong></span> <span class='ocrx_word' id='word_1_333' title='bbox 721 3007 897 3064; x_wconf 81' lang='grc' dir='ltr'>αὐτοί.</span> <span class='ocrx_word' id='word_1_334' title='bbox 922 3009 1045 3062; x_wconf 90' lang='grc' dir='ltr'>Τῶν</span> <span class='ocrx_word' id='word_1_335' title='bbox 1077 3009 1254 3064; x_wconf 80' lang='grc' dir='ltr'>ἄλλων</span> <span class='ocrx_word' id='word_1_336' title='bbox 1281 3012 1392 3082; x_wconf 85' lang='grc' dir='ltr'><strong>γὰρ</strong></span> <span class='ocrx_word' id='word_1_337' title='bbox 1421 3011 1699 3084; x_wconf 75' lang='grc' dir='ltr'>λῃστείαις</span> <span class='ocrx_word' id='word_1_338' title='bbox 1723 3031 1864 3085; x_wconf 84' lang='grc' dir='ltr'>χρω-</span> 
     </span>
    </p>
   </div>
   <div class='ocr_carea' id='block_1_50' title="bbox 313 3099 1868 3176">
    <p class='ocr_par' dir='ltr' id='par_1_50' title="bbox 313 3099 1868 3176">
     <span class='ocr_line' id='line_1_50' title="bbox 313 3099 1868 3176; baseline 0.005 -25"><span class='ocrx_word' id='word_1_339' title='bbox 313 3099 557 3172; x_wconf 75' lang='grc' dir='ltr'>μένων,ἢ</span> <span class='ocrx_word' id='word_1_340' title='bbox 588 3100 772 3155; x_wconf 72' lang='grc' dir='ltr'>εἴποτε</span> <span class='ocrx_word' id='word_1_341' title='bbox 809 3105 897 3155; x_wconf 62' lang='grc' dir='ltr'>καὶ</span> <span class='ocrx_word' id='word_1_342' title='bbox 932 3102 1245 3156; x_wconf 77' lang='grc' dir='ltr'>εσόἀλλοιεν</span> <span class='ocrx_word' id='word_1_343' title='bbox 1298 3105 1549 3174; x_wconf 77' lang='grc' dir='ltr'>στρατιᾷ,</span> <span class='ocrx_word' id='word_1_344' title='bbox 1592 3105 1722 3176; x_wconf 76' lang='grc' dir='ltr'>ἄχρι</span> <span class='ocrx_word' id='word_1_345' title='bbox 1765 3107 1868 3174; x_wconf 86' lang='grc' dir='ltr'>τῆς</span> 
     </span>
    </p>
   </div>
   <div class='ocr_carea' id='block_1_51' title="bbox 305 3189 1940 3281">
    <p class='ocr_par' dir='ltr' id='par_1_51' title="bbox 305 3189 1940 3281">
     <span class='ocr_line' id='line_1_51' title="bbox 305 3189 1940 3281; baseline 0.004 -38"><span class='ocrx_word' id='word_1_346' title='bbox 305 3189 473 3260; x_wconf 77' lang='grc' dir='ltr'>ἄκρας</span> <span class='ocrx_word' id='word_1_347' title='bbox 508 3192 945 3261; x_wconf 73' lang='grc' dir='ltr'>ἀφικνουμένων,</span> <span class='ocrx_word' id='word_1_348' title='bbox 977 3195 1072 3246; x_wconf 76' lang='grc' dir='ltr'><strong>καὶ</strong></span> <span class='ocrx_word' id='word_1_349' title='bbox 1107 3193 1227 3263; x_wconf 76' lang='grc' dir='ltr'>ἄμα</span> <span class='ocrx_word' id='word_1_350' title='bbox 1269 3193 1349 3264; x_wconf 86' lang='grc' dir='ltr'>τῷ</span> <span class='ocrx_word' id='word_1_351' title='bbox 1378 3195 1633 3264; x_wconf 77' lang='grc' dir='ltr'>αἴσθησιν</span> <span class='ocrx_word' id='word_1_352' title='bbox 1664 3212 1867 3267; x_wconf 67' lang='grc' dir='ltr'>»παραι-</span> <span class='ocrx_word' id='word_1_353' title='bbox 1894 3218 1940 3281; x_wconf 78' lang='lat' dir='ltr'><strong><em>C</em></strong></span> 
     </span>
    </p>
   </div>
   <div class='ocr_carea' id='block_1_52' title="bbox 301 3286 1867 3360">
    <p class='ocr_par' dir='ltr' id='par_1_52' title="bbox 301 3286 1867 3360">
     <span class='ocr_line' id='line_1_52' title="bbox 301 3286 1867 3360; baseline 0.003 -22"><span class='ocrx_word' id='word_1_354' title='bbox 301 3287 471 3354; x_wconf 75' lang='grc' dir='ltr'>σχεῖν,</span> <span class='ocrx_word' id='word_1_355' title='bbox 501 3286 1006 3358; x_wconf 80' lang='grc' dir='ltr'>ἀποδιδρασκόντων</span> <span class='ocrx_word' id='word_1_356' title='bbox 1034 3289 1114 3350; x_wconf 80' lang='grc' dir='ltr'><strong>είς</strong></span> <span class='ocrx_word' id='word_1_357' title='bbox 1147 3289 1248 3360; x_wconf 77' lang='grc' dir='ltr'>τὴν</span> <span class='ocrx_word' id='word_1_358' title='bbox 1286 3288 1442 3353; x_wconf 82' lang='grc' dir='ltr'>ἰδίαν,</span> <span class='ocrx_word' id='word_1_359' title='bbox 1485 3289 1649 3353; x_wconf 74' lang='grc' dir='ltr'>αὐτὸς</span> <span class='ocrx_word' id='word_1_360' title='bbox 1675 3289 1867 3360; x_wconf 86' lang='grc' dir='ltr'>ὥσπερ</span> 
     </span>
    </p>
   </div>
   <div class='ocr_carea' id='block_1_53' title="bbox 298 3379 1870 3454">
    <p class='ocr_par' dir='ltr' id='par_1_53' title="bbox 298 3379 1870 3454">
     <span class='ocr_line' id='line_1_53' title="bbox 298 3379 1870 3454; baseline 0.004 -23"><span class='ocrx_word' id='word_1_361' title='bbox 298 3379 401 3432; x_wconf 83' lang='grc' dir='ltr'>οὐκ</span> <span class='ocrx_word' id='word_1_362' title='bbox 425 3379 504 3442; x_wconf 85' lang='grc' dir='ltr'><strong>είς</strong></span> <span class='ocrx_word' id='word_1_363' title='bbox 538 3379 823 3450; x_wconf 85' lang='grc' dir='ltr'>πολεμίαν,</span> <span class='ocrx_word' id='word_1_364' title='bbox 859 3380 974 3435; x_wconf 83' lang='grc' dir='ltr'>ἀλλ’</span> <span class='ocrx_word' id='word_1_365' title='bbox 1001 3383 1081 3447; x_wconf 86' lang='grc' dir='ltr'><strong>είς</strong></span> <span class='ocrx_word' id='word_1_366' title='bbox 1120 3381 1219 3453; x_wconf 76' lang='grc' dir='ltr'><strong>την</strong></span> <span class='ocrx_word' id='word_1_367' title='bbox 1251 3381 1389 3435; x_wconf 82' lang='grc' dir='ltr'>ίδίαν</span> <span class='ocrx_word' id='word_1_368' title='bbox 1418 3383 1740 3454; x_wconf 79' lang='grc' dir='ltr'>ποιούμενος</span> <span class='ocrx_word' id='word_1_369' title='bbox 1770 3385 1870 3447; x_wconf 69' lang='grc' dir='ltr'>τὰς</span> 
     </span>
    </p>
   </div>
   <div class='ocr_carea' id='block_1_54' title="bbox 303 3471 1870 3547">
    <p class='ocr_par' dir='ltr' id='par_1_54' title="bbox 303 3471 1870 3547">
     <span class='ocr_line' id='line_1_54' title="bbox 303 3471 1870 3547; baseline 0.004 -25"><span class='ocrx_word' id='word_1_370' title='bbox 303 3471 738 3539; x_wconf 83' lang='grc' dir='ltr'>στρατοπεδείας,</span> <span class='ocrx_word' id='word_1_371' title='bbox 783 3471 1041 3542; x_wconf 81' lang='grc' dir='ltr'>ἀσφαλῶς</span> <span class='ocrx_word' id='word_1_372' title='bbox 1091 3471 1404 3544; x_wconf 82' lang='grc' dir='ltr'>καθήμενος</span> <span class='ocrx_word' id='word_1_373' title='bbox 1448 3474 1604 3547; x_wconf 74' lang='grc' dir='ltr'>ἐδῄου</span> <span class='ocrx_word' id='word_1_374' title='bbox 1641 3474 1738 3546; x_wconf 85' lang='grc' dir='ltr'>τὴν</span> <span class='ocrx_word' id='word_1_375' title='bbox 1764 3475 1870 3545; x_wconf 80' lang='grc' dir='ltr'>γῆν</span> 
     </span>
    </p>
   </div>
   <div class='ocr_carea' id='block_1_55' title="bbox 299 3564 1871 3639">
    <p class='ocr_par' dir='ltr' id='par_1_55' title="bbox 299 3564 1871 3639">
     <span class='ocr_line' id='line_1_55' title="bbox 299 3564 1871 3639; baseline 0.002 -22"><span class='ocrx_word' id='word_1_376' title='bbox 299 3564 461 3632; x_wconf 72' lang='grc' dir='ltr'>ἡμῶν</span> <span class='ocrx_word' id='word_1_377' title='bbox 492 3564 583 3617; x_wconf 71' lang='grc' dir='ltr'><strong>ἐπὶ</strong></span> <span class='ocrx_word' id='word_1_378' title='bbox 605 3564 930 3621; x_wconf 87' lang='grc' dir='ltr'>δυοκαίδεκα</span> <span class='ocrx_word' id='word_1_379' title='bbox 951 3565 1210 3638; x_wconf 73' lang='grc' dir='ltr'>ἡμέραις.</span> <span class='ocrx_word' id='word_1_380' title='bbox 1238 3567 1350 3620; x_wconf 83' lang='grc' dir='ltr'><strong>Καὶ</strong></span> <span class='ocrx_word' id='word_1_381' title='bbox 1377 3567 1617 3638; x_wconf 81' lang='grc' dir='ltr'>προῆλθέ</span> <span class='ocrx_word' id='word_1_382' title='bbox 1645 3585 1709 3636; x_wconf 85' lang='grc' dir='ltr'><strong>γε</strong></span> <span class='ocrx_word' id='word_1_383' title='bbox 1739 3567 1871 3639; x_wconf 78' lang='grc' dir='ltr'>ἄχρι</span> 
     </span>
    </p>
   </div>
   <div class='ocr_carea' id='block_1_56' title="bbox 301 3649 1871 3729">
    <p class='ocr_par' dir='ltr' id='par_1_56' title="bbox 301 3649 1871 3729">
     <span class='ocr_line' id='line_1_56' title="bbox 301 3649 1871 3729; baseline 0.003 -23"><span class='ocrx_word' id='word_1_384' title='bbox 301 3651 487 3724; x_wconf 74' lang='grc' dir='ltr'>Βήρας</span> <span class='ocrx_word' id='word_1_385' title='bbox 539 3655 633 3708; x_wconf 81' lang='grc' dir='ltr'>καὶ</span> <span class='ocrx_word' id='word_1_386' title='bbox 664 3649 1166 3726; x_wconf 85' lang='grc' dir='ltr'>Τραιανουπόλεως,</span> <span class='ocrx_word' id='word_1_387' title='bbox 1199 3657 1417 3728; x_wconf 75' lang='grc' dir='ltr'>τέμνων</span> <span class='ocrx_word' id='word_1_388' title='bbox 1466 3657 1662 3729; x_wconf 78' lang='grc' dir='ltr'>αὑτήν.</span> <span class='ocrx_word' id='word_1_389' title='bbox 1708 3658 1775 3711; x_wconf 76' lang='grc' dir='ltr'><strong>Εἴ</strong></span> <span class='ocrx_word' id='word_1_390' title='bbox 1795 3677 1871 3729; x_wconf 85' lang='grc' dir='ltr'>τῳ</span> 
     </span>
    </p>
   </div>
   <div class='ocr_carea' id='block_1_57' title="bbox 301 3747 1871 3822">
    <p class='ocr_par' dir='ltr' id='par_1_57' title="bbox 301 3747 1871 3822">
     <span class='ocr_line' id='line_1_57' title="bbox 301 3747 1871 3822; baseline 0.004 -21"><span class='ocrx_word' id='word_1_391' title='bbox 301 3747 356 3801; x_wconf 73' lang='grc' dir='ltr'>δὲ</span> <span class='ocrx_word' id='word_1_392' title='bbox 388 3749 537 3802; x_wconf 80' lang='grc' dir='ltr'>δοκεῖ</span> <span class='ocrx_word' id='word_1_393' title='bbox 560 3748 650 3802; x_wconf 81' lang='grc' dir='ltr'><strong>διὰ</strong></span> <span class='ocrx_word' id='word_1_394' title='bbox 677 3750 736 3804; x_wconf 83' lang='grc' dir='ltr'>τὸ</span> <span class='ocrx_word' id='word_1_395' title='bbox 761 3751 826 3805; x_wconf 77' lang='grc' dir='ltr'>ὲκ</span> <span class='ocrx_word' id='word_1_396' title='bbox 863 3751 1124 3822; x_wconf 82' lang='grc' dir='ltr'>προνοίας</span> <span class='ocrx_word' id='word_1_397' title='bbox 1152 3753 1211 3806; x_wconf 77' lang='grc' dir='ltr'>ὲν</span> <span class='ocrx_word' id='word_1_398' title='bbox 1251 3755 1372 3817; x_wconf 77' lang='grc' dir='ltr'>ταῖς</span> <span class='ocrx_word' id='word_1_399' title='bbox 1403 3754 1590 3808; x_wconf 86' lang='grc' dir='ltr'>πόλεσι</span> <span class='ocrx_word' id='word_1_400' title='bbox 1625 3755 1722 3810; x_wconf 79' lang='grc' dir='ltr'>καὶ</span> <span class='ocrx_word' id='word_1_401' title='bbox 1759 3757 1871 3818; x_wconf 82' lang='grc' dir='ltr'>τοῖς</span> 
     </span>
    </p>
   </div>
   <div class='ocr_carea' id='block_1_58' title="bbox 305 3841 1873 3914">
    <p class='ocr_par' dir='ltr' id='par_1_58' title="bbox 305 3841 1873 3914">
     <span class='ocr_line' id='line_1_58' title="bbox 305 3841 1873 3914; baseline 0.005 -22"><span class='ocrx_word' id='word_1_402' title='bbox 305 3844 588 3912; x_wconf 76' lang='grc' dir='ltr'>φρουρίοις</span> <span class='ocrx_word' id='word_1_403' title='bbox 641 3843 710 3896; x_wconf 87' lang='grc' dir='ltr'><strong>τά</strong></span> <span class='ocrx_word' id='word_1_404' title='bbox 741 3859 799 3895; x_wconf 87' lang='grc' dir='ltr'><strong>τε</strong></span> <span class='ocrx_word' id='word_1_405' title='bbox 861 3841 1184 3914; x_wconf 78' lang='grc' dir='ltr'>βοσκήματα</span> <span class='ocrx_word' id='word_1_406' title='bbox 1216 3846 1313 3898; x_wconf 76' lang='grc' dir='ltr'>καὶ</span> <span class='ocrx_word' id='word_1_407' title='bbox 1364 3847 1492 3909; x_wconf 82' lang='grc' dir='ltr'>τοὺς</span> <span class='ocrx_word' id='word_1_408' title='bbox 1545 3847 1873 3913; x_wconf 83' lang='grc' dir='ltr'>ἀνθρώπους</span> 
     </span>
    </p>
   </div>
   <div class='ocr_carea' id='block_1_59' title="bbox 304 3932 1873 4008">
    <p class='ocr_par' dir='ltr' id='par_1_59' title="bbox 304 3932 1873 4008">
     <span class='ocr_line' id='line_1_59' title="bbox 304 3932 1873 4008; baseline 0.001 -24"><span class='ocrx_word' id='word_1_409' title='bbox 304 3932 865 4000; x_wconf 77' lang='grc' dir='ltr'>ὲγκατακλεισθέντας</span> <span class='ocrx_word' id='word_1_410' title='bbox 895 3934 1111 3989; x_wconf 72' lang='grc' dir='ltr'>ἐλάσσω</span> <span class='ocrx_word' id='word_1_411' title='bbox 1166 3936 1200 4007; x_wconf 78' lang='grc' dir='ltr'>ἢ</span> <span class='ocrx_word' id='word_1_412' title='bbox 1263 3936 1433 4008; x_wconf 71' lang='grc' dir='ltr'>ἐχρῆν</span> <span class='ocrx_word' id='word_1_413' title='bbox 1486 3935 1742 4005; x_wconf 81' lang='grc' dir='ltr'>γενέσθαι</span> <span class='ocrx_word' id='word_1_414' title='bbox 1774 3938 1873 4004; x_wconf 81' lang='grc' dir='ltr'>τὴν</span> 
     </span>
    </p>
   </div>
   <div class='ocr_carea' id='block_1_60' title="bbox 305 4020 1874 4092">
    <p class='ocr_par' dir='ltr' id='par_1_60' title="bbox 305 4020 1874 4092">
     <span class='ocr_line' id='line_1_60' title="bbox 305 4020 1874 4092; baseline 0.002 -15"><span class='ocrx_word' id='word_1_415' title='bbox 305 4020 512 4092; x_wconf 82' lang='grc' dir='ltr'>ζημίαν</span> <span class='ocrx_word' id='word_1_416' title='bbox 541 4023 762 4076; x_wconf 77' lang='grc' dir='ltr'>ἀνεκτὸν</span> <span class='ocrx_word' id='word_1_417' title='bbox 799 4020 961 4090; x_wconf 73' lang='grc' dir='ltr'>εἶναι,</span> <span class='ocrx_word' id='word_1_418' title='bbox 1012 4024 1146 4079; x_wconf 84' lang='grc' dir='ltr'>ῐστω</span> <span class='ocrx_word' id='word_1_419' title='bbox 1185 4025 1473 4091; x_wconf 75' lang='grc' dir='ltr'>ὲξαπατῶν</span> <span class='ocrx_word' id='word_1_420' title='bbox 1515 4020 1727 4082; x_wconf 66' lang='grc' dir='ltr'>ἒαυτόν.</span> <span class='ocrx_word' id='word_1_421' title='bbox 1748 4028 1874 4080; x_wconf 81' lang='grc' dir='ltr'><strong>Ἐὰν</strong></span> 
     </span>
    </p>
   </div>
   <div class='ocr_carea' id='block_1_61' title="bbox 305 4114 1877 4189">
    <p class='ocr_par' dir='ltr' id='par_1_61' title="bbox 305 4114 1877 4189">
     <span class='ocr_line' id='line_1_61' title="bbox 305 4114 1877 4189; baseline 0.004 -23"><span class='ocrx_word' id='word_1_422' title='bbox 305 4116 417 4186; x_wconf 81' lang='grc' dir='ltr'>γὰρ</span> <span class='ocrx_word' id='word_1_423' title='bbox 443 4116 520 4188; x_wconf 79' lang='grc' dir='ltr'>μὴ</span> <span class='ocrx_word' id='word_1_424' title='bbox 553 4114 649 4168; x_wconf 87' lang='grc' dir='ltr'>νῦν</span> <span class='ocrx_word' id='word_1_425' title='bbox 695 4117 1144 4189; x_wconf 78' lang='grc' dir='ltr'>τιμωρησώμεθα</span> <span class='ocrx_word' id='word_1_426' title='bbox 1189 4120 1389 4184; x_wconf 79' lang='grc' dir='ltr'>αὐτοὺς</span> <span class='ocrx_word' id='word_1_427' title='bbox 1411 4119 1598 4186; x_wconf 80' lang='grc' dir='ltr'>ἀξίως,</span> <span class='ocrx_word' id='word_1_428' title='bbox 1633 4121 1728 4173; x_wconf 79' lang='grc' dir='ltr'>καὶ</span> <span class='ocrx_word' id='word_1_429' title='bbox 1755 4121 1877 4174; x_wconf 84' lang='grc' dir='ltr'>δευ-</span> 
     </span>
    </p>
   </div>
   <div class='ocr_carea' id='block_1_62' title="bbox 306 4205 1875 4280">
    <p class='ocr_par' dir='ltr' id='par_1_62' title="bbox 306 4205 1875 4280">
     <span class='ocr_line' id='line_1_62' title="bbox 306 4205 1875 4280; baseline 0.003 -22"><span class='ocrx_word' id='word_1_430' title='bbox 306 4207 476 4276; x_wconf 79' lang='grc' dir='ltr'>τέραν</span> <span class='ocrx_word' id='word_1_431' title='bbox 502 4205 725 4277; x_wconf 62' lang='grc' dir='ltr'>ἐσϐολὴν</span> <span class='ocrx_word' id='word_1_432' title='bbox 751 4211 1064 4278; x_wconf 80' lang='grc' dir='ltr'>ποιήσονται</span> <span class='ocrx_word' id='word_1_433' title='bbox 1102 4209 1199 4263; x_wconf 74' lang='grc' dir='ltr'>καὶ</span> <span class='ocrx_word' id='word_1_434' title='bbox 1230 4209 1421 4280; x_wconf 87' lang='grc' dir='ltr'>τρίτην</span> <span class='ocrx_word' id='word_1_435' title='bbox 1443 4225 1456 4241; x_wconf 79' lang='grc'><strong><em>⁸</em></strong></span> <span class='ocrx_word' id='word_1_436' title='bbox 1492 4212 1586 4264; x_wconf 83' lang='grc' dir='ltr'>καὶ</span> <span class='ocrx_word' id='word_1_437' title='bbox 1616 4211 1677 4264; x_wconf 81' lang='grc' dir='ltr'>οὐ</span> <span class='ocrx_word' id='word_1_438' title='bbox 1716 4213 1875 4280; x_wconf 84' lang='grc' dir='ltr'>μόνον</span> 
     </span>
    </p>
   </div>
   <div class='ocr_carea' id='block_1_63' title="bbox 305 4295 1875 4373">
    <p class='ocr_par' dir='ltr' id='par_1_63' title="bbox 305 4295 1875 4373">
     <span class='ocr_line' id='line_1_63' title="bbox 305 4295 1875 4373; baseline 0.004 -26"><span class='ocrx_word' id='word_1_439' title='bbox 305 4297 436 4359; x_wconf 74' lang='grc' dir='ltr'>τοὺς</span> <span class='ocrx_word' id='word_1_440' title='bbox 466 4295 576 4348; x_wconf 89' lang='grc' dir='ltr'><strong>τῶν</strong></span> <span class='ocrx_word' id='word_1_441' title='bbox 603 4297 810 4352; x_wconf 85' lang='grc' dir='ltr'>πόλεων</span> <span class='ocrx_word' id='word_1_442' title='bbox 835 4299 1038 4369; x_wconf 86' lang='grc' dir='ltr'>δήμους</span> <span class='ocrx_word' id='word_1_443' title='bbox 1057 4301 1154 4355; x_wconf 86' lang='grc' dir='ltr'><strong>ἀπ’</strong></span> <span class='ocrx_word' id='word_1_444' title='bbox 1184 4300 1492 4356; x_wconf 76' lang='grc' dir='ltr'>ἐλασσόνων</span> <span class='ocrx_word' id='word_1_445' title='bbox 1520 4304 1875 4373; x_wconf 77' lang='grc' dir='ltr'>ὁρμωμένους</span> 
     </span>
    </p>
   </div>
   <div class='ocr_carea' id='block_1_64' title="bbox 306 4389 1907 4465">
    <p class='ocr_par' dir='ltr' id='par_1_64' title="bbox 306 4389 1907 4465">
     <span class='ocr_line' id='line_1_64' title="bbox 306 4389 1907 4465; baseline 0.004 -23"><span class='ocrx_word' id='word_1_446' title='bbox 306 4390 742 4460; x_wconf 78' lang='grc' dir='ltr'>ἀποστερήσουσι</span> <span class='ocrx_word' id='word_1_447' title='bbox 771 4389 866 4443; x_wconf 60' lang='grc' dir='ltr'><strong>καί⁵</strong></span> <span class='ocrx_word' id='word_1_448' title='bbox 893 4391 1120 4456; x_wconf 82' lang='grc' dir='ltr'>τούτων,</span> <span class='ocrx_word' id='word_1_449' title='bbox 1149 4391 1286 4445; x_wconf 87' lang='grc' dir='ltr'><strong>ἀλλά</strong></span> <span class='ocrx_word' id='word_1_450' title='bbox 1327 4393 1424 4446; x_wconf 77' lang='grc' dir='ltr'>καὶ</span> <span class='ocrx_word' id='word_1_451' title='bbox 1454 4394 1602 4465; x_wconf 76' lang='grc' dir='ltr'>ἡμᾶς</span> <span class='ocrx_word' id='word_1_452' title='bbox 1631 4395 1757 4456; x_wconf 84' lang='grc' dir='ltr'>τοὺς</span> <span class='ocrx_word' id='word_1_453' title='bbox 1783 4394 1876 4448; x_wconf 84' lang='grc' dir='ltr'>δυ·</span> <span class='ocrx_word' id='word_1_454' title='bbox 1903 4413 1907 4417; x_wconf 71' lang='grc'><strong>’</strong></span> 
     </span>
    </p>
   </div>
   <div class='ocr_carea' id='block_1_65' title="bbox 307 4476 1879 4556">
    <p class='ocr_par' dir='ltr' id='par_1_65' title="bbox 307 4476 1879 4556">
     <span class='ocr_line' id='line_1_65' title="bbox 307 4476 1879 4556; baseline 0.002 -20"><span class='ocrx_word' id='word_1_455' title='bbox 307 4481 504 4544; x_wconf 81' lang='grc' dir='ltr'>νατοὺς</span> <span class='ocrx_word' id='word_1_456' title='bbox 535 4481 706 4535; x_wconf 87' lang='grc' dir='ltr'>πολλά</span> <span class='ocrx_word' id='word_1_457' title='bbox 739 4482 874 4536; x_wconf 82' lang='grc' dir='ltr'><strong>καλά</strong></span> <span class='ocrx_word' id='word_1_458' title='bbox 901 4482 1159 4553; x_wconf 84' lang='grc' dir='ltr'>κτήματα</span> <span class='ocrx_word' id='word_1_459' title='bbox 1189 4476 1417 4552; x_wconf 54' lang='grc' dir='ltr'>ἔχοντας</span> <span class='ocrx_word' id='word_1_460' title='bbox 1455 4486 1600 4539; x_wconf 83' lang='grc' dir='ltr'>κατὰ</span> <span class='ocrx_word' id='word_1_461' title='bbox 1628 4484 1729 4556; x_wconf 81' lang='grc' dir='ltr'>τὴν</span> <span class='ocrx_word' id='word_1_462' title='bbox 1772 4487 1879 4556; x_wconf 86' lang='grc' dir='ltr'><strong>χώ-</strong></span> 
     </span>
    </p>
   </div>
   <div class='ocr_carea' id='block_1_66' title="bbox 1967 1989 3548 2066">
    <p class='ocr_par' dir='ltr' id='par_1_66' title="bbox 1967 1989 3548 2066">
     <span class='ocr_line' id='line_1_66' title="bbox 1967 1989 3548 2066; baseline 0.006 -24"><span class='ocrx_word' id='word_1_463' title='bbox 1967 1998 2024 2042; x_wconf 91' lang='lat' dir='ltr'><strong>et</strong></span> <span class='ocrx_word' id='word_1_464' title='bbox 2052 1989 2334 2044; x_wconf 83' lang='lat' dir='ltr'><strong>civitatem</strong></span> <span class='ocrx_word' id='word_1_465' title='bbox 2363 1991 2616 2056; x_wconf 88' lang='lat' dir='ltr'><strong>liberam,</strong></span> <span class='ocrx_word' id='word_1_466' title='bbox 2645 2003 2700 2048; x_wconf 92' lang='lat' dir='ltr'><strong>et</strong></span> <span class='ocrx_word' id='word_1_467' title='bbox 2734 2009 2961 2063; x_wconf 85' lang='lat' dir='ltr'><strong>regnum</strong></span> <span class='ocrx_word' id='word_1_468' title='bbox 2993 1997 3115 2065; x_wconf 87' lang='lat' dir='ltr'><strong>plus</strong></span> <span class='ocrx_word' id='word_1_469' title='bbox 3143 1989 3380 2066; x_wconf 78' lang='lat' dir='ltr'><strong>privatis</strong></span> <span class='ocrx_word' id='word_1_470' title='bbox 3396 2013 3548 2052; x_wconf 85' lang='lat' dir='ltr'><strong>com-</strong></span> 
     </span>
    </p>
   </div>
   <div class='ocr_carea' id='block_1_67' title="bbox 1968 2083 3546 2157">
    <p class='ocr_par' dir='ltr' id='par_1_67' title="bbox 1968 2083 3546 2157">
     <span class='ocr_line' id='line_1_67' title="bbox 1968 2083 3546 2157; baseline 0.004 -22"><span class='ocrx_word' id='word_1_471' title='bbox 1968 2083 2343 2148; x_wconf 89' lang='lat' dir='ltr'><strong>modaturum,</strong></span> <span class='ocrx_word' id='word_1_472' title='bbox 2390 2085 2436 2140; x_wconf 87' lang='lat' dir='ltr'><strong>si</strong></span> <span class='ocrx_word' id='word_1_473' title='bbox 2502 2085 2824 2140; x_wconf 87' lang='lat' dir='ltr'><strong>universum</strong></span> <span class='ocrx_word' id='word_1_474' title='bbox 2884 2086 3011 2142; x_wconf 81' lang='lat' dir='ltr'><strong>felix</strong></span> <span class='ocrx_word' id='word_1_475' title='bbox 3064 2088 3138 2142; x_wconf 89' lang='lat' dir='ltr'><strong>sit</strong></span> <span class='ocrx_word' id='word_1_476' title='bbox 3193 2103 3259 2143; x_wconf 86' lang='lat' dir='ltr'><strong>ac</strong></span> <span class='ocrx_word' id='word_1_477' title='bbox 3304 2093 3546 2157; x_wconf 86' lang='lat' dir='ltr'><strong>beatum,</strong></span> 
     </span>
    </p>
   </div>
   <div class='ocr_carea' id='block_1_68' title="bbox 1967 2164 3545 2248">
    <p class='ocr_par' dir='ltr' id='par_1_68' title="bbox 1967 2164 3545 2248">
     <span class='ocr_line' id='line_1_68' title="bbox 1967 2164 3545 2248; baseline 0.006 -22"><span class='ocrx_word' id='word_1_478' title='bbox 1967 2164 2131 2242; x_wconf 86' lang='lat' dir='ltr'><strong>quam</strong></span> <span class='ocrx_word' id='word_1_479' title='bbox 2172 2174 2217 2228; x_wconf 93' lang='lat' dir='ltr'><strong>si</strong></span> <span class='ocrx_word' id='word_1_480' title='bbox 2246 2175 2462 2231; x_wconf 88' lang='lat' dir='ltr'><strong>civibus</strong></span> <span class='ocrx_word' id='word_1_481' title='bbox 2493 2175 2706 2231; x_wconf 85' lang='lat' dir='ltr'><strong>interea</strong></span> <span class='ocrx_word' id='word_1_482' title='bbox 2742 2176 2973 2246; x_wconf 77' lang='lat' dir='ltr'><strong>singulis</strong></span> <span class='ocrx_word' id='word_1_483' title='bbox 3021 2177 3301 2242; x_wconf 76' lang='lat' dir='ltr'><strong>felicibus,</strong></span> <span class='ocrx_word' id='word_1_484' title='bbox 3363 2179 3545 2248; x_wconf 86' lang='lat' dir='ltr'><strong>ipsum</strong></span> 
     </span>
    </p>
   </div>
   <div class='ocr_carea' id='block_1_69' title="bbox 1969 2267 3547 2342">
    <p class='ocr_par' dir='ltr' id='par_1_69' title="bbox 1969 2267 3547 2342">
     <span class='ocr_line' id='line_1_69' title="bbox 1969 2267 3547 2342; baseline 0.004 -21"><span class='ocrx_word' id='word_1_485' title='bbox 1969 2274 2145 2321; x_wconf 72' lang='lat' dir='ltr'><strong>tatum</strong></span> <span class='ocrx_word' id='word_1_486' title='bbox 2197 2267 2360 2323; x_wconf 89' lang='lat' dir='ltr'><strong>simul</strong></span> <span class='ocrx_word' id='word_1_487' title='bbox 2428 2267 2719 2339; x_wconf 81' lang='lat' dir='ltr'><strong>aﬂiigatur.</strong></span> <span class='ocrx_word' id='word_1_488' title='bbox 2774 2269 2908 2323; x_wconf 83' lang='lat' dir='ltr'><strong>Nam</strong></span> <span class='ocrx_word' id='word_1_489' title='bbox 2973 2269 3347 2326; x_wconf 86' lang='lat' dir='ltr'><strong>inlortunatus</strong></span> <span class='ocrx_word' id='word_1_490' title='bbox 3392 2273 3547 2342; x_wconf 81' lang='lat' dir='ltr'><strong>quis-</strong></span> 
     </span>
    </p>
   </div>
   <div class='ocr_carea' id='block_1_70' title="bbox 1968 2359 3542 2433">
    <p class='ocr_par' dir='ltr' id='par_1_70' title="bbox 1968 2359 3542 2433">
     <span class='ocr_line' id='line_1_70' title="bbox 1968 2359 3542 2433; baseline 0.005 -21"><span class='ocrx_word' id='word_1_491' title='bbox 1968 2363 2114 2430; x_wconf 88' lang='lat' dir='ltr'><strong>piam</strong></span> <span class='ocrx_word' id='word_1_492' title='bbox 2148 2359 2203 2414; x_wconf 90' lang='lat' dir='ltr'><strong>in</strong></span> <span class='ocrx_word' id='word_1_493' title='bbox 2263 2360 2436 2430; x_wconf 90' lang='lat' dir='ltr'><strong>patria</strong></span> <span class='ocrx_word' id='word_1_494' title='bbox 2471 2360 2748 2415; x_wconf 84' lang='lat' dir='ltr'><strong>fortunata</strong></span> <span class='ocrx_word' id='word_1_495' title='bbox 2783 2361 2994 2417; x_wconf 84' lang='lat' dir='ltr'><strong>servari</strong></span> <span class='ocrx_word' id='word_1_496' title='bbox 3042 2361 3299 2417; x_wconf 79' lang='lat' dir='ltr'><strong>facillime</strong></span> <span class='ocrx_word' id='word_1_497' title='bbox 3334 2376 3542 2433; x_wconf 77' lang='lat' dir='ltr'><strong>queat:</strong></span> 
     </span>
    </p>
   </div>
   <div class='ocr_carea' id='block_1_71' title="bbox 1969 2452 3544 2524">
    <p class='ocr_par' dir='ltr' id='par_1_71' title="bbox 1969 2452 3544 2524">
     <span class='ocr_line' id='line_1_71' title="bbox 1969 2452 3544 2524; baseline 0.001 -16"><span class='ocrx_word' id='word_1_498' title='bbox 1969 2452 2252 2509; x_wconf 82' lang='lat' dir='ltr'><strong>fortunato</strong></span> <span class='ocrx_word' id='word_1_499' title='bbox 2276 2462 2462 2508; x_wconf 89' lang='lat' dir='ltr'><strong>autem</strong></span> <span class='ocrx_word' id='word_1_500' title='bbox 2487 2454 2543 2507; x_wconf 89' lang='lat' dir='ltr'><strong>in</strong></span> <span class='ocrx_word' id='word_1_501' title='bbox 2573 2454 2749 2524; x_wconf 90' lang='lat' dir='ltr'><strong>patria</strong></span> <span class='ocrx_word' id='word_1_502' title='bbox 2791 2453 2990 2508; x_wconf 87' lang='lat' dir='ltr'><strong>misera</strong></span> <span class='ocrx_word' id='word_1_503' title='bbox 3027 2454 3390 2509; x_wconf 86' lang='lat' dir='ltr'><strong>nihilominus</strong></span> <span class='ocrx_word' id='word_1_504' title='bbox 3418 2473 3544 2511; x_wconf 87' lang='lat' dir='ltr'><strong>cum</strong></span> 
     </span>
    </p>
   </div>
   <div class='ocr_carea' id='block_1_72' title="bbox 1968 2545 3548 2618">
    <p class='ocr_par' dir='ltr' id='par_1_72' title="bbox 1968 2545 3548 2618">
     <span class='ocr_line' id='line_1_72' title="bbox 1968 2545 3548 2618; baseline 0.003 -18"><span class='ocrx_word' id='word_1_505' title='bbox 1968 2545 2092 2600; x_wconf 84' lang='lat' dir='ltr'><strong>aliis</strong></span> <span class='ocrx_word' id='word_1_506' title='bbox 2146 2546 2487 2616; x_wconf 89' lang='lat' dir='ltr'><strong>pereundum</strong></span> <span class='ocrx_word' id='word_1_507' title='bbox 2531 2557 2638 2603; x_wconf 89' lang='lat' dir='ltr'><strong>est.</strong></span> <span class='ocrx_word' id='word_1_508' title='bbox 2683 2546 2915 2612; x_wconf 86' lang='lat' dir='ltr'><strong>Quando</strong></span> <span class='ocrx_word' id='word_1_509' title='bbox 2963 2546 3130 2618; x_wconf 78' lang='lat' dir='ltr'><strong>igitur</strong></span> <span class='ocrx_word' id='word_1_510' title='bbox 3170 2549 3388 2613; x_wconf 88' lang='lat' dir='ltr'><strong>civitas,</strong></span> <span class='ocrx_word' id='word_1_511' title='bbox 3450 2558 3548 2604; x_wconf 87' lang='lat' dir='ltr'><strong>aut</strong></span> 
     </span>
    </p>
   </div>
   <div class='ocr_carea' id='block_1_73' title="bbox 1970 2639 3546 2712">
    <p class='ocr_par' dir='ltr' id='par_1_73' title="bbox 1970 2639 3546 2712">
     <span class='ocr_line' id='line_1_73' title="bbox 1970 2639 3546 2712; baseline 0.003 -21"><span class='ocrx_word' id='word_1_512' title='bbox 1970 2653 2197 2709; x_wconf 76' lang='lat' dir='ltr'><strong>rrgnum</strong></span> <span class='ocrx_word' id='word_1_513' title='bbox 2246 2653 2375 2694; x_wconf 89' lang='lat' dir='ltr'><strong>suas</strong></span> <span class='ocrx_word' id='word_1_514' title='bbox 2408 2639 2477 2693; x_wconf 90' lang='lat' dir='ltr'><strong>ab</strong></span> <span class='ocrx_word' id='word_1_515' title='bbox 2513 2653 2572 2694; x_wconf 84' lang='lat' dir='ltr'><strong>se</strong></span> <span class='ocrx_word' id='word_1_516' title='bbox 2611 2639 2956 2694; x_wconf 82' lang='lat' dir='ltr'><strong>calamitates</strong></span> <span class='ocrx_word' id='word_1_517' title='bbox 2998 2640 3294 2710; x_wconf 89' lang='lat' dir='ltr'><strong>prohibere</strong></span> <span class='ocrx_word' id='word_1_518' title='bbox 3342 2651 3546 2712; x_wconf 82' lang='lat' dir='ltr'><strong>potest,</strong></span> 
     </span>
    </p>
   </div>
   <div class='ocr_carea' id='block_1_74' title="bbox 1968 2731 3546 2804">
    <p class='ocr_par' dir='ltr' id='par_1_74' title="bbox 1968 2731 3546 2804">
     <span class='ocr_line' id='line_1_74' title="bbox 1968 2731 3546 2804; baseline 0.003 -19"><span class='ocrx_word' id='word_1_519' title='bbox 1968 2738 2026 2785; x_wconf 90' lang='lat' dir='ltr'><strong>et</strong></span> <span class='ocrx_word' id='word_1_520' title='bbox 2059 2745 2158 2800; x_wconf 89' lang='lat' dir='ltr'><strong>per</strong></span> <span class='ocrx_word' id='word_1_521' title='bbox 2190 2745 2250 2786; x_wconf 88' lang='lat' dir='ltr'><strong>se</strong></span> <span class='ocrx_word' id='word_1_522' title='bbox 2283 2731 2664 2801; x_wconf 87' lang='lat' dir='ltr'><strong>unusquisque</strong></span> <span class='ocrx_word' id='word_1_523' title='bbox 2721 2732 2976 2802; x_wconf 89' lang='lat' dir='ltr'><strong>proprias</strong></span> <span class='ocrx_word' id='word_1_524' title='bbox 3025 2749 3136 2788; x_wconf 91' lang='lat' dir='ltr'><strong>non</strong></span> <span class='ocrx_word' id='word_1_525' title='bbox 3191 2745 3394 2803; x_wconf 86' lang='lat' dir='ltr'><strong>potest,</strong></span> <span class='ocrx_word' id='word_1_526' title='bbox 3450 2735 3546 2804; x_wconf 91' lang='lat' dir='ltr'><strong>qui</strong></span> 
     </span>
    </p>
   </div>
   <div class='ocr_carea' id='block_1_75' title="bbox 1971 2822 3552 2881">
    <p class='ocr_par' dir='ltr' id='par_1_75' title="bbox 1971 2822 3552 2881">
     <span class='ocr_line' id='line_1_75' title="bbox 1971 2822 3552 2881; baseline 0.003 -5"><span class='ocrx_word' id='word_1_527' title='bbox 1971 2822 2190 2877; x_wconf 84' lang='lat' dir='ltr'><strong>tandem</strong></span> <span class='ocrx_word' id='word_1_528' title='bbox 2231 2822 2283 2877; x_wconf 90' lang='lat' dir='ltr'><strong>ci</strong></span> <span class='ocrx_word' id='word_1_529' title='bbox 2319 2837 2429 2876; x_wconf 88' lang='lat' dir='ltr'><strong>non</strong></span> <span class='ocrx_word' id='word_1_530' title='bbox 2468 2825 2618 2878; x_wconf 89' lang='lat' dir='ltr'><strong>omni</strong></span> <span class='ocrx_word' id='word_1_531' title='bbox 2670 2824 2883 2878; x_wconf 90' lang='lat' dir='ltr'><strong>ratione</strong></span> <span class='ocrx_word' id='word_1_532' title='bbox 2929 2823 2999 2879; x_wconf 87' lang='lat' dir='ltr'><strong>ab</strong></span> <span class='ocrx_word' id='word_1_533' title='bbox 3028 2824 3290 2880; x_wconf 90' lang='lat' dir='ltr'><strong>omnibus</strong></span> <span class='ocrx_word' id='word_1_534' title='bbox 3319 2841 3552 2881; x_wconf 89' lang='lat' dir='ltr'><strong>succur-</strong></span> 
     </span>
    </p>
   </div>
   <div class='ocr_carea' id='block_1_76' title="bbox 1971 2915 3551 2988">
    <p class='ocr_par' dir='ltr' id='par_1_76' title="bbox 1971 2915 3551 2988">
     <span class='ocr_line' id='line_1_76' title="bbox 1971 2915 3551 2988; baseline 0 -16"><span class='ocrx_word' id='word_1_535' title='bbox 1971 2916 2204 2972; x_wconf 87' lang='lat' dir='ltr'><strong>rendum</strong></span> <span class='ocrx_word' id='word_1_536' title='bbox 2235 2918 2362 2972; x_wconf 86' lang='lat' dir='ltr'><strong>est?</strong></span> <span class='ocrx_word' id='word_1_537' title='bbox 2385 2915 2505 2971; x_wconf 80' lang='lat' dir='ltr'><strong>Jam</strong></span> <span class='ocrx_word' id='word_1_538' title='bbox 2551 2932 2673 2988; x_wconf 68' lang='lat' dir='ltr'><strong>qua:</strong></span> <span class='ocrx_word' id='word_1_539' title='bbox 2701 2917 2995 2973; x_wconf 84' lang='lat' dir='ltr'><strong>Mcesorum</strong></span> <span class='ocrx_word' id='word_1_540' title='bbox 3031 2933 3124 2973; x_wconf 85' lang='lat' dir='ltr'><strong>rex</strong></span> <span class='ocrx_word' id='word_1_541' title='bbox 3155 2917 3456 2974; x_wconf 84' lang='lat' dir='ltr'><strong>insolenter</strong></span> <span class='ocrx_word' id='word_1_542' title='bbox 3497 2919 3551 2972; x_wconf 91' lang='lat' dir='ltr'><strong>in</strong></span> 
     </span>
    </p>
   </div>
   <div class='ocr_carea' id='block_1_77' title="bbox 1973 3009 3550 3080">
    <p class='ocr_par' dir='ltr' id='par_1_77' title="bbox 1973 3009 3550 3080">
     <span class='ocr_line' id='line_1_77' title="bbox 1973 3009 3550 3080; baseline 0.001 -16"><span class='ocrx_word' id='word_1_543' title='bbox 1973 3025 2072 3064; x_wconf 89' lang='lat' dir='ltr'><strong>nos</strong></span> <span class='ocrx_word' id='word_1_544' title='bbox 2101 3011 2412 3076; x_wconf 83' lang='lat' dir='ltr'><strong>admiserit,</strong></span> <span class='ocrx_word' id='word_1_545' title='bbox 2470 3025 2573 3065; x_wconf 91' lang='lat' dir='ltr'><strong>nec</strong></span> <span class='ocrx_word' id='word_1_546' title='bbox 2619 3025 2717 3064; x_wconf 83' lang='lat' dir='ltr'><strong>vos</strong></span> <span class='ocrx_word' id='word_1_547' title='bbox 2759 3009 2952 3080; x_wconf 87' lang='lat' dir='ltr'><strong>utique</strong></span> <span class='ocrx_word' id='word_1_548' title='bbox 3001 3009 3194 3066; x_wconf 83' lang='lat' dir='ltr'><strong>latent.</strong></span> <span class='ocrx_word' id='word_1_549' title='bbox 3248 3009 3383 3064; x_wconf 89' lang='lat' dir='ltr'><strong>Nam</strong></span> <span class='ocrx_word' id='word_1_550' title='bbox 3426 3026 3550 3065; x_wconf 90' lang='lat' dir='ltr'><strong>cum</strong></span> 
     </span>
    </p>
   </div>
   <div class='ocr_carea' id='block_1_78' title="bbox 1971 3097 3554 3168">
    <p class='ocr_par' dir='ltr' id='par_1_78' title="bbox 1971 3097 3554 3168">
     <span class='ocr_line' id='line_1_78' title="bbox 1971 3097 3554 3168; baseline -0.001 -16"><span class='ocrx_word' id='word_1_551' title='bbox 1971 3097 2260 3168; x_wconf 71' lang='lat' dir='ltr'><strong>praedones</strong></span> <span class='ocrx_word' id='word_1_552' title='bbox 2291 3097 2409 3163; x_wconf 89' lang='lat' dir='ltr'><strong>alii,</strong></span> <span class='ocrx_word' id='word_1_553' title='bbox 2441 3098 2695 3167; x_wconf 86' lang='lat' dir='ltr'><strong>quamvis</strong></span> <span class='ocrx_word' id='word_1_554' title='bbox 2719 3111 3119 3166; x_wconf 90' lang='lat' dir='ltr'><strong>nonnunquam</strong></span> <span class='ocrx_word' id='word_1_555' title='bbox 3149 3097 3317 3162; x_wconf 81' lang='lat' dir='ltr'><strong>etiam</strong></span> <span class='ocrx_word' id='word_1_556' title='bbox 3346 3108 3554 3152; x_wconf 87' lang='lat' dir='ltr'><strong>turma-</strong></span> 
     </span>
    </p>
   </div>
   <div class='ocr_carea' id='block_1_79' title="bbox 1973 3185 3554 3257">
    <p class='ocr_par' dir='ltr' id='par_1_79' title="bbox 1973 3185 3554 3257">
     <span class='ocr_line' id='line_1_79' title="bbox 1973 3185 3554 3257; baseline -0.001 -15"><span class='ocrx_word' id='word_1_557' title='bbox 1973 3189 2068 3242; x_wconf 89' lang='lat' dir='ltr'><strong>tim</strong></span> <span class='ocrx_word' id='word_1_558' title='bbox 2096 3187 2419 3257; x_wconf 87' lang='lat' dir='ltr'><strong>irruperint,</strong></span> <span class='ocrx_word' id='word_1_559' title='bbox 2445 3188 2608 3242; x_wconf 89' lang='lat' dir='ltr'><strong>simul</strong></span> <span class='ocrx_word' id='word_1_560' title='bbox 2628 3187 2694 3241; x_wconf 89' lang='lat' dir='ltr'><strong>ad</strong></span> <span class='ocrx_word' id='word_1_561' title='bbox 2715 3188 2851 3242; x_wconf 84' lang='lat' dir='ltr'><strong>lines</strong></span> <span class='ocrx_word' id='word_1_562' title='bbox 2874 3195 3265 3256; x_wconf 84' lang='lat' dir='ltr'><strong>pervenerunt,</strong></span> <span class='ocrx_word' id='word_1_563' title='bbox 3283 3196 3336 3240; x_wconf 90' lang='lat' dir='ltr'><strong>et</strong></span> <span class='ocrx_word' id='word_1_564' title='bbox 3359 3185 3554 3241; x_wconf 73' lang='lat' dir='ltr'><strong>atlcsso</strong></span> 
     </span>
    </p>
   </div>
   <div class='ocr_carea' id='block_1_80' title="bbox 1975 3277 3548 3347">
    <p class='ocr_par' dir='ltr' id='par_1_80' title="bbox 1975 3277 3548 3347">
     <span class='ocr_line' id='line_1_80' title="bbox 1975 3277 3548 3347; baseline -0.003 -12"><span class='ocrx_word' id='word_1_565' title='bbox 1975 3280 2354 3336; x_wconf 82' lang='lat' dir='ltr'><strong>animadversi</strong></span> <span class='ocrx_word' id='word_1_566' title='bbox 2386 3289 2535 3343; x_wconf 87' lang='lat' dir='ltr'><strong>sunt.</strong></span> <span class='ocrx_word' id='word_1_567' title='bbox 2573 3279 2628 3334; x_wconf 88' lang='lat' dir='ltr'><strong>in</strong></span> <span class='ocrx_word' id='word_1_568' title='bbox 2663 3279 2822 3334; x_wconf 88' lang='lat' dir='ltr'><strong>sedes</strong></span> <span class='ocrx_word' id='word_1_569' title='bbox 2855 3292 2984 3334; x_wconf 88' lang='lat' dir='ltr'><strong>suas</strong></span> <span class='ocrx_word' id='word_1_570' title='bbox 3016 3277 3266 3347; x_wconf 81' lang='lat' dir='ltr'><strong>refugere</strong></span> <span class='ocrx_word' id='word_1_571' title='bbox 3297 3278 3548 3347; x_wconf 85' lang='lat' dir='ltr'><strong>soleant;</strong></span> 
     </span>
    </p>
   </div>
   <div class='ocr_carea' id='block_1_81' title="bbox 1971 3370 3548 3443">
    <p class='ocr_par' dir='ltr' id='par_1_81' title="bbox 1971 3370 3548 3443">
     <span class='ocr_line' id='line_1_81' title="bbox 1971 3370 3548 3443; baseline -0.003 -15"><span class='ocrx_word' id='word_1_572' title='bbox 1971 3372 2074 3429; x_wconf 87' lang='lat' dir='ltr'><strong>iste</strong></span> <span class='ocrx_word' id='word_1_573' title='bbox 2105 3373 2334 3443; x_wconf 84' lang='lat' dir='ltr'><strong>perinde</strong></span> <span class='ocrx_word' id='word_1_574' title='bbox 2365 3371 2522 3443; x_wconf 89' lang='lat' dir='ltr'><strong>quasi</strong></span> <span class='ocrx_word' id='word_1_575' title='bbox 2553 3387 2663 3426; x_wconf 91' lang='lat' dir='ltr'><strong>non</strong></span> <span class='ocrx_word' id='word_1_576' title='bbox 2695 3371 2751 3428; x_wconf 89' lang='lat' dir='ltr'><strong>in</strong></span> <span class='ocrx_word' id='word_1_577' title='bbox 2780 3371 3046 3435; x_wconf 88' lang='lat' dir='ltr'><strong>hostium,</strong></span> <span class='ocrx_word' id='word_1_578' title='bbox 3077 3370 3173 3426; x_wconf 85' lang='lat' dir='ltr'><strong>sed</strong></span> <span class='ocrx_word' id='word_1_579' title='bbox 3207 3371 3265 3426; x_wconf 89' lang='lat' dir='ltr'><strong>in</strong></span> <span class='ocrx_word' id='word_1_580' title='bbox 3297 3370 3412 3426; x_wconf 89' lang='lat' dir='ltr'><strong>suis</strong></span> <span class='ocrx_word' id='word_1_581' title='bbox 3438 3382 3548 3426; x_wconf 36' lang='lat' dir='ltr'><strong>tera</strong></span> 
     </span>
    </p>
   </div>
   <div class='ocr_carea' id='block_1_82' title="bbox 1971 3463 3556 3534">
    <p class='ocr_par' dir='ltr' id='par_1_82' title="bbox 1971 3463 3556 3534">
     <span class='ocr_line' id='line_1_82' title="bbox 1971 3463 3556 3534; baseline -0.001 -14"><span class='ocrx_word' id='word_1_582' title='bbox 1971 3465 2048 3521; x_wconf 85' lang='lat' dir='ltr'><strong>ris</strong></span> <span class='ocrx_word' id='word_1_583' title='bbox 2077 3465 2308 3520; x_wconf 86' lang='lat' dir='ltr'><strong>haberet</strong></span> <span class='ocrx_word' id='word_1_584' title='bbox 2338 3464 2444 3519; x_wconf 90' lang='lat' dir='ltr'><strong>sub</strong></span> <span class='ocrx_word' id='word_1_585' title='bbox 2478 3464 2652 3534; x_wconf 79' lang='lat' dir='ltr'><strong>signis</strong></span> <span class='ocrx_word' id='word_1_586' title='bbox 2681 3463 3012 3526; x_wconf 82' lang='lat' dir='ltr'><strong>exercitum,</strong></span> <span class='ocrx_word' id='word_1_587' title='bbox 3043 3463 3197 3518; x_wconf 90' lang='lat' dir='ltr'><strong>nullo</strong></span> <span class='ocrx_word' id='word_1_588' title='bbox 3229 3473 3378 3524; x_wconf 88' lang='lat' dir='ltr'><strong>metu</strong></span> <span class='ocrx_word' id='word_1_589' title='bbox 3417 3463 3556 3518; x_wconf 81' lang='lat' dir='ltr'><strong>ﬁnes</strong></span> 
     </span>
    </p>
   </div>
   <div class='ocr_carea' id='block_1_83' title="bbox 1971 3556 3554 3625">
    <p class='ocr_par' dir='ltr' id='par_1_83' title="bbox 1971 3556 3554 3625">
     <span class='ocr_line' id='line_1_83' title="bbox 1971 3556 3554 3625; baseline -0.002 -13"><span class='ocrx_word' id='word_1_590' title='bbox 1971 3567 2194 3613; x_wconf 90' lang='lat' dir='ltr'><strong>nostros</strong></span> <span class='ocrx_word' id='word_1_591' title='bbox 2259 3556 2461 3612; x_wconf 88' lang='lat' dir='ltr'><strong>insedit</strong></span> <span class='ocrx_word' id='word_1_592' title='bbox 2539 3556 2737 3612; x_wconf 88' lang='lat' dir='ltr'><strong>diebus</strong></span> <span class='ocrx_word' id='word_1_593' title='bbox 2791 3556 3082 3611; x_wconf 80' lang='lat' dir='ltr'><strong>duodecim</strong></span> <span class='ocrx_word' id='word_1_594' title='bbox 3155 3556 3306 3625; x_wconf 83' lang='lat' dir='ltr'><strong>agris</strong></span> <span class='ocrx_word' id='word_1_595' title='bbox 3378 3571 3554 3624; x_wconf 85' lang='lat' dir='ltr'><strong>usque</strong></span> 
     </span>
    </p>
   </div>
   <div class='ocr_carea' id='block_1_84' title="bbox 1973 3647 3555 3721">
    <p class='ocr_par' dir='ltr' id='par_1_84' title="bbox 1973 3647 3555 3721">
     <span class='ocr_line' id='line_1_84' title="bbox 1973 3647 3555 3721; baseline -0.004 -16"><span class='ocrx_word' id='word_1_596' title='bbox 1973 3649 2196 3714; x_wconf 82' lang='lat' dir='ltr'><strong>Beram,</strong></span> <span class='ocrx_word' id='word_1_597' title='bbox 2232 3647 2394 3721; x_wconf 62' lang='grc' dir='ltr'><strong>ιιι</strong></span> <span class='ocrx_word' id='word_1_598' title='bbox 2425 3659 2482 3704; x_wconf 86' lang='lat' dir='ltr'><strong>et</strong></span> <span class='ocrx_word' id='word_1_599' title='bbox 2507 3647 2894 3719; x_wconf 86' lang='lat' dir='ltr'><strong>Trajanopolin</strong></span> <span class='ocrx_word' id='word_1_600' title='bbox 2931 3647 3409 3717; x_wconf 85' lang='lat' dir='ltr'><strong>depopulationem</strong></span> <span class='ocrx_word' id='word_1_601' title='bbox 3453 3647 3555 3700; x_wconf 87' lang='lat' dir='ltr'><strong>ho-</strong></span> 
     </span>
    </p>
   </div>
   <div class='ocr_carea' id='block_1_85' title="bbox 1973 3741 3554 3812">
    <p class='ocr_par' dir='ltr' id='par_1_85' title="bbox 1973 3741 3554 3812">
     <span class='ocr_line' id='line_1_85' title="bbox 1973 3741 3554 3812; baseline -0.001 -13"><span class='ocrx_word' id='word_1_602' title='bbox 1973 3744 2173 3800; x_wconf 88' lang='lat' dir='ltr'><strong>stiliter</strong></span> <span class='ocrx_word' id='word_1_603' title='bbox 2197 3743 2407 3797; x_wconf 90' lang='lat' dir='ltr'><strong>intulit.</strong></span> <span class='ocrx_word' id='word_1_604' title='bbox 2430 3741 2589 3806; x_wconf 86' lang='lat' dir='ltr'><strong>Quod</strong></span> <span class='ocrx_word' id='word_1_605' title='bbox 2629 3743 2675 3796; x_wconf 90' lang='lat' dir='ltr'><strong>si</strong></span> <span class='ocrx_word' id='word_1_606' title='bbox 2704 3741 2833 3812; x_wconf 80' lang='lat' dir='ltr'><strong>quis</strong></span> <span class='ocrx_word' id='word_1_607' title='bbox 2860 3749 3040 3811; x_wconf 87' lang='lat' dir='ltr'><strong>putat,</strong></span> <span class='ocrx_word' id='word_1_608' title='bbox 3066 3741 3196 3810; x_wconf 86' lang='lat' dir='ltr'><strong>quia</strong></span> <span class='ocrx_word' id='word_1_609' title='bbox 3233 3757 3292 3796; x_wconf 89' lang='lat' dir='ltr'><strong>re</strong></span> <span class='ocrx_word' id='word_1_610' title='bbox 3333 3745 3554 3812; x_wconf 84' lang='lat' dir='ltr'><strong>provisa</strong></span> 
     </span>
    </p>
   </div>
   <div class='ocr_carea' id='block_1_86' title="bbox 1974 3835 3557 3906">
    <p class='ocr_par' dir='ltr' id='par_1_86' title="bbox 1974 3835 3557 3906">
     <span class='ocr_line' id='line_1_86' title="bbox 1974 3835 3557 3906; baseline 0 -16"><span class='ocrx_word' id='word_1_611' title='bbox 1974 3844 2218 3906; x_wconf 84' lang='lat' dir='ltr'><strong>agrestes</strong></span> <span class='ocrx_word' id='word_1_612' title='bbox 2249 3849 2308 3890; x_wconf 88' lang='lat' dir='ltr'><strong>se</strong></span> <span class='ocrx_word' id='word_1_613' title='bbox 2340 3850 2465 3890; x_wconf 88' lang='lat' dir='ltr'><strong>cum</strong></span> <span class='ocrx_word' id='word_1_614' title='bbox 2511 3835 2826 3905; x_wconf 85' lang='lat' dir='ltr'><strong>pecoribus,</strong></span> <span class='ocrx_word' id='word_1_615' title='bbox 2869 3835 3110 3890; x_wconf 85' lang='lat' dir='ltr'><strong>castellis</strong></span> <span class='ocrx_word' id='word_1_616' title='bbox 3135 3845 3299 3905; x_wconf 87' lang='lat' dir='ltr'><strong>atque</strong></span> <span class='ocrx_word' id='word_1_617' title='bbox 3329 3835 3557 3890; x_wconf 84' lang='lat' dir='ltr'><strong>urbibus</strong></span> 
     </span>
    </p>
   </div>
   <div class='ocr_carea' id='block_1_87' title="bbox 1976 3926 3554 3996">
    <p class='ocr_par' dir='ltr' id='par_1_87' title="bbox 1976 3926 3554 3996">
     <span class='ocr_line' id='line_1_87' title="bbox 1976 3926 3554 3996; baseline -0.001 -13"><span class='ocrx_word' id='word_1_618' title='bbox 1976 3927 2326 3991; x_wconf 88' lang='lat' dir='ltr'><strong>incluserint,</strong></span> <span class='ocrx_word' id='word_1_619' title='bbox 2364 3926 2551 3981; x_wconf 88' lang='lat' dir='ltr'><strong>minus</strong></span> <span class='ocrx_word' id='word_1_620' title='bbox 2589 3927 2912 3983; x_wconf 88' lang='lat' dir='ltr'><strong>detrimenti</strong></span> <span class='ocrx_word' id='word_1_621' title='bbox 2940 3937 3225 3996; x_wconf 86' lang='lat' dir='ltr'><strong>acceptum</strong></span> <span class='ocrx_word' id='word_1_622' title='bbox 3243 3941 3365 3982; x_wconf 82' lang='lat' dir='ltr'><strong>esse</strong></span> <span class='ocrx_word' id='word_1_623' title='bbox 3391 3942 3554 3996; x_wconf 88' lang='lat' dir='ltr'><strong>quam</strong></span> 
     </span>
    </p>
   </div>
   <div class='ocr_carea' id='block_1_88' title="bbox 1975 4018 3554 4093">
    <p class='ocr_par' dir='ltr' id='par_1_88' title="bbox 1975 4018 3554 4093">
     <span class='ocr_line' id='line_1_88' title="bbox 1975 4018 3554 4093; baseline -0.003 -19"><span class='ocrx_word' id='word_1_624' title='bbox 1975 4021 2268 4093; x_wconf 84' lang='lat' dir='ltr'><strong>potuisset,</strong></span> <span class='ocrx_word' id='word_1_625' title='bbox 2297 4030 2354 4076; x_wconf 88' lang='lat' dir='ltr'><strong>et</strong></span> <span class='ocrx_word' id='word_1_626' title='bbox 2387 4019 2600 4074; x_wconf 89' lang='lat' dir='ltr'><strong>idcirco</strong></span> <span class='ocrx_word' id='word_1_627' title='bbox 2636 4019 2919 4074; x_wconf 87' lang='lat' dir='ltr'><strong>tolerabile</strong></span> <span class='ocrx_word' id='word_1_628' title='bbox 2937 4018 3136 4085; x_wconf 84' lang='lat' dir='ltr'><strong>videri,</strong></span> <span class='ocrx_word' id='word_1_629' title='bbox 3157 4035 3240 4074; x_wconf 68' lang='lat' dir='ltr'><strong>nm</strong></span> <span class='ocrx_word' id='word_1_630' title='bbox 3262 4019 3354 4075; x_wconf 89' lang='lat' dir='ltr'><strong>ille</strong></span> <span class='ocrx_word' id='word_1_631' title='bbox 3388 4022 3554 4072; x_wconf 75' lang='lat' dir='ltr'><strong>velin-</strong></span> 
     </span>
    </p>
   </div>
   <div class='ocr_carea' id='block_1_89' title="bbox 1982 4111 3558 4180">
    <p class='ocr_par' dir='ltr' id='par_1_89' title="bbox 1982 4111 3558 4180">
     <span class='ocr_line' id='line_1_89' title="bbox 1982 4111 3558 4180; baseline -0.003 -11"><span class='ocrx_word' id='word_1_632' title='bbox 1982 4123 2202 4169; x_wconf 90' lang='lat' dir='ltr'><strong>menter</strong></span> <span class='ocrx_word' id='word_1_633' title='bbox 2236 4121 2408 4167; x_wconf 90' lang='lat' dir='ltr'><strong>errat.</strong></span> <span class='ocrx_word' id='word_1_634' title='bbox 2440 4111 2555 4166; x_wconf 76' lang='lat' dir='ltr'><strong>Nisi</strong></span> <span class='ocrx_word' id='word_1_635' title='bbox 2587 4126 2736 4166; x_wconf 89' lang='lat' dir='ltr'><strong>nunc</strong></span> <span class='ocrx_word' id='word_1_636' title='bbox 2767 4127 2863 4167; x_wconf 90' lang='lat' dir='ltr'><strong>eos</strong></span> <span class='ocrx_word' id='word_1_637' title='bbox 2895 4125 2992 4180; x_wconf 89' lang='lat' dir='ltr'><strong>pro</strong></span> <span class='ocrx_word' id='word_1_638' title='bbox 3039 4125 3108 4165; x_wconf 92' lang='lat' dir='ltr'><strong>eo</strong></span> <span class='ocrx_word' id='word_1_639' title='bbox 3157 4125 3222 4165; x_wconf 88' lang='lat' dir='ltr'><strong>ac</strong></span> <span class='ocrx_word' id='word_1_640' title='bbox 3276 4121 3558 4165; x_wconf 70' lang='lat' dir='ltr'><strong>merentur</strong></span> 
     </span>
    </p>
   </div>
   <div class='ocr_carea' id='block_1_90' title="bbox 1975 4203 3558 4278">
    <p class='ocr_par' dir='ltr' id='par_1_90' title="bbox 1975 4203 3558 4278">
     <span class='ocr_line' id='line_1_90' title="bbox 1975 4203 3558 4278; baseline -0.001 -19"><span class='ocrx_word' id='word_1_641' title='bbox 1975 4205 2383 4278; x_wconf 83' lang='lat' dir='ltr'><strong>puniverimus,</strong></span> <span class='ocrx_word' id='word_1_642' title='bbox 2411 4206 2613 4257; x_wconf 88' lang='lat' dir='ltr'><strong>iterum</strong></span> <span class='ocrx_word' id='word_1_643' title='bbox 2644 4219 2708 4258; x_wconf 82' lang='lat' dir='ltr'><strong>ac</strong></span> <span class='ocrx_word' id='word_1_644' title='bbox 2745 4203 2968 4257; x_wconf 86' lang='lat' dir='ltr'><strong>tertium</strong></span> <span class='ocrx_word' id='word_1_645' title='bbox 3001 4203 3306 4272; x_wconf 89' lang='lat' dir='ltr'><strong>irrumpent</strong></span> <span class='ocrx_word' id='word_1_646' title='bbox 3337 4220 3351 4256; x_wconf 88' lang='lat'><strong>:</strong></span> <span class='ocrx_word' id='word_1_647' title='bbox 3378 4217 3558 4269; x_wconf 79' lang='lat' dir='ltr'><strong>neque</strong></span> 
     </span>
    </p>
   </div>
   <div class='ocr_carea' id='block_1_91' title="bbox 1977 4293 3554 4364">
    <p class='ocr_par' dir='ltr' id='par_1_91' title="bbox 1977 4293 3554 4364">
     <span class='ocr_line' id='line_1_91' title="bbox 1977 4293 3554 4364; baseline -0.004 -10"><span class='ocrx_word' id='word_1_648' title='bbox 1977 4297 2156 4354; x_wconf 85' lang='lat' dir='ltr'><strong>solum</strong></span> <span class='ocrx_word' id='word_1_649' title='bbox 2195 4296 2478 4351; x_wconf 89' lang='lat' dir='ltr'><strong>tenuiores</strong></span> <span class='ocrx_word' id='word_1_650' title='bbox 2513 4295 2663 4349; x_wconf 81' lang='lat' dir='ltr'><strong>cives</strong></span> <span class='ocrx_word' id='word_1_651' title='bbox 2692 4295 2808 4348; x_wconf 86' lang='lat' dir='ltr'><strong>suis</strong></span> <span class='ocrx_word' id='word_1_652' title='bbox 2833 4293 3188 4348; x_wconf 80' lang='lat' dir='ltr'><strong>facultatibus</strong></span> <span class='ocrx_word' id='word_1_653' title='bbox 3210 4295 3554 4364; x_wconf 81' lang='lat' dir='ltr'><strong>spoliatmnt;</strong></span> 
     </span>
    </p>
   </div>
   <div class='ocr_carea' id='block_1_92' title="bbox 1977 4385 3560 4458">
    <p class='ocr_par' dir='ltr' id='par_1_92' title="bbox 1977 4385 3560 4458">
     <span class='ocr_line' id='line_1_92' title="bbox 1977 4385 3560 4458; baseline -0.004 -12"><span class='ocrx_word' id='word_1_654' title='bbox 1977 4390 2071 4446; x_wconf 87' lang='lat' dir='ltr'><strong>sed</strong></span> <span class='ocrx_word' id='word_1_655' title='bbox 2108 4403 2209 4444; x_wconf 86' lang='lat' dir='ltr'><strong>nos</strong></span> <span class='ocrx_word' id='word_1_656' title='bbox 2243 4402 2466 4458; x_wconf 87' lang='lat' dir='ltr'><strong>quoque</strong></span> <span class='ocrx_word' id='word_1_657' title='bbox 2496 4386 2816 4456; x_wconf 84' lang='lat' dir='ltr'><strong>opulentos.</strong></span> <span class='ocrx_word' id='word_1_658' title='bbox 2849 4385 2942 4455; x_wconf 80' lang='lat' dir='ltr'><strong>qui</strong></span> <span class='ocrx_word' id='word_1_659' title='bbox 2989 4385 3192 4439; x_wconf 88' lang='lat' dir='ltr'><strong>multas</strong></span> <span class='ocrx_word' id='word_1_660' title='bbox 3223 4399 3289 4438; x_wconf 90' lang='lat' dir='ltr'><strong>ac</strong></span> <span class='ocrx_word' id='word_1_661' title='bbox 3343 4385 3560 4440; x_wconf 86' lang='lat' dir='ltr'><strong>nobiles</strong></span> 
     </span>
    </p>
   </div>
   <div class='ocr_carea' id='block_1_93' title="bbox 1981 4477 3560 4551">
    <p class='ocr_par' dir='ltr' id='par_1_93' title="bbox 1981 4477 3560 4551">
     <span class='ocr_line' id='line_1_93' title="bbox 1981 4477 3560 4551; baseline -0.002 -14"><span class='ocrx_word' id='word_1_662' title='bbox 1981 4493 2092 4537; x_wconf 80' lang='lat' dir='ltr'><strong>tcta</strong></span> <span class='ocrx_word' id='word_1_663' title='bbox 2145 4481 2370 4551; x_wconf 86' lang='lat' dir='ltr'><strong>regione</strong></span> <span class='ocrx_word' id='word_1_664' title='bbox 2407 4479 2788 4550; x_wconf 86' lang='lat' dir='ltr'><strong>possessiones</strong></span> <span class='ocrx_word' id='word_1_665' title='bbox 2838 4479 3142 4544; x_wconf 88' lang='lat' dir='ltr'><strong>habemus,</strong></span> <span class='ocrx_word' id='word_1_666' title='bbox 3189 4477 3405 4533; x_wconf 88' lang='lat' dir='ltr'><strong>damnis</strong></span> <span class='ocrx_word' id='word_1_667' title='bbox 3449 4494 3560 4534; x_wconf 89' lang='lat' dir='ltr'><strong>non</strong></span> 
     </span>
    </p>
   </div>
   <div class='ocr_carea' id='block_1_94' title="bbox 312 4557 1871 4649">
    <p class='ocr_par' dir='ltr' id='par_1_94' title="bbox 312 4573 1871 4649">
     <span class='ocr_line' id='line_1_94' title="bbox 312 4573 1871 4649; baseline 0.003 -22"><span class='ocrx_word' id='word_1_668' title='bbox 312 4590 416 4644; x_wconf 84' lang='grc' dir='ltr'><strong>ραν</strong></span> <span class='ocrx_word' id='word_1_669' title='bbox 450 4573 793 4644; x_wconf 78' lang='grc' dir='ltr'>ζημιώσουσι</span> <span class='ocrx_word' id='word_1_670' title='bbox 850 4573 1042 4628; x_wconf 80' lang='grc' dir='ltr'>πολλὰ.</span> <span class='ocrx_word' id='word_1_671' title='bbox 1076 4573 1169 4627; x_wconf 80' lang='grc' dir='ltr'><strong>Διὸ</strong></span> <span class='ocrx_word' id='word_1_672' title='bbox 1212 4573 1278 4645; x_wconf 79' lang='grc' dir='ltr'>δὴ</span> <span class='ocrx_word' id='word_1_673' title='bbox 1317 4575 1412 4629; x_wconf 80' lang='grc' dir='ltr'>καὶ</span> <span class='ocrx_word' id='word_1_674' title='bbox 1441 4578 1694 4645; x_wconf 83' lang='grc' dir='ltr'>παραινῶ</span> <span class='ocrx_word' id='word_1_675' title='bbox 1726 4578 1871 4649; x_wconf 79' lang='grc' dir='ltr'>ὑμῖν,</span> 
     </span>
    </p>
   </div>
   <div class='ocr_carea' id='block_1_95' title="bbox 1972 4557 3556 4649">
    <p class='ocr_par' dir='ltr' id='par_1_95' title="bbox 1983 4571 3556 4645">
     <span class='ocr_line' id='line_1_95' title="bbox 1983 4571 3556 4645; baseline -0.003 -16"><span class='ocrx_word' id='word_1_676' title='bbox 1983 4573 2461 4645; x_wconf 90' lang='lat' dir='ltr'><strong>qualibuscunque</strong></span> <span class='ocrx_word' id='word_1_677' title='bbox 2505 4571 2767 4629; x_wconf 67' lang='lat' dir='ltr'><strong>adicient.</strong></span> <span class='ocrx_word' id='word_1_678' title='bbox 2801 4571 3170 4640; x_wconf 87' lang='lat' dir='ltr'><strong>Quamobrem</strong></span> <span class='ocrx_word' id='word_1_679' title='bbox 3208 4573 3398 4626; x_wconf 86' lang='lat' dir='ltr'><strong>hortor</strong></span> <span class='ocrx_word' id='word_1_680' title='bbox 3437 4585 3556 4636; x_wconf 86' lang='lat' dir='ltr'><strong>vos,</strong></span> 
     </span>
    </p>
   </div>
   <div class='ocr_carea' id='block_1_96' title="bbox 308 4665 1878 4737">
    <p class='ocr_par' dir='ltr' id='par_1_96' title="bbox 308 4665 1878 4737">
     <span class='ocr_line' id='line_1_96' title="bbox 308 4665 1878 4737; baseline 0.002 -19"><span class='ocrx_word' id='word_1_681' title='bbox 308 4666 478 4734; x_wconf 76' lang='grc' dir='ltr'>ὁμόσε</span> <span class='ocrx_word' id='word_1_682' title='bbox 520 4666 718 4736; x_wconf 78' lang='grc' dir='ltr'>χωρεῖν</span> <span class='ocrx_word' id='word_1_683' title='bbox 749 4665 863 4726; x_wconf 81' lang='grc' dir='ltr'>τοῖς</span> <span class='ocrx_word' id='word_1_684' title='bbox 917 4665 1219 4737; x_wconf 84' lang='grc' dir='ltr'>πολεμίοις,</span> <span class='ocrx_word' id='word_1_685' title='bbox 1257 4665 1334 4736; x_wconf 80' lang='grc' dir='ltr'>μὴ</span> <span class='ocrx_word' id='word_1_686' title='bbox 1373 4666 1686 4736; x_wconf 84' lang='grc' dir='ltr'>φρονήματι</span> <span class='ocrx_word' id='word_1_687' title='bbox 1717 4669 1878 4737; x_wconf 83' lang='grc' dir='ltr'>μόνον</span> 
     </span>
    </p>
   </div>
   <div class='ocr_carea' id='block_1_97' title="bbox 308 4756 1876 4828">
    <p class='ocr_par' dir='ltr' id='par_1_97' title="bbox 308 4756 1876 4828">
     <span class='ocr_line' id='line_1_97' title="bbox 308 4756 1876 4828; baseline 0.002 -18"><span class='ocrx_word' id='word_1_688' title='bbox 308 4759 420 4810; x_wconf 83' lang='grc' dir='ltr'><strong>τῶν</strong></span> <span class='ocrx_word' id='word_1_689' title='bbox 443 4757 744 4827; x_wconf 83' lang='grc' dir='ltr'>προγόνων,</span> <span class='ocrx_word' id='word_1_690' title='bbox 775 4756 909 4810; x_wconf 87' lang='grc' dir='ltr'><strong>ἀλλά</strong></span> <span class='ocrx_word' id='word_1_691' title='bbox 939 4759 1035 4812; x_wconf 79' lang='grc' dir='ltr'>καὶ</span> <span class='ocrx_word' id='word_1_692' title='bbox 1055 4757 1514 4827; x_wconf 76' lang='grc' dir='ltr'>καταφρονήματι</span> <span class='ocrx_word' id='word_1_693' title='bbox 1537 4760 1876 4828; x_wconf 69' lang='grc' dir='ltr'>χρεομένους.</span> 
     </span>
    </p>
   </div>
   <div class='ocr_carea' id='block_1_98' title="bbox 324 4848 1879 4919">
    <p class='ocr_par' dir='ltr' id='par_1_98' title="bbox 324 4848 1879 4919">
     <span class='ocr_line' id='line_1_98' title="bbox 324 4848 1879 4919; baseline -0.001 -16"><span class='ocrx_word' id='word_1_694' title='bbox 324 4848 554 4903; x_wconf 78' lang='grc' dir='ltr'>Ἐκεῖνοι</span> <span class='ocrx_word' id='word_1_695' title='bbox 584 4864 643 4902; x_wconf 90' lang='grc' dir='ltr'><strong>τε</strong></span> <span class='ocrx_word' id='word_1_696' title='bbox 672 4849 782 4918; x_wconf 84' lang='grc' dir='ltr'><strong>γὰρ</strong></span> <span class='ocrx_word' id='word_1_697' title='bbox 810 4849 876 4902; x_wconf 72' lang='grc' dir='ltr'>ἐκ</span> <span class='ocrx_word' id='word_1_698' title='bbox 906 4849 1001 4902; x_wconf 83' lang='grc' dir='ltr'><strong>τοῦ</strong></span> <span class='ocrx_word' id='word_1_699' title='bbox 1032 4849 1119 4902; x_wconf 75' lang='grc' dir='ltr'>ἀεὶ</span> <span class='ocrx_word' id='word_1_700' title='bbox 1145 4850 1303 4919; x_wconf 79' lang='grc' dir='ltr'>νικᾷν</span> <span class='ocrx_word' id='word_1_701' title='bbox 1337 4849 1465 4913; x_wconf 82' lang='grc' dir='ltr'>τοὺς</span> <span class='ocrx_word' id='word_1_702' title='bbox 1485 4850 1728 4914; x_wconf 79' lang='grc' dir='ltr'>Μυσοὺς,</span> <span class='ocrx_word' id='word_1_703' title='bbox 1749 4852 1879 4918; x_wconf 83' lang='grc' dir='ltr'><strong>ὲχυ-</strong></span> 
     </span>
    </p>
   </div>
   <div class='ocr_carea' id='block_1_99' title="bbox 313 4939 1878 5012">
    <p class='ocr_par' dir='ltr' id='par_1_99' title="bbox 313 4939 1878 5012">
     <span class='ocr_line' id='line_1_99' title="bbox 313 4939 1878 5012; baseline -0.001 -18"><span class='ocrx_word' id='word_1_704' title='bbox 313 4941 559 5012; x_wconf 79' lang='grc' dir='ltr'>ρωτέραν</span> <span class='ocrx_word' id='word_1_705' title='bbox 585 4939 799 5010; x_wconf 71' lang='grc' dir='ltr'>ἔχοντες</span> <span class='ocrx_word' id='word_1_706' title='bbox 823 4939 924 5010; x_wconf 76' lang='grc' dir='ltr'>τὴν</span> <span class='ocrx_word' id='word_1_707' title='bbox 970 4939 1196 5009; x_wconf 86' lang='grc' dir='ltr'>τόλμαν,</span> <span class='ocrx_word' id='word_1_708' title='bbox 1233 4939 1722 5010; x_wconf 81' lang='grc' dir='ltr'>καταφρονητικῶς</span> <span class='ocrx_word' id='word_1_709' title='bbox 1743 4940 1878 5011; x_wconf 73' lang='grc' dir='ltr'><strong>ἐπῄ-</strong></span> 
     </span>
    </p>
   </div>
   <div class='ocr_carea' id='block_1_100' title="bbox 310 5030 1881 5102">
    <p class='ocr_par' dir='ltr' id='par_1_100' title="bbox 310 5030 1881 5102">
     <span class='ocr_line' id='line_1_100' title="bbox 310 5030 1881 5102; baseline -0.001 -15"><span class='ocrx_word' id='word_1_710' title='bbox 310 5050 444 5087; x_wconf 78' lang='grc' dir='ltr'>εσαν</span> <span class='ocrx_word' id='word_1_711' title='bbox 479 5033 682 5097; x_wconf 81' lang='grc' dir='ltr'>αὐτοῖς,</span> <span class='ocrx_word' id='word_1_712' title='bbox 717 5032 813 5086; x_wconf 77' lang='grc' dir='ltr'>καὶ</span> <span class='ocrx_word' id='word_1_713' title='bbox 839 5032 973 5102; x_wconf 74' lang='grc' dir='ltr'>ἡμῖν</span> <span class='ocrx_word' id='word_1_714' title='bbox 1005 5031 1102 5085; x_wconf 69' lang='grc' dir='ltr'><strong>ἐὰν</strong></span> <span class='ocrx_word' id='word_1_715' title='bbox 1147 5030 1247 5100; x_wconf 82' lang='grc' dir='ltr'>τῆς</span> <span class='ocrx_word' id='word_1_716' title='bbox 1289 5030 1514 5084; x_wconf 76' lang='grc' dir='ltr'>ἐκείνων</span> <span class='ocrx_word' id='word_1_717' title='bbox 1544 5032 1746 5102; x_wconf 86' lang='grc' dir='ltr'>ἀρετῆς</span> <span class='ocrx_word' id='word_1_718' title='bbox 1784 5034 1881 5085; x_wconf 81' lang='grc' dir='ltr'>καὶ</span> 
     </span>
    </p>
   </div>
   <div class='ocr_carea' id='block_1_101' title="bbox 311 5121 1883 5197">
    <p class='ocr_par' dir='ltr' id='par_1_101' title="bbox 311 5121 1883 5197">
     <span class='ocr_line' id='line_1_101' title="bbox 311 5121 1883 5197; baseline -0.001 -19"><span class='ocrx_word' id='word_1_719' title='bbox 311 5125 620 5197; x_wconf 80' lang='grc' dir='ltr'>προθυμίας</span> <span class='ocrx_word' id='word_1_720' title='bbox 646 5121 905 5194; x_wconf 82' lang='grc' dir='ltr'>φανῶμεν</span> <span class='ocrx_word' id='word_1_721' title='bbox 937 5121 1199 5191; x_wconf 76' lang='grc' dir='ltr'>ζηλωταὶ,</span> <span class='ocrx_word' id='word_1_722' title='bbox 1230 5123 1293 5176; x_wconf 79' lang='grc' dir='ltr'><strong>τὸ</strong></span> <span class='ocrx_word' id='word_1_723' title='bbox 1320 5122 1453 5176; x_wconf 76' lang='grc' dir='ltr'>αὐτὸ</span> <span class='ocrx_word' id='word_1_724' title='bbox 1476 5123 1883 5194; x_wconf 75' lang='grc' dir='ltr'>ὲξέσται.⁹Εχο-</span> 
     </span>
    </p>
   </div>
   <div class='ocr_carea' id='block_1_102' title="bbox 315 5215 1880 5290">
    <p class='ocr_par' dir='ltr' id='par_1_102' title="bbox 315 5215 1880 5290">
     <span class='ocr_line' id='line_1_102' title="bbox 315 5215 1880 5290; baseline -0.002 -18"><span class='ocrx_word' id='word_1_725' title='bbox 315 5237 416 5290; x_wconf 85' lang='grc' dir='ltr'><strong>μεν</strong></span> <span class='ocrx_word' id='word_1_726' title='bbox 443 5217 503 5272; x_wconf 82' lang='grc' dir='ltr'>δὲ</span> <span class='ocrx_word' id='word_1_727' title='bbox 524 5217 621 5271; x_wconf 84' lang='grc' dir='ltr'>καὶ</span> <span class='ocrx_word' id='word_1_728' title='bbox 649 5215 819 5268; x_wconf 86' lang='grc' dir='ltr'>πολλά</span> <span class='ocrx_word' id='word_1_729' title='bbox 843 5215 1078 5284; x_wconf 71' lang='grc' dir='ltr'>ἐνέχυρα</span> <span class='ocrx_word' id='word_1_730' title='bbox 1098 5215 1332 5284; x_wconf 66' lang='grc' dir='ltr'>’ἀσφαλῆ</span> <span class='ocrx_word' id='word_1_731' title='bbox 1370 5215 1463 5268; x_wconf 84' lang='grc' dir='ltr'>τοῦ</span> <span class='ocrx_word' id='word_1_732' title='bbox 1492 5216 1880 5285; x_wconf 78' lang='grc' dir='ltr'>περιγενέσθαι</span> 
     </span>
    </p>
   </div>
   <div class='ocr_carea' id='block_1_103' title="bbox 315 5305 1882 5378">
    <p class='ocr_par' dir='ltr' id='par_1_103' title="bbox 315 5305 1882 5378">
     <span class='ocr_line' id='line_1_103' title="bbox 315 5305 1882 5378; baseline -0.001 -14"><span class='ocrx_word' id='word_1_733' title='bbox 315 5312 384 5365; x_wconf 78' lang='grc' dir='ltr'>ἂν</span> <span class='ocrx_word' id='word_1_734' title='bbox 404 5310 586 5364; x_wconf 83' lang='grc' dir='ltr'>αὐτῶν</span> <span class='ocrx_word' id='word_1_735' title='bbox 622 5310 682 5363; x_wconf 73' lang='grc' dir='ltr'>ὲν</span> <span class='ocrx_word' id='word_1_736' title='bbox 706 5305 786 5378; x_wconf 84' lang='grc' dir='ltr'>τῷ</span> <span class='ocrx_word' id='word_1_737' title='bbox 814 5305 1037 5377; x_wconf 81' lang='grc' dir='ltr'>πολέμῳ</span> <span class='ocrx_word' id='word_1_738' title='bbox 1055 5323 1070 5338; x_wconf 89' lang='grc'><strong>·</strong></span> <span class='ocrx_word' id='word_1_739' title='bbox 1099 5306 1136 5377; x_wconf 76' lang='grc' dir='ltr'>ἦ</span> <span class='ocrx_word' id='word_1_740' title='bbox 1161 5322 1220 5359; x_wconf 81' lang='grc' dir='ltr'><strong>τε</strong></span> <span class='ocrx_word' id='word_1_741' title='bbox 1241 5307 1350 5377; x_wconf 78' lang='grc' dir='ltr'>γὰρ</span> <span class='ocrx_word' id='word_1_742' title='bbox 1377 5306 1625 5376; x_wconf 75' lang='grc' dir='ltr'>ἡμετέρα</span> <span class='ocrx_word' id='word_1_743' title='bbox 1650 5306 1882 5377; x_wconf 78' lang='grc' dir='ltr'>στρατιὰ</span> 
     </span>
    </p>
   </div>
   <div class='ocr_carea' id='block_1_104' title="bbox 317 5383 1878 5468">
    <p class='ocr_par' dir='ltr' id='par_1_104' title="bbox 317 5383 1878 5468">
     <span class='ocr_line' id='line_1_104' title="bbox 317 5383 1878 5468; baseline -0.003 -13"><span class='ocrx_word' id='word_1_744' title='bbox 317 5405 538 5465; x_wconf 68' lang='grc' dir='ltr'>πλείων,</span> <span class='ocrx_word' id='word_1_745' title='bbox 566 5401 661 5456; x_wconf 72' lang='grc' dir='ltr'>καὶ</span> <span class='ocrx_word' id='word_1_746' title='bbox 688 5399 761 5453; x_wconf 88' lang='grc' dir='ltr'><strong>τά</strong></span> <span class='ocrx_word' id='word_1_747' title='bbox 787 5383 1022 5468; x_wconf 73' lang='grc' dir='ltr'>πολέμια</span> <span class='ocrx_word' id='word_1_748' title='bbox 1051 5399 1420 5468; x_wconf 75' lang='grc' dir='ltr'>κραταιοτέρα</span> <span class='ocrx_word' id='word_1_749' title='bbox 1439 5412 1454 5429; x_wconf 77' lang='grc' dir='ltr'><strong>ο</strong></span> <span class='ocrx_word' id='word_1_750' title='bbox 1487 5398 1643 5467; x_wconf 82' lang='grc' dir='ltr'>ὑμῶν</span> <span class='ocrx_word' id='word_1_751' title='bbox 1687 5414 1749 5452; x_wconf 87' lang='grc' dir='ltr'><strong>τε</strong></span> <span class='ocrx_word' id='word_1_752' title='bbox 1777 5397 1878 5468; x_wconf 84' lang='grc' dir='ltr'>τῆς</span> 
     </span>
    </p>
   </div>
   <div class='ocr_carea' id='block_1_105' title="bbox 315 5487 1880 5562">
    <p class='ocr_par' dir='ltr' id='par_1_105' title="bbox 315 5487 1880 5562">
     <span class='ocr_line' id='line_1_105' title="bbox 315 5487 1880 5562; baseline -0.003 -16"><span class='ocrx_word' id='word_1_753' title='bbox 315 5494 618 5562; x_wconf 82' lang='grc' dir='ltr'>συγκλήτου</span> <span class='ocrx_word' id='word_1_754' title='bbox 651 5490 838 5545; x_wconf 75' lang='grc' dir='ltr'>πολλοὶ</span> <span class='ocrx_word' id='word_1_755' title='bbox 861 5491 973 5544; x_wconf 90' lang='grc' dir='ltr'><strong>τῶν</strong></span> <span class='ocrx_word' id='word_1_756' title='bbox 1002 5489 1229 5543; x_wconf 71' lang='grc' dir='ltr'>ἐκείνων</span> <span class='ocrx_word' id='word_1_757' title='bbox 1259 5487 1548 5560; x_wconf 84' lang='grc' dir='ltr'>βασιλέων,</span> <span class='ocrx_word' id='word_1_758' title='bbox 1577 5490 1639 5542; x_wconf 82' lang='grc' dir='ltr'>οὐ</span> <span class='ocrx_word' id='word_1_759' title='bbox 1672 5490 1880 5560; x_wconf 80' lang='grc' dir='ltr'>φρονή-</span> 
     </span>
    </p>
   </div>
   <div class='ocr_carea' id='block_1_106' title="bbox 317 5578 1884 5658">
    <p class='ocr_par' dir='ltr' id='par_1_106' title="bbox 317 5578 1884 5658">
     <span class='ocr_line' id='line_1_106' title="bbox 317 5578 1884 5658; baseline -0.001 -22"><span class='ocrx_word' id='word_1_760' title='bbox 317 5600 402 5636; x_wconf 85' lang='grc' dir='ltr'><strong>σει</strong></span> <span class='ocrx_word' id='word_1_761' title='bbox 440 5584 623 5658; x_wconf 85' lang='grc' dir='ltr'>μόνον,</span> <span class='ocrx_word' id='word_1_762' title='bbox 652 5580 792 5634; x_wconf 84' lang='grc' dir='ltr'><strong>ἀλλά</strong></span> <span class='ocrx_word' id='word_1_763' title='bbox 821 5579 918 5634; x_wconf 78' lang='grc' dir='ltr'>καὶ</span> <span class='ocrx_word' id='word_1_764' title='bbox 941 5579 1136 5651; x_wconf 77' lang='grc' dir='ltr'>ἀνδρία</span> <span class='ocrx_word' id='word_1_765' title='bbox 1161 5578 1256 5633; x_wconf 75' lang='grc' dir='ltr'>καὶ</span> <span class='ocrx_word' id='word_1_766' title='bbox 1277 5580 1444 5652; x_wconf 80' lang='grc' dir='ltr'>πείρᾳ</span> <span class='ocrx_word' id='word_1_767' title='bbox 1462 5582 1529 5652; x_wconf 78' lang='grc' dir='ltr'>τῇ</span> <span class='ocrx_word' id='word_1_768' title='bbox 1560 5579 1695 5651; x_wconf 77' lang='grc' dir='ltr'>πρὸς</span> <span class='ocrx_word' id='word_1_769' title='bbox 1719 5598 1884 5651; x_wconf 79' lang='grc' dir='ltr'>στραο</span> 
     </span>
    </p>
   </div>
   <div class='ocr_carea' id='block_1_107' title="bbox 312 5673 1881 5746">
    <p class='ocr_par' dir='ltr' id='par_1_107' title="bbox 312 5673 1881 5746">
     <span class='ocr_line' id='line_1_107' title="bbox 312 5673 1881 5746; baseline 0.001 -19"><span class='ocrx_word' id='word_1_770' title='bbox 312 5676 502 5745; x_wconf 52' lang='lat' dir='ltr'><strong>tam;</strong></span> <span class='ocrx_word' id='word_1_771' title='bbox 556 5673 856 5746; x_wconf 80' lang='grc' dir='ltr'>ὑπερέχετε</span> <span class='ocrx_word' id='word_1_772' title='bbox 908 5673 1081 5727; x_wconf 83' lang='grc' dir='ltr'>πολύ·</span> <span class='ocrx_word' id='word_1_773' title='bbox 1116 5675 1370 5744; x_wconf 83' lang='grc' dir='ltr'>χρήμασί</span> <span class='ocrx_word' id='word_1_774' title='bbox 1412 5690 1472 5726; x_wconf 86' lang='grc' dir='ltr'><strong>τε</strong></span> <span class='ocrx_word' id='word_1_775' title='bbox 1522 5673 1625 5727; x_wconf 78' lang='grc' dir='ltr'>οὐκ</span> <span class='ocrx_word' id='word_1_776' title='bbox 1673 5676 1737 5728; x_wconf 80' lang='grc' dir='ltr'>ἐκ</span> <span class='ocrx_word' id='word_1_777' title='bbox 1771 5675 1881 5728; x_wconf 89' lang='grc' dir='ltr'><strong>τῶν</strong></span> 
     </span>
    </p>
   </div>
   <div class='ocr_carea' id='block_1_108' title="bbox 312 5765 1883 5838">
    <p class='ocr_par' dir='ltr' id='par_1_108' title="bbox 312 5765 1883 5838">
     <span class='ocr_line' id='line_1_108' title="bbox 312 5765 1883 5838; baseline 0.002 -21"><span class='ocrx_word' id='word_1_778' title='bbox 312 5767 504 5822; x_wconf 85' lang='grc' dir='ltr'>κοινῶν</span> <span class='ocrx_word' id='word_1_779' title='bbox 543 5768 731 5838; x_wconf 85' lang='grc' dir='ltr'>μόνον,</span> <span class='ocrx_word' id='word_1_780' title='bbox 792 5765 928 5819; x_wconf 89' lang='grc' dir='ltr'>ἀ).λά</span> <span class='ocrx_word' id='word_1_781' title='bbox 989 5769 1087 5820; x_wconf 79' lang='grc' dir='ltr'>καὶ</span> <span class='ocrx_word' id='word_1_782' title='bbox 1118 5769 1185 5821; x_wconf 68' lang='grc' dir='ltr'>ἐκ</span> <span class='ocrx_word' id='word_1_783' title='bbox 1240 5765 1350 5820; x_wconf 88' lang='grc' dir='ltr'><strong>τῶν</strong></span> <span class='ocrx_word' id='word_1_784' title='bbox 1404 5765 1553 5820; x_wconf 77' lang='grc' dir='ltr'>ἰδίων</span> <span class='ocrx_word' id='word_1_785' title='bbox 1587 5767 1883 5838; x_wconf 70' lang='grc' dir='ltr'>ἐρρώμεθα</span> 
     </span>
    </p>
   </div>
   <div class='ocr_carea' id='block_1_109' title="bbox 313 5855 1880 5942">
    <p class='ocr_par' dir='ltr' id='par_1_109' title="bbox 313 5855 1880 5942">
     <span class='ocr_line' id='line_1_109' title="bbox 313 5855 1880 5942; baseline -0.001 -29"><span class='ocrx_word' id='word_1_786' title='bbox 313 5861 513 5940; x_wconf 60' lang='grc' dir='ltr'>μᾶλλον</span> <span class='ocrx_word' id='word_1_787' title='bbox 535 5861 790 5916; x_wconf 66' lang='grc' dir='ltr'>δκείνων.</span> <span class='ocrx_word' id='word_1_788' title='bbox 823 5855 919 5924; x_wconf 67' lang='grc' dir='ltr'>Οξς</span> <span class='ocrx_word' id='word_1_789' title='bbox 972 5858 1022 5918; x_wconf 73' lang='grc' dir='ltr'>εἰ</span> <span class='ocrx_word' id='word_1_790' title='bbox 1054 5858 1134 5930; x_wconf 73' lang='grc' dir='ltr'>μὴ</span> <span class='ocrx_word' id='word_1_791' title='bbox 1182 5855 1690 5942; x_wconf 46' lang='grc' dir='ltr'>χρησαίμεθσίίνξν,</span> <span class='ocrx_word' id='word_1_792' title='bbox 1717 5858 1880 5942; x_wconf 72' lang='grc' dir='ltr'>ὁπότε</span> 
     </span>
    </p>
   </div>
   <div class='ocr_carea' id='block_1_110' title="bbox 1977 4664 3559 4735">
    <p class='ocr_par' dir='ltr' id='par_1_110' title="bbox 1977 4664 3559 4735">
     <span class='ocr_line' id='line_1_110' title="bbox 1977 4664 3559 4735; baseline -0.001 -14"><span class='ocrx_word' id='word_1_793' title='bbox 1977 4676 2046 4721; x_wconf 87' lang='lat' dir='ltr'><strong>ut</strong></span> <span class='ocrx_word' id='word_1_794' title='bbox 2087 4681 2197 4720; x_wconf 88' lang='lat' dir='ltr'><strong>non</strong></span> <span class='ocrx_word' id='word_1_795' title='bbox 2231 4665 2395 4720; x_wconf 89' lang='lat' dir='ltr'><strong>modo</strong></span> <span class='ocrx_word' id='word_1_796' title='bbox 2431 4680 2538 4735; x_wconf 86' lang='lat' dir='ltr'><strong>qua</strong></span> <span class='ocrx_word' id='word_1_797' title='bbox 2588 4665 2884 4720; x_wconf 84' lang='lat' dir='ltr'><strong>altitudine</strong></span> <span class='ocrx_word' id='word_1_798' title='bbox 2929 4664 3120 4731; x_wconf 87' lang='lat' dir='ltr'><strong>animi,</strong></span> <span class='ocrx_word' id='word_1_799' title='bbox 3167 4679 3358 4720; x_wconf 80' lang='lat' dir='ltr'><strong>verum</strong></span> <span class='ocrx_word' id='word_1_800' title='bbox 3393 4665 3559 4720; x_wconf 86' lang='lat' dir='ltr'><strong>etiam</strong></span> 
     </span>
    </p>
   </div>
   <div class='ocr_carea' id='block_1_111' title="bbox 1981 4755 3561 4828">
    <p class='ocr_par' dir='ltr' id='par_1_111' title="bbox 1981 4755 3561 4828">
     <span class='ocr_line' id='line_1_111' title="bbox 1981 4755 3561 4828; baseline -0.001 -16"><span class='ocrx_word' id='word_1_801' title='bbox 1981 4773 2087 4828; x_wconf 89' lang='lat' dir='ltr'><strong>qua</strong></span> <span class='ocrx_word' id='word_1_802' title='bbox 2113 4757 2333 4812; x_wconf 87' lang='lat' dir='ltr'><strong>illorum</strong></span> <span class='ocrx_word' id='word_1_803' title='bbox 2373 4755 2736 4826; x_wconf 84' lang='lat' dir='ltr'><strong>despicientia</strong></span> <span class='ocrx_word' id='word_1_804' title='bbox 2781 4758 3018 4828; x_wconf 81' lang='lat' dir='ltr'><strong>majores</strong></span> <span class='ocrx_word' id='word_1_805' title='bbox 3048 4757 3218 4811; x_wconf 86' lang='lat' dir='ltr'><strong>vestri</strong></span> <span class='ocrx_word' id='word_1_806' title='bbox 3258 4772 3561 4811; x_wconf 79' lang='lat' dir='ltr'><strong>consueve-</strong></span> 
     </span>
    </p>
   </div>
   <div class='ocr_carea' id='block_1_112' title="bbox 1981 4847 3564 4918">
    <p class='ocr_par' dir='ltr' id='par_1_112' title="bbox 1981 4847 3564 4918">
     <span class='ocr_line' id='line_1_112' title="bbox 1981 4847 3564 4918; baseline -0.001 -14"><span class='ocrx_word' id='word_1_807' title='bbox 1981 4858 2132 4912; x_wconf 89' lang='lat' dir='ltr'><strong>runt,</strong></span> <span class='ocrx_word' id='word_1_808' title='bbox 2189 4849 2248 4904; x_wconf 87' lang='lat' dir='ltr'><strong>in</strong></span> <span class='ocrx_word' id='word_1_809' title='bbox 2309 4848 2502 4903; x_wconf 86' lang='lat' dir='ltr'><strong>hostes</strong></span> <span class='ocrx_word' id='word_1_810' title='bbox 2555 4847 2833 4903; x_wconf 90' lang='lat' dir='ltr'><strong>feramini.</strong></span> <span class='ocrx_word' id='word_1_811' title='bbox 2877 4847 3012 4903; x_wconf 84' lang='lat' dir='ltr'><strong>Nam</strong></span> <span class='ocrx_word' id='word_1_812' title='bbox 3071 4847 3149 4902; x_wconf 89' lang='lat' dir='ltr'><strong>illi</strong></span> <span class='ocrx_word' id='word_1_813' title='bbox 3185 4847 3332 4918; x_wconf 85' lang='lat' dir='ltr'><strong>quod</strong></span> <span class='ocrx_word' id='word_1_814' title='bbox 3366 4848 3564 4903; x_wconf 75' lang='lat' dir='ltr'><strong>lilmsos</strong></span> 
     </span>
    </p>
   </div>
   <div class='ocr_carea' id='block_1_113' title="bbox 1980 4940 3560 5012">
    <p class='ocr_par' dir='ltr' id='par_1_113' title="bbox 1980 4940 3560 5012">
     <span class='ocr_line' id='line_1_113' title="bbox 1980 4940 3560 5012; baseline -0.001 -14"><span class='ocrx_word' id='word_1_815' title='bbox 1980 4956 2200 5012; x_wconf 81' lang='lat' dir='ltr'><strong>semper</strong></span> <span class='ocrx_word' id='word_1_816' title='bbox 2229 4940 2542 5004; x_wconf 86' lang='lat' dir='ltr'><strong>vincerent,</strong></span> <span class='ocrx_word' id='word_1_817' title='bbox 2580 4941 2752 4996; x_wconf 90' lang='lat' dir='ltr'><strong>tutius</strong></span> <span class='ocrx_word' id='word_1_818' title='bbox 2786 4940 3080 4999; x_wconf 82' lang='lat' dir='ltr'><strong>audentes.</strong></span> <span class='ocrx_word' id='word_1_819' title='bbox 3112 4941 3472 5008; x_wconf 90' lang='lat' dir='ltr'><strong>contemptim</strong></span> <span class='ocrx_word' id='word_1_820' title='bbox 3503 4941 3560 4996; x_wconf 87' lang='lat' dir='ltr'><strong>in</strong></span> 
     </span>
    </p>
   </div>
   <div class='ocr_carea' id='block_1_114' title="bbox 1981 5041 3563 5123">
    <p class='ocr_par' dir='ltr' id='par_1_114' title="bbox 1981 5041 3563 5123">
     <span class='ocr_line' id='line_1_114' title="bbox 1981 5041 3563 5123; baseline 0 -27"><span class='ocrx_word' id='word_1_821' title='bbox 1981 5055 2080 5097; x_wconf 87' lang='lat' dir='ltr'><strong>eos</strong></span> <span class='ocrx_word' id='word_1_822' title='bbox 2110 5041 2480 5096; x_wconf 84' lang='lat' dir='ltr'><strong>invadebant:</strong></span> <span class='ocrx_word' id='word_1_823' title='bbox 2512 5041 2773 5109; x_wconf 88' lang='lat' dir='ltr'><strong>etnobis,</strong></span> <span class='ocrx_word' id='word_1_824' title='bbox 2789 5041 2832 5096; x_wconf 88' lang='lat' dir='ltr'><strong>si</strong></span> <span class='ocrx_word' id='word_1_825' title='bbox 2865 5056 3057 5096; x_wconf 89' lang='lat' dir='ltr'><strong>eorum</strong></span> <span class='ocrx_word' id='word_1_826' title='bbox 3081 5042 3345 5123; x_wconf 56' lang='lat' dir='ltr'><strong>)‘irtutem</strong></span> <span class='ocrx_word' id='word_1_827' title='bbox 3366 5042 3563 5096; x_wconf 84' lang='lat' dir='ltr'><strong>alacri-</strong></span> 
     </span>
    </p>
   </div>
   <div class='ocr_carea' id='block_1_115' title="bbox 1982 5132 3566 5204">
    <p class='ocr_par' dir='ltr' id='par_1_115' title="bbox 1982 5132 3566 5204">
     <span class='ocr_line' id='line_1_115' title="bbox 1982 5132 3566 5204; baseline 0 -16"><span class='ocrx_word' id='word_1_828' title='bbox 1982 5141 2263 5204; x_wconf 88' lang='lat' dir='ltr'><strong>tatemque</strong></span> <span class='ocrx_word' id='word_1_829' title='bbox 2303 5132 2706 5200; x_wconf 62' lang='lat' dir='ltr'><strong>amulabimur,</strong></span> <span class='ocrx_word' id='word_1_830' title='bbox 2763 5133 3168 5189; x_wconf 84' lang='lat' dir='ltr'><strong>idem&#39;licebit.</strong></span> <span class='ocrx_word' id='word_1_831' title='bbox 3205 5133 3370 5188; x_wconf 80' lang='lat' dir='ltr'><strong>Multa</strong></span> <span class='ocrx_word' id='word_1_832' title='bbox 3401 5149 3566 5204; x_wconf 91' lang='lat' dir='ltr'><strong>porro</strong></span> 
     </span>
    </p>
   </div>
   <div class='ocr_carea' id='block_1_116' title="bbox 1982 5221 3566 5294">
    <p class='ocr_par' dir='ltr' id='par_1_116' title="bbox 1982 5221 3566 5294">
     <span class='ocr_line' id='line_1_116' title="bbox 1982 5221 3566 5294; baseline -0.002 -16"><span class='ocrx_word' id='word_1_833' title='bbox 1982 5237 2048 5278; x_wconf 89' lang='lat' dir='ltr'><strong>ac</strong></span> <span class='ocrx_word' id='word_1_834' title='bbox 2085 5237 2198 5278; x_wconf 88' lang='lat' dir='ltr'><strong>non</strong></span> <span class='ocrx_word' id='word_1_835' title='bbox 2246 5223 2415 5278; x_wconf 89' lang='lat' dir='ltr'><strong>dubia</strong></span> <span class='ocrx_word' id='word_1_836' title='bbox 2456 5223 2702 5278; x_wconf 72' lang='lat' dir='ltr'><strong>victoriae</strong></span> <span class='ocrx_word' id='word_1_837' title='bbox 2727 5223 2961 5294; x_wconf 84' lang='lat' dir='ltr'><strong>pignora</strong></span> <span class='ocrx_word' id='word_1_838' title='bbox 3021 5223 3396 5294; x_wconf 84' lang='lat' dir='ltr'><strong>suppeditant.</strong></span> <span class='ocrx_word' id='word_1_839' title='bbox 3442 5221 3566 5276; x_wconf 87' lang='lat' dir='ltr'><strong>Prl-</strong></span> 
     </span>
    </p>
   </div>
   <div class='ocr_carea' id='block_1_117' title="bbox 1982 5312 3567 5386">
    <p class='ocr_par' dir='ltr' id='par_1_117' title="bbox 1982 5312 3567 5386">
     <span class='ocr_line' id='line_1_117' title="bbox 1982 5312 3567 5386; baseline -0.003 -17"><span class='ocrx_word' id='word_1_840' title='bbox 1982 5330 2134 5369; x_wconf 87' lang='lat' dir='ltr'><strong>mum</strong></span> <span class='ocrx_word' id='word_1_841' title='bbox 2171 5315 2319 5370; x_wconf 89' lang='lat' dir='ltr'><strong>enim</strong></span> <span class='ocrx_word' id='word_1_842' title='bbox 2355 5313 2529 5386; x_wconf 65' lang='lat' dir='ltr'><strong>copiae</strong></span> <span class='ocrx_word' id='word_1_843' title='bbox 2556 5324 2757 5370; x_wconf 68' lang='lat' dir='ltr'><strong>nostra:</strong></span> <span class='ocrx_word' id='word_1_844' title='bbox 2789 5315 3025 5385; x_wconf 86' lang='lat' dir='ltr'><strong>majores</strong></span> <span class='ocrx_word' id='word_1_845' title='bbox 3052 5325 3204 5368; x_wconf 90' lang='lat' dir='ltr'><strong>sunt.</strong></span> <span class='ocrx_word' id='word_1_846' title='bbox 3239 5312 3443 5368; x_wconf 85' lang='lat' dir='ltr'><strong>Deinde</strong></span> <span class='ocrx_word' id='word_1_847' title='bbox 3471 5327 3567 5381; x_wconf 80' lang='lat' dir='ltr'><strong>ap-</strong></span> 
     </span>
    </p>
   </div>
   <div class='ocr_carea' id='block_1_118' title="bbox 1979 5404 3564 5474">
    <p class='ocr_par' dir='ltr' id='par_1_118' title="bbox 1979 5404 3564 5474">
     <span class='ocr_line' id='line_1_118' title="bbox 1979 5404 3564 5474; baseline -0.002 -17"><span class='ocrx_word' id='word_1_848' title='bbox 1979 5411 2206 5474; x_wconf 84' lang='lat' dir='ltr'><strong>paratus</strong></span> <span class='ocrx_word' id='word_1_849' title='bbox 2227 5404 2455 5460; x_wconf 86' lang='lat' dir='ltr'><strong>beilicus</strong></span> <span class='ocrx_word' id='word_1_850' title='bbox 2473 5405 2743 5468; x_wconf 89' lang='lat' dir='ltr'><strong>validior;</strong></span> <span class='ocrx_word' id='word_1_851' title='bbox 2777 5404 3044 5474; x_wconf 84' lang='lat' dir='ltr'><strong>multique</strong></span> <span class='ocrx_word' id='word_1_852' title='bbox 3067 5404 3138 5459; x_wconf 87' lang='lat' dir='ltr'><strong>de</strong></span> <span class='ocrx_word' id='word_1_853' title='bbox 3165 5404 3272 5458; x_wconf 88' lang='lat' dir='ltr'><strong>hoc</strong></span> <span class='ocrx_word' id='word_1_854' title='bbox 3301 5415 3564 5461; x_wconf 84' lang='lat' dir='ltr'><strong>consessu</strong></span> 
     </span>
    </p>
   </div>
   <div class='ocr_carea' id='block_1_119' title="bbox 1981 5491 3561 5567">
    <p class='ocr_par' dir='ltr' id='par_1_119' title="bbox 1981 5491 3561 5567">
     <span class='ocr_line' id='line_1_119' title="bbox 1981 5491 3561 5567; baseline -0.004 -17"><span class='ocrx_word' id='word_1_855' title='bbox 1981 5507 2173 5552; x_wconf 85' lang='lat' dir='ltr'><strong>nostro</strong></span> <span class='ocrx_word' id='word_1_856' title='bbox 2204 5495 2426 5566; x_wconf 89' lang='lat' dir='ltr'><strong>regibus</strong></span> <span class='ocrx_word' id='word_1_857' title='bbox 2449 5495 2693 5567; x_wconf 81' lang='lat' dir='ltr'><strong>ipsorUm</strong></span> <span class='ocrx_word' id='word_1_858' title='bbox 2720 5507 2776 5551; x_wconf 92' lang='lat' dir='ltr'><strong>et</strong></span> <span class='ocrx_word' id='word_1_859' title='bbox 2799 5495 3112 5567; x_wconf 89' lang='lat' dir='ltr'><strong>prudentia,</strong></span> <span class='ocrx_word' id='word_1_860' title='bbox 3136 5504 3193 5549; x_wconf 91' lang='lat' dir='ltr'><strong>et</strong></span> <span class='ocrx_word' id='word_1_861' title='bbox 3217 5491 3561 5555; x_wconf 88' lang='lat' dir='ltr'><strong>fortitudine,</strong></span> 
     </span>
    </p>
   </div>
   <div class='ocr_carea' id='block_1_120' title="bbox 1980 5582 3566 5660">
    <p class='ocr_par' dir='ltr' id='par_1_120' title="bbox 1980 5582 3566 5660">
     <span class='ocr_line' id='line_1_120' title="bbox 1980 5582 3566 5660; baseline -0.005 -16"><span class='ocrx_word' id='word_1_862' title='bbox 1980 5599 2038 5644; x_wconf 92' lang='lat' dir='ltr'><strong>et</strong></span> <span class='ocrx_word' id='word_1_863' title='bbox 2064 5589 2148 5644; x_wconf 87' lang='lat' dir='ltr'><strong>rei</strong></span> <span class='ocrx_word' id='word_1_864' title='bbox 2184 5589 2438 5645; x_wconf 87' lang='lat' dir='ltr'><strong>militaris</strong></span> <span class='ocrx_word' id='word_1_865' title='bbox 2471 5605 2570 5645; x_wconf 91' lang='lat' dir='ltr'><strong>usu</strong></span> <span class='ocrx_word' id='word_1_866' title='bbox 2604 5598 2888 5660; x_wconf 67' lang='lat' dir='ltr'><strong>praestant.</strong></span> <span class='ocrx_word' id='word_1_867' title='bbox 2934 5587 3111 5654; x_wconf 84' lang='lat' dir='ltr'><strong>Adde,</strong></span> <span class='ocrx_word' id='word_1_868' title='bbox 3151 5587 3298 5656; x_wconf 81' lang='lat' dir='ltr'><strong>quod</strong></span> <span class='ocrx_word' id='word_1_869' title='bbox 3334 5582 3566 5654; x_wconf 89' lang='lat' dir='ltr'><strong>pecunia</strong></span> 
     </span>
    </p>
   </div>
   <div class='ocr_carea' id='block_1_121' title="bbox 1982 5670 3568 5751">
    <p class='ocr_par' dir='ltr' id='par_1_121' title="bbox 1982 5670 3568 5751">
     <span class='ocr_line' id='line_1_121' title="bbox 1982 5670 3568 5751; baseline -0.005 -17"><span class='ocrx_word' id='word_1_870' title='bbox 1982 5692 2092 5749; x_wconf 88' lang='lat' dir='ltr'><strong>qua</strong></span> <span class='ocrx_word' id='word_1_871' title='bbox 2123 5680 2367 5750; x_wconf 90' lang='lat' dir='ltr'><strong>publica,</strong></span> <span class='ocrx_word' id='word_1_872' title='bbox 2391 5696 2500 5750; x_wconf 87' lang='lat' dir='ltr'><strong>qua</strong></span> <span class='ocrx_word' id='word_1_873' title='bbox 2527 5673 2739 5751; x_wconf 63' lang='lat' dir='ltr'><strong>privata</strong></span> <span class='ocrx_word' id='word_1_874' title='bbox 2767 5681 2891 5750; x_wconf 88' lang='lat' dir='ltr'><strong>plus</strong></span> <span class='ocrx_word' id='word_1_875' title='bbox 2916 5681 3026 5734; x_wconf 83' lang='lat' dir='ltr'><strong>illis</strong></span> <span class='ocrx_word' id='word_1_876' title='bbox 3061 5691 3356 5748; x_wconf 86' lang='lat' dir='ltr'><strong>possumus</strong></span> <span class='ocrx_word' id='word_1_877' title='bbox 3383 5692 3397 5729; x_wconf 90' lang='lat'><strong>:</strong></span> <span class='ocrx_word' id='word_1_878' title='bbox 3427 5689 3492 5730; x_wconf 81' lang='lat' dir='ltr'><strong>ea</strong></span> <span class='ocrx_word' id='word_1_879' title='bbox 3520 5670 3568 5727; x_wconf 86' lang='lat' dir='ltr'><strong>si</strong></span> 
     </span>
    </p>
   </div>
   <div class='ocr_carea' id='block_1_122' title="bbox 1984 5769 3574 5843">
    <p class='ocr_par' dir='ltr' id='par_1_122' title="bbox 1984 5769 3574 5843">
     <span class='ocr_line' id='line_1_122' title="bbox 1984 5769 3574 5843; baseline -0.004 -17"><span class='ocrx_word' id='word_1_880' title='bbox 1984 5772 2091 5828; x_wconf 91' lang='lat' dir='ltr'><strong>hoc</strong></span> <span class='ocrx_word' id='word_1_881' title='bbox 2129 5781 2376 5843; x_wconf 89' lang='lat' dir='ltr'><strong>tempore</strong></span> <span class='ocrx_word' id='word_1_882' title='bbox 2414 5789 2522 5828; x_wconf 93' lang='lat' dir='ltr'><strong>non</strong></span> <span class='ocrx_word' id='word_1_883' title='bbox 2550 5774 2788 5836; x_wconf 80' lang='lat' dir='ltr'><strong>utimur,</strong></span> <span class='ocrx_word' id='word_1_884' title='bbox 2832 5787 2963 5826; x_wconf 88' lang='lat' dir='ltr'><strong>num</strong></span> <span class='ocrx_word' id='word_1_885' title='bbox 3006 5769 3230 5839; x_wconf 90' lang='lat' dir='ltr'><strong>quando</strong></span> <span class='ocrx_word' id='word_1_886' title='bbox 3257 5783 3383 5822; x_wconf 88' lang='lat' dir='ltr'><strong>cum</strong></span> <span class='ocrx_word' id='word_1_887' title='bbox 3417 5777 3574 5820; x_wconf 89' lang='lat' dir='ltr'><strong>emo-</strong></span> 
     </span>
    </p>
   </div>
   <div class='ocr_carea' id='block_1_123' title="bbox 1983 5857 3573 5933">
    <p class='ocr_par' dir='ltr' id='par_1_123' title="bbox 1983 5857 3573 5933">
     <span class='ocr_line' id='line_1_123' title="bbox 1983 5857 3573 5933; baseline 0.003 -15"><span class='ocrx_word' id='word_1_888' title='bbox 1983 5863 2234 5922; x_wconf 86' lang='lat' dir='ltr'><strong>lumento</strong></span> <span class='ocrx_word' id='word_1_889' title='bbox 2262 5875 2454 5921; x_wconf 85' lang='lat' dir='ltr'><strong>nostro</strong></span> <span class='ocrx_word' id='word_1_890' title='bbox 2482 5865 2634 5921; x_wconf 86' lang='lat' dir='ltr'><strong>usuri</strong></span> <span class='ocrx_word' id='word_1_891' title='bbox 2667 5865 2863 5933; x_wconf 81' lang='lat' dir='ltr'><strong>simus,</strong></span> <span class='ocrx_word' id='word_1_892' title='bbox 2884 5861 3142 5933; x_wconf 80' lang='lat' dir='ltr'><strong>equidem</strong></span> <span class='ocrx_word' id='word_1_893' title='bbox 3175 5860 3392 5918; x_wconf 89' lang='lat' dir='ltr'><strong>dubito.</strong></span> <span class='ocrx_word' id='word_1_894' title='bbox 3419 5857 3573 5928; x_wconf 71' lang='lat' dir='ltr'><strong>Qu0~.</strong></span> 
     </span>
    </p>
   </div>
  </div>
