4028 6450
296 348 396 411 Ξίῦθ

1484 347 1956 405 IliS’l‘tllllARU
1973 348 2024 404 Μ
2069 346 2302 406 LIBER
2340 346 2385 405 I.

3441 346 3550 418 270

304 465 596 520 κατέλιπεν
634 464 750 516 ἐκεῖ
779 461 1169 532 τῆςστρατιᾶς
1205 460 1292 515 διὰ
1319 460 1379 514 τὸ
1407 461 1518 513 τῶν
1548 460 1871 527 ἐπιτηδείων

2001 456 2331 531 ιάίαινιιὺιὶηι.
2358 460 2603 516 Cousilio
2631 456 2793 534 118
2814 451 3081 522 militibus
3109 466 3404 536 patefacto,
3429 485 3554 526 cum

303 563 402 629 τὴν
437 556 596 609 πόλιν
622 556 901 624 εὐπορεῖν.
926 554 1098 616 Αὐτὸς
1123 554 1178 608 δὲ
1225 554 1325 620 τῆς
1364 554 1625 621 στρατιᾶς
1659 552 1871 618 ὀλίγους

304 651 421 719 ἅμα
451 648 529 719 τῷ
558 645 780 717 μεγαλῳ
804 644 1110 714 δομεστίκῳ
1143 643 1477 713 παραλαϐὼν
1503 643 1604 713 τὴν
1635 645 1692 706 ἐς
1713 643 1871 695 Διδυ-

308 744 553 812 μότειχον
582 740 694 812 ᾔει.
722 739 942 804 Μεταξὺ
968 738 1024 790 δέ
1048 736 1148 805 τῆς
1176 754 1234 789 τε
1253 735 1534 804 Ἀδριανοῦ
1560 736 1655 788 καὶ
1682 734 1870 799 αὑτοῦ,

307 838 366 887 ἐν
425 833 610 905 χωρίῳ
667 832 776 885 τινὶ
838 830 1257 899 Προμουσούλου
1313 827 1873 898 προσαγορευομένῳ,

314 926 542 994 στρατιᾷ
562 924 887 999 περιέτυχον
925 917 1188 992 Σκυθικῇ,
1220 920 1529 990 ἀνδράποδά
1554 936 1613 972 τε
1649 919 1744 972 καὶ¹
1770 918 1877 971 λοι-

312 1014 420 1082 πὴν
441 1013 591 1066 λείαν
617 1012 826 1083 ἀγούσῃ
856 1008 1082 1079 πολλήν.
1111 1008 1270 1063 Οὕτω
1298 1009 1351 1061 δὲ
1379 1008 1474 1060 τοῦ
1505 1009 1672 1061 τόπου
1699 1023 1877 1089 παρα-

315 1108 556 1176 σχόντος,
592 1106 706 1166 τοῖς
759 1103 862 1171 μὲν
906 1102 1199 1170 Ῥωμαίοις
1234 1102 1265 1171 ὴ
1300 1099 1410 1152 τῶν
1458 1097 1685 1151 Σκυθῶν
1715 1115 1879 1167 στρα-

313 1203 401 1252 τιὰ
432 1196 497 1269 ἦν
520 1197 841 1267 καταφανής
861 1213 874 1226 ·
899 1195 1082 1248 οὐκέτι
1105 1193 1160 1247 δὲ
1180 1193 1277 1247 καὶ
1304 1192 1639 1263 ήῬωμαίων
1668 1191 1874 1253 αὐτοῖς.

312 1291 732 1359 Βτυλευσαμένῳ
760 1287 823 1359 δὴ
862 1286 937 1357 τῷ
969 1287 1182 1358 βασιλεί
1210 1285 1328 1355 ἅμα
1355 1285 1434 1354 τῷ
1470 1284 1694 1353 μεγάλῳ
1720 1284 1881 1354 δομε-

313 1384 482 1452 στίκῳ
503 1383 677 1435 ἐδόκει
701 1382 1002 1450 ἐπιχειρεῖν
1031 1380 1238 1445 αὐτοῖς,
1265 1379 1313 1430 εί
1336 1379 1430 1431 καὶ
1461 1375 1818 1447 τριπλασίους
1843 1374 1875 1444 ἢ

315 1477 409 1530 καὶ
438 1474 653 1534 πλείους
688 1473 797 1526 τῶν
825 1472 1110 1543 σφετέρων
1142 1469 1458 1541 ἐνομίζοντο
1504 1468 1876 1540 στρατιωτῶν.

316 1565 495 1621 Ἦσαν
525 1567 581 1619 δὲ
602 1567 663 1618 οὐ
693 1565 835 1634 τρὶς,
864 1563 999 1617 ἀλλὰ
1024 1564 1118 1616 καὶ
1141 1563 1366 1624 δεκάκις
1390 1562 1538 1615 τόσοι
1562 1578 1576 1593 ⁸
1605 1557 1745 1632 ἦσαν
1772 1561 1879 1630 γὰρ

318 1659 483 1728 ἐγγὺς
534 1656 711 1709 αὐτῶν
768 1657 863 1708 καὶ
922 1655 1105 1724 ἕτεροι
1168 1654 1726 1724 ἐστρατοπεδευμένοι
1783 1651 1878 1715 οὓς

316 1754 542 1822 ἀφανεῖς
586 1752 614 1801 ὁ
641 1748 841 1819 Ἕϐρος
909 1748 1082 1801 ἐποίει
1131 1747 1421 1816 κειμένους
1470 1748 1599 1816 παρ’
1636 1746 1877 1817 αὖτῷ,οἶ

318 1841 719 1914 προσεϐοήθουν
756 1839 1060 1909 γενομένης
1095 1839 1191 1909 τῆς
1249 1840 1552 1908 συμϐολῆς.
1615 1840 1772 1894 υῦτω
1825 1837 1881 1890 δὲ

313 1935 495 2000 δόξαν,
527 1933 622 1986 καὶ
649 1933 763 1995 τοϊς
788 1931 1152 2002 στρατιώταις
1178 1931 1276 2001 τὴν
1298 1931 1529 2001 γνώμην
1552 1929 1880 1984 ἐκοινοῦντο.

326 2033 416 2093 Ὦς
457 2029 513 2082 δὲ
542 2028 632 2082 καὶ
653 2029 839 2090 αὐτοῖς
870 2027 1049 2079 ἐδόκει
1086 2026 1336 2096 μαχητέα
1362 2023 1524 2091 εἷναι,
1558 2027 1652 2078 καὶ
1683 2026 1884 2094 μᾶλλον

314 2119 460 2192 ἦσαν
494 2120 887 2190 προθυμότεροι
929 2118 1023 2171 τοῦ
1060 2117 1345 2187 βασιλέως,
1384 2118 1493 2171 τῶν
1538 2118 1724 2170 ἵππιον
1753 2118 1886 2170 ἀπο-

316 2217 539 2277 ϐάντες,
572 2207 665 2267 καὶ
700 2212 834 2265 Θεὸν
863 2210 1349 2280 ἐπικαλεσάμενοι,
1386 2212 1513 2274 τοὺς
1546 2210 1644 2281 μὲν
1678 2210 1884 2271 ἀδίκως

316 2305 857 2377 ἐπιστρατεύσαντας
898 2302 1237 2357 κολάσασθαι
1288 2296 1665 2370 τῆςάδικίας,
1704 2304 1887 2367 αὐτοῖς

313 2402 376 2454 δὲ
430 2399 746 2469 τιμωρῆσαι
814 2396 1040 2460 δικαίως
1112 2395 1497 2466 ἀμυνομένοις.
1553 2396 1783 2468 Σταυρῷ
1827 2415 1886 2449 τε

317 2488 746 2550 καθοπλίσαντες
784 2486 1034 2553 ἑαυτοὺς,
1065 2484 1298 2555 ἔφιπποι
1340 2486 1623 2556 γενόμενοι
1652 2487 1890 2558 ὲπῄεσαν

313 2583 432 2642 τοῖς
464 2578 756 2649 βαρϐάροις
785 2576 1040 2647 ἀτρέπτῳ
1068 2576 1162 2628 καὶ
1212 2576 1511 2646 παραϐόλῳ
1538 2577 1886 2646 φρονήματι·

318 2673 417 2724 καὶ
439 2673 488 2723 oi
521 2669 719 2723 Σκῦϐαι
753 2669 971 2732 ίδόντες,
1007 2667 1349 2737 ἀντεπῄεσαν
1381 2668 1476 2722 καὶ
1507 2669 1683 2722 αὐτοί.
1722 2669 1895 2737 Προσ-

318 2763 578 2835 εϐοήθουν
620 2763 676 2815 δὲ
720 2764 816 2816 καὶ
844 2762 895 2813 οί
929 2761 1097 2828 ἐγγὺς
1144 2760 1733 2830 ἐστρατοπεδευμένοι.
1782 2761 1892 2812 Καὶ

325 2855 620 2925 γενομένης
640 2854 820 2924 μάχης
843 2852 1143 2923 καρτερᾶς,
1171 2850 1307 2905 Θεοῦ
1336 2852 1750 2923 συμμαχοῦντος
1780 2854 1893 2913 τοῖς

347 2945 648 3015 Ῥωμαίοις,
674 2944 974 3017 ἐτρέψαντό
993 2960 1055 2997 τε
1081 2944 1205 3007 τοὺς
1235 2944 1571 3016 βαρϐάρους,
1592 2946 1687 2996 καὶ
1712 2944 1895 3010 ἐνίκη-

244 3088 249 3093 ,
346 3058 435 3094 σαν
458 3042 598 3093 κατὰ
625 3042 824 3110 κράτος
850 3056 865 3071 ο
901 3038 997 3092 καὶ
1031 3038 1158 3101 τοὺς
1192 3037 1292 3107 μὲν
1322 3038 1654 3090 ἀπέκτειναν
1685 3037 1890 3099 αὐτῶν,

1913 1793 1959 1852 Β

1977 547 2311 622 congrueret
2367 553 2584 626 illorum
2618 556 2874 611 voluntas
2921 568 2977 613 ct
3038 563 3336 627 sintentia,
3388 579 3558 635 seque

1978 643 2313 713 imperatore
2344 645 2463 714 ipso
2498 647 2776 716 pugnandi
2829 649 3142 719 cupidiores
3177 656 3555 722 ostenderent,

1978 734 2046 789 de
2075 736 2236 806 equis
2282 737 2714 805 descenderunt,
2748 738 2923 796 Deuni’
2949 745 3279 815 suppliciter
3309 760 3555 812 orantes,

1980 836 2039 882 ut
2077 837 2189 882 tam
2216 826 2439 898 iniquos
2468 832 2801 898 praedatores
2828 835 3137 905 punire,.et
3161 840 3392 909 injurias
3415 843 3564 912 juste

1979 933 2038 973 se
2086 918 2501 975 defendentium
2536 921 2729 978 ulcisci
2751 925 2934 982 vellet.
2986 926 3126 982 Tum
3176 930 3334 1001 signo
3381 935 3561 989 crucis

1980 1008 2331 1074 communiti,
2366 1025 2583 1064 rursum
2612 1027 2784 1082 equos
2821 1017 3216 1083 ascenderunt,
3257 1024 3563 1079 constanti-

1980 1114 2087 1170 que
2116 1115 2180 1154 ac
2211 1092 2398 1156 ﬁdenti
2451 1104 2636 1157 animo
2687 1105 2740 1159 in
2791 1106 3060 1166 barbaros
3116 1127 3175 1168 se
3236 1113 3565 1172 incitarunt.

1981 1189 2204 1263 Scytha:
2254 1208 2379 1247 cum
2414 1194 2501 1251 his
2532 1196 2626 1265 qui
2677 1213 2785 1253 una
2814 1202 3132 1269 veniebant,
3162 1206 3283 1261 viso
3315 1207 3564 1264 Romano

1980 1293 2174 1353 contra
2235 1285 2463 1354 gradum
2516 1288 2852 1346 inferebant.
2884 1293 3070 1365 Pugna
3103 1306 3261 1352 atrox
3313 1303 3563 1357 conseri-

1982 1384 2108 1438 tur;
2150 1376 2408 1445 Romani,
2445 1380 2553 1435 Deo
2574 1382 2896 1452 auxiliante,
2921 1376 2975 1440 vi
3004 1396 3059 1443 et
3079 1389 3282 1446 virtute
3319 1393 3560 1451 victores

1980 1467 2242 1535 evadunt,
2275 1471 2582 1543 partimque
2608 1475 2845 1531 hostium
2874 1491 3134 1542 mactant.
3165 1486 3366 1553 partim
3395 1487 3451 1542 in
3479 1489 3559 1546 fu-

1981 1574 2105 1629 gam
2140 1564 2407 1627 vertunt,
2465 1563 2665 1632 partim
2711 1567 2766 1618 in
2818 1565 3020 1647 ﬂumen
3053 1559 3296 1628 Hebrum
3329 1581 3571 1647 compel-

1982 1651 2104 1706 lunt
2156 1667 2221 1706 ac
2249 1652 2614 1724 submergunt
2656 1673 2668 1710 :
2706 1673 2943 1726 quorum
2970 1646 3122 1718 'oclo
3148 1673 3201 1719 et
3229 1666 3418 1737 viginti
3457 1646 3576 1727 tan-

1987 1749 2100 1795 tum
2156 1743 2425 1797 tranando
2461 1745 2626 1798 vitam
2669 1748 3042 1808 retinuerunt.
3078 1744 3309 1812 Romani
3341 1760 3575 1819 cadave-

1992 1832 2146 1887 ribus
2193 1831 2463 1904 spoliatis,
2517 1838 2774 1908 vasisque
2796 1848 2852 1896 et
2875 1844 3112 1901 sarcinis
3156 1848 3411 1922 direptis,
3447 1871 3572 1911 cum

1994 1922 2176 1992 prteda
2211 1934 2264 1980 et
2297 1927 2549 1997 captivis.
2629 1930 2857 2001 ipsoque
2909 1934 3242 2005 imperatore
3271 1943 3575 2015 Didymoti-

1992 2015 2157 2070 eitum
2190 2016 2423 2086 ingressi
2459 2028 2611 2073 sunt.
2644 2020 2871 2077 Barbari
2902 2030 3230 2096 superstites
3262 2033 3328 2086 ad
3365 2038 3575 2091 exerci-

1996 2116 2110 2161 tum
2145 2107 2375 2172 reversi,
2401 2110 2768 2167 infortunium
2800 2122 2961 2171 suum
2995 2118 3234 2177 ducibus
3259 2134 3573 2183 narrarunt.
3672 2187 3679 2193 ,

1996 2198 2036 2253 li
2067 2198 2491 2256 fortissimorum
2525 2204 2796 2261 delectam
2829 2223 3054 2264 manum
3089 2211 3145 2266 in
3182 2216 3441 2273 eumdem
3488 2220 3575 2274 lo-

1995 2302 2143 2351 cum,
2194 2290 2286 2345 ubi
2337 2293 2587 2360 prtelium
2625 2303 2746 2350 erat
2804 2296 3031 2368 factum,
3063 2302 3376 2379 miserunt:
3428 2316 3489 2363 ut
3528 2309 3576 2363 si

1998 2379 2278 2436 Romanos
2308 2385 2638 2453 reperirent,
2686 2402 2925 2461 pugnam
2976 2375 3374 2463 instaurarent,
3409 2401 3576 2456 victo-

2000 2476 2198 2541 resque
2229 2475 2523 2532 vincer'ent
2561 2479 2690 2543 ;sin
2734 2483 2939 2549 minus,
2970 2494 3123 2541 certe
3165 2503 3399 2559 corpora
3448 2509 3580 2548 suo-

1998 2579 2119 2616 rum
2154 2568 2462 2624 exanimata
2490 2572 2717 2627 tumulis
2747 2576 3113 2647 mandarent,
3166 2583 3287 2637 etsi
3320 2599 3460 2654 quos
3492 2588 3580 2642 in-
3668 2628 3673 2635 ι

2001 2668 2084 2712 ter
2112 2673 2210 2715 eos
2235 2660 2418 2717 adhuc
2448 2664 2723 2733 spirantes
2749 2667 3112 2736 oll'enderent,
3151 2673 3424 2732 relevath
3451 2687 3580 2733 cura

2004 2747 2261 2820 diligenti
2295 2761 2627 2819 tractarent.
2671 2758 2753 2812 Illi
2808 2761 2980 2816 sociis
3030 2766 3314 2835 sepultura
3367 2769 3584 2827 donatis

2002 2840 2208 2911 (vivum
2241 2844 2387 2898 enim
2410 2846 2623 2902 nullum
2658 2849 3016 2921 invenerunt)
3049 2848 3119 2909 ad
3148 2859 3448 2915 exercitum
3471 2877 3582 2917 non

2007 2932 2316 3000 redierunt,
2352 2935 2575 2993 domum
2625 2956 2780 2995 suam
2814 2944 3053 3015 Quisque
3088 2943 3377 3007 abeuntes.
3411 2944 3579 3024 Impe-

2003 3033 2172 3090 rator,
2207 3035 2268 3082 ut
2316 3030 2644 3101 Scytharum
2683 3036 2871 3105 copias
2896 3037 3050 3108 juxta
3083 3034 3358 3099 Morrltam
3402 3048 3582 3103 consi-

337 3135 456 3196 τοῦς
479 3132 538 3185 δὲ
569 3130 788 3208 λοιποὺς
818 3130 1129 3194 ἀπέπνιξαν
1166 3131 1246 3191 είς
1280 3127 1376 3181 τὸν
1399 3127 1602 3199 Ἕϐρον
1634 3127 1895 3197 ἐμϐαλόν-

2002 3130 2151 3174 stere
2182 3120 2398 3187 didicit,
2425 3123 2805 3194 Didymoticho
2839 3144 3001 3200 quam
3025 3134 3208 3201 potuit
3232 3126 3494 3193 festinato
3526 3140 3580 3195 in

328 3242 453 3288 τεςο
506 3206 841 3293 διεσὼθήσαν
891 3222 948 3275 δὲ
988 3222 1050 3274 οὐ
1082 3222 1303 3283 πλείους
1351 3219 1499 3274 ὀκτὼ
1553 3221 1649 3273 καὶ
1694 3219 1901 3271 εἴκοσιν

326 3318 529 3381 αὐτῶν,
570 3315 762 3379 οἵτινες
804 3315 1034 3385 ἴσχυσαν
1091 3310 1457 3384 διανήξασθαι
1504 3311 1595 3365 τὸν
1631 3311 1897 3381 ποταμόν.

325 3413 394 3465 Οἱ
433 3411 490 3464 δὲ
527 3410 785 3479 Ῥωμαῖοι
839 3410 964 3473 τούς
1015 3423 1074 3459 τε
1104 3407 1334 3477 νεκροὺς
1362 3405 1763 3468 σκυλεύσαντες
1794 3404 1903 3457 τῶν

324 3505 628 3574 πολεμίων,
670 3502 762 3554 καὶ
787 3499 889 3571 τὴν
920 3498 1087 3569 ἄλλην
1116 3498 1524 3569 διαρπάσαντες
1560 3497 1902 3565 ἀποσκευὴν,

325 3596 427 3651 καὶ
453 3596 554 3658 τὴν
583 3592 731 3645 λείαν
767 3593 862 3643 καὶ
904 3590 1029 3652 τοὺς
1055 3587 1439 3658 αἰχμαλώτους
1465 3587 1746 3655 λαϐόντες,
1768 3583 1905 3660 ἧκον

327 3667 408 3752 EE;
456 3687 834 3756 Διδυμὸτειχον
886 3686 1003 3754 ἅμα
1051 3683 1129 3752 τῷ
1184 3681 1420 3751 βασιλεῖ.
1450 3680 1572 3733 Τῶν
1606 3679 1664 3734 δὲ
1712 3666 1908 3733 διασιω-

331 3782 533 3836 θέντων
562 3782 625 3849 βα
641 3778 852 3849 ρϐἀρων
876 3777 953 3840 είς
976 3775 1037 3828 τὸ
1059 3774 1201 3843 μέγα
1221 3773 1588 3843 στρατόπεδον
1614 3773 1899 3838 ἐλθόντων,

329 3874 406 3936 ὠς
441 3876 552 3934 τοῖς
580 3850 904 3941 στρατηγοῖς
954 3868 1199 3937 ἠγγέλθη
1243 3868 1304 3921 ἰδ
1354 3868 1594 3936 συμϐὰν,
1634 3867 1905 3938 στρατιὰν

312 3954 400 4018 ’ἐκ
430 3964 542 4016 τῶν
575 3964 815 4033 ἀρίστων
853 3961 953 4014 οὐκ
985 3959 1178 4031 ὀλίγην
1217 3958 1625 4030 ἐπιλεξάμενοι,
1658 3954 1923 4012 ἀπέστει-’

334 4056 431 4109 λαν
461 4054 583 4107 καθ’
607 4054 665 4106 ὃν
699 4054 732 4123 ἡ
771 4053 920 4122 μάχη
962 4050 1127 4104 τόπον
1175 4051 1444 4118 ἐγεγόνει,
1488 4048 1568 4113 ὡς
1617 4049 1685 4103 ἂν
1723 4050 1772 4102 εί
1809 4049 1907 4119 μὲν

337 4145 611 4214 ἐντύχοιεν
639 4145 751 4206 τοῖς
779 4143 1036 4212 νικήσασι
1078 4140 1389 4210 Ῥωμαίων,
1441 4141 1908 4211 ἀναμαχέσωνται

336 4237 433 4308 τὴν
460 4232 656 4308 ἧτταν*
683 4234 790 4287 είδ’
813 4231 896 4297 οὓ,
921 4233 1056 4287 ἀλλὰ
1109 4233 1235 4296 τούς
1274 4249 1332 4285 τε
1367 4232 1667 4303 σφετέρους
1695 4232 1909 4302 θάψωσι

340 4329 591 4398 νεκροὺς,
631 4328 723 4379 καὶ
758 4322 809 4379 εἴ
835 4342 978 4387 τινες
1003 4325 1061 4377 ἐν
1095 4324 1284 4388 αὐτοῖς
1305 4323 1610 4395 εὑρεθῶσιν
1639 4326 1912 4392 ἐμπνέον-

339 4439 429 4485 τες
454 4420 810 4492 τραυματίαι,
837 4418 1151 4488 ἀνελόμενοι
1197 4416 1509 4483 ἀξιώσωσιν
1563 4416 1907 4486 ἐπιμελείας.

2004 3224 2102 3265 cos
2125 3208 2303 3265 duxit.
2331 3212 2439 3278 Qui
2471 3230 2596 3268 cum
2634 3212 2876 3272 Hebrum
2922 3234 3093 3290 prope
3119 3220 3314 3297 urbem
3344 3225 3585 3283 Tzerno-

2006 3304 2248 3358 mianum
2284 3306 2723 3378 trausjecissent.
2757 3320 2812 3364 et
2865 3310 3167 3381 imperator
3205 3330 3338 3372 suos
3385 3321 3583 3374 eodem

2006 3393 2126 3446 loco
2156 3394 2520 3465 transjiceret,
2548 3398 2724 3453 relicti
2750 3399 2820 3455 ab
2844 3415 2913 3457 eo
2947 3395 3306 3476 Adriauopoli
3329 3424 3437 3464 una
3459 3426 3586 3466 cum

2006 3485 2243 3543 ducibus
2274 3489 2391 3545 suis
2418 3490 2511 3574 llic
2536 3506 2596 3547 se
2619 3507 2744 3548 cum
2769 3492 2864 3549 illo
2917 3498 3354 3569 coniunxerunt,
3398 3516 3588 3574 tepore

2009 3588 2179 3660 tatam.
2206 3580 2276 3634 de
2320 3566 2580 3638 Barb‘aris
2631 3583 2915 3642 victoriam
2954 3566 3590 3660 gratulantesaver-um-

2008 3657 2193 3728 tamen
2225 3674 2496 3740 dolentes,
2526 3692 2637 3731 non
2677 3692 2736 3733 se
2772 3679 2827 3733 in
2858 3688 3102 3752 tempore
3128 3700 3325 3757 pugna:
3351 3687 3483 3744 huic
3511 3687 3592 3745 aia

2009 3765 2222 3831 fuisse,
2277 3782 2406 3823 cum
2454 3770 2933 3831 commilitonibus
2982 3774 3264 3847 fugientes
3314 3783 3591 3850 persecuti

2008 3867 2161 3913 sunt.
2198 3859 2302 3916 Ubi
2341 3860 2412 3915 ad
2444 3860 2715 3917 Tuntzam
2747 3864 2974 3920 ﬂuvium
3025 3880 3406 3938 pervenerunt
3453 3873 3591 3943 (28),

2009 3950 2242 4023 Scythas
2261 3952 2427 4009 modo
2458 3955 2745 4010 transiisse
2774 3951 3144 4028 signiﬁcatum
3175 3969 3284 4019 est.
3304 3956 3388 4020 Ibi
3418 3956 3490 4021 ob
3518 3967 3594 4025 sié

2010 4050 2125 4096 tum
2151 4042 2257 4098 loci
2288 4043 2431 4100 idem
2463 4030 2610 4114 quod
2643 4056 2771 4102 ante
2800 4049 3056 4120 contigit.
3084 4048 3301 4125 Quippe
3332 4071 3461 4112 cum
3486 4058 3594 4130 ipsi

2012 4143 2186 4189 totum
2219 4148 2413 4206 agmen
2454 4136 2775 4208 Scytbicum
2812 4140 3185 4214 intuerentur,
3236 4148 3308 4203 ab
3349 4149 3458 4206 illis
3508 4161 3595 4207 ta-

2010 4241 2137 4282 men
2168 4226 2439 4297 (exceptis
2481 4230 2656 4300 paulo
2704 4231 2890 4288 minus
2919 4242 3145 4290 centum
3198 4238 3493 4309 primanis,
3531 4244 3589 4299 in

2008 4320 2216 4390 quibus
2246 4323 2365 4391 ipse
2397 4322 2721 4396 imperator)
2753 4341 2862 4381 non
2915 4330 3420 4399 conspiciebantur.
3448 4335 3594 4392 Visis

2014 4413 2277 4470 Romanis
2302 4415 2465 4469 etiam
2484 4416 2583 4486 ipsi
2614 4417 2808 4488 pedem
2833 4435 3238 4490 represserunt,
3261 4425 3355 4479 sed
3380 4426 3447 4482 ad
3475 4444 3597 4485 cer-

352 4516 626 4578 Ἕλῡόντες
656 4514 715 4567 δὲ
769 4517 862 4568 καὶ
925 4513 1109 4582 ταφῆς
1167 4511 1467 4581 ἠξιωκότες
1528 4511 1653 4573 τοὺς
1684 4512 1895 4581 νεκροὺς

2019 4515 2201 4561 tamen
2233 4518 2342 4562 non
2374 4519 2791 4578 processerunt,
2835 4521 2949 4566 tum
3005 4515 3153 4584 quod
3205 4515 3407 4576 ﬂuvius
3469 4539 3597 4577 vere

342 4610 541 4680 (ζῶντα
572 4610 679 4676 γὰρ
711 4608 900 4660 οὐδένα
932 4599 1139 4674 εὗρον),
1182 4605 1321 4678 πρὸς
1361 4604 1461 4675 μὲν
1513 4605 1575 4657 τὸ
1603 4606 1907 4674 στρατόπε-

339 4702 427 4755 δον
458 4699 801 4770 ὑπέστρεψαν
829 4698 1034 4761 οὐκέτι,
1069 4697 1166 4767 τὴν
1219 4695 1277 4750 δὲ
1320 4694 1456 4763 πρὸς
1488 4697 1557 4753 τὰ
1596 4697 1775 4750 οίκεῖα
1817 4696 1911 4763 φέ-

343 4811 543 4866 ρουσαν
591 4793 749 4862 ἡνυον
794 4791 931 4845 ὁδόν.
978 4789 1068 4851 Ὠς
1106 4789 1163 4842 δὲ
1199 4788 1446 4859 ἠγγέλθη
1509 4787 1725 4859 βασιλεί
1780 4791 1911 4854 περὶ⁵

342 4888 570 4957 Μύρραν
626 4882 765 4939 εἶναι
828 4882 1102 4952 Σκυθικὴν
1174 4883 1468 4953 στρατιὰν,
1526 4882 1907 4953 Διδυμοτείχου

342 4978 595 5044 ἐξελθὼν,
635 4979 868 5050 ἤλαυνεν
900 4976 974 5039 ὡς
1012 4972 1126 5046 εἶχε
1169 4974 1370 5046 τάχους
1404 4974 1493 5027 ἐπ’
1527 4976 1750 5039 αὐτούς.
1787 4980 1912 5028 Δια-

344 5073 550 5125 ϐἀντων
576 5071 633 5125 δὲ
661 5062 843 5124 αὐτῶν
867 5070 957 5124 τὸν
985 5069 1184 5140 Ἕϐρον
1207 5068 1349 5123 κατά
1378 5070 1476 5139 τὴν
1508 5068 1911 5139 Τζερνομιάνου

340 5164 641 5234 λεγομένην
665 5163 842 5229 πόλιν,
880 5165 1003 5217 ἐπεὶ
1032 5164 1126 5214 καὶ
1153 5161 1182 5213 ό
1219 5160 1474 5231 βασιλεὺς
1506 5160 1649 5213 κατὰ
1680 5161 1771 5213 τὸν
1821 5160 1918 5213 αὐ-

341 5258 432 5310 τὸν
454 5257 732 5310 διεϐίϐασε
772 5255 942 5324 πόρον
987 5255 1053 5324 ἢν
1101 5249 1207 5322 ἦγε
1243 5254 1527 5323 στρατιὰν,
1562 5254 1594 5322 ἡ
1630 5252 1773 5306 κατά
1816 5253 1918 5321 τὴν

353 5347 793 5420 Ἀδριανούπολιν
816 5345 1249 5415 καταλειφοείσα
1275 5347 1427 5416 παρὰ
1461 5343 1727 5415 βασιλέως
1751 5362 1920 5415 στρα-

340 5443 436 5497 τιά
468 5444 584 5511 ἅμα
618 5444 725 5503 τοῖς
759 5439 1040 5510 σφετέροις
1072 5438 1335 5509 ἄρχουσιν
1379 5436 1616 5501 ἐνταῦθα
1652 5439 1925 5508 προσέμιο

2011 4600 2124 4670 jam
2158 4601 2493 4670 procedente
2554 4611 2894 4674 restagnaret
2927 4645 2943 4671 ,
2979 4615 3092 4661 tum
3129 4609 3290 4681 119
3318 4615 3464 4685 quod
3497 4616 3598 4672 lto-

2018 4694 2201 4749 stibus
2226 4694 2469 4749 nondum
2507 4696 2769 4753 omnibus
2796 4701 3109 4770 conspectis
3136 4715 3469 4776 metuerent,
3505 4726 3596 4776 ne,

2017 4789 2062 4841 si
2099 4804 2330 4843 numero
2368 4790 2613 4858 superati
2643 4803 2853 4851 essent.
2892 4808 3086 4863 parum
3121 4797 3355 4855 honeste
3404 4804 3599 4872 przelio

2017 4882 2473 4953 defungeremur.
2506 4885 2741 4940 Rmuani
2772 4886 3028 4942 similiter
3065 4891 3277 4948 cladem
3312 4893 3598 4961 timebant,

2019 4978 2062 5032 si
2097 4978 2282 5048 plures
2309 4966 2508 5031 decem
2532 4977 2778 5045 partibus
2803 4988 2859 5035 et
2883 4980 3121 5050 amplius
3150 4987 3598 5055 aggrederentur.

2020 5070 2291 5125 Creterum
2331 5068 2633 5151 imperator
2659 5085 2783 5151 cum
2842 5072 3039 5141 primis
3068 5075 3175 5130 illis
3223 5078 3516 5149 Romanis,
3547 5095 3604 5139 et

2023 5163 2306 5233 Taspugas
2338 5176 2480 5217 unus
2513 5144 2542 5217 ὸ
2575 5144 2903 5233 δογῖίιπιιω
2951 5166 3190 5225 ducibus
3220 5187 3345 5228 cum
3375 5144 3601 5231 totidem

2026 5255 2285 5309 Barbaris
2312 5272 2378 5310 ex
2414 5255 2588 5311 altera
2619 5256 2737 5325 ripa
2766 5256 3013 5314 ﬂuminis
3049 5260 3274 5319 breVem
3308 5269 3602 5336 quemdam

2027 5346 2304 5416 dialogum
2347 5346 2681 5402 habuerunt.
2716 5348 3103 5419 lnterrogante
3133 5353 3355 5425 Scytha,
3377 5358 3601 5427 quinam

2030 5438 2291 5493 mortales
2324 5447 2530 5499 essent,
2581 5439 2885 5510 imperator
2918 5456 3020 5511 per
3068 5445 3362 5513 quemdam
3402 5447 3606 5503 Graeca:

1573 5560 1788 5621 Jacobi
1823 5558 2088 5623 Pontani
2127 5565 2315 5620 notua.

414 5667 524 5731 (28)
558 5666 619 5721 In
658 5664 853 5720 Graeco
893 5672 996 5730 est,
1025 5658 1233 5729 Ντζὰν,
1283 5671 1544 5732 corrupte
1575 5663 1787 5733 utique,
1818 5680 1919 5734 pro

342 5738 608 5802 τοῧντζαν
629 5776 643 5798 ,
669 5748 726 5788 οι
749 5737 797 5788 is
826 5734 1028 5788 (iusius
1083 5734 1359 5790 Karitzam
1385 5774 1398 5795 ,
1429 5735 1546 5788 sive
1568 5734 1875 5788 'Pdariscam
1897 5775 1911 5799 ,

344 5811 476 5865 olim
502 5808 767 5869 Hebrum,
808 5804 1078 5860 illabitur.
1145 5804 1204 5858 lu
1240 5806 1518 5860 Romaniae
1566 5805 1681 5860 sive
1736 5804 1911 5860 Thra-

2026 5664 2128 5717 cia:
2163 5663 2346 5785 talbula
2414 5663 2562 5718 tertii
2617 5662 2981 5719 additamenti
3041 5664 3269 5721 Theatri
3330 5667 3605 5729 Orteliani

2027 5734 2206 5785 deseri
2230 5734 2383 5785 ritur.

2027 5739 2383 5788 describitur.

3152 5894 3177 5921 ι
