4028 6430
397 408 496 472 301

1583 407 2125 470 HISTORIARUM
2169 405 2402 472 LIBER
2443 408 2486 470 ῐ.

3565 410 3673 474 302

403 545 518 591 νοις
554 527 628 591 ὡς
659 527 1003 582 λυσιτελέσιν
1053 531 1080 582 ὁ
1119 530 1378 599 βασιλεὺς
1417 525 1840 594 πεισθεὶςξεῐτε
1875 527 1976 597 τὴν

2083 527 2199 581 sive
2243 530 2464 598 nepotis
2505 527 2842 599 probitatem,
2876 530 3171 593 reveritus.
3211 529 3266 584 in
3305 532 3673 601 protovestia-

404 622 500 676 τοῦ
530 623 650 674 νέου
683 622 1094 691 καλοκαγαθίαν
1125 624 1420 687 αἰδεσθεὶς,
1446 623 1544 676 τοῦ
1578 621 1768 686 κακῶς
1803 624 1984 675 ποιεῖν

404 718 496 770 τὸν
527 717 1036 788 πρωτοὸεστιάριον
1057 719 1292 786 ἀπέστη.
1327 717 1488 774 Οὕτω
1520 717 1619 787 μὲν
1647 719 1984 786 ἀμφοτέροις

408 809 437 860 6
465 807 585 870 νέος
617 807 897 878 βασιλεὺς,
944 807 1025 878 τῷ
1072 808 1173 879 μὲν
1206 808 1301 863 τοῦ
1346 810 1421 879 μὴ
1455 807 1696 876 πληγαῖς
1737 806 1874 875 πρὸς
1904 804 1984 886 τῷ

402 903 773 973 ἀτιμασθῆναι
805 903 1177 972 συγκοπῆναι,
1236 903 1314 974 τῷ
1365 903 1422 957 δὲ
1469 903 1563 957 τοῦ
1599 901 1676 973 μὴ
1725 901 1815 954 διὰ
1865 901 1980 969 βίου

401 981 778 1066 δεσμωτήριον
814 999 1008 1061 οἰκεῖν,
1052 993 1380 1058 αἰτιώτατος
1423 996 1690 1063 ἐγεγόνει.
1729 995 1894 1048 Αὐτοὶ
1924 992 1980 1046 δὲ

408 1091 547 1158 μετὰ
580 1090 778 1160 μικρὸν
836 1091 904 1142 ἐκ
952 1087 1046 1143 τοῦ
1103 1088 1290 1158 ἄκρως
1344 1085 1846 1156 ἐκπεπολεμῶσθαι
1901 1088 1980 1147 εἰς

404 1184 588 1250 φιλίαν
617 1181 987 1244 συνελθόντες,
1019 1184 1114 1233 καὶ
1138 1183 1324 1249 ὅρκοις
1354 1181 1776 1249 ἐμπεδώσαντες
1807 1179 1981 1248 ἀλλή-

401 1276 526 1338 λους
554 1270 590 1344 ἦ
631 1275 738 1345 μὴν
794 1277 1092 1343 φρονήσειν
1135 1273 1309 1327 ταύτὰ
1363 1273 1500 1344 ’πρὸς
1544 1275 1635 1325 τὸν
1689 1275 1832 1326 κατὰ
1883 1272 1978 1324 τοῦ

400 1367 524 1420 νέου
573 1367 846 1438 βασιλέως
887 1367 1150 1434 πόλεμον,
1201 1364 1357 1418 αὐτοί
1392 1383 1450 1417 τε
1493 1363 1840 1433 ἐξηρτύοντο,
1885 1364 1980 1414 καὶ

398 1459 493 1512 τὸν
541 1458 769 1528 βασιλέα
825 1459 1189 1527 παρεκάλουν,
1252 1457 1493 1519 ἀπάταις
1552 1457 1827 1527 χρώμενοι
1883 1455 1980 1511 καὶ

396 1549 696 1611 διαϐολατςο
730 1549 825 1602 καὶ
861 1550 961 1618 τῆς
997 1549 1322 1620 εὐεργεσίας
1350 1548 1678 1623 ἀπεδίδοσαν
1708 1549 1870 1619 χάριν
1918 1550 1979 1602 τὸ

404 1643 567 1713 μέχρι
603 1641 832 1695 Θανάτου
883 1641 1168 1711 πολεμεῖν.
1226 1640 1368 1696 Ἀλλ’
1425 1643 1626 1717 ἐκεῖνοι
1683 1643 1782 1711 μὲν
1809 1641 1976 1696 οὕτω

402 1731 658 1800 βασιλεὺς
705 1732 761 1785 δὲ
805 1733 832 1784 ὁ
889 1733 1268 1804 πρεσϐύτερος
1325 1732 1418 1786 τὸν
1463 1736 1978 1805 πρωτοῆεστιάριον

395 1825 633 1896 ἄρχοντα
689 1827 1042 1895 καταστήσας
1103 1825 1470 1897 Βαλαγράδων
1502 1865 1516 1892 ,
1577 1826 1868 1896 προσηνῶς
1914 1843 1977 1879 τε

396 1920 492 1972 καὶ
519 1919 740 1989 ἡμέρως
791 1919 1082 1990 ὁμιλήσας.
1144 1919 1239 1973 καὶ
1292 1918 1466 1972 πολλὰ
1501 1919 1979 1987 ἐπαγγειλάμενος

395 2005 458 2064 εὖ
507 2012 779 2080 ποιήσειν,
835 2011 1174 2082 ἐξέπεμψεν,
1230 2011 1371 2064 ὅσων
1421 2011 1488 2064 ἂν
1534 2011 1646 2064 δέοι
1694 2010 1832 2080 πρὸς
1884 2009 1976 2063 τὸν

392 2103 632 2172 πόλεμον
663 2099 809 2154 εἶναι
863 2103 1394 2173 παρεσκευασμένον
1449 2102 1852 2171 παραγγείλαςο
1899 2101 1974 2165 ὡς

400 2197 519 2262 ἅμα
550 2193 626 2263 τῷ
658 2193 916 2258 δέξασθαι
945 2193 1251 2264 γράμματα
1276 2192 1410 2262 παρ’
1443 2193 1627 2255 αὐτοῦ,
1655 2193 1868 2261 βασιλεί
1897 2189 1976 2260 τῷ

400 2287 507 2357 νέῳ
534 2288 633 2351 τὴν
675 2287 740 2338 ὲκ
767 2289 866 2357 τῆς
897 2287 1135 2356 ἑσπέρας
1173 2286 1390 2350 ἐπάξων
1433 2284 1717 2356 στρατιάν.
1756 2283 1974 2336 ’Λπὺιδὲ

397 2379 692 2443 Βυζαντίου
747 2379 885 2448 πρὸς
923 2376 1016 2432 τὸν
1056 2379 1176 2431 νέον
1218 2377 1568 2450 ’Δνδρόνικον
1609 2371 1750 2448 ἧκον
1779 2377 1974 2449 γράμ-

397 2489 549 2540 ματα
578 2471 730 2542 παρὰ
787 2471 896 2524 τῶν
948 2470 1121 2538 φίλων
1178 2473 1370 2540 σαφῶς
1410 2469 1835 2537 ἀπαγγέλλοντα
1883 2469 1975 2521 τὸν

397 2561 774 2632 πρεσϐύτερον
809 2561 1034 2630 βασιλέα
1069 2562 1207 2632 πρὸς
1239 2562 1329 2614 τὸν
1351 2562 1591 2631 πόλεμον
1619 2561 1978 2633 παρασκευάς

399 2653 612 2720 ζεσθαι.
646 2654 738 2707 At?)
773 2655 867 2708 καὶ
915 2653 1096 2716 ἐδόκει
1137 2654 1250 2707 δεῖν
1290 2653 1441 2723 αὐτῷ
1492 2653 1612 2724 ἅμα
1639 2653 1718 2722 τῷ
1754 2655 1979 2724 μεγάλῳ

396 2745 705 2815 δομεστίκῳ
735 2747 831 2800 καὶ
861 2746 1314 2818 πρωτοστράτορι
1350 2745 1650 2815 βουλευτέα
1675 2739 1814 2798 εἶναι
1843 2745 1976 2814 περὶ⁵

393 2837 494 2892 τοῦ
561 2840 828 2908 πολέμου.
923 2837 1390 2908 Βουλευσαμένοις
1461 2837 1520 2892 δὲ
1599 2837 1977 2908 μεγαλοψυχίᾳ

392 2930 587 3002 ὥσπερ
647 2931 744 2985 καὶ
801 2931 896 2984 ἐπὶ
966 2930 1077 2984 τῶν
1159 2932 1448 3000 προτέρων
1493 2930 1751 2999 πολέμων
1798 2929 1975 2981 ἐδόκει

387 3023 649 3095 χρῆσθαι,
678 3024 772 3078 καὶ
805 3023 886 3093 μὴ
906 3021 1428 3093 προεξανίστασθαι,
1464 3021 1603 3074 ἀλλὰ
1622 3022 1711 3073 τὸν
1738 3019 1846 3073 ἀπὸ
1865 3019 1973 3072 τῶν

393 3117 737 3191 πραγμάτων
767 3116 991 3188 ἔλεγχον
1022 3116 1363 3188 περιμένειν·
1398 3115 1514 3186 ἅμα
1542 3115 1634 3169 καὶ
1657 3113 1975 3179 ἐλπίζοντες

390 3209 854 3282 περιγενήσεσθαι
879 3208 974 3277 τοῦ
1019 3211 1290 3281 πολέμου,
1321 3209 1624 3280 ἀμύνοντος
1661 3209 1843 3270 αὐτοῖς
1874 3207 1972 3260 καὶ

390 3302 487 3356 τοῦ
515 3301 651 3357 Θεοῦ
671 3303 1290 3373 ’παρασπονδουμένοις.
1315 3302 1485 3356 Αὐτοὶ
1517 3302 1628 3372 γὰρ
1660 3298 1785 3354 οὔτε
1819 3299 1967 3370 λόγῳ

392 3394 576 3448 αἰτίαν
606 3397 912 3466 παρασχεῖν
945 3393 1042 3448 τοῦ
1095 3394 1358 3450 λελῦσθαι
1416 3394 1518 3458 τὰς
1554 3394 1816 3454 σπονδάς.
1849 3391 1977 3446 Πεί-

2089 621 2232 674 rium
2260 621 2702 677 animadvertere
2729 623 3063 692 supersedit.
3097 623 3174 677 lta
3207 623 3398 692 junior
3431 623 3672 694 impera-

2087 722 2174 767 tor
2224 715 2316 768 uni
2353 715 2588 768 maxime
2619 716 2846 785 profuit,
2878 733 2946 770 ne
2974 732 3096 771 cum
3140 717 3363 772 infamia
3402 724 3460 772 et
3503 717 3674 772 dede-

2086 824 2214 862 core
2255 808 2579 863 verberibus
2611 812 3087 877 contunderetur;
3125 811 3306 870 alteri.
3334 827 3405 867 ne
3447 812 3669 866 internis

2085 900 2320 954 vinculis
2355 901 2712 955 mandaretur
2735 921 2748 956 :
2771 905 2862 972 qui
2897 919 3012 957 non
3047 903 3140 957 diu
3181 913 3304 973 post
3331 919 3397 958 ex
3428 903 3671 958 infestis-

2083 989 2240 1044 simis
2277 991 2418 1045 odiis
2453 993 2505 1046 in
2533 994 2761 1063 gratiam
2796 1004 3042 1049 nmtuam
3075 995 3385 1051 redierunt.
3420 994 3670 1063 Cumque

2085 1082 2230 1136 inter
2252 1099 2309 1136 se
2325 1084 2392 1137 ad
2418 1084 2561 1138 idem
2589 1087 2939 1140 sentiendum
2962 1087 3351 1155 jusjurandum
3375 1087 3671 1140 conﬁrma-

2086 1175 2254 1228 tionis
2285 1191 2418 1247 ergo
2443 1177 2849 1242 adhibuissent,
2881 1177 2984 1249 ipsi
3023 1180 3226 1233 bellum
3257 1179 3666 1246 instruxerunt,
3705 1182 3707 1186 ’

2083 1267 2335 1337 dolisque
2361 1279 2418 1324 et
2445 1270 2740 1325 calumniis
2778 1287 2963 1326 senem
2997 1273 3261 1328 adversus
3293 1283 3550 1344 nepotem
3585 1274 3671 1328 in-

2081 1361 2426 1425 cenderunt,
2473 1373 2530 1418 et
2586 1364 2854 1419 beneﬁcia
2916 1366 3056 1420 bene
3094 1367 3349 1420 meritum
3381 1383 3556 1436 usque
3599 1366 3668 1421 ad

2082 1463 2320 1509 mortem
2367 1457 2738 1526 oppugnando
2787 1469 3180 1526 pensaverunt.
3227 1459 3402 1528 Atque
3454 1459 3508 1511 hi
3547 1459 3674 1528 qui-

2080 1547 2204 1603 drm
2236 1551 2309 1603 ita
2340 1567 2402 1602 se
2429 1559 2740 1619 gesserunt.
2785 1549 3089 1620 Imperator
3123 1566 3262 1619 avus
3297 1552 3670 1621 protorcstia-

2082 1639 2226 1694 rium
2261 1640 2686 1710 Balagradorum
2724 1644 3012 1712 pra-Siden]
3065 1645 3295 1708 ereavit,
3325 1645 3670 1716 benigneque

2079 1746 2144 1786 ac
2164 1739 2447 1789 mansuete
2472 1744 2786 1797 tractatum.
2803 1752 2928 1789 cum
2952 1737 3251 1791 multarunt
3273 1737 3670 1794 beneficiorum

2082 1824 2481 1894 pollicitatione
2499 1829 2683 1884 etnisit
2703 1847 2715 1882 :
2737 1845 2862 1883 cum
2885 1830 3235 1900 praecepisset
3261 1828 3673 1900 utquibuscun-

2082 1930 2189 1986 que
2213 1916 2283 1972 ad
2318 1919 2520 1974 bellum
2549 1935 2689 1990 opus
2716 1930 2882 1986 esset,
2919 1932 3106 1990 parata
3143 1920 3395 1985 haberet,
3427 1934 3537 1990 quo
3563 1928 3673 1973 sta-

2082 2009 2181 2064 tim
2239 2017 2406 2079 atque
2435 2025 2466 2066 a
2527 2027 2585 2066 se
2642 2012 2857 2067 litteras
2890 2013 3220 2081 accepisset,
3263 2028 3328 2067 ex
3369 2009 3670 2087 Occidente

2079 2100 2266 2168 copias
2300 2101 2357 2155 in
2406 2110 2660 2172 nepotem
2711 2103 2959 2159 duceret.
2993 2103 3095 2158 Cui
3144 2104 3414 2173 scriptum
3469 2112 3552 2156 est
3599 2102 3670 2154 ab

2081 2193 2274 2247 amicis
2298 2193 2580 2263 Byzantio,
2603 2210 2763 2250 avum
2802 2196 3083 2266 propalam
3125 2195 3328 2249 bellum
3366 2195 3666 2249 adornare.

2080 2286 2452 2352 Quamobrem
2486 2287 2560 2350 ei,
2589 2294 2646 2342 et
2673 2304 2868 2355 magno
2905 2288 3232 2351 domestico,
3266 2301 3368 2344 nec
3398 2303 3504 2342 non
3537 2303 3670 2355 pro-

2080 2379 2362 2433 tostratori
2396 2379 2464 2433 de
2492 2379 2638 2434 bello
2674 2379 2728 2432 in
2759 2379 3051 2432 consilium
3086 2381 3163 2434 ire
3197 2379 3427 2450 placuit,
3464 2381 3670 2433 visum-

2078 2483 2186 2538 que
2209 2467 2605 2534 adhibendam,
2635 2479 2694 2524 ut
2719 2469 3002 2539 prioribus
3035 2470 3215 2532 bellis,
3250 2469 3418 2523 animi
3450 2469 3664 2539 magni-

2081 2562 2330 2618 tudinem
2368 2581 2380 2616 :
2413 2577 2515 2616 nec
2538 2562 2692 2630 prius
2723 2562 3142 2633 insurgendum,
3168 2562 3262 2618 sed
3289 2563 3420 2632 quid
3450 2572 3668 2632 tempus

2080 2663 2324 2714 moneat.
2375 2653 2836 2724 exspectandum;
2881 2654 3020 2722 Spes
3050 2653 3214 2709 etiam
3249 2654 3499 2709 victoria:
3532 2671 3672 2724 prae-

2078 2746 2228 2802 clara
2273 2745 2396 2799 illos
2427 2743 2796 2809 sustentabat,
2841 2743 2990 2813 quod
3025 2745 3198 2798 Deum
3237 2743 3342 2799 sibi
3366 2739 3540 2800 fracto
3569 2743 3672 2798 l'tn-

2079 2839 2212 2894 dere
2262 2837 2408 2892 lzcsis
2458 2851 2864 2900 succursurum
2942 2835 3288 2890 conﬁderent
3340 2852 3354 2889 :
3403 2836 3469 2890 ad
3519 2836 3667 2906 quod

2078 2932 2447 3002 frangendum
2495 2930 2599 3000 ipsi
2653 2944 2756 2983 nec
2789 2944 2870 2994 re,
2909 2943 3012 2984 nec
3047 2928 3218 2982 verbo
3264 2927 3317 2981 in
3355 2943 3520 2982 causa
3558 2929 3670 2982 ullo

2081 3025 2246 3076 modo
2290 3021 2542 3076 fuissent.
2579 3017 2920 3097 Experiundi
2956 3028 3138 3072 tamen
3169 3016 3366 3088 gratia,
3399 3017 3670 3073 Constan-

2080 3113 2352 3184 tinopolin
2394 3111 2832 3182 procedendum,
2875 3112 3022 3180 quod
3066 3109 3193 3164 belli
3224 3109 3461 3175 molitio,
3503 3108 3668 3162 simul

2079 3223 2145 3262 ac
2181 3223 2249 3262 eo
2285 3206 2670 3265 accessissent.
2703 3203 2850 3257 clare
2881 3201 3219 3272 apparitura,
3257 3211 3354 3256 aut.
3393 3211 3670 3272 perterre-

2078 3300 2240 3356 factis
2285 3300 2382 3369 qui
2435 3297 2569 3352 illud
2611 3296 2968 3358 suscitarant,
3003 3294 3058 3349 in
3112 3293 3352 3348 nihilum
3404 3307 3668 3348 recasura

2081 3400 2252 3446 esset.
2287 3390 2415 3446 llaec
2448 3386 2862 3444 ronsiliantium
2894 3387 3169 3440 sententia
3200 3383 3327 3438 fuit.
3677 3405 3720 3444 ο

394 3506 495 3560 ρας
545 3489 603 3547 δὲ
643 3492 802 3562 χάριν
833 3491 1012 3545 ἐδόκει
1045 3489 1184 3561 πρὸς
1215 3490 1518 3556 Βυζάντιον
1551 3491 1815 3545 ἀπελθεῖν
1839 3489 1914 3554 ὼς
1945 3487 1978 3557 ἢ
2022 3487 2262 3558 φανεροῦ
2297 3485 2668 3556 γενησομένου
2702 3483 2822 3553 ἅμα
2883 3481 2961 3550 τῷ
2994 3471 3193 3545 αὐτοὺς
3252 3477 3550 3548 ἀφικέσθαι
3574 3475 3670 3530 τοῦ

393 3584 651 3655 πολέμου,
696 3583 1268 3657 ἢδιαλυθησομένου,
1324 3584 1434 3640 τῶν
1478 3585 1776 3640 κινούντων
1809 3582 2300 3655 καταπληξάντων.
2341 3579 2561 3635 Βασιλεῖ
2622 3579 2723 3642 μὲν
2783 3576 2876 3630 οὖν
2901 3575 2977 3645 τῷ
3037 3576 3140 3642 νέῳ
3189 3574 3285 3627 καὶ
3335 3574 3452 3639 τοῖς
3485 3573 3661 3642 φίλοις

388 3676 572 3742 οὕτως
609 3676 806 3731 ἐδόκει.

1702 3793 1861 3865 133
1905 3792 2136 3850 CAPUT
2179 3791 2367 3848 xuv.

394 3884 503 3961 Per
535 3886 734 3958 legatos
764 3907 892 3944 avus
941 3900 1184 3961 nepotem
1220 3899 1415 3949 monet.
1471 3907 1536 3944 ne
1581 3889 1905 3960 Byzantium
1934 3891 2299 3959 ingrediatur.
2338 3886 2671 3961 [naualem
2730 3902 2792 3939 ea
2838 3885 3265 3961 denuntiatione,
3299 3885 3467 3961 Deum
3493 3894 3671 3961 testem

463 3956 774 4033 innocentia
802 3977 913 4015 suae
941 3956 1214 4033 appellat;
1245 3979 1339 4015 nec
1362 3969 1594 4033 recusat.
1616 3956 1664 4014 ἔὶ
1691 3961 1927 4033 legitimi;
1951 3956 2237 4014 accusatus
2257 3973 2333 4033 _se
2377 3956 2659 4033 defendere
2688 3957 3005 4033 nequiverit,
3031 3956 3156 4033 quin
3190 3971 3370 4025 pennas
3397 3959 3500 4033 det.
3542 3957 3672 4026 Ejus

463 4031 767 4084 memoriam
801 4047 830 4085 e
860 4026 1030 4085 sacris
1062 4047 1158 4100 per
1193 4026 1375 4088 omnia
1401 4030 1600 4102 templa
1633 4026 1765 4084 tolli
1784 4031 1897 4085 vult
1928 4046 2092 4097 avus;
2121 4026 2662 4101 patriarclta‘diserte
2711 4026 2890 4098 nepoti
2915 4026 3307 4093 patrocinatur,
3337 4030 3672 4098 retragatur.

464 4141 578 4196 Καὶ
608 4142 838 4214 ὕστερον
867 4144 928 4204 ού
955 4144 1179 4209 πολλαῖς
1208 4145 1450 4214 ἡμέραις
1478 4145 1624 4198 κατὰ
1661 4145 1760 4208 τὰς
1796 4144 1973 4214 ἀρχὰς

403 4234 734 4305 Ὁλτωόρίου
773 4239 874 4308 τῆς
921 4237 1162 4306 δεκάτης
1204 4236 1574 4300 ἰνδικσιῶνος,
1628 4237 1695 4290 εκ
1741 4235 1976 4306 Διδυμοο

366 4332 575 4402 Ατείχου
595 4328 761 4402 ἦλθον
789 4333 870 4396 εἰς
901 4330 1213 4402 Σηλυϐρίαν
1239 4372 1254 4396 ,
1290 4332 1559 4402 στρατιὰν
1609 4330 1709 4400 μὲν
1748 4330 1852 4384 ούκ
1877 4332 1976 4384 ιπμ

376 4423 680 4492 ἀγόμενοι,
719 4421 818 4476 τοῦ
864 4422 942 4494 μὴ
985 4421 1167 4476 δοκεῖν
1213 4422 1533 4493 ἐξεπίτηδες
1557 4423 1694 4494 πρὸς
1738 4423 1976 4491 πόλεμον

391 4516 612 4586 χωρεϊνο
651 4515 767 4585 ἅμα
792 4515 850 4567 δὲ
871 4514 1118 4577 οἰκέταις
1151 4514 1247 4568 καὶ
1272 4515 1381 4568 τῶν
1413 4515 1588 4584 φίλων
1617 4515 1717 4568 οὑκ
1745 4515 1974 4584 ὀλίγοις.

403 4609 488 4672 Ὠς
523 4606 581 4661 δὲ
636 4606 874 4660 ἐπύθετο
925 4609 955 4660 ὁ
1022 4605 1401 4676 πρεσϐύτερος
1437 4606 1694 4676 βασιλεὺς
1720 4649 1736 4674 ,
1770 4607 1862 4673 τόν
1915 4623 1975 4660 τε

389 4699 795 4768 δικαιοφύλακα
835 4699 1139 4769 Γρηγὸριον
1186 4701 1278 4752 τὸν
1319 4700 1574 4766 Κλειδᾶν,
1610 4702 1705 4755 καὶ
1744 4699 1974 4768 Νίφωνα

389 4793 482 4845 τὸν
513 4793 816 4847 ἐπίσκοπον
841 4793 1169 4860 Μογ).αίνων
1193 4793 1334 4862 πρὸς
1355 4793 1446 4846 τὸν
1467 4793 1694 4862 ἔγγονον
1717 4795 1977 4848 ἀπέστει-

392 4881 483 4936 λεν
545 4869 624 4947 είς
679 4883 1026 4954 Σηλυϐρίαν,
1087 4885 1170 4946 είς
1225 4881 1527 4947 Βυζάντιον
1593 4883 1835 4938 κελεύων
1893 4883 1969 4954 μὴ

2152 4143 2281 4198 Dies
2312 4141 2472 4212 pauci
2503 4141 2962 4204 intercesserunt,
2993 4157 3120 4196 cunt
3156 4144 3386 4198 ineunte
3416 4144 3668 4207 Octobri.

2082 4234 2388 4291 indictione
2437 4233 2676 4298 decima.
2744 4233 3130 4305 Didymoticho
3193 4233 3502 4305 Selybriam
3553 4236 3672 4292 sine

2082 4328 2334 4384 exercitu
2396 4327 2488 4397 (ne‘
2541 4326 2733 4382 dedita
2777 4340 2946 4396 opera
2996 4326 3052 4381 in
3090 4325 3296 4382 bellum
3347 4326 3672 4382 viderentur

2084 4415 2412 4490 proﬁcisci),
2444 4433 2736 4473 servorum
2781 4419 3200 4488 amicorumque
3221 4417 3410 4489 stipati
3437 4420 3673 4474 catervis

2087 4517 2380 4566 venerunt.
2439 4506 2598 4574 Quod
2653 4517 2713 4563 ut
2753 4507 3029 4578 competit
3084 4507 3292 4574 senior,
3345 4507 3671 4580 Gregorium

2083 4600 2296 4656 Clidam
2329 4601 2813 4672 dicreophylacem,
2845 4609 2901 4656 et
2933 4599 3244 4672 Nipbonem
3280 4601 3672 4672 MOgIaenorum

2085 4693 2411 4762 episcopum
2477 4689 2784 4762 Selybriam
2855 4692 3050 4756 mittit,
3111 4691 3231 4746 suis
3263 4691 3448 4747 verbis
3482 4691 3671 4762 nepoti

2085 4784 2432 4850 mandatum,
2468 4799 2538 4840 ne
2566 4783 2889 4856 Byzantium
2915 4786 3079 4842 adeat
3110 4803 3126 4842 :
3152 4801 3264 4842 non
3285 4786 3434 4842 enim
3456 4785 3672 4853 ingredi

2038 4921 2042 4924 μ
2081 4880 2510 4949 permissurum,
2564 4864 3015 4950 quandoquidem
3065 4879 3250 4935 ftedus
3280 4879 3336 4932 in
3376 4881 3674 4948 postremis

392 4975 592 5031 ἐλθεῖν.
627 4976 764 5028 Οὐδὲ
791 4975 901 5043 γὰρ
952 4975 1020 5030 ἂν
1059 4975 1223 5046 ,αὐτῷ
1247 4977 1348 5046 τὴν
1391 4976 1599 5030 εἴσοδον
1639 4978 1976 5048 παραχωρή-

2082 4973 2372 5028 habuisset
2404 4973 2546 5044 (70).
2582 4973 2822 5030 Proinde
2860 4974 2906 5028 si
2941 4972 3074 5043 quid
3107 4973 3158 5028 ei
3190 4974 3480 5031 obveniret
3517 4977 3673 5044 mali,

393 5083 526 5134 σειν,
559 5068 643 5120 ὅτι
686 5066 788 5128 τὰς
832 5067 972 5137 πρὸς
1003 5068 1169 5121 αὐτὸν
1217 5069 1453 5132 σπονδὰς
1493 5069 1833 5139 παραλύσειε
1872 5073 1968 5124 καὶ

390 5157 515 5218 τοὺς
536 5157 737 5226 ὅρκους
761 5173 778 5189 ο
827 5157 931 5210 κᾶν
976 5174 1031 5211 τι
1072 5160 1204 5229 περὶ
1239 5158 1407 5212 αὐτὸν
1454 5161 1638 5232 συμϐῇ
1673 5161 1780 5216 τῶν
1810 5161 1973 5215 ἀϐου-

386 5247 594 5318 λήτων,
647 5251 750 5303 οὐκ
784 5249 1016 5318 ἐκεινῳ,
1059 5249 1177 5303 ἀλλ’
1230 5250 1412 5320 ἑαυτῷ
1461 5251 1562 5320 τὴν
1601 5252 1786 5307 αἰτίαν
1820 5252 1971 5320 λογί-

389 5338 581 5404 ζεσθαι
633 5341 1150 5414 παοεσπονδηκότι.
1201 5341 1424 5398 Τούτων
1477 5344 1722 5408 ἀκούσας
1778 5347 1807 5399 6
1849 5345 1970 5408 νέος

2055 5064 2322 5130 manilii,
2357 5065 2454 5121 sed
2505 5065 2612 5121 sibi
2669 5066 2888 5136 culpam
2945 5067 3292 5133 ascriberet,
3349 5068 3444 5139 qui
3493 5068 3675 5126 fmdus

2080 5157 2367 5214 violasset.
2403 5157 2588 5212 Doluit
2623 5172 2955 5227 magnopere
2989 5159 3093 5214 hac
3120 5159 3544 5216 denuntiatione
3570 5175 3674 5216 ne-

2081 5266 2211 5322 pos,
2243 5253 2586 5322 paulumque
2617 5262 2936 5315 cunetatus,
2973 5253 3315 5322 Voluissem,
3341 5255 3542 5330 inquit,
3567 5253 3672 5308 do.

2079 5345 2292 5402 minum
2325 5358 2510 5400 meum
2542 5344 3034 5415 etimperatorem
3083 5338 3422 5405 obedienti'ae
3448 5355 3505 5402 et
3532 5346 3666 5412 sub-

1631 5461 1851 5524 Jacobi
1887 5459 2155 5525 Pontani
2190 5467 2386 5524 noue.

465 5558 580 5628 (70)
612 5557 994 5624 Σπονδᾶις,καὶ
1021 5553 1386 5630 τοῦςὸρκους.
1415 5559 1556 5616 Cum
1589 5560 1798 5617 radere
1839 5577 1976 5630 saepe

465 5632 571 5693 ugit
593 5630 777 5693 ὅρκος.
811 5630 918 5686 Sed
967 5635 1095 5693 quia
1153 5631 1332 5685 foedus
1363 5633 1484 5687 sine
1506 5632 1826 5693 iuramento
1855 5635 1976 5687 nul-

2084 5563 2458 5634 juramentum
2482 5602 2498 5628 ,
2533 5579 2628 5619 seu
2675 5563 3086 5636 jusjurandum.
3119 5567 3305 5625 Graeca
3337 5566 3521 5693 coria.
3570 5580 3672 5624 seu

2095 5635 2402 5693 loquacitas
2455 5636 2654 5689 crebro
2697 5636 2820 5692 sine
2870 5654 3037 5693 causa
3089 5639 3257 5692 verba
3313 5653 3406 5692 mu
3433 5639 3669 5693 tinlieat.

392 5629 571 5701 iungit
593 5630 777 5696 ὅρκος.
811 5630 918 5686 Sed
967 5635 1095 5699 quia
1153 5629 1332 5685 ltedus
1363 5633 1484 5687 sine
1506 5632 1826 5701 iuramento
1855 5629 1984 5687 nul-

415 5715 507 5753 um
538 5707 644 5761 εει,
673 5711 768 5753 aut
813 5713 964 5754 certe
1001 5701 1304 5770 perfectum
1352 5717 1463 5756 non
1510 5711 1618 5766 est,
1657 5717 1768 5756 non
1800 5702 1981 5758 habeo

391 5783 640 5841 necesse,
673 5785 890 5841 semper
941 5785 1133 5825 vocem
1158 5771 1532 5840 jurameutum
1563 5771 1790 5836 addere,
1842 5788 1982 5841 quo-

391 5839 502 5894 ties
537 5854 734 5892 nomen
769 5839 997 5895 hederis
1044 5839 1330 5902 occurrit.
1365 5853 1424 5896 ut
1471 5842 1671 5904 dicam.
1720 5839 1887 5905 {certus
1928 5857 1978 5898 et

2095 5635 2402 5710 loquacitas
2455 5635 2820 5710 crebro’sine
2870 5654 3037 5694 causa
3089 5639 3257 5692 verba
3313 5635 3669 5710 multiplicat,

2055 5775 2058 5778 γ
2090 5701 2274 5779 Latini
2309 5706 2624 5760 severiores
2663 5717 2795 5761 sunt
2817 5748 2834 5773 ,
2868 5720 2925 5761 et
2969 5725 3092 5779 qua:
3113 5725 3183 5763 ex
3207 5709 3373 5764 dictis
3418 5701 3554 5772 satis
3589 5711 3675 5764 in-
3775 5727 3782 5736 ·

2091 5777 2441 5847 telliguntur,
2484 5786 2580 5831 aut
2614 5780 2928 5833 necessario
2951 5777 3246 5852 conjuncta
3272 5787 3426 5849 sunt,
3457 5789 3664 5838 tacent.
