4028 6450
299 377 415 462 fut
1013 362 1020 368 ’
1175 390 1182 398 ο
1515 367 1761 430 JOANN
1772 367 1842 428 IS
1881 363 2408 426 CANTACUZENI

3457 356 3562 422 3οι

296 490 564 565 ,ῇεοιὶοιιὶδ
593 505 749 555 meai,
797 503 960 560 quam
991 501 1120 556 erga
1160 501 1284 541 eum
1321 483 1479 540 factis
1513 483 1750 546 ostendi,
1781 497 1890 535 non

2006 479 2276 550 βασιλεὺς,
2312 478 2522 548 ῆλγησε
2574 474 2674 544 μὲν
2713 473 2812 544 οὐχ
2867 474 3077 544 ἥκιστα
3111 469 3206 523 ἐπὶ
3240 471 3358 534 ταῖς
3393 456 3563 538 ἀγγε-

311 601 484 654 usque
536 584 674 638 adeo
709 579 1036 649 deposuisse
1075 577 1420 631 memoriam.
1455 575 1561 630 Sed
1591 574 1718 644 quia
1754 588 1881 642 pec-

309 677 447 730 catis
471 675 608 727 meis
643 673 847 725 factum
883 679 988 736 est,
1025 677 1084 722 ut
1117 669 1226 723 huc
1250 667 1656 736 prolaberetur,
1688 679 1885 732 meque

311 765 594 835 perjurnm
631 771 686 815 et
720 768 1006 829 pactorum
1045 765 1564 822 conventorumque
1631 759 1908 804 contem-

313 860 530 922 ptorem
574 850 853 921 judicaret
878 863 943 902 ac
972 847 1202 910 diceret,
1247 861 1372 901 cum
1415 844 1647 914 probum
1682 843 1887 911 potius,

239 945 262 962 ‘
317 945 488 1015 patris
524 952 826 1002 amantem,
862 939 1081 1007 sibique
1130 937 1598 1006 subjectissimum
1631 941 1887 1003 reputare

316 1037 622 1095 debuisset,
653 1034 888 1103 primum
919 1029 1142 1097 quidem
1178 1037 1488 1097 opportune
1524 1041 1621 1080 vos
1653 1025 1761 1078 huc
1790 1041 1887 1078 ve-

318 1130 466 1182 nisse
499 1127 764 1188 arbitror,
815 1123 962 1175 viros
999 1119 1327 1189 prudentes,
1372 1119 1580 1186 quique
1631 1115 1890 1170 facillime

319 1235 387 1274 ex
428 1218 680 1272 oratione
727 1228 844 1268 mea
881 1212 1168 1264 veritatem
1195 1220 1250 1265 et
1283 1207 1520 1262 oﬂicium
1556 1207 1888 1261 intellecturi

320 1312 450 1366 sint.
503 1307 711 1362 Deinde
775 1306 1078 1373 interrogo,
1137 1301 1333 1371 ecquid
1388 1301 1457 1354 ab
1503 1314 1605 1352 avo
1664 1311 1787 1351 meo
1835 1295 1892 1348 in

322 1399 594 1456 mandatis
627 1396 982 1465 acceperitis,
1022 1404 1082 1448 ut
1134 1392 1202 1447 de
1236 1392 1455 1460 injuriis
1486 1391 1564 1446 illi
1595 1406 1621 1444 a
1657 1404 1744 1443 me
1775 1386 1892 1442 illa—

321 1494 390 1548 tis
415 1508 624 1548 mecum
651 1487 1032 1560 expostulctis,
1091 1500 1375 1553 meamque
1401 1493 1593 1537 contra
1620 1481 1894 1536 defensio-

321 1601 445 1639 nem
482 1582 737 1637 audiatis.
787 1579 1000 1634 Etenim
1035 1575 1102 1632 ad
1131 1575 1347 1644 objecta
1395 1573 1718 1642 depellenda
1745 1569 1893 1641 quod

324 1678 527 1738 dicam,
565 1672 1001 1741 superfuturum,
1061 1667 1265 1721 nedum
1330 1665 1646 1720 defuturum
1707 1678 1891 1733 spero.

326 1765 829 1837 Respondentibus,
881 1778 987 1817 non
1025 1763 1146 1832 plus
1189 1759 1298 1814 sibi
1327 1761 1697 1828 fpraeceptum,
1727 1769 1891 1824 quam

1985 573 2165 635 λίαις·
2205 570 2405 640 μικρὸν
2452 569 2508 622 δὲ
2580 568 2856 637 ἐπισχὼν,
2908 565 3264 635 Ἐϐουλόμην,
3315 559 3461 626 εἶπε,
3490 559 3566 631 μὴ

1985 661 2249 715 τοσοῦτον
2299 661 2593 730 ἀμνήμονα
2630 660 2721 712 τὸν
2774 660 2906 728 ἐμὸν
2949 658 3140 726 κύριον
3187 659 3283 709 καὶ
3338 655 3570 724 βασιλέα

1985 742 2053 822 ἦς
2085 751 2273 820 ἔργοις
2307 748 2472 812 αὐτὸς
2516 747 2835 810 εὐπειθείας
2887 747 2983 799 καὶ
3015 745 3262 822 δουλείας
3308 743 3446 813 πρὸς
3477 742 3570 794 αύ-

1986 817 2080 894 τνδν
2117 817 2484 909 ἐνεδειξάμην
2538 839 2774 908 ὀφθῆναι
2829 837 2947 890 νῦνο
2979 837 3102 889 ἐπεὶ
3127 835 3173 889 δ’
3208 817 3264 904 ιγ’
3282 833 3391 885 τῶν
3416 833 3570 902 ἐμῶν

1989 931 2406 1003 ἁμαρτημάτων
2444 930 2658 1001 πληθὺς
2693 929 2951 1000 ἐπίορκον
2978 929 3071 980 καὶ
3101 925 3208 978 τῶν
3241 925 3380 995 πρὸς
3406 923 3570 976 αύτδν

1991 1025 2320 1094 συμϐάσεων
2376 1023 2650 1094 ἀθετητὴν
2721 1024 2814 1077 καὶ
2879 1020 3094 1074 οἴεσθαι
3159 1019 3417 1072 ἀνέπεισε
3471 1018 3571 1069 καί¹

1991 1117 2195 1184 λέγειν,
2245 1117 2362 1169 δέον
2401 1115 2724 1184 εὐγνώμονα
2766 1116 2860 1168 καὶ
2911 1113 3250 1182 φιλοπάτορα
3290 1112 3384 1165 καὶ
3421 1108 3574 1178 αὐτῷ

1991 1210 2290 1263 ὑπείκοντα
2330 1210 2650 1278 λογίζεσθαι
2695 1210 2896 1267 πάντα,
2940 1207 3164 1278 πρῶτον
3205 1206 3304 1274 μὲν
3355 1205 3414 1256 ἐν
3445 1220 3572 1256 και-

1994 1301 2095 1370 ρίῳ
2149 1302 2333 1371 οἴομαι
2375 1301 2473 1372 τὴν
2523 1301 2660 1370 πρὸς
2697 1300 2795 1367 ἐμὲ
2831 1300 2984 1368 ὑμῶν
3020 1297 3208 1366 ἄφιξιν
3238 1295 3573 1366 γεγενῆσθαι
3646 1298 3651 1302 ’

1999 1393 2235 1445 συνετῶν
2289 1394 2460 1445 ὅντων
2513 1394 2605 1445 καὶ
2662 1392 2982 1460 δυναμένων
3035 1391 3272 1459 μάλιστα
3314 1388 3422 1440 ἀπὸ
3462 1385 3573 1438 τῶν

1993 1483 2304 1552 λεγομένων
2327 1484 2393 1535 τὰ
2414 1483 2589 1553 ἀληοῆ
2625 1482 2722 1535 καὶ
2745 1482 2814 1534 τὰ
2831 1482 3020 1534 δέοντα
3056 1483 3322 1533 συνεῖναι·
3357 1478 3572 1542 ἔπειτα,

1995 1577 2184 1645 ἐρωτὼ
2226 1578 2275 1628 εί
2325 1577 2418 1629 καὶ
2459 1576 2609 1646 παρά
2654 1574 2748 1628 τοῦ
2781 1573 2917 1643 ἐμοῦ
2953 1572 3145 1642 κυρίου
3171 1573 3268 1624 καὶ
3305 1570 3575 1640 βασιλέως

2002 1661 2408 1738 ἐπιτέτραπται
2465 1669 2629 1736 ὑμῖν,
2689 1665 2784 1720 ἅτε
2846 1666 3087 1734 ἠδίκηκα
3137 1664 3430 1730 ἐγκαλεῖν,
3479 1665 3576 1716 καὶ

1998 1759 2204 1813 τούτων
2236 1761 2336 1826 τὴν
2371 1757 2670 1824 ἀπολογίαν
2702 1756 2955 1825 δέχεσθαι
2992 1754 3303 1818 διεξιόντος.
3337 1752 3575 1814 Ἐλπίζω

325 1868 386 1914 ut
421 1859 470 1912 ei
507 1856 921 1918 denuntiarent,
977 1868 1046 1907 ne
1099 1851 1415 1923 Byzantium
1478 1849 1895 1920 ingrederetur,

2006 1852 2110 1921 γὰρ
2146 1853 2207 1904 ἐκ
2256 1849 2453 1903 πολλοῦ
2490 1849 2584 1902 τοῦ
2623 1848 2910 1918 περιόντος
2945 1844 3324 1898 ἀποδύσασθαι
3366 1844 3433 1896 τὰ
3485 1845 3580 1914 ἐγ-

327 1951 626 2019 statimque
685 1956 1102 2002 reverterentur
1142 1943 1519 1998 :Renuntiate
1565 1939 1752 2011 igitur,
1799 1941 1896 2003 ait,

328 2043 554 2097 domino
577 2055 700 2096 meo
731 2049 786 2094 et
817 2036 1157 2108 imperatori,
1190 2050 1276 2088 me
1307 2035 1474 2089 Deum
1504 2019 1753 2088 veritatis
1775 2032 1899 2086 viu-

328 2137 532 2199 dicem,
557 2143 717 2202 atque
733 2131 870 2186 adeo
891 2131 1064 2198 ipsam
1087 2127 1372 2182 veritatem
1395 2127 1532 2196 (ipse
1548 2125 1693 2178 enim
1715 2134 1770 2179 et
1793 2131 1899 2189 est,

329 2234 387 2279 et
410 2222 726 2277 nominatur
740 2220 967 2288 veritas)
990 2216 1202 2281 testari,
1219 2231 1305 2270 me
1325 2224 1601 2284 nequeant
1617 2228 1702 2280 ea,
1725 2229 1903 2283 neque

331 2317 494 2370 modo
523 2313 667 2368 bello
697 2323 804 2366 tam
838 2311 1024 2379 inique
1053 2308 1377 2378 appetitum,
1415 2304 1549 2359 mihi
1581 2303 1812 2373 alicujus
1848 2303 1903 2356 in

331 2407 512 2474 ipsum
534 2403 810 2463 criminis,
836 2416 932 2456 seu
959 2414 1040 2464 re,
1057 2413 1154 2452 seu
1174 2397 1345 2450 verbo
1367 2394 1591 2448 admissi
1620 2393 1906 2447 conscium

331 2513 474 2560 esse,
511 2503 608 2550 aut
662 2493 854 2548 fuisse.
905 2490 1088 2557 Quare
1122 2488 1378 2557 illumper
1413 2487 1582 2539 Deum
1622 2484 1934 2560 immortai

333 2591 441 2643 lem
471 2587 726 2650 obsecro,
754 2592 813 2637 ut
837 2583 974 2637 iram
1007 2581 1266 2650 deponat,
1287 2575 1447 2647 135
1470 2591 1640 2646 seque
1661 2575 1727 2628 ad
1759 2574 1904 2628 leni-

338 2689 508 2734 tatem
537 2678 648 2740 det,
672 2691 737 2729 ac
774 2690 845 2728 ne
891 2672 1024 2743 quid
1073 2678 1277 2741 praeter
1334 2683 1551 2738 a-quum
1599 2676 1654 2722 et
1703 2667 1909 2721 bonum

335 2778 592 2825 attentet.
622 2765 778 2832 Quod
809 2765 854 2819 si
879 2761 1282 2818 cacodmmonis
1308 2759 1641 2829 malignitas,
1676 2767 1908 2828 propter

335 2875 501 2931 quam
549 2859 750 2912 multas
793 2855 955 2910 toties
994 2867 1270 2908 aerumnas
1304 2850 1534 2921 pertuli,
1567 2857 1808 2918 paratam
1842 2848 1910 2901 ad

335 2956 458 3025 ejus
493 2959 685 3004 nutum
739 2947 1080 3001 voluntatem
1139 2957 1318 2996 meam
1383 2940 1608 3011 (quam,
1661 2937 1911 3009 quoties-

336 3057 556 3114 cunque
605 3041 822 3096 occasio
869 3038 994 3103 fuit,
1036 3050 1149 3106 prae
1186 3049 1274 3088 me
1325 3033 1448 3102 tuli)
1478 3047 1543 3087 ex
1584 3032 1774 3086 animo
1822 3030 1902 3085 illi

336 3137 606 3195 excussit,
679 3129 1151 3188 obtrectatoribus
1202 3137 1386 3182 autem
1449 3135 1504 3180 et
1554 3122 1910 3195 sycophantis

2003 1942 2280 2011 κλήματα.
2325 1942 2446 1995 Τῶν
2477 1941 2533 1994 δὲ
2573 1940 2840 1993 εἰπόντων
2885 1939 3050 2008 μηδὲν
3087 1938 3250 1989 πλέον
3286 1936 3578 2004 ὲπιτετρά·

2005 2035 2139 2104 φίλαι
2209 2035 2241 2104 ἦ
2301 2036 2424 2087 ὅσον
2485 2033 2557 2103 μὴ
2625 2033 2704 2096 είς
2772 2031 3072 2095 Βυζάντιον
3132 2029 3579 2097 ἀπαγγείλαντας

2001 2128 2180 2198 ἥκειν,
2235 2122 2394 2190 αὖθις
2452 2125 2847 2195 ἀναστρέφειν,
2923 2123 3322 2191 Ἀπαγγείλατε
3364 2121 3576 2182 τοίνυν,

2004 2218 2134 2288 ἔφη,
2172 2217 2249 2286 τῷ
2281 2217 2399 2284 ἐμῷ
2433 2217 2609 2287 κυρίῳ
2627 2221 2717 2268 καὶ
2749 2215 2981 2285 βασιλεῖ,
3009 2216 3091 2267 ὅτι
3131 2213 3221 2267 τὸν
3250 2213 3448 2281 ἔφορον
3477 2210 3581 2278 τῆς

2006 2309 2268 2379 ἀληθείας
2304 2309 2756 2379 ἐπιμαρτύρομαι
2801 2307 2962 2371 Θεὸν,
2989 2307 3080 2360 καὶ
3125 2306 3289 2359 αὑτὸν
3313 2305 3580 2375 ἀλήθειαν

2007 2399 2348 2467 καλούμενον
2374 2401 2468 2453 καὶ
2503 2401 2651 2462 ὄντα,
2683 2400 2759 2462 ὡς
2790 2398 2915 2450 οὔτε
2950 2398 3242 2466 πρότερον,
3271 2397 3388 2448 οὔτ’
3422 2398 3479 2448 ἐν
3503 2395 3583 2464 τῷ

2008 2492 2104 2547 νῦν
2137 2493 2339 2557 ἀδίκως
2401 2493 2528 2544 κατ’
2586 2490 2720 2559 ἐμοῦ
2791 2491 3098 2560 κινουμένῳ
3157 2489 3405 2559 πολέμῳ,
3463 2488 3582 2540 οὒτ’

2008 2579 2196 2652 ἔργοις
2251 2580 2377 2634 οὗτε
2429 2581 2537 2651 μὴν
2596 2581 2651 2632 ἐν
2687 2581 2934 2650 ῥήμασιν
2981 2579 3202 2648 ἐμαυτῷ
3255 2596 3308 2633 τι
3360 2578 3584 2632 σύνοιδα

2010 2673 2414 2743 πεπραγμένον
2465 2672 2607 2726 κατά
2657 2671 2777 2725 σοῦ.
2832 2673 2923 2724 Διὸ
2973 2672 3068 2724 καὶ⁷
3117 2664 3303 2740 ἱκέτης
3354 2671 3583 2741 γίνομαί

2013 2781 2108 2817 σου
2144 2764 2280 2832 πρὸς
2312 2763 2478 2818 αὑτοῦ
2519 2762 2616 2816 τοῦ
2657 2762 2821 2828 Θεοῦ,
2853 2763 2914 2815 τὸ
2946 2762 3264 2834 ὀργίζεσθαι
3307 2763 3585 2830 ἀποθέμε-

2011 2875 2126 2922 νον,
2169 2856 2482 2927 συμπαθείᾳ
2541 2855 2852 2926 χρήσασθαι
2900 2854 2996 2908 καὶ
3030 2855 3320 2924 πραότητι,
3357 2857 3450 2908 καὶ
3484 2852 3581 2907 τοῦ

2009 2949 2222 3003 δικαίου
2262 2950 2358 3003 καὶ
2407 2948 2816 3011 λυσιτελοῦντος
2865 2947 2970 3014 ἔξω
3017 2951 3194 3001 ποιεῖν
3229 2947 3416 3018 μηδέν.
3447 2947 3508 3000 El
3533 2948 3582 3000 δ’

2011 3044 2122 3113 ἄρα
2155 3041 2248 3094 τοῦ
2305 3041 2564 3110 δαίμονος
2592 3042 2625 3109 ἡ
2657 3041 2978 3111 δυσμένεια,
3011 3039 3078 3093 δι’
3113 3041 3178 3111 ἢν
3211 3039 3478 3102 πολλάκις
3523 3043 3585 3094 ἐν

2015 3135 2211 3196 κακοῖς
2257 3131 2746 3203 τεταλαιπώρηκα,
2803 3131 2906 3200 τῆς
2939 3131 3038 3200 μὲν
3071 3130 3318 3194 δουλείας
3361 3132 3456 3184 καὶ
3493 3131 3588 3183 εύ-

337 3244 500 3283 aures
542 3226 697 3290 dare,
746 3231 802 3279 et
849 3221 1022 3277 armis
1058 3235 1147 3274 me
1177 3217 1441 3290 persequi
1474 3215 1773 3286 persuasit,
1810 3214 1906 3268 ite-

2017 3224 2267 3287 ἦειθείας
2297 3227 2365 3295 ἣν
2399 3196 2591 3294 ἔργοις
2620 3196 2804 3287 αὐτοῖς
2836 3196 3201 3295 ἐπεδειξάμην
3235 3226 3294 3277 ἐν
3319 3225 3482 3279 παντὶ
3509 3225 3591 3294 τῷ

303 3323 461 3372 ‘rum
493 3332 618 3382 oro,
671 3331 741 3368 ne
784 3313 992 3368 indicta
1043 3324 1210 3365 causa
1262 3323 1349 3363 me
1388 3307 1744 3371 condemnet,
1813 3304 1909 3361 sed

337 3411 570 3465 crimina
606 3407 870 3477 proferat,
901 3401 1238 3457 defendendi
1272 3401 1455 3456 locum
1498 3399 1800 3477 relinquat.
1852 3395 1909 3452 Si

341 3475 734 3556 refutatis—illis
767 3494 1174 3550 damnationem
1207 3491 1474 3562 effugero,
1498 3489 1637 3544 bene
1689 3475 1858 3543 habet
1892 3505 1908 3543 :

341 3593 425 3646 sin
460 3589 705 3660 perfidus
730 3597 787 3642 et
815 3585 1141 3656 fmdifragus
1171 3584 1428 3638 inventus
1487 3581 1667 3646 fuero,
1711 3595 1780 3636 ne
1820 3593 1915 3634 ve-

340 3686 488 3738 niam
522 3695 869 3744 consequar,
924 3689 980 3733 et
1032 3677 1121 3732 vel
1182 3691 1270 3731 me
1295 3675 1507 3746 judice,
1554 3672 1912 3744 quantumvis

342 3791 540 3846 magno
581 3774 852 3843 supplicio
882 3771 1105 3826 multer.
1139 3771 1262 3825 Haec
1294 3783 1469 3838 nepos
1500 3781 1624 3821 avo.
1657 3765 1915 3832 Quaeren-

340 3868 489 3922 tibus
519 3866 704 3920 adhuc
731 3865 946 3933 legatis,
980 3862 1177 3933 ecquid
1195 3863 1592 3934 juramentum,
1635 3857 1782 3928 quod
1810 3871 1916 3911 avo

335 3959 569 4033 jurarit,
607 3957 816 4012 nullam
851 3964 1064 4026 partem
1102 3955 1367 4009 violarit:
1400 3951 1528 4015 rati,
1561 3965 1668 4004 non
1693 3948 1916 4004 difficile

341 4047 764 4104 reconciliatum
811 4046 882 4102 iri
925 4061 1139 4110 senem,
1171 4043 1218 4099 si
1265 4041 1631 4115 jurisjurandi
1665 4051 1914 4095 tenacem

347 4159 470 4204 esse
507 4141 786 4208 audierit;
824 4140 1301 4207 confirmanteque
1336 4137 1450 4200 illo,
1493 4150 1552 4190 se
1588 4133 1656 4189 ad
1687 4133 1741 4188 id
1775 4141 1917 4187 tem-

345 4252 450 4307 pus
481 4249 655 4305 usque
687 4233 829 4286 nihil
859 4229 1053 4286 fmderi
1076 4229 1417 4284 contrarium
1443 4227 1644 4297 egisse,
1668 4225 1916 4280 laetantes

344 4344 409 4384 ac
447 4328 590 4382 bene
632 4334 940 4394 sperantes,
963 4322 1165 4376 bellum
1190 4321 1429 4390 sopitum
1470 4319 1566 4383 iri,
1593 4317 1916 4387 Byzantium

345 4422 672 4489 repetivere.
704 4417 908 4471 Verum
945 4415 1109 4468 aliter
1143 4412 1346 4468 accidit
1390 4425 1554 4480 quam
1595 4408 1914 4478 Sperabam.

2017 3318 2359 3388 παρασχόντι
2413 3317 2835 3386 παρεσκεύασεν
2869 3316 3243 3384 ἐπιλελῆσθαι,
3313 3320 3428 3380 τοῖς
3471 3318 3592 3370 δια-

2013 3409 2270 3462 ϐάλλουσι
2300 3409 2356 3462 δὲ
2407 3410 2500 3462 καὶ
2525 3407 2958 3476 συκοφαντοῦσιν
2987 3410 3246 3462 ἀνέπεισε
3271 3409 3589 3479 προσέχειν,

2015 3500 2108 3551 καὶ
2133 3499 2227 3551 τὸν
2250 3497 2375 3550 κατ’
2409 3497 2544 3568 ἐμοῦ
2586 3497 2826 3567 πόλεμον
2855 3500 3049 3563 κινεῖ-ι,
3078 3497 3270 3566 δέομαι
3318 3496 3474 3560 αὖθις
3509 3501 3591 3568 μὴ

2014 3591 2233 3661 ἐρήμην
2265 3589 2410 3643 οὕτω
2447 3589 2960 3660 καταψηφίσασθαι·
2993 3591 3132 3642 ἀλλὰ
3174 3591 3243 3644 τά
3291 3607 3350 3642 τε
3387 3591 3590 3661 ἐγκλή-

2019 3700 2170 3752 ματα
2199 3681 2462 3750 δηλῶσαι,
2511 3684 2604 3735 καὶ
2634 3682 2798 3734 τόπον
2827 3681 3126 3748 ἀπολογίας
3153 3684 3481 3753 παρασχεῖν.
3523 3683 3588 3734 Ei.

2019 3776 2121 3845 μὲν
2157 3771 2252 3828 οὖν
2281 3776 2530 3843 διαφύγω
2567 3774 2665 3845 τὴν
2709 3775 2888 3843 δίκην,
2927 3777 2995 3828 τὰ
3020 3775 3342 3846 ἐγκλήματα
3380 3777 3592 3830 ἀπολυ-

2017 3868 2255 3938 σάμενος
2277 3909 2293 3934 ,
2327 3864 2388 3923 εῦ
2431 3868 2502 3922 ἂν
2536 3868 2673 3937 ἔχοιο
2719 3868 2785 3922 ἂν
2816 3867 2858 3920 δ’
2894 3867 3168 3938 ἐπιορκῶν
3203 3867 3317 3921 ἀλῶ
3354 3869 3447 3922 καὶ
3475 3885 3589 3926 πα-

2018 3960 2362 4032 ρασπονδῶν,
2394 3961 2652 4029 ούδεμιᾶς
2686 3960 2826 4026 ἀξιῶ
2852 3963 3037 4029 τυχεῖν
3067 3960 3420 4030 συγγνώμης,
3449 3962 3590 4017 ἀλλὰ

2017 4055 2128 4106 πᾶν
2155 4051 2337 4105 ὁτιοῦν
2370 4052 2603 4121 πάσχειν
2654 4051 2820 4113 αὐτὸς
2875 4045 3150 4120 τιμῶμαι.
3185 4052 3452 4117 Βασιλεὺς
3486 4055 3592 4124 μὲν

2016 4143 2112 4198 οῦν
2140 4147 2168 4198 ὁ
2197 4145 2317 4208 νέος
2356 4146 2470 4207 τοῖς
2525 4142 2792 4211 πρέσϐεσι
2839 4144 2919 4214 τῷ
2963 4146 3174 4212 πάππῳ
3212 4143 3435 4198 τοιαῦτα
3469 4146 3593 4198 ἐκέ-

2017 4235 2176 4290 λευεν
2213 4235 2604 4304 ἀπαγγέλλειν·
2635 4235 2684 4287 oi
2724 4235 2768 4287 δ’
2820 4234 3190 4288 ἐπυνθάνοντο
3220 4235 3380 4300 αὖθις
3408 4237 3454 4289 εί
3485 4255 3594 4308 μη-

2017 4326 2106 4380 δέν
2157 4327 2340 4397 ἐαυτῷ
2373 4327 2584 4380 σύνοιδε
2618 4326 2747 4389 τοὺς
2787 4326 2925 4398 πρὸς
2967 4327 3190 4397 βασιλέα
3223 4330 3315 4380 τὸν
3368 4329 3594 4384 πάππον

2019 4420 2431 4487 γεγενημένους
2477 4421 2678 4489 ὅρκους
2733 4419 3166 4489 παραϐεϐηκὼς,
3204 4423 3442 4491 οἰόμενοι
3473 4427 3596 4474 πεῖ-

345 4511 622 4580 Expositis
660 4523 899 4577 namque
928 4505 1131 4575 quibus
1159 4503 1347 4572 junior
1366 4501 1512 4570 rupti
1535 4499 1762 4554 foederis
1802 4497 1906 4552 cul-

2024 4527 2118 4563 σαι
2151 4509 2218 4564 ἂν
2245 4509 2478 4580 βασιλέα
2514 4512 2714 4582 ῥᾳδίως
2747 4511 3108 4566 διαλύσασθαι
3143 4513 3281 4584 πρὸς
3310 4512 3403 4565 τὸν
3433 4513 3596 4582 ἔγγο-

346 4619 469 4674 pam
515 4603 584 4658 ab
642 4617 700 4656 se
745 4599 1009 4653 amolitus
1060 4607 1240 4658 esset,
1295 4593 1468 4648 nihilo
1510 4591 1682 4660 magis
1733 4588 1906 4644 senior

2018 4619 2132 4667 vov,
2180 4603 2229 4656 εί
2273 4602 2440 4673 μηδὲν
2488 4603 2846 4673 ἐπιορκοῦντα
2896 4603 3121 4656 πύθοιτο
3152 4605 3343 4659 αὐτόν.
3379 4605 3486 4659 Τοῦ
3533 4606 3593 4659 δὲ

346 4696 482 4750 iram
513 4694 717 4764 posuit.
749 4691 809 4745 Et
842 4690 1038 4760 legatis
1067 4687 1291 4757 quidem
1323 4683 1460 4738 nihil
1481 4681 1789 4752 respondit,
1825 4695 1906 4750 pa-

2022 4694 2444 4765 ίσχυρισαμένου
2491 4695 2623 4766 ἄχρι
2684 4695 2807 4749 τότε
2869 4697 3384 4767 παρεσπονδηκέναι
3419 4700 3595 4766 μηδα-

348 4787 603 4840 ιιίιιιοίιεε
647 4799 781 4839 vero
817 4781 996 4837 Esaiae
1041 4776 1328 4848 praecepit,
1360 4786 1422 4830 ut
1450 4775 1595 4829 inter
1632 4787 1906 4828 sacrorum

2022 4785 2160 4856 μῶς,
2191 4786 2475 4857 χαίροντες
2499 4789 2581 4851 είς
2612 4786 2911 4852 Βυζάντιον
2943 4789 3246 4857 ἐπανῆκον,
3273 4788 3591 4852 ἐλπίζοντες

348 4877 643 4940 solemnia,
694 4889 874 4944 neque
929 4873 982 4927 in
1015 4869 1256 4939 Sophim,
1290 4883 1472 4937 neque
1525 4866 1580 4920 ill
1613 4865 1737 4920 aliis
1784 4871 1921 4919 ῑθιη·
2017 4876 2109 4929 τὸν
2141 4878 2380 4947 πόλεμον
2412 4879 2523 4931 τῶν
2559 4879 2828 4948 βασιλέων
2861 4880 3209 4932 καταλύσειν-
3233 4883 3294 4933 τὸ
3341 4881 3392 4934 δ’
3435 4883 3596 4933 ἐναν-

346 4972 452 5039 piis
482 4970 603 5038 ejus
657 4981 859 5021 nomen
915 4963 1005 5018 edi
1059 4962 1320 5026 sineret;
1369 4973 1496 5013 nam
1543 4967 1598 5011 et
1629 4957 1684 5010 in
1717 4956 1918 5027 palatio

345 5063 469 5130 ejus
513 5057 838 5114 memoriam
893 5070 924 5110 e
966 5055 1139 5109 sacris
1164 5053 1394 5122 eiectam
1422 5065 1562 5105 esse.
1598 5049 1918 5104 Patriarcha

346 5153 510 5223 hujus
540 5151 620 5206 rei
654 5163 874 5204 causam
914 5146 1208 5202 sciscitari.
1241 5144 1379 5200 Nam
1413 5143 1458 5198 si
1483 5143 1567 5198 vel
1614 5144 1672 5197 in
1719 5142 1919 5213 dogma

301 5259 308 5264 ·
348 5243 569 5313 aliquod
592 5242 660 5297 ab
693 5239 953 5294 Ecclesia:
987 5238 1206 5308 placitis
1241 5236 1522 5292 diversum
1575 5235 1918 5306 praecipitas-

349 5347 456 5404 set,
491 5352 560 5391 ne
611 5335 690 5389 sic
722 5331 969 5402 quidem,
1004 5329 1142 5384 citra
1174 5329 1608 5384 admonitionem
1642 5337 1698 5383 et
1746 5342 1917 5383 cona-

351 5442 468 5484 tum
499 5431 618 5499 ejus
656 5424 906 5488 sanandi,
940 5438 971 5478 e
1014 5425 1188 5478 sacris
1238 5422 1476 5491 ejectum
1532 5421 1684 5476 illius
1715 5435 1916 5475 nomen

291 5581 300 5597 ι.
351 5522 685 5593 oportuisse:
725 5515 869 5582 Quin
900 5515 1166 5585 seipsum,
1197 5530 1229 5569 a
1267 5514 1380 5568 Deo
1416 5527 1700 5567 sacrorum
1730 5509 1919 5566 Eccle-

358 5612 453 5663 siae
485 5610 804 5677 dogmatum
845 5604 1146 5659 antistitem
1200 5603 1622 5670 animarumque
1652 5615 1917 5669 procura-

295 5711 298 5714 '
353 5709 528 5753 torem
567 5699 904 5766 institutum,
939 5713 1049 5752 non
1085 5696 1355 5774 Rhegium
1384 5693 1570 5758 modo,
1610 5693 1918 5764 ubijunior

353 5797 516 5856 esset,
552 5788 648 5843 sed
707 5789 772 5842 ad
831 5789 1052 5844 ultimas
1089 5796 1266 5842 terras
1295 5788 1462 5841 etiam
1492 5799 1588 5856 pro
1635 5780 1834 5839 anima'
1862 5786 1915 5839 in

2016 4967 2145 5031 τίως
2201 4968 2447 5040 ἀπέϐηῆ
2505 4970 2885 5039 προσεδόκων.
2955 4971 3432 5038 Ἀπαγγειλάντων
3479 4975 3594 5043 γὰρ

2017 5061 2116 5113 ὅσα
2151 5061 2407 5131 βασιλεὺς
2450 5063 2478 5113 ὁ
2512 5062 2630 5124 νέος
2670 5061 2809 5132 πρὸς
2856 5061 2918 5114 τὸ
2964 5063 3040 5133 μὴ
3072 5063 3592 5132 παρεσπονδηκέναι

2017 5155 2395 5223 παραιτεῖται,
2441 5151 2598 5204 οὐδὲν
2647 5153 2852 5221 μᾶλλον
2894 5153 2926 5205 ὁ
2980 5153 3354 5223 πρεσϐύτερος
3409 5155 3594 5225 ὑφῆκε

2017 5244 2122 5314 τῆς
2167 5244 2363 5313 ὀργῆς.
2408 5243 2550 5298 Ἀλλ’
2600 5245 2832 5307 ἐκείνοις
2885 5246 2985 5315 μὲν
3032 5247 3371 5314 ἁπεκρίνατο
3413 5245 3596 5314 οὐδὲν,

2015 5336 2096 5406 τῷ
2145 5334 2461 5406 πατριάργῃ
2509 5335 2565 5388 δὲ
2611 5336 2811 5406 Ἡσαΐᾳ
2858 5337 2920 5389 τὸ
2975 5337 3338 5408 μνημονεύειν
3381 5341 3443 5392 ἐν
3467 5342 3597 5405 ταῖς

2020 5427 2442 5499 ίεροτελεστίαις
2503 5426 2599 5480 τοῦ
2650 5429 2900 5495 ἐγγόνου,
2939 5429 3066 5498 μήτ’
3114 5431 3172 5481 ἐν
3220 5429 3299 5509 τῷ
3347 5432 3444 5500 τῆς
3495 5431 3596 5485 τοῦ

2017 5519 2154 5572 Θεοῦ
2188 5519 2381 5586 σοφίας
2412 5518 2539 5590 νεῷ,
2579 5520 2705 5590 μήτ’
2738 5523 2798 5574 ἐν
2831 5523 2944 5584 τοῖς
2967 5521 3147 5585 ἄλλοις
3173 5523 3340 5590 ἱεροῖς
3366 5522 3596 5578 ἐκέλευε

2019 5614 2350 5680 συγχωρεῖν.
2376 5613 2488 5665 Καὶ
2533 5612 2716 5664 αὐτῶν
2747 5615 2856 5682 γὰρ
2887 5615 2996 5666 τῶν
3023 5616 3081 5666 ἐν
3108 5613 3404 5683 βασιλείοις
3429 5614 3596 5685 ιερῶν

2019 5698 2427 5769 ἀπεληλακέναι
2463 5699 2561 5768 τὴν
2590 5700 2782 5754 τούτου
2832 5703 3078 5773 μνήμην.
3137 5704 3194 5756 Ὀ
3239 5703 3598 5774 πατριάρχης

1979 5860 1983 5863 ἦ
2018 5787 2074 5840 δὲ
2100 5787 2200 5858 τὴν
2231 5786 2414 5841 αἰτίαν
2452 5787 2642 5859 ἠρώτα
2669 5789 2738 5842 δι’
2763 5791 2827 5861 ἣν
2853 5791 2918 5844 ἂν
2944 5792 3260 5846 ἐκϐάλλοιτο
3289 5791 3397 5844 τῶν
3431 5790 3597 5871 ῐεριῖξν
