4028 6460
288 409 386 475 305

1473 419 2027 492 HISTORIARUM
2059 407 2300 496 LIBER
2337 426 2387 493 Ῑ.

3456 431 3565 495 308
3589 414 3614 429 '

289 533 318 603 η
363 528 555 618 μνήμη
609 526 706 581 τοῦ
755 525 1048 599 βασιλέως.
1087 528 1149 584 El
1204 529 1308 601 μὶν
1356 533 1467 605 γὰρ
1518 534 1603 597 εἷς
1653 551 1709 590 τι
1756 537 1871 592 τῶν

1992 544 2171 602 salutis
2202 545 2451 618 periculo
2482 553 2741 602 versante
2774 556 2833 603 et
2887 545 3114 614 debere,
3154 554 3213 604 et
3250 548 3390 606 vello
3445 552 3563 608 ala-

282 612 585 690 ἀλλότρίων
633 622 736 692 τῆς
779 620 1112 693 Ἐκκλησίας
1167 623 1432 692 ἐξώκειλε
1478 627 1700 697 δόγμα,
1757 631 1870 686 οὐδ’

289 714 426 770 οὕτω
456 714 566 784 πρὸ
596 713 797 785 ’πάσης
846 717 1229 787 παραινέσεως
1275 719 1373 773 καὶ
1407 722 1607 792 πείρας
1640 723 1752 778 τῶν
1795 728 1872 779 is-

294 807 398 880 ρῶν
434 806 730 885 ἐκϐάλλειν
779 807 911 879 χρὴ,
957 809 1075 864 ἀλλ’
1130 812 1301 866 αὐτὸν
1329 812 1437 867 ὑπὸ
1464 814 1562 868 τοῦ
1592 817 1729 871 Θεοῦ
1759 817 1872 873 τῶν

293 899 449 970 ἱερῶν
475 900 578 971 τῆς
618 899 953 972 Ἐκκλησίας
986 905 1308 974 προστάτην
1332 905 1731 978 ἀποδειχθέντα
1752 908 1876 980 δογ-

299 993 484 1062 μάτων
527 993 628 1047 καὶ
656 992 939 1065 κηδεμόνα
971 995 1185 1068 ψυχῶν,
1216 998 1321 1051 οὐκ
1347 1000 1482 1071 ἄχρι
1520 1000 1743 1073 Ῥηγίου
1778 1002 1875 1072 μό-

292 1102 398 1151 νον,
428 1087 566 1141 ὅπου
607 1087 866 1157 βασιλεὺς
896 1091 925 1144 ὁ
951 1090 1072 1156 νέος
1123 1090 1421 1161 διατρίϐει,
1471 1093 1612 1150 ἀλλά
1662 1095 1759 1149 καὶ
1793 1096 1875 1159 είς

295 1181 544 1249 island;
565 1181 676 1251 γῆς
706 1182 847 1252 ὑπὲρ
875 1182 1059 1254 ψυχῆς
1088 1185 1519 1256 κινδυνευούσης
1544 1187 1788 1257 ὀφείλειν
1813 1205 1876 1243 τε

295 1273 388 1325 καὶ
438 1273 846 1345 προθυμεῖσθαι
901 1275 1161 1347 βαδίζειν.
1211 1280 1313 1333 Διά
1356 1278 1518 1334 τοῦτο
1551 1279 1672 1335 δέον
1726 1277 1876 1338 εῖναι

299 1364 514 1436 πρῶτον
557 1367 697 1436 πρὸς
735 1369 899 1424 αὑτὸν
920 1369 1205 1427 ἀπελθεῖν.
1236 1373 1357 1426 Κάν
1381 1371 1484 1441 μὲν
1510 1374 1651 1429 Θεοῦ
1682 1391 1879 1430 συναι-

297 1454 554 1526 ρομένου,
618 1459 793 1512 πολλὰ
843 1461 1121 1533 διδαχθεὶς
1185 1464 1282 1518 καὶ
1323 1464 1717 1536 νουθετηθεὶς,
1772 1465 1877 1541 τὴν

296 1549 614 1616 κακοδοξίαν
660 1552 964 1622 ἀπόθηται,
1010 1554 1112 1627 τήν
1155 1554 1426 1629 ἀλήθειαν
1474 1558 1879 1630 ἀσπασάμενος

296 1640 393 1694 καὶ
424 1641 486 1694 τὸ
518 1643 768 1711 ὑγιαῖνον
799 1646 907 1699 τῶν
939 1646 1233 1718 δογμάτων
1265 1650 1625 1721 ἐπεγνωκὼς,
1668 1668 1882 1709 παντα-

298 1737 455 1808 χόθεν
508 1737 578 1792 ἀν
630 1738 747 1811 ἔχοι
783 1741 988 1809 καλῶς,
1023 1746 1091 1816 τῇ
1121 1761 1185 1798 τε
1244 1746 1550 1819 Ἐκκλησία
1583 1748 1681 1803 τοῦ
1735 1748 1881 1805 κατά

298 1829 551 1899 πνεῦμα,
591 1833 689 1885 καὶ
743 1834 827 1888 σοὶ
874 1835 971 1890 τοῦ
1014 1838 1335 1905 σωματικοῦ
1380 1840 1594 1907 παιδὸς,
1651 1843 1770 1905 τοῖς
1817 1857 1879 1895 τε

311 1921 608 1991 Ῥωμαίοις
633 1966 648 1991 ,
688 1925 786 1979 τοῦ
822 1926 1092 1996 βασιλέως
1123 1932 1505 2000 σεσωσμένον.
1537 1932 1639 1987 ‘Av
1668 1932 1715 1987 δ’
1755 1933 1882 1987 ὲθε-

301 2017 548 2071 λοκακῶν
583 2022 881 2089 φανῇ,’κα“ι
934 2022 1074 2094 πρὸς
1124 2023 1226 2088 τὰς
1273 2024 1453 2093 αὑγάς
1491 2026 1592 2097 τῆς
1622 2025 1883 2098 ἀληθείας

303 2110 575 2182 καμμύων
620 2114 805 2168 ἑκοντὶ
854 2116 986 2181 τοὺς
1029 2117 1370 2189 ὀφθαλμοὺς,
1396 2119 1494 2173 καὶ
1523 2119 1647 2174 οὐδὲ
1674 2121 1884 2193 μικράν

302 2221 421 2257 τινα
453 2205 709 2277 παρέχων
758 2208 952 2263 έλπίδα
995 2210 1092 2265 τοῦ
1132 2212 1496 2284 ίατρευθῆναι
1539 2211 1607 2267 ἀν
1637 2230 1795 2280 ποτε,
1820 2213 1884 2270 οὐ

307 2297 411 2350 τῶν
463 2299 522 2350 ὲν
586 2298 865 2372 Βυζαντίῳ
903 2302 1067 2372 ἱερῶν
1099 2304 1264 2374 μόνον
1300 2303 1468 2358 αὐτοῦ
1521 2304 1621 2376 τὴν
1661 2306 1887 2377 μνήμην

316 2390 540 2459 ὶκϐαλῶ,
571 2393 710 2447 ἀλλά
760 2395 858 2448 καὶ
893 2397 1006 2460 τοῖς
1034 2395 1370 2469 ὁποιδήποτε
1397 2397 1501 2467 γῆς
1532 2398 1889 2470 Χριπιανοῖς

310 2482 645 2554 ίκκήρυκτον
680 2486 851 2541 αὐτὸν
880 2490 1116 2557 ποιήσω.
1162 2489 1642 2562 Ἀποκριναμένου
1693 2491 1752 2547 ὁὶ
1783 2491 1884 2546 τοῦ

313 2575 596 2645 βασιλέως·
631 2580 694 2632 οὐ
738 2578 1078 2654 διαστροφὴν
1116 2584 1217 2653 τῆς
1274 2584 1518 2648 πίστεως
1568 2585 1647 2657 τῷ
1676 2585 1891 2658 ὲγγόνῳ

313 2664 586 2735 ἐγκαλεῖν,
612 2669 752 2724 ἀλλά
780 2671 893 2725 τῶν
944 2673 1024 2734 είς
1059 2672 1225 2728 αὑτὸν
1265 2675 1449 2745 ὅρκων
1495 2675 1757 2748 ἀθέτησιν
1793 2676 1892 2732 καὶ

309 2758 417 2812 τῶν
446 2760 754 2832 συνθηκῶν,
785 2763 867 2817 ἔτι
889 2781 951 2818 τε
988 2766 1287 2821 αὐθάδειαν
1316 2769 1416 2822 καὶ
1444 2770 1762 2837 ἀπείθειαν,
1795 2772 1894 2827 καὶ

309 2851 398 2907 διὰ
429 2853 589 2909 τοῦτο
613 2854 899 2919 νουθεσίας
929 2860 1029 2913 καὶ
1073 2860 1332 2926 παιδείας
1361 2863 1526 2935 χάριν
1551 2864 1615 2918 τδ
1645 2852 1907 2919 τοιοῦτον

230 2982 238 2988 -
311 2948 748 3018 ἐπινενοηκέναι,
795 2951 963 3004 πάλιν
993 2951 1051 3005 δὲ
1079 2952 1250 3017 αὑτοῦ
1281 2953 1384 3024 τὴν
1415 2954 1707 3026 διόρθωσιν
1732 2957 1895 3022 ἀξίαν

310 3037 726 3109 ἐπιδειξαμένου
767 3041 881 3095 τῶν
925 3043 1344 3115 ἡμαρτημένων
1397 3045 1564 3100 αὐτὸν
1599 3047 1667 3101 τά
1702 3046 1896 3104 δέοντα

312 3131 582 3200 ποιήσειν·
618 3132 853 3197 οὐκοῦν,
881 3131 1036 3187 εἶπεν
1061 3134 1091 3187 ὁ
1122 3134 1506 3206 πατριάρχης,
1534 3135 1729 3207 δέομαί
1773 3153 1892 3203 σου,

1973 638 2144 695 criter
2165 639 2467 711 proficisci.
2487 638 2670 707 Quare
2693 639 3010 697 iaciendum
3037 652 3097 696 ut
3122 641 3364 712 primum
3394 644 3563 701 adea-

1973 737 2097 799 tur;
2129 740 2187 787 et
2212 730 2260 785 si
2288 732 2535 801 quidem,
2565 731 2679 787 Deo
2712 730 2960 800 favente,
2984 734 3147 803 longa
3176 734 3562 806 disputatione

1973 839 2040 880 ac
2078 824 2307 880 monitis
2338 826 2537 889 vietus,
2580 824 2898 895 dogmatum
2952 835 3273 882 nostrorum
3326 828 3566 886 sinceri-

1975 924 2089 972 tate
2117 926 2433 987 perspecta,
2463 932 2685 987 pravam
2722 917 3044 987 opinionem
3073 917 3410 982 deseruerit,
3462 936 3562 975 ve-

1974 1005 2312 1077 ritatemque
2360 1006 2703 1077 amplexatus
2766 1005 2958 1071 fuerit,
2987 1007 3119 1078 quid
3153 1007 3353 1064 melius
3380 1010 3566 1079 optari

1977 1097 2189 1170 posse?
2208 1098 2347 1156 Cum
2368 1110 2428 1154 et
2466 1098 2716 1155 Ecclesia
2761 1100 3071 1156 secundum
3096 1101 3384 1173 spiritum,
3411 1112 3468 1157 et
3521 1103 3568 1156 is

1980 1194 2285 1248 secundum
2318 1210 2543 1249 carnem
2575 1194 2771 1260 ﬁlium,
2816 1204 2873 1250 et
2905 1193 3135 1249 Romani
3169 1196 3565 1265 imperatorem

1977 1295 2143 1337 suum
2174 1284 2649 1355 recuperaverint.
2676 1282 2858 1341 Siuse
2897 1284 3056 1356 135
3108 1284 3166 1341 in
3208 1284 3569 1369 improbitate

1977 1374 2406 1443 obtirmaverit,
2459 1385 2627 1447 atque
2684 1377 2752 1432 ad
2811 1378 2997 1435 radios
3063 1378 3316 1435 veritatis
3376 1364 3571 1435 oculos

1979 1466 2269 1533 clauserit,
2339 1483 2442 1524 nec
2487 1468 2933 1539 qualemqualem
2978 1485 3135 1541 spem
3183 1470 3385 1526 l‘uturze
3421 1470 3572 1527 sani-

1981 1560 2112 1619 tatis
2147 1559 2362 1629 l‘ecerit,
2395 1578 2506 1616 non
2551 1562 2732 1616 solum
2761 1576 2793 1617 e
2843 1560 3022 1617 sacris
3079 1561 3402 1632 Byzantiuis
3447 1565 3571 1636 ejus

1979 1667 2187 1709 nomen
2242 1661 2676 1724 expuncturum.
2728 1651 2827 1709 sed
2861 1651 3199 1709 Christianis
3243 1669 3344 1724 per
3381 1654 3572 1710 orbem

1981 1745 2260 1801 universis
2280 1745 2474 1811 etiam,
2500 1753 2562 1799 ut
2588 1744 2769 1816 palam
2799 1745 3018 1816 piorum
3043 1746 3444 1801 communione
3481 1753 3586 1802 se-’

1984 1836 2238 1904 clusum,
2304 1837 2804 1909 promulgaturum.
2857 1837 2998 1892 Tum
3058 1836 3407 1908 imperator,
3459 1854 3569 1892 non

1986 1943 2046 1986 se
2098 1929 2427 2001 pravitatem
2480 1930 2537 1985 in
2596 1930 2725 1987 lidei
2767 1930 3042 2001 capitibus
3088 1929 3278 2001 nepoti
3310 1931 3573 2004 objicere.

1985 2021 2084 2078 sed
2150 2021 2513 2094 jurisjurandi
2581 2021 2971 2094 foederumque
3026 2033 3429 2095 contemptum,
3485 2039 3579 2079 su—

1985 2114 2236 2184 perbiam
2294 2113 2526 2185 insuper
2575 2122 2632 2169 et
2651 2115 3088 2171 contumaciam.
3147 2115 3326 2186 Atque
3369 2115 3578 2172 idcirco

1989 2207 2141 2263 illius
2200 2204 2743 2264 commonefaciendi
2789 2216 2846 2264 et
2874 2208 3184 2277 castigandi
3217 2224 3383 2265 causa
3434 2209 3579 2266 istuc

1988 2302 2358 2372 excogitasse.
2388 2298 2449 2355 Si
2470 2316 2681 2355 rursus
2707 2299 3153 2357 emendationem
3194 2315 3295 2372 pro
3324 2301 3580 2372 portione

1990 2402 2347 2465 peccatorum
2378 2393 2709 2458 ostenderit,
2765 2409 2827 2450 se
2869 2394 3018 2465 quod
3066 2392 3156 2450 sui
3198 2394 3448 2450 muneris
3482 2394 3578 2461 sit,

1992 2503 2104 2543 non
2137 2485 2540 2557 neglecturum.
2572 2485 2719 2556 Ergo
2741 2528 2758 2552 ,
2798 2486 3026 2558 subiicit
3079 2484 3426 2557 patriarcha,
3478 2501 3580 2541 oro

1996 2588 2071 2642 te.
2100 2578 2406 2649 imperator
2428 2577 2663 2649 optime,
2696 2576 2777 2632 uti
2810 2578 2916 2631 hoc
2964 2576 3264 2644 maximum
3312 2575 3458 2646 apud
3494 2591 3583 2630 inc

1994 2672 2329 2730 beneﬁcium
2383 2685 2593 2743 ponas,
2640 2684 2839 2740 meque
2885 2670 2950 2724 ad
3005 2668 3162 2724 illum
3197 2668 3354 2723 abire
3409 2669 3580 2724 sinas.

1994 2764 2216 2821 Etenim
2250 2763 2585 2820 ell'ecturum
2629 2778 2716 2818 me
2742 2761 2957 2817 divinat
2989 2761 3232 2827 animus,
3265 2770 3320 2816 et
3370 2769 3430 2815 ut
3481 2777 3580 2815 ne-

1996 2874 2121 2932 pos,
2152 2858 2199 2915 si
2231 2856 2367 2929 quid
2406 2856 2641 2912 antehac
2682 2854 2954 2926 peccavit,
2990 2854 3046 2910 id
3081 2856 3348 2926 corrigat,
3415 2864 3583 2924 atque

1996 2951 2067 3006 in
2102 2958 2388 3021 posterum
2443 2948 2589 3019 quod
2630 2962 2859 3004 suarum
2903 2955 2991 3003 est
3035 2948 3278 3019 partium
3343 2946 3584 3001 ﬁdeliter

1996 3051 2246 3116 praestet,
2273 3050 2335 3100 et
2363 3042 2703 3099 oﬂ‘endicula
2734 3041 2981 3111 bellique
3011 3040 3359 3095 irritamenta
3396 3054 3427 3093 e
3465 3054 3585 3094 me-

1998 3138 2092 3194 dio
2120 3137 2468 3193 auferantur.
2522 3134 2622 3191 llic
2666 3120 2872 3190 sermo.
2898 3134 3291 3205 imperatorem
3329 3133 3585 3203 pupugit.

315 3224 577 3294 κράτιστε
612 3224 837 3296 βασιλεῦ
859 3268 876 3293 ,
928 3227 1061 3299 μίαν
1100 3228 1226 3300 ἐμοὶ
1281 3228 1445 3298 χάριν
1480 3229 1688 3299 ταύτην
1725 3247 1892 3283 κατα-

1997 3230 2165 3302 Atqui
2195 3214 2516 3301 oportebat.
2567 3228 2771 3298 inquit,
2798 3227 3005 3282 omissa
3037 3227 3141 3282 hac
3169 3239 3586 3303 supervacanea

317 3314 491 3370 θεῖναι
525 3318 815 3390 μεγίστην,
878 3320 944 3372 τὸ
999 3319 1139 3390 πρὸς
1195 3320 1360 3374 αὑτὸν
1398 3321 1700 3391 ἐπιτρέψαι
1730 3321 1901 3374 ἀπελ-

318 3406 452 3463 θεῖν.
489 3411 770 3478 Ἐλπίζειν
816 3411 928 3484 γὰρ
966 3411 1195 3483 βασιλέα
1225 3401 1328 3467 ’τὸν
1354 3411 1479 3468 νέον
1515 3414 1760 3480 πείσειν,
1791 3412 1896 3468 είτι

268 3520 280 3531 ⁸
316 3515 379 3556 τε
443 3504 761 3576 ἡμάρτηται
830 3507 1138 3578 πρότερον,
1190 3507 1742 3578 ἐπανορθώσασθαι,
1801 3510 1899 3564 καὶ

318 3597 574 3664 ἀσφαλῶς
627 3598 708 3660 είς
742 3597 804 3651 τὸ
838 3599 965 3670 ἑξῆς
1020 3601 1089 3653 τὰ
1128 3598 1321 3654 δέοντα
1354 3602 1560 3655 ποιεῖν’
1591 3602 1662 3655 τά
1710 3618 1773 3655 τε
1802 3619 1905 3672 με-

317 3688 454 3755 ταξὺ
494 3691 902 3763 προσκόμματα
947 3692 1045 3747 καὶ⁵
1097 3693 1201 3757 τὰς
1258 3693 1448 3758 αἰτίας
1499 3694 1596 3747 τοῦ
1653 3695 1899 3765 πολέμου

323 3782 568 3854 ποιήσειν
602 3778 869 3842 ἐκποδών.
917 3786 1123 3857 ’Δηδῶς
1172 3787 1231 3841 δὲ
1267 3787 1298 3840 ὁ
1337 3787 1594 3859 βασιλεὺς
1653 3790 1751 3842 ἐπὶ
1783 3792 1898 3854 τοϊς

320 3877 633 3950 ιίρημένοις
696 3880 969 3946 διατεθεὶς
998 3923 1014 3948 ,
1056 3881 1299 3954 Ἐχρῆν,
1364 3876 1530 3947 εἷπε,
1575 3886 1693 3948 τοῖς
1744 3884 1901 3956 ἐμοῖς

322 3971 836 4044 ἁπολυπραγμόνως
873 3975 1160 4032 πείθεσθαι
1199 3975 1406 4044 λόγοις,
1440 3978 1535 4031 καὶ
1575 3977 1637 4031 τὸ
1685 3978 1905 4033 κελευό-

323 4082 510 4136 μενον,
545 4068 903 4140 ἀντιλέγοντα
952 4070 1142 4142 μηδὲν,
1186 4072 1368 4125 ποιεῖν
1389 4086 1405 4102 ο
1443 4069 1568 4124 ἐπεὶ
1596 4069 1643 4123 δ’
1666 4071 1769 4125 οὐκ
1801 4065 1903 4124 οἶδ’

318 4151 474 4228 ᾧτινι
507 4161 789 4233 χρώμενος
833 4164 1084 4236 λογισμῷ
1156 4163 1420 4229 τάναντία
1448 4164 1543 4217 καὶ
1582 4161 1766 4231 λέγειν
1802 4149 1901 4218 καὶ

320 4252 589 4319 πράττειν
614 4255 951 4327 προῄρησαι,
978 4257 1103 4327 ἐμοὶ
1134 4256 1254 4312 δέον
1283 4260 1595 4325 συνεργεῖν,
1626 4256 1792 4320 αὐτὸς
1830 4254 1899 4310 ἂν

1954 3376 1958 3380 .
1999 3325 2057 3381 in
2099 3324 2321 3397 negotio
2352 3323 2537 3379 alieno
2568 3320 2953 3378 sollicitudine
2975 3319 3164 3377 verbis
3197 3319 3336 3374 meis
3368 3317 3587 3374 obtem-

1999 3433 2219 3492 perare,
2263 3425 2323 3474 et
2366 3417 2525 3488 jussa
2563 3429 2675 3470 non
2725 3421 3100 3485 repugnanter
3157 3409 3411 3481 exsequi.
3478 3409 3588 3464 Sed

1998 3511 2261 3584 quoniam
2297 3507 2492 3564 nescio
2536 3504 2817 3578 quomodo
2859 3505 3264 3569 ratiocinatus,
3306 3511 3504 3557 contra
3534 3507 3592 3555 et

2000 3605 2191 3661 dicere
2213 3611 2269 3659 et
2295 3601 2476 3657 facere
2502 3598 2771 3662 maluisti,
2804 3613 3034 3653 necesse
3075 3605 3160 3652 est
3207 3594 3424 3677 riiqtibi
3477 3609 3590 3647 non

2006 3695 2306 3763 reluctari;
2338 3703 2397 3751 tu
2454 3690 2677 3748 noveris
2712 3689 2845 3762 quid
2887 3688 3205 3744 conveniat.
3254 3687 3368 3742 lloc
3403 3687 3592 3756 itaque

2006 3788 2172 3846 modo
2204 3789 2506 3859 imperator
2554 3794 2613 3841 et
2649 3784 2967 3859 patriarcha
3016 3780 3310 3840 sententiis
3352 3778 3594 3835 disside-

2001 3882 2160 3938 bant.
2192 3879 2351 3936 Unde
2379 3878 2437 3934 in
2470 3878 2675 3948 palatio
2706 3878 2934 3948 quidem
2965 3874 3285 3932 lintertlieta
3323 3882 3449 3928 erat
3491 3889 3589 3927 ue-

2005 3976 2158 4047 potis
2189 3971 2434 4041 mentio;
2481 3974 2536 4027 in
2588 3971 2821 4042 reliquis
2856 3979 3040 4026 autent
3092 3984 3191 4038 per
3237 3967 3432 4023 urbem
3483 3966 3589 4036 By-

2004 4068 2282 4124 zantinam
2311 4066 2505 4131 sacris,
2540 4065 2708 4120 etiam
2742 4064 2797 4118 in
2825 4062 2942 4134 ipsa
2969 4063 3085 4117 aede
3109 4060 3355 4131 Sophim,
3394 4075 3586 4113 sacro-

2004 4176 2124 4215 rum
2158 4167 2409 4229 tcmpore
2439 4156 2673 4212 solemni
2698 4171 2854 4211 more
2892 4164 3127 4225 uterque
3158 4153 3466 4223 imperator
3499 4166 3596 4205 uo-

2007 4236 2342 4307 minabatur.

320 4350 523 4422 εἰδείης
562 4350 599 4406 ἀ
641 4353 761 4407 δεον
805 4356 1001 4411 ποιεῖν.
1053 4354 1210 4410 Οὕτω
1243 4355 1346 4427 μὲν
1389 4351 1483 4411 οὖν
1524 4355 1782 4430 βασιλεύς
1836 4367 1899 4407 τε
1930 4348 2027 4404 καὶ
2059 4347 2410 4419 πατριάρχης
2466 4343 2789 4415 ἀσύμφωνοι
2839 4345 2963 4409 ταῖς
3006 4341 3261 4413 γνώμαις
3290 4337 3467 4437 ἦσαν.⁴
3497 4339 3593 4395 Διὸ

320 4445 418 4518 καὶ
460 4448 519 4500 ὲν
590 4449 690 4517 μὶν
726 4448 1022 4521 βασιλείοις
1086 4451 1187 4521 τὴν
1223 4448 1319 4507 τοῦ
1367 4452 1491 4507 νέου
1524 4450 1797 4524 βασιλέως
1827 4445 2101 4517 ἀπείρητο
2142 4440 2419 4495 ποιεῖσθαι
2460 4441 2708 4512 μνήμην·
2736 4440 2793 4493 ἐν
2831 4439 2888 4493 δὲ
2949 4441 3064 4502 τοῖς
3098 4439 3245 4491 κατὰ
3285 4439 3587 4503 Βυζάντιον

320 4542 532 4606 Αιιποίς
592 4544 759 4615 ίεροῐς
788 4547 881 4599 καὶ
913 4546 973 4600 ὲν
1013 4545 1165 4619 αὐτῷ
1207 4545 1287 4619 τῷ
1323 4546 1424 4620 τῆς
1456 4545 1657 4617 σοφίας
1702 4543 1797 4599 τοῦ
1827 4537 1972 4596 Θεοῦ
2006 4536 2230 4609 τεμένει
2267 4532 2348 4605 τῷ
2398 4530 2553 4604 ἱερῷ,
2612 4530 2689 4596 ὡς
2730 4529 2851 4597 ἔθος
2880 4524 2950 4605 ἦν
2996 4531 3037 4601 ἦ
3072 4530 3409 4602 μνήμηιτῶν
3436 4531 3595 4609 Eii-3".

322 4634 464 4698 λέων
502 4644 760 4702 ἐτελεῖτο.

1738 4789 1966 4849 CAPUT
2004 4785 2172 4843 XLV.

325 4907 499 4980 Ragat
525 4923 680 4962 auum
720 4924 902 4980 nepos,
937 4925 1002 4963 ne
1029 4925 1162 4964 novo
1205 4910 1336 4964 istoc
1365 4906 1503 4963 bello
1549 4908 1835 4980 imperium
1859 4899 2466 4980 _Romanum__cladibus
2517 4897 2767 4980 cumulet,
2807 4896 3104 4980 iterumque
3131 4896 3301 4980 senati
3323 4895 3600 4980 dicendum

398 4969 615 5055 causam
646 4969 814 5055 σθω-ξ.
848 4969 1076 5049 Magnus
1104 4980 1416 5035 domesticus
1454 4995 1548 5055 per
1579 4969 1786 5055 litteras
1811 4978 1951 5031 idem
1984 4973 2277 5055 contendit,
2332 4982 2573 5042 nepotem
2596 4977 2797 5036 tuetur,
2855 4969 2920 5024 ab
2950 4969 3232 5023 audiendis
3257 4971 3599 5039 sycophantis

399 5051 731 5105 dehortatur.
760 5050 1034 5105 Terrorem
1065 5054 1120 5106 in
1158 5059 1394 5104 extremo
1430 5050 1699 5120 adjuugit,
1738 5050 1784 5103 εἰ
1814 5064 1963 5103 secus
1991 5050 2191 5117 Ieaerit.
3450 5064 3463 5073 ι

399 5178 665 5241 Βασιλεὺς
716 5177 776 5232 δὲ
810 5178 840 5230 δ
868 5177 990 5235 νέος
1042 5177 1102 5231 ὲν
1145 5175 1226 5248 τῷ
1266 5177 1400 5247 περὶ
1430 5176 1493 5230 τὸ
1535 5176 1759 5246 Ῥήγιον
1787 5174 1892 5230 Ἐν-

2083 5171 2280 5229 Junior
2338 5170 2640 5241 imperator
2692 5167 2747 5221 in
2811 5165 3040 5221 castello
3093 5165 3425 5226 Ennacosia,
3486 5179 3597 5217 non

328 5269 559 5324 νακόσια
589 5268 1134 5341 προσαγορευομένῳ
1185 5270 1376 5340 χωρίῳ
1423 5267 1533 5322 ἀπὸ
1587 5270 1686 5339 τῆς
1727 5267 1907 5339 ἀρχῆς

327 5363 570 5432 μάλιστα
608 5360 951 5431 Ὀκτωϐρίου
1001 5362 1135 5433 ἄχρι
1167 5362 1266 5415 καὶ
1314 5360 1662 5434 Δεκεμϐρίου
1694 5358 1906 5430 διατρί·

328 5453 441 5507 ϐων
490 5453 692 5523 μηνὸς,
741 5451 912 5506 ἐδεῖτο
949 5451 1045 5506 τοῦ
1074 5452 1454 5523 πρεσϐυτέρου
1503 5452 1794 5524 βασιλέως⁹
1828 5450 1908 5523 μὴ

328 5545 492 5609 αὖθις
529 5547 601 5600 τὰ
635 5544 926 5615 Ῥωμαίων
965 5544 1275 5617 πράγματα
1308 5545 1393 5610 είς
1440 5545 1650 5617 φθορὰν
1677 5544 1775 5599 καὶ
1809 5561 1906 5598 τα-

327 5634 508 5711 ραχὴν
561 5637 842 5707 ἐμϐαλεῖνο
884 5636 1003 5691 ἀλλ’
1043 5636 1193 5691 ἔλεον
1243 5636 1352 5691 τῶν
1390 5638 1651 5707 ὑπηκόων
1688 5637 1910 5708 σχόντα.

254 5750 268 5800 ί
328 5731 412 5804 μὴ
475 5731 573 5787 ἐπὶ
631 5731 797 5785 πλέον
854 5731 945 5785 τδν
994 5730 1232 5801 πόλεμον
1293 5729 1531 5796 ἐξάγειν.
1569 5730 1661 5794 Ὠς
1725 5729 1793 5784 ἂν
1856 5729 1915 5783 δὲ

326 5825 500 5879 αὐτὸν
566 5824 666 5895 τήν
736 5825 972 5894 εἰρήνην
1025 5823 1190 5894 πείσῃ
1246 5823 1450 5895 μᾶλλον
1509 5821 1755 5887 ἑλέσθαι,
1817 5823 1927 5905 καὶ,

328 5915 563 5972 τοιοῖσδε
613 5914 748 5989 πρὸς
789 5914 954 5970 αὐτὸν
982 5915 1074 5972 am
1118 5915 1408 5987 πρέσϐεων
1444 5913 1646 5987 ἐχρῆτο
1689 5912 1947 6011 λόγωςέ

2011 5262 2204 5333 procul
2234 5258 2469 5330 Rhegio,
2503 5274 2533 5314 a
2564 5257 2840 5330 principio
2896 5255 3152 5313 Octobris
3189 5272 3364 5327 usuue
3393 5255 3460 5310 ad
3498 5257 3600 5309 De-

2011 5353 2296 5409 cembrem
2349 5350 2570 5417 sedens,
2611 5363 2775 5405 avum
2829 5348 3168 5419 precabatur
3212 5363 3281 5402 ne
3325 5362 3439 5401 rem
3490 5346 3600 5401 Ro-

2012 5458 2231 5499 manam
2266 5457 2465 5499 rursus
2522 5442 2580 5497 in
2615 5441 2911 5496 tumultum
2967 5439 3383 5509 perniciemque
3424 5439 3601 5507 conji-

2014 5545 2190 5603 ceret,
2249 5536 2345 5613 sed
2399 5534 2782 5591 misericordia
2838 5546 3068 5589 suorum
3117 5531 3325 5586 civium
3386 5540 3596 5596 motus,

2015 5631 2223 5686 bcllum
2261 5629 2565 5685 inhiberet.
2603 5626 2726 5694 Quo
2763 5634 2948 5681 autem
3006 5624 3161 5678 illum
3188 5621 3257 5677 ad
3288 5635 3479 5692 pacem
3506 5618 3604 5677 lle-

2012 5731 2215 5788 cteret,
2256 5722 2415 5794 136
2444 5721 2526 5778 sic
2581 5737 2681 5792 per
2708 5720 2923 5791 legatos
2981 5717 3095 5788 egit
3127 5734 3142 5770 :
3179 5712 3502 5771 Sedulitatis
3544 5722 3610 5770 et

2013 5817 2257 5873 incitatae
2278 5814 2581 5870 voluntatis
2596 5829 2758 5879 meae,
2781 5812 3106 5883 imperator,
3162 5810 3227 5865 ad
3260 5806 3605 5881 providenda

2015 5925 2080 5970 ac
2106 5910 2311 5971 tuenda
2365 5904 2601 5966 Romani
2645 5905 2866 5976 imperii
2922 5903 3247 5967 commoda.
3304 5890 3515 5969 prater
3548 5910 3603 5958 te
