4028 6428
286 329 390 393 τερ
1257 296 1268 306 ’
1447 340 1881 403 ιιιδτιέοιιιειιιι

1982 345 1985 401 ί
2035 345 2258 406 LIBER
2300 348 2350 412 Ι.

3447 356 3550 421 310

289 443 468 512 σαφῶς
491 443 598 498 τῶν
643 445 982 519 πραγμάτιον
1033 449 1091 501 ὲν
1125 451 1340 513 πολλοῖς
1379 455 1816 524 παρασχομένων
1844 473 1859 489 ο

1982 459 2204 524 solvere,
2240 471 2297 516 et
2339 463 2405 516 ad
2451 478 2602 518 arma
2651 481 3032 536 prorumpere,
3084 468 3426 526 incredibilis
3463 488 3550 526 nte

290 538 380 589 καὶ
409 539 490 590 ὅτι
511 539 610 606 τὴν
633 537 818 610 κοινὴν
833 541 941 592 τῶν
970 540 1257 611 Ῥωμαίων
1277 543 1648 613 εὐδαιμονίαν,
1672 548 1734 600 ού
1754 550 1864 601 τῶν

286 628 452 681 ὄντων
486 629 670 700 μόνον,
699 631 834 683 ἀλλὰ
874 631 965 682 καὶ
993 633 1159 699 αὐτῆς
1190 634 1334 703 ζωῆς
1367 634 1664 704 προθύμως
1698 637 1864 692 ἀλλα-

289 720 487 793 ξαίμην
510 723 595 777 ἀν.
621 723 761 776 Νυνὶ
781 725 834 778 δέ
865 742 922 777 σε
941 725 1081 790 ὁρῶν
1107 724 1167 791 ἐξ
1191 727 1449 797 οὐδεμιᾶς
1471 729 1649 794 αἰτίας
1674 731 1868 785 λύοντα

293 817 391 886 μὲν
422 816 517 879 τὰς
565 815 821 882 σπονδὰς,
865 816 1196 887 ὡρμημένον
1233 818 1288 872 δὲ
1324 820 1605 889 πολεμεῖν,
1657 823 1867 896 σφόδρα

295 910 392 977 μὲν
421 909 588 975 ἀλγῶ,
621 909 714 960 καὶ
744 909 1122 980 παραπλήσιον
1154 910 1389 964 θανάτου
1421 914 1520 975 τάς
1553 917 1867 985 συμφορὰς,

292 1000 350 1054 σῖ
389 1000 804 1070 περιστήσονται
850 1002 1159 1072 Ῥωμαίους
1197 1005 1262 1056 ἐκ
1295 1003 1386 1058 τοῦ
1429 1006 1566 1076 πρὸς
1603 1006 1868 1077 ἀλλήλους

297 1091 488 1148 ἐννοῶν
519 1091 783 1161 πολέμου.
812 1093 1011 1162 Δέομαι
1045 1093 1104 1148 δέ
1143 1111 1236 1147 σου
1267 1097 1342 1166 μὴ
1371 1097 1638 1159 τοιούτοις
1679 1103 1868 1165 κακοῖς

293 1183 420 1246 τοὺς
455 1182 726 1252 ὑπηκόους
755 1184 1149 1253 περιπεσόντας
1182 1187 1465 1255 περιῖδεῖν,
1502 1187 1636 1249 ἀλλά
1668 1191 1866 1258 στῆσαι

295 1280 394 1346 τὴν
430 1276 736 1346 συμφορὰν,
771 1277 982 1346 βασιλεῖ
1010 1278 1086 1348 τῷ
1123 1279 1332 1348 ὲγγόνῳ
1365 1280 1743 1349 διαλλαγέντα,
1779 1286 1871 1338 ού⁶

293 1369 400 1432 δὲν,
433 1369 529 1420 ὅσα
558 1385 622 1436 γε
657 1369 756 1439 ἐμὲ
791 1371 1023 1437 εἰδέναι,
1052 1371 1174 1426 οὔτε
1205 1375 1262 1425 ὲν
1301 1377 1622 1446 πράγμασιν
1649 1376 1775 1430 οὔτε
1810 1379 1870 1431 ὲν

297 1459 510 1529 λόγοις,
555 1461 677 1516 οὕτε
727 1465 1525 1538 πρότερον-προσκεκρουκότι,
1577 1468 1702 1525 οὔτε
1753 1471 1872 1528 νῦν.

301 1550 467 1612 οἶσθα
498 1553 553 1608 δὲ
584 1554 768 1622 σαφῶς
795 1556 870 1619 ὼς
900 1555 1050 1610 οὐδὲν
1079 1555 1200 1610 οὔτε
1227 1559 1526 1628 φθέγγεται
1551 1559 1675 1614 οὔτε
1704 1564 1876 1633 πράτ-

294 1661 400 1708 τει⁹
428 1646 503 1714 μὴ
535 1647 832 1712 συνειδότος
860 1651 1018 1719 ἐμοῦ,
1051 1650 1127 1720 μὴ
1156 1651 1222 1722 δὴ
1252 1653 1348 1714 τὰς
1372 1652 1740 1720 συκοφαντίας
1767 1653 1876 1706 τῶν

294 1737 382 1791 ἐπ’
411 1738 634 1809 ὀλέθρου
657 1740 934 1810 ἡδομένων
959 1741 1034 1812 τῷ
1065 1742 1230 1813 κοινῷ
1257 1744 1359 1813 τῆς
1379 1745 1563 1812 κοινῆς
1586 1745 1874 1815 προθεῖναι

1967 552 2126 606 dolor
2155 555 2550 622 propemodum
2584 557 2882 623 exanimat,
2915 561 3360 615 consia'lerantem
3397 562 3546 616 cala-

1972 640 2196 696 mitates
2225 658 2287 696 ac
2311 643 2582 706 miserias,
2617 661 2740 714 quae
2773 647 3046 702 Romanos
3077 660 3301 718 propter
3339 650 3543 706 bellum

1968 740 2214 785 vestrum
2251 748 2602 802 oppressura:
2625 746 2778 790 sunt.
2805 735 2919 806 Ego
2944 751 3072 791 vero
3101 746 3153 788 te
3181 739 3436 800 obsecro,
3476 754 3544 792 ue

1973 823 2204 892 populos
2228 833 2350 879 tuos
2385 826 2551 880 lautis
2580 827 2831 882 cladibus
2859 829 3085 883 mactari
3119 829 3290 890 sinas,
3325 831 3557 886 malum-

1940 929 2079 982 .que
2121 914 2412 969 imminens
2470 918 2742 986 reprimas
2767 957 2782 980 ,
2839 933 2962 972 cum
3030 931 3228 988 nepote
3267 921 3554 989 antiquam

1974 1001 2230 1056 redactus
2275 1003 2328 1056 in
2361 1006 2714 1060 concordiam
2753 1025 2766 1061 :
2801 1009 2920 1078 qui,
2945 1019 3212 1078 quantum
3255 1010 3391 1063 mihi
3419 1026 3555 1064 con-

1971 1101 2099 1159 stat,
2127 1109 2228 1148 nec
2260 1093 2425 1160 facto,
2458 1110 2560 1150 nec
2615 1098 2809 1160 verbo,
2859 1114 3046 1168 neque
3085 1099 3322 1168 pridem,
3377 1116 3556 1169 neque

1974 1204 2168 1243 recens
2203 1200 2253 1245 te
2284 1190 2536 1246 oll‘eudit.
2567 1191 2683 1246 Nec
2715 1201 2768 1246 tu
2799 1193 3043 1262 ignoras,
3073 1209 3201 1247 eum
3249 1209 3335 1246 me
3376 1192 3558 1246 inscio

1973 1280 2113 1334 nihil
2150 1281 2236 1335 vel
2272 1281 2458 1336 dicere
2489 1283 2670 1338 solere
2704 1284 2786 1337 vel
2815 1282 3020 1338 facere.
3062 1284 3184 1338 Noli
3223 1285 3560 1338 obtrectato-

1976 1385 2096 1423 rum
2136 1368 2193 1424 in
2219 1371 2501 1425 communi
2553 1383 2704 1440 peste
2734 1373 3132 1426 exsultantium
3171 1373 3558 1428 sermuneulos

1975 1462 2257 1517 communi
2312 1463 2472 1517 saluti
2500 1463 2980 1535 incolumitatiun
3007 1464 3305 1522 anteferre.
3337 1465 3460 1530 Noli
3489 1466 3557 1518 ad

1977 1567 2129 1606 arma
2165 1553 2535 1610 incitantibus
2567 1554 2678 1614 illis
2710 1571 2874 1609 aures
2911 1557 3362 1621 accommodare;
3390 1558 3562 1626 siqui-

1978 1643 2103 1698 dem
2151 1645 2497 1714 experiundo
2537 1647 2708 1715 probe
2769 1647 3012 1702 didicisti
3065 1663 3161 1703 eos
3215 1649 3404 1704 conari
3437 1665 3562 1718 quae

1981 1736 2096 1790 ﬁeri
2132 1747 2443 1808 nequeunt,
2477 1749 2535 1794 et
2567 1740 2916 1795 onustollere
2941 1743 3088 1810 quod
3115 1757 3307 1796 eorum
3337 1741 3558 1796 humeri

295 1829 604 1900 σωτηρίαςο
640 1833 765 1902 μηδ’
801 1834 981 1910 αὐτοῖς
1016 1835 1308 1905 πεισθῆναι
1342 1835 1476 1908 πρὸς
1521 1837 1582 1890 τὸ
1616 1840 1873 1904 πολεμεῖν

1982 1829 2255 1885 sustinere
2292 1829 2439 1884 haud
2497 1838 2749 1899 possunt.
2799 1831 2994 1901 Itaque
3044 1834 3090 1888 si
3143 1833 3347 1888 bellum
3383 1833 3563 1888 valere

296 1921 598 1990 ἑνάγουσιν,
633 1922 691 1988 ἐξ
719 1924 887 1992 αὐτῆς
918 1926 1018 1995 τῆς
1050 1927 1248 1996 πείρας
1282 1927 1526 2000 ἀκριϐῶς
1555 1929 1873 1998 δεδιδαγμέ-

298 2029 385 2073 νος
425 2012 500 2074 di;
543 2013 823 2076 ἀδυνάτοις
854 2017 1230 2088 ἐπιχειροῦσι,
1283 2021 1378 2072 καὶ
1411 2019 1576 2089 ἄχθος
1611 2017 1741 2091 ἆραι
1777 2027 1876 2092 τὴν

299 2104 528 2173 δύναμιν
555 2107 732 2160 αὐτῶν
762 2109 1034 2162 ἐθέλουσιν
1064 2111 1414 2181 ὑπερϐαῖνον.
1448 2113 1749 2168 Καταλύων
1775 2118 1877 2180 μὲν

301 2193 397 2250 οὖν
423 2196 514 2249 τὸν
544 2199 800 2266 πόλεμον,
834 2200 902 2252 tit
930 2200 1117 2255 δέοντα
1145 2201 1414 2274 βουλεύσῃ
1448 2207 1537 2258 κα“·
1573 2206 1753 2274 σαυτῷ
1782 2207 1879 2260 καὶ

305 2289 454 2356 ἡμῖν·
474 2289 778 2343 τούναντίον
807 2291 862 2343 δὲ
891 2291 1078 2350 ποιῶν.
1102 2294 1200 2345 οὐκ
1230 2288 1347 2345 οῖδα
1372 2295 1655 2364 ὁποτέροις
1679 2296 1880 2363 μᾶλλον

307 2382 778 2461 ἀλυσιτελέστερον
844 2383 1129 2457 βουλεύσῃ.
1168 2386 1429 2448 Βασιλεὺς
1465 2388 1563 2456 μὲν
1601 2389 1694 2442 οὖν
1725 2390 1752 2442 ό
1788 2391 1878 2452 σος

302 2465 542 2532 ἔγγονος,
571 2465 692 2536 δίκῃ
720 2467 1035 2522 διαλύεσθαι
1064 2471 1130 2522 τὰ
1165 2469 1488 2540 ἐγκλήματα
1521 2473 1879 2540 προκαλεῖται

304 2557 401 2609 καὶ
429 2557 576 2625 παρὰ
607 2557 686 2610 σοὶ
715 2557 941 2630 δικαστῇ
971 2575 985 2588 ο
1010 2559 1037 2612 ὃ
1075 2561 1370 2624 πάντεςκάν
1402 2561 1550 2632 αὐτῷ
1583 2566 1876 2632 συμφαῖεν,

301 2648 380 2712 ὡς
405 2648 582 2703 δικαία
612 2649 644 2720 ἡ
676 2648 918 2714 ἀξίωσις.
961 2651 1030 2704 Ἦ
1062 2651 1122 2704 τό
1153 2668 1214 2721 γε
1250 2651 1532 2723 δεύτερον,
1573 2655 1620 2708 εί
1669 2656 1744 2723 μὴ
1781 2657 1878 2709 1-3-

302 2743 396 2795 τόν
438 2760 519 2795 σοι
566 2743 706 2802 κατὰ
747 2745 970 2813 γνώμην
1009 2744 1144 2816 πρὸς
1194 2745 1294 2815 τὴν
1337 2746 1496 2816 δίκην
1545 2749 1880 2818 ἀπαντῆσαι,

303 2834 418 2888 ἀλλ’
447 2836 607 2889 αὐτὸν
635 2836 734 2905 ἐμὲ
767 2826 904 2905 ὑπὲρ
935 2837 1042 2889 τῶν
1081 2837 1230 2909 αὐτῷ
1260 2839 1630 2908 διαφερόντων
1659 2841 1759 2898 τὰς
1790 2841 1880 2894 εὑ-

306 2927 468 2992 θύνας
500 2931 814 2999 παρασχεῖν.
847 2931 908 2983 Et
937 2929 1036 2999 μὲν
1063 2925 1158 2983 οὖν
1187 2930 1352 2984 αὑτὸν
1374 2930 1550 2985 ἐλθεῖν
1579 2932 1880 2999 κελεύσεις,

305 3020 607 3088 πέπεισμαι
653 3021 836 3092 σαφῶς
862 3022 936 3084 ὡς
965 3022 1155 3092 ὀφθεὶς
1207 3023 1386 3091 μόνον,
1417 3023 1690 3094 ἀραχνίων
1722 3026 1883 3078 ἱστῶν

307 3111 702 3184 ἀδρανεστέρας
728 3113 1000 3177 ἀποδείξει
1019 3115 1117 3176 τὰς
1146 3114 1532 3181 συκοφαντίας.
1565 3115 1626 3166 El
1647 3114 1703 3166 δὲ
1725 3117 1784 3167 τό
1818 3132 1880 3183 γε

1974 1919 2234 1989 jnsseris,
2277 1920 2375 1974 tibi
2403 1921 2680 1992 nobisque
2705 1923 3077 1978 consulueris.
3117 1923 3174 1978 Si
3211 1939 3370 1979 secus
3398 1925 3561 1990 faxis,

1978 2009 2046 2062 de
2078 2019 2150 2075 te,
2185 2025 2254 2064 an
2279 2011 2345 2064 de
2382 2011 2543 2067 nobis
2579 1997 2735 2083 pejus
2769 2027 3040 2070 mereare.
3067 2014 3560 2082 equidenmcscio.

1979 2101 2164 2170 Nepos
2192 2102 2361 2172 igitur
2393 2111 2521 2157 tuus
2551 2103 2619 2156 ad
2660 2103 2932 2172 judicium
2973 2113 3257 2174 provocat,
3295 2114 3563 2176 tuumque

1980 2195 2223 2249 tribunal
2273 2195 2509 2263 appellat
2546 2210 2560 2248 :
2593 2195 2752 2264 cujus
2803 2195 3131 2264 petitionem
3173 2210 3297 2251 esse
3343 2197 3553 2266 justam

1982 2300 2142 2338 nemo
2175 2285 2416 2354 negabit.
2461 2284 2615 2351 Quod
2651 2286 2693 2340 si
2737 2286 2916 2356 ipsum
2963 2302 3062 2356 per
3111 2303 3169 2341 se
3203 2287 3255 2340 in
3289 2288 3562 2357 judicium

1980 2378 2170 2432 venire
2199 2393 2306 2429 non
2340 2378 2447 2441 vis,
2487 2387 2544 2429 ut
2578 2394 2607 2431 a
2645 2393 2732 2432 me
2783 2377 3028 2432 rationes
3077 2378 3229 2433 illius
3281 2394 3560 2448 rcposcas,

1982 2478 2155 2540 rogat.
2192 2469 2247 2524 Si
2279 2484 2403 2524 eum
2452 2486 2550 2539 per
2589 2484 2646 2524 se
2698 2469 2818 2522 sisti
2855 2470 3119 2533 volueris,
3172 2471 3288 2522 solo
3336 2478 3562 2539 aspectu

1980 2564 2284 2618 ealuninias
2304 2579 2630 2616 aranearmn
2651 2563 2772 2616 telis
2798 2561 3154 2616 invalidiores
3181 2572 3558 2625 ostensurum.

1983 2655 2120 2708 nihil
2163 2655 2383 2725 penitus
2417 2654 2635 2709 dubito.
2703 2653 2820 2721 Sin,
2866 2655 3012 2724 quod
3077 2654 3205 2707 huic
3251 2656 3560 2724 proximum

1982 2755 2156 2816 optat,
2188 2747 2381 2801 saltem
2411 2762 2520 2811 me,
2557 2761 2743 2816 spero,
2805 2762 2914 2800 non
2948 2747 3126 2800 solum
3161 2747 3298 2800 nihil
3339 2746 3564 2801 sceleris

1984 2839 2205 2904 fecisse,
2241 2841 2332 2894 sed
2360 2821 2526 2894 etiam
2562 2839 2638 2893 tui
2677 2849 2735 2894 ut
2767 2841 3009 2908 parentis
3040 2855 3256 2908 semper
3289 2847 3561 2892 amantem

1985 2928 2177 2989 fuisse,
2216 2928 2457 2982 debitam
2516 2929 2613 2982 tibi
2668 2930 3040 2983 reverentiam
3074 2929 3564 2996 obedientiamquc

1986 3020 2309 3089 prmstitisse
2373 3020 2426 3072 in
2491 3020 2773 3083 omnibus,
2823 3037 2909 3074 me
2951 3020 3372 3089 ratcfacturum.
3417 3021 3471 3074 Si
3508 3032 3563 3074 tu

1989 3119 2277 3178 utramque
2337 3109 2740 3174 conditionem,
2782 3125 2812 3163 a
2850 3111 3305 3164 criminatoribus
3353 3127 3562 3180 prame-

306 3201 578 3273 δεύτερον,
605 3205 724 3272 ἐμὲ,
759 3204 961 3268 ἐλπίζω
991 3206 1084 3259 καὶ
1115 3205 1278 3266 αὐτὸς
1306 3205 1365 3258 οὑ
1400 3207 1559 3273 μόνον
1585 3207 1735 3260 οὐδὲν
1763 3208 1879 3278 ἠδι-

1982 3209 2213 3268 cupatus
2238 3199 2494 3254 videlicet
2549 3197 2857 3253 contemnis
2888 3240 2902 3264 ,
2943 3199 3086 3253 Deus
3126 3207 3304 3252 tamen
3344 3214 3444 3252 nos
3476 3199 3564 3252 in-

307 3296 531 3366 κηκότα,
560 3295 690 3350 ἀλλά
716 3298 810 3350 καὶ
845 3297 1204 3366 φιλοπάτορα,
1235 3300 1330 3350 καὶ
1363 3298 1458 3370 τὴν
1493 3300 1876 3370 προσήκουσαν

310 3385 440 3438 αἰδῶ
492 3388 586 3440 καὶ
623 3389 930 3441 εὐπείθειαν
979 3394 1142 3459 μέχρι
1199 3391 1402 3452 παντὸς
1445 3391 1885 3460 ἐπιδεδειγμένον

306 3476 628 3543 ἀποδείξειν.
666 3481 730 3534 El
760 3479 806 3533 δ’
835 3481 1163 3550 ἀμφοτέρων
1190 3482 1396 3535 τούτων
1421 3485 1880 3552 καταφρονήσεις,

310 3566 549 3630 πεισθεὶς
592 3570 702 3630 τοῖς
745 3569 1198 3646 συκοφαντοῦσιν,
1246 3571 1394 3640 ἡμᾶς
1440 3570 1540 3640 μὲν
1574 3573 1602 3623 ό
1636 3570 1769 3634 Θεὸς
1823 3571 1886 3624 οὐ

310 3660 626 3729 περιόψεται
649 3661 1058 3732 ἀδικουμένους.
1094 3662 1253 3731 Ὑμῖν
1270 3663 1326 3715 δὲ
1347 3663 1469 3716 ὅποι
1493 3661 1560 3716 τὰ
1581 3663 1888 3733 πράγματα

1985 3291 2146 3363 digne
2174 3292 2391 3346 habitos
2419 3307 2525 3345 non
2559 3291 3032 3358 contemnet.Quo
3061 3307 3228 3361 porro
3259 3309 3352 3346 res
3376 3301 3561 3346 vestra

1981 3402 2210 3442 evasura
2253 3386 2344 3448 sit,
2383 3385 2545 3439 silere
2588 3392 2848 3453 praestat;
2887 3385 3234 3453 experientia
3272 3386 3564 3440 manifeste

1984 3476 2220 3531 docebit.
2264 3475 2536 3531 Ca-terum
2571 3476 2669 3530 has
2698 3476 2912 3530 litteras
2947 3491 3098 3530 meas
3127 3484 3244 3530 tuto
3290 3475 3562 3529 asservari

1989 3585 2146 3640 rogo,
2187 3569 2362 3622 donec
2412 3583 2480 3622 cx
2521 3568 2738 3622 eventis
2782 3568 3118 3632 constiterit,
3152 3567 3353 3638 ecquid
3385 3567 3568 3623 bonus

1988 3660 2341 3715 consiliarius
2373 3659 2596 3714 luerim.

313 3756 642 3823 τελευτήσει,
680 3758 802 3827 ἐμοὶ
835 3757 934 3826 μὲν
978 3757 1202 3825 ἄμεινον
1227 3759 1460 3829 σιωπᾷν,
1503 3759 1536 3829 η
1569 3761 1732 3830 πεῖρα
1757 3758 1812 3811 δὲ
1841 3755 2045 3823 διδάξει
2078 3755 2286 3823 σαφῶς.
2323 3753 2468 3824 Πλὴν
2498 3754 2563 3806 τὰ
2593 3752 2841 3823 παρόντα
2883 3769 2972 3820 μοι
3037 3751 3344 3821 γράμματα
3379 3751 3566 3822 τηρεῖ-

314 3847 436 3902 σθαι
487 3849 674 3919 δέομαι
708 3850 768 3903 ὲν
801 3849 1072 3918 ἀσφαλεῖ,
1103 3851 1253 3914 ὅπως
1314 3853 1378 3902 ὲκ
1431 3852 1539 3903 τῶν
1579 3849 2036 3920 ἀποϐησομένων,
2071 3851 2120 3902 εί
2154 3847 2355 3916 ἀγαθὸς
2387 3846 2694 3917 σύμϐουλος
2725 3845 2857 3914 ἐγὼ,
2893 3850 3058 3922 φανῇ.

1615 3965 1779 4036 133
1815 3963 2040 4022 CAPUT
2080 3963 2270 4019 XLVI.

313 4053 574 4122 Responso
604 4058 688 4128 api
716 4057 1071 4111 contristatur
1111 4035 1288 4128 ue'pos.
1318 4057 1653 4112 Patriam-Ita:
1699 4058 2066 4112 calamitatem
2103 4073 2259 4110 suam
2307 4071 2400 4124 per
2435 4054 2654 4128 litteras
2682 4056 2931 4121 exponit;
2959 4053 3072 4128 ejus
3099 4056 3593 4128 stirpiswporum.

384 4121 534 4194 opem
583 4127 652 4179 ad
681 4127 1069 4181 conciliandam
1123 4121 1323 4197 pacem-
1362 4128 1636 4196 implorat.
1678 4128 1910 4182 Faciunt
1964 4129 2048 4180 illi
2095 4131 2231 4196 quod
2277 4121 2558 4194 rogantur.
2615 4121 2857 4197 Quatuor
2912 4133 2960 4176 ιε
3005 4125 3190 4197 viginti
3231 4121 3568 4197 diuersorum

387 4197 631 4270 ordinum
683 4198 751 4250 ad
800 4214 920 4250 eum
977 4195 1284 4270 mittuntur,
1315 4215 1352 4270 αν
1398 4195 1584 4270 quibus
1621 4201 1746 4268 quid
1793 4199 1842 4252 ei
1885 4195 2170 4270 objiciatur
2207 4197 2496 4266 intelligat,
2544 4195 2739 4266 quique
2783 4196 3197 4248 controversiam
3253 4195 3568 4265 dijudicent.

384 4265 808 4337 Are/ticpiscopm
840 4283 942 4336 quo
965 4267 1074 4334 [ine
1109 4264 1420 4326 advenerim
1453 4264 1668 4322 edictat.

383 4379 445 4432 Ol
493 4379 590 4448 μὲν
621 4374 712 4432 οὗν
761 4380 984 4433 τοιαῦτα
1033 4379 1110 4451 τῷ
1156 4381 1516 4452 πρεσϐυτέρῳ
1563 4379 1881 4434 ἐπέστελλον

2062 4378 2187 4433 Haec
2209 4377 2372 4432 ambo
2389 4377 2457 4432 ad
2491 4379 2877 4447 imperatorem
2903 4379 3180 4431 seniorem
3200 4377 3570 4446 scripserunt,

315 4471 548 4543 βισιλεῖ,
581 4472 715 4536 όςδὲ,
737 4473 805 4526 τά
835 4473 1145 4544 γράμματα
1173 4475 1461 4541 ἀναγνοὺς.
1479 4473 1632 4526 οὐδὲν
1661 4472 1896 4542 ἀπεκρί-

315 4578 449 4616 νατο
497 4562 681 4627 πλέον,
739 4562 772 4632 ἢ
826 4563 900 4626 ὼς
941 4564 1002 4616 ού
1057 4563 1245 4634 ῥᾴδιον
1297 4563 1394 4616 ἐπὶ
1447 4561 1574 4634 δίκῃ
1616 4559 1742 4615 οὔτε
1802 4562 1895 4615 τὸν

313 4653 556 4722 ἔγγονον,
597 4652 720 4708 οὔτε
767 4655 867 4708 τὸν·
891 4655 1339 4725 Καντακουζηνδν
1384 4657 1442 4708 ὲν
1485 4654 1764 4726 Βυζαντίῳ
1803 4655 1914 4708 at--

324 4744 538 4813 χισίιαι.
567 4743 832 4810 Βασιλεὺς
865 4747 921 4799 δὲ
954 4748 983 4800 ό
1031 4747 1150 4810 νέος
1202 4748 1443 4811 ἀκούσας
1483 4747 1583 4818 τὴν
1631 4747 1897 4818 βασιλέως

316 4839 609 4910 ἀπόκρισιν
629 4880 644 4904 ,
675 4839 880 4910 ἡλγησε
917 4841 1014 4910 μὲν
1041 4841 1286 4911 σφοδρῶς
1321 4841 1406 4910 ἐφ’
1444 4835 1529 4905 οἷς
1565 4838 1710 4894 οὓτω
1741 4839 1897 4910 παρά

321 4929 504 4983 πάντα
539 4931 748 4985 δικαίου
790 4932 947 5000 λόγον
980 4933 1078 4987 καὶ⁵
1110 4933 1280 5003 αὐτῆς
1316 4935 1532 5005 εἶργετο
1561 4933 1894 5003 ἀπολογίας,

323 5021 703 5092 ἀπαγορεύσας
744 5024 801 5077 δὲ
841 5025 903 5078 τὸ
947 5025 1174 5098 βασιλέα
1215 5027 1424 5079 πείθειν
1450 5028 1770 5097 ἐπιχειρεῖν,
1819 5023 1898 5094 τῷ

325 5115 640 5187 πατριάρχῃ
662 5116 864 5186 γράφει
887 5117 1114 5172 τοιαῦτα
1131 5135 1145 5150 ο
1171 5119 1415 5171 Δέσποτα
1440 5117 1778 5189 πατριάρχα,
1806 5115 1903 5170 καὶ

326 5207 361 5274 η
393 5207 517 5278 περὶ
545 5209 706 5261 αὑτὸν
737 5207 859 5262 θεία
889 5209 1108 5273 σύνοδος
1141 5210 1236 5264 καὶ
1266 5210 1406 5278 ἱερὰ,
1438 5209 1549 5263 ἴστε
1582 5201 1771 5279 σαφῶς
1803 5209 1904 5263 ὅσα

327 5297 591 5369 βασιλέως
643 5301 862 5378 μεταξὺ,
889 5303 984 5356 καὶ
1024 5301 1160 5373 ἐμοῦ
1211 5302 1318 5375 πρὸ
1345 5302 1538 5374 χρόνου
1583 5300 1904 5374 συμϐέϐηκέ

1990 4473 2193 4542 quibus
2221 4470 2309 4525 ille
2341 4471 2598 4540 perlectis
2621 4511 2636 4535 ,
2665 4462 2815 4524 aliud
2865 4484 2973 4524 non
3024 4468 3332 4536 respondit,
3374 4483 3568 4538 quam.

1992 4564 2219 4622 difﬁcile
2247 4578 2370 4618 esse
2415 4564 2497 4618 vel
2541 4573 2838 4633 nepotem,
2871 4563 2958 4618 vel
3005 4561 3455 4616 Cantacuzcnum
3504 4561 3572 4615 ad

1989 4651 2213 4710 causam
2241 4655 2528 4711 dicendam
2556 4654 3078 4725 Constantinopolin
3113 4653 3403 4708 admittere
3433 4653 3572 4723 (75}.

1991 4748 2072 4802 Ex
2105 4764 2216 4818 quo
2251 4763 2520 4817 responso
2545 4748 2735 4818 junior
2762 4762 3020 4817 magnum
3053 4747 3302 4800 dolorem
3333 4747 3574 4815 accepit,

1991 4854 2116 4893 cum
2152 4853 2212 4893 se
2241 4847 2444 4909 praeter
2467 4855 2632 4893 omne
2654 4839 2746 4909 jus
2773 4839 2966 4908 fasque
2995 4837 3322 4892 defensione
3351 4837 3584 4891 excludi.-

1992 4940 2285 4985 cerneret:
2317 4930 2607 5001 fessusque
2663 4930 2957 4985 conatibus
3004 4930 3072 4984 ad
3125 4931 3576 5000 persuadendum

1993 5022 2186 5086 irritis,
2221 5022 2549 5091 patriarcha:
2592 5021 2792 5078 scribit
2824 5007 2929 5077 hoc
2957 5023 3210 5092 exemplo
3242 5038 3256 5075 :
3294 5021 3414 5076 Non
3448 5032 3582 5076 sunt

1995 5111 2244 5167 inaudita
2281 5112 2459 5177 vobis,
2495 5112 2720 5168 domine
2757 5112 3100 5183 patriarcha,
3131 5122 3188 5167 et
3217 5113 3316 5183 qui
3346 5128 3474 5168 cum
3507 5129 3576 5166 eo

1995 5205 2132 5260 estis
2160 5205 2500 5259 sacrosancti
2546 5206 2834 5275 episcopi,
2892 5221 3250 5276 quacunque
3306 5207 3452 5260 inter
3493 5220 3580 5257 me

1997 5312 2276 5369 avumque
2309 5313 2491 5352 meum
2521 5336 2536 5366 ,
2579 5298 2724 5354 haud
2757 5299 2830 5354 ita
2880 5298 3094 5369 pridem
3116 5338 3133 5366 ,
3168 5299 3410 5370 peccatis
3437 5296 3583 5351 meis

1567 5436 1786 5500 Jacobi
1812 5437 2080 5501 Pontani
2115 5445 2300 5498 notae.

396 5559 510 5636 (75)
536 5561 769 5636 Causam
813 5563 976 5619 affert
1005 5559 1284 5636 .Gregoras
1345 5565 1586 5636 :Senior
1645 5580 1766 5618 cum
1827 5581 1891 5621 ea

320 5632 595 5702 postulata
619 5633 776 5700 plena
801 5650 912 5688 esse
934 5635 1043 5688 doli
1062 5632 1352 5702 judicaret,
1385 5636 1474 5688 diu
1497 5635 1666 5696 siluit,
1715 5650 1892 5689 secum

245 5703 260 5726 “·
325 5699 1190 5778 deliberans.utrumprwstdreta
1212 5705 1357 5762 Nam
1396 5707 1594 5778 nepotis
1633 5707 1690 5758 in
1710 5706 1893 5758 urbem

327 5774 624 5841 ingressum
663 5774 1504 5845 pernicioutm,-necincruentum
1548 5775 1694 5843 fore;
1733 5791 1893 5834 ναῖοι

1997 5575 2075 5620 to:
2108 5558 2274 5618 'enim
2324 5562 2632 5634 Byzantios,
2674 5570 2732 5616 ut
2773 5561 2845 5615 ad
2889 5559 3044 5616 illum
3076 5559 3354 5636 deﬁciant.
3394 5556 3588 5636 statim

1998 5639 2146 5691 intra
2181 5630 2755 5700 portas'conspectum,
2797 5642 2844 5685 et
2880 5647 2936 5686 se
2969 5647 3062 5696 per
3091 5630 3442 5682 cruciatum-e
3470 5630 3581 5679 vita

2003 5705 2214 5759 tollant.
2261 5702 2336 5757 Ει
2399 5703 2778 5772 Byzantiorum
2835 5703 2904 5757 ad
2953 5700 3112 5755 illum
3163 5713 3432 5768 egressum
3479 5712 3585 5748 non

1999 5777 2112 5831 sine
2139 5775 2396 5832 seditione
2426 5776 2560 5843 fore,
2596 5784 2702 5830 etc.
