4028 6442
363 346 458 411 Sil

1569 351 1702 411 10A
1713 349 1895 412 NNlS
1931 353 2457 416 CANTACUZENI

3541 352 3650 414 31?.

364 460 596 511 fortasse
631 457 684 512 id
714 459 1090 528 exigentibus,
1133 463 1511 532 contigerunt.
1542 464 1674 531 Quae
1705 464 1938 518 omniun

2059 483 2237 534 τινος,
2271 469 2360 522 διὰ
2393 470 2491 531 τὰς
2537 469 2811 541 ἁμαρτίας
2851 469 3016 538 catino
3052 467 3118 520 ἂν
3143 465 3316 535 ἔγωγε
3347 465 3445 530 τὰς
3484 469 3650 537 ἐμά’.

363 563 551 601 rerum
587 549 810 617 sapiens
859 552 1175 607 moderator
1238 553 1383 610 Deus
1425 554 1584 610 facile
1631 555 1942 626 dissipavit,

361 641 832 712 concordiamque
875 660 1148 700 summam
1203 647 1438 718 largitus
1487 659 1594 704 est.
1650 647 1786 703 Cum
1830 649 1944 718 jani

361 734 592 791 remotis
625 751 655 790 e
688 735 872 791 medio
901 737 1203 794 obstaculis
1263 741 1787 810 impedimentis-que
1830 757 1946 796 om-

363 827 532 882 nibus
566 829 1024 898 tranquillissima
1059 832 1246 900 quiete
1277 833 1612 898 frueremur,
1649 833 1772 888 belli
1807 833 1944 888 civi-

363 920 432 972 lis
467 920 624 974 obliti
665 919 934 986 l'unditus.
989 927 1288 994 derepente
1332 937 1518 980 vastus
1570 913 1796 997 quidam
1845 927 1946 981 llu-

360 1022 485 1066 ctus
523 1025 580 1066 et
612 1014 929 1069 turbulenta
969 1025 1269 1082 tempestas
1305 1017 1516 1071 exstitit
1541 1059 1554 1080 ,
1594 1035 1715 1086 qua:
1746 1019 1948 1074 Roma-

295 1089 304 1096 ’
361 1119 492 1158 lilllll
536 1106 826 1174 imperium
863 1108 1014 1162 velut
1047 1109 1229 1162 navim
1274 1109 1388 1180 (74)
1429 1125 1554 1165 cum
1587 1110 1720 1180 ipsis
1751 1120 1942 1166 vecto-

361 1195 516 1249 ribus
551 1211 988 1254 suiumersuram
1021 1215 1080 1256 se
1111 1201 1440 1257 minaretur.
1494 1204 1571 1258 Ac
1603 1203 1765 1259 nobis
1795 1203 1942 1258 idem

357 1289 504 1355 quod
537 1293 759 1361 :egrotis
789 1308 888 1348 usu
902 1295 1070 1350 venit.
1105 1295 1184 1350 Illi
1212 1312 1448 1367 namque
1474 1298 1527 1352 in
1555 1299 1736 1369 primo
1765 1298 1940 1354 morbi

357 1395 622 1444 accessu,
671 1388 1029 1452 quantumvis
1077 1387 1292 1457 rapido,
1344 1399 1602 1459 potenter
1650 1391 1940 1447 resistunt.

361 1472 457 1526 Siti
492 1485 776 1530 recreatos
825 1477 1025 1531 iterum
1083 1477 1226 1536 forte
1267 1495 1331 1535 ac
1367 1482 1590 1536 tertium
1632 1485 1941 1553 occuparit,

358 1564 577 1619 viribus
601 1567 711 1636 jam
746 1567 1071 1624 debilitatos
1120 1571 1414 1630 inveniens
1442 1616 1456 1639 ,
1495 1577 1609 1631 cito
1657 1574 1941 1630 interﬁcit.

362 1656 454 1711 Sic
491 1673 594 1711 nos
622 1661 1008 1727 superioribus
1039 1662 1199 1720 bellis
1240 1665 1541 1731 civilibus,
1583 1676 1640 1721 et
1676 1667 1940 1732 externis,

357 1765 481 1817 qua:
511 1750 742 1808 Barbari
783 1753 1093 1810 intulerunt
1124 1800 1139 1824 ,
1197 1759 1602 1828 propemodum
1657 1759 1896 1815 confecti
1923 1799 1938 1822 ,

358 1846 629 1902 adversus
665 1851 950 1918 surgentia
989 1851 1128 1907 mala
1156 1869 1225 1908 ne
1256 1855 1450 1910 oculos
1484 1855 1710 1924 quidem
1747 1855 1939 1911 tollere
1981 1846 1988 1890 Ὗ

359 1939 707 2005 poterimus,
751 1941 844 1996 sed
887 1945 1096 1999 mutuis
1150 1947 1394 2001 caedibus
1444 1947 1770 2016 peribimus.
1809 1947 1942 2012 Qu.e

355 2036 544 2090 omnia
597 2047 814 2093 cumet
859 2040 976 2109 ipse
1025 2042 1498 2109 animadvertam,
1541 2054 1597 2099 et
1629 2046 1938 2116 periculum

355 2144 465 2181 uou
513 2129 789 2197 privatqu
845 2133 1012 2203 (esset
1067 2136 1214 2205 enim
1269 2137 1324 2191 id
1370 2137 1709 2208 ferendum),
1751 2154 1938 2193 verum

356 2220 637 2288 publicum
673 2225 1020 2281 considerent
1050 2269 1062 2287 .
1098 2229 1209 2300 jam
1258 2231 1659 2300 suagesimum
1709 2232 1940 2286 omnino

353 2313 541 2374 diem,
583 2324 642 2370 ut
691 2318 864 2373 noStis
893 2358 906 2382 ,
935 2335 1120 2390 prope
1172 2321 1445 2392 Rhegium
1501 2323 1672 2378 sedeo
1697 2365 1711 2386 ,
1751 2324 1940 2394 quoti-

353 2407 535 2460 dianis
577 2411 859 2477 precibus,
902 2429 1007 2482 qua
1036 2429 1131 2482 par
1157 2427 1242 2469 est
1263 2418 1598 2480 reverentia,
1645 2417 1936 2482 modes'ia,

353 2508 410 2550 ut
463 2499 832 2570 subjectionc,
876 2506 1096 2559 veniam
1136 2506 1207 2561 ab
1245 2506 1580 2578 imperatore
1648 2509 1934 2578 ﬂagitans,

353 2593 570 2643 tametsi
620 2593 757 2646 niliil
797 2595 925 2650 ntali
957 2597 1223 2654 facinoris
1264 2599 1318 2652 in
1361 2616 1447 2653 me
1498 2602 1741 2670 reperio,
1784 2601 1933 2672 quod

350 2683 474 2750 ejus
513 2685 592 2738 ira
631 2685 857 2756 dignum
882 2689 972 2743 sit.
1009 2690 1308 2759 Postquam
1345 2708 1478 2744 vero
1517 2694 1745 2747 multum
1781 2694 1936 2748 labo-

352 2787 470 2828 rem
511 2775 715 2832 lrustra
746 2763 1088 2849 consumpsi,
1115 2782 1222 2836 alia
1251 2792 1512 2851 expeitus
1539 2800 1658 2838 sunt
1693 2788 1802 2846 via,
1850 2803 1936 2840 ro-

349 2878 508 2933 gans,
551 2877 612 2922 ut
643 2867 780 2922 mihi
809 2884 932 2923 cum
963 2870 1312 2940 paucissimis
1335 2873 1388 2926 in
1415 2873 1538 2942 ejus
1574 2884 1934 2942 conspectum

349 2957 568 3028 venire,
589 2959 748 3031 139
766 2960 1086 3032 ibidemque
1103 2963 1430 3018 criminibus
1453 2966 1789 3035 respondere
1807 2967 1937 3021 lice-

350 3060 434 3105 ret
459 3068 474 3106 :
503 3062 596 3106 aut
623 3053 667 3108 si
700 3052 750 3107 id
775 3070 880 3108 non
901 3055 1160 3124 placeret.
1192 3072 1420 3126 magnus
1447 3057 1784 3112 domesticus
1811 3074 1934 3112 ineo

2050 562 2235 616 Ταῦτα
2269 563 2366 632 μὲν
2399 559 2494 617 οῦν
2525 565 2553 616 ὁ
2582 563 2760 616 πάντα
2796 564 2974 632 σοφῶς
3013 561 3342 632 οἰκονομῶν.
3374 559 3509 623 Θεὸς
3563 561 3649 614 διο

2051 655 2210 710 ἐλυσὲ
2227 673 2283 709 τε
2306 657 2526 727 ῥᾳδίως,
2547 657 2638 710 καὶ
2655 655 2880 726 βαθεῖαν
2901 656 3238 726 ἐχορήγησεν
3255 653 3648 724 citati/ammte

2046 749 2104 803 δέ
2136 749 2312 803 πάντα
2343 749 2412 803 τὰ
2442 752 2499 802 ἐν
2532 749 2684 818 μέσω
2713 749 2894 802 σχῶλα
2924 749 3018 802 καὶ
3046 747 3452 820 προσκόμματα
3481 761 3645 815 περι-

2051 841 2247 915 ῃρέθη,
2279 843 2373 897 καὶ
2411 842 2633 912 βαθείας
2683 840 3027 910 ἀπελαύομεν
3072 841 3339 911 γαλήνης,
3368 839 3479 893 οὐδ’
3509 838 3645 912 ἄχρι

2047 936 2313 1006 λογισμοῦ
2349 935 2617 1006 ἐμφυλίου
2649 936 2778 1005 πέρι
2810 929 2979 1006 ’μηδὲν
3010 935 3253 1003 πολέμου
3288 932 3596 995 ἐννοοῦντες
3622 971 3642 997 ,

2047 1029 2317 1096 αἰφνίδιον
2365 1028 2649 1098 ἀνερράγη
2684 1026 2891 1081 κλύδων
2922 1025 3117 1097 βαρὺς,
3154 1026 3248 1078 καὶ
3279 1023 3490 1096 χαλεπὴ
3517 1041 3646 1093 ἰρις

2048 1141 2116 1176 κυ
2126 1123 2224 1193 μία
2249 1121 2346 1192 τὴν
2379 1105 2669 1190 Ῥωμαίων
2692 1119 2985 1187 ἄντανδρον
3009 1119 3311 1190 ἡγεμονίαν
3334 1114 3643 1172 ἀπειλοῦσα

2047 1213 2377 1279 καταδύειν,
2428 1216 2522 1267 καὶ
2582 1212 2900 1282 συμῆέϐηκέ
2958 1230 3010 1266 τι
3068 1210 3454 1283 παραπλήσιον
3505 1210 3645 1279 ἡμῖν

2046 1306 2237 1374 ῶσπερ
2267 1306 2358 1358 καὶ
2389 1305 2502 1366 τοῖς
2534 1302 2805 1358 νοσοῦσιν.
2854 1302 3085 1358 Ἐκεῖνοι
3119 1320 3180 1356 τε
3215 1303 3328 1372 γὰρ
3361 1298 3498 1354 κατὰ
3540 1298 3645 1369 μιν

2045 1398 2142 1468 τὴν
2171 1397 2398 1469 πρώτην
2433 1396 2668 1466 μάλιστα
2693 1395 2793 1465 τῆς
2819 1394 2976 1448 νόσου
2995 1391 3328 1468 προσϐολὴν,
3360 1392 3462 1446 κᾶν
3500 1409 3639 1461 σφο-

2046 1491 2148 1560 δρὰ
2174 1490 2313 1561 τύχῃ
2354 1485 2488 1543 οὖσα
2518 1489 2751 1560 χαλεπὴ,
2794 1487 3115 1558 ἀντέχουσιν
3164 1484 3402 1556 ἰσχυρῶς
3427 1502 3440 1517 ·
3484 1484 3550 1538 ἄν
3579 1483 3642 1536 δὲ
3691 1499 3701 1506 ·

2048 1583 2268 1654 ραΐσασι
2298 1581 2563 1652 ξδεύτερον
2613 1576 2771 1643 αὖθις
2824 1579 2857 1651 ἢ
2907 1579 3003 1633 καὶ
3049 1577 3232 1648 τρίτον
3278 1576 3556 1645 ἐπίθηται,
3588 1576 3644 1628 εί

2045 1678 2231 1746 τύχοι,
2292 1675 2708 1743 ἀσθενεστέροις
2759 1669 3165 1742 περιτυχοῦσα,
3229 1667 3643 1738 κατεργάζεται

2054 1768 2253 1842 ῥᾳίίως
2279 1766 2406 1829 τοὺς
2433 1764 2788 1834 ἀνθρώπους*
2813 1765 2908 1817 καὶ
2931 1764 3062 1832 ἡμῖν
3083 1761 3144 1814 τὸ
3167 1759 3298 1814 αὑτὸ
3318 1758 3644 1827 συμϐέϐηκε

2050 1860 2166 1914 νῦν.
2212 1857 2348 1912 ’Υπὸ
2378 1874 2431 1911 τε
2459 1857 2568 1928 γὰρ
2593 1855 2702 1909 τῶν
2731 1857 2998 1926 πρότερον
3026 1853 3305 1923 ἐμφυλίων
3325 1868 3526 1922 γεγενη
3538 1851 3645 1920 μέ-

2047 1970 2152 2006 νων
2190 1951 2464 2022 πολέμων,
2493 1950 2586 2004 καὶ
2609 1949 2717 2002 τῶν
2756 1949 2957 2013 ἔξωθεν
2987 1947 3118 2017 ἡμῖν
3153 1945 3258 1998 ὑπὸ
3288 1945 3398 1997 τῶν
3432 1942 3645 2013 βαρϐάρ-

2052 2063 2163 2116 ρων
2195 2043 2598 2113 ἐπενεχθέντων
2624 2041 2701 2111 τῷ
2731 2041 2939 2094 πλείονι
2963 2037 3423 2110 κατειργασμένοι
3454 2036 3642 2106 μέρει,

2047 2139 2168 2194 ούδέ
2200 2139 2264 2192 ἄν
2293 2154 2345 2190 τι
2375 2136 2568 2206 βλέψαι
2611 2132 2958 2204 δυνησόμεθα
2997 2131 3133 2201 πρὸς
3179 2131 3245 2183 τὰ
3281 2130 3641 2197 ἀναφυόμενα

2047 2232 2216 2294 κακὲ,
2233 2225 2868 2299 ἀλλὰδιαφθαρησόμεθα
2895 2225 3050 2278 αὐτοὶ
3072 2222 3163 2291 ὑφ’
3193 2222 3433 2276 ἐαυτῶνο
3453 2221 3640 2290 ’Δπερ

2046 2326 2261 2388 ἅπαντα
2288 2322 2544 2394 ’συνορῶν
2593 2321 2691 2375 καὶ
2741 2320 2922 2386 αὐτὸς,
2973 2320 3066 2374 καὶ
3115 2317 3205 2370 τὸν
3237 2316 3484 2370 κίνδυνον
3536 2315 3643 2367 ούκ

2048 2413 2290 2488 ἴδιον-(ἧν
2305 2416 2414 2486 γὰρ
2441 2414 2508 2468 ἂν
2527 2413 2798 2480 ἀνεκτὸν),
2827 2411 2962 2466 ἀλλὰ
2987 2409 3167 2464 κοινὸν
3195 2409 3306 2462 τῶν
3345 2405 3643 2474 Ῥωμαίων

2044 2509 2306 2566 ἁπάντων
2359 2505 2489 2560 ὄντα
2533 2505 2721 2574 σαφῶς
2763 2503 2940 2574 ὁρῶν,
2997 2504 3054 2556 ἐν
3083 2501 3347 2572 ἐξήκοντα
3398 2499 3642 2571 ἡμέραις

2044 2602 2144 2675 ἤδη
2195 2600 2432 2670 μάλιστα
2470 2597 2603 2667 περὶ
2650 2597 2874 2668 Ῥήγιον
2908 2597 3156 2667 κάθημαι
3181 2636 3194 2657 ,
3229 2595 3481 2664 καθάπερ
3518 2594 3639 2647 ἴστε

2045 2694 2140 2748 καὶ
2185 2691 2362 2757 αὐτοὶ,
2419 2689 2683 2762 βασιλέως
2731 2689 2985 2759 δεόμενος
3033 2687 3306 2759 ὁσημέραι
3349 2688 3488 2756 μετὰ
3535 2688 3640 2755 τῆς

2047 2786 2439 2857 προσηκούσης
2470 2782 2650 2845 αἰδοῦς
2686 2783 2809 2852 ἐμοὶ
2855 2783 2951 2836 καὶ
2993 2781 3346 2852 μετριότητος
3380 2782 3472 2832 καὶ
3509 2780 3638 2834 δουο

2041 2879 2216 2944 λείας,
2245 2877 2576 2947 συγγνώμης
2598 2877 2800 2945 τυχεῖν,
2828 2874 3071 2941 καίτιιγε
3109 2873 3276 2944 μηδὲν
3299 2871 3476 2941 ἐαυτῷ
3508 2888 3640 2923 συν-

2044 2972 2199 3034 ειδῒρς
2227 2969 2401 3040 ὀργῆς
2429 2968 2578 3034 ἄξιον
2609 2968 3006 3038 πεπραγμένῳ.
3043 2965 3132 3029 Ὠς
3155 2965 3210 3018 δὲ
3237 2964 3410 3019 πολλὰ
3439 2963 3638 3034 μοχθήο

2044 3083 2174 3130 σας,
2231 3063 2490 3134 εὕρισκον
2541 3062 2798 3132 ούδεμέαν
2848 3060 3036 3129 ὄνησιν
3091 3060 3198 3112 ἀπὸ
3253 3058 3362 3112 τῶν
3419 3057 3632 3120 πόνων,

347 3145 570 3201 nomine
598 3147 739 3202 idem
771 3147 1014 3204 facturus
1038 3149 1265 3204 veniret.
1297 3150 1518 3218 Rejecta
1547 3161 1776 3220 utraque
1801 3167 1936 3206 cou—

2044 3157 2362 3228 ἐτραπόμην
2395 3155 2591 3224 ἑτέραν
2613 3169 2626 3183 ·
2657 3155 2794 3223 μετὰ
2824 3151 3018 3222 κομιδῇ
3049 3168 3211 3203 τινων
3244 3149 3634 3220 εὐαριθμὴτων

347 3240 504 3303 ditio,
537 3250 704 3312 atque
733 3243 806 3298 ita
849 3254 1040 3298 contra
1089 3245 1336 3299 omnium
1372 3245 1554 3315 legum
1583 3247 1729 3316 jura,
1775 3248 1933 3316 quasi

345 3334 566 3386 deserto
595 3333 912 3387 vadimonio
935 3373 952 3398 ,
1000 3344 1055 3389 et
1086 3336 1288 3390 indicta
1322 3351 1488 3390 causa
1522 3337 1932 3392 damnationem

347 3423 542 3478 subeo.
595 3423 762 3492 Atqui
811 3425 855 3480 si
907 3440 1044 3480 avus
1095 3443 1286 3496 pmaas
1317 3438 1499 3482 certas
1532 3445 1630 3498 pro
1661 3429 1934 3484 arbitratu

348 3532 452 3570 suo
485 3516 725 3585 pendere
757 3533 844 3570 me
869 3517 1128 3586 jussisset
1153 3559 1166 3581 ,
1214 3535 1309 3588 pro
1339 3519 1408 3573 iis
1441 3536 1564 3591 quze
1619 3519 1751 3574 milii
1783 3520 1937 3590 oltje-

347 3618 589 3672 etantur,
617 3625 727 3664 non
755 3625 914 3678 aequo
943 3621 1176 3676 tantum,
1205 3613 1297 3664 sed
1325 3611 1488 3665 etiam
1525 3611 1936 3680 promptissimo

347 3701 535 3757 animo
569 3702 970 3772 pependissent.
1001 3702 1158 3760 Nunc
1185 3719 1308 3758 cuin
1339 3705 1456 3774 ejus
1493 3703 1546 3758 in
1577 3720 1662 3758 me
1694 3704 1934 3758 furorem

349 3794 615 3850 Romanis
677 3795 950 3850 universis
1011 3797 1337 3864 pestiferum
1391 3798 1508 3852 fore
1564 3797 1932 3867 przevideam,

347 3902 522 3957 angor
553 3888 1065 3944 vehementissime.
1123 3889 1392 3954 Quocirca
1453 3890 1520 3944 ad
1583 3891 1932 3945 sanctitatem

348 3991 592 4037 vestram
626 3982 811 4038 scribo
837 4022 852 4049 ,
906 3998 1169 4054 rogoque,
1201 3984 1246 4038 si
1279 3998 1346 4037 ex
1382 3983 1491 4038 Deo
1521 3984 1677 4050 estis,
1717 3995 1776 4040 ut
1809 3985 1932 4055 paci

348 4074 794 4145 rediutegraudae
837 4075 1055 4131 navetis
1089 4091 1333 4146 operam.
1374 4076 1452 4131 Ne
1502 4078 1803 4146 permittite
1832 4093 1937 4135 nos

349 4178 712 4239 cognatorum
757 4169 1023 4239 sanguine
1077 4168 1337 4224 incestari
1368 4187 1382 4225 :
1415 4168 1509 4224 sed
1541 4169 1932 4240 imperatorem

345 4275 416 4314 eo
455 4270 790 4329 perniovete,
828 4271 888 4314 ut
917 4271 1011 4314 aut
1047 4276 1135 4316 me
1170 4261 1300 4315 illuc
1333 4262 1396 4314 ad
1425 4276 1520 4316 vos
1547 4262 1844 4330 proﬁcisci,
1878 4269 1935 4316 et

349 4353 406 4406 in
462 4354 750 4420 praesentia
803 4363 982 4408 vestra
1050 4369 1150 4422 pro
1209 4369 1296 4406 me
1320 4368 1542 4408 causam
1601 4370 1784 4418 orare,
1837 4364 1934 4408 aut

346 4444 507 4497 vobis
537 4445 644 4498 line
681 4444 944 4512 profertis
972 4485 987 4508 ,
1022 4445 1258 4512 idipsum
1309 4444 1398 4498 liic
1451 4444 1632 4499 facere
1661 4446 1932 4499 conceda-

2041 3251 2133 3302 ἐπὶ
2155 3249 2250 3302 τοῦ
2278 3247 2542 3318 βασιλέως
2574 3245 2747 3298 ἐλθεῖν
2773 3242 2957 3307 αἰτῶν,
2990 3243 3083 3296 καὶ
3108 3243 3246 3314 ὑπὲρ
3275 3235 3350 3295 ὧν
3369 3242 3636 3311 ἐγκαλοῦ-

2047 3359 2146 3411 μαι
2189 3340 2421 3402 εὐθύνας
2471 3339 2648 3410 ταύτῃ
2704 3341 3046 3408 παρασχεῖν·
3099 3337 3133 3407 ἢ
3185 3339 3233 3389 εἰ
3283 3338 3420 3407 μηδὲ
3468 3335 3636 3392 τοῦτο

2044 3437 2188 3489 κατὰ
2215 3435 2440 3504 γνώμην
2477 3433 2563 3502 εἴη
2593 3431 2822 3502 βασιλεῖ,
2859 3431 2948 3484 τὸν
2983 3432 3158 3500 μέγαν
3188 3431 3509 3500 δομέστικον
3542 3433 3635 3482 ἐλ-

2044 3526 2241 3593 θόντα,
2286 3526 2425 3595 ὑπὲρ
2473 3522 2608 3594 ἐμοῦ
2661 3520 3072 3590 ἀπολογεῖσθαι.
3122 3522 3232 3576 Καὶ
3276 3523 3363 3574 ἐπ’
3397 3521 3632 3592 οὐδεμιᾷ

2043 3615 2344 3687 προκλήσει
2384 3610 2772 3684 είσηκούσθην,
2821 3611 2937 3664 ἀλλ’
2987 3611 3161 3675 οὕτως
3213 3613 3430 3683 ἐρήμην
3481 3612 3634 3681 παρὰ

2043 3709 2220 3760 πάντα
2251 3706 2342 3760 τοῦ
2368 3708 2574 3760 δικαίου
2599 3705 2763 3776 νόμον
2794 3704 3254 3775 καταδικάζομαι.
3297 3705 3443 3771 Ἐγὼ
3472 3705 3547 3760 δὲ.
3583 3704 3638 3756 εἴ

2043 3817 2106 3868 γε
2143 3799 2398 3870 βασιλεὺς
2429 3797 2591 3862 αὐτὸς
2623 3800 2792 3868 ῥητήν
2819 3815 2943 3852 τινα
2975 3797 3132 3867 δίκην
3157 3797 3350 3850 ὁποίαν
3385 3797 3450 3850 ἂν
3479 3798 3634 3867 αύτῷ

2042 3893 2216 3946 ἐδόκει
2252 3891 2501 3944 ἐκέλευεν
2532 3890 2670 3961 ὑπὲρ
2701 3885 2779 3943 ὢν
2825 3888 3169 3958 ἐγκαλοῦμαι
3231 3888 3448 3950 δοῦναι,
3491 3890 3634 3958 ὴγά-

2047 4003 2198 4056 πησα
2238 3985 2325 4044 ἂν,
2361 3985 2452 4037 καὶ
2491 3985 2589 4037 σὺν
2631 3983 2911 4054 προθυμίᾳ
2950 3981 3122 4052 πολλῇ
3158 3981 3438 4052 παρέσχον
3463 3997 3479 4013 ο
3508 3985 3633 4036 νυνὶ

2042 4077 2099 4131 δέ
2129 4077 2272 4149 ὁρῶν
2304 4077 2404 4147 τὴν
2434 4078 2512 4138 είς
2548 4077 2648 4146 ἐμὲ
2690 4076 2859 4146 ὀργὴν
2905 4077 3046 4129 κατὰ
3074 4076 3293 4130 πάντων
3337 4072 3638 4143 Ῥωμαίων

2043 4168 2346 4235 ἐξάγουσαν
2375 4168 2470 4240 τὴν
2501 4167 2726 4238 βλάϐην,
2747 4168 2848 4220 ούκ
2872 4166 3114 4231 ἀνεκτῶς
3140 4167 3309 4234 ἀλγῶ.
3341 4165 3440 4218 Διὰ
3468 4166 3636 4219 τοῦτο

2042 4265 2138 4317 καὶ
2172 4263 2430 4332 δεόμενος
2468 4263 2568 4326 τῆς
2606 4261 3101 4330 ύμῶντὶγιότητος,
3125 4262 3345 4331 γράφω,
3382 4260 3498 4327 εἴγε
3530 4258 3631 4313 τοῦ

2041 4354 2175 4408 Θεοῦ
2212 4356 2333 4407 ἐστε
2367 4355 2564 4424 ὑμεῖς,
2606 4354 2908 4407 σπουδάσαι
2942 4354 3083 4424 ὑπὲρ
3108 4355 3206 4420 τῆς
3237 4356 3496 4424 εἰρήνης,
3535 4354 3634 4406 καὶ

2047 4449 2122 4517 μὴ
2149 4448 2413 4516 περιϊδεῖν
2437 4449 2581 4516 ἡμᾶς
2612 4449 2724 4510 τοῖς
2755 4447 3050 4516 ὁμοφύλοις
3079 4448 3277 4514 αἵμασι
3311 4463 3633 4515 καταχρανο

352 4547 459 4590 tur.
499 4536 592 4590 Sic
650 4537 1020 4606 patriarcbam
1054 4545 1110 4590 et
1168 4537 1458 4604 pontiﬁcis
1515 4553 1612 4605 per
1641 4539 1932 4606 epistolam

2047 4541 2237 4601 θέντας
2261 4557 2274 4570 ·
2302 4540 2417 4592 ἀλλ’
2449 4541 2482 4611 ἢ
2520 4544 2703 4593 πεῖσαι
2735 4541 2958 4605 βασιλέα
2987 4539 3124 4608 πρὸς
3157 4540 3302 4608 ὑμᾶς
3339 4541 3437 4608 ἐμὲ
3469 4539 3633 4606 γενὸ-
3690 4531 3694 4535 ’

351 4630 420 4680 de
459 4640 590 4694 pace
621 4627 930 4680 obtestatus
983 4634 1068 4679 est
1115 4626 1305 4691 junior
1363 4625 1681 4695 imperator.
1741 4625 1856 4692 Qua
1907 4642 1938 4680 a

313 4755 320 4764 -
352 4719 642 4774 tabellario
679 4719 1004 4787 patriam-lue
1031 4719 1082 4772 in
1114 4734 1310 4773 manus
1342 4719 1577 4782 reddita,
1622 4730 1678 4774 et
1712 4719 1766 4772 in
1797 4735 1934 4775 con-

351 4829 507 4870 sessu
527 4815 914 4883 episc0porum
946 4813 1192 4876 recitata,
1216 4823 1276 4866 ut
1300 4813 1416 4867 visa
1445 4823 1529 4867 est
1547 4829 1700 4883 aequa
1722 4814 1932 4883 petitio,

353 4924 550 4962 omnes
581 4910 832 4977 protinus
881 4911 946 4962 ad
986 4909 1260 4962 seniorem
1326 4907 1573 4972 adeunt,
1606 4923 1724 4961 eain
1781 4923 1939 4962 mou-

353 5008 559 5067 strant,
593 5010 648 5055 et
676 5010 734 5056 ut
773 5002 918 5070 justa
945 4991 1189 5071 cupienti
1231 4999 1628 5070 suffragantur.
1663 4999 1798 5054 Nam
1832 5000 1938 5055 hoc

2043 4649 2204 4700 μενον
2223 4631 2327 4684 ὑπὸ
2351 4625 2426 4685 ὧν
2455 4633 2798 4701 ἐγκαλοῦμαι
2828 4631 2986 4700 λόγον
3012 4632 3291 4700 ὑποσχεῖν,
3323 4630 3354 4701 ἦ
3387 4630 3631 4686 ἐνταῦθα

2040 4725 2352 4794 γενομένων
2374 4725 2402 4777 ύ
2411 4724 2527 4794 μῶν
2545 4724 2686 4796 ὑπὲρ
2709 4725 2814 4778 τῶν
2832 4727 2964 4779 ῐσων
2980 4727 3077 4794 τὴν
3094 4724 3387 4793 ἀπολογίαν
3408 4724 3625 4778 θέσθαι.

2039 4817 2291 4872 Τοσαῦτα
2344 4818 2443 4888 μὲν
2491 4818 2749 4889 βασιλεὺς
2781 4821 2808 4870 ὁ
2841 4819 2958 4880 νέος
3008 4819 3350 4887 πατριάρχου
3391 4818 3630 4870 καὶτῶν

2037 4911 2236 4977 ἂλλωνῤ
2259 4912 2515 4981 δεόμενος
2547 4914 2872 4982 ἀρχιερέων,
2909 4911 3148 4982 ἔγραψεν
3183 4912 3324 4980 ὑπὲρ
3344 4912 3438 4979 τῆς
3471 4912 3632 4979 εἰρή-

2035 5021 2132 5072 νης
2159 5021 2169 5032 ’
2205 5003 2239 5058 ἂ
2269 5008 2362 5058 καὶ
2399 5007 2578 5076 φέρων
2609 5009 2637 5058 ὁ
2666 5005 3050 5076 διακομιστὴς,
3084 5005 3381 5076 ἐνεχείρισε
3409 5004 3486 5074 τῷ
3516 5022 3631 5057 πα-

1608 5162 1822 5224 Jarobi
1857 5164 2122 5225 Pontani
2160 5172 2349 5225 notze.

425 5333 540 5402 ('74)
581 5331 699 5386 Non
748 5342 834 5387 est
869 5347 974 5386 vox
1000 5331 1148 5402 nauis
1193 5329 1246 5383 iu
1279 5329 1506 5402 Grmco;
1550 5328 1824 5402 sententia
1857 5336 1936 5380 ta-

355 5398 483 5458 men
537 5402 727 5473 exigit,
783 5419 906 5457 cum
965 5401 1096 5473 belli
1159 5401 1454 5473 tumultum
1514 5398 1827 5473 tempestati
1880 5407 1935 5473 et

353 5475 546 5528 lluctui
591 5469 897 5542 comparet,
936 5480 994 5525 et
1039 5469 1292 5542 imperio
1325 5469 1804 5542 suininersi0iiein_
1831 5469 1937 5542 iui-

355 5537 761 5598 nariatiirmet.
810 5543 953 5596 Sane
1009 5537 1136 5596 cum
1171 5539 1296 5593 navi
1359 5539 1562 5608 saepius
1620 5537 1936 5607 respublica

353 5614 655 5669 confertur.
693 5613 884 5668 Horat.
1675 5647 1680 5655 ι

373 5721 376 5724 ~
423 5683 470 5740 0
495 5685 662 5746 navis,
695 5684 923 5808 regerent
949 5683 1002 5736 in
1030 5698 1177 5735 mare
1208 5691 1257 5734 te
1288 5679 1406 5733 noui
1477 5681 1690 5752 ﬂuctus,
1721 5685 1830 5732 etc.

425 5752 545 5808 Ode
577 5753 666 5808 14.
710 5753 748 5808 li
795 5791 810 5807 .
847 5770 887 5808 ι.
911 5753 1106 5808 Cicero
1131 5767 1355 5808 unouue
1403 5751 1458 5805 in
1503 5748 1830 5808 perturbatit

425 5752 545 5809 Ode
577 5753 666 5816 14,
710 5748 810 5808 lib.
847 5770 887 5810 ι.
911 5753 1106 5809 Cicero
1131 5767 1355 5822 quoque
1403 5748 1938 5822 inr'perturbationi-

358 5826 462 5882 bus
501 5824 817 5895 reipublicae
857 5834 986 5884 ante
1033 5820 1223 5880 oculos
1263 5820 1537 5894 ponenda,
1597 5820 1938 5895 tempestati-

2044 5326 2150 5382 bus
2191 5332 2252 5382 δι
2296 5326 2576 5392 ﬂuctibus,
2625 5329 2735 5386 bis,
2784 5344 3031 5394 inquam,
3075 5327 3311 5381 vocibus
3358 5332 3626 5388 translate

2043 5401 2324 5465 eleganter
2365 5408 2450 5452 est
2498 5415 2630 5452 usus
2672 5400 2830 5470 lib.t,
2875 5399 2947 5450 De
2982 5398 3127 5453 Orat.
3169 5398 3235 5451 Et
3278 5400 3371 5451 hoc
3416 5410 3626 5470 tempus

2039 5485 2192 5520 omne
2235 5477 2346 5534 post
2397 5470 2730 5542 consulatum
2781 5469 3175 5542 objecitnust't's
3216 5470 3480 5542 ﬂuctibus,
3526 5469 3627 5542 qui

2035 5553 2130 5604 per
2160 5555 2252 5590 nos
2281 5555 2311 5592 a
2342 5541 2609 5592 communi
2632 5551 2775 5606 peste
2807 5539 3037 5608 depulsi,
3077 5541 3129 5592 in
3163 5541 3510 5607 nosmetipsos
3539 5539 3626 5597 re-

2038 5608 2367 5662 dandorum.
2425 5611 2530 5662 l’ro
2573 5609 2772 5664 Milone
2813 5631 2824 5661 :
2870 5609 3129 5675 Equidem
3197 5620 3416 5663 δίεισι-ηε
3475 5625 3627 5666 tem-

2037 5686 2268 5748 pestates
2305 5689 2353 5732 et
2398 5678 2658 5748 procellas
2691 5682 2746 5732 in
2777 5680 2888 5733 illis
2913 5680 3182 5734 duntaxat
3205 5682 3448 5749 ﬂuctibus
3488 5699 3623 5736 cono

2035 5750 2704 5824 ciouumsetnper‘putavi
2746 5749 2951 5824 Miloni
2973 5766 3084 5805 esse
3128 5752 3454 5820 subeundas,
3479 5757 3628 5824 quod

2035 5834 2239 5890 semper
2261 5828 2358 5893 pro
2378 5821 2524 5876 bonis
2547 5829 2731 5877 contra
2760 5820 3025 5878 improbos
3059 5830 3315 5876 senserat.
