4028 6446
384 381 496 445 319

1579 380 1906 440 JOANNIS
1942 380 2029 438 CA
2041 377 2471 440 NTACUZENI

3528 381 3636 436 τινι]

385 489 748 559 perpenderet
779 492 1253 561 examinaretque,
1304 509 1410 546 non
1471 508 1575 552 me.
1617 493 1774 562 143
1819 506 1953 557 non,

2077 489 2302 561 ικούσης
2322 489 2588 559 ἐξήταζεν
2632 487 2919 558 ἀκριϐείας
2949 499 2964 516 ⁸
2996 481 3032 558 ἦ
3061 485 3166 556 γὰρ
3197 485 3266 538 ἄν
3295 485 3394 537 οὐκ
3439 483 3506 538 ἀν
3537 471 3655 552 tui

380 580 626 648 inquam,
653 595 738 636 me
768 596 916 635 nunc
945 582 1296 650 impudentia:
1323 593 1379 637 et
1406 583 1676 652 projects:
1702 583 1962 648 audacia,

392 671 653 740 quodque
690 673 916 728 minime
947 674 1317 738 tolerandum,
1371 674 1596 744 perjurii
1630 689 1783 728 reum
1814 675 1966 730 face-

389 772 496 817 ret.
526 765 662 817 Nam
690 764 860 834 juch
900 776 1014 820 tum
1073 766 1295 820 demum
1343 781 1472 820 vere
1517 776 1575 820 et
1635 766 1965 837 incorrupte

387 854 622 923 judicat,
653 872 778 911 cum
827 859 946 926 ejus
979 867 1216 912 mentem
1274 873 1382 910 non
1415 858 1632 913 obsidet
1667 859 1964 928 anticipata

385 946 581 1014 opinio
615 963 630 1000 :
659 948 864 1016 alioqui
898 959 957 1002 ut
981 949 1276 1017 plurimum
1310 948 1424 1002 falli
1453 963 1517 1002 ac
1537 948 1716 1018 decipi
1741 965 1967 1006 necesse

385 1047 492 1092 cst.
514 1038 702 1108 Itaque
732 1041 777 1094 si
809 1041 1012 1109 quibus
1041 1041 1110 1094 de
1135 1041 1344 1109 causis,
1372 1049 1429 1096 et
1453 1042 1597 1097 unde
1644 1043 1792 1098 unde
1823 1045 1968 1099 natis

389 1129 576 1184 foedus
605 1131 887 1199 prioribus
913 1131 1074 1186 bellis
1094 1133 1481 1202 compositum,
1507 1142 1563 1188 et
1606 1133 1967 1204 jurejurando

395 1221 700 1275 stabilitum
732 1224 826 1284 sit,
885 1240 1058 1278 meam
1089 1241 1308 1294 quoque.
1346 1226 1400 1280 in
1437 1227 1580 1281 bello
1625 1227 1968 1298 proﬂiganda

383 1328 446 1367 ac
471 1314 709 1368 tollendo
731 1315 1102 1377 sedulitatem.
1128 1317 1572 1379 contentionem,
1597 1320 1965 1386 alacritatem,

391 1418 661 1472 praeterea
693 1422 857 1475 quam
916 1408 1152 1463 antehac
1206 1425 1318 1478 pra:
1358 1425 1444 1463 me
1485 1425 1705 1481 semper
1757 1413 1856 1466 tuli
1903 1428 1967 1466 ac

383 1493 664 1550 declaravi
701 1512 832 1565 er-ga
876 1498 1054 1566 ipsum
1095 1499 1547 1563 sollicitudinem,
1574 1503 1957 1572 obsequelam.

387 1601 633 1643 amorem
699 1587 1020 1656 respiceret,
1075 1586 1186 1642 an
1239 1605 1341 1660 ego
1402 1591 1590 1645 talium
1671 1593 1966 1648 criminum

385 1675 550 1728 modo
639 1691 968 1740 accusarer,
1026 1692 1318 1749 essemque
1391 1680 1510 1750 ipse
1577 1682 1964 1751 praesentibus,

390 1765 618 1820 Romani
655 1767 859 1822 futuris
891 1771 1155 1826 aerumnis
1218 1771 1404 1836 liberi,
1460 1773 1766 1844 imperator
1810 1786 1966 1831 extra

391 1872 610 1910 onmem
647 1859 943 1913 tumultum
974 1861 1205 1923 viveret,
1259 1878 1362 1918 nec
1411 1863 1633 1919 infamia
1663 1867 1970 1940 conﬂagra~

391 1959 500 2012 ret,
529 1965 653 2004 cum
683 1950 885 2005 bellmn
927 1953 993 2005 ad
1045 1953 1345 2022 perniciem
1375 1955 1756 2012 Rontanorum
1789 1961 1972 2017 sciens

388 2038 688 2108 volensque
716 2041 1066 2095 introducere
1096 2044 1366 2099 videatur.
1393 2046 1552 2102 Nunc
1583 2048 1784 2104 horum
1819 2051 1966 2106 obli-

389 2137 480 2183 tus
507 2132 776 2193 omnium,
809 2133 1201 2203 complurium,
1231 2151 1336 2190 nec
1366 2137 1569 2192 levium
1597 2156 1684 2196 me
1715 2144 1968 2205 arcessit,

389 2229 451 2273 ut
493 2221 715 2290 ipsimet
746 2223 1000 2279 audistis.
1039 2225 1150 2297 Ego
1185 2242 1316 2282 vero
1343 2231 1596 2298 quamvis
1640 2233 1824 2301 gravia
1857 2235 1970 2288 sint

386 2314 597 2378 omnia,
628 2324 810 2370 tamen
841 2318 1185 2373 continerem
1213 2335 1321 2383 me,
1348 2331 1462 2375 tum
1486 2325 1557 2377 ob
1579 2327 1970 2394 reverentiam,

389 2411 508 2459 tum
555 2395 624 2460 ne
669 2407 724 2461 in
755 2406 1074 2464 defensione
1104 2426 1225 2465 mea
1255 2412 1426 2468 edere
1472 2428 1702 2485 cogerer
1733 2417 1967 2487 aliquid,

389 2496 538 2566 quod
563 2497 614 2552 ei
640 2499 1107 2568 vituperationem
1133 2503 1377 2560 all‘erret.
1407 2507 1504 2562 Ast
1529 2508 1757 2578 perjurii
1781 2520 1966 2564 notam

391 2587 645 2642 mihimet
672 2590 894 2644 inurere
926 2595 1180 2658 tacendo,
1207 2609 1333 2648 cum
1357 2595 1575 2651 abunde
1601 2597 1813 2652 absolvi
1844 2613 1975 2670 pos-

389 2680 521 2740 sim,
552 2695 652 2734 nec
682 2679 784 2745 fas,
817 2697 922 2737 nec
953 2683 1239 2740 tolerabile
1267 2687 1433 2741 duco.
1462 2688 1617 2754 Quod
1637 2689 1682 2743 si
1709 2690 1840 2744 dum
1879 2707 1970 2748 me

392 2771 666 2825 insontem
690 2770 884 2836 doceo,
918 2774 1096 2843 ipsum
1123 2785 1315 2831 contra
1339 2778 1520 2846 egisse
1543 2780 1871 2849 probavero,
1898 2797 1968 2838 ne

393 2863 449 2919 id
479 2865 806 2930 temeritati,
838 2881 976 2921 neve
1017 2866 1218 2935 linguae
1265 2867 1704 2936 incontinentiae,
1741 2871 1838 2926 sed
1887 2873 1967 2928 rei

395 2956 579 3024 ipsius
625 2958 943 3012 necessitati
971 2969 1033 3012 ut
1069 2959 1384 3023 ascribatis,
1425 2975 1456 3014 a
1487 2961 1643 3018 vobis
1673 2975 1823 3032 peto.
1852 2964 1968 3020 Hoc

329 3027 350 3039 ’
395 3047 584 3118 itaque
611 3050 848 3120 primum
871 3051 998 3105 dico
1029 3066 1139 3106 non
1165 3067 1252 3108 me
1282 3053 1483 3118 solum,
1514 3056 1609 3110 sed
1638 3027 1792 3110 illum
1827 3072 1969 3128 quo-

1997 1819 2045 1878 B

2069 583 2166 638 νῦν
2206 582 2490 646 ἀναιδείας
2517 581 2614 636 καὶ
2640 579 2898 650 ἀφοϐίας,
2921 582 3038 642 καὶ,
3073 581 3134 631 τὸ
3170 577 3452 647 μέγιστον,
3485 574 3642 627 ἐδίω-

2069 691 2166 728 κεν
2199 673 2509 744 ἐπιορκίας.
2545 673 2621 726 Τὸ
2661 673 2760 742 μὲν
2788 671 2900 740 γὰρ
2927 669 3002 740 μὴ
3036 667 3516 740 προκατειλῆφθαι
3541 666 3638 716 τὸν

2067 765 2332 835 δικαστὴν
2353 765 2453 836 τὴν
2480 763 2733 834 γνώμην,
2769 762 2986 830 ἐξάγειν
3018 761 3259 829 μάλιστα
3291 758 3459 827 ὀρθὰς
3489 758 3642 808 ποιεῖ

2067 856 2182 921 τὰς’
2218 858 2454 927 κρίσεις.
2490 858 2558 910 Ὀ
2587 856 2642 910 δὲ
2679 857 2754 928 μὴ
2794 856 2985 909 τοῦτον
3015 853 3108 906 τὸν
3137 851 3360 922 τρόπον,
3410 847 3635 917 σφάλλε-

2070 949 2197 1002 σθαι
2227 949 2302 1010 ὼς
2328 949 2398 1001 τὰ
2430 947 2603 1002 πολλὰ
2635 949 2876 1017 ἀνάγκη.
2935 945 3061 998 Ἐὰν
3091 946 3199 1011 γὰρ
3231 943 3332 1003 τάς
3384 956 3444 993 τε
3495 940 3642 1019 κατά

2069 1039 2196 1100 τοὺς
2234 1039 2538 1108 προτέρους
2569 1037 2838 1108 πολέμους
2866 1036 3048 1097 αἰτίας
3078 1033 3454 1102 γεγενημένας
3478 1028 3548 1079 δι’
3572 1028 3645 1087 ἃς

2069 1131 2132 1186 αῖ
2148 1147 2204 1183 τε
2223 1129 2486 1198 ξυνθῆκαι
2507 1129 2907 1200 προύχώρησαν
2923 1128 3018 1181 καὶ
3035 1128 3085 1180 οἰ
3105 1127 3280 1196 ὅρκοι,
3301 1124 3423 1177 ὅθεν
3449 1140 3507 1175 τε
3531 1124 3642 1175 κάκ

2071 1222 2215 1284 τίνος
2257 1221 2507 1291 συνεώρα
2534 1222 2630 1275 καὶ
2653 1221 2752 1292 τὴν
2785 1219 2924 1291 ἐμὴν
2960 1219 3098 1288 πρὸς
3127 1217 3225 1287 τὴν
3264 1215 3362 1270 τοῦ
3395 1216 3642 1284 πολέμου

2069 1314 2370 1368 κατάλυσιν
2407 1313 2734 1384 ἐπιμέλειαν
2761 1314 2856 1366 καὶ
2919 1309 3156 1380 σπουδὴν
3189 1311 3282 1362 καὶ
3308 1307 3644 1378 προθυμίαν,

2068 1407 2148 1460 ἔτι
2187 1423 2246 1459 τε
2271 1406 2338 1476 ἢν
2360 1407 2713 1476 ἐνεδειξάμην
2740 1407 2798 1458 ἐν
2832 1402 2911 1474 τῷ
2939 1403 3273 1473 παρασχόντι
3298 1401 3461 1480 παντὶ
3484 1399 3650 1467 κηδε-

2073 1499 2261 1567 μονίαν
2293 1500 2390 1551 καὶ
2421 1491 2734 1550 εῢπείθειαν
2765 1496 2861 1549 καὶ
2889 1496 3124 1564 στοργήν
3155 1495 3292 1561 πρὸς
3321 1492 3509 1553 αὐτὸν,
3537 1492 3644 1544 οὐκ

2069 1589 2136 1642 ἂν
2167 1587 2262 1642 νῦν
2289 1588 2513 1641 τοιαῦτα
2541 1585 2774 1655 ἔφευγον
2797 1581 2929 1652 ἐγώ.
2973 1582 3138 1636 Ἀλλά
3170 1583 3282 1634 τῶν
3330 1598 3392 1633 τε
3439 1579 3646 1647 παρόν-

2068 1698 2176 1734 των
2206 1681 2271 1734 ἂν
2299 1680 2460 1738 αὐτὸς
2504 1677 2614 1746 ἐγὼ
2662 1677 2890 1730 καὶτῶν
2921 1675 3389 1743 προσδοκωμένων
3426 1673 3476 1725 oi
3509 1669 3652 1723 Ῥω·-
3726 1703 3730 1705 ›

2079 1776 2230 1843 μαῖοι
2264 1772 2451 1824 κακῶν
2477 1765 2619 1840 ἦμεν
2648 1770 3082 1838 ἀπηλλαγμένοι,
3107 1765 3364 1836 βασιλεύς
3395 1780 3453 1816 τε
3479 1763 3650 1825 αὺτές

2075 1862 2308 1931 θορύϐου
2361 1879 2419 1915 τε
2475 1859 2679 1920 παντὸς
2721 1859 2849 1921 ἔξω.
2877 1859 2970 1910 καὶ
3021 1858 3121 1928 τῆς
3175 1855 3286 1910 ἀπὸ
3315 1854 3414 1908 τοῦ
3461 1853 3654 1906 ἑκοντὶ

2090 1953 2388 2022 Ῥωμαίοις
2415 1953 2510 2005 ἐπὶ
2560 1951 2736 2022 φθορᾷ
2788 1951 2966 2002 δοκεῖν
2992 1949 3085 2002 τὸν
3133 1948 3372 2016 πόλεμον
3417 1944 3655 2011 ἐπάγειν

2077 2046 2366 2110 δυσκλείας
2404 2044 2716 2113 γινομένης.
2758 2043 2896 2096 Νυνὶ
2948 2041 3029 2104 δὲ,
3076 2041 3151 2103 ὡς
3187 2041 3387 2102 ἔοικεν,
3425 2039 3656 2092 ἐκείνων

2079 2139 2338 2193 ἁπάντων
2374 2136 2818 2208 ἐπιλελησμένος,
2847 2133 2884 2188 ἃ
2907 2133 3067 2202 ὑμεῖς
3115 2132 3318 2194 πάντες
3345 2129 3653 2198 ἀκηκόατε,

2080 2227 2426 2299 κατεγόρηκέ
2477 2244 2578 2297 μου
2627 2224 2801 2277 πολλὰ
2833 2227 2925 2278 καὶ
2955 2224 3128 2278 δεινά.
3166 2222 3306 2289 Ἐγὼ
3355 2221 3413 2274 δὲ
3470 2219 3658 2274 καίτοι

2079 2319 2272 2372 δεινῶν
2320 2319 2492 2372 ὄντων
2524 2316 2636 2370 τῶν
2688 2317 2866 2370 ἀλλων
2897 2316 3177 2378 ἀπάντων,
3235 2312 3552 2382 ἠνεσχόμην
3582 2312 3658 2364 ἂν

2081 2413 2208 2482 σιγῇ
2261 2411 2402 2463 αἰδοῖ
2430 2426 2489 2463 τε
2541 2411 2609 2478 τῇ
2685 2409 2823 2479 πρὸς
2859 2406 3106 2476 βασιλέα,
3155 2406 3250 2458 καὶ
3299 2403 3392 2458 τοῦ
3447 2404 3521 2474 μὴ
3550 2405 3660 2471 τῆς

2079 2503 2380 2571 ἀπολογίας
2413 2502 2580 2555 ἕνεκα
2611 2500 2720 2553 τῶν
2771 2499 2980 2570 μέμψιν
3010 2499 3134 2552 τινα
3187 2496 3337 2566 αὐτῷ
3389 2497 3664 2549 οἰσόντων

2077 2597 2254 2650 εἰπεῖν
2318 2595 2398 2657 εἰς
2457 2593 2708 2662 ἀνάγκην
2769 2609 2826 2646 τι
2877 2591 3073 2645 ἐλθεῖν.
3110 2589 3185 2643 Τὸ
3243 2589 3301 2642 δὲ
3362 2588 3661 2660 ἐπιορκίαν

2077 2685 2302 2755 ἐμαυτῷ
2356 2683 2821 2756 προστρίψασθαι,
2870 2681 2994 2737 ἐνδν
3047 2681 3310 2753 ἀσφαλῶς
3349 2681 3443 2734 καὶ
3511 2681 3662 2749 μετὰ

2081 2778 2277 2832 πολλοῦ
2307 2777 2402 2830 τοῦ
2431 2779 2715 2848 περιόντος
2745 2775 2844 2848 τὴν
2867 2775 3024 2845 δίκην
3044 2775 3349 2844 διαφυγεῖν,
3367 2772 3479 2828 οὗθ’
3503 2773 3662 2827 ὅσιον

2077 2872 2316 2942 ἥγημαι,
2348 2867 2461 2923 οὔτ’
2485 2869 2736 2922 ἀνεκτόν.
2772 2867 2866 2921 Διδ
2900 2869 2995 2919 καὶ
3024 2870 3364 2938 πειράσομαι
3410 2865 3667 2934 ἐμαυτὸν

2074 2961 2149 3024 ὡς
2180 2957 2293 3014 οἷόν
2324 2977 2382 3013 τε
2415 2961 2513 3024 τάς
2541 2977 2602 3012 τε
2628 2959 2860 3021 σπονδὰς
2887 2959 2982 3012 καὶ
3012 2959 3141 3021 τοὺς
3183 2957 3383 3026 ὅρκους
3429 2957 3660 3027 ἀκεραί-

2078 3073 2172 3118 ους
2191 3054 2319 3124 ἀχρι
2359 3053 2456 3106 νῦν
2498 3053 2732 3124 μάλιστα
2757 3050 3188 3120 διατετηρηκὸτα
3224 3047 3529 3112 ἀποδεῖξαι·
3582 3046 3663 3099 ἂν

395 3159 506 3214 que
555 3144 609 3198 in
644 3143 826 3200 lwdus
853 3145 1145 3216 juravisse,
1175 3147 1536 3217 eamdemque
1556 3149 1825 3206 ambobus
1854 3152 1972 3222 ejus

2077 3147 2122 3200 δ’
2149 3149 2380 3200 ἐκεῖνον·
2413 3146 2503 3199 διὰ
2535 3145 2746 3198 τούτων
2794 3144 3087 3214 ἀποφαίνω
3136 3143 3235 3195 καὶ
3277 3142 3405 3204 τοὺς
3451 3141 3658 3212 ὅρκους

391 3245 586 3292 sancte
633 3237 892 3293 servandi
929 3238 1312 3294 necessitatem
1342 3239 1656 3310 impositam
1691 3259 1704 3296 :
1735 3252 1792 3297 et
1835 3244 1975 3297 alte-

395 3345 540 3391 rum.
605 3330 652 3385 si
706 3331 761 3385 in
814 3331 1161 3402 fcealifragum
1210 3332 1528 3398 vindicarit,
1575 3335 1730 3390 nullo
1765 3337 1976 3392 scelere

395 3423 625 3492 astringi
655 3440 668 3477 :
697 3422 748 3477 id
766 3423 915 3492 quod
945 3424 1109 3478 etiam
1144 3424 1380 3492 ipsemet
1420 3427 1722 3497 imperator
1751 3443 1852 3498 pro
1879 3429 1980 3484 bo-

397 3529 473 3568 no
499 3513 843 3584 approbavit.
882 3515 1101 3569 Etenim
1134 3515 1179 3570 si
1212 3531 1316 3587 ego
1360 3515 1544 3573 fmdus
1572 3517 1890 3581 violassem,
1923 3528 1981 3575 et

403 3606 454 3660 is
483 3607 550 3660 de
585 3623 671 3660 me
704 3608 944 3677 perfidiae
969 3623 1164 3678 ptenas
1195 3621 1464 3674 sumeret,
1504 3611 1637 3666 nulli
1670 3611 1742 3666 ob
1772 3612 1824 3667 id
1862 3613 1982 3667 cul-

403 3712 488 3768 pze
519 3699 795 3754 obnoxius
825 3699 1016 3754 haberi
1045 3701 1246 3768 vellet;
1289 3710 1347 3756 et
1374 3717 1495 3766 vos,
1531 3711 1593 3756 ut
1618 3702 1886 3770 arbitror,
1917 3703 1976 3760 id

396 3791 476 3854 ei,
500 3799 558 3844 et
589 3799 738 3867 recte
767 3805 832 3844 ac
859 3791 1076 3857 merito,
1101 3793 1537 3848 assentiremini.
1564 3793 1977 3864 Perjucundum

399 3896 567 3952 porro
597 3881 732 3936 mihi
763 3883 982 3945 accidit,
1029 3900 1137 3940 una
1164 3885 1451 3940 vobiscum
1486 3886 1808 3943 etCocalam
1832 3904 1982 3960 mag-

400 3983 530 4025 num
551 3972 896 4042 logariastem
921 3975 1141 4031 venisse
1175 3976 1310 4046 :qui
1347 3977 1563 4032 tametsi
1608 3979 1983 4048 protovestia-

387 4063 469 4117 ~rii
499 4066 816 4134 proamitini
841 4069 947 4123 mei
979 4085 1142 4125 socer
1167 4071 1257 4138 sit,
1282 4087 1393 4126 non
1425 4089 1650 4142 parvam
1673 4073 1983 4133 defensioni

402 4168 536 4208 mea:
558 4155 718 4211 fidem
736 4157 1074 4226 conciliabit,
1105 4176 1230 4216 cum
1257 4163 1484 4218 moleste
1510 4163 1667 4231 feret,
1712 4181 1833 4236 qua:
1859 4182 1980 4222 sum

395 4243 674 4302 dicturus.
701 4248 769 4302 Et
819 4251 946 4319 quia
977 4253 1316 4307 accusationi
1351 4255 1811 4327 responsionique
1847 4274 1983 4314 mea

401 4338 655 4402 interest.
683 4343 886 4412 poterit
915 4358 1136 4414 genero,
1167 4346 1312 4414 quod
1341 4363 1428 4403 res
1449 4357 1556 4414 est,
1590 4351 1800 4421 integre
1857 4366 1984 4418 per-

400 4431 667 4487 scribere.
703 4432 856 4498 Quod
889 4434 1098 4487 utinam
1121 4438 1574 4502 protovestiarius
1605 4454 1829 4508 quoque
1868 4439 1981 4508 ipse

2077 3237 2340 3291 λελυκότα
2373 3238 2470 3290 καὶ
2498 3236 2598 3300 τὰς
2640 3236 2894 3300 σπονδὰς,
2923 3233 3203 3304 μηδεμίαν
3253 3231 3389 3302 ἐμοῦ
3421 3247 3662 3298 καταγι-

2077 3329 2309 3386 νώσκειν
2333 3329 2638 3401 ἰταμότητα
2665 3331 2805 3399 μήτε
2846 3330 3182 3400 προπέτειαν
3209 3325 3369 3393 ἀξιῶ,
3422 3325 3569 3378 ἀλλὰι
3585 3327 3658 3394 τῇ

2077 3421 2173 3476 τοῦ
2201 3423 2529 3493 πράγματος
2573 3421 2890 3490 λογίζεσθαι
2919 3421 3135 3493 ἀνάγκη
3168 3421 3269 3490 τὴν
3291 3420 3659 3490 κατηγορίαν.

2079 3517 2307 3586 Πρῶτον
2333 3516 2433 3586 μὲν
2462 3511 2556 3569 οὖν
2579 3517 2759 3569 ἐκεῖνο
2785 3514 2852 3568 ἂν
2877 3517 3090 3584 εἴποιμι
3119 3515 3195 3579 ὡς
3227 3515 3353 3576 τοὺς
3389 3514 3483 3565 ἐπὶ
3530 3515 3663 3574 ταῖς

2083 3607 2388 3676 συνθήκαις
2421 3609 2641 3678 ὅρκους,
2665 3607 2766 3659 οὐκ
2801 3607 2962 3668 αὐτὸς
2991 3606 3260 3675 όμώμοκα
3287 3609 3472 3674 μόνος,
3520 3604 3664 3656 ἀλλὰ

2079 3703 2176 3756 καὶ
2214 3699 2507 3771 βασιλεὺς,
2567 3701 2664 3752 καὶ
2717 3701 2816 3768 τὴν
2865 3698 3036 3768 αὐτὴν
3085 3699 3334 3765 ἀνάγκην
3373 3697 3662 3764 ἑκατέροις

2079 3792 2469 3862 ἀπαραϐἀτους
2501 3793 2692 3866 τηρεῖν
2748 3785 2890 3844 εἶναι
2919 3808 2930 3820 ’
2957 3791 3021 3843 ἀν
3065 3791 3123 3842 δὲ
3150 3790 3208 3856 ἐξ
3235 3791 3356 3852 ἐνὸς
3401 3789 3663 3857 παραϐα-

2083 3886 2244 3951 θῶσι,
2286 3885 2488 3956 μηκέτι
2511 3883 2604 3936 τὸν
2621 3884 2807 3953 ἕτερον
2832 3882 2898 3936 ἂν
2925 3880 3207 3952 ἀμύνηται
3231 3880 3515 3949 ἐνέχεσθαι
3537 3882 3662 3940 ταῖς

2082 3980 2322 4042 αἰτίαις·
2353 3977 2381 4031 δ
2429 3977 2494 4049 δὴ
2548 3977 2644 4031 καὶ
2702 3975 2960 4047 βασιλεὺς
2992 3975 3160 4038 αὐτὸς
3207 3975 3430 4028 ἐδίκασε
3477 3973 3665 4036 καλῶς

2075 4072 2322 4142 φθάσας.
2359 4069 2662 4134 Λελυκότος
2692 4070 2800 4140 γὰρ
2854 4067 2993 4136 ἐμοῦ
3032 4068 3164 4130 τοὺς
3209 4067 3405 4137 ὅρκους
3431 4067 3523 4117 καὶ
3559 4066 3664 4128 τὰς

2088 4163 2352 4230 σπονδὰς,
2411 4163 2643 4234 οὐδεμιᾷ
2666 4179 2836 4234 φησιν
2865 4161 3027 4222 αὐτὸς
3058 4160 3343 4229 ἐνέχεσθαι
3387 4157 3556 4228 αἰτία,
3593 4157 3660 4212 ἄν

2084 4275 2138 4311 τι
2174 4257 2388 4329 βλάπτῃ
2419 4255 2764 4325 ἀμυνόμενος
2783 4270 2798 4285 ο
2823 4255 2919 4306 καὶ
2950 4253 3110 4323 ὑμεῖς
3132 4253 3215 4317 δέ,
3258 4251 3657 4319 ὑπολαμϐάνω,

2085 4351 2146 4404 τὸ
2176 4351 2309 4404 αὐτὸ
2347 4349 2684 4419 συμφαίητε,
2708 4347 2884 4418 ὀρθῶς
2905 4346 2972 4400 ἂν
2997 4348 3174 4414 ἔγωγε
3221 4344 3436 4413 εἴποιμι
3457 4343 3552 4395 καὶ.
3585 4343 3666 4396 δι⁴

2097 4440 2293 4504 καίως.
2317 4440 2467 4494 Πάνυ
2489 4441 2547 4493 δέ
2575 4439 2745 4510 ἡδέως
2765 4435 3058 4507 ἐδειξάμην
3103 4437 3184 4489 ὅτι
3210 4435 3305 4488 καὶ
3332 4433 3607 4496 Κωκαὶάς
3637 4433 3666 4485 ὁ

401 4523 620 4578 εσυτειε
666 4522 826 4596 1M
857 4501 1129 4593 Dispicite
1166 4527 1350 4595 igitur,
1373 4537 1496 4582 uter
1542 4501 1794 4584 nostrqu
1829 4530 1972 4598 prius

2093 4501 2266 4604 μέγας
2295 4501 2662 4603 λογαριαστῖὴς
2687 4501 3072 4601 συμπάρεσττιν
3096 4530 3249 4597 ἡμῖν.
3295 4523 3666 4594 Συμϐαλεῖται

405 4617 728 4687 religionem
772 4617 1000 4672 fmderis
1029 4619 1270 4672 exuerit.
1302 4620 1436 4675 Utar
1469 4630 1654 4676 autem
1689 4638 1796 4676 non
1829 4622 1982 4677 fuca-

409 4718 459 4761 ta
485 4708 735 4761 oratione
771 4706 837 4760 ad
881 4723 968 4761 me
1006 4709 1297 4775 tuendttm,
1326 4725 1431 4765 nec
1463 4721 1630 4767 testes
1678 4715 1979 4782 producam

2089 4612 2360 4696 γάᾇέμοὶ
2415 4627 2555 4694 πρὸς
2603 4624 2702 4694 τὴν
2757 4623 3054 4690 ἀπολογίαν
3093 4621 3156 4673 οὑ
3177 4619 3355 4689 μικρά
3406 4635 3530 4670 τινα
3573 4616 3669 4668 ἐπὶ

2093 4715 2430 4786 μαρτυρίαν,
2454 4713 2830 4783 ἀχθησόμενος
2868 4705 2942 4764 ὧν
2969 4711 3152 4778 μέλλω
3175 4710 3372 4777 λέγειν.
3407 4708 3668 4773 Καίτοιγε

397 4812 720 4871 corruptos,
746 4801 948 4866 quibus
974 4801 1136 4854 fidem
1167 4817 1388 4871 negare,
1409 4814 1466 4858 et
1497 4819 1636 4872 quos
1666 4808 1972 4875 exceptiont

2084 4808 2252 4869 αὐτὸς
2277 4808 2550 4875 κηδεστὴς
2584 4804 2659 4856 ὢν
2709 4801 3214 4874 πρωτοϐεστιαρίου
3249 4801 3344 4852 τοῦ
3392 4800 3540 4852 θείου
3571 4797 3670 4852 τοῦ

404 4893 737 4948 submovere
768 4890 849 4945 fas
875 4891 967 4954 sit,
999 4891 1094 4945 sed
1136 4892 1283 4960 ipsas
1317 4895 1400 4947 avi
1453 4893 1666 4949 litteras
1694 4894 1830 4964 (80),
1864 4913 1972 4966 qua

2087 4900 2246 4971 ἐμοῦ,
2283 4901 2310 4952 ὅ
2345 4917 2395 4952 τι
2422 4916 2480 4952 τε
2535 4896 2976 4966 κατηγοροῦμαι,
3009 4896 3103 4948 καὶ
3127 4893 3328 4956 ὁποίας
3362 4895 3672 4962 ποιήσομαι

408 4982 691 5037 luculento
720 4994 884 5040 erunt
908 4985 1250 5048 testimonio,
1285 4985 1436 5039 illum
1460 4987 1792 5058 jampridem
1837 5005 1972 5043 arma

2087 4994 2185 5054 τὰς
2228 4990 2528 5057 ἀπολογίας
2565 4989 2904 5058 παρεγένετο
2935 4987 3192 5050 ἀκοῦσαι,
3221 4987 3297 5049 ὡς
3351 4986 3416 5040 ἀν
3465 4986 3675 5039 εἰδέναι

412 5086 605 5131 contra
631 5092 716 5132 me
740 5077 992 5160 studiose
1026 5077 1432 5147 diligenterque
1479 5078 1798 5134 meditatum
1843 5097 1965 5137 esse

2089 5085 2192 5157 ἔχῃ
2222 5085 2356 5154 πρὸς
2393 5084 2483 5136 τὸν
2511 5083 2781 5154 κηδεστὴν
2814 5082 3067 5154 γράφων,
3103 5079 3472 5149 ἀπαγγέλλειν
3501 5079 3677 5149 τάλη-

1644 5251 1861 5312 Jacobi
1906 5251 2186 5346 Pontani/
2209 5261 2394 5313 noue.

412 5389 855 5476 glamatoriamet
893 5391 1176 5476 conficta,
1243 5393 1362 5448 sine
1405 5393 1593 5448 dubio.
1627 5395 1778 5476 Solet
1835 5395 1982 5450 enim
2089 5407 2234 5476 sunt,
2277 5414 2359 5476 ere
2395 5398 2668 5476 nituit-unt,
2696 5398 3064 5476 qum-charlw
3113 5395 3676 5476 inscriptwnfuerunt;

394 5460 684 5536 Gregoras
743 5463 835 5536 ille
893 5465 968 5516 ita
1030 5462 1244 5527 ludere,
1269 5473 1324 5518 et
1350 5473 1562 5534 poetam
1597 5467 1767 5536 magis
1792 5481 1975 5535 agere,
2078 5460 2279 5536 partim
2322 5471 2385 5521 iis
2443 5460 2949 5536 (Raptim-perlata:
3005 5475 3124 5519 sunt
3178 5460 3322 5518 tenui
3387 5460 3571 5527 linteo,
3614 5460 3672 5522 et

411 5545 590 5607 quam
609 5532 956 5607 historicum.
1229 5605 1236 5607 _
1296 5604 1305 5607 _
1353 5532 1363 5534 ἡ
1690 5532 1706 5536 ⁷
1832 5532 1848 5535 ’
2079 5532 2204 5592 albo
2231 5539 2518 5607 inscriplw,
2553 5532 2957 5590 tabellariorum
2987 5537 3208 5589 vestibus
3246 5536 3468 5588 solerter
3506 5537 3664 5588 insu-

487 5602 600 5686 (Ἱρ)
634 5603 752 5665 Quo
782 5614 943 5686 pacto
979 5612 1173 5658 nactus
1196 5605 1266 5686 sit.
1294 5604 1453 5660 hasce
1481 5607 1714 5673 litteras,
1766 5607 1842 5686 ita
1881 5611 1984 5686 do-
2083 5618 2171 5662 ιω.
2209 5609 2348 5686 Nam
2391 5602 2705 5686 imperator“
2729 5609 2918 5676 junior
2943 5623 3068 5686 rum
3106 5607 3164 5686 in
3203 5607 3326 5660 aliis
3381 5609 3675 5686 angustiis,

416 5682 504 5756 cet
539 5672 856 5756 (.lrego‘rasz
892 5674 1155 5728 Caeterum
1192 5675 1416 5756 llius-rw,
1471 5693 1603 5756 quas
1649 5672 1717 5731 ad
1769 5679 1985 5734 Cralem
2085 5687 2198 5732 tum
2224 5681 2361 5732 circa
2387 5672 2742 5756 Christopolin
2770 5677 3008 5730 custodes
3035 5677 3353 5756 collocarat,
3383 5672 3472 5745 qui
3487 5672 3677 5756 omnes

2087 5758 2464 5818 prmtereuntes
2503 5747 3019 5819 επςιιιὶεὸαηίηριαιη
3059 5747 3265 5801 litteras
3297 5747 3557 5819 Byzantio
3587 5752 3680 5819 a[-

396 5740 630 5820 Semita,
666 5744 734 5820 ad
787 5743 1210 5820 despotoin,u(l_
1251 5746 1382 5799 alios
1433 5740 1709 5820 praefatos
1759 5753 1986 5820 scriptas

2090 5817 2309 5883 ferrent,
2339 5834 2466 5872 auos
2500 5817 2682 5880 fallere
2706 5817 3006 5892 verdifﬁcile
3027 5825 3162 5871 crat.

399 5826 528 5866 esse
565 5813 816 5870 diximus.
845 5817 1036 5869 vartim
1061 5816 1124 5870 ab
1152 5817 1398 5870 itinerum
1433 5813 1734 5884 gustodibus
1763 5813 1987 5882 exceptae
