4028 6434
363 367 471 427 3η

1583 359 1908 421 ΙΟΛΝΝΙΞ
1941 359 2328 422 CANTACUZ
2341 360 2470 420 ENI

3544 364 3650 427 332

369 479 566 535 aerario
623 488 833 532 tantum
869 493 942 532 ms
979 475 1278 532 dissolvere
1313 493 1326 529 :
1362 474 1594 545 proinde
1642 491 1741 545 pro
1798 475 1956 544 copia

2067 475 2116 528 δὲ
2147 476 2212 529 ἂν
2234 478 2327 530 καὶ
2359 475 2612 544 βασιλεὺς
2645 475 2878 550 ἐθελήσῃ
2898 478 3007 532 τῶν
3034 478 3406 550 ὀφειλομένων
3435 483 3656 552 χρημά⁹

372 587 520 627 nunc
567 571 908 639 acciperent,
961 569 1231 638 reliquum
1290 568 1356 622 ad
1407 567 1551 623 diem
1617 567 1952 637 praefinitam

371 665 676 736 accepturi.
719 663 775 718 Si
838 663 944 716 hoc
989 661 1208 716 ditlieile
1252 661 1478 732 putatis,
1526 661 1731 730 excipit
1784 660 1960 728 impe-

373 770 542 823 rator,
579 758 742 811 etiam
779 755 1010 810 dimidio
1064 755 1311 819 remisso,
1347 764 1543 824 quarta
1591 763 1767 824 parte,
1806 753 1959 824 pacis

371 861 426 904 et
457 849 766 903 concordia:
800 863 986 909 causa,
1019 847 1265 902 contenti
1305 847 1532 900 erimus.
1574 846 1696 911 Quo
1744 845 1954 908 audito,

371 941 615 1012 episcopi
649 956 773 995 eum
797 947 911 993 uta
937 939 1168 1008 pecunia
1189 939 1452 993 invictum
1475 938 1956 1001 commendarunt,

375 1013 902 1104 spoponderuntque
934 1033 1072 1085 citra
1123 1031 1558 1086 controversiam
1608 1039 1818 1100 partem
1875 1028 1957 1083 di-

373 1134 514 1178 ctam
561 1123 799 1176 solutum
846 1120 935 1174 iri.
987 1121 1314 1189 Imperator,
1373 1130 1432 1174 ut
1493 1121 1547 1174 in
1605 1121 1710 1175 hoc
1769 1135 1956 1174 secum

375 1217 639 1270 facientes
669 1215 826 1280 vidit,
845 1215 1037 1268 volens
1055 1223 1311 1268 constare
1329 1213 1602 1274 omnibus,
1638 1229 1696 1267 se
1722 1212 1960 1266 libenter

375 1309 502 1362 belli
540 1307 769 1362 tollendi
801 1321 967 1360 causa
997 1306 1064 1361 de
1093 1308 1215 1376 jure
1251 1321 1353 1361 suo
1397 1305 1562 1360 etiam
1606 1307 1660 1360 in
1717 1306 1784 1359 iis
1839 1319 1961 1376 quae

373 1411 561 1457 essent
604 1401 849 1455 omnium
901 1399 1253 1454 confessione
1305 1398 1770 1463 moderatissima,
1797 1397 1959 1452 dece-

372 1497 505 1549 dere
541 1513 554 1548 ε
586 1494 839 1565 Oportet,
886 1493 1085 1563 inquit,
1135 1501 1191 1547 et
1222 1493 1416 1558 vobis,
1479 1493 1689 1555 Patres.
1745 1489 1812 1544 de
1871 1491 1960 1545 via

373 1589 530 1643 fessis
550 1598 606 1643 et
634 1587 802 1643 totius
825 1586 936 1642 diei
965 1585 1149 1639 inedia
1185 1586 1418 1648 vexatis,
1457 1587 1690 1654 gratiam
1719 1583 1958 1652 aliquam

375 1682 699 1751 rependere.
739 1680 925 1748 Itaque
949 1687 1005 1734 et
1052 1688 1302 1747 quartam
1359 1689 1574 1748 partem
1627 1677 1826 1731 debita:
1867 1691 1962 1744 pc-

373 1769 549 1823 eunire
583 1769 636 1822 in
666 1768 896 1838 gratiam
929 1778 1170 1822 vestram
1206 1768 1465 1831 remitto;
1501 1776 1556 1820 et
1581 1767 1649 1820 ab
1675 1781 1777 1820 avo
1821 1764 1958 1819 nihil

2059 584 2174 620 των
2221 569 2290 620 τά
2336 568 2514 638 ήμίση
2551 568 2851 622 ἀποδοῦναι
2883 573 2949 640 τῇ
2990 572 3243 642 στρατιᾷ,
3293 571 3542 635 ἐκείνους
3587 590 3651 626 τε

2064 659 2235 729 μηδὲν
2269 660 2432 713 πλέον
2467 660 3052 731 ποδυπραγμονήσειν,
3105 664 3528 734 ἀγαπήσαντας,
3555 667 3654 718 καὶ

2061 748 2209 816 ὑμᾶς
2238 750 2347 801 τῶν
2379 750 2444 802 ὲκ
2473 748 2566 801 τοῦ
2611 750 2853 819 πολέμου
2888 751 3370 822 προσδοκωμένων
3399 753 3653 807 ἀπαλλά-

2061 839 2252 906 ξεσθαι
2285 840 2496 895 κακῶν.
2539 840 2818 895 Είπόντων
2852 843 2909 896 δὲ
2947 843 3058 895 τῶν
3087 845 3400 914 ἀρχιερέων
3429 844 3506 907 ώς
3555 843 3653 898 νῦν

2063 932 2166 1002 μὲν
2215 933 2316 984 οὐκ
2357 931 2424 984 ἂν
2462 933 2552 1002 εἰη
2585 934 2772 1004 ῥᾴδιον
2813 934 3018 1006 ἀπορίᾳ
3059 939 3366 1006 χρημάτων
3408 937 3652 991 τοσαῦτα

2061 1022 2193 1076 ὄντα
2229 1024 2581 1095 ἀποδοθῆναι,
2610 1026 2713 1079 ὅσα
2745 1027 2789 1080 δ’
2809 1028 2876 1080 ἂν
2904 1028 2996 1096 ἐξῇ
3021 1029 3286 1091 λαϐόντας
3309 1028 3426 1093 νῦν,
3455 1029 3523 1082 τὰ
3545 1029 3656 1082 λει-

2063 1117 2277 1188 πόμενα
2307 1118 2642 1186 κομίσασθαι
2673 1119 2851 1189 χρόνῳ
2884 1119 3060 1190 ρητῷο
3089 1120 3320 1185 Οὐκοῦν,
3346 1122 3372 1173 ὁ
3395 1121 3651 1189 βασιλεὺς

2061 1208 2190 1278 ἔφη,
2226 1211 2274 1262 εἰ
2305 1210 2465 1263 τοῦτο
2495 1211 2758 1282 δυσχερὲς
2785 1214 2955 1278 δοκεῖ,
2994 1214 3088 1267 καὶ
3122 1214 3188 1266 τά
3222 1214 3398 1284 ἡμίση
3427 1215 3656 1268 καταλι-

2063 1301 2260 1363 πόντες
2294 1301 2524 1366 τούτων,
2556 1301 2634 1372 τῷ
2678 1305 2931 1374 τετάρτῳ
2981 1306 3158 1376 μορίῳ
3197 1305 3292 1358 τοῦ
3328 1305 3451 1358 ὅλου
3485 1309 3655 1377 ἀρκε-

2064 1394 2421 1464 σθησόμεθα,
2468 1396 2566 1464 τῆς
2609 1397 2836 1466 εἰρήνης
2879 1400 2975 1452 καὶ
3017 1403 3118 1467 τῆς
3167 1401 3424 1470 ὁμονοίας
3467 1401 3652 1470 χάριν.

2063 1489 2126 1542 Oi
2153 1488 2209 1542 δὲ
2246 1489 2591 1554 ἀκούσαντες
2621 1491 2898 1562 ἐπῄνεσάν
2943 1508 3005 1545 τε
3049 1493 3126 1554 ὼς
3159 1495 3398 1562 κρείττω
3429 1496 3652 1564 χρημάο

2060 1597 2170 1634 των
2200 1579 2291 1633 τὸν
2322 1580 2571 1650 βασιλέα,
2626 1585 2722 1636 καὶ
2754 1584 3144 1655 ἀναμφιϐόλως
3175 1585 3414 1653 ἔφασκον
3461 1587 3655 1639 ἀποδε-

2062 1672 2330 1744 θήσεσθαι
2365 1673 2433 1725 τὰ
2461 1675 2757 1744 εἰρημένα·
2790 1676 2865 1739 ώς
2893 1676 2950 1730 δὲ
2979 1673 3121 1731 εἶδεν
3159 1679 3250 1731 ἐ.πί
3281 1679 3494 1744 τούτοις
3529 1697 3657 1732 συν-

2063 1764 2350 1834 θεμένους,
2392 1765 2720 1837 βουλόμενος
2747 1769 2775 1820 ὁ
2811 1768 3088 1838 βασιλεὺς,
3135 1770 3211 1834 ώς
3251 1772 3348 1826 καὶ
3385 1771 3492 1824 τῶν
3521 1776 3655 1825 πᾶσι

376 1862 557 1931 exigo,
606 1861 714 1915 nisi
777 1860 924 1931 quod
983 1870 1286 1929 quaestores
1335 1859 1585 1933 conﬁctis
1631 1857 1962 1928 quibusdam

2067 1859 2372 1913 δοκούντων
2421 1863 2813 1930 μετριωτάτων
2862 1863 2952 1916 διὰ
2982 1863 3042 1917 τὸ
3080 1864 3173 1917 τὸν
3207 1865 3448 1934 πόλεμον
3481 1884 3655 1920 κατα-

373 1956 554 2012 causis
580 1956 909 2024 imperatore
935 1953 1261 2008 defraudato
1294 1955 1396 2008 sibi
1436 1954 1698 2016 retinent,
1734 1952 1784 2006 id
1812 1951 1958 2021 quod

373 2047 594 2118 probari
654 2047 949 2116 perspicue
1006 2055 1210 2116 potest,
1264 2057 1322 2100 ut
1372 2049 1510 2101 hanc
1557 2061 1830 2100 summam
1892 2043 1959 2098 ad

371 2141 751 2211 qualecunque
803 2139 1060 2193 solatium
1113 2140 1169 2193 in
1213 2139 1441 2194 militem
1476 2138 1824 2208 dispertiam.
1878 2137 1958 2192 Ne

370 2247 555 2288 tamen
587 2248 683 2287 vos
709 2232 1002 2286 admiratio
1055 2233 1258 2301 capiat,
1315 2232 1617 2300 quomodo.
1667 2247 1791 2285 cum
1835 2241 1960 2284 ante

372 2325 716 2390 aiﬁrmarim,
748 2339 859 2379 non
902 2334 1160 2394 oportere
1215 2325 1269 2376 in
1305 2323 1500 2377 alienis
1551 2323 1791 2378 miseriis
1843 2337 1958 2376 ma-

320 2413 325 2418 ’
376 2419 794 2490 gnanimitatem
853 2426 1155 2475 ostentare.
1227 2415 1386 2485 150
1447 2432 1596 2470 nunc
1657 2417 1794 2470 adeo
1852 2431 1959 2470 non

377 2517 748 2579 repugnanter
776 2508 961 2562 debita
993 2507 1264 2560 militibus
1314 2506 1587 2575 stipendia
1630 2506 1959 2561 condonem.

377 2602 436 2656 Si
465 2613 700 2667 namque
722 2597 790 2651 de
819 2608 1020 2652 caetero
1042 2613 1108 2651 ex
1138 2597 1344 2652 taedere
1367 2596 1663 2650 constituta
1687 2595 1960 2666 stipendia

371 2690 784 2763 persolventur,
821 2703 942 2756 qua:
967 2703 1033 2741 ex
1069 2697 1390 2756 antegresso
1431 2694 1680 2755 tempore
1721 2687 1828 2740 illis
1861 2687 1959 2742 de-

363 2786 600 2846 tentur,
635 2797 732 2852 pro
760 2769 1185 2835 eximio'amore
1222 2793 1333 2848 quo
1379 2793 1466 2832 me
1519 2778 1776 2847 diligunt,
1825 2779 1960 2834 mihi

376 2877 680 2932 remittent.
729 2873 998 2927 Praeterea
1052 2872 1240 2937 timeo,
1290 2886 1358 2925 ne
1403 2879 1632 2940 propter
1678 2871 1794 2924 haec
1856 2886 1961 2940 pax

375 2971 688 3032 differatur,
717 2968 1114 3034 videamurque
1165 2963 1420 3018 consulto
1465 2964 1666 3018 bellum
1713 2964 1957 3019 trahere.

377 3064 560 3131 Quare
593 3062 755 3116 etiam
794 3059 1001 3113 idcirco
1033 3059 1390 3126 quaestionem
1443 3065 1499 3110 et
1543 3056 1959 3126 ambiguitatem

377 3171 596 3211 omnem
630 3151 1047 3210 rescindendam
1075 3149 1284 3220 putavi,
1308 3148 1599 3218 potiusque
1624 3150 1758 3202 meis
1781 3149 1961 3219 gravis

375 3260 432 3306 et
489 3247 872 3303 incommodus
931 3244 1129 3306 videri,
1177 3258 1342 3312 quam
1389 3242 1535 3296 bello
1579 3257 1766 3295 ansam
1826 3241 1960 3295 dare

374 3341 546 3403 volui,
579 3322 672 3394 His
698 3338 861 3393 dictis
912 3335 1066 3390 missi
1095 3351 1125 3388 a
1154 3335 1378 3388 seniore
1415 3333 1683 3403 episcopi,
1732 3349 1796 3388 ac
1838 3349 1964 3402 pro-

376 3447 532 3488 ceres
564 3439 771 3485 tantam
799 3427 970 3481 animi
989 3424 1346 3500 [altitudinem
1370 3425 1648 3486 admirati,
1674 3434 1730 3478 et
1760 3425 1830 3478 ob
1853 3434 1961 3478 tam

378 3524 708 3596 praeclarum
736 3521 888 3591 pacis
914 3519 1254 3574 desiderium
1304 3518 1497 3588 gratiis
1537 3517 1676 3572 actis
1725 3518 1964 3588 singula-

369 3617 555 3680 ribus,
594 3615 800 3668 hilares
829 3612 1049 3665 domum
1085 3609 1351 3664 redeundi
1389 3609 1599 3663 veniam
1627 3609 1962 3679 petiverunt;

381 3717 510 3774 rati.
557 3711 721 3768 simul
777 3717 895 3765 acta
943 3723 1048 3762 avo
1097 3707 1527 3771 renuntiassent,
1581 3722 1772 3776 pacem
1825 3706 1964 3760 nihil

379 3818 809 3863 remoraturum.
838 3804 982 3874 Ergo
1016 3802 1340 3856 reditionem
1367 3801 1474 3856 illis
1504 3803 1792 3872 permittit,
1819 3813 1873 3856 et
1897 3801 1966 3855 ad

372 3916 540 3958 avum
574 3899 686 3951 lucc
709 3894 934 3950 ferenda
962 3892 1258 3949 committit
1287 3913 1298 3946 :
1327 3892 1500 3957 Quam
1534 3894 1775 3948 studiose
1801 3905 1966 3962 atque

379 3989 611 4059 impigre
667 3986 944 4040 elaborcm
1008 3993 1068 4036 ut
1122 3995 1176 4036 tu
1227 3981 1599 4054 principatum
1657 3985 1966 4039 [ternarium

381 4090 590 4140 teneas,
649 4079 791 4131 Deus
836 4077 1014 4140 novit,
1069 4091 1233 4144 quem
1268 4077 1407 4129 nihil
1437 4077 1610 4141 latet;
1643 4086 1697 4130 et
1733 4085 1790 4129 tu
1826 4078 1964 4146 ipse,

379 4175 423 4227 si
461 4174 629 4237 voles,
666 4172 955 4224 testabere.
985 4167 1117 4222 Nam
1149 4183 1274 4223 cum
1307 4169 1632 4238 potuissem,
1676 4169 1721 4222 si
1771 4169 1968 4224 libuis-

382 4275 484 4328 set,
512 4264 670 4318 bellis
690 4262 1072 4333 superioribus
1092 4271 1188 4316 aut
1209 4271 1323 4317 toto
1355 4262 1610 4332 imperio,
1637 4270 1732 4315 aut
1761 4264 1966 4330 majore

386 4361 533 4414 illius
582 4369 735 4426 parte
784 4355 1069 4424 potiundo,
1105 4354 1202 4408 tibi
1240 4368 1530 4408 maerorem
1587 4355 1718 4409 dare
1787 4355 1964 4417 nolui,

381 4453 700 4522 iustumque
728 4447 1058 4512 existimavi,
1104 4446 1200 4499 tibi
1234 4461 1300 4500 eo
1331 4455 1390 4500 ut
1431 4448 1671 4515 parenti,
1718 4447 1962 4516 quandiu

2067 1951 2323 2021 λυθῆναι,
2373 1952 2659 2017 ἐξίσταται
2703 1953 2869 2018 ἑκὼν,
2920 1956 3152 2025 ποιῆσαι
3207 1955 3465 2026 φανερὸν.
3497 1957 3649 2017 Δέον.

2065 2039 2197 2110 ἔφη,
2232 2042 2327 2092 καὶ
2352 2041 2482 2110 ὑμῖν
2511 2043 2653 2096 κατά
2679 2059 2738 2095 τε
2767 2044 2863 2114 τὴν
2892 2045 3012 2098 ὁδὸν
3043 2047 3384 2118 πεπονηκόσι
3413 2047 3509 2102 καὶ
3534 2051 3657 2101 ἀσι-

2062 2135 2154 2203 τίᾳ
2197 2133 2831 2206 προσταλαιπωρήσασιν
2883 2138 3016 2209 ὅλην
3069 2139 3168 2210 τὴν
3215 2141 3435 2211 ἡμέραν
3485 2142 3650 2211 χάριν

2065 2226 2392 2278 καταθεῖναί
2441 2244 2588 2282 τινα’
2625 2227 2829 2282 οὐκοῦν
2873 2231 2967 2282 καὶ
2994 2230 3056 2282 τὸ
3081 2232 3339 2301 τέταρτον
3363 2232 3471 2284 τῶν
3504 2235 3658 2300 ὀφει-

2061 2315 2308 2386 λομένων
2339 2321 2644 2390 χρημάτων
2693 2321 2900 2391 ἀφίημι
2949 2322 3104 2392 ὑμῶν
3138 2325 3320 2394 χάριν,
3365 2326 3456 2377 καὶ
3497 2326 3656 2378 οὐδὲν

2064 2414 2213 2482 παρά
2248 2413 2514 2482 βασιλέως
2539 2415 2758 2469 ἀπαιτῶ
2786 2415 2927 2485 πλὴν
2949 2416 3049 2469 ὅσα
3077 2417 3126 2469 οἰ
3160 2417 3228 2470 τά
3253 2416 3489 2488 δημόσια
3521 2418 3657 2472 διοι.⁸

2064 2504 2290 2568 κοῦντες
2320 2505 2503 2567 αἰτίας
2549 2506 2705 2567 τινὰς
2751 2505 3095 2578 πλασάμενοι
3126 2507 3365 2577 ψευδεῖς,
3406 2509 3656 2562 ἀποστε-

2069 2597 2336 2668 ρήσαντες
2370 2597 2638 2666 βασιλέως
2671 2600 2892 2670 ἔχουσιν
2923 2602 3100 2663 αὐτοὶ,
3135 2601 3463 2665 ἀποδείξεως
3495 2618 3660 2669 γενο-

2068 2691 2240 2760 μένης
2271 2692 2563 2763 ἐναργοῦς,
2592 2693 2768 2746 ταῦτα
2796 2694 3030 2748 λαϐόντα
3061 2695 3340 2763 διανεῖμαι
3381 2697 3446 2764 τῇ
3485 2711 3658 2764 στρα-

2063 2784 2156 2854 τιᾷ
2185 2787 2388 2856 μικράς
2419 2788 2580 2840 ἕνεκά
2610 2805 2752 2852 τινος
2798 2788 3172 2860 παραμυθίας.
3205 2789 3298 2858 Μὴ
3326 2790 3653 2857 θαυμάσητε

2063 2873 2120 2926 δὲ
2151 2877 2200 2928 εἰ
2230 2876 2358 2947 περὶ
2378 2875 2470 2928 τοῦ
2497 2879 2573 2947 μὴ
2603 2879 2712 2930 δεῖν
2743 2880 2836 2931 ἐπὶ
2860 2881 2980 2942 ταῖς
3005 2879 3212 2950 ἐτέρων
3238 2880 3652 2950 κακοπραγίαις

2064 2965 2251 3037 ἓτερον
2285 2970 2690 3039 μεγαλοψυχεῖν
2721 2973 2817 3025 καὶ
2848 2973 3277 3042 φιλοτιμεῖσθαι,
3313 2973 3483 3026 πολλὰ
3515 2975 3653 3042 πρό-

2061 3075 2222 3128 τερον
2255 3059 2447 3126 εἰπὼν,
2483 3061 2578 3116 νῦν
2622 3062 2766 3117 οὕτω
2811 3064 3010 3134 ῥᾳδίως
3049 3064 3117 3118 τά
3137 3067 3252 3130 τοῖς
3292 3065 3654 3136 στρατιώταις

2064 3150 2392 3221 ὀφειλόμενα
2437 3154 2703 3222 χρήματα
2750 3157 3040 3225 πρόειμαι.
3105 3157 3234 3211 Ἐὰν
3273 3157 3384 3228 γάρ
3431 3161 3512 3222 εἰς
3558 3157 3656 3211 τδν

2065 3241 2264 3312 ἐφεξῆς
2294 3243 2485 3313 χρόνον
2516 3244 2659 3297 κατά
2699 3246 2828 3308 τοὺς
2859 3246 3060 3316 ὅρκους
3102 3250 3197 3300 καὶ
3226 3248 3325 3312 τάς
3373 3247 3657 3319 συνθήκας

2063 3335 2099 3400 ἡ
2128 3335 2441 3402 τεταγμένη
2493 3336 2802 3408 μισθοφορά
2834 3339 3142 3410 παρέχηται
3168 3340 3374 3404 αὐτοῖς,
3413 3343 3483 3394 τὰ
3507 3344 3658 3409 ὀφει-

2066 3427 2270 3498 λόμενα
2296 3434 2386 3483 επὶ
2409 3433 2487 3502 τῷ
2509 3431 2734 3502 προτοῦ,
2763 3433 2904 3487 πάνυ
2940 3435 3224 3502 φιλοῦντες
3250 3437 3374 3505 ὲμοί
3399 3437 3661 3506 χαριοῦν-

2065 3538 2156 3574 ται
2185 3523 2388 3592 χρόνῳ.
2425 3525 2636 3587 Ἀλλως
2677 3542 2737 3577 τε
2773 3525 2956 3579 ἔδεισα
3006 3529 3080 3598 μή
3123 3546 3206 3591 τις
3235 3533 3328 3582 καὶ
3363 3530 3452 3584 διὰ
3481 3533 3662 3585 ταῦτα

2067 3615 2294 3682 γένηται
2347 3614 2586 3684 ἀναϐολὴ
2640 3616 2779 3686 πρὺς
2819 3617 2918 3687 τὴν
2964 3607 3224 3690 εἰρήνην,
3259 3620 3357 3674 καὶ
3408 3621 3658 3687 δόξωμεν

2072 3704 2273 3774 μᾶλλον
2305 3704 2621 3776 ἐξεπίτηδες
2672 3707 2760 3760 τὸν
2793 3708 3029 3778 πόλεμον
3074 3711 3375 3780 αἱρεῖσθαι.
3420 3713 3530 3765 Καὶ
3561 3713 3660 3764 διὰ

2069 3800 2224 3853 τοῦτο
2249 3799 2357 3852 δεῖν
2383 3800 2594 3871 ᾠήθην,
2630 3803 2738 3855 πᾶν
2760 3801 2985 3873 ζήτημα
3012 3803 3108 3856 καὶ
3141 3804 3476 3874 ἀμφιϐολίαν
3497 3807 3660 3874 ποιῆ-

2071 3911 2160 3948 σαι
2218 3895 2484 3960 ἐκποδὼν,
2533 3895 2627 3948 καὶ
2670 3896 2877 3965 μᾶλλον
2909 3901 3023 3960 τοῖς
3061 3899 3358 3968 ἡμετέροις
3410 3901 3655 3971 φανῆναι

2070 3987 2330 4057 φορτικὸς
2376 3989 2470 4040 καὶ
2498 3987 2764 4058 ἐπαχθής,
2812 3987 2844 4056 ἢ
2887 3990 3024 4058 πρὸς
3054 3991 3146 4044 τὸν
3182 3991 3422 4061 πόλεμον
3467 3994 3655 4048 αἰτίαν

2071 4081 2400 4153 παρασχεῖν.
2436 4080 2672 4132 Τοιαῦτα
2707 4079 2973 4158 βασιλέως
3013 4083 3264 4148 εἰπόντος
3295 4085 3390 4138 τοῦ
3417 4087 3564 4150 νέου,
3603 4089 3658 4139 οἱ

2071 4171 2224 4240 παρά
2255 4171 2350 4223 τοῦ
2401 4171 2780 4241 πρεσϐυτέρου
2813 4174 3220 4244 ἀπεσταλμένοι
3255 4178 3536 4247 ἀρχιερεῖς
3560 4180 3659 4233 καὶ

2072 4259 2452 4329 συγκλητικοὶ,
2523 4259 2907 4329 θαυμάσαντες
2959 4263 3058 4334 τῆς
3107 4267 3516 4338 μεγαλοψυχίας
3562 4269 3657 4322 τὸν

2073 4349 2318 4418 βασιλέα,
2372 4350 2591 4404 καὶτοῦ
2656 4353 2867 4422 σφόδρα
2911 4354 3055 4409 οὔτω
3084 4357 3182 4427 τὴν
3224 4361 3450 4432 εἰρήνην
3483 4365 3656 4434 αἰρεῑ-

2073 4441 2218 4503 σθαι,
2240 4443 2401 4512 χάριν
2419 4443 2855 4513 ὁμολογήσαντες
2873 4446 3097 4518 πολλὴν,
3121 4449 3405 4521 χαίροντες
3427 4455 3658 4525 ᾐτοῦντο

385 4544 440 4595 in
473 4542 580 4594 vita
613 4553 886 4601 maneres,
909 4542 1133 4592 cedere.
1156 4537 1345 4606 Neque
1370 4553 1500 4591 vero
1527 4539 1644 4592 sine
1686 4539 1962 4592 laboribus

2067 4532 2164 4602 τὴν
2195 4535 2454 4588 ἐπάνοδον
2479 4538 2871 4608 ἐπιτραπῆναι,
2893 4539 3206 4610 νομίζοντες
3231 4547 3307 4610 ὡς
3331 4549 3447 4616 ἅμα
3481 4551 3559 4617 τῷ
3585 4551 3658 4602 τὰ

390 4631 762 4698 periculisque
811 4632 973 4684 cessi.
1021 4629 1155 4682 Cum
1214 4631 1362 4682 enim
1410 4621 1814 4686 commilitones
1859 4633 1965 4686 mei

389 4739 580 4777 omnes
607 4722 734 4775 belli
768 4721 940 4773 aleam
975 4737 1040 4775 ac
1080 4722 1297 4776 labores
1359 4723 1678 4786 subiissent,
1722 4725 1966 4792 prmmiis

389 4823 572 4868 autent
607 4821 662 4866 et
708 4812 1011 4866 honoribus
1036 4821 1288 4867 carerent
1334 4815 1351 4881 (
1383 4813 1528 4882 quod
1553 4829 1654 4882 ego
1697 4821 1788 4866 tua
1815 4814 1964 4884 jussa

389 4917 634 4969 secutus,
667 4914 869 4974 pacem“
889 4905 1064 4959 libens
1091 4907 1510 4975 complecterer,
1549 4907 1760 4975 tibique
1801 4906 1972 4959 relin-‘

391 5015 616 5068 querem
643 4997 986 5067 omnia,quae
1011 4998 1112 5068 ipsi
1152 4998 1319 5051 armis
1354 4999 1766 5067 acquisierant),
1791 5000 1969 5052 utrin-

391 5107 497 5160 que
552 5090 947 5146 conturbabar.
999 5090 1132 5143 Nam
1186 5089 1463 5143 adducere
1514 5089 1635 5144 illos
1691 5091 1759 5143 ad
1814 5107 1966 5145 arma

391 5181 718 5242 deponenda
751 5180 971 5235 diﬂicile
1019 5189 1157 5242 erat,
1214 5195 1338 5234 cum
1385 5195 1443 5234 se
1477 5181 1622 5250 justa
1668 5181 1968 5250 prxdicare

391 5270 791 5338 asseverarent,
825 5283 881 5328 et
911 5276 964 5328 in
998 5275 1215 5328 hostem
1262 5274 1342 5326 ire
1375 5273 1490 5344 lege
1522 5273 1719 5328 bellica
1751 5289 1970 5344 semper

390 5368 754 5442 postularent.
791 5366 983 5420 luvitis
1031 5375 1212 5419 autem
1275 5364 1381 5418 illis
1430 5363 1710 5434 quidpiam
1767 5365 1968 5428 facere,

396 5471 545 5516 metu
607 5476 716 5513 non
765 5459 1016 5515 vacabat.
1073 5458 1152 5512 Ex
1191 5456 1435 5511 amicitia
1482 5457 1690 5510 etenim
1721 5455 1972 5524 pluribus

393 5552 530 5607 mihi
561 5550 942 5616 militantibus,
977 5559 1032 5607 et
1069 5564 1184 5618 spe,
1244 5547 1550 5616 principem
1584 5546 1854 5600 beneficio
1887 5563 1973 5601 re—

394 5659 744 5715 sponsurum.
802 5645 848 5698 si
905 5641 1372 5714 quemadmodum
1415 5639 1517 5708 ipsi
1565 5640 1824 5695 volebant
1870 5654 1972 5712 pax

394 5739 534 5792 facta
584 5753 694 5790 non
749 5738 924 5806 essetﬁ
980 5743 1412 5790 consentaneum
1461 5740 1583 5785 erat
1651 5747 1766 5797 eos,
1817 5734 1974 5787 malis

393 5834 672 5898 cedentes,
699 5830 762 5886 ad
787 5828 1130 5885 adxersarios
1157 5841 1257 5897 pro
1282 5823 1446 5881 sociis
1469 5838 1788 5880 accessuros
1816 5842 1827 5879 :
1853 5840 1974 5895 qua:

2071 4628 2436 4696 πεπραγμένα
2463 4629 2801 4698 ἀπαγγεῖλαι
2823 4633 3058 4703 βασιλεῖ,
3079 4636 3309 4707 κώλυμα
3325 4639 3478 4691 οὐδὲν
3501 4641 3654 4693 ἔσται

2067 4719 2132 4788 τῇ
2189 4719 2380 4790 εἰρήνῃ
2435 4720 2576 4773 ὥστε
2628 4719 2791 4778 εἰναι.
2855 4726 3122 4790 Ἐκείνοις
3169 4728 3271 4799 μὲν
3319 4725 3411 4782 οὖν
3461 4730 3655 4802 ὥσπερ

2069 4809 2299 4882 ᾐτοῦντο
2343 4813 2651 4882 ἐπέτρεπεν
2694 4816 3034 4870 ἐπανελθεῖν·
3080 4818 3150 4872 δι’
3202 4821 3381 4874 αὐτῶν
3412 4823 3468 4875 δὲ
3514 4827 3656 4891 πρὸς

2071 4901 2297 4972 βασιλέα
2333 4904 2423 4957 τὸν
2463 4905 2688 4958 πάππον
2725 4909 3094 4977 ὲπρεσϐεύετο
3139 4913 3340 4966 τοιάὸε⁶
3387 4913 3500 4986 Τὴν
3547 4915 3655 4986 μὲν

2070 4994 2210 5066 ἐμὴν
2233 4996 2368 5065 πρὸς
2392 4996 2452 5048 τὸ
2479 4996 2538 5051 σὲ
2563 4997 2661 5067 τὴν
2677 4997 2960 5069 Ῥωμαίων
2986 5001 3130 5071 ἔχειν
3160 5005 3453 5075 ἡγεμονίαν
3485 5024 3660 5060 σπου-

2069 5085 2166 5154 δήν
2197 5101 2257 5136 τε
2289 5087 2381 5138 καὶ
2418 5085 2752 5156 προθυμίαν,
2782 5087 2917 5150 Θεός
2959 5107 3016 5142 τε
3059 5085 3168 5142 οἵδε
3207 5092 3386 5154 καλῶς
3417 5094 3445 5144 ὁ
3477 5093 3659 5147 πάντα

2072 5177 2252 5241 εἰδὼς,
2297 5178 2391 5231 καὶ
2435 5179 2600 5242 αὐτὸς
2653 5179 2718 5232 ἂν
2758 5181 3262 5252 ὲπιμαρτυρήσαις.
3318 5185 3468 5240 Ἐνδν
3515 5187 3656 5258 γάρ,

2073 5270 2186 5336 είγε
2219 5269 2544 5340 ἐϐουλόμην,
2575 5271 2635 5326 σὲ
2671 5271 2865 5324 λυπεῖν
2888 5273 2983 5326 καὶ
3015 5273 3160 5328 κατά
3184 5276 3309 5338 τοὺς
3352 5278 3658 5349 προτέρους

2074 5361 2344 5431 πολέμους
2369 5363 2402 5432 ἢ
2435 5365 2732 5432 συμπάσης
2761 5364 2791 5434 ἥ
2818 5367 2914 5434 τῆς
2938 5365 3182 5428 πλείονος
3207 5367 3383 5440 ἀρχῆς
3407 5374 3656 5440 κρατεῖν,

2075 5455 2176 5510 οὐκ
2209 5454 2452 5524 ἠθέλησα
2479 5455 2624 5510 ἑκών
2648 5470 2664 5485 °
2691 5456 2827 5510 ἀλλὰ
2856 5457 2941 5510 σοὶ
2986 5460 3224 5528 νομίζων
3257 5459 3420 5526 εἶναι,
3448 5463 3661 5518 δίκαιον

2075 5546 2393 5611 ἐξίστασθαι
2425 5549 2628 5618 ταύτης
2659 5547 2774 5599 δντι
2803 5547 2972 5619 πατρὶ
3004 5548 3109 5612 ἕως
3141 5549 3209 5603 ἂν
3241 5555 3462 5623 περιῇς.
3495 5553 3657 5608 δυνά-

2078 5652 2238 5710 μενος
2272 5641 2591 5709 κατασχεῖν,
2627 5640 2996 5711 παρεχώρησα
3019 5639 3161 5695 ἑκὼν
3196 5639 3336 5698 εἶναι
3369 5646 3463 5700 καὶ
3496 5646 3658 5699 τοῦτό

2077 5749 2139 5800 γε
2168 5733 2267 5785 οὐκ
2295 5731 2426 5786 ἄνευ
2457 5732 2637 5785 πόνων
2667 5731 2765 5786 καὶ
2796 5731 3079 5788 κινδύνων.
3113 5733 3235 5786 Τῶν
3267 5736 3376 5806 γάρ
3401 5737 3498 5790 σὺν
3532 5740 3659 5807 ἐμοὶ

2079 5825 2506 5898 πολεμουμένων
2557 5825 2772 5884 πάντων
2817 5827 2944 5889 τοὺς
2993 5825 3092 5896 μὲν
3141 5827 3340 5892 πόνους
3383 5830 3476 5883 καὶ
3529 5832 3658 5895 τοὺς
