4028 6474
336 359 452 424 333

1537 358 2086 421 lIlSTORIARUM
2131 360 2360 420 LIBER
2401 359 2450 419 I.

3480 355 3586 422 334

337 475 622 541 κινδύνους
655 477 715 531 ἐν
742 476 819 547 τῷ
844 475 1106 548 πολεμεῖν
1140 473 1548 544 ὑφισταμένων,
1579 476 1688 530 τῶν
1731 475 1910 530 ἄθλων

2027 489 2105 530 res
2141 475 2433 530 discrimen
2488 472 2621 528 mibi
2675 473 3092 545 periculumque
3138 472 3437 530 attulisset.
3470 473 3586 546 Ego

337 569 395 624 δὲ
434 571 526 623 καὶ
560 569 669 624 τῶν
698 569 878 641 γερῶν
897 571 1402 640 ἀποστερουμένων
1437 569 1546 640 (διὰ
1588 569 1656 647 τδ.
1680 569 1781 638 ἐμὲ
1813 570 1908 622 σοῦ

2027 581 2148 620 vero
2194 576 2252 622 ut
2300 566 2396 620 tibi
2451 565 2808 636 gratificarer,
2860 566 3192 636 persuadere
3245 566 3353 633 illis
3397 569 3587 623 enisus

346 660 776 732 προστάττοντος
806 663 968 726 εὐθὺς
1009 663 1247 732 ἄσμενον
1282 665 1486 732 χωρεῖν
1521 662 1659 733 πρὸς
1687 661 1789 732 τὴν
1836 665 1913 716 εί-

346 755 537 825 ρήνην,
568 755 662 808 καὶ
705 755 927 808 πάντων
960 773 1042 808 σοι
1081 757 1438 826 παραχωρεῖν
1477 748 1554 809 ὧν
1613 757 1914 825 ἐκτήσαντο

2015 671 2158 720 sum,
2193 671 2307 711 uno
2350 664 2444 711 aut
2473 655 2692 711 duobus
2740 656 3129 726 adjuvantibus
3181 657 3313 728 (9|),
3358 666 3416 714 et
3466 674 3590 729 quia

2019 747 2277 802 timebam
2321 748 2646 818 contempsi,
2697 748 3014 813 arbitratus,
3059 734 3105 803 s'i
3146 748 3304 805 factis
3360 750 3454 804 tibi
3505 766 3591 807 me

345 846 500 897 αὐτοὶ
525 844 855 914 κρατοῦντες
876 846 934 898 ἐν
964 846 1042 914 τῷ
1064 846 1333 916 πολέμῳ),
1367 846 1760 916 ἀμφοτέρωθεν
1789 847 1918 915 ἐμοὶ¹

2027 839 2616 904 benevolentissimum,
2673 840 3275 911 perturbatissimisque
3324 846 3594 913 tempori-

350 936 629 990 συνέϐαινε
658 937 718 989 τὸ
746 937 1115 1008 θορυϐεῖσθαι.
1152 938 1226 991 Τό
1274 955 1332 990 τε
1365 938 1475 1007 γὰρ
1508 938 1720 990 πείθειν
1748 955 1922 992 κατα-

330 982 1254 1096 l6£é6éfé£.';.£x.2{..','55.03;.
1284 982 1388 1099 ξνξ
1405 982 1597 1080 Σιὶτὲιῖᾦ
1609 982 1918 1081 agili}-

349 1136 466 1188 γειν
516 1119 970 1190 ίσχυριζομένων,
1013 1122 1110 1174 καὶ
1181 1121 1341 1191 μέχρι
1391 1120 1593 1182 παντὸς
1639 1119 1919 1184 ἐπεξιέναι

348 1213 474 1274 τοὺς
507 1212 880 1281 πολεμοῦντας
919 1213 1216 1278 ἀξιούντων
1249 1213 1490 1281 πολέμου
1528 1213 1680 1283 νόμῳ
1714 1229 1727 1243 ·
1764 1215 1824 1264 τό
1859 1229 1920 1265 τε

352 1304 595 1358 ἀκόντων
622 1305 800 1359 αὐτῶν
828 1323 880 1358 τι
919 1309 1121 1373 ποιεῖν,
1161 1307 1260 1360 οὐκ
1293 1306 1470 1368 ἀδεές.
1499 1297 1655 1377 Φιλίᾳ
1687 1307 1796 1375 γὰρ
1824 1305 1919 1372 Eu-

355 1395 762 1465 στρατευόντων
790 1397 898 1450 τῶν
928 1397 1214 1463 πλειόνων,
1247 1398 1344 1450 καὶ
1373 1399 1551 1452 ἐλπίδι
1594 1399 1690 1451 τοῦ
1722 1399 1924 1469 ἄρξαν-

353 1505 421 1542 τα
446 1488 885 1559 ἀντευποιήσειν,
914 1491 962 1541 εἰ
992 1490 1066 1560 μὴ
1093 1491 1292 1562 γνώμῃ
1317 1489 1496 1544 αὐτῶν
1530 1490 1827 1561 ἐπράττετο
1853 1493 1922 1546 τὰ

352 1581 452 1645 τῆς
479 1580 723 1650 εἰρήνης,
755 1579 904 1643 εἰκὸς
943 1576 1011 1652 ἦν
1041 1583 1240 1643 αὐτοὺς
1283 1585 1772 1655 περικακήσαντας
1816 1603 1925 1654 χω-

359 1673 474 1742 ρεῖν
503 1671 638 1742 πρὸς
688 1673 815 1735 τοὺς
851 1674 1148 1741 ἐναντίους,
1190 1675 1329 1746 ὅπερ
1377 1678 1680 1740 ἀκινδύνως
1725 1679 1825 1732 οὐκ
1857 1679 1923 1732 ἂν

355 1763 657 1834 ἐπράττετο
699 1764 839 1834 ἐμοί.
893 1765 1032 1831 Ἐγὼ
1076 1766 1132 1819 δὲ
1159 1767 1256 1822 τοῦ
1299 1766 1367 1820 τὰ
1395 1768 1525 1836 φίλα
1554 1769 1925 1840 ἓνεκα’πράτ-

353 1869 472 1908 τειν
501 1871 606 1919 σοι,
632 1854 757 1918 τούς
799 1872 858 1909 τε
899 1855 1096 1919 πόνους
1141 1856 1457 1929 ὑφιστάμην
1498 1860 1554 1910 ἐν
1595 1857 1672 1929 τῷ
1714 1859 1925 1913 πείθειν

359 1944 482 2006 ἑνός
513 1961 656 2008 τινος
691 1945 723 2016 ἢ
752 1946 844 1999 καὶ
873 1945 967 2000 δύο
990 1948 1422 2018 συναιρομένων,
1457 1950 1552 2002 καὶ
1575 1949 1682 2004 τῶν
1714 1951 1928 2020 ὑφορωο

363 2030 541 2102 μένων
583 2032 846 2086 κινδύνων
908 2037 1303 2105 κατεφρόνουν,
1348 2037 1588 2107 νομίζων
1636 2038 1702 2093 ἂν
1742 2041 1925 2103 αὐτοῖς

361 2122 543 2191 ἔργοις
583 2123 888 2194 ἀποδειχθῶ
919 2124 1108 2190 εὖνους
1142 2128 1199 2190 ἐς
1246 2126 1318 2181 τὰ
1353 2129 1593 2198 μάλιστά
1621 2147 1704 2182 σοι
1743 2130 1838 2183 καὶ
1870 2133 1927 2184 ἐν

359 2217 474 2278 τοῖς
497 2216 880 2284 κατεπείγουσι
905 2220 1118 2286 καιροῖς
1147 2219 1208 2272 οὐ
1243 2220 1540 2292 πελεμίως,
1572 2223 1707 2277 ἀλλὰ
1737 2224 1928 2292 φιλίως

362 2307 722 2376 διακείμενος,
751 2309 1029 2382 θαρρῆσαι
1055 2311 1120 2364 ἂν
1136 2313 1264 2383 ἐμοὶ
1289 2312 1386 2366 καὶ
1407 2314 1504 2384 τὴν
1528 2315 1728 2386 ἔχθραν
1756 2334 1929 2370 κατα-

361 2399 524 2452 λῦσαι
547 2401 607 2482 τὸ
633 2400 678 2454 δ’
709 2402 968 2466 ἐναντίως
997 2403 1122 2474 ἔχον
1151 2404 1246 2459 νῦν
1292 2407 1326 2478 ἢ
1377 2409 1730 2477 προσεδόκων
1766 2411 1928 2474 αὐτὸς

365 2490 580 2558 ὁρᾶται.
611 2490 794 2544 Πάντα
825 2493 933 2562 γὰρ
962 2494 1166 2560 ἐκεῖνα,
1200 2496 1317 2561 καὶ,
1351 2497 1412 2551 τὸ
1448 2499 1730 2568 μέγιστον,
1759 2500 1929 2572 αὐτὴν

356 2581 624 2666 ¹ἀλήθειαν
652 2582 874 2652 θέμενος
900 2588 957 2638 ἐν
980 2589 1176 2656 οὐδενὶ,
1201 2590 1514 2660 ἀνθρώποις
1542 2593 1599 2646 δὲ
1619 2593 1928 2665 διεφθορόσι

356 2667 464 2756 ’,καὶ
487 2671 828 2744 ψευδομένοις
853 2677 948 2730 καὶ
973 2678 1142 2748 μηδὲν
1167 2682 1226 2747 ἐξ
1246 2673 1321 2735 ὧν
1348 2682 1416 2736 ἂν
1447 2685 1515 2738 τὰ
1544 2687 1698 2739 κοινὰ
1722 2687 1930 2756 βέλτιον

359 2742 545 2853 ξσχοιη,
583 2742 696 2819 ἀλλ’
726 2767 784 2834 te
814 2760 888 2821 ὧν
917 2742 988 2822 ειν
1017 2742 1125 2842 εει,
1154 2742 1564 2846 τινώφεληθεῖεν
1591 2742 1768 2842 αὐτοὶ,
1809 2796 1930 2832 σκο-

373 2853 529 2912 ποῦσι
578 2857 835 2924 πεισθεὶς,
879 2860 1029 2914 εἵλου
1085 2863 1288 2930 μᾶλλον
1331 2865 1591 2935 πολεμεῖν
1622 2869 1783 2938 ἐμοί·
1821 2867 1932 2936 ἐγὼ

386 2941 435 2994 δὲ
459 2945 629 2998 καίτοι
669 2947 875 3011 δίκαιος
929 2949 1026 3014 ὣν,
1057 2947 1147 3005 οἷα
1185 2955 1777 3026 προεπιϐουλευόμενος
1837 2959 1932 3013 καὶ

377 3038 936 3110 παρασπονδούμενος,
965 3042 1327 3115 ιὲτοιμότερον
1375 3047 1512 3118 πρὸς
1544 3047 1636 3101 τὸν
1692 3049 1933 3120 πόλεμον

371 3131 587 3199 χωρεῖν,
619 3132 756 3186 αἰδοῖ
781 3149 840 3185 τε
893 3137 957 3205 τῇ
994 3136 1122 3205 περὶ
1164 3137 1224 3190 σὲ
1272 3137 1368 3191 καὶ
1420 3138 1569 3208 πόθῳ
1600 3141 1814 3210 ἀσχέτῳ
1854 3141 1932 3211 τῷ
1961 3185 1998 3211 ,τ

359 3221 504 3306 πρὸς
553 3223 650 3292 τὴν
697 3225 943 3296 εἰρήνην,
989 3228 1177 3296 τρίτον
1229 3229 1331 3299 ήδη
1375 3230 1521 3301 μῆνα
1556 3233 1806 3301 κάθημαι
1848 3233 1935 3284 ἐν·
1961 3218 2001 3239 υ

376 3312 576 3377 ταῦθα,
610 3315 867 3372 ἱκετεύων
897 3317 993 3371 καὶ
1023 3321 1461 3392 παραιτούμενος
1491 3323 1591 3394 τὴν
1618 3323 1714 3394 σὴν
1740 3325 1933 3396 ὀργήν.

368 3403 507 3457 Νυνὶ
521 3404 572 3458 δὲ
588 3406 690 3458 τῶν
709 3407 810 3459 ὑπὸ
831 3409 923 3462 σοῦ
947 3411 1247 3481 ἀρχιερέων
1266 3413 1480 3468 καὶτῶν
1497 3415 1674 3470 ἄλλων
1697 3416 1936 3486 συγκληο

369 3497 538 3548 τικῶν
571 3499 1020 3570 ἀπεσταλμένων,
1049 3503 1143 3555 ἐπὶ
1172 3503 1230 3556 τὸ
1266 3505 1333 3557 τὰ
1365 3505 1693 3577 ἐγκλήματα
1720 3507 1787 3563 τὰ
1827 3509 1935 3578 ἐμὰ

369 3587 620 3651 ἐξετάσαι
675 3591 940 3660 ἡκόντων,
981 3594 1142 3656 αὐτὸς
1179 3595 1280 3665 μὲν
1329 3597 1536 3666 πολλῆς
1591 3599 1936 3670 ἐνεπλήσθην

370 3679 583 3747 ἡδονῆς,
619 3679 691 3743 ὡς
731 3684 924 3754 καιρὸν
967 3685 1265 3753 ἀπολογίας
1303 3688 1587 3758 εὑρηκώς·
1637 3689 1937 3759 ἐκκλησίας

369 3770 428 3822 δὲ
458 3773 772 3842 γενομένης,
819 3773 918 3843 τήν
947 3775 1244 3844 ἀπολογίαν
1278 3778 1362 3847 ἐφ’
1415 3773 1496 3842 οἷς
1535 3779 1933 3851 ἐνεκαλούμην,

373 3863 550 3934 ἀληθῆ
586 3867 678 3918 καὶ
705 3866 919 3921 δικαίαν
968 3869 1338 3941 ἐποιησάμην.
1381 3872 1448 3925 Ἀ
1506 3873 1606 3942 μὲν
1651 3872 1745 3928 οὖν
1783 3869 1936 3928 εἷπον

374 3952 511 4020 πρὸς
537 3954 602 4006 τὰ
635 3955 977 4025 ἐγκλήματα,
1007 3959 1162 4012 αὐτοὶ
1202 3961 1450 4024 ἐλθόντες
1483 3962 1894 4031 ἀπαγγελοῦσιν
1916 3980 1932 3997 ⁸

374 4041 485 4108 ἐγὼ
514 4043 556 4096 δ’
583 4044 742 4111 αὖθις
780 4047 872 4101 σοῦ
901 4049 1113 4118 δέομαι,
1155 4051 1400 4122 βασιλεῦ,
1433 4055 1562 4125 μήθ’
1597 4057 1763 4126 ἡμᾶς,
1796 4058 1934 4127 μήτε

370 4137 498 4197 τοὺς
533 4135 722 4201 ἄλλους
751 4140 1011 4207 περιιδεῖν
1044 4142 1353 4212 Ῥωμαίους
1377 4146 1467 4199 διὰ
1492 4147 1584 4199 τὸν
1609 4149 1745 4217 πρὸς
1771 4149 1936 4219 ἀλλή-

371 4226 495 4289 λους
527 4228 680 4298 ἡμῶν
725 4230 956 4300 πόλεμον
991 4232 1418 4305 φθειρομένους⁸
1453 4237 1571 4291 ἀλλ’
1607 4240 1666 4292 ἐν
1701 4239 1937 4310 ἡμέραις

2019 931 2122 986 bus
2154 947 2260 986 non
2289 932 2564 996 hostilem,
2592 933 2686 987 sed
2717 933 2956 987 amicum
2989 932 3042 986 in
3069 941 3119 988 te
3137 933 3378 988 animum
3403 944 3594 990 osteno

2020 1023 2247 1090 dissem,
2279 1023 2556 1079 conﬁdere
2590 1039 2749 1093 posse
2782 1025 2944 1078 etiam
2978 1023 3167 1078 odium
3197 1024 3251 1080 in
3300 1041 3388 1080 me
3439 1035 3594 1080 tuum

2020 1126 2372 1171 sanaturum.
2415 1116 2568 1187 151
2605 1116 2760 1182 Quod
2793 1131 2943 1170 nunc
2975 1131 3158 1181 secus,
3205 1134 3368 1188 quam
3412 1120 3592 1182 rebar,

2020 1206 2240 1261 videtur
2271 1209 2542 1260 evenisse.
2591 1203 2786 1259 Omnia
2836 1205 3113 1274 siquidem
3171 1207 3284 1274 illa,
3333 1208 3598 1278 quodque

2023 1313 2302 1354 summum
2361 1307 2466 1361 est,
2521 1297 2806 1352 veritatem
2857 1296 3032 1366 ipsam
3096 1313 3193 1366 pro
3257 1299 3428 1353 nihilo
3491 1302 3597 1354 du-

2024 1403 2175 1450 cens,
2244 1389 2566 1443 hominibus
2619 1395 2800 1440 autem
2870 1388 3166 1456 perversis,
3222 1396 3278 1442 et
3323 1387 3600 1444 mendaci-

2023 1479 2224 1549 loquis,
2250 1496 2360 1534 non
2395 1479 2712 1549 reipublicae
2733 1483 3130 1547 emolumenta,
3159 1480 3255 1535 sed
3312 1495 3410 1535 sua
3447 1481 3600 1552 ipso-

2024 1587 2150 1628 rum
2201 1573 2526 1642 eompendia
2587 1575 2932 1629 sectantibus
2985 1575 3146 1629 ﬁdem
3197 1573 3422 1640 habens,
3455 1572 3602 1629 bello

2025 1682 2114 1721 me
2149 1674 2359 1721 tentare
2393 1665 2638 1720 voluisti.
2669 1665 2769 1721 Ast
2799 1681 2898 1737 ego
2926 1667 3177 1737 quamvis
3211 1667 3336 1738 jure
3367 1668 3600 1736 Optimo,

2029 1766 2288 1827 tanquam
2357 1753 2509 1827 prior
2569 1757 2784 1813 insidiis
2843 1759 3160 1828 appetitus,
3229 1766 3605 1828 temeratoque

1962 1829 1999 1882 Β
2025 1849 2237 1906 ftedere
2256 1849 2509 1914 violatus,
2533 1851 2844 1920 promptius
2864 1866 2929 1906 ac
2959 1851 3111 1920 prius
3138 1866 3288 1905 arma
3316 1865 3603 1920 capessere

2028 1951 2310 2012 poteram;
2349 1955 2531 1998 tamen
2566 1942 2776 2011 pudore
2808 1960 2938 2016 erga
2973 1954 3046 2009 te,
3076 1953 3131 1998 et
3155 1945 3304 2014 pacis
3330 1945 3604 1999 desiderio

2028 2036 2366 2101 incredibili,
2401 2041 2626 2091 tertium
2655 2039 2765 2109 jam
2796 2053 3039 2093 mensem
3076 2039 3167 2093 hic
3199 2047 3446 2102 contero,
3479 2053 3603 2107 sup.

2026 2131 2258 2201 plicans,
2283 2139 2338 2185 et
2375 2129 2509 2184 iram
2543 2139 2691 2183 tuam
2725 2129 3049 2198 deprecans.
3073 2131 3229 2185 Nunc
3267 2145 3392 2184 cum
3421 2131 3598 2184 venis-

2027 2232 2170 2286 sent,
2207 2237 2347 2290 quos
2378 2221 2444 2274 ad
2475 2222 2839 2276 exercendam
2879 2221 2947 2276 de
2985 2237 3072 2276 me
3100 2221 3456 2291 quaestionem
3503 2221 3599 2275 mi-

2028 2313 2171 2378 sisti,
2205 2312 2406 2383 gaudio
2438 2312 2660 2376 exsilui,
2698 2311 2842 2382 quod
2879 2321 3090 2382 tempus
3131 2312 3235 2366 mei
3274 2311 3601 2368 defendendi

2026 2415 2233 2460 nactus
2258 2419 2462 2460 essem.
2500 2403 2560 2458 la
2592 2412 2866 2458 conventu
2898 2418 3062 2472 porro
3106 2401 3172 2457 ad
3219 2403 3394 2472 capita
3440 2419 3602 2457 accu-

2031 2497 2262 2554 sationis
2290 2512 2420 2551 vere
2445 2495 2675 2564 acjuste
2707 2494 2969 2566 respondi
2997 2511 3013 2561 ;
3045 2493 3113 2549 de
3139 2509 3252 2564 quo
3307 2495 3410 2565 ipsi
3459 2494 3604 2564 apud

2030 2597 2084 2644 te
2111 2588 2514 2644 memorabunt.
2555 2585 2796 2641 Rursum
2824 2595 2878 2640 te
2898 2600 3016 2649 oro,
3045 2586 3362 2655 imperator,
3388 2595 3446 2638 ut
3471 2600 3606 2640 neve

2031 2699 2154 2752 nos,
2173 2699 2309 2739 neve
2330 2683 2604 2739 Romanos
2626 2680 2786 2743 alios,
2808 2680 2980 2735 nostri
3001 2695 3162 2734 causa
3191 2679 3390 2735 acerba
3412 2695 3604 2749 perpe-

2033 2777 2071 2831 ti
2088 2771 2157 2832 ac
2169 2777 2323 2847 perdi
2343 2777 2489 2831 sinas
2508 2793 2524 2841 ;
2556 2775 2648 2829 sed
2672 2771 2868 2828 diebus
2897 2781 3021 2828 octo
3041 2771 3172 2841 quid
3191 2786 3329 2842 opus
3347 2771 3604 2826 sitconsi-

2033 2877 2216 2940 deres,
2258 2873 2519 2946 tuamque
2544 2875 2707 2930 nobis
2735 2874 3066 2930 sententiam
3095 2872 3362 2928 declares.
3389 2872 3446 2926 Si
3479 2873 3609 2938 Deo,

2033 2969 2184 3040 pacis
2216 2977 2459 3032 auctore,
2495 2966 2831 3037 approbante
2865 2966 3133 3036 placidam
3158 2964 3213 3019 in
3247 2980 3347 3019 nos
3373 2974 3610 3019 mentem

2035 3062 2303 3125 indueris,
2337 3074 2638 3131 pacemque
2684 3057 3015 3128 susceperis,
3049 3056 3189 3112 bene
3229 3056 3398 3111 facies
3436 3056 3610 3111 modis

2035 3153 2311 3208 omnibus.
2342 3152 2438 3205 Sin
2475 3159 2824 3220 peccatorum
2856 3156 3170 3202 nostrorum
3202 3145 3523 3210 multitudo,
3557 3155 3611 3200 et

2038 3249 2259 3301 incensa
2284 3242 2504 3299 videndi
2531 3241 2785 3297 interitus
2809 3238 2980 3293 nostri
3009 3237 3284 3307 cupiditas
3331 3235 3515 3305 potius
3558 3235 3612 3289 in

2038 3338 2240 3393 bellum
2271 3349 2322 3391 te
2359 3335 2694 3406 praecipitem
2730 3340 2911 3404 agent,
2943 3331 3109 3386 etiam
3161 3331 3240 3384 sic
3292 3327 3514 3382 modum
3561 3337 3612 3382 te
3720 3369 3724 3374 .

2037 3431 2250 3486 docebo
2304 3428 2703 3484 validissimum
2769 3441 2858 3480 me
2915 3424 3084 3478 armis
3138 3419 3510 3492 oppugnandi,
3555 3429 3612 3473 ut

2038 3522 2322 3584 citissime,
2361 3520 2616 3590 citraque
2642 3515 2946 3587 periculum
3001 3513 3266 3568 molestiis
3310 3511 3612 3566 absolvare.

2037 3616 2181 3670 Deus
2231 3615 2504 3667 bonorum
2579 3610 2826 3664 omnium
2891 3605 3289 3677 suppeditator,
3345 3603 3507 3659 Pater
3561 3610 3615 3656 et

2037 3706 2302 3760 Dominus
2331 3717 2521 3774 regum
2551 3701 2818 3763 omnium,
2853 3697 3236 3753 admirabilem
3287 3694 3386 3750 tibi
3429 3704 3484 3749 et
3534 3693 3606 3747 in-

2036 3796 2456 3869 expugnabilem
2489 3795 2789 3863 potentiam
2824 3790 2996 3857 dedit,
3035 3788 3124 3843 cui
3157 3802 3268 3842 non
3304 3786 3479 3841 solum
3525 3799 3617 3839 re-

2037 3889 2255 3951 sistere,
2293 3885 2387 3939 sed
2444 3892 2635 3938 contra
2674 3897 2838 3952 quam
2889 3877 2959 3934 n'e
3010 3879 3210 3933 intueri
3259 3877 3478 3946 quidem
3531 3889 3617 3930 me

2036 3994 2194 4049 posse
2223 3977 2417 4033 fateor.
2455 3976 2549 4030 Est
2573 3981 2755 4028 autem
2797 3972 2932 4037 haec,
2969 3969 3114 4040 quod
3161 3977 3218 4023 tu
3266 3967 3522 4023 dominus
3563 3977 3618 4022 et

2035 4080 2214 4140 pater,
2247 4082 2348 4138 ego
2377 4067 2544 4132 ﬁlius,
2577 4077 2634 4122 et
2657 4080 2850 4120 servus
2893 4064 3143 4118 omnino.
3192 4065 3307 4115 Hac
3356 4076 3486 4114 usus
3522 4075 3618 4129 pc-

2038 4161 2232 4223 tcntia,
2259 4159 2410 4214 brevi
2444 4175 2566 4228 qu'e
2597 4157 2840 4212 volueris
2878 4156 3068 4210 omnia
3117 4152 3353 4208 feliciter
3391 4151 3618 4206 elﬁcies.

2039 4254 2093 4308 Si
2121 4252 2268 4307 enim
2294 4251 2544 4322 jusseris,
2572 4257 2632 4304 ut
2665 4256 2843 4318 pater,
2885 4263 2973 4301 me
3022 4245 3171 4310 boia,
3209 4260 3306 4299 seu
3346 4240 3616 4315 [collaria]

372 4317 536 4384 ὀκτὼ,
573 4320 642 4374 τά
681 4338 738 4373 τε
776 4322 964 4378 δέοντα
1012 4325 1340 4394 σκέψασθαι,
1383 4329 1479 4385 καὶ
1504 4331 1636 4399 ἡμῖν
1686 4332 1760 4394 ὼς
1792 4332 1931 4402 ἔχεις

2038 4344 2092 4398 in
2115 4345 2317 4399 collum
2341 4343 2540 4413 injecta
2567 4341 2778 4406 venire,
2802 4348 2858 4395 et
2893 4338 3006 4393 illic
3035 4352 3312 4393 carcerem
3342 4334 3615 4397 habitare,

372 4412 594 4505 γνώμης
624 4412 880 4483 δηλῶσαι.
901 4417 996 4469 "Av
1025 4420 1124 4488 μὲν
1145 4415 1239 4475 οὖν
1262 4421 1357 4475 καὶ
1388 4421 1528 4494 Θεοῦ
1557 4423 1654 4475 τοῦ
1695 4424 1931 4496 χορηγοῦ

2041 4435 2306 4505 imperata
2340 4412 2749 4503 promptissime
2778 4445 3069 4499 exsequar.
3101 4427 3241 4492 Quid
3276 4436 3461 4481 autem
3494 4425 3620 4479 dico

370 4503 470 4573 τῆς
503 4506 726 4573 εἰρήνης
759 4507 1208 4574 συνευδοκοῦντος
1243 4513 1546 4582 πραότερον
1575 4515 1708 4584 ἡμῖν
1741 4517 1929 4571 διατε-

2039 4503 2383 4591 devcarcerc,
2411 4537 2467 4579 et
2514 4523 2777 4579 cellaria?
2828 4521 2873 4576 si
2923 4520 3057 4590 quid
3116 4517 3266 4574 aliud
3317 4517 3484 4572 etiam
3533 4516 3620 4570 vel

374 4593 494 4687 θῇς,
529 4599 621 4649 καὶ
656 4597 856 4668 μᾶλλον
892 4600 1034 4656 ἕλοιο
1073 4603 1172 4671 τὴν
1200 4605 1450 4675 εἰρήνην,
1497 4609 1842 4676 πανταχόθεν
1873 4609 1931 4663 ἂν

2041 4616 2628 4687 ignominiosissimum
2659 4612 3030 4676 mandaveris,
3052 4611 3324 4683 perferam
3349 4609 3622 4664 hilariter.

371 4686 482 4758 ἔχοι
515 4690 713 4754 καλῶς.
749 4691 850 4746 Ἂν
890 4694 936 4746 δ’
988 4697 1021 4765 ἡ
1071 4696 1184 4749 τῶν
1207 4698 1492 4766 ἡμετέρων
1519 4701 1931 4770 ἁμαρτημάτων

2045 4686 2100 4765 Si
2131 4709 2235 4763 hac
2260 4707 2502 4778 potentia
2529 4707 2754 4770 omissa,
2809 4704 2877 4759 ad
2929 4705 3155 4758 alteram
3211 4712 3264 4757 te
3310 4709 3622 4764 convertes,

374 4780 601 4850 πληθὺς,
641 4783 736 4836 καὶ
796 4784 856 4837 τὸ
911 4786 1149 4854 μάλιστα
1198 4789 1484 4858 βούλεσθαι
1533 4792 1931 4863 διαφθαρέντας

2042 4815 2204 4870 quam
2245 4799 2455 4868 pridem
2505 4797 2621 4860 tibi,
2673 4795 2906 4850 credens
2940 4803 2994 4849 te
3048 4794 3242 4855 latere,
3289 4799 3345 4846 et
3397 4805 3624 4860 sperans

371 4873 516 4944 ἡμᾶς
544 4875 692 4940 ίδεῖν,
721 4877 854 4946 πρὸς
888 4879 947 4931 τὸ
973 4879 1233 4949 πολεμεῖν
1267 4882 1467 4950 μᾶλλον
1493 4885 1931 4952 παρασκευάσω-

2038 4893 2186 4948 bello
2247 4906 2335 4946 me
2375 4889 2779 4952 contemurum,
2827 4887 3113 4958 paravisti,
3170 4900 3368 4940 vereor
3415 4884 3622 4946 dicere,

373 4982 458 5020 σιν
479 4966 740 5036 ὁρμῆσαι,
771 4972 867 5022 καὶ
894 4969 1068 5034 οὕτως
1095 4971 1205 5040 ἐγώ
1222 4989 1308 5026 σοι
1342 4973 1546 5044 τρόπον
1579 4976 1931 5045 ὑφηγήσομαι

2039 4985 2135 5040 sed
2164 4982 2341 5038 dicam
2378 4992 2580 5044 tamen,
2636 4995 2851 5045 vereor,
2899 4993 2969 5032 ne
3016 4987 3078 5031 ut
3123 4975 3278 5042 alias,
3329 4975 3410 5031 sic
3458 4975 3624 5028 modo

374 5057 721 5127 ἰσχυρότατον
756 5059 849 5114 τοῦ
876 5063 1012 5133 πρὸς
1039 5063 1137 5134 ἐμὲ
1164 5065 1407 5135 πολέμου
1430 5082 1446 5096 ο
1485 5066 1560 5131 ὡς
1609 5067 1677 5121 ἃν
1705 5069 1931 5139 τάχιστά

2040 5077 2182 5130 male
2215 5075 2314 5129 tibi
2374 5072 2723 5128 consuluisse
2776 5071 2896 5140 ipso
2945 5078 3147 5124 eventu
3184 5065 3619 5134 deprehendam.

370 5163 429 5198 τε
456 5153 548 5201 καί
573 5151 744 5221 χωρὶς
768 5153 1033 5207 κινδύνων
1059 5159 1402 5225 πραγμάτων
1435 5157 1782 5230 ἀπαλλαγῇς.
1805 5160 1931 5224 Θεὸς

2043 5168 2197 5221 Tunc
2231 5168 2400 5236 igitur
2437 5176 2494 5220 et
2518 5163 2632 5218 Deo
2672 5164 2726 5217 in
2777 5163 2987 5234 primis,
3040 5169 3096 5216 et
3136 5160 3223 5215 bis
3275 5157 3625 5214 amicissim’s

369 5238 663 5338 δνχορηγὸς
712 5243 936 5297 πάντων
977 5246 1086 5299 τῶν
1120 5248 1369 5316 ἀγαθῶν,
1407 5251 1434 5302 ό
1469 5251 1659 5320 Πατὴρ
1695 5251 1931 5316 πάντων,

2043 5258 2182 5312 meis
2209 5255 2620 5326 adjuvantibus,
2654 5252 2811 5322 152
2843 5252 3026 5305 multis
3057 5250 3355 5306 sudoribus
3383 5264 3447 5303 ac
3475 5247 3620 5302 labo-

369 5331 466 5380 καὶ
492 5331 688 5401 Κύριος
707 5333 817 5386 τῶν
835 5334 1120 5404 βασιλέων,
1149 5340 1360 5410 ἄμαχόν
1377 5357 1500 5394 τινα
1516 5343 1612 5394 καὶ
1633 5340 1931 5412 θαυμασίαν

2043 5348 2219 5411 ribus,
2251 5363 2358 5400 non
2386 5348 2532 5417 quod
2575 5355 2632 5399 lu
2674 5345 2975 5412 singulare,
3022 5354 3080 5398 et
3119 5342 3186 5397 ad
3227 5339 3624 5412 perliciendum

371 5423 671 5498 παρέσχετο
689 5427 922 5498 δύναμίν
951 5447 1036 5484 σοι
1062 5446 1076 5462 ·
1107 5433 1244 5503 πρὸς
1271 5435 1339 5503 ἦν
1363 5434 1462 5504 οὐχ
1491 5433 1574 5488 ὅτι
1603 5451 1665 5503 γε
1689 5435 1931 5505 ἀντιστῆ-

2047 5438 2428 5493 dillicillimum
2467 5452 2606 5506 opus
2631 5436 3005 5500 cxistimabas,
3041 5434 3135 5489 sed
3177 5431 3323 5504 quod
3375 5431 3429 5484 in
3479 5427 3626 5498 cogi-

1595 5576 1814 5640 Jacobi
1850 5579 2115 5640 Pontani
2151 5587 2340 5642 notos.

366 5693 1155 5828 mi(n9:2e:iggl;t:ldiqptestico,
1211 5712 1269 5761 et
1297 5685 1748 5778 'protostratore.
1810 5701 1948 5759 \‘ide
1991 5700 2154 5780 supra
2217 5722 2338 5778 cap.
2389 5705 2480 5762 59.
2523 5705 2631 5764 Sed
2679 5720 2776 5762 eos
2832 5713 3056 5776 propter
3100 5698 3362 5758 invidiam
3396 5708 3498 5753 avo
3525 5705 3628 5750 no-
