4028 6432
1083 355 1117 369 κ

303 441 403 506 3Ί7

1495 442 2050 507 HISTORIARUM
2091 445 2323 505 LlBER
2363 441 2412 506 I.

3492 444 3598 509 338

306 553 396 613 οἷν
433 557 640 630 ἡμέραι
682 557 979 630 παρῆλθον,
1013 559 1107 614 καὶ
1137 560 1235 630 τῆς
1286 559 1586 630 πρεσὸείας
1635 561 1794 628 λόγος
1821 553 1889 627 ἦν

2010 558 2348 621 afﬂuxerant,
2374 557 2524 613 nulla
2560 558 2784 614 interim
2808 557 3102 630 legationis
3126 559 3408 615 mentione
3431 562 3592 626 facta,

308 651 503 712 οὐδείς.
543 649 873 721 Ἀχθόμενος
919 651 976 704 δὲ
1011 651 1038 703 ὁ
1100 651 1463 722 πατριάρχης
1515 653 1610 706 ἐπὶ
1666 655 1734 723 τῇ
1797 651 1890 705 τοῦ

311 742 501 814 χρόνου
529 742 862 814 παρατάσει,
901 745 1186 815 μεμήνυκε
1221 745 1360 816 πρὸς
1393 745 1639 816 βασιλέα,
1681 746 1758 808 ὡς
1797 745 1896 811 Ἓξ

315 837 536 908 ἡμερῶν
557 837 977 908 παρελθουσῶν,
1004 839 1156 894 οὐδὲν
1190 840 1344 910 παρὰ
1368 839 1480 892 τῶν
1508 841 1647 910 πρὸς
1669 839 1896 909 βασιλέα

315 930 405 982 τὸν
428 929 653 998 ἔγγονον
684 931 775 985 τὸν
803 931 895 986 σον
924 931 1359 1002 ἀπεσταλμένων
1399 933 1708 1002 ἀρχιερέων
1761 932 1898 985 ἐπύ-

317 1021 431 1074 θου.
458 1023 590 1076 Δέον
615 1017 731 1086 οὖν,
768 1022 896 1080 ἐπεὶ
925 1028 1014 1076 καὶ
1037 1025 1066 1076 ὁ
1093 1023 1283 1096 χρόνος
1311 1021 1447 1092 πρὸς
1473 1020 1758 1090 διάσκεψιν
1781 1023 1899 1075 ἱκα-

314 1111 425 1174 νδς,
472 1111 738 1166 πυθέσθαι
762 1113 945 1168 αὐτῶν
968 1114 994 1166 ὅ
1026 1131 1078 1170 τι
1116 1113 1389 1180 λέγουσιν.
1424 1112 1485 1168 ⁸0
1517 1113 1574 1166 δὲ
1629 1115 1897 1184 ἐπηγγεί-

317 1205 448 1257 λατο
476 1206 745 1274 παιήσειν.
777 1206 866 1269 Ὠς
914 1207 958 1259 δ’
998 1205 1182 1275 ἕτεραι
1228 1205 1490 1260 τοσαῦται
1520 1206 1902 1278 διεληλύθασιν

315 1298 423 1366 ημέ
436 1315 546 1366 ραι,
584 1297 680 1352 καὶ
715 1297 871 1365 λόγος
900 1299 1076 1362 οὐδεὶς
1097 1298 1309 1367 ἐγίνετο
1329 1299 1536 1364 αὐτῶν,
1564 1300 1730 1354 πάλιν
1756 1303 1900 1370 πέμ-

319 1390 426 1460 ψας
471 1391 498 1442 ὁ
560 1390 944 1460 πατριάρχης,-
986 1392 1157 1445 ἐδεῖτο
1192 1391 1290 1444 τοῦ
1352 1391 1620 1461 βασιλέως
1645 1394 1722 1464 μὴ
1757 1393 1904 1448 οὕτω

316 1481 603 1553 τρίϐεσθαι
649 1482 742 1535 τὸν
783 1484 1004 1554 καιρόν·
1047 1484 1185 1538 ἀλλὰ
1225 1485 1317 1561 τόν
1362 1502 1423 1538 τε
1469 1486 1904 1557 ἀρχιεπίσκοπον

321 1574 838 1644 μετακαλεσάμενον
869 1576 1115 1638 καὶτοὺς
1153 1577 1346 1641 ἄλλους
1378 1579 1660 1650 ἀρχιερεῖς
1698 1583 1726 1635 ὅ
1757 1599 1812 1636 τι
1844 1600 1904 1636 τε

317 1671 346 1720 ὁ
368 1671 589 1736 ιγγονος
606 1669 954 1737 ἀπολογεῖται
972 1671 1226 1736 ἀκοῦσαι,
1253 1674 1346 1724 καὶ
1369 1674 1531 1726 αὐτον
1562 1675 1906 1744 σκεψάμενον

1998 673 2123 714 cum
2164 652 2481 726 patriarcha
2517 651 2666 706 diem
2697 650 2939 722 proferri
2973 668 3119 724 κει-ο
3158 653 3366 718 ferens,
3397 655 3592 712 admo-

1997 758 2109 815 net,
2148 749 2298 803 diem
2319 755 2538 801 sextum
2555 744 2667 812 jam
2695 745 3052 812 praeteriisse,
3081 761 3185 802 nec
3213 748 3398 803 adhuc
3431 751 3596 818 quid-

1997 856 2165 911 quam
2217 839 2286 893 ab
2325 837 2604 907 episcopis
2655 835 2722 892 ad
2759 845 3018 906 nepotem
3059 839 3243 894 missis
3273 856 3401 894 eum
3435 841 3592 896 audi-

1999 934 2170 987 visse.
2201 929 2477 1000 Oportere
2519 930 2712 1000 igitur,
2744 930 2970 999 quando
2993 931 3130 986 satis
3160 931 3253 986 diu
3288 933 3597 990 deliberas-

2001 1034 2108 1090 set,
2167 1023 2362 1078 audire
2393 1021 2528 1092 quid
2568 1022 2844 1076 dicerent.
2877 1022 3176 1077 Facturum
3211 1039 3271 1080 se
3298 1027 3596 1095 promittit.

2003 1116 2256 1170 Totidem
2289 1115 2486 1170 diebus
2521 1113 2744 1184 elapsis,
2799 1131 3022 1170 rursum
3060 1117 3228 1170 mittit
3258 1119 3597 1186 patriarcha,

2007 1224 2207 1279 rogans
2272 1223 2344 1262 ne
2393 1208 2470 1261 ila
2519 1217 2738 1275 tempus
2764 1215 2970 1262 tereret
3004 1225 3017 1261 :
3053 1209 3150 1261 sed
3184 1209 3602 1278 archiepiscopo

2002 1311 2058 1356 ct
2101 1302 2380 1372 episcopis
2404 1300 2711 1362 accersitis.
2745 1314 2855 1368 quo
2885 1309 3046 1369 pacto
3081 1315 3139 1355 se
3175 1317 3352 1370 nepos
3391 1303 3600 1358 defen-
3651 1372 3655 1377 ἡ

2005 1394 2197 1458 disset,
2245 1400 2627 1463 cognosceret,
2675 1392 2913 1461 indeque
2946 1393 3161 1448 videret
3202 1394 3336 1462 quid
3371 1395 3426 1448 in
3485 1411 3602 1450 rem

2006 1488 2310 1541 Romanam
2372 1495 2542 1540 esset.
2601 1485 2940 1554 Respondet,
2997 1486 3130 1539 nulli
3183 1502 3376 1541 eorum
3431 1488 3603 1545 licere

2007 1578 2290 1650 inquirere
2366 1594 2607 1649 quonam
2667 1578 2831 1632 modo
2872 1579 2991 1647 ipse
3030 1579 3258 1634 domum
3294 1596 3474 1642 suam,
3504 1595 3604 1637 seu

2009 1686 2096 1725 res
2143 1670 2474 1726 domesticas
2529 1671 2891 1736 moderetur;
2931 1671 3036 1725 sibi
3091 1672 3240 1726 enim
3273 1687 3423 1728 cura:
3461 1673 3602 1738 fore.

317 1762 380 1825 ἐξ
402 1761 584 1815 αὐτῶν
607 1763 678 1815 τὰ
720 1762 1107 1817 λυσιτελοῦντα
1151 1765 1425 1834 Ρωμαὲοις
1451 1769 1644 1820 ποιεῖν.
1664 1769 1722 1821 Ὀ
1756 1768 1904 1839 βασι-

2010 1763 2256 1834 quando,
2299 1778 2481 1832 quave
2533 1763 2761 1816 ratione
2803 1764 2924 1816 illas
2957 1764 3360 1820 administret:
3396 1766 3602 1835 ipsum,

318 1855 447 1918 λεὺς
477 1853 532 1908 δὲ
559 1855 916 1926 ἀπεκρίνατο,
942 1858 1135 1927 μηδενὶ
1155 1859 1321 1912 αὑτὸν
1344 1858 1545 1924 ἐξεῖναι
1579 1863 1901 1934 ἁνερευνᾷν,

315 1947 466 2008 ὅπως
502 1946 572 2000 τὰ
597 1948 719 2000 κατ’
753 1942 906 2000 οἷκον
941 1951 1248 2020 πράγματα
1289 1951 1564 2021 διεξάγειε
1599 1954 1747 2025 αὐτῷ
1789 1959 1899 2027 γὰρ

320 2039 581 2107 μελήσειν
605 2041 763 2093 ὁπότε
796 2041 890 2094 καὶ
918 2043 1067 2105 ὅπως
1101 2044 1238 2096 αὐτὰ
1274 2044 1384 2098 δέοι
1428 2048 1757 2118 οἰκονομεῖν.
1793 2050 1902 2102 A6-

315 2133 408 2186 τὸν
441 2131 499 2185 δὲ
526 2129 891 2205 πατριάρχην
923 2134 1071 2199 ὄντα,
1113 2137 1223 2190 τῶν
1257 2140 1739 2208 ἐκκλησιαστικῶν
1786 2144 1902 2198 ἐκέ-

316 2227 476 2280 λευεν
513 2226 732 2297 ἔχεσθαι
772 2230 1106 2299 φροντίδων,
1158 2231 1268 2284 τῶν
1319 2235 1516 2287 κανῶν
1553 2235 1611 2289 δὲ
1668 2238 1902 2292 καὶτῶν

323 2316 621 2386 βασιλικῶν
677 2318 983 2389 ἀπέχεσθαι
1029 2322 1400 2393 πραγμάτων.
1432 2325 1674 2380 Τοιαῦτα
1742 2328 1842 2398 μὲν
1876 2331 1903 2382 ὁ

326 2405 583 2474 βασιλεὺς
646 2407 888 2478 εἴρηκεν,
924 2409 1172 2480 οἰόμενος
1214 2413 1307 2466 τὸν
1349 2418 1702 2489 πατριάρχην
1734 2437 1906 2475 κατα·

325 2496 607 2565 πτήξαντα
635 2497 761 2560 τοὺς
800 2497 1015 2566 λόγους,
1065 2503 1268 2568 μᾶλλον
1311 2504 1376 2583 ᾂν
1419 2509 1774 2565 ἀσπάσασθαι
1804 2513 1904 2583 τὴν

328 2587 639 2657 σιωπήν.Ὂ
670 2588 752 2653 δὲ,
791 2591 872 2653 είς
899 2593 999 2661 τὴν
1029 2577 1336 2663 ὑστεραίαν
1359 2599 1590 2653 τοιαῦτα
1624 2605 1717 2656 καὶ
1741 2577 1906 2669 αὐτος

335 2679 612 2747 μεμήνυκε
644 2679 783 2750 πρὸς
825 2680 1085 2750 βασιλέαο
1118 2685 1398 2754 Κρατιστε
1449 2689 1702 2760 βασιλεῦ,
1738 2695 1798 2747 τὸ
1835 2695 1905 2750 τὰ

336 2771 515 2824 δέοντα
551 2777 839 2844 παραινεῖν
875 2775 972 2829 καὶ
1001 2778 1398 2847 συμϐουλεύειν
1444 2784 1539 2836 καὶ
1584 2783 1664 2838 ἔτι
1695 2803 1906 2858 προσα-

346 2863 622 2930 ναγκάζειν
663 2867 948 2936 πράττειν,
979 2868 1097 2922 οὗθ’
1154 2870 1300 2924 ἑκὼν
1335 2875 1656 2949 προήσομαι
1714 2879 1904 2948 αὐτὸς,

343 2955 454 3008 οὔτ’
474 2958 632 3026 ἄκων,
679 2958 789 3012 δέει
814 2959 1064 3029 ληφθείς.
1101 2964 1162 3015 Ei
1191 2965 1237 3017 δ’
1280 2966 1442 3029 αὐτὸς
1472 2970 1700 3043 τοιαύτῃ
1729 2973 1905 3043 συζῆν

332 3050 431 3120 ip!
460 3050 858 3124 ἀπραγμοσύνῃ
899 3055 1089 3120 ἀξιοῖς,
1117 3055 1258 3109 ὥστε
1295 3058 1372 3130 μὴ
1401 3059 1740 3129 φθέγγεσθαι
1776 3065 1906 3135 μήτ’

326 3143 544 3197 ἀκούειν
578 3145 714 3215 μήτε
734 3147 887 3218 ὁρᾷν,
921 3147 1086 3218 ἐχρῆν
1117 3149 1249 3219 πρὶν
1270 3151 1367 3220 τῆς
1412 3150 1746 3224 Ἐκκλησῖας
1773 3175 1908 3227 προ-

2015 1867 2073 1913 υι
2117 1857 2518 1930 patriarcham,
2551 1858 2969 1914 ecclesiasticas
3017 1874 3180 1915 curas
3215 1873 3460 1922 versare,
3490 1870 3546 1914 et
3572 1875 3604 1914 ιι

2009 1949 2255 2020 politicis
2303 1950 2824 2020 imperatorumque
2870 1951 3112 2020 negotiis
3165 1951 3452 2006 abstinere
3503 1951 3604 2008 de-

2009 2043 2164 2098 bere.
2207 2042 2362 2098 Talia
2417 2041 2767 2096 denuntiavit
2818 2041 3146 2112 imperator,
3180 2042 3327 2112 quod
3367 2043 3604 2114 patriar-

2009 2133 2168 2188 cham
2201 2148 2266 2187 ea
2295 2132 2722 2186 denuntiatione
2756 2133 3140 2198 .terrefactum,
3167 2133 3436 2191 libentius
3470 2136 3605 2191 taci-

2011 2235 2198 2279 turum
2228 2225 2536 2280 confideret
2564 2265 2578 2288 ,
2607 2226 2703 2296 qui
2732 2227 2988 2296 sequenti
3025 2227 3146 2282 luce
3180 2245 3280 2298 per
3309 2230 3604 2284 internun-

2013 2316 2148 2370 tium
2185 2316 2267 2370 sic
2318 2315 2606 2386 respondit
2639 2334 2652 2370 :
2697 2315 2835 2386 Ego,
2869 2318 3178 2387 imperator
3221 2319 3430 2388 optime
3462 2322 3600 2390 (9'2),

2011 2409 2221 2463 hortari
2235 2451 2248 2475 ,
2267 2410 2520 2474 suadere,
2540 2417 2595 2463 et
2613 2424 2806 2480 cogere
2827 2409 3054 2480 insuper
3072 2411 3139 2466 ad
3159 2411 3399 2467 oﬂicium
3424 2430 3604 2482 neque

2010 2503 2223 2566 volens,
2264 2517 2445 2572 neque
2481 2501 2692 2556 invitus
2723 2502 3008 2573 (nimirum
3044 2505 3089 2557 si
3132 2506 3602 2577 comprehendar)

2010 2595 2448 2668 praalermittam.
2487 2590 2644 2662 Quod
2681 2596 2728 2650 si
2775 2605 2829 2652 tu
2876 2595 2932 2650 in
2963 2597 3057 2652 tali
3087 2597 3202 2651 otio
3231 2598 3365 2652 mihi
3397 2598 3606 2668 degen-

2013 2689 2144 2745 dum
2197 2689 2466 2758 opinare,
2517 2698 2579 2744 ut
2621 2704 2724 2743 nec
2772 2689 2960 2759 lingua
3005 2697 3151 2754 utar,
3203 2705 3307 2745 nec
3353 2691 3605 2753 auribus.

2012 2799 2117 2838 nec
2163 2783 2360 2850 oculis,
2411 2783 2466 2837 id
2520 2782 2657 2837 mihi
2691 2791 2989 2853 antequam
3019 2782 3278 2838 Ecclesiae
3316 2782 3480 2854 ltujns
3511 2799 3609 2838 an-

2015 2875 2170 2928 tistes
2194 2874 2426 2945 legerer,
2453 2873 2774 2944 significare
2801 2873 3067 2929 debuisti.
3097 2874 3156 2929 Si
3185 2885 3301 2930 tum
3334 2889 3436 2946 ego
3465 2891 3610 2946 quo-

2013 2978 2121 3033 que
2165 2963 2239 3032 jid
2297 2979 2399 3034 pro
2442 2979 2604 3034 aequo
2664 2970 2722 3019 et
2776 2964 2925 3019 bono
2974 2964 3400 3036 probavissem,
3458 2981 3609 3022 mmc

2014 3071 2242 3111 necesse
2297 3056 2558 3111 haberem
2613 3057 2745 3112 boni
2795 3058 3090 3114 consulere
3143 3077 3156 3112 :
3203 3059 3291 3113 sin
3323 3059 3473 3114 aliud
3507 3075 3606 3130 pa-

2016 3148 2314 3204 triarcham
2361 3147 2563 3204 decere
2597 3148 2961 3218 judicassem,
2993 3149 3175 3216 alteri,
3208 3152 3298 3206 cui
3331 3153 3458 3207 talis
3493 3153 3607 3210 vita

329 3237 533 3306 οτάτην
586 3237 974 3309 προϐαλέσθαι,
1037 3241 1252 3296 εἰπεῖν’
1307 3243 1412 3297 κᾶν
1449 3245 1550 3315 μὲν
1606 3248 1702 3302 καὶ
1755 3249 1904 3321 αὐτῷ

2015 3242 2297 3312 proposita
2361 3239 2586 3306 fuisset,
2639 3241 2899 3296 thronum
2963 3243 3280 3302 cessissem.
3331 3244 3606 3312 Quoniam

332 3348 423 3401 μοι
448 3333 543 3385 καὶ
569 3332 755 3387 δίκαια
783 3333 956 3388 ταύτὰ
976 3336 1068 3388 καὶ
1096 3337 1477 3394 λυσιτελοῦντα
1509 3341 1706 3411 ἐδόκει,
1747 3346 1904 3418 στὲρ·

2017 3343 2202 3390 autem
2256 3335 2443 3390 divino
2497 3349 2726 3390 munere
2779 3351 2890 3391 non
2933 3337 3112 3392 solum
3159 3353 3476 3408 germanam
3501 3341 3606 3397 Ec-

325 3443 448 3492 γειν
471 3422 540 3497 ἦν
568 3427 779 3498 ἀνάγκη
806 3427 936 3482 νῦν·
1001 3429 1068 3483 ἂν
1097 3431 1145 3484 δ’
1205 3432 1370 3504 ἕτερα
1411 3435 1661 3507 ἐνόμιζον
1701 3442 1911 3512 προσή-

326 3535 447 3570 κειν
477 3519 813 3592 πατριάρχῃ,
849 3521 1213 3592 παρεχώρουν
1243 3524 1308 3578 ἂν
1337 3525 1511 3597 ἑτέρῳ
1540 3527 1650 3580 τῶν
1673 3528 1903 3598 Θρόνων,

325 3609 470 3662 οὕτω
518 3609 616 3682 ζῇν
649 3615 1044 3684 προῃρημένῳ.
1085 3615 1242 3667 Ἐπεὶ
1298 3614 1354 3669 δὲ
1411 3617 1548 3670 Θεοῦ
1612 3620 1798 3690 χάριτι
1840 3621 1903 3674 οὐ

322 3701 435 3753 τῶν
461 3699 637 3772 ὀρθῶν
685 3702 783 3772 τῆς
825 3702 1156 3775 Ἐκκλησίας
1192 3705 1486 3775 δογμάτων
1517 3709 1910 3783 προδέδλημαι

327 3796 510 3865 μόνον,
545 3793 676 3847 ἀλλὰ
714 3794 808 3850 καὶ
853 3797 960 3850 τῶν
995 3798 1375 3868 ἀδικουμένων
1422 3801 1753 3871 προῖσταθαι
1809 3805 1906 3858 καὶ

328 3889 667 3958 ὑπερμαχεῖν
698 3889 946 3958 ἀνάγκην
973 3891 1102 3960 ἔχω,
1139 3894 1252 3955 τοῖς
1283 3895 1496 3948 ἀδικεῖν
1525 3896 1772 3951 ὲοέλουσι
1807 3899 1904 3951 καὶ

328 3982 672 4033 πλεονεκτεῖν
698 3983 758 4033 οὐ
791 3981 1073 4050 παύσομαι
1099 3983 1502 4054 διαφερόμενος
1546 3989 1642 4041 καὶ
1691 3991 1904 4042 ἀντιλέ-

329 4087 462 4138 γων,
493 4071 557 4124 ἄν
599 4089 656 4125 τε
691 4073 798 4124 τῶν
849 4073 1202 4145 φαυλοτάτων
1229 4077 1375 4133 τινὲς
1407 4071 1564 4144 ὦσιν,
1601 4081 1667 4134 ἄν
1697 4097 1758 4133 τε
1793 4083 1904 4136 τῶν

327 4164 738 4236 ὑπερλάμπρων
762 4166 855 4218 καὶ
876 4168 954 4229 εἰς
982 4167 1114 4219 αὐτὸ
1149 4167 1212 4220 τδ
1243 4169 1548 4239 ἀκρότατον
1579 4175 1902 4245 ἀφιγμένων

325 4261 424 4328 τῆς
453 4257 728 4326 εὐτυχίας,
775 4259 869 4310 καὶ
912 4259 1116 4328 μᾶλλον
1151 4262 1289 4328 πρὸς
1329 4264 1603 4332 ἐκείνους,
1638 4268 1750 4339 ὅσῳ
1791 4272 1901 4325 καὶ

325 4351 394 4403 τὰ
423 4350 738 4419 ἀδικήματα
768 4350 963 4418 μείζω,
1009 4355 1103 4404 καὶ
1148 4354 1287 4424 πρὸς
1323 4355 1580 4422 πλείονας
1629 4358 1901 4428 ἐξάγοντα

327 4443 426 4514 τὴν
481 4442 704 4512 βλάϐην.
741 4443 802 4497 Εἰ
842 4443 953 4514 γὰρ
1000 4444 1294 4517 μέλλοιμεν
1349 4451 1464 4512 τοῖς
1525 4451 1626 4520 μὲν
1682 4459 1905 4527 μικροῖς

333 4536 504 4607 μικρά
539 4553 660 4588 τινα
705 4537 955 4590 ἀδικοῦσι
1011 4539 1173 4607 μόνον
1210 4539 1468 4607 ἐγκαλεῖν
1505 4545 1600 4597 καὶ
1650 4546 1751 4616 τὴν
1778 4549 1901 4602 ἀδι-

330 4631 454 4683 κίαν
481 4629 783 4693 ὀνειδίζειν,
825 4631 960 4700 προς
992 4632 1048 4684 δὲ
1078 4633 1207 4695 τοὺς
1241 4635 1536 4705 μεγίστους
1567 4638 1664 4692 καὶ
1689 4640 1757 4694 τὰ
1807 4644 1907 4712 μέ-

329 4738 490 4790 γιστα
521 4721 861 4790 βλάπτοντας
889 4722 1106 4786 ἑκόντες
1132 4724 1285 4788 ὄντες
1316 4724 1402 4779 διὰ
1435 4726 1495 4779 τὸ
1525 4729 1744 4799 ἀξίωμα
1784 4749 1912 4786 σιω-

331 4818 439 4870 πᾶν
489 4819 584 4869 καὶ
651 4816 784 4886 μηδὲ
836 4816 1063 4886 γρύζειν
1120 4817 1353 4889 τολμᾷν,
1413 4807 1568 4873 οὖδὲν
1628 4823 1911 4896 διοίσομεν

332 4911 533 4980 ἰατρῶν
563 4910 672 4962 τῶν
702 4911 830 4979 περὶ
860 4909 1052 4980 τρίχας
1086 4911 1186 4980 μὲν
1223 4911 1317 4963 καὶ
1357 4911 1560 4983 ὄνυχας
1600 4906 1913 4987 ἠσχολημέζ

328 5023 450 5068 νων,
485 5005 576 5057 καὶ
607 5006 703 5076 τὴν
743 5004 942 5074 τέχνην
973 5006 1029 5056 ὲν
1057 5004 1246 5066 αὐτοῖς
1279 5004 1780 5076 ἐπιδεικνυμένων,
1815 5011 1912 5064 ἐὰν

329 5097 387 5150 δέ
414 5113 467 5149 τι
495 5096 707 5165 νόσημα
729 5098 1063 5168 παρεμπέσῃ
1093 5097 1171 5168 τῷ
1196 5097 1321 5169 ζώῳ
1348 5101 1750 5171 λυμαινόμενον
1782 5106 1912 5174 ὅλῳ,

330 5191 522 5244 τούτου
567 5191 624 5244 δὲ
687 5191 959 5261 μηδεμίαν
1020 5192 1285 5258 πρόνοιαν
1350 5200 1734 5266 ποιουμένων,
1794 5197 1912 5251 ἀλλ’

332 5284 647 5354 ἡγουμένων
681 5284 872 5352 ἀρκεῖν
914 5284 1028 5352 εἴγε
1079 5285 1176 5338 καὶ
1211 5287 1365 5350 αὐτοὶ
1415 5287 1719 5360 καθήμενοι
1770 5290 1909 5360 μετὰ

331 5376 436 5428 τῶν
469 5375 646 5430 ἄλλων
677 5375 1056 5444 ἀπολλύμενον
1108 5376 1304 5447 ὁρῷεν.
1343 5379 1490 5447 Ἐγὼ
1522 5381 1578 5434 δὲ
1630 5385 1722 5436 καὶ
1767 5386 1909 5439 πάνυ

331 5468 598 5538 θαυμάξω
632 5472 980 5539 μεμνημένος
1006 5470 1081 5533 ὡς
1107 5472 1411 5534 ἐκέλευσας
1441 5474 1541 5544 ἐμὲ
1576 5477 1678 5545 μὲν
1707 5475 1778 5530 τὰ
1811 5479 1911 5548 τῆς

341 5564 668 5638 Ἐκκλησίας
726 5565 982 5635 πράττειν
1039 5567 1132 5620 καὶ
1167 5567 1297 5638 περὶ
1351 5568 1494 5622 αὑτὰ
1557 5569 1903 5644 ὴσχολῆσοαι

2017 3429 2200 3483 clesiaa
2230 3427 2542 3484 doctrinam
2572 3428 2836 3497 defendo,
2871 3431 2967 3486 sed
3007 3432 3175 3486 etiam
3205 3433 3463 3503 iniuriam
3487 3450 3612 3503 pas-

2019 3520 2097 3576 sis
2151 3521 2511 3591 patrocinari,
2554 3533 2859 3592 eorumque
2892 3523 3122 3579 tutelam
3174 3540 3370 3596 gerere
3407 3526 3608 3594 debeo,

2016 3614 2300 3669 adversari
2374 3623 2431 3669 et
2475 3615 2864 3671 contradicere
2918 3615 3006 3672 his
3058 3632 3169 3672 non
3221 3619 3475 3685 cessabo,
3512 3621 3607 3692 qui

2016 3707 2231 3762 deserta
2275 3709 2556 3778 aequitate,
2611 3708 2736 3778 plus
2787 3708 2962 3764 nimio
2994 3708 3100 3764 sibi
3141 3721 3442 3782 arrogant,
3490 3711 3609 3768 sive

2016 3799 2091 3853 illi
2122 3798 2322 3863 infimi,
2359 3800 2476 3855 sive
2517 3799 2678 3872 154
2705 3801 2911 3856 summi
2957 3802 3174 3858 ordinis
3205 3811 3262 3858 et
3297 3803 3608 3861 beatissimi

2016 3891 2246 3948 fuerint.
2300 3892 2483 3963 Atque
2527 3893 2647 3948 istis
2691 3892 2917 3962 quidem
2949 3893 3364 3965 vehementius,
3399 3907 3607 3966 quanto

2015 3986 2277 4041 videlicet
2316 4001 2510 4042 eorum
2563 3985 2780 4056 injuriae
2827 3987 3085 4058 majores,
3135 3997 3192 4042 et
3225 3988 3481 4058 pluribus
3512 3989 3611 4045 de-

2019 4079 2360 4133 trimentosa:
2395 4088 2546 4134 sunt.
2593 4079 2650 4134 Si
2693 4079 2842 4134 enim
2886 4081 3157 4135 obscuros
3219 4081 3610 4138 tantummodo

2015 4180 2070 4227 et
2115 4172 2327 4226 modice
2373 4170 2670 4241 injuriosos
2703 4172 2758 4226 in
2799 4171 2890 4242 jus
2916 4172 3262 4238 vocabimus,
3294 4181 3351 4227 et
3389 4173 3610 4244 injusti-

2019 4265 2147 4319 tiam
2179 4263 2288 4318 illis
2313 4262 2792 4331 exprobrabimus,
2829 4249 3124 4317 adversum
3149 4279 3396 4318 summos
3419 4277 3606 4320 autem

2019 4371 2232 4412 summe
2280 4363 2568 4420 nocentes,
2611 4370 2807 4409 eorum
2859 4355 3210 4425 splendorem
3253 4355 3609 4412 dignitatern-

2017 4467 2122 4522 que
2149 4449 2396 4513 reveriti,
2434 4448 2635 4503 mutire
2662 4463 2770 4501 non
2805 4448 3159 4512 audebimus,
3196 4445 3391 4501 nihﬂa
3430 4447 3609 4502 medi-

2019 4547 2098 4602 cis
2151 4545 2493 4604 differemus,
2540 4541 2635 4611 qui
2676 4541 2732 4594 in
2779 4540 2994 4610 capillis
3026 4549 3083 4594 et
3133 4540 3411 4609 unguibus
3439 4556 3604 4595 occu-

2010 4638 2160 4709 pati,
2199 4652 2352 4706 suam
2404 4635 2478 4690 ibi
2532 4633 2822 4688 scientiam
2862 4640 3166 4688 ostentant.
3209 4633 3308 4688 Sin
3379 4633 3607 4689 morbus

2010 4731 2330 4799 arripuerit,
2361 4729 2456 4797 qui
2491 4736 2664 4780 totum
2694 4725 2903 4780 animal
2929 4725 3148 4794 perdat,
3192 4726 3244 4779 ci
3274 4724 3607 4793 depellenJo

2010 4821 2151 4876 nihil
2193 4821 2433 4882 faeiunt;
2480 4817 2600 4882 sed,
2631 4816 2676 4871 si
2710 4831 2818 4869 una
2850 4830 2977 4870 cum
3013 4815 3139 4869 aliis
3170 4815 3447 4880 sedentes,
3482 4816 3607 4888 ejus

2013 4914 2300 4970 interitum
2331 4910 2627 4981 aspiciant,
2662 4907 2915 4963 suﬂicere
2947 4907 3318 4963 arbitrantur.
3347 4908 3459 4964 Nec
3491 4925 3602 4963 me-

2013 5005 2278 5062 diocriter
2317 5003 2512 5064 miror,
2557 5001 2690 5054 dum
2730 4999 3018 5062 recordor,
3045 5000 3278 5070 jussisse
3309 5009 3382 5066 te,
3419 5007 3478 5054 ut
3514 5017 3606 5055 res

2005 5098 2266 5156 Ecclesiae
2311 5110 2534 5160 curem,
2591 5094 2810 5162 illisque
2853 5091 2986 5146 solis
3029 5107 3240 5158 vacem,
3322 5102 3373 5147 te
3403 5108 3504 5163 pro
3541 5093 3608 5148 li-

2006 5187 2197 5243 bidine
2252 5184 2548 5254 imperium
2599 5198 2790 5252 regere
2841 5183 3043 5249 sinam.
3076 5181 3268 5238 Simile
3293 5184 3439 5252 enim
3477 5194 3600 5250 est,

2011 5293 2072 5339 ut
2109 5283 2154 5338 si
2184 5296 2388 5352 corpus
2419 5280 2616 5336 anima:
2641 5279 2850 5334 diceret
2881 5298 2895 5333 :
2947 5279 3350 5340 Communione
3383 5289 3440 5334 et
3468 5295 3606 5334 con-

2004 5379 2292 5450 junctione
2335 5385 2425 5431 tua
2451 5370 2576 5430 'non
2624 5371 2863 5444 indigeo,
2912 5387 3092 5442 neque
3137 5374 3192 5426 in
3229 5373 3395 5428 rebus
3427 5387 3590 5442 agun-

2009 5476 2090 5530 dis
2145 5471 2528 5527 administram
2599 5477 2655 5522 et
2703 5463 3029 5538 adiutricem
3081 5466 3350 5532 sustineo,
3407 5481 3600 5521 verum

2005 5588 2105 5647 per
2157 5583 2268 5634 me,
2322 5575 2384 5620 ut
2434 5571 2630 5637 potero
2673 5569 2731 5616 et
2775 5560 3026 5626 voluero,
3066 5559 3287 5628 negotia
3321 5572 3446 5614 mea
3476 5573 3601 5630 pro-

1474 5750 1480 5754 .
1559 5695 1776 5757 Jacobi
1821 5696 2086 5762 Pontani
2124 5698 2312 5755 notaa.

397 5793 508 5862 (9'2)
537 5791 732 5854 Oratio
793 5791 1120 5862 patriarchae
1175 5776 1448 5848 libertatis
1509 5796 1898 5851 ecclesiasticae

328 5863 642 5930 plenissima
691 5873 796 5920 est.
856 5865 1102 5931 m:hique
1150 5864 1300 5917 illam
1332 5865 1444 5919 divi
1481 5867 1757 5922 Ambrosii
1800 5868 1898 5920 ael-

329 5931 912 5989 wnus'l'heodosium
960 5935 1275 5988 libertatem
1334 5935 1386 5988 in
1441 5945 1677 5991 mentem
1743 5953 1896 5990 revo-

2007 5806 2116 5861 cat,
2169 5808 2277 5862 qua
2337 5790 2490 5845 illum
2541 5797 2621 5844 tot
2669 5785 2912 5862 aedibus
2987 5783 3396 5862 innocentium“
3453 5784 3598 5854 apud

2008 5855 2458 5920 'l'hessalonicam
2493 5859 2954 5920 contaminatum,
3005 5855 3159 5908 aditu
3211 5857 3398 5926 templi
3433 5870 3599 5914 ausus

2010 5947 2095 5992 est
2129 5933 2442 5998 prohibere.
2477 5929 2808 5998 Maepham,
2841 5927 2936 5981 lib.
2970 5941 3065 5992 xu,
3088 5944 3207 5999 cap.
3237 5927 3326 5984 εΗ.
