4028 6430
390 449 502 525 339
989 537 997 544 _
1574 455 1902 519 JOANNIS
1940 455 2474 518 CANTACUZENI
3334 469 3338 473 η
3535 455 3642 519 ato

388 568 628 636 Curabo;
671 576 726 623 tu
777 567 873 622 tibi
910 574 998 622 tua
1044 573 1258 622 curato.
1304 563 1571 621 Omnibus
1608 565 1791 634 itaque
1831 580 1958 635 pec-

2087 565 2229 624 ιὸνα.
2260 566 2319 618 σὲ
2351 565 2408 618 δὲ
2443 564 2538 634 ὲᾷν
2570 562 2716 626 ὅπως
2744 561 2811 617 ἂν
2832 561 2962 633 δοκῇ
2989 561 3055 616 τὰ
3077 555 3177 631 τῆς
3202 559 3484 632 βασιλείας
3512 564 3647 617 διοι-

391 661 648 717 cantibus
721 673 1014 714 commune
1062 655 1368 712 remedium
1409 656 1568 710 dolor
1611 657 1682 712 de
1725 657 1965 726 peccatis

392 751 790 822 pmscribltur,
824 751 941 803 sive
967 749 1019 803 in
1050 749 1246 811 Deum,
1280 749 1396 803 sive
1434 747 1490 803 in
1517 746 1770 802 homines
1791 746 1968 802 oﬂ‘en-

395 859 516 900 sum
569 843 660 898 sit.
713 842 876 911 Atqui
925 855 1087 895 nemo
1127 840 1445 909 resipiscet,
1496 840 1549 892 ni
1591 839 1744 908 prius
1780 838 1966 907 .cnlpa

395 937 579 1007 agnita
627 933 808 1003 seipso
861 930 1198 985 moderatior
1225 929 1489 996 evaserit,
1521 928 1601 982 illi
1641 943 1698 982 se
1729 927 1966 982 submit-

311 1072 318 1090 ι
400 1039 545 1089 tens.
591 1025 683 1096 qui
731 1039 790 1078 se
836 1023 905 1077 ab
947 1023 1067 1092 ipso
1099 1021 1285 1075 laesum
1315 1028 1491 1096 putat.
1527 1019 1642 1073 Hoc
1673 1026 1779 1082 est,
1818 1017 1964 1084 quod

309 1121 318 1178 ;-
396 1126 653 1187 nepotem
681 1123 835 1167 tuum
870 1119 926 1166 et
957 1113 1110 1181 prius
1142 1111 1266 1181 plus
1293 1124 1475 1178 aequo,
1507 1117 1563 1163 et
1592 1123 1739 1161 nunc
1767 1122 1968 1161 cumu-

399 1208 664 1264 latissime
699 1205 894 1259 fecisse
933 1212 1171 1258 constat.
1215 1200 1348 1255 Nam
1379 1215 1502 1255 cum
1539 1199 1811 1269 potuisset
1839 1206 1970 1254 tunc

309 1346 314 1360 ρ
397 1314 584 1374 parem
645 1298 989 1367 principatus
1034 1295 1266 1349 Romani
1317 1301 1529 1362 partem
1593 1291 1690 1344 tibi
1733 1290 1968 1344 ablatam

309 1461 313 1466 ν
398 1391 701 1460 possidere,
747 1397 926 1441 tamen
959 1385 1162 1451 noluit,
1217 1383 1313 1438 sed
1361 1383 1458 1438 tibi
1498 1397 1556 1438 se
1597 1382 1853 1451 subjecit,
1885 1380 1972 1434 id-

400 1497 509 1550 que
567 1495 691 1534 cum
755 1479 900 1533 bello
951 1474 1328 1532 ulciscendum
1379 1474 1516 1528 nihil
1564 1473 1906 1543 peccavisset
1956 1488 1968 1523 :

401 1571 660 1641 quodque
709 1577 875 1638 caput
909 1575 1012 1629 est,
1050 1582 1181 1636 pace
1205 1565 1498 1620 conciliata
1528 1564 1596 1618 ad
1637 1572 1687 1616 te
1720 1561 1971 1629 veniens,

402 1663 460 1716 in
525 1677 692 1730 equo,
748 1671 806 1714 ut
843 1669 983 1721 erat,
1019 1658 1244 1728 propius
1269 1656 1612 1726 adequitare,
1642 1661 1702 1708 ut
1731 1655 1972 1723 impera-

404 1763 552 1806 tores
597 1751 793 1812 solent,
836 1747 1120 1819 pepercit:
1174 1747 1430 1816 pedester
1473 1756 1655 1800 autem
1695 1753 1746 1800 te
1776 1744 1972 1799 adora-

402 1844 503 1908 vit,
535 1854 800 1911 tuumque
829 1843 1048 1910 pedem,
1069 1853 1332 1908 expresso
1358 1837 1719 1908 subjectionis
1743 1837 1968 1901 indicio,

403 1936 680 1990 osculatus
710 1908 840 1988 est.
869 1934 937 1987 Et
970 1947 1117 1986 nunc
1142 1939 1266 2000 post
1301 1930 1506 1985 bellum
1535 1929 1641 1984 hoc
1670 1928 1970 1984 excitatum
1999 1908 2050 1970 Β

405 2027 595 2080 tandiu
659 2025 834 2092 sedet,
891 2024 1216 2092 suppliciter
1266 2037 1450 2086 orans,
1495 2037 1565 2075 ne
1602 2035 1791 2091 pacem
1832 2020 1971 2074 velis

404 2117 640 2172 irritam.
677 2117 965 2186 EpiscOpis
999 2125 1055 2170 et
1098 2114 1440 2185 primoribus
1465 2114 1564 2169 abs
1590 2122 1640 2166 te
1664 2113 1847 2168 missis
1863 2112 1976 2182 pri-

2067 659 2202 710 κεῖν.
2256 652 2652 726 Παραπλήσιον
2687 655 2796 723 γάρ
2849 655 2999 707 ἐστιν
3049 647 3239 724 ὥσπερ
3265 653 3330 707 ἂν
3379 655 3519 724 πρὸς
3547 656 3647 725 τὴν

2065 743 2245 818 ψυχὴν
2276 746 2420 800 εῐποι
2451 747 2512 800 τὸ
2545 748 2727 816 σῶμα,
2762 747 2837 800 Οὐ
2871 745 3068 815 δέομαι
3097 745 3200 815 τῆς
3233 746 3522 810 κοινωνίας
3549 751 3646 802 καὶ

2070 839 2174 908 τῆς
2224 837 2524 906 συναφείας
2567 837 2671 905 τῆς
2722 839 2840 905 σῆς,
2903 837 3024 889 οὐδὲ
3075 835 3342 906 συνεργὸν
3401 836 3538 906 πρὸς
3577 838 3648 890 τὰ

2069 934 2424 1004 πραττόμενα
2481 929 2740 1002 βούλομαι
2768 929 2937 1000 ἔχειν.
2981 927 3123 982 Ἀλλ’
3159 929 3272 996 ἐγὼ
3301 928 3399 998 μὲν
3432 929 3506 992 ὡς
3534 923 3648 982 οἶόν

2066 1021 2182 1099 τεῇ
2219 1027 2318 1078 καὶ
2354 1023 2652 1095 βούλωμαι,
2673 1022 2936 1090 διοικὴσω
2962 1021 3114 1091 τὲμά
3138 1037 3153 1054 ·
3202 1021 3266 1075 σὺ
3300 1019 3356 1073 δὲ
3390 1021 3647 1091 φρόντιζε

2071 1120 2202 1188 περὶ
2237 1117 2344 1170 τῶν
2380 1117 2544 1176 ἰδίων.
2581 1115 2722 1168 nan
2769 1117 2868 1184 μὲν
2903 1113 2998 1168 οὖν
3043 1111 3416 1187 ἁμαρτάνουσι
3453 1107 3647 1180 ὥσπερ

2071 1228 2124 1263 τι
2162 1208 2343 1262 κοινὸν
2371 1208 2663 1277 φάρμακον
2691 1206 2756 1258 τὸ
2783 1205 3067 1275 μετανοεῖν
3099 1201 3192 1255 ἐπὶ
3224 1203 3338 1264 τοῖς
3391 1200 3650 1271 πεπλημ-

2076 1301 2399 1372 μελημένοις
2428 1298 2608 1366 ἐδόθη,
2638 1297 2704 1352 ἄν
2755 1313 2814 1349 τε
2866 1295 3000 1363 πρὸς
3030 1293 3164 1347 Θεὸν
3193 1292 3258 1346 ἀν
3277 1311 3336 1346 τε
3375 1291 3514 1362 πρὸς
3546 1293 3647 1346 ἀν-

2074 1394 2326 1466 θρώπους
2353 1394 2386 1460 ἠ
2427 1390 2772 1460 πλημμέλεια
2892 1388 3006 1440 Οὐκ
3040 1386 3106 1439 ἂν
3139 1385 3195 1438 δὲ
3235 1384 3534 1454 μεταγνοίη
3561 1402 3650 1448 τις

2075 1485 2141 1540 ἂν
2175 1483 2251 1553 μὴ
2278 1482 2544 1551 πρότερον
2576 1478 2882 1532 ὑπεύθυνον
2926 1476 3157 1546 νομίσας
3181 1475 3379 1527 ἑαυτὸν
3413 1473 3651 1544 μετριὼο

2074 1578 2234 1648 τερός
2263 1592 2322 1628 τε
2357 1573 2585 1643 γένηται
2609 1571 2822 1637 ἑαυτοῦ,
2845 1571 2941 1624 καὶ
2968 1568 3150 1639 φέρων
3181 1568 3372 1622 ἑαυτὸν
3399 1567 3476 1636 τῷ
3512 1567 3647 1636 παρ’

2077 1671 2244 1726 αὑτοῦ
2277 1667 2522 1722 δοκοῦντι
2544 1665 2839 1736 ἠδικῆσθαι
2864 1663 3182 1732 ὑποχείριον
3211 1661 3436 1734 ποιήσῃ.
3478 1657 3653 1711 Τοῦτο

2074 1762 2257 1817 τοίνυν
2287 1759 2543 1830 βασιλεὺς
2577 1759 2604 1810 ὁ
2641 1759 2731 1818 σὸς
2755 1755 2977 1822 ἔγγονος
3007 1751 3277 1823 πρὸτερόν
3307 1768 3367 1804 τε
3401 1750 3655 1820 φαίνεται

2075 1853 2330 1923 ποιήσας,
2355 1850 2452 1903 καὶ
2479 1847 2680 1918 μᾶλλον
2704 1845 2737 1916 ἢ
2767 1843 3037 1916 προσῆκε,
3068 1843 3162 1896 καὶ
3183 1841 3278 1894 νῦν
3302 1840 3400 1912 ούχ
3426 1840 3654 1910 ἥκιστα.

2081 1942 2192 1996 Καὶ
2223 1940 2330 2010 γὰρ
2357 1939 2480 1993 τότε
2515 1936 2816 2008 δυνάμενος
2871 1935 3037 2004 είπερ
3068 1931 3333 2003 ὴὸούλετο
3383 1931 3486 1999 τῆς
3525 1929 3660 1983 Ῥω-

2084 2037 2262 2105 μαίων
2291 2031 2591 2101 ήγεμονίας
2645 2028 2746 2081 ούκ
2793 2025 3016 2080 ἔλαττον
3067 2025 3232 2094 μέρος
3278 2021 3658 2088 παρασπάσας

2082 2126 2248 2195 ἔχειν,
2301 2121 2400 2174 οὐκ
2444 2119 2749 2189 ἠθέλησενσ
2780 2113 2918 2170 ἀλλὰ
2969 2113 3153 2184 φέρων
3185 2111 3382 2166 έαυτδν
3427 2111 3656 2177 ὲπέταξέ

311 2285 318 2289 ι
404 2225 552 2263 mum
585 2208 807 2278 quidem
842 2207 1065 2277 copiose
1088 2206 1350 2270 ostendit,
1392 2205 1529 2259 nihil
1561 2220 1617 2260 se
1645 2205 1972 2275 injuriarum

2087 2235 2187 2274 σοι,
2225 2214 2524 2270 καὶταῦτα
2568 2210 2844 2281 μηδεμίαν
2887 2207 3071 2260 αἰτίαν
3111 2205 3250 2274 πρὸς
3287 2205 3381 2258 τὸν
3413 2203 3654 2273 πόλεμον

404 2299 679 2366 intulisse,
698 2301 828 2370 quin
858 2299 1044 2370 potius
1073 2297 1376 2366 accepisse,
1401 2306 1456 2351 et
1478 2295 1974 2351 obtrectationibus

2087 2311 2290 2364 ἐκεῖνον
2315 2303 2633 2376 παρασχών.
2665 2303 2777 2355 Καὶ
2801 2301 2863 2354 τὸ
2893 2301 3168 2370 μέγιστον,
3197 2298 3280 2350 ὅτι
3309 2297 3413 2366 τῆς
3435 2296 3660 2366 εἰρήνης

405 2393 737 2462 exagitatam
762 2391 949 2447 fuisse.
986 2389 1190 2444 Deinde
1213 2389 1361 2458 pacis
1383 2388 1774 2442 conservanda:
1801 2387 1975 2441 multa

2087 2401 2407 2470 γενομένης,
2444 2396 2583 2466 πρὸς
2631 2393 2692 2448 σὲ
2743 2391 2936 2457 ἐλθὼν,
2979 2390 3079 2444 οὐκ
3109 2389 3377 2460 ἠθέλησεν
3421 2385 3660 2455 Eam-m6;

407 2484 547 2538 dixit
607 2483 850 2551 fecitque
894 2480 1290 2543 memorabilia,
1341 2487 1397 2533 et
1426 2478 1596 2532 multa
1625 2477 1690 2530 ad
1721 2486 1772 2531 te
1802 2476 1981 2545 perfe-

2087 2511 2166 2546 σοι
2190 2487 2528 2562 προσελθεῖν,
2567 2483 2757 2553 ὥσπερ
2791 2481 2956 2552 νόμος
2985 2480 3100 2542 τοῖς
3147 2475 3486 2547 βασιλεῦσιν,
3523 2472 3662 2562 ἀλλὰ

407 2575 583 2632 renda
634 2573 950 2638 commisit;
1003 2572 1206 2642 quibus
1249 2570 1478 2635 auditis,
1529 2577 1585 2624 et
1617 2569 1732 2623 Deo
1777 2568 1980 2638 gratias

2087 2561 2319 2651 namss
2355 2575 2734 2648 προσεκύνησε
2778 2572 2874 2626 καὶ
2904 2569 3194 2642 ἠσπάσατό
3245 2581 3339 2621 σου
3371 2565 3463 2620 τὸν
3496 2561 3660 2626 πόδα,

405 2667 519 2738 θεία
560 2666 656 2736 qui
700 2665 793 2722 ί³¹ί
828 2679 955 2720 eum
1007 2662 1302 2733 Ρτυάθηιῖθ
1343 2668 1612 2725 ornasset:
1664 2667 1720 2714 ει
1754 2659 1821 2713 de
1850 2675 1980 2728 Ρτο·
2085 2675 2226 2742 ὅπερ
2254 2669 2500 2729 δουλείας
2524 2662 2787 2733 ἀκριὸοὖς
2816 2663 3120 2734 τεκμήριον
3162 2656 3254 2731 ἦν.
3284 2659 3395 2714 Καὶ
3438 2655 3533 2712 νῦν
3563 2654 3660 2710 τοῦ

328 2801 335 2816 .
409 2759 583 2814 bitate
621 2757 877 2812 eumdem
909 2753 1284 2812 commendavi
1321 2770 1336 2808 :
1377 2768 1442 2808 ac
1472 2760 1525 2806 te
1550 2751 1743 2806 iisdem
1777 2751 1980 2806 auditis

2088 2764 2324 2834 πολέμου
2360 2760 2680 2829 κινουμένου
2699 2754 2936 2822 τουτουῒ,
2969 2753 3224 2809 τοσοῦτον
3254 2752 3445 2824 χρόνον
3490 2747 3665 2817 καθή-

412 2852 527 2905 Deo
563 2850 766 2920 gratias
805 2849 982 2920 egisse
1013 2845 1300 2917 opinabar,
1337 2842 1494 2913 155
1533 2841 1826 2911 missisque
1864 2857 1984 2896 cer-

411 2942 485 2997 tis
519 2940 859 3004 hominibus,
894 2938 1067 2993 filium
1095 2935 1164 2990 ad
1199 2944 1250 2990 te
1278 2932 1686 3004 quamprimum
1707 2931 1984 2992 adducen-

2089 2960 2198 2999 των
2229 2943 2290 2996 δὲ
2347 2939 2442 2994 καὶ
2495 2938 2606 2992 τῶν
2633 2936 2940 3008 ἀρχιερέων
2997 2933 3094 2987 καὶ
3149 2929 3535 3000 συγκλητικῶν
3567 2928 3662 2992 οὓς

413 3033 544 3089 dum
581 3031 857 3086 curavisse
881 3068 895 3094 ,
935 3029 1080 3083 mala
1115 3026 1459 3081 imminentia
1489 3023 1831 3094 proﬂigasse,
1865 3037 1984 3076 om-

2089 3033 2344 3105 ἔπεμψας
2368 3030 2505 3102 πρὸς
2539 3029 2724 3096 αὑτὸν,
2755 3027 2976 3098 πρῶτον
3003 3027 3104 3096 μὲν
3151 3024 3441 3091 ἀπέδειξεν
3471 3020 3663 3076 ἑαυτὸν

403 3116 513 3203 Ῐλβῧ
556 3123 744 3178 Imma
783 3132 840 3178 εί
879 3120 1229 3192 Ῑυθυηάίιδιθ
1268 3128 1493 3188 propter
1541 3116 1783 3171 Ῐυιυτθιη
1834 3115 1983 3169 ίηῑθΐ
2093 3125 2262 3197 μηδὲν
2289 3121 2584 3178 ἀδικοῦντα
2639 3119 2780 3190 μετά
2828 3115 3030 3170 πολλοῦ
3068 3115 3162 3170 τοῦ
3199 3114 3505 3184 περιόντος,
3544 3109 3662 3165 ἀλλ’

2090 2873 2252 2928 μενος
2282 2853 2456 2909 δεῖταί
2484 2869 2580 2904 σου
2617 2849 2691 2920 μὴ
2717 2848 2813 2920 τὴν
2842 2847 3069 2919 εἰρήνην
3090 2844 3418 2900 καταλῦσαι.
3452 2841 3664 2895 Ἐλθὸνο

414 3229 516 3270 vos
556 3212 914 3269 concordiam
948 3209 1335 3281 complevisse.
1370 3208 1440 3263 At
1463 3215 1518 3262 tu
1544 3223 1654 3262 non
1687 3207 1851 3262 modo
1879 3206 1983 3260 ho-

415 3319 540 3358 rum
586 3302 726 3356 nihil
767 3300 1071 3372 prastitisti
1125 3315 1141 3366 ;
1201 3298 1298 3354 sed
1332 3298 1560 3369 insuper
1593 3297 1854 3367 frugifera
1899 3311 1984 3351 me

414 3393 795 3451 consulentem
833 3391 1106 3462 repulisti,
1141 3398 1194 3445 et
1230 3399 1428 3454 tacere,
1464 3388 1772 3457 alienisque
1820 3402 1988 3458 nego-

417 3485 514 3541 tiis
561 3500 674 3539 non
723 3483 1032 3539 immiscere
1077 3482 1310 3552 iussisti.
1350 3479 1486 3536 Cum
1521 3490 1701 3535 autem
1742 3480 1988 3534 muneris

416 3591 486 3632 ac
531 3574 696 3630 officii
743 3574 848 3629 mei
883 3575 956 3629 sit
1014 3587 1308 3644 oppressos
1352 3571 1494 3628 tueri
1538 3580 1702 3641 atque
1724 3571 1987 3643 adjuvare

418 3680 686 3741 quantum
734 3683 956 3740 queam,
1000 3668 1238 3740 idipsum
1288 3683 1388 3739 pro
1436 3679 1637 3738 nepote
1683 3676 1777 3722 tuo
1813 3667 1988 3736 impe-

419 3771 605 3816 ratore
638 3759 934 3830 praestabo,
978 3767 1239 3828 tantoque
1270 3759 1443 3828 magis
1463 3757 1756 3828 praestabo,
1777 3765 1987 3826 quanto

419 3851 521 3908 abs
570 3861 621 3906 te
665 3851 912 3921 iniquius
959 3861 1228 3906 tractatus
1271 3859 1403 3906 est:
1444 3865 1606 3920 quam
1640 3849 1988 3917 iniquitatem

421 3959 533 3999 non
565 3943 657 3998 ille
688 3943 870 4006 modo,
907 3941 1002 3996 sed
1037 3941 1404 3996 Romanorum
1435 3939 1765 3996 universitas
1796 3939 1986 3994 sentit.

419 4035 596 4102 Quem
639 4049 742 4104 ego
790 4033 994 4102 (minus
1036 4032 1185 4088 istuc
1224 4047 1387 4103 quam
1433 4042 1633 4086 cmtera
1674 4031 1840 4085 silere
1867 4045 1990 4100 pos-

420 4126 568 4199 sum)
604 4137 698 4182 tuo
729 4126 986 4182 mandato
1019 4126 1185 4195 paulo
1213 4134 1341 4180 ante
1367 4124 1505 4180 meis
1530 4125 1785 4180 manibus
1813 4122 1989 4193 impe-

421 4227 686 4284 ratorem,
742 4219 880 4273 adeo
926 4217 1171 4288 legitime
1239 4224 1294 4271 et
1332 4217 1498 4288 juste,
1543 4225 1596 4271 te
1627 4215 1991 4271 libentissimo

422 4310 551 4363 unxi
591 4320 646 4364 et
671 4308 1015 4374 consecravi,
1051 4324 1178 4363 eum
1217 4323 1365 4362 nunc
1401 4307 1500 4362 abs
1529 4317 1582 4362 te
1609 4307 1689 4362 sic
1719 4306 1868 4360 nulla
1893 4321 1991 4362 sua

421 4402 584 4470 culpa
630 4402 848 4471 expelli,
885 4401 1162 4470 quomodo
1190 4402 1398 4471 justum
1435 4400 1555 4454 est?
1592 4408 1687 4452 aut
1715 4399 1992 4467 quomodo

422 4507 531 4545 non
590 4491 776 4544 multis
833 4489 1151 4560 perdendus
1205 4503 1384 4544 essem
1435 4487 1781 4548 fulminibus,
1835 4486 1880 4539 si
1937 4485 1992 4538 in

2089 3215 2446 3286 ἀδικούμενον
2503 3212 2599 3266 καὶ
2663 3207 3197 3278 συκοφαντούμενον,
3238 3206 3428 3259 ἔπειτα
3477 3203 3535 3257 δὲ
3567 3203 3664 3256 καὶ

2086 3289 2181 3362 τού
2244 3305 2320 3378 μὴ
2371 3304 2602 3373 λυθῆναι
2687 3301 2788 3372 τὴν
2844 3301 3070 3371 εἰρήνην
3121 3293 3244 3350 εἶπέ
3277 3313 3336 3350 τε
3376 3295 3546 3348 πολλὰ
3569 3294 3667 3347 καὶ

2089 3401 2326 3474 ἔπραξεν
2355 3399 2482 3465 ἄξια
2508 3398 2668 3466 λόγου
2695 3409 2710 3426 ·
2744 3394 2843 3450 καὶ
2888 3392 3028 3464 πρὸς
3058 3392 3119 3447 σὲ
3151 3393 3437 3463 μεμήνυκε
3468 3388 3664 3454 πολλὰ,

2088 3492 2232 3563 ἅπερ
2286 3491 2450 3554 αὑτός
2501 3507 2562 3543 τε
2597 3489 2835 3552 ἀκούσας
2867 3484 2986 3556 Θεῷ
3033 3501 3094 3538 τε
3151 3483 3524 3555 εὐχαρίστησα
3584 3481 3666 3549 τῷ

2089 3583 2347 3653 τοιαύτην
2400 3580 2550 3652 αὐτῷ
2609 3578 2826 3633 σύνεσιν
2869 3576 3250 3648 χαρισαμένῳ,
3308 3575 3404 3628 καὶ
3456 3575 3665 3627 ἐκεῖνον

2089 3677 2332 3748 ἐπῄνεσα
2353 3676 2454 3744 τῆς
2473 3672 2903 3741 καλοκαγαθίας,
2932 3670 3026 3724 καὶ
3055 3669 3112 3722 σὲ
3131 3667 3462 3738 ἐλογιζόμην
3489 3666 3664 3720 ταῦτα

2091 3769 2420 3838 πυθόμενον,
2455 3765 2576 3835 Θεῷ
2609 3781 2670 3819 τε
2719 3763 2882 3833 χάριν
2909 3760 3247 3831 ὁμολογῆσαι
3286 3760 3381 3813 καὶ
3423 3758 3518 3812 τὸν
3546 3759 3663 3812 υίὺν

2091 3859 2386 3930 πέμψαντα
2413 3857 2500 3910 διὰ
2522 3854 2716 3924 τάχους
2745 3853 2978 3922 ἀγαγεῖν
3007 3851 3151 3921 πρὸς
3185 3848 3437 3913 σεαυτὸν,
3463 3847 3559 3902 καὶ
3592 3847 3662 3901 τὰ

2093 3947 2525 4020 προσδοκώμενα
2572 3943 2814 4014 δυσχερῆ
2846 3943 3032 4006 λῦσαι,
3074 3943 3170 3995 καὶ
3218 3939 3562 4009 εὐφροσύνης
3596 3937 3664 3992 a-

2092 4057 2302 4104 παντας
2347 4039 2442 4092 καὶ
2473 4036 2743 4106 θυμηδίας
2787 4033 3069 4104 ἐμπλῆσαι
3127 4031 3224 4102 τῆς
3255 4031 3349 4084 ἐπὶ
3375 4032 3441 4099 τῇ
3471 4030 3664 4101 εἰρήνῃ

2091 4136 2200 4190 τῶν
2226 4131 2490 4204 βασιλέων
2517 4133 2549 4201 ὴ
2559 4131 2675 4199 μῶν
2708 4125 3100 4198 γενησομένης.
3123 4125 3196 4178 Σὺ
3219 4123 3268 4177 δ’
3289 4123 3351 4176 ού
3379 4123 3540 4193 μόνον
3563 4122 3666 4176 οὒκ

2095 4229 2361 4296 ἐποίησας
2412 4223 2653 4277 τοιοῦτον
2695 4220 2869 4284 οὐδὲν,
2905 4219 3042 4274 ἀλλὰ
3095 4219 3193 4271 καὶ
3239 4216 3339 4288 ἐμὲ
3367 4217 3435 4269 τά
3475 4215 3666 4268 δέοντα

2097 4316 2540 4389 συμϐουλεύοντα
2575 4311 2806 4374 ἀπώσω,
2857 4313 2954 4366 καὶ
2981 4310 3192 4380 σιωπᾷν
3219 4307 3538 4370 ἐκέλευσας,
3568 4307 3665 4360 καὶ

2101 4408 2177 4478 μὴ
2233 4403 2705 4478 περιεργάζεσθαι
2759 4401 2828 4455 τὰ
2879 4401 2955 4470 μὴ
3006 4402 3376 4471 προσήκοντα.
3415 4400 3572 4468 Ἐμοὶ
3608 4397 3668 4450 δὲ

2097 4500 2346 4568 ἀνάγκην
2390 4497 2566 4568 ἔχοντι
2617 4494 2726 4547 τῶν
2758 4491 3128 4563 ἀδικουμένων
3160 4489 3527 4562 προίστασθαι
3571 4489 3668 4541 καὶ

425 4589 576 4634 tanto
620 4581 829 4636 scelere
869 4580 1111 4648 linguam
1162 4577 1444 4632 occlusum
1486 4575 1770 4646 gererem?
1812 4575 1985 4640 Quare

2101 4586 2316 4657 βοηθεῖν
2346 4585 2535 4649 αὐτοῖς
2580 4585 2682 4653 ὅση
2711 4582 2966 4651 δύναμις,
2996 4583 3091 4634 καὶ
3127 4581 3264 4652 ὑπὲρ
3312 4581 3575 4651 βασιλέως
3607 4580 3669 4632 τὸ

423 4671 606 4725 denuo
629 4678 681 4725 te
713 4686 809 4739 per
844 4670 1016 4738 ipsam
1054 4669 1346 4722 veritatem
1377 4667 1633 4729 obsecro,
1662 4673 1723 4719 ut
1745 4666 1798 4718 in
1824 4665 1987 4730 viam,

427 4761 572 4815 unde
618 4775 1003 4831 perversorum
1058 4758 1374 4813 mortalium
1423 4773 1592 4826 Opera
1627 4758 1878 4812 detortus
1902 4771 1992 4822 es,

425 4853 538 4907 cito
587 4853 783 4907 redeas
811 4869 829 4910 ε
860 4866 999 4906 neve
1034 4850 1383 4906 mendacium
1413 4850 1630 4904 veritati
1667 4849 1995 4919 prmponde»

428 4958 552 4997 rare
599 4943 768 4997 sinas.
811 4941 936 4996 Haec
973 4942 1288 5011 patriarcha
1332 4941 1675 5011 imperatori,
1707 4941 1998 5008 internun-

429 5033 522 5087 tiis
573 5033 835 5104 Gregorio
886 5033 1080 5089 Cutala
1124 5034 1586 5105 chartophylace,
1628 5043 1683 5087 et
1723 5043 1998 5088 monaste-

429 5123 637 5177 riorum
692 5125 924 5193 praeside
955 5125 1269 5196 Cyberiota.
1304 5125 1435 5190 Quae
1465 5141 1586 5179 cum
1620 5125 1886 5193 audisset,
1919 5126 2003 5180 in-

432 5213 702 5268 tolerabili
748 5215 824 5269 ira
855 5215 1132 5281 efferbuit,
1168 5216 1542 5286 praecepitque
1577 5217 1699 5272 illos
1726 5217 1780 5271 in
1812 5232 2000 5273 carce-

429 5318 544 5357 rein
577 5306 758 5360 statim
801 5308 1031 5374 abduci,
1066 5307 1358 5361 Macarium
1405 5307 1689 5362 Serrarum
1721 5316 2001 5377 metropo-

428 5394 583 5448 litam
629 5397 684 5450 in
736 5398 945 5467 palatio
982 5401 1085 5454 sub
1121 5398 1370 5453 custodia
1402 5402 1600 5466 teneri,
1632 5399 1999 5470 patriarcham

429 5485 767 5553 patriarcliio
796 5489 1053 5558 ejectum,
1074 5488 1127 5543 in
1158 5487 1509 5560 Manganensi
1533 5490 1866 5545 monasterio
1888 5504 2003 5544 ma-

429 5589 561 5630 nere
608 5576 742 5647 (9'5),
796 5586 852 5632 et
905 5579 972 5632 ad
1025 5595 1151 5635 eum
1195 5580 1473 5637 neminem
1525 5596 1751 5652 prorsus
1802 5581 2002 5637 admit-

2095 4679 2226 4732 αὐτὸ
2270 4679 2517 4748 ποιήσω’
2549 4677 2644 4731 καὶ
2676 4674 2877 4746 μᾶλλον
2927 4673 3067 4745 ὑπὲρ
3096 4676 3310 4736 τούτου.
3332 4675 3442 4744 ὅσῳ
3469 4672 3565 4726 καὶ
3599 4671 3670 4724 τὰ

2102 4773 2339 4842 μέγιστα
2380 4769 2684 4822 ἀδικεῖταιο
2719 4767 2814 4821 καὶ
2846 4767 2946 4820 οὐκ
2993 4769 3075 4829 είς
3123 4767 3286 4819 αὑτὸν
3341 4767 3522 4835 μόνον,
3552 4764 3669 4820 ἀλλ’

2099 4863 2180 4924 είς
2213 4861 2422 4920 πάντας
2461 4858 2771 4929 Ῥωμαίους
2802 4860 2903 4928 τῆς
2951 4858 3032 4920 είς
3094 4856 3260 4910 αὐτὸν
3311 4856 3527 4917 ἀδικίας
3555 4856 3676 4909 δια-

2099 4949 2429 5018 ϐαινούσηςο
2463 4947 2491 4999 ὃ
2518 4947 2572 5000 δέ
2604 4965 2672 5017 με
2698 4946 2807 5000 τῶν
2842 4945 3018 5001 ἄλλων
3065 4946 3266 5016 μᾶλλον
3300 4947 3400 5000 οὐκ
3435 4947 3499 5014 ἑᾷ
3539 4962 3675 4999 σιω-

2099 5041 2229 5111 πᾷν,
2263 5041 2345 5092 ὅτι
2399 5056 2496 5092 σου
2527 5037 2938 5109 προστάξαντος
2994 5037 3160 5106 ὀλίγῳ
3195 5037 3461 5107 πρότερον
3507 5037 3675 5101 αὐτὸς

2098 5131 2267 5184 αὐτὸν
2293 5130 2489 5200 έχρισα
2521 5129 2771 5200 βασιλέα.
2823 5130 2928 5183 Τὸν
2960 5125 3051 5183 οὖν
3079 5128 3222 5183 οὕτω
3272 5129 3522 5199 νομίμως
3577 5131 3674 5184 καὶ

2099 5221 2326 5280 δικαίως
2353 5221 2447 5272 καὶ
2480 5221 2624 5275 κατὰ
2651 5221 2879 5293 γνώμην
2909 5225 3009 5295 σὴν
3032 5225 3400 5294 γεγενημένον
3445 5223 3674 5295 βασιλέα

2099 5311 2195 5366 νῦν
2231 5313 2656 5380 ἀπελαύνεσθαι,
2694 5315 2791 5369 καὶ
2829 5316 3001 5371 ταῦτα
3047 5318 3134 5371 ἐπ’
3183 5317 3412 5388 οὐδεμιᾷ
3455 5317 3676 5388 προφάο

2100 5419 2207 5469 σει,
2247 5404 2350 5457 ποῦ
2397 5404 2639 5468 δίκαιον;
2682 5407 2866 5478 ἢπῶς
2915 5409 3018 5463 οὐκ
3062 5409 3128 5463 ἂν
3158 5409 3476 5480 νομισθείην
3519 5410 3674 5476 ἄξιος

2099 5491 2312 5546 πολλῶν
2346 5495 2654 5564 κεραυνῶν,
2679 5496 2773 5549 ἐπὶ
2812 5497 3041 5569 τοιαύτῃ
3088 5499 3408 5571 παρανομίᾳ
3445 5497 3672 5553 σιωπῶν

2099 5584 2296 5651 αύτὸςς
2333 5586 2432 5638 Διὰ
2490 5586 2647 5639 τοῦτο
2709 5586 2804 5640 σοῦ
2841 5587 2933 5640 καὶ
2980 5585 3136 5651 αὖθις
3169 5586 3359 5660 δέομαι
3404 5590 3542 5661 πρὸς
3569 5589 3673 5660 τῆς

1672 5696 1890 5760 Jacobi
1933 5699 2194 5761 Pontani
2225 5709 2411 5764 notae.

504 5790 615 5867 (θᾷ)
671 5790 784 5847 Hoc
834 5793 1010 5867 ipsum
1042 5811 1269 5867 narrans
1296 5793 1568 5867 Gregoras
1597 5798 1694 5851 lib.
1727 5813 1804 5867 ix,
1858 5812 1994 5851 con-

432 5857 769 5933 iurationem
827 5857 1150 5934 patriarchae
1190 5877 1244 5922 et
1290 5857 1675 5935 episcoporum
1723 5857 2003 5935 inlsenio-

2105 5815 2217 5870 rem
2250 5801 2635 5870 imperatorem
2660 5801 2961 5870 praemittit,
2991 5801 3045 5855 in
3070 5816 3234 5870 quam
3255 5800 3421 5857 etiam
3449 5799 3668 5856 nobiles

2111 5869 2770 5963 adduxerint..Prtcterea
2819 5869 3191 5933 patriarcham
3278 5870 3448 5928 sacris
3497 5871 3670 5926 inter.
