4028 6454
348 394 445 456 su
1530 392 2085 458 msroamnun
2124 392 2357 455 LIBER
2405 391 2462 455 Ι.
3523 346 3635 452 3'42

349 510 615 582 ἀληθείας
650 512 844 584 αὐτῆς,
877 514 930 567 εί
974 531 1026 570 τι
1067 516 1161 572 καὶ
1196 517 1519 589 παρεσύρης
1551 519 1804 582 πεισθεὶς
1840 521 1934 572 ἀν-

2056 515 2080 567 .i
2111 512 2549 584 (94):profectos
2565 526 2699 567 vero
2730 512 2798 567 ad
2831 520 3088 582 nepotem
3115 512 3626 584 episcOpos,ncque

353 604 597 675 θρώποις
627 604 966 677 διεφθορόσι,
994 611 1222 679 ταχεῖαν
1273 611 1611 682 ποιήσασθαι
1650 612 1752 683 τὴν
1787 611 1937 678 διόρι-

2063 607 2412 680 ρεοεκόὶὴυε
2434 605 2548 662 suis
2572 606 2766 676 pedem
2786 604 3005 670 efferre,
3022 621 3199 674 neque
3217 606 3281 659 ad
3299 603 3424 658 illos
3440 619 3630 672 quem—

358 695 543 754 θωσιν.
575 698 674 750 καὶ
699 699 772 769 μὴ
800 699 875 769 τῷ
905 700 1089 770 ψεύδει
1121 703 1266 757 κατά
1292 704 1391 775 τῆς
1423 704 1684 774 ἀληθείας
1716 706 1937 774 ἰσχύσαι

2056 716 2206 770 ruam
2253 701 2548 756 ventitare.
2592 699 2758 753 Facta
2806 697 2874 751 ad
2930 699 3050 767 ejus
3090 696 3382 750 arbitrium
3415 693 3624 748 omnia.

355 786 538 841 δοῖιναι
565 791 760 866 ῥοπήν.
805 792 1172 862 Τοιαῦταμὲν
1197 796 1225 848 ὁ
1259 798 1614 867 πατριάρχης
1647 797 1935 868 μεμήνυκε

2056 797 2248 852 Diebus
2293 795 2612 866 quindecim
2649 809 2678 848 a
2707 808 2930 849 recessu
2965 793 3275 862 legatorum
3306 786 3626 845 transactis.

360 881 493 950 πρὸς
527 880 782 950 βασιλέα,
821 887 1091 954 μηνυταῖς
1125 888 1477 958 χρησάμενος
1523 887 1600 958 τῷ
1627 905 1687 940 τε
1733 905 1936 959 χαρτο-

2056 906 2166 946 :um
2200 905 2381 960 neque
2415 889 2483 943 ab
2521 903 2649 951 avo,
2690 901 2874 956 neque
2901 902 2929 940 a
2961 884 3272 955 patriarcha
3305 894 3630 951 responsum

359 973 564 1041 φύλακι
595 974 888 1047 Γρηγορίῳ
918 976 995 1047 τῷ
1059 980 1336 1051 Koma“,
1370 981 1466 1033 καὶ
1504 980 1582 1052 τῷ
1615 980 1726 1034 τῶν
1773 997 1939 1050 μονα-

2056 981 2355 1043 iﬂcrretur,
2399 979 2533 1033 nihil
2585 979 2714 1032 boni
2775 993 2840 1032 ex
2895 978 3002 1031 hoc
3052 976 3275 1031 silentio
3325 973 3630 1042 conjiciens

360 1067 598 1137 στηρῖων
655 1070 880 1139 ἄρχοντι
929 1071 1009 1138 τῷ
1071 1071 1422 1144 Κυῦεριὼτῃ.
1482 1073 1754 1138 Ἀκούσας
1798 1075 1856 1128 δὲ
1909 1075 1937 1126 ὁ

2065 1073 2259 1136 uuior,
2316 1087 2441 1128 cum
2488 1087 2686 1141 magno
2747 1071 3053 1124 domestico
3113 1077 3167 1122 et
3225 1076 3624 1136 protostratorc

363 1159 637 1228 βασιλεὺς,
672 1160 833 1230 θυμῷ
868 1179 929 1215 τε
965 1163 1174 1234 ἐλήφθη
1216 1164 1401 1218 οὐκέτι
1471 1166 1810 1236 ἀνασχετῶς,
1845 1167 1938 1220 καὶ

359 1252 696 1321 προσέταξεν
717 1252 879 1315 εὐθὺς
908 1252 1036 1317 τοὺς
1067 1256 1166 1324 μὲν
1191 1257 1542 1327 μηνύσαντας
1567 1259 1693 1322 τοὺς
1741 1259 1938 1327 λόγους

356 1345 439 1408 είς
493 1343 876 1415 δεσμωτήριον
939 1348 1328 1420 ἐμϐληθῆναι*
1387 1351 1682 1422 Μακάριον
1731 1352 1789 1404 δὲ
1846 1354 1940 1407 τὸν

361 1433 769 1502 μητροπολίτην
809 1435 1030 1506 Σερρὦ
1065 1439 1122 1490 ὲν
1156 1439 1267 1497 τοῖς
1299 1438 1598 1508 βασιλείοις
1651 1441 1744 1493 καὶ
1777 1441 1942 1495 αὑτὸν

359 1525 465 1578 ὑπὸ
529 1528 747 1598 φρουρᾷ
785 1522 950 1586 εἶναι.
1003 1530 1109 1583 Τὸν
1167 1531 1355 1601 μέντοι
1406 1538 1789 1605 πατριάρχην,
1844 1535 1940 1588 τοῦ

360 1617 762 1687 πατριαρχείου
792 1619 1150 1690 ἐκϐληθέντα,
1191 1622 1249 1675 ὲν
1277 1624 1342 1693 τῇ
1387 1627 1524 1694 μονῇ
1572 1625 1680 1678 τῶν
1711 1625 1938 1690 Μαγκάο

358 1729 468 1766 νων
502 1713 767 1783 ἀπρόῖτον
808 1716 1020 1782 μένειν.
1064 1716 1206 1779 Τοὺς
1243 1715 1299 1769 δὲ
1330 1717 1468 1789 πρὸς
1501 1718 1592 1770 τὸν
1627 1719 1753 1772 νέον
1792 1717 1946 1788 βασι-

358 1804 459 1861 ὶξέα
487 1807 974 1878 παραγενομένους
1008 1807 1330 1878 ἀρχιερέας,
1365 1809 1492 1880 μήτ’
1531 1810 1730 1874 αὐτοὺς
1756 1811 1944 1882 προϊέ-

357 1919 450 1954 ναι
479 1901 589 1952 τῶν
626 1901 816 1955 οἰκιῶν
847 1902 1053 1966 αὐτῶν,
1108 1902 1237 1973 μήθ’
1279 1902 1502 1972 ἐτέρους
1550 1903 1680 1975 παρ’
1739 1905 1942 1967 αὐτοὺς

358 1993 578 2064 φοιτᾷν.
615 1993 803 2048 Ταῦτα
862 1993 962 2061 μὶν
1020 1985 1114 2046 οὖν
1257 1993 1598 2088 προσέταξεὶν
1637 1994 1858 2063 ἐγένετο
1915 1997 1943 2049 ὁ

362 2084 644 2155 βασιλεύς.
679 2085 836 2140 Μετά
865 2084 923 2138 δὲ
971 2085 1075 2157 τὴν
1128 2086 1193 2138 ἐκ
1230 2084 1326 2139 τοῦ
1365 2086 1488 2139 νέου
1531 2084 1798 2156 βασιλέως
1833 2085 1944 2139 τῶν

362 2177 652 2248 πρέσϐεων
686 2176 1062 2248 ἀναχώρησιν,
1101 2177 1264 2232 πέντε
1294 2179 1432 2249 πρὸς
1464 2181 1588 2244 ταῖς
1634 2179 1766 2233 δέκα
1809 2181 1946 2251 ἠμε-

364 2270 480 2340 ρῶν
511 2269 905 2340 διηνυσμένων,
951 2270 1076 2324 ἐπεὶ
1123 2272 1262 2342 μήτε
1312 2271 1466 2342 παρά
1513 2272 1786 2342 βασιλέως
1848 2272 1944 2327 τοῦ

362 2360 774 2432 πρεσϐυτέρου,
822 2363 960 2432 μήτε
1007 2361 1104 2415 τοῦ
1163 2365 1509 2437 πατριάρχου
1554 2366 1822 2436 ἀπολογία
1860 2384 1946 2431 τις

364 2454 599 2523 ἀφίκετο
635 2452 771 2524 πρὸς
810 2452 997 2519 αὐτὸν,
1024 2455 1128 2508 οὐκ
1164 2455 1251 2509 ἐπ’
1276 2455 1475 2527 ἀγαθῷ
1507 2458 1947 2530 τεκμαιρόμενος

362 2543 511 2600 εἶναι
552 2547 651 2617 τὴν
689 2547 870 2617 σιγὴν,
906 2547 1024 2619 ἅμα
1081 2549 1159 2619 τῷ
1206 2551 1434 2624 μεγάλῳ
1474 2552 1788 2624 δομεστίκῳ
1849 2554 1948 2608 καὶ

366 2640 818 2712 πρωτοστρώπορι
851 2641 1208 2699 ἐϐουλεύοντο
1259 2646 1314 2698 τί
1368 2646 1479 2700 δέοι
1532 2650 1727 2704 ποιεῖν.
1776 2645 1949 2702 Εἶπεν

372 2728 462 2785 οὖν
499 2732 526 2783 δ
559 2732 732 2800 μέγας
782 2731 1131 2801 δομέστικος,
1189 2735 1389 2790 Οὐκέτι
1435 2736 1577 2802 δέον,
1610 2731 1657 2791 ὦ
1700 2738 1946 2807 βασιλεῦ,

381 2823 686 2894 ἀπράκτους
715 2823 1020 2894 καθῆσθαι,
1047 2826 1167 2881 ἀλλ’
1193 2827 1363 2899 ἔργου
1391 2829 1636 2901 ἔχεσθαι.
1666 2831 1804 2885 Οὐδὲ
1841 2834 1950 2904 γὰρ

387 2915 462 2970 ἔτι
496 2919 634 2982 τινὸς
692 2917 886 2986 ἐνδεῖν,
917 2919 944 2972 ὃ
983 2921 1303 2991 πράξαντας
1354 2922 1512 2987 ὲλπὶς
1556 2925 1648 2978 τὸν
1708 2927 1950 2998 πόλεμον

378 3007 696 3064 καταλῦσαι.
725 3010 793 3064 Ὅ
824 3027 884 3064 τε
919 3010 1028 3081 γὰρ
1077 3013 1273 3083 χρόνος
1316 3013 1375 3067 ὃν
1427 3015 1666 3071 ἐνταῦθα
1705 3019 1954 3091 καθήμεο

371 3116 452 3153 νοι
483 3099 714 3170 δεόμεθα
749 3101 1036 3172 βασιλέως,
1086 3105 1345 3161 τοσοῦτον
1378 3107 1699 3180 ὑπερήλασε
1750 3113 1846 3166 καὶ
1891 3112 1953 3165 τὸ

2042 1165 2175 1235 quid
2224 1165 2496 1234 agendum
2540 1173 2726 1229 esset,
2761 1163 3221 1218 deliberationem
3251 1161 3514 1214 instituit.
3552 1158 3632 1212 lbi

2044 1273 2278 1328 magnus
2322 1258 2684 1322 domesticus,
2722 1273 2831 1311 non
2861 1257 3006 1310 ultra
3035 1255 3364 1320 sedendum,
3399 1254 3493 1308 sed
3521 1269 3635 1307 ma-

2044 1365 2148 1402 nus
2185 1350 2341 1418 operi
2391 1349 2811 1416 admoliendas;
2859 1351 3000 1403 nihil
3051 1349 3199 1404 enim
3228 1359 3461 1404 restare
3517 1364 3633 1402 am-

2045 1442 2211 1511 plius,
2258 1456 2368 1511 quo
2419 1441 2488 1495 ab
2537 1441 2671 1512 ipsis
2718 1442 2985 1510 praestita,
3040 1441 3247 1516 bellum
3309 1441 3631 1510 quieturum

2045 1549 2174 1604 spes
2225 1534 2319 1588 sit.
2360 1532 2496 1588 Nam
2527 1543 2584 1588 et
2622 1541 2842 1604 tempus
2869 1549 2982 1601 quo
3008 1533 3097 1588 hic
3126 1541 3500 1596 morarentur,
3532 1533 3636 1586 im-

2047 1635 2362 1697 peratorem
2403 1643 2568 1682 avum
2617 1627 2959 1698 rogitantes,
3012 1643 3188 1696 usque
3225 1641 3292 1680 eo
3335 1626 3636 1681 terminum

2047 1719 2374 1782 excessisse,
2416 1726 2478 1773 ut
2507 1718 2619 1783 jam
2655 1718 2873 1787 longior
2902 1717 3244 1786 exspectatio
3277 1731 3384 1770 non
3413 1729 3640 1785 magna-

2051 1811 2289 1866 nimitati
2327 1825 2390 1866 ac
2426 1811 2754 1872 tolerantiae,
2789 1810 2949 1880 156
2975 1810 3068 1864 sed
3103 1807 3544 1864 eonsternationi
3579 1807 3640 1862 in

2046 1906 2212 1960 rebus
2261 1903 2472 1968 arduis,
2519 1915 2576 1959 et
2623 1903 2855 1974 ignavia:
2899 1904 3098 1957 merito
3134 1902 3428 1983 tribuenda
3456 1902 3654 1956 viden--

2047 2006 2137 2052 tur
2180 2014 2194 2066 ;
2244 2006 2300 2051 et
2344 2012 2542 2051 omnes
2593 1995 2756 2051 cilicii
2811 2005 2998 2064 partes
3049 2011 3179 2066 erga
3208 1997 3362 2050 illum
3391 1996 3639 2064 expletas

2044 2103 2188 2154 esse,
2235 2105 2361 2144 cum
2411 2098 2469 2143 et
2515 2096 2676 2144 antea
2733 2087 2896 2143 toties
2949 2103 3048 2156 per
3089 2089 3320 2158 legatos,
3375 2097 3433 2141 ut
3462 2087 3639 2156 pactis

2046 2182 2338 2236 conventis
2386 2189 2600 2245 staret,
2650 2179 2718 2234 ab
2769 2194 2837 2234 eo
2877 2180 3158 2249 petiverit,
3231 2190 3288 2235 et
3330 2195 3476 2234 nunc
3511 2194 3639 2232 cum

2048 2274 2118 2329 iis
2157 2274 2252 2343 qui
2296 2273 2451 2327 illinc
2501 2280 2774 2328 venerant
2818 2272 3039 2343 legatis,
3075 2288 3422 2342 quaecunque
3459 2271 3642 2341 potuit

2047 2371 2324 2441 quispiam
2377 2368 2528 2439 pacis
2581 2368 2820 2439 cupidus
2851 2378 2906 2424 et
2940 2369 3032 2423 hic
3062 2383 3248 2424 coram
3291 2369 3510 2422 locutus
3543 2367 3638 2429 sit,

2048 2473 2104 2518 et
2167 2477 2264 2532 per
2314 2461 2539 2517 eosdem
2594 2477 2720 2515 cum
2774 2463 2894 2530 ipso
2942 2460 3126 2514 adhuc
3172 2461 3369 2530 egerit.
3398 2459 3648 2530 Tempus

2049 2554 2297 2623 elapsum
2345 2561 2468 2619 post
2503 2553 2723 2606 illorum
2755 2552 3087 2618 discessum,
3120 2552 3186 2606 ad
3222 2551 3552 2622 capiendum
3585 2552 3652 2607 in-

2053 2642 2159 2696 hoc
2201 2642 2423 2712 negotio
2471 2641 2791 2706 consilium,
2833 2640 3186 2710 dandamque
3225 2639 3652 2710 responsionem

2053 2734 2121 2801 (si
2174 2735 2307 2805 quid
2357 2734 2706 2789 moderatum
2763 2734 3050 2804 cogitaret)
3087 2733 3340 2789 sufﬁcere
3374 2734 3645 2803 potuisse.

2054 2826 2160 2882 Sed
2209 2836 2360 2881 tanto
2406 2825 2698 2881 intervallo
2747 2835 2968 2892 tacere,
3009 2832 3339 2894 argumento
3371 2841 3492 2880 esse
3526 2841 3644 2879 ma-

2054 2919 2252 2975 nifesto
2277 2958 2292 2981 ,
2344 2934 2536 2989 pacem
2592 2917 2901 2988 repudiari,
2937 2917 3161 2983 .bellum
3208 2926 3463 2986 apertum
3494 2916 3648 2986 cogi-

2056 3013 2158 3068 tari
2209 3030 2223 3068 :
2268 3011 2321 3066 id
2363 3010 2512 3082 quod
2545 3011 2710 3066 etiam
2767 3025 2835 3065 ex
2886 3026 2947 3065 re
3001 3012 3120 3080 ipsa
3173 3027 3281 3066 non
3321 3011 3487 3066 dubia
3513 3027 3651 3066 con-

2049 3103 2265 3174 jectura
2320 3102 2594 3173 quispiam
2655 3113 3004 3171 assequatur.
3068 3101 3171 3168 Qui
3222 3102 3371 3156 enim
3434 3111 3650 3157 tantum

366 3193 512 3257 δέον.
540 3191 667 3247 ὥστ’
700 3195 798 3266 ἢδη
833 3195 893 3248 οὐ
929 3197 1306 3269 μεγαλοψυχία
1337 3203 1434 3256 καὶ
1461 3205 1738 3273 καρτερία
1771 3205 1951 3275 ήὲπι-

2059 3193 2324 3261 temporis
2361 3192 2417 3246 in
2457 3202 2725 3262 apparatu
2773 3192 3000 3246 militari
3041 3193 3489 3262 consumpserit,
3534 3203 3652 3250 tam

367 3287 534 3340 πλέον
571 3287 904 3356 παράτασις,
936 3289 1054 3343 ἀλλ’
1085 3289 1352 3361 ἔκπληξις
1382 3295 1520 3362 πρὸς
1560 3300 1629 3350 τὰ
1671 3297 1824 3352 δεινὰ
1855 3299 1953 3353 καὶ

368 3378 602 3450 ἀτολμία
649 3379 800 3446 δόξαι
841 3381 906 3434 ἄν
960 3398 1071 3436 τισι
1118 3383 1350 3447 δικαίως
1379 3400 1392 3414 ·
1431 3387 1572 3458 πρός
1608 3406 1668 3442 τε
1719 3389 1952 3460 βασιλέα

370 3472 528 3526 οὐδὲν
553 3473 580 3525 ὅ
607 3491 658 3526 τι
685 3474 1096 3544 παραλέλοιπας
1133 3477 1243 3530 τῶν
1273 3477 1526 3533 δεόντων.
1547 3482 1708 3536 Ἀλλά
1751 3485 1953 3555 πρότε-

371 3566 466 3636 ρόν
497 3583 556 3618 τε
611 3565 872 3630 πολλάκις
923 3569 1286 3640 ὲπρεσῦεύσω
1320 3572 1457 3642 πρὸς
1494 3575 1659 3628 αὐτὸν
1690 3577 1951 3648 δεόμενος

372 3659 448 3728 μὴ
477 3658 780 3713 καταλῦσαι
817 3660 921 3730 τὴν
947 3662 1196 3733 εἰρήνην,
1233 3665 1327 3717 καὶ
1359 3663 1456 3718 νῦν
1486 3667 1626 3736 πρὸς
1651 3669 1781 3733 τοὺς
1807 3673 1952 3726 έκεῖ-

370 3750 464 3803 θεν
490 3752 827 3821 ἀφιγμένους
861 3754 1120 3822 πρέσϐεις
1155 3755 1255 3808 ὅσα
1289 3753 1355 3826 ἦν
1409 3759 1813 3831 ἐπιθυμοῦντος
1853 3762 1951 3834 τὴν

369 3841 619 3912 εἰρήνην,
652 3842 887 3897 ἐνταῦθά
935 3862 995 3898 τε
1028 3841 1210 3910 εἴπας,
1243 3848 1341 3901 καὶ
1393 3851 1532 3918 πρὸς
1583 3853 1792 3907 ἐκεῖνον
1843 3855 1952 3909 διε-

372 3931 718 4001 πρεσὸεύσω.
766 3936 833 3989 ’Ὀ
864 3954 926 3989 τε
989 3937 1277 4004 παρελθὼν
1311 3941 1502 4011 χρόνος
1547 3947 1688 4014 μετά
1731 3946 1794 4000 τὸ
1823 3949 1952 4012 τοὺς

371 4025 632 4094 πρέσϐεις
692 4027 944 4082 ἐντεῦθεν
977 4031 1260 4098 ἀπελθεῖν,
1317 4035 1508 4098 ἱκανὸς
1564 4039 1658 4090 καὶ
1693 4041 1950 4109 περὶτοῦ

371 4118 701 4187 πράγματος
759 4119 981 4190 βασιλέα
1033 4122 1437 4193 διασκέψασθαι
1499 4131 1594 4183 καὶ
1645 4132 1952 4202 ἀπολογίαν

371 4211 575 4276 δοῦναι,
600 4212 653 4264 εί
677 4229 730 4265 τι
764 4213 1134 4283 μετριώτερον
1154 4217 1428 4272 διενοεῖτο.
1450 4220 1523 4272 Τὸ
1550 4221 1596 4274 δ’
1625 4224 1683 4275 ἐν
1706 4225 1952 4299 τοσούτῳ

372 4303 548 4372 χρόνῳ
588 4304 739 4374 παρὰ
787 4303 1056 4374 βασιλέως
1104 4309 1227 4361 τινά
1275 4310 1584 4380 ἀπολογίαν
1638 4316 1714 4384 μὴ
1749 4317 1950 4386 ἐλθεῖν,

373 4395 673 4466 τεκμήριον
703 4397 934 4468 ἐναργὲς
981 4399 1074 4452 τοῦ
1109 4398 1183 4470 μὴ
1212 4402 1616 4470 προσδέξασθαι
1647 4407 1747 4477 τὴν
1790 4411 1949 4483 είρὴο

373 4504 493 4557 νην,
526 4490 662 4542 ἀλλά
700 4491 835 4561 πρὸς
876 4493 968 4544 τὸν
1003 4493 1240 4563 πόλεμον
1284 4495 1386 4566 ἤδη
1421 4499 1678 4570 φανερῶς
1722 4507 1948 4575 χωρεῖν.

375 4581 489 4634 Καὶ
514 4579 671 4634 τοῦτο
695 4583 759 4636 ἄν
785 4601 868 4648 τις
900 4586 996 4638 καὶ
1023 4584 1080 4650 ἐξ
1109 4586 1276 4639 αὑτοῦ
1308 4587 1402 4640 τοῦ
1456 4591 1785 4662 πράγματος
1823 4614 1952 4652 στο-

376 4673 606 4740 χάσαιτο
669 4677 952 4744 ἀσφαλῶς.
999 4677 1058 4731 Ὀ
1105 4680 1215 4749 γὰρ
1249 4682 1307 4732 ἐν
1356 4683 1601 4754 τοσούτῳ
1657 4688 1836 4759 χρόνῳ
1865 4693 1959 4748 ,τὰ

377 4766 516 4836 πρὸς
555 4768 648 4821 τὸν
685 4770 924 4836 πόλεμον
975 4771 1404 4844 ἐξαρτυόμενος,
1451 4777 1546 4830 καὶ
1578 4779 1872 4846 τοσούτους
1902 4785 1960 4848 ἐς

379 4861 512 4913 αὐτὸ
541 4861 697 4915 τοῦτο
735 4866 874 4932 πρὸς
895 4863 994 4934 τὴν
1019 4864 1262 4934 ἑσπέραν
1303 4867 1598 4938 ἐκπέμψας
1631 4870 1707 4934 ὠς
1766 4872 1830 4926 ἂν
1858 4873 1959 4946 ἔχῃ

379 4955 615 5024 χρῆσθαι
649 4957 862 5029 μεγάλῃ
892 4961 1218 5030 παρασκευῇ
1267 4961 1404 5032 πρὸς
1445 4963 1612 5016 αὐτὸν
1659 4970 1962 5035 καταστὰς,

377 5049 479 5100 οὐκ
507 5047 572 5100 ἂν
613 5049 811 5118 ῥᾳδίως
840 5054 937 5112 τὰς
991 5051 1208 5104 ἐκεῖθεν
1261 5053 1502 5123 πρόηται
1554 5055 1799 5120 ἐλπίδας.
1860 5061 1952 5112 Διὸ

379 5141 503 5195 οὐδὲ
533 5142 675 5210 ἡμᾶς
705 5143 1024 5210 ἀπράκτους
1063 5142 1146 5196 δεῖ
1169 5145 1465 5217 καθῆσθαι,
1503 5147 1640 5203 ἀλλά
1675 5150 1957 5221 πανταχόι

383 5239 475 5290 Θεν
522 5236 907 5303 ἀπεγνωκότας
937 5235 1035 5306 τὴν
1087 5239 1332 5309 είρήνην,
1370 5240 1506 5310 πρὸς
1541 5241 1604 5294 τὸ
1656 5242 1964 5314 ἀμύνεσθαι
2014 5286 2020 5291 .

386 5329 902 5402 παρασκευάζεσθαι
949 5332 1076 5395 τοὺς
1125 5332 1407 5398 ἐπιόντας.
1447 5334 1688 5388 Τοιαῦτα
1737 5335 1831 5389 τοῦ
1868 5353 1966 5407 με-

2056 3287 2262 3341 multos
2297 3300 2360 3341 ea
2397 3285 2575 3356 gratia
2623 3286 2679 3339 in
2720 3286 3066 3341 occidentem
3096 3287 3384 3355 emiserit,
3421 3297 3482 3343 ut
3516 3305 3652 3344 cum

2055 3377 2321 3441 venisset,
2367 3376 2554 3431 omnia
2607 3375 2820 3430 affatim
2871 3379 3331 3448 suppeditarent,
3379 3395 3506 3452 spes
3539 3382 3648 3436 sibi

2057 3467 2186 3522 inde
2232 3467 2463 3537 injectas
2512 3467 2658 3521 haud
2696 3467 2856 3522 facile
2900 3469 3303 3538 projecturum.
3331 3471 3516 3538 Quare
3546 3489 3650 3528 nec

2055 3560 2194 3629 ipsis
2235 3559 2440 3614 bonum
2479 3568 2697 3630 tempus
2729 3559 2893 3616 inerti
2930 3563 3044 3618 otio
3077 3565 3519 3635 transigendum,
3550 3568 3647 3622 sed

2054 3652 2312 3721 pacejam
2331 3652 2640 3722 desperata,
2665 3654 2730 3708 ad
2752 3654 3180 3723 propulsandam
3202 3657 3649 3715 adversariorum

2053 3744 2166 3799 vim
2208 3744 2453 3814 undique
2492 3746 2742 3801 subsidia
2765 3749 3160 3817 comparanda.
3204 3750 3505 3821 Excipiens
3537 3769 3652 3808 ma-

2054 3853 2224 3910 gnum
2293 3839 2660 3893 domesticum
2732 3848 3098 3908 protostrator
3148 3843 3339 3898 eadem
3395 3845 3652 3902 hortatus

2053 3941 2158 3988 est.
2222 3930 2303 4009 Si,
2358 3931 2575 4000 inquit,
2623 3933 3016 4002 imperatorem
3069 3945 3263 3992 contra
3313 3953 3418 3993 nos
3441 3939 3652 3995 bellum

2053 4025 2270 4097 pridem
2319 4024 2736 4090 machinatum,
2780 4035 2837 4079 et
2883 4028 3130 4097 undique
3179 4033 3370 4100 copias
3421 4033 3475 4087 in
3515 4035 3650 4090 illud

2055 4119 2386 4174 contrahere
2420 4119 2825 4188 ignoraremus,
2851 4120 3420 4192 circumspiciendum
3454 4127 3654 4185 fuisset

2055 4211 2369 4282 diligenter,
2429 4226 2498 4264 ne
2549 4212 2668 4280 ipso
2717 4226 2908 4280 pacem
2957 4225 3303 4283 capessente,
3355 4234 3456 4274 nos
3477 4222 3648 4276 stulte

2056 4303 2260 4360 bellum
2310 4303 2742 4372 inceptaremus.
2787 4304 2893 4359 Sed
2953 4308 3214 4374 quoniam
3269 4310 3444 4367 multa
3484 4315 3650 4370 nobis

2054 4397 2327 4468 liquidum
2379 4396 2610 4458 faciunt.
2657 4413 2764 4452 nec
2819 4397 3052 4466 ipsemet
3096 4401 3330 4458 inficiari
3368 4408 3564 4474 possit,
3596 4424 3654 4465 se

2062 4489 2236 4544 armis
2294 4490 2419 4542 istis
2469 4502 2694 4542 causam
2753 4498 2810 4544 et
2854 4499 3021 4560 caput
3068 4507 3216 4559 esse,
3267 4511 3368 4550 nos
3428 4515 3655 4570 quoque

2063 4583 2434 4652 undecunque
2481 4583 2691 4636 utilitas
2733 4583 2918 4653 aliqua
2958 4584 3249 4652 affulserit,
3295 4605 3356 4644 ea
3393 4594 3473 4647 uti
3519 4608 3652 4650 con-

2062 4678 2236 4734 venit.
2280 4676 2391 4750 lpsi
2438 4691 2661 4746 quoque
2712 4678 3042 4747 imperatori
3081 4679 3289 4748 juniori
3338 4685 3407 4740 de
3455 4698 3655 4747 eaztero

2064 4787 2177 4826 non
2210 4751 2603 4835 cunctandum,
2657 4767 2753 4822 sed
2781 4785 2812 4824 e
2841 4769 2964 4824 loco
2994 4771 3312 4828 abeundum
3340 4776 3652 4848 videbatur,

2067 4864 2324 4934 belloque
2352 4863 2599 4934 gerendo
2628 4860 3024 4918 insistendum.
3057 4864 3411 4925 Admonebat
3446 4879 3652 4940 tamen,

2069 4974 2222 5028 spem
2251 4958 2402 5026 pacis
2436 4970 2545 5009 non
2584 4953 2838 5010 funditus
2869 4956 3260 5027 abjiciendam,
3294 4963 3390 5018 sed
3425 4965 3529 5035 ipsi
3561 4984 3657 5037 per

2073 5059 2272 5114 semet,
2324 5065 2451 5120 cum
2513 5049 2838 5120 Byzantium
2883 5053 3292 5119 pervenissent,
3347 5074 3467 5113 eam
3507 5071 3658 5129 pete-

2069 5153 2213 5200 rent.
2249 5145 2328 5198 Ac
2356 5143 2628 5213 siquidem
2666 5158 2762 5198 eos
2793 5145 3014 5199 reveriti
3043 5146 3344 5204 adversarii
3379 5153 3447 5207 ab
3485 5157 3656 5212 armis

2071 5236 2444 5299 disrederent,
2477 5233 2763 5288 inventum
2799 5250 2922 5290 esse
2955 5239 3102 5306 quod
3137 5242 3534 5315 quazrebatur:
3569 5248 3651 5315 sin

2071 5333 2256 5386 minus
2289 5369 2304 5393 ,
2332 5328 2512 5383 testati
2545 5327 2716 5381 Deum
2754 5327 3016 5396 ipsosque
3055 5313 3372 5402 Byzantios,
3409 5350 3467 5390 se
3487 5313 3651 5390 enixe

1617 5451 1839 5514 Jacobi
1877 5445 2145 5514 Pontani
2184 5456 2372 5507 nota).

387 5580 592 5634 dixisse
641 5580 921 5640 omnibus.
958 5578 1316 5649 quijunioris
1351 5580 1705 5650 imperatoris
1751 5595 1956 5634 nomen

390 5659 656 5713 tacerent,
682 5663 747 5703 ac
775 5650 1022 5720 debitum
1072 5652 1397 5720 imperatori
1453 5653 1720 5705 honorem
1753 5652 1959 5704 habere

390 5728 732 5773 recusarent.
770 5719 1281 5790 Exeommunicasse
1320 5722 1487 5776 etiam
1538 5723 1786 5775 adversae
1829 5736 1960 5790 par-

391 5792 462 5858 tis
511 5789 840 5852 sacerdotes,
872 5805 901 5844 a
931 5791 1135 5860 quibus
1160 5793 1402 5846 vicissim
1435 5807 1565 5845 cum
1597 5789 1839 5846 factione
1860 5807 1958 5844 sua

388 5861 900 5916 exeommunicatus
943 5862 1034 5915 sit.
1068 5861 1278 5916 Ibidem
1326 5863 1675 5933 querimonia
1720 5861 1964 5917 senioris

2063 5575 2132 5630 de
2160 5573 2500 5643 patriarcha.

2137 5648 2251 5716 (94)
2286 5645 2565 5712 luterprcs
2608 5647 2739 5718 legit
2792 5646 3116 5716 ἀπρόσιτον,
3169 5646 3262 5702 sed
3301 5645 3393 5718 hic
3415 5654 3469 5699 et
3502 5647 3654 5718 apud

2064 5717 2362 5785 Greguram
2392 5724 2481 5787 est
2503 5716 2785 5785 ἁπρόῖτον,
2822 5719 2875 5772 id
2903 5726 3008 5781 est,
3044 5718 3190 5772 foras
3220 5716 3531 5787 prodeundi
3576 5718 3650 5772 li.-

2062 5792 2303 5842 centiam
2329 5801 2436 5841 non
2471 5786 2795 5844 habentem.
