4028 6454
415 399 516 460 317

1567 399 1897 459 .JOANNIS
1931 396 2222 458 CANTAC
2235 397 2464 459 UZENI

3559 399 3664 461 348

415 513 532 582 ipse
572 522 736 585 caput
766 513 1077 570 devoraret.
1132 513 1215 568 Ad
1252 513 1356 569 hoc
1394 513 1623 569 verbum
1674 515 1972 570 subridens

2087 513 2243 568 αὐτοῦ
2313 514 2470 568 πόλιν
2538 513 2847 583 περιποιεῖν
2916 509 3100 582 ἐαυτῷ
3146 509 3502 576 ἐξαπατῶντα
3568 513 3665 564 καὶ

413 602 508 658 ille
541 621 554 658 :
584 604 771 674 Atqui,
800 603 1001 669 Marce,
1031 604 1230 672 inquit,
1262 618 1370 657 non
1412 613 1497 659 est
1531 614 1590 658 ut
1625 606 1730 660 hoc
1765 608 1963 675 possit.

416 693 549 750 Nam
580 694 738 749 vivus
763 711 942 749 meum
977 694 1148 765 ipsius
1172 705 1336 764 caput
1358 695 1624 750 devorare
1657 712 1899 764 nequeo,
1923 704 1980 752 et

415 791 669 836 tnortuus
721 785 893 837 multo
950 785 1129 838 minus
1181 784 1435 852 quivero,
1483 793 1547 839 ut
1600 794 1651 840 te
1703 786 1979 851 utrimque

416 873 707 926 mentitum
742 881 1026 941 appareat.
1053 876 1129 928 Ac
1161 875 1344 928 Marco
1371 875 1598 943 quidem
1635 876 1831 930 ludens
1853 877 1978 929 talia

416 963 736 1031 respondit:
769 963 991 1018 Marula:
1049 973 1232 1017 autem
1286 980 1387 1019 suo
1431 966 1654 1020 nomine
1701 982 1804 1020 avo
1863 967 1982 1022 hac

416 1054 699 1108 referenda
754 1054 904 1108 dedit
934 1070 946 1106 :
976 1055 1128 1109 Scire
1165 1055 1334 1110 Deum
1384 1057 1587 1124 ipsum,
1622 1059 1764 1112 scire
1811 1059 1978 1113 etiam

413 1158 496 1206 se,
531 1144 676 1211 quod
729 1160 816 1199 res
853 1144 984 1214 ipsae
1022 1154 1314 1212 testentur,
1347 1148 1485 1201 nihil
1530 1165 1588 1202 se
1636 1149 1803 1202 studii
1870 1149 1982 1203 ala-

413 1235 735 1304 eritatisque
761 1236 826 1289 ad
864 1252 927 1291 ea
971 1253 1092 1306 qum
1125 1239 1211 1292 ille
1244 1240 1580 1302 mandasset,
1611 1241 1827 1310 sibique
1863 1242 1983 1309 pla-

410 1343 536 1379 cere
561 1328 914 1393 ostendisset,
954 1333 1303 1400 exsequenda
1350 1335 1785 1402 praetermisisse.
1826 1335 1986 1404 159

411 1418 764 1474 Existimasse
791 1437 954 1489 porro
982 1438 1108 1476 eum
1139 1439 1360 1492 quoque
1387 1428 1504 1480 haac
1531 1442 1642 1494 pra:
1670 1427 1794 1481 aliis
1817 1427 1980 1491 scire,

412 1519 469 1562 ιιι
496 1513 803 1579 Oportebat.
836 1513 942 1568 Sed
979 1517 1239 1584 quoniam
1273 1517 1537 1574 daemonis
1571 1521 1802 1590 alicujus
1845 1520 1986 1575 invi-

411 1603 498 1656 dia
531 1605 603 1657 ita
636 1618 1017 1676 comparatum
1048 1611 1144 1674 sit,
1191 1620 1250 1664 ut
1284 1612 1488 1666 amoris
1521 1623 1686 1682 atque
1719 1614 1983 1669 obedien-

413 1695 450 1746 ti
472 1713 500 1742 ν
545 1696 779 1751 antehac
833 1714 946 1753 sua:
998 1716 1125 1770 erga
1190 1701 1370 1770 ipsum
1425 1714 1748 1772 argumenta
1804 1705 1986 1759 ventis

379 1787 718 1854 tradiderit,
758 1791 1225 1862 syc0phantisque
1293 1809 1356 1848 ac
1385 1795 1618 1863 perditis
1661 1796 1982 1850 hominibus

412 1881 730 1935 auscultans
775 1884 969 1950 (multa
1019 1884 1174 1953 prius
1209 1884 1505 1940 adversum
1551 1902 1610 1942 se
1661 1889 1978 1953 meditatus,

412 1965 790 2043 insidioseque
832 1976 1079 2038 molitus,
1113 1987 1174 2032 ut
1213 1987 1398 2047 pateat
1429 1994 1499 2033 ex
1546 1979 1866 2050 interceptis
1899 1982 1988 2035 lit-

412 2064 568 2127 teris,
603 2080 740 2133 quas
776 2081 874 2134 per
915 2067 1209 2138 episcopos
1246 2081 1590 2127 revertentes
1634 2071 1714 2126 illi
1749 2072 1984 2142 miserit)

412 2153 613 2208 bellum
649 2159 954 2225 renovarit;
987 2169 1043 2214 et
1068 2175 1194 2216 cum
1224 2178 1366 2232 saepe
1389 2164 1738 2234 multumque
1763 2183 1984 2238 rogans,

413 2243 493 2296 uti
527 2261 717 2314 pacem
753 2250 1056 2318 acciperet,
1090 2269 1200 2306 non
1231 2253 1564 2323 impetrarit,
1595 2267 1652 2310 et
1686 2275 1832 2332 nunc
1858 2275 1984 2315 cum

409 2335 520 2390 huc
557 2341 806 2404 veniens,
847 2358 1024 2410 genua
1061 2345 1181 2414 ejus
1215 2347 1501 2416 amplexus
1546 2348 1638 2413 sit,
1684 2359 1740 2404 et
1787 2360 1845 2404 ut
1882 2369 1986 2422 pax

408 2431 860 2498 conszitueretur,
894 2434 1032 2487 nihil
1081 2449 1186 2489 non
1226 2439 1476 2501 tentarit,
1528 2440 1644 2507 ipse
1689 2451 1873 2497 tamen
1922 2461 1983 2501 se

410 2522 657 2572 nondum
692 2520 939 2591 fregerit,
975 2524 1070 2578 sed
1104 2527 1408 2594 supplicem
1437 2545 1494 2584 re
1526 2532 1726 2588 infecta
1757 2534 1984 2591 dimiseo

414 2610 508 2672 rit,
567 2622 623 2666 et
669 2622 927 2683 tanquam
986 2633 1084 2671 vas
1140 2620 1335 2675 inutile
1386 2623 1669 2694 abjecerit,
1721 2643 1986 2698 spemque

413 2717 567 2756 suam
611 2703 665 2757 in
701 2707 910 2774 pardali
967 2709 1275 2776 collocarit,
1306 2729 1469 2782 quam
1510 2717 1743 2771 solutam
1791 2730 1984 2776 contra

415 2809 474 2848 se
523 2794 832 2865 immiserit,
871 2801 995 2856 ideo
1041 2818 1229 2872 pacem
1274 2814 1328 2859 et
1377 2806 1524 2862 dicta
1571 2819 1796 2879 propter
1838 2812 1984 2867 illam

414 2902 762 2946 sacramenta
809 2892 918 2946 Deo
951 2909 1008 2950 se
1058 2897 1403 2952 committere
1450 2901 1573 2969 (per
1602 2917 1766 2971 quem
1809 2904 1985 2974 jurata

417 2981 677 3051 religiose
723 2983 906 3040 adhuc
937 2989 1147 3058 servet)
1184 2997 1241 3044 et
1288 3005 1480 3046 omnes
1518 3008 1606 3047 res
1643 3009 1770 3050 suas
1809 2996 1864 3050 in
1899 2998 1988 3066 ju-

415 3080 564 3124 stum
593 3071 838 3126 omnium
859 3075 1101 3144 judicem
1136 3077 1368 3145 referre,
1394 3081 1619 3152 jamque
1653 3085 1983 3141 necessitate

415 3163 776 3216 constrictum
810 3165 953 3220 bello
984 3182 1206 3223 manum
1241 3171 1548 3240 implicare.
1576 3172 1866 3230 Conlidere
1901 3193 1987 3232 se-

418 3250 596 3324 ipsum
641 3274 860 3328 quoque
893 3263 1190 3317 amentiam
1219 3279 1372 3318 suam
1417 3267 1566 3322 brevi
1611 3271 1984 3338 cogniturum,

413 3357 472 3402 et
501 3367 566 3404 ex
599 3354 814 3407 eventis
841 3367 1284 3424 perspecturum,
1312 3374 1376 3412 ea
1399 3359 1628 3430 elegisse
1664 3378 1786 3432 quae
1811 3363 1988 3418 vitare

417 3441 475 3496 in
508 3444 718 3510 primis,
769 3461 834 3500 ea
878 3447 1170 3515 reliquisse
1213 3465 1334 3517 quae
1384 3459 1497 3504 toto
1529 3461 1750 3521 pectore
1793 3469 1988 3508 conse-

416 3533 556 3586 ctari
589 3536 994 3606 complectique
1028 3539 1333 3596 debuisset.
1387 3540 1510 3596 llaec
1553 3543 1700 3598 fatus
1732 3546 1802 3600 de
1841 3562 1987 3616 equo

418 3621 728 3683 descendit.
764 3635 819 3679 et
851 3629 1101 3694 quamvis
1147 3628 1430 3684 absentem
1463 3647 1645 3693 avum,
1701 3633 1810 3687 ritu
1856 3651 1992 3689 con-

418 3723 578 3767 sueto
611 3726 908 3770 veneratus
942 3727 1024 3772 est
1058 3736 1070 3771 :
1103 3734 1167 3773 ac
1194 3719 1428 3774 Marules
1461 3722 1691 3791 perinde
1727 3735 1784 3778 ut
1816 3726 1986 3794 prius,

417 3819 542 3857 cum
578 3805 799 3860 silentio
837 3807 906 3863 de
943 3809 1217 3864 moenibus
1253 3821 1416 3880 caput
1454 3812 1506 3866 ei
1537 3813 1809 3868 submisit.
1854 3817 1989 3871 Aliis

418 3893 622 3949 deinde
657 3897 710 3950 in
750 3913 908 3951 muro
941 3900 1216 3953 stantibus
1265 3901 1538 3967 salutatis,
1571 3903 1861 3970 discessit;
1900 3922 1992 3960 ve-

417 3986 695 4056 niensque
759 3987 1102 4060 Selybriam,
1163 3993 1561 4062 rempublicam
1616 4010 1716 4050 suo
1778 3998 1990 4066 judicio

418 4076 697 4142 formavit,
733 4089 790 4134 et
843 4081 1097 4150 praafecto
1147 4083 1349 4138 ibidem
1387 4084 1686 4152 declarato,
1734 4088 1992 4161 Didymo-

420 4171 628 4225 tichum
674 4172 832 4238 abiit,
884 4173 1078 4228 relicto
1115 4175 1377 4247 Selybrire
1419 4177 1752 4247 Apocaueho
1793 4197 1989 4252 magno

416 4263 782 4328 eubiculario,
824 4275 882 4318 ut
910 4265 954 4318 si
985 4265 1116 4334 quid
1149 4282 1287 4336 opus
1313 4277 1459 4323 esset
1483 4273 1799 4327 securitatis
1824 4289 1989 4328 causa

420 4354 474 4408 id
507 4357 892 4421 constitueret,
924 4366 980 4412 et
1011 4357 1076 4412 ad
1111 4374 1172 4412 se
1204 4360 1446 4427 veniret;
1485 4362 1631 4431 quod
1672 4365 1752 4418 eis
1787 4380 1988 4433 paucos

417 4441 536 4500 dies
577 4447 778 4500 factum
809 4457 915 4503 est.
953 4447 1242 4503 Exercitus
1275 4449 1341 4504 ad
1383 4450 1826 4522 Didymotichum
1859 4470 1990 4508 con-

2081 606 2491 677 παραπείουντα
2535 605 2624 658 τὸν
2690 605 3085 676 προστυχόντα.
3139 602 3279 657 Οὔτε
3336 601 3446 672 γὰρ
3502 600 3666 654 αὐτὸν

2079 694 2301 749 δυνατὸν
2328 697 2420 749 ἐπὶ
2445 696 2505 749 τὸ
2535 698 2710 766 τεῖχος
2741 695 2936 759 ἐλθεῖν,
2973 693 3088 747 οὐτ’
3126 694 3274 763 αὐτῷ
3303 693 3405 763 τὴν
3455 692 3664 745 είσοδον

2084 789 2462 858 συγχωρῆσαι,
2515 788 2632 841 ἀλλ’
2664 787 2784 840 οὐδὲ
2849 787 2955 857 μὴν
3014 786 3104 839 τὸν
3166 785 3308 838 θεῖον
3365 783 3514 854 αὐτῷ
3568 784 3662 836 τὸν

2082 880 2381 950 Μαρκέσην
2407 878 2722 932 ἀποστελεῖν
2745 878 2878 948 πρὸς
2907 879 3095 932 αὐτόν.
3127 876 3359 947 Πλησίον
3387 877 3444 930 δὲ
3492 874 3661 930 αὐτοῦ

2085 971 2341 1041 Μαρούλη
2380 971 2473 1023 καὶ
2503 971 2726 1041 Μάρκος
2750 987 2831 1034 τις
2851 970 3225 1040 Κασαλλάριος
3251 968 3659 1038 ὠνομασμένος,

2083 1065 2110 1116 6
2138 1061 2514 1130 Καϐαλλαρίου
2549 1061 2643 1114 τοῦ
2675 1062 2854 1129 Βάρδα
2909 1059 3103 1127 ἑστὼς,
3159 1064 3224 1112 ἐκ
3270 1059 3378 1113 τῶν
3429 1059 3661 1112 οἰκετῶν

2083 1155 2176 1206 τοῦ
2199 1153 2567 1224 πρεσϐυτέρου
2616 1152 2879 1223 βασιλέως
2930 1151 3028 1216 ὢν,
3087 1154 3294 1214 σκαιῶς
3349 1153 3442 1204 καὶ
3494 1151 3661 1204 ἀπαι-

2083 1245 2284 1308 δεύτως
2345 1245 2482 1314 πρὸς
2538 1244 2761 1314 βασιλέα
2803 1242 2892 1296 τὸν
2954 1244 3073 1297 νέον
3123 1237 3298 1307 εἶπεν,
3351 1243 3660 1312 ἀποχωρεῖν

2057 1336 2193 1408 ,τῶν
2227 1335 2456 1400 ἐνθένδε,
2492 1337 2621 1406 πρὶν
2655 1335 3067 1405 κατεδηδοκέναι
3094 1335 3194 1405 τὴν
3260 1334 3502 1404 κεφαλὴν
3559 1332 3660 1404 τὴν

2085 1427 2302 1481 ἑαυτοῦ.
2353 1427 2482 1479 Ἡδὺ
2523 1427 2580 1480 δὲ
2610 1426 2843 1494 γελάσας
2880 1428 2908 1480 6
2937 1426 3191 1496 βασιλεὺς
3230 1427 3322 1479 ἐπὶ
3351 1426 3430 1495 τῷ
3485 1427 3656 1495 λόγῳ,

2100 1517 2241 1570 Ἀλλ’
2272 1519 2370 1569 οὐκ
2401 1518 2464 1570 ἂν
2497 1517 2582 1586 εἴη
2635 1517 2880 1580 δυνατὸν,
2913 1514 3086 1584 εἶπεν,
3129 1512 3172 1571 ὦ
3213 1519 3431 1588 Μάρκε,
3475 1517 3654 1574 τοῦτο.

2087 1611 2206 1665 Ζῶν
2255 1628 2311 1663 τε
2346 1611 2455 1682 γὰρ
2495 1612 2592 1664 οὐκ
2625 1612 2691 1663 ἂν
2729 1612 3110 1680 καταφάγοιμι
3145 1612 3244 1681 τὴν
3308 1611 3443 1663 ἰδίαν
3479 1627 3656 1678 κεφα-

2086 1703 2207 1773 λήν.
2251 1703 2359 1755 Καὶ
2408 1701 2742 1755 ἀποθανὸντα
2793 1697 3008 1772 ὁμοῐωξ
3038 1699 3449 1769 ἀδυνατώτερον
3498 1697 3660 1752 τοῦτο

2090 1793 2352 1864 πράττειν
2379 1809 2394 1824 ’
2426 1793 2565 1846 ὥστε
2608 1809 2666 1844 σε
2716 1792 3042 1860 συμϐαίνειν
3095 1791 3189 1844 καὶ
3243 1788 3657 1860 ἀμφωτέρωθεν

2088 1885 2372 1956 ἐψεῦσθαι.
2416 1885 2560 1954 Πρὸς
2627 1885 2726 1954 μὲν
2787 1879 2881 1938 οὖν
2945 1883 3170 1954 Μάρκον
3224 1881 3453 1934 τοιαῦτα
3525 1882 3656 1934 παί-

2087 1981 2196 2045 ζων
2283 1979 2510 2049 εἴρηκεν
2582 1978 2609 2029 6
2686 1977 2982 2048 βασιλεὺς.
3053 1974 3145 2027 τὸν
3222 1973 3518 2044 Μαρούλην
3600 1971 3659 2024 δέ

2086 2071 2338 2126 ἐκέλευεν
2374 2072 2447 2133 ὡς
2482 2067 2542 2134 ἐξ
2585 2069 2748 2121 αὐτοῦ
2799 2067 3025 2121 τοιαῦτα
3079 2064 3447 2134 ἀπαγγέλλειν
3507 2063 3660 2134 βασι-

2086 2159 2188 2224 λεῖ,
2222 2159 2310 2222 Ὠς
2337 2159 2496 2222 αὐτὸς
2526 2158 2592 2212 ἂν
2623 2159 2788 2226 εἰδείη
2818 2157 2970 2223 Θεὸς,
2994 2151 3112 2208 οἰδα
3141 2153 3198 2207 δὲ
3231 2157 3321 2208 καὶ
3344 2153 3527 2218 αὐτὸς,
3563 2155 3660 2206 καὶ

2087 2251 2266 2306 αὐτῶν
2309 2252 2431 2322 ἐμοὶ
2478 2248 3095 2320 συνεπιμαρτυροῦντων
3135 2249 3244 2302 τῶν
3288 2248 3657 2316 πραγμάτων,

2086 2339 2160 2402 ὡς
2194 2339 2344 2392 οὐδὲν
2386 2340 2633 2391 ἐνέλιπον
2689 2336 3000 2408 προθυμίας
3036 2336 3158 2390 οὐδέ
3183 2336 3424 2404 σπουδῆς
3473 2337 3553 2397 εἰς
3597 2335 3660 2388 τὸ

2086 2429 2398 2501 πράττεινά
2428 2447 2486 2482 τε
2521 2429 2884 2493 προσέταττες
2907 2430 2999 2481 καὶ
3023 2424 3092 2500 ἦν
3125 2445 3208 2480 σοι
3239 2427 3380 2480 κατὰ
3406 2426 3661 2496 γνώμην,

2086 2522 2412 2592 ἐλογιζόμην
2468 2521 2512 2573 δ’
2557 2521 2639 2574 ὅτι
2670 2523 2764 2574 καὶ
2805 2521 2868 2572 σὺ
2907 2519 3109 2591 μᾶλλον
3161 2519 3228 2573 ἂν
3265 2519 3468 2589 εἰδείης
3518 2520 3660 2573 αὐτὰ
3743 2548 3752 2552 -

2085 2611 2196 2664 τῶν
2219 2610 2416 2676 ἄλλων,
2448 2609 2620 2680 ἐχρῆν
2655 2610 2784 2680 γάρ.
2829 2611 2984 2665 Ἐπεὶ
3012 2609 3060 2663 δ’
3080 2608 3224 2663 οὕτω
3252 2611 3320 2662 τά
3356 2609 3661 2681 πράγματα.

2087 2701 2345 2773 φθονερός
2384 2719 2467 2766 τις
2499 2701 2865 2755 συνεσκεύασε
2899 2701 3130 2772 δαίμων,
3189 2703 3284 2755 καλ⁸
3333 2695 3411 2756 ὧν
3449 2702 3549 2772 μὲν
3601 2703 3662 2757 ἐν

2086 2796 2199 2855 τοῖς
2225 2792 2568 2863 παρασχοῦσι
2601 2795 2818 2864 καιροῖς
2842 2793 3053 2856 εὐνοίας
3084 2792 3201 2862 ἅμα
3226 2793 3323 2845 καὶ
3345 2793 3660 2857 εὐπειθείας

2085 2885 2186 2954 τῆς
2218 2884 2352 2954 πρὸς
2385 2885 2444 2938 σὲ
2485 2885 2864 2955 ἐπιδέδειγμαι
2912 2883 3058 2955 ἔργῳ
3099 2884 3391 2946 ἐπελάθου,
3447 2883 3665 2953 ἀνθρὼ-

2089 2994 2212 3040 ποις
2245 2977 2302 3029 δὲ
2343 2977 2713 3046 συκοφάνταις
2747 2986 2843 3030 και
2878 2975 3102 3046 φθόροις
3151 2976 3401 3038 πεισθεὶς
3430 2978 3662 3048 κεκίνη-

2086 3084 2187 3133 κας
2218 3068 2375 3130 αὖθις
2404 3069 2496 3122 τὸν
2534 3069 2766 3139 πόλεμον
2791 3069 2882 3122 τὸν
2922 3067 3060 3139 πρὸς
3114 3067 3216 3136 ἐμὲ
3275 3067 3473 3138 (πολλά
3523 3069 3659 3139 πρό-

2087 3129 2242 3231 τερον
2297 3129 2392 3214 καὶ
2465 3129 2896 3230 βουλελισάμενος
3113 3129 3459 3221 συσκευάσας
3537 3129 3664 3214 κατ’

2090 3252 2246 3323 ἐμοῦ,
2281 3253 2357 3316 ὡς
2388 3251 2604 3319 ἐγένετο
2630 3251 2936 3318 καταφανὲς
2969 3251 3095 3320 ἐμοὶ⁵
3144 3253 3208 3304 ἐκ
3241 3251 3350 3304 τῶν
3417 3250 3663 3302 ἑαλωκό-

2087 3360 2196 3396 των
2242 3343 2608 3412 γραμμάτων,
2650 3342 2686 3395 6.
2717 3342 2811 3395 καὶ
2838 3341 2978 3412 μετά
3028 3342 3136 3394 τῶν
3169 3342 3303 3412 πρὸς
3337 3342 3440 3412 ἐμὲ
3474 3341 3666 3394 ἐλθόν-

2087 3452 2197 3487 των
2253 3434 2554 3504 ἀρχιερέων
2589 3433 2813 3503 ἔπεμψά
2845 3433 2973 3500 σοι),
3034 3435 3127 3488 καὶ
3176 3433 3346 3487 πολλά
3397 3433 3667 3496 πολλάκις

2087 3527 2223 3598 ἐμοῦ
2285 3527 2570 3596 δεηθέντος
2625 3527 2686 3580 οὐ
2739 3526 3051 3596 προσεδέξω
3110 3527 3212 3596 τὴν
3258 3527 3504 3597 εἰρήνην,
3564 3527 3666 3578 καὶ

2087 3619 2183 3674 νῦν
2223 3620 2470 3683 ἐλθόντος
2525 3620 2774 3674 ἐνταυθοῖ
2813 3621 2907 3673 καὶ
2937 3620 3246 3689 ἁπτομένου
3291 3637 3386 3673 σου
3419 3620 3529 3672 τῶν
3561 3637 3657 3687 γο-⁹

2087 3711 2283 3774 νάτων,
2320 3711 2416 3763 καὶ
2450 3710 2627 3763 πάντα
2658 3710 2993 3779 πράττοντος
3027 3707 3169 3762 ὥστε
3201 3709 3300 3778 τὴν
3330 3711 3556 3779 εἰρήνην
3586 3705 3658 3762 εἷ-

2087 3820 2196 3864 ναι,
2229 3803 2378 3855 οὐδὲν
2413 3801 2612 3872 μᾶλλον
2664 3803 2876 3870 ὐφῆκας
2913 3802 3014 3871 τῆς
3055 3801 3246 3872 ὀργῆς,
3298 3802 3412 3854 ἀλλ’
3445 3803 3663 3870 άπρακο

2087 3913 2177 3948 τον
2207 3894 2543 3964 ἀπεπέμψω,
2577 3893 2765 3964 ὥσπερ
2799 3911 2852 3946 τι
2890 3893 3084 3957 σκεῦος
3118 3894 3394 3965 ἄχρηστον
3425 3894 3660 3963 ἀπορρί-

2086 3990 2215 4060 ψας.
2262 3989 2538 4050 Ἥλπικας
2577 3987 2622 4040 δ’
2670 3989 2763 4040 ἐπὶ
2791 3989 2890 4058 τὴν
2923 3987 3217 4058 δεδεμένην
3271 3986 3538 4055 πάρδαλιν
3593 3988 3661 4054 ἢν

2087 4079 2283 4142 ἔλυσας
2315 4081 2434 4134 κατ’
2461 4079 2620 4150 ἐμοῦ,
2656 4079 2763 4132 ἰδοὺ
2796 4080 2896 4150 τὴν
2937 4081 3035 4148 μὲν
3059 4080 3287 4150 εἰρήνην
3315 4080 3407 4131 καὶ
3433 4079 3560 4141 τοὺς
3590 4077 3660 4130 δι’

2087 4169 2257 4240 αὐτὴν
2291 4169 2707 4239 ,γεγενημένους
2775 4169 2970 4239 ὅρκους
3029 4169 3376 4237 παραδίδωμι
3416 4168 3562 4237 Θεῷ,
3599 4167 3659 4219 ὃν

2087 4263 2251 4324 αὐτὸς
2280 4261 2516 4332 εὐορκῶ,
2547 4261 2724 4315 πάντα
2749 4261 2806 4314 δὲ
2847 4260 2926 4328 τῷ
2954 4260 3131 4314 πάντα
3163 4259 3388 4322 δικαίως
3413 4260 3658 4330 κρίνοντι

2086 4354 2310 4416 ἀναθεὶς
2338 4355 2406 4408 τά
2451 4353 2574 4407 κατ’
2603 4353 2725 4424 ἐμὲ,
2762 4353 3080 4421 ἀναγκαίως
3111 4352 3210 4422 ἤδη
3250 4352 3385 4422 πρὸς
3442 4352 3534 4404 τὸν
3565 4353 3660 4404 πόο

2087 4444 2254 4513 λεμον
2294 4446 2477 4515 χωρῶ.
2529 4445 2777 4499 Πέποιθα
2824 4444 2881 4498 δὲ
2929 4443 3004 4506 ὡς
3063 4443 3247 4510 ὀλίγου
3296 4444 3663 4512 παρελθόντος

419 4538 632 4606 gregari
660 4538 869 4607 jussus.
909 4539 1030 4594 Non
1078 4539 1152 4594 ita
1189 4541 1375 4596 multis
1420 4515 1726 4613 interjectis
1767 4543 1986 4610 diebus,

2094 4537 2307 4607 χρόνου,
2338 4539 2451 4592 οὐδ’
2487 4521 2652 4600 αὐτὸς
2681 4537 2972 4605 ἀγνοήσεις
2999 4537 3100 4607 τὴν
3127 4537 3388 4589 ἀϐουλίαν
3434 4537 3533 4606 τὴν
3567 4552 3662 4588 νυ·

369 4647 378 4654 ’
419 4629 513 4694 qui
537 4635 696 4681 erant
727 4627 781 4681 in
817 4629 1050 4684 Thracia
1074 4631 1350 4686 affuerunt
1383 4647 1592 4697 omnes,
1613 4641 1766 4687 extra
1797 4633 1992 4691 Coma-

419 4733 618 4772 norum
657 4719 819 4788 paulo
852 4721 1033 4777 minus
1059 4722 1169 4776 duo
1202 4723 1391 4787 millia,
1423 4723 1518 4791 qui
1547 4739 1578 4778 e
1607 4724 1871 4780 Dalmatia
1895 4726 1993 4781 Mi-

421 4809 628 4864 chaelis
654 4813 876 4867 secundi
899 4820 1076 4868 castra
1101 4813 1274 4867 secuti
1304 4811 1539 4868 fuerant.
1590 4813 1786 4868 Edicto
1822 4816 1994 4886 impe-

423 4903 625 4958 ratoris
683 4904 918 4958 senioris
959 4903 1311 4958 Andronicus
1342 4903 1629 4970 'l‘ornices,
1669 4914 1724 4959 et
1775 4905 1988 4962 Manuel

423 4993 672 5049 Lascaris
694 4994 925 5050 Thracia
961 4995 1122 5064 pulsi,
1149 4994 1203 5048 in
1234 4995 1426 5050 insulis
1449 4994 1678 5063 Lemno,
1703 4996 1884 5052 Thaso
1934 5008 1992 5053 et

421 5086 597 5142 Lesbo
615 5103 673 5142 se
687 5089 1110 5141 collocaveram.
1128 5086 1316 5140 Exsilii
1341 5087 1502 5156 hujus
1520 5104 1684 5142 causa
1705 5090 1990 5145 manifesta

423 5192 530 5231 non
558 5178 825 5232 ex‘stabat.
853 5177 1170 5242 Ferebatur,
1193 5192 1288 5232 eos
1318 5194 1444 5232 cum
1471 5179 1796 5250 Scytharum
1822 5191 1992 5237 satra-

423 5268 508 5335 pis
531 5268 869 5322 clandestina
891 5267 1148 5321 habuisse
1179 5267 1470 5336 colloquia,
1507 5269 1585 5322 uti
1617 5270 1670 5322 in
1699 5269 1990 5324 Thraciam

423 5361 606 5428 copias
643 5361 945 5422 mitterent,
987 5371 1203 5426 unaque
1231 5372 1352 5411 cum
1389 5352 1588 5413 caetera
1628 5361 1810 5429 praeda
1843 5363 1992 5430 ipsos

423 5464 544 5502 eum
569 5449 891 5518 coniugibus
916 5449 1074 5518 160
1125 5457 1286 5517 atque
1307 5449 1496 5504 liberis
1519 5468 1576 5503 se
1598 5452 1704 5507 illis
1731 5453 1992 5508 dedentes

425 5556 610 5594 secum
643 5541 1001 5594 abducerent.
1019 5540 1191 5610 llujus
1222 5541 1465 5596 criminis
1488 5543 1634 5597 nulla
1659 5556 1776 5599 erat
1797 5546 1995 5613 proba-

427 5633 524 5685 tio.
548 5630 724 5695 Quare
744 5631 931 5700 juuior
952 5633 1251 5702 imperator
1267 5650 1363 5690 eos
1384 5635 1576 5690 exsilio
1602 5637 1863 5692 multatos
1882 5654 1990 5693 non

428 5735 620 5790 parum
669 5721 1093 5792 indignabatur;
1130 5725 1338 5780 ferebat
1403 5735 1583 5781 tamen
1648 5727 1873 5794 tacitus,
1925 5744 1995 5783 ne.

423 5810 558 5880 Quid
605 5811 674 5868 ab
721 5814 805 5870 aii
849 5819 1120 5877 sententia
1160 5818 1476 5885 discrepare
1503 5819 1798 5875 videretur.

2092 4629 2142 4683 νί
2173 4644 2187 4658 ⁶
2227 4628 2342 4682 ἀλλ’
2370 4631 2433 4682 ἐκ
2457 4629 2566 4681 τῶν
2601 4627 2947 4698 πραγμάτων
2985 4625 3164 4680 αὐτῶν
3196 4625 3416 4696 μαθήσῃ
3446 4626 3660 4694 σαφῶς,

2089 4721 2166 4787 ὡς
2193 4714 2267 4775 ὧν
2300 4721 2400 4792 μὲν
2427 4719 2761 4790 ἀποσχέσθαι
2829 4718 2960 4784 ἔδει,
3004 4718 3180 4771 ταῦτα
3233 4717 3505 4788 προείλου,
3547 4717 3582 4771 ἀ
3605 4719 3666 4772 δὲ

2090 4815 2314 4885 ἔκρινας
2363 4812 2710 4875 καταλιπεῖν,
2760 4810 2969 4864 τούτων
3025 4804 3094 4880 ἧν
3167 4809 3379 4878 βέλτιον
3439 4808 3665 4879 ἔχεσθαι

2091 4909 2253 4960 παντὶ
2304 4906 2502 4959 σθένει.
2534 4903 2776 4957 Τοιαῦτα
2827 4901 3081 4970 βασιλεὺς
3113 4904 3140 4954 6
3175 4903 3290 4965 νέος
3347 4902 3536 4965 εἰπὼν,
3567 4920 3669 4955 κα-

2089 4998 2261 5061 ταϐὰς
2289 4997 2384 5049 τοῦ
2416 4997 2607 5059 ἵππου,
2671 4993 3002 5066 προσεκύνει
3035 4994 3129 5045 καὶ
3157 4994 3368 5046 ἀπόντα
3397 4992 3489 5044 τὸν
3515 4995 3669 5046 πάπ-

2093 5109 2192 5144 πον
2224 5092 2317 5143 καὶ
2350 5089 2594 5159 βασιλέα.
2631 5089 2739 5140 Καὶ
2769 5087 2796 5138 6
2827 5085 3122 5156 δίαρούλης
3154 5085 3210 5138 δὲ
3236 5085 3438 5154 ὁμοίως
3469 5086 3667 5156 ὥσπερ

2092 5185 2190 5238 καὶ
2221 5183 2480 5254 πρότερον
2515 5181 2621 5233 ἀπὸ
2655 5178 2749 5232 τοῦ
2778 5179 2995 5248 τείχους
3052 5179 3178 5248 σιγῇ
3209 5180 3308 5248 την
3349 5177 3668 5248 προσκύνη-

2094 5293 2178 5327 σιν
2211 5276 2438 5344 παρείχε
2471 5272 2550 5341 τῷ
2586 5272 2689 5340 νέῳ
2717 5269 2946 5338 βασιλεῖ.
2981 5265 3115 5322 Εἶτα
3162 5271 3258 5321 καὶ
3295 5272 3422 5332 τοὺς
3469 5269 3665 5331 ἄλλους

2091 5368 2217 5428 τοὺς
2279 5364 2386 5417 ἀπὸ
2443 5362 2537 5416 τοῦ
2592 5363 2805 5431 τείχους
2867 5362 3261 5430 ἀσπασάμενος
3311 5361 3338 5412 6
3387 5361 3662 5431 βασιλεὺς,

2094 5454 2441 5523 ἀνεχώρησεν
2475 5450 2706 5514 ἐκεῖθεν,
2736 5449 2833 5502 καὶ
2857 5444 3022 5519 ἦλθεν
3077 5450 3156 5510 εἰς
3187 5448 3518 5518 Σηλυϐρίαν.
3555 5450 3665 5501 Καὶ

2095 5547 2374 5614 διοικήσας
2417 5542 2485 5597 τὰ
2510 5536 2684 5612 ἐκεῖῇ
2737 5541 2884 5610 αὐτῷ
2929 5541 3108 5592 ἐδόκει
3143 5540 3342 5608 ἄριστα
3375 5540 3544 5609 ἔχειν,
3569 5541 3665 5592 καὶ

2097 5641 2331 5709 ἄρχοντα
2359 5636 2658 5705 ἐπιστήσας
2693 5634 3103 5704 Σηλυϐριανοῖς,
3129 5629 3293 5703 ἦλθεν
3327 5635 3405 5695 εἰς
3436 5632 3665 5702 Διδυμό-

2099 5743 2296 5795 τειχον,
2331 5724 2644 5778 καταλιπὼν
2666 5726 2722 5775 ἐν
2747 5722 3020 5792 Σηλυϐρίᾳ
3047 5723 3542 5792 παρακοιμὼμενον
3573 5723 3664 5774 τὸν

2110 5819 2468 5889 ’Λπόκιυχον,
2504 5817 2597 5881 ὡς’
2643 5817 2708 5870 ἂν
2737 5815 2790 5868 εἴ
2822 5831 2872 5868 τι
2937 5815 3235 5884 ἀσφαλείας
3282 5815 3450 5869 ἐνέδει
3499 5815 3666 5884 Σηλυη
