4028 6464
363 450 489 539 349‘
695 523 702 528 _
1546 452 2099 524 HISTORIARUM
2138 462 2375 527 LIBER
2424 463 2478 531 I.
3548 471 3652 534 350

363 542 517 610 ορίας
547 539 715 595 ἕνεκα
766 543 1283 616 καταστησάμενος,
1313 542 1583 617 ἀφίκηται
1612 544 1781 602 πάλιν
1815 546 1954 617 πρὸς
2000 551 2189 620 αὐτὸν,
2220 554 2249 607 δ
2305 554 2404 610 καὶ
2459 555 2721 626 ἐποίησεν
2777 555 2980 626 ὀλίγων
3025 555 3257 629 ἡμερῶν
3288 560 3442 615 εἵσω.
3478 560 3648 614 Βασι-

361 649 487 708 λεὺς
537 649 585 704 δ’
625 653 687 705 ιν
737 653 1109 726 Διδυμοτείχφ
1163 655 1504 727 προσέταξεν
1575 655 1934 727 ἀθροίζεσθαι
1979 650 2081 720 τὴν
2120 649 2383 721 στρατιάν
2412 667 2428 683 ο
2462 652 2571 704 καὶ·
2604 651 2668 706 οὗ
2714 651 2941 715 πολλαῖς
2993 649 3227 726 ὕστερον
3291 655 3556 724 ἡμέραις,
3597 654 3645 706 οἶ

364 750 505 838 κατὰ
537 748 763 838 Θρᾴκην
791 751 1058 822 συνῆλθον
1085 752 1290 817 πάντες
1357 752 1504 824 πλὴν
1526 751 1639 807 τῶν
1672 750 1970 820 Κομάνων,
2007 748 2103 814 οὒς
2151 748 2321 820 ὀλίγῳ
2367 747 2633 811 ὶλὰσσους
2693 747 2860 812 ὄντας
2900 748 3198 820 δισχιλίους
3248 748 3363 804 τὸν⁸
3392 751 3648 838 ἀριθμὸνς

364 836 525 909 (ἦσαν
551 840 596 892 δ’
628 836 774 895 οὗτοι
826 842 880 894 oi
905 844 970 897 ὲκ
1004 843 1324 913 Δαλματίας
1368 841 1447 914 τῷ
1522 842 1738 913 βασιλεῖ
1780 841 2179 913 προσελθόντες
2230 838 2454 910 Μιχαὴλ
2478 838 2558 908 τῷ
2578 841 2853 918 δευτέρῳ)
2884 841 3296 910 προστάξαντος
3366 842 3461 896 τοῦ
3512 836 3649 914 πρεέ

369 931 631 1000 σσδτέρου
679 933 944 1003 βασιλέως
999 936 1028 990 ὁ
1104 935 1377 1006 Τορνίκης
1437 935 1767 1005 Δνδρὸνικος
1821 933 1919 986 καὶ
1969 932 2306 1002 ὀΛάσκαρις
2347 930 2608 999 Μανουὴλ
2640 931 2953 999 ἀνέστησάν
3015 947 3073 984 τε
3105 933 3215 985 ἀπὸ
3260 932 3512 1005 Θρᾴκης,
3555 932 3650 987 καὶ

367 1026 488 1088 ταῖς
518 1027 703 1094 νήσοις
737 1026 948 1096 Λήμνῳ
1009 1028 1106 1081 καὶ
1168 1026 1335 1095 Θάσῳ
1387 1026 1775 1097 έγκατῴκισαν
1821 1025 1917 1079 καὶ
1945 1026 2012 1094 τῇ
2051 1023 2265 1093 Λέσϐῳ.
2319 1021 2478 1076 Δίτία
2507 1021 2564 1074 δὲ
2605 1016 2674 1092 ἦν
2705 1022 2802 1092 τῆς
2831 1022 3187 1085 ἀναστάσεως
3222 1023 3425 1087 αὐτῶν,
3491 1023 3642 1096 εὕδη

364 1119 456 1180 λος
493 1118 622 1188 μὲν,
684 1121 910 1190 οὐδεμία
940 1140 956 1156 ο
1003 1122 1225 1191 ἐλέγετο
1248 1122 1305 1176 δὲ
1360 1120 1437 1185 ῶς
1470 1121 1726 1191 βασιλεὺς
1771 1119 1998 1173 πύθοιτο
2030 1118 2158 1189 περὶ
2190 1116 2373 1171 αὐτῶν
2401 1116 2477 1183 ὡς
2506 1116 2694 1187 κρύφα
2722 1116 3056 1190 διαλεχθεϊεν
3095 1120 3236 1190 πρὸς
3266 1118 3395 1180 τοὺς
3444 1118 3648 1187 σατρά-

363 1229 476 1276 ⁸πας
526 1213 633 1267 τῶν
678 1214 923 1280 Σκυθῶν,
958 1215 1044 1269 ἵνα
1106 1215 1369 1287 στρατιὰν
1438 1215 1765 1286 πέμψαντες
1824 1212 2038 1267 ὲκεῖθεν
2109 1215 2247 1283 μετὰ
2298 1208 2402 1281 τῆς
2447 1210 2612 1281 ἄλλης
2665 1210 2816 1274 λείας
2881 1214 3214 1281 ἀπαγάγωσι
3279 1213 3372 1266 καὶ
3445 1210 3647 1265 αὐτοὺς

364 1313 507 1382 πρὸς
559 1308 655 1383 τὴν
719 1310 995 1382 Σκυθικὴν
1060 1312 1570 1382 προσχωρήσαντας
1622 1310 1737 1379 ἅμα
1796 1307 2013 1377 γυναιξὶ
2046 1307 2139 1359 καὶ
2186 1306 2418 1369 τέκνοις.
2491 1305 2795 1370 Ἀπόδειξις
2835 1305 2893 1358 δὲ
2934 1300 3002 1376 ἦν
3052 1306 3152 1375 τῆς
3208 1305 3392 1368 αἰτίας
3440 1305 3647 1374 ταύτης

363 1404 612 1473 οὐδεμία.
678 1401 770 1455 Διδ
803 1403 898 1456 καὶ
949 1402 1207 1473 βασιλεὺς
1266 1404 1294 1457 ό
1344 1404 1468 1467 νέος
1519 1402 1904 1473 ἐδεσχέραινεν
1946 1401 2007 1454 οὐ
2040 1398 2318 1471 κμετρίως
2397 1397 2579 1452 αὐτῶν
2645 1398 3048 1468 ἀνισταμένων.
3090 1400 3330 1468 Ἢνεγκε
3394 1398 3452 1453 δὲ
3487 1403 3642 1472 σιγῇ,

364 1500 445 1570 τῷ
504 1500 580 1572 μὴ
642 1500 845 1553 ,δοκεῖν
907 1499 1131 1556 ἐναντία
1213 1498 1507 1573 βούλεσθαι
1582 1500 1648 1570 τῇ
1725 1495 1994 1569 βασιλέως
2033 1496 2254 1570 γνώμῃ.

1815 1614 2044 1672 CAPUT
2086 1615 2198 1671 ιιι.

363 1711 726 1767 Protostrator
762 1712 998 1767 Thracia:
1030 1719 1228 1779 prcetor
1254 1720 1489 1766 creatur.
1519 1710 1851 1765 Andronicus
1879 1724 2039 1778 nepos
2083 1725 2203 1780 cum
2239 1728 2432 1780 magno
2463 1711 2744 1765 domestico
2774 1715 2827 1780 et
2866 1706 3023 1776 parte
3057 1709 3330 1779 copiarum
3380 1710 3436 1761 in
3468 1704 3651 1763 Mace—

438 1784 651 1837 doniam
683 1800 801 1836 cum
830 1778 1058 1837 hostibus
1090 1783 1429 1852 conﬂicturus
1460 1782 1591 1837 abit.
1629 1785 1859 1852 Mater
1890 1778 2485 1852 apungrutiano—polin
2510 1783 2731 1837 invenit.
2763 1779 2826 1833 In
2860 1782 3031 1835 hostes
3076 1780 3186 1832 itur
3216 1780 3361 1852 εθιιὶ
3408 1781 3648 1852 timentes

435 1856 553 1914 sibi.
601 1853 799 1908 Pheras
843 1853 1154 1907 concedunt.
1190 1844 1427 1923 iliclma!
1479 1852 1704 1923 deditio.
1763 1844 1953 1923 Hostes
1990 1848 2175 1923 Pheris
2208 1852 2293 1923 μά
2339 1844 2583 1923 pugnam
2629 1852 2750 1904 elici
2797 1866 2905 1905 non
2960 1858 3201 1921 possunt.
3239 1844 3317 1904 De
3365 1849 3649 1921 postulatis

434 1924 749 1995 prmstaudis
777 1940 835 1978 se
859 1931 1149 1988 excusant;
1187 1922 1513 1977 Damesticus
1540 1920 1891 1977 recedendum
1928 1920 2143 1974 suadet.
2197 1919 2456 1976 licinium
2486 1922 2729 1976 redeunt.

450 2042 607 2097 Ἐπεὶ
640 2041 696 2094 δὲ
729 2040 1085 2111 συνήθροιστο
1114 2042 1148 2111 ἡ
1182 2040 1410 2113 στρατια
1431 2079 1446 2104 ,
1477 2038 1570 2092 τὸν
1605 2040 1703 2111 μὲν
1736 2055 1949 2108 πρωτοο

2136 2038 2391 2094 Exercitu
2417 2040 2531 2111 jam
2560 2047 2914 2108 congregato,
2950 2039 3250 2108 imperator
3281 2046 3649 2109 prolostrato-

369 2136 641 2206 στράτορα
676 2134 929 2205 βασιλεὺς
958 2134 1057 2205 τῆς
1088 2134 1313 2205 Θρᾴκης
1345 2132 1626 2200 ἀπέδειξεν
1659 2133 1952 2202 ἐπίτροπον

364 2229 569 2297 πάσης.
616 2224 929 2279 καταλιπὼν
978 2224 1127 2295 αὐτῷ
1176 2225 1271 2279 καὶ
1326 2225 1490 2296 μέρος
1539 2225 1638 2294 τῆς
1692 2224 1952 2295 στρατιᾶς

366 2319 510 2374 ὥστε
535 2317 790 2373 δύνασθαι
817 2316 952 2388 πρὸς
978 2316 1104 2380 τούς
1133 2317 1196 2369 ἐκ
1224 2314 1522 2381 Βυζαντίου
1552 2315 1818 2385 ἀντέχειν.
1846 2314 1956 2366 Αὐ-

366 2411 457 2475 τδς
487 2410 544 2464 δὲ
573 2409 688 2478 ἅμα
711 2407 789 2478 τῷ
820 2406 1047 2477 μεγάλῳ
1076 2405 1381 2478 δομεστίκῳ
1406 2407 1507 2474 τὴν
1535 2406 1815 2459 ἐπίλοιπον
1845 2422 1952 2458 πα-

373 2502 625 2575 ραλαδὼν
648 2500 783 2572 πρὸς
808 2498 1152 2554 Μακεδονίαν
1180 2499 1394 2570 ἐχώρει,
1420 2497 1495 2561 ῶς
1526 2499 1644 2551 ἐκεῖ
1675 2497 1845 2567 μαχού
1856 2513 1954 2566 με-

370 2611 463 2659 νος
495 2597 604 2657 τοῖς
642 2596 706 2647 ὲκ
735 2592 835 2663 τῆς
871 2591 1112 2661 ἑσπέρας
1145 2591 1238 2644 τοῦ
1275 2589 1649 2662 πρεσϐυτέρου
1687 2588 1954 2660 βασιλέως

375 2687 713 2760 στρατηγοῖς.
751 2683 1019 2738 Ἐπύθετο
1056 2684 1165 2756 γὰρ
1205 2684 1403 2748 αὐτοὺς
1444 2685 1508 2737 ἐκ
1542 2684 1648 2737 τῶν
1682 2683 1952 2745 ἑσπερίων

380 2780 577 2834 πόλεων
600 2778 856 2848 στρατιὰν
876 2777 976 2831 οὐκ
999 2777 1482 2847 εὐκαταφρόνητον
1505 2775 1949 2847 συνηθροικότας,

391 2872 503 2940 ἅμα
524 2870 575 2925 δὲ
601 2870 698 2925 καὶ
725 2868 1012 2942 Τρισαλῶν
1040 2870 1141 2923 οὐκ
1170 2868 1361 2937 ὀλίγην
1391 2869 1714 2940 συμμαχίαν
1742 2868 1950 2937 έπαγο-

386 2963 568 3035 μένους
610 2964 808 3036 χωρεῖν
851 2962 974 3016 κατ’
1002 2961 1193 3016 αὐτοῦ.
1237 2961 1497 3034 Βασιλίδα
1540 2960 1596 3014 δὲ
1641 2962 1739 3032 τὴν
1786 2959 1953 3014 αὐτοῦ

376 3055 619 3127 γαμετὴν
641 3056 700 3109 ὲν
724 3053 1094 3126 Διδυμοτείχῳ
1125 3053 1518 3107 καταλέλοιπεν
1546 3052 1662 3123 ἅμα
1688 3055 1752 3124 τῇ
1782 3051 1950 3105 αὐτοῦ

371 3148 495 3220 θείᾳ
525 3146 776 3218 Θεοδὼρᾳ
802 3148 884 3218 τῇ,
904 3146 1333 3219 Καντακουζηνῇ
1365 3148 1432 3217 τῇ
1463 3145 1559 3199 τοῦ
1597 3144 1834 3214 μεγάλου
1869 3144 1955 3198 δο-

370 3241 634 3315 μεστίκου
675 3239 862 3310 μητρί.
893 3237 1191 3308 Γενόμενος
1230 3238 1287 3292 δὲ
1327 3239 1385 3291 έν
1421 3237 1756 3306 Γρατζιάνου
1797 3237 1953 3291 πόλει

2060 2147 2178 2188 rem
2214 2130 2488 2186 universae
2522 2128 2771 2185 Thracia:
2816 2130 3078 2200 praeﬁcit;
3113 2139 3325 2200 partem
3358 2133 3644 2200 copiarum

2058 2225 2126 2281 ad
2164 2225 2485 2296 Byzantinis
2509 2223 2936 2294 erumpentibus
2976 2223 3352 2279 resistendum
3395 2225 3446 2279 ei
3489 2226 3647 2280 attri-

2058 2320 2221 2385 buit;
2276 2333 2399 2373 cum
2461 2320 2634 2374 altera
2688 2327 2847 2388 parte
2914 2325 2971 2371 et
3013 2332 3210 2386 magno
3246 2316 3550 2371 domestico
3588 2318 3643 2372 in

2059 2412 2433 2469 Macedoniam
2471 2412 2667 2472 tendit,
2711 2411 2787 2465 ibi
2839 2425 2971 2466 cum
3007 2409 3247 2464 ducibus
3295 2410 3533 2465 senioris
3575 2425 3645 2465 ex

2058 2504 2353 2560 occidente
2386 2504 2541 2573 signa
2587 2502 2921 2564 collaturus.
2955 2516 3097 2570 quos
3129 2516 3197 2555 ex
3229 2500 3462 2556 urbibus
3499 2503 3648 2557 occi-

2060 2598 2378 2653 dentalibus
2423 2612 2534 2652 nou
2569 2595 2981 2650 contemnendo
3021 2594 3258 2651 collecto
3299 2595 3543 2665 agmine,
3589 2603 3645 2650 et

2059 2704 2185 2745 cum
2216 2688 2586 2743 Triballorum
2621 2702 2733 2741 non
2766 2684 3002 2740 modicis
3034 2685 3256 2739 auxiliis
3281 2700 3340 2738 se
3364 2699 3648 2755 oppugna-

2060 2795 2178 2840 tum
2229 2781 2423 2836 venire
2470 2779 2844 2835 intellexerat.
2893 2780 3130 2837 Uxorem
3183 2779 3484 2847 Augustam
3517 2794 3644 2834 cum

2057 2871 2390 2930 consobrina
2437 2870 2731 2926 Theodora
2773 2869 3183 2935 Cantacuzena,
3240 2873 3420 2942 magni
3454 2871 3643 2928 domec

2061 2965 2185 3020 stici
2219 2974 2417 3028 matre,
2449 2961 2825 3034 Didymoticlii
2862 2961 3145 3031 relinquit.
3176 2960 3474 3032 Postquam
3510 2961 3644 3020 Gra-

2061 3056 2366 3127 tianOpolin
2409 3056 2466 3110 in
2510 3054 2713 3108 ﬁnibus
2743 3053 2995 3109 Thraciae
3026 3054 3265 3124 positam
3302 3054 3504 3124 attigit,
3539 3055 3638 3110 Xe-

2059 3167 2188 3207 nam
2226 3161 2458 3206 matrem
2496 3147 2933 3218 imperatrieem,
2977 3163 3137 3203 suum
3185 3146 3448 3219 Byzantio
3499 3149 3641 3203 redi-

2064 3255 2180 3301 tum
2203 3244 2637 3316 praestolantem,
2663 3242 2899 3297 invenit.
2917 3240 3054 3295 Nam
3080 3241 3383 3296 etiamnum
3407 3241 3644 3298 durante
3720 3251 3743 3269 ί

350 3334 504 3403 ’περὶ
529 3331 752 3395 ἐκϐολὰς
779 3330 879 3400 τῆς
906 3330 1129 3402 Θρᾴκης
1160 3331 1392 3403 κειμένῃ
1414 3371 1429 3395 ,
1457 3329 1627 3401 Ξένην
1651 3329 1818 3383 αὐτοῦ
1853 3348 1953 3400 μη-

2062 3337 2295 3402 laedere,
2349 3351 2379 3390 a
2430 3348 2731 3404 prosocero
2777 3331 3114 3401 imperatore
3147 3334 3531 3397 contenderat,
3583 3342 3645 3389 ut

366 3426 505 3498 τέρα
531 3423 627 3496 τὴν
658 3422 906 3494 βασιλίδα
931 3423 1034 3493 τὴν
1064 3422 1127 3476 ὲκ
1160 3421 1458 3486 Βυζαντίου
1491 3422 1751 3478 ἐπάνοδον
1781 3422 1950 3477 αὐτοῦ

2060 3428 2164 3484 sibi
2204 3428 2270 3483 ad
2315 3425 2714 3481 monasterium
2741 3423 3173 3486 Thessalonicae,
3220 3416 3276 3478 in
3312 3439 3422 3493 quo
3454 3439 3645 3480 mona-

371 3515 770 3587 περιμένουσαν
802 3508 983 3583 εὗρεν.
1018 3513 1170 3584 Αὕτη
1202 3514 1332 3585 γὰρ,
1370 3514 1451 3568 έτι
1483 3515 1595 3568 τῶν
1629 3515 1766 3586 πρὸς
1788 3515 1957 3586 ἀλλή-

369 3611 496 3673 λους
529 3611 640 3673 τοῖς
674 3606 952 3676 βασιλεῦσι
992 3607 1235 3661 σπονδῶν
1269 3607 1478 3675 οὐσῶν,
1517 3609 1655 3680 πρὸς
1690 3608 1959 3680 βασιλέως

371 3702 612 3775 ᾐτήσατο
631 3698 724 3753 τοῦ
752 3697 1019 3768 κηδεστοῦ
1048 3698 1186 3768 πρὸς
1212 3698 1616 3770 Θεσσαλονίκην
1640 3703 1697 3754 ὲν
1720 3694 1764 3770 ᾧ
1793 3717 1960 3772 φρον-

372 3795 637 3865 τιστηρίῳ
665 3792 728 3846 τὸ
763 3790 1054 3862 μοναχικδν
1085 3791 1404 3862 ὴμφιάσατο
1440 3791 1630 3863 σχῆμα
1661 3794 1826 3847 πάλιν
1859 3794 1958 3846 έπ-

374 3884 616 3942 ανελθεῑν
641 3900 655 3914 ⁸
690 3885 787 3938 καὶ
825 3881 1136 3955 ἐπετράπη.
1181 3881 1269 3946 Ὠς
1301 3880 1359 3936 δὲ
1398 3883 1603 3955 μεταξύ
1637 3887 1738 3955 τῆς
1769 3884 1893 3938 ὁδοῦ
1927 3886 1955 3939 ὁ

374 3977 512 4049 πρὸς
541 3974 804 4046 ἀλλήλους
835 3974 945 4027 τῶν
979 3972 1247 4044 βασιλέοιν
1278 3974 1516 4040 πόλεμος
1548 3975 1915 4049 ἀνερῤιπίσθη
1936 4016 1953 4043 ,

370 4069 587 4141 εμεινεν
636 4068 695 4121 ὲν
745 4066 1080 4137 Γρατζιάνου
1134 4065 1362 4120 δείσασα
1411 4067 1512 4138 τὴν
1563 4068 1796 4134 ἀταξίαν
1846 4069 1956 4125 τῶν

373 4162 664 4233 ἑσπερίων.
703 4161 793 4225 Ὦς
823 4160 933 4231 γὰρ
959 4158 1203 4231 ἠγγέλθη
1236 4159 1420 4224 αὐτοῖς
1452 4160 1534 4214 ὅτι
1566 4160 1871 4217 διελέλυντο
1898 4165 1954 4219 αί

374 4254 624 4318 σπονδαὶ,
654 4252 780 4315 τούς
810 4251 889 4322 τῷ
918 4252 1028 4323 νέῳ
1058 4250 1274 4322 βασιλεῖ
1302 4253 1734 4323 προσκειμένους
1767 4248 1955 4325 εἶρξαν

370 4361 431 4400 τε
469 4346 679 4407 πάντας
718 4347 813 4400 καὶ
850 4341 999 4416 εἶχον
1029 4345 1088 4398 ὲν
1122 4345 1337 4417 φρουρᾷ
1362 4361 1376 4375 ·
1414 4346 1627 4417 ἡμέρας
1669 4347 1727 4401 δὲ
1766 4348 1956 4418 ὀλίγας

371 4437 489 4509 ἅμα
516 4441 582 4510 τῇ
617 4438 787 4510 μητρὶ
815 4436 1105 4510 διατρίψας
1134 4437 1323 4504 αὐτοῦ,
1356 4438 1481 4492 ἐπεὶ
1510 4441 1544 4510 ἡ
1577 4441 1640 4492 ὲκ
1667 4441 1764 4510 τῆς
1794 4441 1955 4495 ἐσπέ-

372 4547 474 4602 ρας
504 4529 736 4601 στρατιὰ
764 4529 1007 4601 ἠγγέλθη
1037 4529 1167 4601 περὶ
1192 4529 1422 4601 Δράμαν
1445 4533 1542 4587 καὶ
1561 4533 1661 4603 τὴν
1682 4533 1952 4590 Φιλίππου

370 4623 556 4687 πόλεις
582 4622 962 4687 Μακεδονικὰς
991 4622 1577 4692 ἐστρατοπεδευκέναι,
1610 4626 1731 4696 Θεῷ
1764 4627 1856 4680 καὶ
1885 4629 1950 4699 τῇ

2059 3522 2257 3577 sticum
2306 3519 2579 3574 induisset
2625 3517 2900 3580 habitum,
2950 3516 3136 3571 redire
3185 3516 3269 3572 ias
3313 3525 3496 3585 esset;
3531 3533 3644 3588 quo

2056 3624 2188 3669 voto
2226 3613 2399 3683 potita
2437 3611 2706 3667 est.’Dutn
2738 3621 2923 3663 autem
2955 3608 3351 3679 proﬁciscitur,
3382 3609 3528 3665 bello
3560 3610 3644 3665 in-

2058 3713 2146 3760 ter
2184 3704 2551 3774 imperatores
2595 3703 2897 3766 concitato,
2943 3700 3346 3770 Gratianopoli,
3377 3700 3646 3773 Occiden-

2060 3796 2251 3851 talium
2297 3794 2592 3849 tumultum
2635 3801 2691 3847 et
2742 3792 3104 3847 insolentiam
3143 3800 3399 3847 metuens
3440 3792 3647 3849 substi-

2058 3887 2147 3942 tit.
2207 3885 2408 3941 Statim
2456 3885 2605 3939 enim
2666 3893 2834 3954 atque
2888 3885 3208 3939 nuntiatum
3274 3893 3399 3948 est,
3460 3885 3644 3941 fmdus

2058 3979 2313 4050 periisse,
2348 3986 2622 4048 quotquot
2654 3977 2826 4033 rebus
2869 3976 3117 4051 iunioris
3146 3977 3288 4033 bene
3322 3978 3640 4048 cupiebant,

2060 4070 2114 4125 in
2150 4069 2461 4125 custodiam
2497 4067 2611 4123 dati
2647 4077 2798 4124 sunt.
2845 4068 3044 4124 Paucis
3074 4085 3243 4141 porro
3284 4070 3484 4126 diebus
3517 4085 3643 4126 cum

2056 4171 2235 4217 matre
2262 4161 2628 4230 consumptis,
2660 4160 2753 4215 ubi
2787 4162 3018 4215 nuntius
3057 4161 3257 4216 allatus
3283 4171 3388 4227 est,
3430 4163 3647 4219 exerci-

2059 4264 2173 4311 tum
2202 4253 2601 4309 occidentalem
2636 4252 2781 4308 circa
2819 4252 3074 4306 Dramam
3108 4262 3165 4307 et
3207 4252 3491 4322 Philippos
3530 4252 3644 4308 Ma-

2057 4348 2303 4404 cedoniae
2340 4347 2539 4418 uppl'tla
2588 4346 2996 4409 castrametari,
3044 4344 3221 4400 Deum
3268 4346 3497 4416 ejusque
3539 4345 3643 4400 Pa-

2055 4450 2270 4494 rentem
2316 4437 2683 4493 castissimam
2735 4445 3142 4507 comprecatus,
3192 4445 3248 4492 et
3301 4436 3637 4493 sacriﬁcium

2055 4532 2236 4589 laudis
2260 4532 2458 4587 iisdem
2492 4531 2840 4594 sacriﬁcans,
2865 4530 3465 4603 jussitjusjurandum,
3488 4531 3640 4601 quod

2060 4642 2194 4682 avus
2228 4628 2281 4682 iu
2313 4626 2522 4683 [cedere
2549 4623 2854 4681 sanciendo
2880 4625 3096 4696 jurarat
3123 4633 3176 4678 et
3203 4640 3426 4679 servare
3457 4640 3515 4679 se
3542 4640 3645 4695 pu~

371 4718 629 4788 πανάγνῳ
666 4715 831 4771 αὐτοῦ
876 4719 1047 4790 μητρὶ
1084 4717 1404 4787 εὐξάμενος,
1442 4719 1535 4771 καὶ
1577 4719 1769 4775 θυσίαν
1805 4720 1951 4775 αἰνέ-

2061 4720 2231 4783 tabat,
2272 4720 2328 4774 in
2360 4719 2565 4774 vexillo
2592 4716 2883 4788 suspendi,
2912 4725 2973 4771 et
3020 4727 3170 4773 recta
3203 4716 3258 4771 in
3299 4716 3489 4773 hostes
3516 4732 3644 4787 pro-

354 4826 512 4873 ,σεως
545 4810 728 4873 αὐτοῖς
760 4807 929 4871 θύσας
949 4848 964 4872 ,
997 4809 1124 4870 τοὺς
1157 4810 1249 4862 ἐπὶ
1278 4812 1399 4874 ταῖς
1433 4812 1688 4875 σπονδαῖς
1721 4829 1956 4884 γεγενη-

375 4902 569 4972 μένους
597 4899 689 4954 τοῦ
721 4899 1094 4971 πρεσϐυτέρου
1131 4900 1397 4972 βασιλέως
1423 4903 1641 4975 ὅρκους,
1670 4903 1764 4967 οὓς
1791 4906 1955 4968 αὐτὸς

372 4991 510 5064 ᾤετο
546 4992 791 5065 εὐορκεῖν
811 5031 826 5056 ,
864 4991 1153 5049 ἐκέλευσεν
1185 4993 1279 5048 ἐπὶ
1311 4990 1414 5063 τῆς
1451 4997 1692 5065 σημαίας
1722 4997 1955 5050 ἀναθέν-

373 5102 475 5149 τας
523 5085 650 5138 εὐθύ
698 5087 898 5159 χωρεῖν
939 5083 1050 5139 τῶν
1099 5086 1397 5156 πολεμίων.
1442 5087 1851 5160 Ἐστρατήγουν
1896 5089 1954 5143 δὲ

370 5177 549 5231 αὐτῶν
573 5178 602 5232 ὃ
625 5193 685 5230 τε
710 5175 803 5230 τοῦ
831 5175 1206 5248 πρεσϐυτέρου
1236 5178 1506 5248 βασιλέως
1534 5179 1755 5248 ἀνεψιὸς
1793 5179 1954 5234 Ἀσά-

370 5285 468 5339 νης
496 5268 746 5338 Μιχαὴλ,
773 5270 870 5323 καὶ
895 5267 924 5321 ὁ
955 5265 1199 5339 ὕπαρχος
1228 5256 1553 5342 Μονομάχος
1573 5310 1586 5335 ,
1616 5273 1711 5326 καὶ
1739 5272 1767 5325 ὁ
1801 5288 1954 5343 πρω-

368 5361 737 5429 τοσεστιάριος
774 5359 1139 5430 Παλαιολόγος
1170 5363 1519 5435 Δνδρόνικος,
1551 5365 1665 5430 ικαὶ
1703 5365 1797 5419 ἐπὶ
1828 5365 1955 5419 τού-

369 5469 484 5516 τοις
514 5454 825 5524 Δημήτριος
855 5453 882 5505 ὁ
908 5453 1176 5522 δεσπάιης
1203 5456 1231 5508 ὁ
1255 5454 1351 5509 τοῦ
1384 5455 1651 5526 βασιλέως
1682 5459 1817 5523 υἱός.
1843 5455 1952 5512 Τοῦ

373 5544 433 5597 δι
460 5544 527 5598 ὲκ
549 5544 654 5599 τῶν
680 5543 966 5615 Τριϐαλῶν
995 5547 1349 5617 συμμαχικοῦ
1381 5547 1703 5605 δυοκαίδεκα
1731 5552 1951 5620 ταγμά-

369 5652 483 5690 των
508 5634 696 5703 ὅντων,
725 5638 753 5690 ὁ
781 5635 999 5708 Χρέλης
1025 5639 1355 5711 ἐστρατήγει
1378 5679 1395 5706 ,
1421 5641 1530 5697 τῶν
1555 5659 1614 5698 τε
1642 5644 1793 5716 παρὰ
1818 5645 1952 5715 Τρι-

373 5724 558 5788 σαλοῖς
585 5724 921 5797 εὐπατριδῶν
950 5729 1048 5783 καὶ
1077 5728 1302 5801 ἀνδρίας
1332 5734 1428 5787 καὶ
1457 5734 1753 5806 ἐμπειρίας
1784 5753 1952 5808 στρα-

370 5815 610 5888 τηγικῆς
641 5816 710 5871 τὰ
747 5817 941 5890 πρῶτα
983 5819 1167 5891 φέρων
1199 5822 1331 5895 παρ’
1359 5824 1565 5891 αὐτοῖς.
1593 5827 1747 5898 Ἅμα
1784 5828 1842 5884 δὲ
1874 5829 1954 5902 τῷ

382 5906 626 5979 δψασθαι
644 5908 740 5981 τῆς
759 5912 848 5966 ἐπ’
864 5911 1109 5977 ὲκείνους
1124 5911 1268 5983 ὁδοῦ,
1293 5917 1321 5971 ὁ
1344 5914 1598 5988 βασιλεὺς
1619 5920 1953 5990 πρόσταγμα

2056 4813 2278 4878 cedere,
2331 4826 2566 4881 quorum
2622 4810 2816 4876 duces,
2870 4809 3225 4879 imperatoris
3275 4809 3516 4865 senioris
3568 4827 3637 4866 ex

2054 4918 2244 4959 sorore
2302 4901 2492 4964 ﬁlius,
2546 4899 2776 4954 Michael
2836 4900 3066 4962 Asanes,
3124 4908 3183 4952 et
3246 4897 3640 4952 Monomaclius

2052 4995 2368 5065 prtet'ectus,
2400 4992 2556 5063 161
2594 5002 2651 5047 et
2678 4990 3034 5046 Andronicus
3074 4989 3413 5060 Palasologus
3457 4998 3641 5057 proto-
3730 4980 3741 4985 ’

2054 5087 2372 5150 vestiarius,
2408 5101 2472 5140 ac
2508 5094 2630 5155 post
2670 5098 2768 5139 eos
2808 5083 3124 5138 Demetrius
3162 5083 3416 5155 despota,
3465 5085 3641 5153 impe-

2055 5183 2258 5238 ratoris
2298 5181 2481 5248 ﬁlius;
2535 5178 2911 5235 Triballorum
2959 5178 3637 5235 duodecim'cohortibus

2050 5275 2279 5333 Chreles
2309 5286 2577 5346 praeerat;
2622 5274 2716 5343 qui
2767 5274 2911 5329 inter
2966 5273 3178 5341 nobiles
3228 5288 3342 5328 suae
3395 5272 3638 5326 nationis

2050 5368 2384 5423 fortitudine
2446 5374 2504 5422 et
2547 5365 2769 5422 bellicis
2808 5364 3074 5420 laudibus
3120 5364 3487 5420 antecellebat
3519 5378 3638 5417 om-

2051 5460 2239 5515 nibus.
2271 5458 2448 5515 Simul
2487 5469 2671 5513 autem
2702 5457 2849 5513 viam
2891 5456 3126 5529 ingressi
3157 5464 3306 5520 sunt,
3336 5455 3635 5525 imperator

2046 5553 2234 5622 junior
2285 5549 2604 5621 huiusmodi
2653 5549 2974 5605 mandatum
3023 5549 3093 5604 ad
3138 5563 3234 5604 eos
3285 5548 3454 5602 mittit
3498 5565 3513 5601 :
3560 5543 3631 5600 illi

2052 5653 2247 5716 patrue
2295 5643 2551 5715 despota,
2612 5652 2668 5700 et
2719 5658 2820 5698 vos
2873 5641 3095 5714 cognati
3141 5642 3273 5717 mei,
3320 5641 3632 5713 reliquique

2052 5736 2336 5807 principes
2374 5736 2679 5801 exercitus,
2726 5743 2992 5806 quantam
3020 5733 3463 5800 venerationem,
3503 5736 3636 5806 obe-

2052 5829 2341 5893 dientiam,
2377 5839 2433 5885 et
2472 5844 2716 5885 amorem
2747 5844 2851 5885 avo
2882 5843 3005 5884 meo
3034 5828 3307 5886 hactenus
3346 5829 3635 5902 impendes

2054 5919 2182 5989 τίω,
2231 5929 2287 5976 ct
2316 5920 2594 5988 quomodo
2639 5920 2846 5978 bellum
2875 5934 2907 5976 a
2942 5934 3029 5976 me
3059 5934 3411 5985 nequaquam
3440 5930 3625 5978 ortum
