4028 6438
349 340 459 402 355
617 306 622 310 ’
1515 323 1840 386 JOANNIS
1881 317 2409 382 CANTACUZENI
2718 371 2742 392 ,
3328 335 3334 340 ·
3491 307 3600 371 356

348 453 452 524 ipsi
487 453 668 505 facere
698 463 820 518 qua:
855 447 1004 510 velit,
1051 459 1283 514 quaeque
1335 441 1439 496 sibi
1495 441 1770 493 fructuosa
1818 453 1919 507 pu-

2041 440 2303 502 ίπρακτος
2338 429 2677 500 καθεδοῦμαι
2715 427 2884 500 μηδὲν
2917 425 3086 480 κινῶν
3118 425 3242 479 ὅσον
3274 421 3344 477 ἂν
3377 421 3601 490 συμϐῶο

353 544 572 600 taverit.
612 540 740 596 Haec
797 541 969 593 duces
1009 534 1354 604 imperatoris
1400 531 1637 586 senioris
1689 544 1919 598 respou-

350 637 573 691 derunt.
606 631 822 698 Quibus
867 645 897 683 e
933 627 1081 681 Luca
1116 630 1412 704 perceptis,
1445 622 1635 692 junior
1661 635 1920 690 proceres

353 741 486 783 suos
515 723 693 792 coegit
724 736 934 778 omnes.
973 726 1029 772 et
1069 717 1200 786 quid
1247 715 1538 785 agendum,
1587 714 1642 766 in
1695 713 1920 765 consul-

356 821 563 874 tatione
605 816 810 884 posuit.
866 810 1025 882 164
1077 809 1254 878 Magni
1304 805 1590 860 domestici
1629 803 1918 857 consilium

358 911 482 976 fuit,
515 908 906 968 recedendum,
934 913 991 956 et
1041 916 1164 954 cum
1213 899 1420 952 nullum
1461 911 1643 966 Operae
1681 895 1918 964 pretium

359 1005 853 1070 consequerentur,
882 1011 988 1049 non
1027 1008 1147 1047 esse
1195 1002 1402 1046 temere
1431 989 1746 1056 frustraque
1771 989 1922 1040 labo-

367 1094 640 1156 randum;
698 1104 878 1156 neque
927 1085 1074 1140 enim
1121 1084 1330 1136 Pheras
1379 1090 1812 1149 expugnaturos.
1865 1085 1919 1130 et

357 1184 614 1236 obsessos
666 1178 872 1230 milites
921 1190 1046 1229 cum
1094 1173 1330 1227 ducibus
1377 1185 1478 1224 uec
1533 1170 1681 1238 ipsos
1713 1166 1922 1220 inlicia-

357 1284 534 1337 ιιιιιος,
561 1284 841 1339 nuuquam
880 1282 940 1322 se
984 1267 1194 1320 directa
1226 1263 1343 1317 acie
1371 1261 1659 1316 nobiscum
1689 1274 1922 1314 ausuros

361 1363 641 1433 congredi.
679 1363 747 1415 At
777 1361 948 1422 enim,
977 1357 1199 1423 objiciet
1236 1355 1531 1424 quispiam,
1563 1368 1672 1406 non
1712 1360 1796 1406 est
1826 1353 1924 1404 ha-

358 1457 532 1510 benda
564 1455 697 1506 lides
730 1451 913 1504 verbis
945 1451 1204 1510 hostium,
1239 1447 1330 1514 qui
1359 1459 1574 1514 semper
1604 1443 1670 1497 iis
1711 1451 1926 1496 contra-

2028 543 2129 596 μεν
2155 526 2348 596 χρόνον
2367 563 2382 589 ,
2413 523 2516 584 ἓως
2547 521 2614 575 ἂν
2642 521 2671 572 6
2702 518 2980 590 πεμφθεὶς
3011 517 3148 587 πρὸς
3181 515 3407 584 βασιλέα
3435 515 3603 566 ἐπαν-

2026 615 2152 687 ήξῃ.
2186 614 2307 669 Κᾶν
2340 613 2438 682 μὲν
2468 611 2625 674 αὖθις
2654 614 2683 664 ὁ
2713 609 2966 680 βασιλεὺς
3000 608 3077 678 μὴ
3107 603 3471 677 προσδέξηται
3499 604 3604 674 τὴν

2025 708 2270 777 εἰρήνην,
2304 702 2572 759 ἅπτεσθαι
2623 703 2718 755 τοῦ
2752 701 3016 770 πολέμου,
3051 698 3118 752 ἂν
3149 698 3204 749 δὲ
3239 697 3376 750 Θεοῦ
3411 713 3606 748 συνευ-

2026 797 2308 859 δοκοῦντος
2335 797 2424 848 τὸν
2450 796 2683 864 πόλεμον
2711 792 2944 864 ἐθελήσῃ
2974 790 3335 851 καταθέσθαι,
3361 789 3605 858 παρέξο-

2031 905 2129 960 μαι
2163 889 2290 957 ὑμῖν
2321 888 2430 954 ἐγὼ
2463 887 2673 942 πίστεις
2712 885 2940 953 ίσχυράς
2973 882 3041 936 δι’
3064 883 3245 950 ὅρκων
3276 878 3366 931 τοῦ
3404 878 3604 946 μηδενὶ

2031 981 2499 1050 μνησικακήσειν,
2537 980 2590 1031 εῖ
2618 995 2702 1040 τις
2737 979 2833 1030 καὶ
2861 974 2957 1027 τοῦ
2992 975 3263 1043 παρόντος
3295 970 3475 1035 ἔδοξεν
3513 973 3606 1024 αἱ·

2029 1073 2290 1135 τιώτατος
2339 1069 2589 1140 γενέσθαι
2642 1069 2912 1138 πολέμου,
2954 1067 3094 1121 ἀλλά
3141 1066 3306 1118 πᾶσιν
3352 1064 3604 1132 εὐμενῶς

2027 1165 2316 1226 διατεθεὶς,
2355 1163 2656 1231 ἀσφάλειαν
2697 1168 2792 1215 καὶ
2835 1159 3143 1228 ἀμνηστίαν
3186 1155 3446 1238 παρέξειν
3487 1153 3604 1207 τῶν

2030 1259 2236 1312 κακῶν.
2265 1256 2500 1310 Τοιαῦτα
2531 1255 2629 1324 μὲν
2658 1257 2794 1323 πρὸς
2822 1254 3020 1315 αὐτοὺς
3049 1255 3076 1304 6
3107 1252 3318 1312 Λουκᾶς
3349 1251 3412 1300 ὲκ
3445 1248 3603 1317 βασι-

2029 1351 2162 1409 λέως
2197 1347 2316 1401 εἷπε
2346 1349 2438 1401 τοῦ
2473 1348 2618 1401 νέου.
2650 1349 2712 1399 Oi
2744 1347 2801 1401 δὲ
2839 1347 3278 1416 μεταστήσαντες
3313 1343 3474 1395 αὐτὸν
3506 1340 3604 1392 επὶ

2035 1440 2230 1508 μικρζν
2258 1437 2398 1488 ὥστε
2429 1436 2822 1505 βουλεύσασθαι
2849 1435 2932 1503 ἐφ’
2974 1434 3198 1495 ἑαυτῶν,
3233 1432 3396 1486 πάλιν
3431 1447 3571 1499 μετα

361 1549 437 1600 ria
465 1547 796 1614 loquuntur,
827 1558 950 1611 quae
977 1541 1158 1594 facere
1190 1539 1598 1592 machinantur.
1645 1535 1758 1603 Ego
1795 1549 1925 1587 vero

2041 1529 2418 1594 καλεσάμενοι,
2454 1528 2528 1596 μή
2558 1527 2821 1580 δύνασθαι
2858 1526 3023 1596 μηδὲν
3055 1522 3206 1578 εἶπον
3234 1518 3308 1579 ὧν
3342 1523 3565 1593 βασιλεῦ

362 1655 428 1691 ex
471 1654 528 1690 re
562 1639 696 1704 ipsa,
728 1650 835 1687 nun
883 1649 950 1686 ex
995 1631 1182 1685 verbis
1212 1644 1402 1683 eorum
1429 1627 1797 1694 conjecturam
1835 1640 1925 1678 ca-

2041 1618 2388 1687 προκαλεῖται
2420 1618 2644 1687 πρᾶξαι.
2672 1617 2769 1681 Τό,
2800 1619 2858 1669 τε
2887 1618 2995 1686 γάρ
3029 1619 3236 1670 ἐκεῖνον
3267 1617 3344 1677 είς
3371 1614 3470 1684 τὴν
3502 1613 3601 1665 πός

361 1728 474 1796 pio,
499 1727 620 1780 illos
651 1723 885 1778 obsideri
921 1723 1102 1786 malle,
1121 1736 1282 1790 quam
1318 1733 1472 1792 φειυο
1499 1733 1558 1771 se
1587 1732 1778 1786 campo
1803 1729 1925 1770 cre-

2041 1712 2116 1763 λιν
2151 1710 2436 1773 δέξασθαι,
2477 1710 2754 1772 παντελῶς
2797 1710 2903 1775 ἔξω
2943 1709 3164 1779 καιροῦ,
3203 1707 3359 1761 αὐτοί
3395 1723 3454 1760 τε
3499 1705 3592 1759 οὐ»

361 1795 516 1872 dere.
565 1803 737 1886 igitur
785 1813 1006 1883 quando
1033 1829 1211 1881 neque
1259 1814 1313 1864 vi
1355 1812 1473 1878 capi
1511 1819 1742 1878 possunt
1787 1808 1930 1862 intra

2041 1795 2407 1859 ἐξελεύσονται
2447 1797 2596 1870 μάχῃ
2627 1797 2973 1868 διακριθῆναι
3009 1799 3146 1867 πρὸς
3178 1797 3363 1850 αὐτόν.
3396 1797 3457 1849 Ei
3489 1796 3599 1866 γὰρ

365 1924 554 1964 muros
599 1907 913 1969 deliteutes,
949 1919 1128 1971 neque
1174 1903 1283 1956 ulla
1328 1901 1602 1964 machina,
1652 1907 1747 1952 aut
1793 1909 1933 1952 stra-

2041 1889 2273 1960 ξμελλον,
2313 1892 2378 1959 τῇ
2426 1891 2728 1961 προτεραίᾳ
2777 1892 2842 1944 ἂν
2880 1891 2998 1961 ἅμα
3031 1890 3110 1959 τῷ
3153 1891 3315 1943 αὐτὸν
3352 1889 3530 1944 ἐλθεῖν
3563 1891 3597 1958 η

367 2011 636 2071 tagemate
669 1999 738 2052 ab
773 1997 836 2050 iis
869 1995 1076 2056 divelli,
1130 2003 1187 2048 et
1233 1993 1299 2064 ad
1339 1991 1583 2062 praelium
1617 1989 1758 2059 cogi.
1787 1989 1932 2050 nihil

2041 1981 2182 2050 μάχη
2218 1980 2470 2071 συνήφοη
2492 2023 2504 2042 ,
2537 1983 2603 2034 ἂν
2633 1981 2691 2035 δέ
2719 1998 2804 2044 τις
2836 1981 3020 2043 αὐτοῖς
3055 1981 3184 2051 ἐπίῃ
3209 2019 3224 2044 ,
3255 1979 3600 2049 ἀμυνοῦνται

359 2065 586 2148 necesse
615 2100 720 2153 est,
771 2099 987 2157 tempus
1035 2086 1195 2140 bonis
1243 2084 1411 2139 rebus
1446 2082 1762 2138 eiiiciundis
1783 2097 1934 2138 com-

2041 2065 2492 2142 ὶναγκαίωςάιέδ
2526 2075 2636 2126 τῶν
2671 2075 2888 2145 τειχῶν.
2920 2075 2994 2128 Τό
3029 2090 3093 2143 γε
3130 2075 3237 2144 μὴν
3270 2075 3350 2136 είς
3386 2073 3599 2136 Βυζάν-

362 2184 583 2239 modum
627 2181 717 2234 h’ic
754 2181 895 2232 male
949 2177 1197 2246 perdere,
1227 2176 1642 2246 exercitumque
1692 2174 1926 2243 infragi-

2041 2184 2143 2220 ιιον
2197 2168 2334 2234 πρὸς
2391 2166 2618 2235 βασιλέα
2665 2169 2988 2221 ἀποστεῖλαι
3035 2167 3128 2220 τὸν
3180 2165 3601 2234 ἀπαγγελοῦντα

357 2272 493 2326 feris
529 2269 828 2339 deialigare
859 2267 1121 2322 molestiis
1157 2286 1168 2321 :
1201 2267 1298 2320 sed
1336 2267 1466 2320 hinc
1513 2281 1581 2320 eo
1628 2266 1924 2331 abducere,

2041 2261 2156 2328 περὶ
2181 2260 2288 2311 τῶν
2313 2260 2562 2312 ἐνταυθοῖ
2584 2263 2953 2328 πραγμάτων,
2977 2259 3038 2312 οὐ
3066 2261 3367 2329 προσήκειν
3389 2258 3596 2319 αὐτοῖς.

360 2362 458 2417 ubi
489 2362 669 2416 victus
691 2359 1074 2414 commoditas.
1113 2357 1250 2410 Tum
1283 2357 1481 2411 deinde
1509 2371 1632 2424 quas
1666 2369 1766 2424 pro
1791 2363 1928 2409 tem-

2041 2350 2375 2420 Ὗποχείριοι
2407 2352 2515 2421 γὰρ
2543 2350 2694 2414 ὄντες
2728 2351 3020 2420 βασιλέως,
3048 2349 3144 2403 νῦν
3174 2367 3233 2402 τε
3263 2348 3300 2404 ά
3327 2349 3597 2418 προσετά-

363 2466 498 2521 pore
537 2449 720 2528 cutilia
774 2448 1134 2510 videbuntur,
1191 2460 1254 2499 ea
1307 2445 1603 2498 coniicere.
1659 2443 1928 2497 Laudavit

2041 2443 2240 2513 χθησαν
2281 2445 2481 2526 ποιεῖν,
2520 2443 2618 2495 καὶ
2659 2444 2739 2506 είς
2775 2443 3017 2507 τούπιὸν,
3053 2443 3192 2497 ἆττα
3232 2441 3298 2496 ἂν
3340 2442 3411 2494 τὰ
3453 2441 3604 2510 πρά-

362 2515 657 2594 consilium
694 2537 1014 2606 imperator,
1045 2542 1103 2588 et
1128 2533 1180 2587 id
1211 2533 1473 2588 nobilitas
1501 2545 1772 2587 consensu
1802 2547 1931 2585 con-

2041 2548 2218 2600 γματα
2267 2515 2359 2586 καὶ
2403 2534 2431 2584 6
2480 2535 2670 2603 καιρὸς
2717 2535 3007 2603 ὑφηγεῖται
3055 2533 3303 2603 πράξειν,
3349 2531 3498 2600 αύτῷ
3541 2547 3603 2583 τε

365 2630 626 2685 ﬁrmavit.
690 2627 825 2682 inde
877 2625 1140 2680 Ziehnam
1197 2623 1416 2680 duobus
1468 2621 1663 2678 diebus
1721 2621 1930 2677 reversi

2041 2624 2231 2688 ἑξεῖναι
2265 2623 2302 2678 ἃ
2336 2623 2576 2693 βούλοιτο
2612 2626 2706 2678 καὶ
2737 2627 2950 2696 νομίζοι
2982 2625 3365 2681 λυσιτελοῦντα
3398 2622 3600 2686 έαυτῷ,

363 2730 511 2776 sunt.
2032 2715 2205 2770 ταῦτα
2240 2719 2335 2769 καὶ
2369 2719 2565 2770 ποιεῖν.
2599 2716 2838 2770 Τοιαῦτα
2876 2718 2976 2784 μὲν
3007 2719 3058 2770 οί
3091 2716 3184 2770 τοῦ
3225 2715 3602 2788 πρεσϐυτέρου

367 2812 630 2883 βασιλέως
658 2812 1021 2882 ἀπεκρίναντο
1051 2807 1370 2878 στρατηγοί.
1437 2805 1593 2860 Ἐπεὶ
1618 2807 1674 2860 δὲ
1699 2809 1728 2862 6
1791 2808 2008 2871 Λουκᾶς
2041 2807 2211 2862 ἐλθὼν
2242 2811 2544 2881 ἀπήγγειλε
2571 2812 2744 2865 ταῦτα
2770 2812 2846 2882 τῷ
2877 2812 2979 2882 νέῳ
3009 2813 3250 2882 βασιλεῖ,
3280 2809 3603 2878 συναγαγὼν

369 2905 490 2966 τοὺς
529 2905 588 2957 ἓν
620 2907 764 2958 τέλει
798 2906 1040 2968 πάντας,
1081 2897 1396 2954 ἰσουλεύετο
1428 2901 1457 2954 ὅ
1499 2917 1554 2954 τι
1613 2901 1722 2954 δέοι
1757 2902 1931 2954 ποιεῖν
1971 2901 2190 2964 αὐτούς.
2249 2902 2610 2956 Συνεσούλευε
2643 2903 2702 2958 δὲ
2730 2907 2758 2958 6
2789 2908 2966 2975 μέγας
3034 2906 3352 2974 δομέστικος
3384 2905 3602 2972 ἀναχω-

368 2997 512 3066 ρεῖν,
552 2997 645 3050 καί⁸
685 2997 760 3067 μὴ
801 2998 976 3048 πονεῖν
1018 2995 1140 3064 εικῆ
1221 2993 1314 3045 καὶ
1356 2993 1563 3062 μάτην,
1604 2992 1713 3045 τῶν
1780 2991 2006 3046 δεόντων
2043 2995 2384 3063 πράττοντας
2422 2995 2597 3051 οὐδέν.
2631 2996 2768 3050 Οὔτε
2799 2999 2908 3068 γὰρ
2942 2997 3136 3060 αὐτοὺς
3169 2998 3343 3066 Φερὰς
3377 2994 3605 3048 δυνατὸν

367 3094 823 3164 παραστήσασθαι
851 3091 1209 3162 τειχομαχία,
1241 3089 1339 3159 ἦτε
1387 3089 1532 3141 ένδον
1560 3087 1676 3156 ἄμα
1709 3091 2038 3158 στρατηγοῖς
2101 3090 2533 3160 πολιορκουμένη
2595 3094 2824 3161 στρατιὰ
2851 3092 2959 3146 οὐδ’
2989 3093 3055 3147 ἂν
3119 3091 3276 3144 αὐτοὶ
3318 3090 3606 3160 ἀρνηθεῖεν

366 3188 427 3239 τὸ
462 3186 536 3256 μὴ
564 3187 663 3238 οὐκ
695 3187 760 3238 ὲκ
790 3184 1150 3256 παρατάξεως
1173 3182 1446 3251 τολμήσαι
1475 3179 1540 3233 ἄν
1603 3197 1736 3232 ποτε
1767 3181 1848 3242 είς
1912 3183 2103 3251 χεῖρας
2167 3183 2352 3244 αὐτοῖς
2385 3183 2544 3237 ίέναι.
2582 3183 2771 3237 Καίτοι
2802 3200 2866 3252 γε
2899 3184 3040 3238 είποι
3071 3199 3151 3247 τις
3181 3183 3268 3250 ἂν,
3300 3183 3375 3245 ὡς
3403 3185 3464 3235 οὐ
3496 3182 3606 3253 χρὴ

369 3279 648 3333 πιστεύειν
674 3282 786 3342 τοῖς
809 3279 916 3330 τῶν
945 3277 1221 3346 πολεμίων
1248 3277 1427 3342 λόγοις
1455 3277 1544 3329 ἀεὶ
1608 3276 1868 3328 τάναντία
1931 3275 2200 3342 λεγόντων
2242 3271 2315 3330 ὧν
2357 3277 2694 3330 διανοοῦνται
2755 3278 3016 3346 πράττειν
3040 3295 3055 3310 ο
3103 3276 3212 3346 ἐγὼ
3259 3278 3316 3332 δὲ.
3383 3279 3447 3330 ὲκ
3497 3277 3610 3332 τῶν

370 3371 710 3440 πράγμάτων
738 3370 954 3432 αὐτῶν,
983 3368 1098 3420 ἀλλ’
1122 3368 1222 3421 οὐκ
1283 3367 1342 3432 ἐξ
1403 3361 1478 3420 ὧν
1523 3369 1723 3420 ἐκεῖνοι
1768 3367 1989 3431 λέγουσι
2028 3367 2362 3438 στοχάζομαι
2398 3369 2804 3438 πολιορκεῖσθαι
2861 3371 3064 3438 μᾶλλον
3097 3371 3130 3440 ή
3171 3370 3439 3440 μάχεσθαι
3473 3370 3611 3438 ἡμῖν

371 3465 750 3534 αἱρουμένους.
767 3462 897 3514 Ὅτε
918 3460 1096 3514 τοίνυν
1117 3460 1243 3513 οὕτε
1270 3460 1362 3530 βίᾳ
1387 3462 1525 3514 ἑλεῖν
1547 3463 1744 3524 αὐτοὺς
1771 3465 2006 3532 ἐγχωρεῖ
2059 3464 2339 3532 τειχήρεις
2396 3462 2576 3528 ὄντας,
2600 3461 2725 3515 οὔτε
2788 3464 3002 3533 μηχανῇ
3052 3478 3159 3514 τινι
3185 3467 3277 3516 καὶ
3301 3462 3614 3534 στρατηγίᾳ

371 3558 484 3609 τῶν
504 3556 698 3625 τειχῶν
718 3553 1133 3624 ἀποστήσαντας
1158 3553 1467 3620 ἀναγκάσαι
1529 3553 1798 3623 μάχεσθαι
1851 3555 2001 3623 ἡμῖν,
2043 3553 2145 3608 οὐκ
2169 3555 2472 3623 ἀναγκαῖον
2496 3556 2732 3612 ινταῦθα
2757 3559 2848 3615 τόν
2873 3577 2932 3616 τε
2963 3557 3152 3628 χρόνον
3177 3557 3613 3627 παραναλίσκειν

374 3651 434 3700 ὲν
463 3641 507 3714 ᾧ
533 3647 640 3700 τῶν
669 3647 894 3700 δεόντων
924 3645 1135 3709 ἐξέσται
1165 3661 1216 3696 τι
1249 3645 1488 3712 πρᾶξαι,
1519 3635 1614 3698 καὶ
1640 3645 1741 3713 τὴν
1806 3646 2068 3714 στρατιάν
2130 3647 2412 3717 ἀνονήτοις
2460 3650 2822 3704 κατατείνειν
2855 3651 3060 3713 πόνοις.
3097 3650 3239 3704 Ἀλλ’
3287 3649 3613 3718 ἀπαγαγόνο

373 3761 474 3804 τας
516 3742 762 3796 ἐντεῦθεν
798 3743 934 3795 ὅπου
972 3741 1080 3794 τῶν
1115 3740 1437 3810 ἐπιτηδείων
1472 3741 1571 3812 τήν
1606 3741 1940 3811 ἀποκομιδὴν
1981 3741 2167 3805 ἕξουσι
2196 3743 2387 3812 ῥᾳδίαν
2452 3743 2955 3812 στρατοπεδεῦσαι·
2987 3739 3087 3796 εἷθ’
3127 3743 3253 3812 ἑξῆς
3279 3742 3316 3796 ἃ.
3341 3743 3488 3795 δοκεί
3515 3743 3614 3794 λυο
3723 3734 3730 3739 ’

374 3839 630 3902 σιτελεῖν,
666 3839 732 3890 ἐκ
769 3837 877 3889 τῶν
917 3835 1199 3905 παρόντων
1275 3837 1556 3907 πράττειν,
1598 3835 1836 3889 Τοιαῦτα
1876 3835 1972 3888 τοῦ
2016 3834 2253 3904 μεγάλου
2289 3871 2300 3876 -
2323 3834 2643 3903 δομεστίκου
2678 3835 3130 3906 βουλευσαμένου,
3160 3835 3189 3888 ὃ
3237 3851 3297 3886 τε
3358 3833 3616 3903 βασιλεὺς

373 3933 473 4003 τὴν
505 3933 698 4003 βουλὴν
727 3934 913 4002 ἐπῄνει
933 3973 948 3996 ,
979 3932 1072 3985 καὶ
1103 3933 1152 3984 οἱ
1185 3933 1242 3984 ιν
1271 3933 1412 3984 τέλει
1444 3931 1946 4003 συνεπεψηφίζοντο
1985 3931 2210 3994 πάντες.
2247 3931 2359 3986 Καὶ
2422 3930 2866 4002 ἀναστρέψαντες
2897 3931 3140 3997 ἐκεῖθεν,
3178 3929 3616 4001 έστρατοπεδεύο

375 4042 540 4078 σαντο
569 4025 728 4077 πάλιν
757 4025 812 4076 έν
837 4025 1022 4094 Ζίχνα,
1049 4025 1108 4076 ὲν
1138 4023 1369 4094 ήμέραις
1396 4024 1570 4081 δυσίν.

1800 4163 2026 4220 CAPUT
2067 4162 2199 4219 LIII.

373 4279 455 4335 Ad
480 4277 835 4347 occupandam
864 4277 1288 4333 Thessalonicam
1316 4279 1607 4348 imperator
1627 4294 1788 4347 nepos
1809 4286 2046 4331 vocatur.
2080 4277 2328 4331 Portium
2356 4276 2533 4331 studia
2577 4284 2624 4348 et
2647 4283 2885 4330 conatus.
2905 4274 3089 4348 «Portis
3108 4275 3608 4348 Δ(ιρις-»ζείδ-,ινξεὶρὶιιιτκ

447 4343 731 4428 [fuere-mes
761 4349 1047 4428 suasidium
1079 4352 1148 4428 ad
1177 4349 1314 4428 arcis
1348 4343 2103 4428 propugna‘tie'ncm..mutuut5
2128 4349 2216 4428 sed
2238 4349 2550 4428 δικωπίαν..
2569 4346 3258 4428 fugan‘turquesubsidiarii.
3293 4343 3615 4395 Miraculum

445 4419 508 4499 de
531 4429 721 4470 sanato
747 4423 878 4499 pede
909 4419 1245 4499 imperatoris
1273 4415 1367 4488 ape
1396 4415 1568 4470 uncti
1599 4417 1849 4470 Demetrii
1875 4419 2140 4486 martyris.
2181 4416 2245 4470 In
2273 4433 2393 4471 arce
2423 4415 2676 4486 factiones
2709 4415 2845 4480 dare,
2878 4431 2996 4485 quae
3025 4417 3339 4483 impunitate
3369 4425 3619 4466 concessa

446 4489 757 4556 imperatori
791 4488 1110 4539 tramditur.

447 4601 504 4652 In
533 4601 639 4652 hoc
683 4606 829 4653 statu
874 4613 964 4652 res
989 4607 1168 4664 erant,
1202 4612 1328 4652 cum
1367 4597 1759 4655 Thessalonica
1789 4597 1935 4654 adest

2115 4601 2208 4653 ’Ev
2243 4600 2456 4665 τούτοις
2485 4601 2544 4654 δὲ
2585 4601 2697 4655 τῶν
2734 4600 3076 4670 πραγμάτων
3124 4599 3317 4664 ὄντων,
3361 4591 3498 4668 ἧκεν
3554 4600 3622 4652 ὲκ

378 4693 791 4754 Philommales,
826 4691 1059 4760 allegatu
1089 4705 1300 4754 eorum,
1329 4691 1424 4759 qui
1467 4691 1576 4746 illic
1622 4701 1805 4761 partes
1849 4691 1935 4744 im-

2049 4691 2446 4762 Θεσσαλονίκης
2487 4693 2563 4756 ὼς
2609 4693 2835 4762 βασιλέα
2880 4694 2908 4744 6
2958 4691 3314 4760 Φιλομμάτης
3373 4689 3478 4743 ὑπὸ
3511 4689 3624 4742 τῶν

381 4784 652 4852 peratoris
689 4781 1012 4836 tuebantur.
1045 4781 1096 4836 is
1126 4789 1181 4836 et
1232 4781 1338 4836 alia
1367 4780 1514 4834 bono
1557 4796 1679 4835 esse
1707 4781 1855 4848 loco,
1899 4797 1929 4837 c

2063 4786 2181 4838 ἐκεῖ
2232 4784 2301 4836 τὰ
2341 4784 2606 4853 βασιλέως
2631 4783 2723 4836 τοῦ
2773 4785 2897 4837 νέου
2929 4785 3280 4849 πραττόντων
3321 4781 3622 4852 πεμφθεὶς,

382 4873 428 4925 si
459 4871 623 4927 modo
653 4872 888 4937 veniret,
929 4871 1121 4925 urbem
1154 4871 1307 4924 nullo
1338 4870 1524 4924 labore
1555 4879 1952 4940 occupaturum

383 4963 694 5017 nuntiabat.
750 4963 939 5030 Itaque
989 4961 1276 5015 dossuaria
1327 4962 1577 5031 jumenta
1632 4970 1689 5014 et
1723 4961 1957 5031 impedi-

386 5065 571 5108 menta
601 5069 724 5110 cum
767 5054 1060 5116 militibus,
1093 5054 1296 5122 quibus
1333 5068 1443 5106 non
1483 5064 1668 5109 essent
1693 5056 1820 5122 equi
1853 5071 1948 5110 va-

383 5143 559 5198 leutes
589 5153 644 5197 et
669 5143 983 5207 bellatores,
1017 5144 1276 5206 secernit,
1311 5153 1370 5196 et
1397 5143 1616 5198 Zichna:
1646 5159 1770 5197 cum
1795 5145 1952 5198 Zam-

387 5236 614 5304 placone
671 5247 866 5303 magno
906 5234 1123 5303 pappia,
1158 5234 1390 5302 aliisque
1439 5243 1702 5304 pra-terea
1763 5240 1951 5306 paucis

388 5329 685 5400 relinquit;
719 5331 834 5398 ipse
865 5344 990 5383 cum
1033 5343 1230 5397 magno
1281 5329 1605 5392 domestico,
1635 5339 1690 5384 et
1718 5331 1951 5390 ducibus

387 5419 633 5488 reliquis,
654 5417 968 5486 selectaque
1002 5417 1461 5484 niilithramam,
1489 5420 1605 5489 ejus
1633 5421 1950 5478 obsidenda:

385 5527 546 5566 causa
575 5511 725 5564 visus
752 5517 837 5562 est
861 5507 1159 5577 proﬁcisci,
1184 5506 1290 5562 Sed
1317 5518 1478 5564 nocte
1502 5511 1618 5579 ipsa
1636 5513 1778 5565 viam
1813 5514 1950 5568 rele-

382 5619 535 5673 gens,
570 5618 666 5674 per
699 5602 1041 5672 Strymonem
1075 5586 1519 5655 Thessalonicam
1562 5603 1740 5671 petiit,
1769 5613 1950 5659 trans-

385 5695 571 5766 itoque
619 5693 845 5750 (lumine
886 5693 1042 5768 juxta
1089 5692 1440 5749 Marmarium
1478 5694 1708 5766 (Oppidi
1749 5711 1946 5751 nomen

2051 4877 2120 4931 τὰ
2151 4893 2210 4929 τε
2257 4877 2392 4930 ἀλλα
2427 4876 2786 4944 ἀπαγγέλλων
2817 4876 2894 4939 ὡς
2919 4875 3034 4945 ἔχει
3073 4875 3275 4939 καλῶς,
3312 4876 3406 4927 καὶ
3451 4873 3527 4935 ὡς
3573 4877 3626 4925 εί

2051 4969 2148 5022 νῦν
2183 4969 2459 5036 ἀφίκοιτο,
2490 4968 2588 5020 σὺν
2622 4967 2800 5019 οὐδενὶ
2842 4966 3300 5037 παραληψόμενος
3334 4965 3482 5034 πόνῳ
3518 4968 3627 5034 τὴν

2053 5058 2232 5112 πόλιν.
2279 5058 2430 5111 Ἐπεὶ
2454 5058 2512 5110 δὲ
2541 5058 2819 5110 έπύθετοό
2850 5057 3132 5127 βασιλεὺς,
3154 5056 3224 5108 τά
3245 5072 3304 5107 τε
3335 5047 3628 5123 ἀχθοφόρα

2055 5151 2164 5202 τῶν
2198 5149 2351 5206 ζώων
2384 5150 2476 5202 καὶ
2502 5149 2600 5212 τὰς
2630 5149 2966 5210 ἀποσκευάς,
3010 5148 3106 5200 καὶ
3135 5147 3479 5213 στρατιωτῶν
3504 5147 3625 5198 ὅσοι

2059 5241 2135 5310 μὴ
2169 5241 2438 5312 εὐπόρουν
2473 5241 2658 5293 ῖππων
2690 5241 2978 5310 εὐρώστων
3008 5240 3104 5294 καὶ
3134 5241 3202 5293 τὰ
3219 5239 3450 5309 πολέμια
3477 5242 3625 5306 ἀγα-

2057 5330 2186 5398 θῶν,
2243 5331 2636 5386 καταλέλοιπεν
2695 5331 3100 5398 ἀπολεξάμενος
3155 5333 3214 5386 έν
3266 5333 3434 5402 Ζίχνα
3497 5330 3611 5400 ἃμα

2055 5421 2468 5490 Τζαμπλάκωνι
2495 5421 2573 5491 τῷ
2623 5422 2848 5491 μεγάλῳ
2875 5423 3056 5492 παπίᾳ
3087 5420 3185 5475 καί
3225 5437 3368 5475 τισιν
3415 5422 3618 5490 έτέροις

2054 5512 2275 5581 ὀλίγοις.
2295 5513 2464 5576 Αὐτὸς
2495 5512 2538 5565 δ’
2583 5515 2696 5581 ἅμα
2717 5512 3024 5583 δομεστίκῳ
3047 5513 3123 5584 τῷ
3148 5513 3370 5584 μεγάλῳ
3397 5514 3486 5565 καὶ
3512 5515 3622 5575 τοῖς

2055 5608 2258 5668 λοιποῖς
2286 5607 2520 5676 ἡγεμόσι
2547 5609 2646 5679 τὴν
2672 5608 3064 5678 ἀπολεχθεῖσαν
3094 5612 3355 5679 στρατιὰν
3379 5605 3622 5677 παραλα-

2060 5699 2192 5766 ϐὼν,
2245 5699 2424 5765 ἔδοξεν
2453 5701 2546 5753 ἐπὶ
2591 5699 2818 5762 Δράμαν
2845 5700 2921 5764 ὼς
2956 5700 3339 5760 πολιορκήσων
3378 5700 3619 5753 ἀπιέναι.

3969 1935 3988 2236 ῑ
