4028 6450
353 305 456 367 365
1521 292 1944 364 IIISTORIAR

2016 301 2070 363 M
2108 291 2341 362 LIBER
2388 294 2428 362 i.
2655 346 2666 356 .
3500 296 3604 365 360

352 432 412 470 τε
443 415 582 470 πόδα
613 416 957 486 ἀπεγύμνου,
989 418 1080 470 καὶ
1109 415 1205 479 τὰς
1242 416 1453 480 ὀθόνας,
1488 409 1573 479 αἷς
1624 416 1924 485 ὲδεσμεῖτο,

2032 410 2290 467 neiiciuru
2322 412 2526 481 gratias
2569 411 2709 482 egit,
2747 418 2811 466 ac
2853 419 2965 466 tota
2998 411 3190 468 civitas
3227 405 3506 468 intellecto
3548 419 3602 470 in

358 507 612 578 περιῄρει
666 507 736 576 (ὣ
765 508 865 579 τῆς
895 506 1097 580 πολλῆς
1135 509 1231 561 τοῦ
1272 507 1409 562 Θεοῦ
1458 510 1587 579 περὶ
1621 508 1748 570 τοὺς
1781 506 1925 577 μάρ-

2028 518 2155 557 eum
2188 503 2339 558 edito
2371 513 2478 558 tam
2534 503 2845 558 admirabili
2900 519 3090 573 opere,
3127 505 3326 559 multus
3359 496 3492 571 Deo,
3548 519 3605 563 rt

353 598 914 669 τυραςφιλοτιμίαςθ,
930 599 960 652 ό
985 600 1086 670 μὲν
1112 600 1271 671 μοτὺς
1289 599 1397 664 ἔξω
1421 596 1619 669 εὕρητο
1658 597 1927 670 ἐρριμμέ-

2031 596 2331 662 Demetrio,
2357 612 2387 650 a
2418 611 2529 666 quo
2557 607 2784 653 curatus
2816 596 3015 663 fuerat,
3044 598 3236 654 laudes
3269 600 3603 655 decantavit.

354 702 464 753 νος·
488 688 646 760 ὑγιὴς
661 690 720 744 δὲ
742 691 771 744 6
786 694 920 757 ποὺς
949 697 1007 755 ὲς
1039 691 1313 756 τοσοῦτον,
1334 692 1411 754 ὡς
1438 690 1574 763 μηδὲ
1601 692 1749 760 ῐχνος
1764 691 1926 760 οὐλῆς

2027 688 2159 744 inde
2215 703 2490 759 egressus,
2543 690 2844 745 inclinante
2887 689 2999 756 jam
3051 690 3105 744 in
3140 699 3357 746 noctem
3395 695 3508 757 die,
3549 693 3604 748 in

361 779 736 851 ἢτραύματος
759 782 1109 852 ὑποφαίνειν,
1140 783 1256 839 ἀλλ’
1273 783 1585 852 ἀγνοεῖσθαι
1617 784 1800 837 εῐποτε
1831 783 1927 837 καὶ

2094 781 2179 849 gia
2214 794 2410 835 somno
2439 796 2498 836 se
2529 781 2704 838 dedit.
2751 775 2856 838 Ubi
2897 782 3119 861 diluxit,
3150 785 3286 854 ipse,
3313 794 3370 840 et
3400 785 3604 840 milites
3678 818 3680 821 -

357 871 590 944 ἐτρώθη.
623 873 804 945 Ὅπερ
840 874 966 928 ἰδὼν
993 877 1022 928 6
1051 875 1308 946 βασιλεὺς
1333 874 1540 942 μᾶλλόν
1568 893 1629 929 τε
1658 875 1803 947 ἥσθη
1838 876 1927 931 διὰ

2027 874 2199 928 armis
2241 874 2444 939 induti,
2479 873 2777 929 comitante
2814 875 2981 930 etiam
3021 875 3281 931 alacriter
3333 877 3387 931 in
3434 878 3606 932 armis

356 964 588 1038 τοῦτο,ἢ
616 968 701 1020 ὅτι
738 967 1143 1039 Θεσσαλονίκην
1174 969 1552 1038 ὑπεποιήσατο
1586 967 1796 1037 ἑαυτῷ”
1832 968 1927 1022 καὶ

2029 966 2515 1022 Thessalonicensi
2544 968 2773 1037 populo,
2815 969 2882 1022 ad
2929 981 3112 1023 arcem
3164 968 3514 1037 prodierunt,
3546 980 3609 1024 ut

356 1059 692 1129 θερμοτέρας
736 1058 929 1113 τούτου
982 1060 1146 1115 ἕνεκα
1174 1061 1271 1114 καὶ
1309 1060 1528 1124 πλείους
1573 1060 1672 1122 τὰς
1698 1061 1926 1131 εὐχαρι-

2029 1057 2134 1112 nisi
2188 1066 2384 1128 sponte
2434 1074 2556 1115 eam
2613 1059 2895 1114 traderent
2941 1059 3039 1129 qui
3086 1058 3423 1125 retinebant,
3452 1061 3505 1114 vi
3540 1076 3608 1116 eo

360 1150 511 1212 στίας
558 1151 839 1206 ἀπεδίδου.
885 1153 1000 1206 Καὶ
1050 1153 1085 1223 ή
1129 1153 1285 1214 πόλις
1312 1152 1373 1206 δὲ
1419 1153 1572 1205 πᾶσα
1597 1153 1697 1220 τὴν
1722 1154 1803 1215 είς
1832 1151 1926 1206 τὸν

2028 1148 2405 1220 adigerentur.
2438 1149 2684 1205 Primum
2735 1150 2905 1221 igitur
2940 1150 3244 1221 imperator
3273 1167 3371 1207 eos
3405 1153 3607 1208 salutaa

361 1236 586 1304 βασιλέα
633 1239 925 1310 πυθόμενοι
952 1239 1423 1312 θαυματουργίαν,
1454 1241 1688 1305 πολλοὺς
1724 1242 1927 1312 ὕμνους

2031 1248 2171 1299 tum.
2202 1247 2260 1293 et
2275 1239 2345 1295 ad
2371 1252 2552 1294 arcem
2579 1237 2702 1293 sine
2747 1240 2894 1293 cade
2920 1247 2977 1294 et
3001 1241 3268 1311 sanguine
3298 1241 3607 1296 dedendam

357 1328 436 1390 είς
457 1345 516 1380 τε
539 1330 671 1382 θεὸν
685 1326 831 1405 ᾖδον,
859 1332 952 1384 καὶ
982 1334 1296 1403 Δημήτριον
1315 1333 1407 1386 τὸν
1427 1332 1637 1387 ἐκείνου
1655 1334 1924 1402 θεραπευο

2029 1331 2323 1386 invitatum
2362 1331 2552 1393 mittit.
2608 1329 2953 1385 oblivionem
2991 1331 3388 1396 offensionum,
3421 1343 3478 1388 et
3518 1333 3612 1388 be-

357 1420 476 1491 τήν.
494 1420 733 1475 Ἐκεῖθεν
764 1422 821 1476 δὲ
849 1424 1080 1492 ἐξελθὼν
1107 1427 1137 1477 6
1177 1425 1457 1495 βασιλεὺς,
1501 1427 1796 1498 κλινούσης
1823 1428 1924 1499 ήδη

2027 1424 2379 1479 neiicentiam
2435 1422 2737 1493 pollicitus.
2789 1419 2893 1478 Ubi
2940 1423 3281 1478 obduraules
3334 1433 3610 1480 oratorem

356 1513 455 1581 τῆς
486 1513 720 1584 ἡμέρας,
768 1516 847 1576 εις
898 1517 966 1569 τά
1021 1516 1265 1573 βασίλεια
1310 1516 1572 1586 ηὐλίσατο
1618 1518 1719 1589 τὴν
1750 1518 1925 1573 νύκτα

2028 1518 2385 1580 dimiserunt,
2418 1516 2621 1588 quibus
2647 1515 2836 1570 datum
2873 1516 3180 1592 negotium,
3211 1514 3278 1570 ad
3306 1515 3473 1572 horas
3501 1526 3613 1573 tres

357 1602 546 1656 ἐλθών.
602 1605 754 1674 Ἀμα
796 1605 852 1660 δὲ
899 1606 975 1677 ἕῳ
1021 1608 1102 1672 εις
1156 1608 1257 1680 τὴν
1312 1609 1608 1681 ὑστεραίαν
1645 1610 1807 1675 αὐτός
1865 1628 1927 1663 τε

2029 1619 2127 1665 aut
2169 1619 2434 1680 quatuor,
2489 1624 2681 1665 muros
2709 1607 3043 1665 adversariis
3064 1608 3217 1663 intus
3266 1609 3505 1664 viriliter
3553 1622 3614 1664 se

290 1736 297 1743 ,
357 1691 717 1766 ὁπλισάμενος
749 1697 899 1768 καξιή
933 1698 1184 1769 στρατιὰ,
1212 1700 1306 1753 καὶ
1343 1699 1438 1753 τοῦ
1486 1699 1881 1756 Θεσσαλονικέο

2030 1702 2479 1768 defendentibus,
2515 1709 2930 1773 oppugnarunt.
2980 1701 3134 1767 Post,
3187 1709 3301 1755 tum
3343 1700 3488 1754 arcis
3535 1701 3616 1770 lp—

358 1782 536 1854 δήμου
578 1787 881 1859 προθύμως
930 1794 1460 1861 συστρατευομένου,
1494 1792 1663 1864 ᾔεσαν
1718 1795 1799 1858 είς
1830 1793 1928 1863 τὴν

2034 1797 2152 1852 sius
2197 1796 2415 1861 incolae,
2453 1804 2567 1849 tum
2617 1804 2891 1864 quotquot
2938 1808 2970 1849 e
3025 1792 3614 1849 Tbess‘alonicensibus

358 1878 673 1948 ἀκρόπολιν,
707 1881 783 1942 ὡς
828 1883 878 1935 εἱ
927 1883 1004 1954 μὴ
1057 1887 1434 1956 προσχωροῖεν
1459 1887 1644 1941 ἑκοντὶ
1691 1888 1740 1940 οἱ
1763 1903 1932 1941 κατα·

2034 1887 2279 1958 perfugis
2317 1887 2524 1942 seniori
2577 1884 2894 1955 imperatori
2930 1894 3125 1954 parum
3160 1883 3301 1938 bene
3330 1882 3612 1950 volebant,

363 1968 605 2038 σχόντες,
625 1969 908 2041 βιάσαιντο
936 1975 1049 2037 τοῖς
1078 1973 1282 2039 ὅπλοις.
1320 1974 1521 2047 Πρῶτα
1549 1976 1648 2047 μὲν
1672 1975 1764 2030 οὖν
1791 1978 1928 2049 πέμ-

2035 1978 2327 2033 sententiis
2359 1985 2416 2033 et
2444 1975 2643 2030 animis
2673 1975 2743 2029 ab
2791 1974 2915 2029 aliis
2961 1988 3058 2042 per
3104 1971 3442 2028 seditionem
3500 1972 3612 2028 dis-

357 2060 467 2130 ψας
494 2064 522 2115 6
575 2062 850 2133 βασιλεὺς,
883 2067 1262 2137 προσηγόρευε
1320 2084 1382 2121 τε
1434 2070 1561 2131 τοὺς
1622 2068 1793 2135 ἔνδον,
1840 2073 1935 2124 καὶ

2039 2080 2348 2139 crepantes,
2393 2078 2449 2123 et
2504 2067 2756 2122 inducias
2801 2081 2830 2119 a
2870 2065 3091 2135 juniore
3138 2064 3470 2135 imperatore
3520 2076 3617 2135 po-

361 2155 720 2224 προύκαλείτο
749 2157 948 2221 αὐτοὺς
993 2159 1197 2229 ἀμαχεὶ
1240 2159 1340 2230 τὴν
1368 2159 1666 2230 ἀκρόπολιν
1699 2162 1935 2232 παραδι-

2036 2171 2277 2227 sceutes,
2322 2160 2449 2213 illos
2493 2158 2631 2214 alios
2680 2168 2787 2213 una
2840 2172 3029 2213 secum
3077 2157 3334 2211 obsessos
3388 2155 3614 2212 allocuti

362 2246 533 2313 δόναι,
567 2247 874 2319 ἀμνηστίαν
907 2266 967 2305 τε
1021 2242 1434 2322 παρέχων,’καὶ
1465 2251 1936 2322 ἐπαγγελλόμενος

2037 2259 2182 2308 sunt.
2224 2251 2293 2305 Et
2323 2249 2527 2320 Lyzico
2556 2248 2781 2319 quidem
2816 2249 2960 2304 arcis
2989 2246 3279 2317 praefecto,
3312 2254 3374 2301 ut
3422 2247 3491 2301 de
3525 2262 3616 2316 pa—

367 2334 615 2404 ποιήσειν
640 2333 720 2388 εὖ.
750 2336 841 2399 Ὠς
867 2334 914 2390 δ’
931 2335 1033 2390 οὐκ
1053 2338 1335 2410 ἐσήκουον,
1359 2337 1496 2392 ἀλλὰ
1520 2331 1933 2410 ἐσκληρύνοντο,

2038 2344 2145 2399 tria
2198 2337 2445 2413 ipsorum
2498 2349 2785 2404 statueret,
2829 2354 2938 2393 non
2992 2352 3052 2392 se
3091 2338 3461 2407 permissuros
3506 2338 3618 2393 aica

366 2426 737 2489 καταστάντες
765 2428 1180 2499 ὲτειχομάχουν.
1219 2430 1329 2484 Καὶ
1360 2431 1525 2502 μέχρι
1556 2431 1654 2502 μὲν
1687 2433 1858 2505 τριῶν
1901 2434 1935 2504 ἢ

2039 2435 2193 2503 bant,
2222 2448 2348 2490 cum
2397 2440 2544 2489 esset
2594 2432 2732 2488 civis
2769 2432 3001 2487 alterius
3046 2430 3308 2497 civitatis,
3338 2429 3618 2486 Berrhmze

366 2518 639 2588 τεττάρων
667 2518 826 2588 ὡρῶν
859 2520 953 2571 καὶ
982 2521 1137 2573 αὐτοὶ
1186 2520 1459 2592 ἠμύνοντο
1492 2522 1781 2594 καρτερῶς
1829 2525 1938 2577 ἀπὸ

2039 2526 2326 2591 nimirum,
2351 2540 2459 2594 qua
2500 2523 2570 2577 ad
2601 2523 2992 2592 imperatorem
3024 2521 3307 2591 adjuncta,
3337 2520 3485 2591 quod
3521 2535 3621 2590 pun

366 2610 479 2663 τῶν
527 2611 743 2682 τειχῶν.
790 2613 1022 2667 Ἔπειτα
1061 2614 1114 2668 οἰ
1145 2630 1204 2666 τε
1254 2613 1353 2685 τὴν
1401 2616 1700 2685 ἀκρόπολιν
1750 2635 1936 2673 κατοι-

2039 2616 2253 2683 tabant,
2286 2615 2332 2671 si
2365 2614 2499 2685 quid
2529 2614 2622 2668 ille
2651 2611 2976 2667 oii'endisset
3011 2614 3029 2682 (
3062 2612 3191 2681 quia
3222 2611 3371 2667 senis
3409 2612 3621 2668 scilicet

372 2701 594 2766 ιιοῦντες
622 2704 715 2757 καὶ
745 2704 861 2757 ὅσοι
892 2705 1001 2757 τῶν
1036 2705 1482 2761 Θεσσαλονικέων
1507 2702 1648 2779 ἦσαν
1682 2708 1758 2780 μὴ
1798 2711 1937 2764 πάνυ

2041 2707 2281 2778 partium
2335 2703 2576 2772 fuisset),
2626 2712 2891 2773 cognatos
2932 2702 3056 2772 ejus
3095 2716 3314 2772 poenam
3359 2702 3623 2772 deprecaa

332 2846 339 2853 ,
384 2794 753 2865 προσκείμενοι
781 2794 861 2866 τῷ
898 2796 1255 2868 πρεσϐυτέρῳ
1297 2798 1529 2869 βασιλεῖ,
1557 2800 1923 2856 διεστασίασᾶι

2043 2809 2220 2855 turos.
2250 2797 2426 2854 Alteri
2450 2794 2677 2851 factioni
2700 2795 2960 2867 dicebant
2994 2794 3323 2865 necjustum
3355 2809 3498 2861 esse,
3520 2809 3624 2852 nec

393 2894 455 2930 τε
485 2882 589 2944 ταῖς
629 2880 876 2948 γνώμαις
911 2881 1049 2949 πρὸς
1100 2881 1227 2945 τοὺς
1272 2882 1491 2951 ἀλλους,
1521 2888 1618 2939 καὶ
1647 2886 1940 2956 ἀνακωχήν
1967 2941 1984 2962 Α

2043 2892 2202 2959 utile,
2234 2906 2358 2946 cum
2391 2888 2603 2962 reliqua
2635 2886 2772 2941 urbs
2812 2884 2997 2939 omnis
3037 2885 3090 2937 in
3128 2884 3289 2938 ﬁdem
3327 2885 3625 2956 imperatm

397 2967 695 3037 αἰτήσαντες
749 2970 886 3040 πρδις
918 2969 1182 3040 βασιλέως
1213 2971 1308 3024 τοῦ
1340 2971 1605 3042 πολέμου,
1637 2973 1719 3035 είς
1744 2971 1939 3041 λόγους
1966 2967 1988 3000 ⁸

2044 2984 2122 3038 ris
2169 2981 2557 3047 concessisset,
2588 2978 2739 3048 ipsos
2769 2974 2973 3042 obniti,
3009 2985 3070 3030 et
3103 2975 3449 3046 belligerare.
3500 2977 3622 3031 Non

387 3055 713 3126 κατέστησαν
750 3059 862 3120 τοῖς
914 3057 1527 3129 συμπολιορκουμένοις.
1560 3060 1672 3112 Καὶ
1717 3060 1942 3132 Λυζικῷ

2043 3077 2188 3131 enim
2227 3088 2346 3129 cum
2391 3074 2567 3127 simus
2615 3069 2926 3131 interclusi,
2970 3068 3075 3123 soli
3110 3076 3164 3124 et
3205 3083 3327 3133 nos,
3357 3079 3415 3124 et
3439 3082 3621 3125 arcem

389 3143 490 3214 μὲν
532 3148 610 3217 τῷ
651 3147 750 3217 τῆς
783 3149 1133 3217 ἀκροπόλεως
1180 3150 1407 3220 ἄρχοντι
1443 3154 1543 3205 οὐκ
1574 3151 1784 3220 ἔφασαν
1815 3157 1943 3226 ’περὶ⁹

2044 3182 2265 3223 servare
2299 3178 2620 3236 possumus;
2646 3170 2706 3217 et
2748 3161 2845 3231 qui
2877 3160 3072 3215 Pheris
3095 3160 3301 3214 auxilio
3325 3158 3619 3222 venerunt.

377 3240 479 3308 τῆς
512 3239 773 3310 σφετέρας
806 3242 1059 3314 πατρίδος
1090 3242 1367 3313 βουλεύειν
1401 3245 1797 3316 συγχωρήσειν,
1829 3247 1944 3301 ἑτέ-

2083 3261 2173 3314 icti
2225 3268 2379 3320 sunt,
2428 3267 2485 3312 et
2535 3256 2629 3310 alii
2675 3254 2866 3309 venire
2919 3268 3032 3308 non
3083 3253 3389 3308 audebunt.
3435 3254 3668 3324 Capias.

379 3345 482 3400 ρας
512 3331 641 3385 ὄντα
670 3333 878 3397 πόλεως
911 3333 1155 3406 πολίτην,
1186 3335 1246 3389 ὃν
1276 3336 1490 3407 βασιλεῖ
1538 3340 1944 3410 προσχωρησά-

2048 3350 2399 3422 imperatoris
2442 3359 2653 3419 magnae
2704 3355 2762 3403 et
2813 3346 3090 3402 bellicosa:
3146 3353 3432 3415 praeterea,
3477 3354 3623 3401 totus

374 3440 478 3494 σης
512 3424 776 3497 Βερῤοίας
811 3427 860 3479 οἱ
909 3430 1217 3496 συγγενεῖς,
1252 3428 1318 3483 ἀν
1363 3447 1416 3484 τι
1443 3431 1536 3484 καὶ
1560 3432 1943 3506 προσκρούσῃ,

2046 3443 2285 3515 populus
2326 3441 2653 3496 assidebunt
2699 3448 2757 3493 et
2805 3437 3239 3510 expugnanbunt
3286 3451 3405 3493 nos.
3447 3437 3625 3507 Atque

374 3516 776 3587 ἐξαιτήσονται.
812 3517 936 3583 Τοῖς
966 3518 1011 3573 δ’
1054 3520 1233 3585 ἄλλοις
1262 3522 1323 3575 οὐ
1357 3521 1562 3577 δίκαιον
1591 3518 1729 3577 εἶναι
1760 3523 1947 3592 ἔλεγον

2051 3545 2111 3590 ut
2159 3532 2484 3606 aliquandiu
2545 3532 2894 3595 resistamus,
2944 3530 3224 3598 utrimque
3268 3536 3450 3584 tamen
3482 3529 3628 3598 plec-I

375 3608 505 3660 οὐδὲ
541 3608 811 3675 λυσιτελὲς
842 3610 940 3681 τῆς
980 3609 1146 3682 ἄλλης
1179 3611 1402 3682 ἀπάσης
1451 3612 1664 3676 πόλεως
1695 3629 1947 3684 προσχω-

2052 3636 2253 3683 temur.
2281 3626 2410 3681 Sive
2437 3622 2586 3678 enim
2623 3621 2936 3684 vincamus,
2962 3620 3168 3674 amicos
3197 3627 3255 3674 et
3279 3618 3630 3688 propinquis-

379 3701 627 3772 ρησάσης
656 3701 888 3772 βασιλεῖ,
916 3702 1111 3766 αὐτοὺς
1142 3702 1500 3758 ἀνθίστασθαι
1522 3705 1619 3758 καὶ
1649 3705 1944 3775 πολεμείνο

2051 3721 2223 3776 simus
2278 3715 2687 3780 interimemus,
2715 3714 2832 3769 sive
2904 3713 3214 3776 vincamur,
3279 3711 3629 3766 moriendum

379 3789 507 3844 diu
535 3793 643 3863 γὰρ
679 3794 997 3863 δυνήσονται
1025 3793 1252 3858 ἑαυτούς
1275 3811 1336 3861 τε
1360 3797 1455 3848 καὶ⁵
1474 3797 1573 3867 τὴν
1596 3796 1775 3867 ἀκραν
1792 3814 1951 3868 περι-

2050 3809 2160 3864 erit
2187 3804 2553 3867 necessario;
2591 3818 2716 3872 quae
2758 3817 2951 3856 omnes
2996 3817 3027 3854 a
3076 3800 3238 3855 nobis
3272 3800 3448 3855 aliena
3474 3810 3626 3855 sunt.

377 3885 556 3939 σῶσαι
592 3886 739 3955 μόνοι
762 3882 1242 3959 ὲναπειλημμένοι,
1264 3880 1372 3941 τῶν
1401 3904 1461 3940 τε
1495 3888 1561 3941 ἐκ
1588 3889 1775 3959 Φερῶν
1807 3891 1950 3946 κατὰ

2053 3897 2110 3952 Si
2150 3899 2339 3965 itaque
2391 3903 2448 3949 et
2493 3894 2655 3948 vobis
2688 3894 2987 3961 probatur;
3019 3891 3103 3946 sin
3135 3893 3340 3959 minus,
3392 3900 3447 3945 at
3481 3902 3631 3948 certe

379 3982 702 4051 συμμαχίαν
733 3983 1056 4053 ἀφιγμένων
1100 3983 1444 4053 ἡττημένων,
1474 3983 1569 4037 καὶ
1608 3982 1709 4037 οὐκ
1739 3982 1806 4037 ἀν
1834 3985 1952 4039 ἑτέ-

2053 4003 2161 4060 nos
2204 4002 2330 4042 cum
2372 4000 2499 4041 arce
2544 3992 2763 4040 nosmet
2799 3985 2853 4039 in
2898 3998 3098 4039 manus
3146 3983 3497 4052 imperatoris
3538 3984 3633 4038 dea

381 4090 493 4144 ρων
539 4071 920 4144 τολμησάντων
954 4073 1169 4129 mm-
1200 4075 1235 4146 ἦ
1277 4091 1336 4127 τε
1385 4073 1655 4144 βασιλέως
1716 4078 1952 4146 στρατιὰ

2054 4072 2270 4128 demus.
2324 4069 2604 4124 Hactenus
2651 4068 2754 4122 illi.
2787 4065 3022 4139 Lyzicus
3056 4074 3262 4133 autem,
3291 4075 3345 4121 et
3371 4066 3464 4137 qui
3492 4081 3523 4120 ο
3550 4080 3637 4120 se.—

378 4164 552 4235 πολλή
585 4181 645 4217 τε
670 4166 764 4218 καὶ
784 4165 1105 4235 ἀξιόμαχος.
1137 4162 1249 4219 Καὶ
1286 4166 1517 4236 προσέτι
1549 4167 1700 4220 πᾶσα
1732 4168 1764 4239 ή
1801 4169 1954 4235 πόλις

2053 4165 2210 4221 ηΞοτο
2267 4163 2565 4225 faciebant.
2612 4160 2835 4216 consilii
2883 4161 3100 4228 inopes,
3161 4158 3330 4228 168
3365 4174 3473 4212 una
3507 4174 3631 4213 cum

378 4253 655 4324 πανδημεὶ
686 4254 1147 4326 ’προσκαθήμενοι
1211 4255 1746 4327 ὲκπολιορκήσουσιν
1776 4258 1945 4329 ήμᾶς.

2056 4256 2181 4311 aliis
2212 4253 2539 4326 impunitate
2567 4251 2761 4322 petita,
2788 4251 2834 4305 si
2866 4249 3001 4320 quid
3033 4250 3423 4320 imperatorem
3459 4249 3635 4305 often—-

380 4348 445 4401 Et
468 4348 526 4401 δὲ
552 4349 646 4401 καὶ
674 4349 950 4418 ἀντισχεῖν
976 4346 1320 4417 δυνησόμεθα
1349 4348 1485 4420 πρὸς
1523 4346 1730 4418 ὀλίγον,
1762 4349 1943 4421 ἀμφο-

1762 4349 1943 4421 ἀμφο-
1983 4343 2004 4345 ”
2056 4350 2290 4416 dissent,
2317 4359 2375 4404 et
2412 4363 2478 4404 ea
2515 4350 2734 4418 adepta,
2762 4359 2947 4401 arcem
2979 4343 3353 4415 tradiderunt.

378 4441 621 4513 τέρωθεν
648 4439 1063 4513 ζημιωσόμεθα.
1098 4438 1200 4496 Ἀν
1233 4460 1293 4496 τε
1318 4443 1428 4516 γὰρ
1494 4446 1760 4515 νικῶμεν,
1797 4447 1986 4516 φίλους
2020 4447 2118 4500 καὶ⁵
2176 4445 2305 4507 τοὺς
2350 4443 2721 4506 οἰκειοτάτους
2759 4441 3207 4515 ἀποκτενοῦμεν*
3241 4443 3304 4495 ἀν
3352 4452 3412 4495 τε
3461 4438 3639 4513 ήττὼέ

382 4537 546 4606 μεθα,
585 4539 796 4608 ἀνάγκη
849 4534 1237 4611 ἀποθνήσκειν.
1267 4532 1334 4589 ‘A
1364 4537 1430 4609 δὴ
1461 4537 1679 4592 ἅπαντα
1710 4539 1772 4592 οὐ
1808 4540 1948 4611 πρὸς
1981 4539 2161 4610 ήμῶν.
2203 4537 2264 4592 El
2333 4537 2457 4607 μὲν-
2509 4535 2604 4591 οὖν
2657 4536 2755 4590 καὶ
2793 4536 2924 4606 ὑμῖν
2970 4535 3146 4591 ταῦτα
3180 4539 3461 4591 συνδοκεῖο
3493 4538 3544 4590 εἰ
3587 4525 3637 4589 δ’

378 4630 497 4696 οὖν,
528 4631 643 4683 ἀλλ’
666 4633 825 4704 ήμεῑς
843 4647 906 4699 γε
930 4632 1080 4703 qua;
1116 4648 1177 4684 τε
1204 4620 1414 4695 αὐτοὺς
1439 4632 1533 4686 καὶ
1561 4631 1662 4704 τὴν
1721 4631 2022 4703 ἀκρόπολιν
2060 4629 2444 4702 ὶγχιιρίσομεν
2508 4628 2735 4699 βασιλεῖ.
2772 4629 2837 4682 Οἱ
2897 4629 2995 4699 μὲν
3052 4628 3146 4684 οὖν
3194 4630 3421 4684 τοιαῦτα
3459 4625 3637 4681 εἶπον.

382 4725 620 4789 Λυξικὺς
649 4723 706 4778 δὲ
736 4725 830 4778 καὶ
864 4726 976 4778 ὅσοι
1041 4719 1183 4795 ἦσαν
1255 4723 1334 4792 τῷ
1373 4723 1736 4798 πρεσϐυτέρῳ
1764 4725 2155 4798 προσκείμενοι
2216 4722 2457 4794 βασιλεῖ,
2490 4724 2591 4775 οὐκ
2639 4719 2859 4792 ἔχοντες
2912 4722 2995 4776 ὅτι
3039 4721 3325 4794 δράσαιεν,
3364 4722 3483 4792 ἅμα
3523 4723 3638 4781 τοῖς

380 4817 565 4879 ἀλλοις
600 4820 909 4889 ἀμνηστίαν
946 4818 1290 4889 αἰτήσαντες,
1322 4817 1377 4870 εἴ
1411 4834 1466 4870 τι
1501 4818 1987 4889 προσκεκρούκασι
2027 4820 2163 4889 πρὸς
2204 4817 2454 4889 βασιλέα,
2488 4816 2585 4869 καὶ
2624 4815 2904 4885 τυχόντες,
2947 4815 3258 4886 παρέδοσαν
3301 4814 3402 4886 τήν
3469 4808 3646 4882 ἀκρό·

381 4915 554 4970 ⁴ιτολιν.

1818 4998 2043 5064 CAPUT
2083 4994 2218 5061 LIV.

389 5093 658 5169 Quajritur
694 5114 796 5169 quo
824 5100 891 5152 sit
920 5097 1170 5152 eundum.
1207 5088 1437 5169 Magnus
1471 5094 1784 5152 domesticus
1819 5100 2079 5155 Edessam
2124 5108 2174 5152 et
2214 5097 2519 5153 (Sauariam
2557 5096 2764 5169 suadet.
2795 5094 2985 5169 Omnes
3013 5094 3315 5169 approbant
3332 5095 3641 5169 ronst'lium.

462 5164 742 5239 Mittuntur
775 5167 998 5235 littera;
1030 5164 1604 5239 promptas'inveniunt
1636 5171 1704 5222 ad
1734 5169 2076 5224 deditionem.
2112 5169 2250 5234 Quid
2277 5169 2501 5239 “nigris
2543 5167 2700 5239 duces
2732 5167 2955 5239 egerint.
3000 5164 3195 5235 Ingens
3216 5164 3641 5239 Occidentalium

463 5240 529 5310 ad
550 5237 819 5306 jumorem
851 5232 1088 5308 defeetio.
1140 5232 1601 5310 Protgvestiarius,
1654 5247 1704 5291 et
1756 5242 1992 5307 despata,
2029 5232 2226 5310 aliique
2275 5240 2344 5291 ad
2401 5232 2695 5310 Triballum
2741 5232 3087 5310 confugiunt}
3131 5237 3223 5310 sed
3256 5238 3529 5310 intercepti
3572 5243 3642 5289 ad

462 5305 835 5377 imperatorem
865 5305 1220 5364 adducuntur.
1257 5308 1492 5362 Pecunia
1520 5312 1690 5362 omnis
1715 5312 1964 5364 uxoribus
1980 5305 2175 5364 eorum
2198 5311 2459 5387 donatur,
2485 5317 2540 5360 ut
2563 5309 2631 5361 sit
2657 5305 2795 5377 quod
2825 5307 2879 5359 in
2906 5307 3044 5359 viros
3070 5305 3276 5359 exsules
3300 5307 3638 5375 impendant.

464 5427 579 5497 Καὶι
626 5429 916 5497 παρελθὼν
946 5431 976 5482 6
1011 5428 1290 5498 βασιλεὺς,
1332 5431 1428 5481 καὶ
1481 5428 1601 5480 ὅσοι
1662 5423 1805 5498 ἦσαν
1848 5425 1960 5479 τῶν

2139 5421 2423 5496 Ingressus
2481 5425 2788 5494 imperator
2820 5465 2834 5488 ,
2886 5418 3289 5491 adscriptisqu‘e
3339 5418 3407 5474 ad
3455 5433 3587 5473 suos
3623 5459 3636 5481 .

385 5521 461 5573 τὰ
483 5522 562 5592 (Ι)
582 5521 677 5575 τοῦ
700 5522 1078 5592 πρεσϐυτέρου
1110 5519 1377 5592 βασιλέως
1406 5519 1762 5590 παραλαδὼν,
1801 5518 1961 5587 ἐξῆλ-

2071 5527 2346 5589 quotquot
2371 5533 2475 5574 avo
2501 5516 2797 5588 cupiebant
2823 5553 2839 5576 .
2890 5530 3014 5568 mox
3059 5513 3230 5578 abiit,
3263 5509 3392 5565 etin
3438 5509 3643 5580 palatio

1560 5688 1569 5695 .
1634 5634 1853 5697 Jacobi
1886 5632 2152 5696 Pontani
2179 5641 2370 5696 notae.

461 5739 547 5813 (Ι)
580 5740 830 5796 Fortasse
863 5740 1004 5811 μετά
1032 5747 1127 5795 aut
1155 5748 1279 5811 post
1315 5738 1583 5812 βασιλέως
1614 5738 1757 5794 adde
1784 5736 2165 5808 πραττόντων,
