4028 6436
481 297 580 358 367

1658 279 1988 341 JOANNIS
2023 273 2555 337 CANTACUZENI

3605 275 3696 335 3'3

479 422 606 465 eum
637 402 983 474 primoribus
1019 414 1162 471 quos
1217 410 1404 453 secum
1449 395 1793 457 adduxerat,
1846 391 2054 460 quique

2165 386 2250 438 θεν
2314 385 2500 448 εὐθύς.
2568 386 2680 438 Καὶ
2739 385 2818 448 είς
2866 382 3122 454 βασίλεια
3179 381 3372 447 ἐλθὼν,
3421 382 3712 438 ἐϐουλεύετο

479 497 890 554 Thessalonicae
941 503 1140 558 erant,
1189 507 1300 562 quo
1351 489 1696 560 potissimum
1749 487 1859 540 iret
1924 499 2056 537 con-

478 590 730 650 sultavit,
757 586 982 658 quando
1011 600 1103 640 res
1128 593 1351 652 cogeret
1378 598 1486 636 non
1516 579 1826 649 quiescere.
1855 575 2058 630 Omnes

479 684 801 738 Berrhmam
830 679 1074 735 eundum
1097 675 1424 732 suadebant.
1457 671 1684 741 Magnus
1721 667 2058 722 domesticus

481 776 803 831 Bcrrhmam
838 769 1202 828 omittendam
1229 807 1244 832 ,
1287 766 1548 821 Edessam
1574 804 1589 826 ,
1628 771 1681 816 et
1717 759 1845 814 inde
1869 759 2062 812 Casto-

482 868 625 921 riam
673 867 779 920 iter
812 862 1162 934 dirigendum
1201 859 1468 915 censebat
1492 895 1506 922 ,
1547 854 1730 909 causis
1759 849 2058 921 adjunctis,

486 973 690 1027 nempe
752 954 1093 1010 Demetrium
1145 952 1470 1020 despotam,
1523 955 1578 1001 et
1633 941 2059 998 Monomachum

484 1049 812 1120 praefectum
841 1087 856 1110 ,
911 1055 964 1100 et
998 1045 1229 1099 Raulem
1284 1041 1552 1096 lsaacium
1600 1037 1805 1090 habere
1845 1033 2065 1087 Edessa:

487 1155 688 1195 uxores
723 1153 853 1192 suas
887 1152 1012 1191 cum
1068 1135 1260 1189 liberis
1290 1172 1305 1194 ,
1341 1145 1579 1199 esseque
1627 1133 2064 1182 consentaneum

484 1243 545 1288 ut
571 1231 722 1286 omni
748 1229 931 1285 studio
958 1238 1276 1296 conatuque
1302 1224 1578 1288 adhibito,
1597 1228 1654 1275 et
1679 1220 1875 1284 horum
1898 1229 2065 1270 causa

482 1341 603 1379 eam
633 1322 979 1393 subigerent,
1011 1327 1066 1373 et
1091 1319 1244 1388 quia,
1267 1333 1392 1372 cum
1421 1315 1494 1369 sit
1523 1327 1751 1384 parvum
1775 1307 2064 1380 oppidum,

481 1423 680 1470 natura
722 1424 778 1468 et
809 1412 1075 1482 operibus
1108 1410 1328 1464 ﬁrmum
1358 1450 1372 1474 ,
1414 1406 1574 1462 facile
1621 1413 1814 1458 contra
1850 1402 2064 1456 hostem

481 1505 709 1560 delendi
749 1517 934 1574 posse.
969 1501 1034 1556 Et
1067 1500 1321 1570 quamvis
1343 1513 1464 1553 eam
1498 1495 1576 1550 illi
1600 1491 2066 1565 praeoccuparint,

481 1608 554 1648 ne
584 1593 665 1648 sic
694 1591 920 1662 quidem
961 1589 1316 1659 eli‘ugituram
1341 1625 1358 1652 ,
1403 1585 1540 1655 quin
1575 1585 1643 1638 ab
1671 1581 1806 1652 ipsis
1837 1579 2071 1650 recipia-

481 1695 576 1738 tur
605 1701 622 1749 ;
658 1683 858 1737 multas
893 1689 1077 1735 tamen
1130 1680 1184 1732 in
1211 1679 1330 1750 ejus
1364 1675 1661 1731 obsidione
1694 1671 2066 1736 dilIicultates,

480 1789 544 1829 ac
565 1774 808 1838 labores,
837 1781 894 1826 et
922 1771 1017 1825 diu
1041 1811 1057 1836 ,
1105 1767 1429 1826 subeundos
1472 1765 1614 1820 fore.
1648 1764 1705 1820 Si
1735 1777 1870 1818 vero
1919 1775 2067 1816 nunc

482 1861 912 1925 advenerimus,
960 1859 1174 1930 inquit,
1231 1857 1327 1928 qui
1383 1856 1498 1910 illic
1550 1863 1722 1918 sunt,
1757 1853 1981 1924 Opibus,
2009 1859 2067 1906 et

481 1951 818 2007 auctoritate
883 1950 1204 2021 principes,
1241 1947 1620 2017 [plebeiosque
1671 1960 1737 2000 ac
1785 1944 2068 2000 tenuiores

484 2053 706 2098 versant
736 2059 846 2112 quo
897 2041 1051 2096 lubet
1079 2080 1094 2106 ,
1136 2055 1262 2096 cum
1293 2041 1404 2110 jam
1440 2037 1654 2108 pridem
1698 2037 1812 2092 sint
1842 2037 1896 2090 in
1925 2034 2066 2089 ami-

479 2139 564 2194 cis
610 2137 749 2192 meis
779 2177 795 2201 ,
851 2134 1265 2206 promptissime
1316 2133 1639 2204 oppidulum
1678 2129 1916 2184 tradent.
1948 2127 2066 2181 lmo

479 2247 616 2299 vero
644 2231 810 2285 etiam
847 2238 1147 2298 antequam
1173 2241 1241 2281 eo
1271 2227 1614 2290 venerimus,
1643 2222 1690 2277 si
1715 2206 2070 2291 imperatoris

481 2324 738 2377 mandata
773 2337 898 2376 cum
955 2319 1153 2374 litteris
1202 2316 1341 2371 meis
1389 2314 1709 2385 acceperint
1732 2310 1939 2383 ,.omni
1979 2323 2066 2362 ra-

484 2416 636 2470 tione
668 2415 739 2468 iis
771 2427 965 2482 parere
993 2413 1281 2466 enitentur
1307 2427 1320 2462 :
1350 2419 1406 2464 et
1453 2408 1498 2462 si
1532 2408 1658 2477 quis
1690 2405 1758 2460 de
1787 2402 2067 2473 pra-dictis

482 2508 724 2563 ducibus
753 2505 821 2559 ad
849 2520 947 2559 eos
974 2503 1297 2568 accesserit,
1327 2515 1454 2556 eum
1487 2499 1638 2554 haud
1673 2497 2066 2552 intromittent.

481 2599 794 2654 (Lastoriam
844 2605 1027 2651 autem
1077 2605 1134 2650 et
1187 2594 1363 2664 ipsam
1392 2631 1408 2658 ,
1455 2599 1684 2661 propter
1727 2589 1910 2642 lacum
1956 2599 2068 2655 quo

367 2721 378 2744 κ
484 2693 729 2764 cingitur
798 2690 1252 2752 munitissimam,
1326 2685 1590 2757 Angelus,
1655 2679 2066 2753 protovestiarii

483 2802 678 2858 gener,
715 2793 976 2856 procurat
1005 2800 1020 2848 ;
1080 2782 1178 2852 qui
1214 2779 1350 2836 mihi
1384 2789 1440 2834 et
1479 2779 1810 2850 cognatione
1843 2775 2070 2846 propin-

484 2879 790 2948 quis-simus
820 2885 926 2939 est,
963 2883 1019 2929 et
1048 2884 1110 2930 ut
1136 2873 1420 2928 educatori
1471 2887 1534 2926 ac
1577 2871 1840 2939 magistro
1879 2882 1979 2922 suo
2009 2867 2064 2920 in

485 2983 546 3022 re
573 2967 770 3021 bellica
801 2964 1034 3036 gratiam
1061 3002 1076 3030 ,
1113 2962 1604 3031 obedientiamque
1637 2973 1751 3014 non
1781 2959 2064 3028 vulgarem

482 3060 694 3114 debet:
735 3073 800 3112 ac
839 3066 1066 3126 propter
1113 3052 1584 3109 necessitudinem
1639 3059 1885 3105 mutuam
1936 3065 2068 3118 pro-
2092 3083 2136 3141 ο

482 3149 890 3210 tovcstiarium,
923 3144 1182 3215 quamvis
1213 3141 1766 3205 socerum,facillime
1782 3140 2063 3203 deserens,

481 3239 648 3294 nobis
681 3238 948 3308 oppidum
982 3235 1325 3292 dedet.Cttm
1361 3235 1462 3290 ista
1494 3232 2066 3296 obtinuerimus,Ber-

480 3330 697 3384 rhocitae
729 3331 956 3384 ultrase
1010 3326 1255 3392 dedent;
1296 3341 1438 3396 quos
1487 3325 1654 3380 etiam
1694 3324 1856 3396 169
1887 3323 2068 3394 prius-

480 3436 645 3492 quam
692 3421 809 3475 haec
841 3427 1200 3490 peragantur,
1234 3433 1378 3484 cras,
1426 3425 1522 3472 aut
1585 3417 1819 3488 perinde
1873 3417 2061 3470 urbem

483 3529 639 3568 suam
673 3513 1008 3566 transditum
1042 3520 1316 3566 venturos
1347 3511 1627 3565 existimo.
1666 3509 1806 3564 Iluic
1829 3509 2065 3564 consilio

485 3605 823 3674 subscripsit
849 3605 1035 3658 statim
1089 3603 1410 3672 imperator,
1445 3604 1652 3673 aliique
1679 3601 1918 3671 idipsum
1947 3601 2067 3654 lau-

483 3699 682 3752 dantes
713 3697 1119 3766 approbarunt.
1149 3696 1382 3766 Jamque
1408 3695 1600 3759 ﬁxum,
1631 3709 1695 3749 ac
1730 3703 1909 3747 ratum
1946 3701 2066 3747 erat

481 3791 747 3846 Edessam
786 3797 1013 3860 pett-ref,
1047 3799 1104 3844 et
1147 3790 1297 3845 illico
1337 3799 1446 3845 tam
1496 3790 1669 3860 ipsius
1713 3788 2068 3859 imperatoris

482 3885 768 3948 mandata,
812 3897 981 3954 quam
1020 3883 1208 3951 magni
1257 3881 1549 3937 domestici
1586 3882 1787 3936 littera:
1835 3897 1935 3951 per
1980 3881 2062 3936 ci-

484 3977 791 4031 tatissimos
820 3975 1038 4045 equites
1083 3989 1150 4028 eo
1174 4015 1190 4040 ,
1236 3982 1292 4028 et
1331 3973 1496 4028 simul
1543 3973 1849 4028 Castoriam
1881 3973 2066 4028 mitte-

484 4065 708 4120 bantur.
725 4064 905 4135 Atque
935 4064 1182 4134 Angelus
1208 4063 1432 4133 quidem
1461 4063 1722 4119 Castoris:
1747 4061 2060 4133 prtel‘ectus,

483 4173 610 4213 mox
671 4158 795 4212 urbi
845 4156 1108 4211 custodes
1155 4156 1446 4222 adhibuit,
1497 4166 1690 4226 utpote
1741 4157 2062 4224 imperatori

485 4251 810 4306 adventanti
869 4249 1210 4306 deditionem
1262 4252 1535 4306 facturus.
1575 4250 1680 4306 Sed
1717 4251 1810 4320 qui
1845 4248 2064 4305 Edessa:

482 4343 728 4413 potentia
780 4343 1138 4409 eminebant,
1191 4343 1379 4412 Angeli
1429 4343 1731 4413 Rhadipori
1781 4343 2064 4412 cognomi-

2163 479 2306 547 μετά
2362 478 2473 531 τῶν
2527 479 2586 530 ἐν
2627 478 2777 531 τέλει
2815 477 2926 531 τῶν
2958 493 3018 529 τε
3069 474 3390 545 ἀφιγμένων
3421 475 3514 530 σὺν
3563 479 3713 548 αὐτῷ,

2162 571 2262 624 καὶ
2293 569 2343 623 οἳ
2375 566 2520 642 ἦσαν
2565 572 2624 624 ἐν
2672 569 3080 641 Θεσσαλονίκῃ,
3116 569 3243 621 ὅποι
3275 567 3380 638 χρὴ
3410 569 3716 638 τραπέσθαι,

2161 661 2355 731 ἐπειδὴ
2385 663 2455 714 τά
2480 662 2793 732 πράγματα
2829 659 3150 730 ἠνάγκαζον
3177 659 3251 728 μὴ
3278 659 3522 727 ἠρεμεῖν.
3543 660 3603 711 Oi
3632 658 3718 726 μὲν

2163 750 2260 808 οὖν
2295 753 2451 806 ἄλλοι
2481 755 2689 817 πάντες
2723 755 2806 816 είς
2845 751 3123 823 Βέῤῥοιαν
3164 750 3514 804 ἐϐουλεύοντο
3539 751 3720 814 ἐλθεῖν,

2164 848 2192 898 6
2239 847 2416 916 μέγας
2466 847 2523 898 δὲ
2575 846 2909 915 δομέστικος
2956 846 3229 916 Βέρροιαν
3285 843 3382 914 μὲν
3423 843 3600 910 ἔλεγεν
3619 846 3722 913 ἐᾷν,

2165 941 2245 1018 εἰς
2281 939 2554 991 Ἔδεσσαν
2608 937 2668 990 δὲ
2719 937 2918 1001 ἐλθεῖν,
2953 937 3217 990 κάκεῖθεν
3265 936 3350 997 εἰς
3403 935 3723 1005 Καστορίαν.

2167 1030 2492 1098 Προσετίθει
2520 1029 2578 1082 δὲ
2609 1030 2706 1082 καὶ
2733 1030 2834 1091 τὰς
2865 1030 3069 1092 αἰτίας.
3107 1029 3284 1093 λέγων
3314 1027 3409 1090 ὡς,
3441 1027 3526 1080 ὅτε
3549 1028 3722 1078 δεσπόο

2165 1137 2266 1190 της
2320 1121 2660 1191 Δημήτριος,
2697 1120 2796 1172 καὶ
2856 1119 3106 1189 ἔπαρχος
3145 1119 3173 1171 6
3228 1117 3563 1187 Μονομάχος,
3593 1117 3676 1168 καὶ
3703 1118 3728 1168 ὁ

2180 1209 2376 1264 Ῥαοὺλ
2418 1211 2713 1275 Ίσαάκιος,
2743 1213 2844 1274 τὰς
2865 1212 3135 1279 γυναῖκας
3165 1209 3267 1264 καὶ
3309 1209 3503 1271 παῖδας
3531 1207 3729 1276 ἔχοντες

2169 1305 2228 1358 ἐν
2265 1305 2632 1374 Ἐδεσσηνοῖς,
2664 1306 2814 1368 εἰκὸς
2863 1305 3016 1374 πάσῃ
3066 1306 3270 1375 σπουδῇ
3309 1304 3611 1376 χρήσασθαι
3645 1319 3674 1352 κ
3709 1303 3727 1350 ὶ

2173 1401 2394 1468 μηχανῇ
2431 1397 2577 1451 ὥστε
2629 1402 2932 1470 κατασχεῖν
2981 1400 3144 1453 αὐτά.
3183 1398 3338 1462 "Apta
3388 1397 3486 1468 μὲν
3519 1391 3728 1449 καὶτῶν

2169 1489 2449 1558 γυναικῶν
2479 1488 2644 1543 ἕνεκα
2693 1490 2792 1544 καὶ
2827 1490 3062 1557 τέκνων,
3113 1491 3230 1561 ἅμα
3264 1491 3310 1545 δ’
3334 1491 3417 1544 ὅτι
3455 1489 3644 1558 μικρόν
3675 1504 3726 1539 τε

2172 1583 2231 1637 ὃν
2261 1584 2321 1636 τδ
2358 1583 2602 1654 πόλισμα
2639 1584 2736 1636 καὶ
2767 1585 3044 1656 καρτερὸν
3069 1568 3178 1638 ἀπό
3204 1601 3264 1638 τε
3291 1583 3496 1653 τειχῶν
3529 1581 3618 1633 καὶ
3644 1581 3728 1648 τῆς

2173 1677 2271 1731 τοῦ
2336 1677 2506 1732 τόπου
2548 1677 2928 1746 κατασκευῆς,
2967 1677 3152 1749 ῥᾴδιόν
3185 1678 3337 1730 ἐστιν
3365 1675 3444 1739 είς
3475 1672 3727 1743 φυλακήν.

2094 1741 2140 1802 Β
2171 1765 2291 1819 Κᾶν
2313 1765 2604 1833 φθάσωσιν
2635 1766 2768 1818 αὐτὸ
2797 1741 3233 1837 προκατασχεῖν,
3264 1741 3608 1835 διαφεύξεται
3639 1760 3728 1830 μὲν

2167 1859 2279 1913 οὐδ’
2309 1857 2456 1912 οὓτω
2490 1858 2552 1911 τὸ
2590 1858 2666 1930 μὴ
2709 1858 2918 1912 ἁλῶναι
2972 1859 3109 1932 παρ’
3156 1860 3343 1930 ἡμῶν.
3400 1847 3631 1927 Παρέξει
3676 1852 3726 1904 δὲ

2170 1948 2373 2019 πολλὴν
2404 1948 2504 2019 τὴν
2531 1949 2860 2020 δυσχέρειαν
2895 1949 2991 2004 καὶ
3024 1949 3126 2021 τὴν
3166 1949 3365 2021 τριϐὴν
3397 1948 3490 2002 καὶ
3517 1945 3604 2000 τὸν
3643 1945 3727 1995 atri-

2168 2059 2260 2095 νον
2296 2045 2355 2094 ἐν
2396 2041 2473 2112 τῷ
2510 2041 2949 2112 πολιορκεῖσθαι.
2998 2042 3126 2096 Ἐὰν
3179 2044 3238 2096 δὲ
3294 2041 3391 2096 νῦν
3422 2035 3726 2111 παραγενώ-

2171 2132 2314 2202 μεθα
2343 2133 2528 2204 ἡμεῖς,
2564 2134 2614 2186 οε
2645 2132 2838 2186 αὐτόθι
2859 2133 3234 2187 δυνατώτατοι
3268 2134 3367 2188 καὶ
3396 2134 3520 2196 τοὺς
3549 2130 3725 2189 ἄλλους

2167 2225 2398 2293 ἄγοντες
2449 2227 2544 2280 καὶ
2597 2227 2861 2300 φέροντες
2893 2221 2950 2280 οἷ
2989 2228 3056 2281 ἂν
3101 2225 3428 2297 βούλωνται,
3458 2226 3520 2276 ἐκ
3550 2219 3724 2276 πολλοῦ

2169 2318 2529 2387 προκείμενος.
2563 2318 2688 2388 ἐμοὶ
2743 2319 2920 2388 ῥᾷστα
2976 2317 3369 2388 παραδώσουσι
3423 2315 3480 2368 τὺ
3510 2311 3732 2379 πόλισμα

2168 2409 2326 2478 ἡμῖν.
2359 2407 2582 2461 Μᾶλλον
2607 2407 2663 2460 δὲ
2685 2409 2782 2461 καὶ
2807 2407 2938 2478 πρὶν
2971 2409 3121 2478 ἡμᾶς
3143 2408 3314 2478 ἥκειν
3339 2407 3476 2467 ἐκεῖ,
3499 2404 3561 2457 ἂν
3592 2401 3730 2472 βασι-

2167 2499 2312 2560 λέως
2361 2515 2420 2551 τε
2471 2500 2879 2570 προστάγματα
2931 2504 3026 2553 καὶ
3077 2503 3394 2571 γράμματα
3443 2498 3548 2569 ἐμὰ
3608 2494 3731 2565 πρὸς

2169 2591 2372 2655 αὐτοὺς
2428 2591 2573 2663 ἥξει,
2618 2593 2684 2645 ἐκ
2727 2593 2929 2656 παντὸς
2982 2595 3192 2664 τρόπου
3253 2593 3618 2648 σπουδάσουσι
3671 2590 3729 2640 τὰ

2171 2684 2515 2755 κελευόμενα
2571 2686 2772 2740 ποιεῖν.
2810 2686 2927 2740 Κάν
2981 2703 3066 2751 τις
3117 2689 3212 2741 καὶ
3268 2688 3382 2742 τῶν
3445 2683 3730 2755 εἰρημένων

2169 2776 2445 2846 ἀφίκηται
2544 2776 2687 2846 πρὸς
2756 2777 2980 2843 αὐτοὺς,
3047 2778 3149 2832 οὐκ
3229 2781 3304 2834 ἂν
3383 2778 3728 2843 εἰσδέξωνται.

2171 2869 2489 2938 Καστορίας
2520 2869 2578 2921 δὲ
2612 2869 2707 2922 καὶ
2745 2870 2918 2941 αὐτῆς
2959 2859 3325 2946 ὀχυρωτάτης
3370 2872 3534 2942 οῡσης
3574 2868 3654 2923 διὰ
3679 2865 3731 2917 τὸ

2170 2961 2512 3031 πανταχόθεν
2547 2961 2981 3033 περικλύζεσθαι
3030 2966 3095 3036 τῇ
3137 2963 3336 3037 λίμνῃ,
3367 2969 3393 3018 ό
3416 2965 3507 3017 τοῦ
3534 2975 3728 3032 πρωτο-

2169 3055 2491 3125 ϐεστιαρίου
2538 3053 2794 3127 γαμσρδς
2819 3056 2848 3108 6
2876 3055 3168 3125 Ἄγγελος,
3219 3058 3423 3131 ἄρχει·
3457 3057 3513 3119 ὃς
3541 3055 3654 3125 ἐμοὶ
3681 3066 3730 3102 τε

2168 3147 2406 3216 ἔγγιστα
2443 3149 2719 3218 προσήκει
2753 3147 2901 3202 κατὰ
2932 3150 3111 3218 γένος,
3143 3150 3238 3203 καὶ
3275 3150 3483 3221 πολλὴν
3509 3146 3627 3219 ἐμοὶ
3647 3144 3730 3213 τὴν

2167 3239 2382 3293 εὔνοιαν
2417 3243 2513 3293 καὶ
2564 3242 2668 3310 τὴν
2725 3240 3046 3294 εὐπείθειαν
3075 3243 3318 3313 ὀφείλει,
3360 3239 3730 3315 ἐκθρεψαμέντῖ)

2166 3347 2227 3382 τε
2266 3330 2452 3394 αὑτὸν,
2484 3330 2575 3384 καὶ
2631 3329 2700 3382 τά
2763 3331 3003 3398 πολέμια
3042 3331 3364 3396 διδάξαντι*
3388 3333 3481 3386 καὶ
3522 3329 3605 3384 διὰ
3645 3324 3731 3394 τὴν

2167 3427 2304 3495 πρὸς
2334 3425 2435 3497 ἐμὲ
2481 3426 2692 3495 φιλίαν,
2733 3428 2910 3499 ῥᾷστα
2945 3430 3461 3500 πρωτοϐεστιάριον
3489 3427 3552 3482 ἂν
3583 3421 3734 3490 πρόη-

2167 3533 2255 3569 ται
2303 3517 2396 3569 τὸν
2444 3516 2742 3588 κηδεστὴν,
2784 3519 2880 3571 καὶ
2923 3520 3059 3589 ἡμῖν
3095 3520 3194 3591 τὴν
3247 3521 3412 3576 πόλιν
3456 3513 3728 3588 παραδοίη.

2169 3607 2358 3662 Ταῦτα
2397 3609 2455 3663 δὲ
2503 3610 2638 3680 ἡμῖν
2686 3611 3086 3682 κατασχοῦσιν,
3126 3614 3468 3686 αὐτόκλητοι
3500 3624 3731 3683 προσχω-

2168 3702 2428 3770 ρήσουσιν
2481 3703 2530 3754 oi
2591 3703 2967 3773 Βερῤοιῶται·
3009 3704 3153 3758 δοκῶ
3189 3723 3285 3775 μοι.
3328 3707 3384 3761 δὲ
3425 3704 3616 3763 αὐτοὺς
3648 3696 3730 3751 καὶ

2167 3793 2298 3862 πρὶν
2331 3791 2506 3846 ταῦτα
2557 3794 2638 3857 είς
2671 3793 2852 3864 πέρας
2907 3795 3090 3867 ἥκειν,
3119 3796 3200 3860 είς
3233 3798 3343 3871 τὴν
3381 3793 3668 3865 ὑστεραίαν
3699 3787 3728 3856 ἢ

2166 3886 2264 3938 καὶ
2316 3883 2512 3955 τρίτην
2565 3884 2788 3956 ἡμέραν
2836 3887 2905 3942 ἂν
2959 3887 3140 3941 ἐλθεῖν
3184 3889 3614 3961 παραδώσοντας
3641 3880 3730 3949 τὴν

2168 3976 2344 4029 πόλιν.
2383 3975 2625 4031 Τοιαῦτα
2661 3978 2760 4031 τοῦ
2811 3980 3055 4048 μεγάλου
3085 3981 3419 4053 δομεστίκου
3453 3979 3728 4053 βουλευσα-

2169 4069 2362 4140 μένου,
2400 4070 2428 4123 ὄ
2463 4085 2524 4122 τε
2554 4069 2817 4140 βασιλεὺς
2859 4071 3118 4127 συνέθετο
3151 4075 3342 4142 εὐθὺς,
3388 4075 3482 4129 καὶ
3519 4073 3566 4126 οἱ
3593 4067 3738 4125 ἄλλοι.

2168 4161 2702 4232 συνεπεψηφίζοντο,
2767 4165 3177 4230 ἐπαινέσαντες
3233 4168 3339 4239 τὴν
3393 4164 3608 4238 βουλὴν,
3647 4156 3726 4212 καὶ

2165 4255 2481 4325 ἐκεκύρωτο
2505 4256 2605 4327 τὴν
2630 4257 2726 4311 ἐπὶ
2750 4258 3025 4313 Ἔδεσσαν
3049 4259 3209 4314 ἰέναι.
3230 4260 3450 4315 Αὐτίκα
3483 4275 3540 4310 τε
3574 4265 3720 4324 προσ·

2165 4348 2426 4417 τάγματα
2483 4347 2755 4418 βασιλέως
2809 4352 2905 4404 καὶ
2964 4349 3060 4405 τοῦ
3115 4352 3364 4421 μεγάλου
3413 4345 3720 4422 δομεστίκνιυ

481 4436 622 4498 nati,
661 4437 861 4488 fratres
897 4433 1200 4504 trigemini,
1235 4443 1288 4488 et
1329 4434 1605 4498 Lascaris,
1639 4434 1883 4500 acceptis
1911 4447 2063 4487 man-

2170 4441 2479 4510 γράμματα
2515 4441 2602 4494 διὰ
2641 4442 3002 4513 ταχυδρόμων
3047 4443 3266 4497 ἱππέων
3299 4446 3439 4517 πρός
3465 4459 3526 4495 τε
3559 4437 3724 4492 Ἐδεσ-

482 4526 624 4580 datis
656 4566 668 4586 ,
717 4525 857 4580 citra
895 4523 1452 4593 procrastinationem
1480 4562 1495 4586 ,
1530 4524 1678 4592 quod
1702 4531 1759 4578 et
1822 4524 2060 4592 populus

483 4621 801 4674 Edessenus
826 4616 895 4670 ab
919 4630 1112 4670 eorum
1138 4621 1274 4668 nutu
1307 4615 1744 4684 auctoritateque
1763 4614 2060 4684 pendebat,

481 4725 690 4764 uxores
757 4707 926 4762 trium
990 4721 1182 4761 eorum
1241 4721 1381 4775 quos
1437 4721 1602 4776 supra
1657 4707 2061 4762 nominavimus

483 4804 732 4870 ipsarum
790 4799 1002 4854 asdibus
1055 4798 1658 4870 circumscripserunt,
1709 4807 1766 4854 et
1810 4800 2060 4855 excubiis

481 4891 1000 4946 circumdederunt.
1059 4891 1229 4945 Paulo
1283 4901 1405 4961 post
1453 4893 1812 4947 advenientes
1850 4893 2058 4956 mariti,

481 5001 606 5039 cum
641 4983 947 5038 Edessenos
978 4983 1032 5036 in
1069 4998 1127 5037 se
1156 4983 1544 5048 insurrexisse,
1583 4999 1821 5054 suasque
1855 4985 2056 5039 mulie-

479 5091 571 5130 res
616 5074 905 5129 conclusas
951 5075 1316 5137 invenissent.
1351 5075 1532 5146 fugam
1579 5075 1645 5130 ad
1685 5075 2055 5130 Triballorum

480 5168 789 5237 principem
833 5167 1104 5220 fecerunt».
1150 5167 1284 5220 Nam
1330 5183 1454 5221 cum
1508 5167 1689 5221 adhuc
1730 5167 1923 5222 Pheris
1957 5182 2057 5220 au-

478 5262 730 5323 dissent,
789 5257 1176 5326 imperatorem
1229 5257 1682 5312 Thessalonicam
1737 5258 1840 5312 iter
1868 5274 2052 5312 susce-

477 5353 647 5423 pisse,
684 5365 792 5403 non
823 5349 996 5432 levem
1041 5349 1094 5402 in
1149 5349 1402 5404 timorem
1454 5358 1738 5413 venerant,
1774 5349 1965 5403 urbem
1997 5364 2056 5404 se

479 5445 558 5498 illi
593 5441 991 5512 permissuram
1023 5458 1036 5492 :
1068 5441 1136 5494 ad
1171 5456 1355 5495 arcem
1399 5451 1578 5494 tamen
1607 5441 1776 5494 tutius
1812 5441 2055 5494 retinen-

477 5546 601 5591 dam
645 5540 924 5588 trecentos
949 5532 1350 5586 submiserunt.
1387 5531 1594 5586 Deinde
1627 5532 1716 5585 ubi
1763 5531 2055 5585 Thcssalo-

477 5629 656 5682 nicam
691 5639 749 5678 se
778 5624 882 5677 sub
939 5623 1294 5692 imperatoris
1343 5633 1676 5694 potestatem
1727 5623 2050 5692 subiecisse,

478 5729 534 5776 et
564 5717 684 5772 illos
709 5724 987 5770 trecentos
1013 5715 1214 5784 partim
1243 5716 1456 5769 occisos
1507 5719 1705 5784 partim
1740 5725 1927 5784 captos
1961 5717 2046 5769 in-

2170 4547 2269 4581 σαν
2297 4529 2666 4600 ἐπέμφθησαν
2697 4532 2792 4584 καὶ
2829 4532 3170 4602 Καστορίαν.
3205 4535 3319 4588 Καὶ
3351 4532 3614 4602 Ἀγγελος
3639 4526 3725 4597 μὲν

2165 4620 2192 4669 ὁ
2234 4618 2553 4686 Καστορίας
2605 4620 2910 4689 ἐπίτροπος
2968 4621 3130 4685 εὐθὺς
3175 4625 3275 4693 τὴν
3308 4625 3467 4677 πόλιν
3508 4617 3619 4690 εἶχε
3647 4614 3726 4668 διᾶ

2165 4710 2437 4779 φρουρᾶς,
2473 4709 2549 4772 ὡς
2577 4709 2790 4779 βασιλεῖ
2815 4710 2895 4782 τῷ
2931 4712 3060 4783 νέῳ,
3085 4715 3213 4766 ὅταν
3245 4717 3532 4784 ἀφίκηται,
3565 4723 3728 4774 παρα-

2161 4802 2374 4855 δώσων.
2418 4802 2482 4853 Οί
2523 4801 2571 4854 δ’
2619 4802 2680 4854 ἐν
2727 4801 2958 4876 Ἑδέσσῃ
3003 4804 3250 4874 δυνατοὶ,
3302 4807 3443 4861 οἵτε
3481 4798 3724 4870 Ἄγγελοι

2174 4891 2484 4962 Ῥαδίποροι
2515 4893 2974 4964 ἐπικεκλημένοι,
3007 4900 3161 4968 τρεῖς
3183 4900 3336 4964 ὄντες
3363 4897 3603 4965 ἀδελφοὶ,
3639 4889 3725 4943 καὶ

2163 4985 2190 5036 6
2225 4984 2536 5055 Λάσκαρις,
2570 4987 2695 5038 ἐπεὶ
2734 4986 2803 5039 τὰ
2837 4990 3246 5060 προστάγματα
3299 4991 3549 5058 ἐδέξαντο
3579 4985 3725 5054 βασι-

2159 5073 2319 5138 λέως.
2359 5075 2632 5145 μηδεμίαν
2686 5081 3056 5150 ποιησάμενοι
3085 5083 3387 5155 ἀναϐολὴν,
3425 5083 3546 5135 ἐπεὶ
3577 5077 3669 5130 καὶ
3695 5075 3722 5125 ὁ

2159 5167 2330 5237 δῆμος
2372 5167 2716 5236 Ἕδεσσηνῶν
2767 5173 2870 5240 τῆς
2919 5174 3104 5228 αὐτῶν
3161 5177 3446 5248 ἐξήρτητο
3481 5171 3722 5239 γνώμης,

2159 5265 2260 5330 τήν
2302 5278 2362 5314 τε
2399 5261 2726 5331 βασίλισσαν
2786 5266 2888 5335 τὴν
2937 5270 3253 5340 Δημητρίου
3311 5269 3404 5323 τοῦ
3463 5264 3718 5320 δεσπότου

2160 5353 2435 5424 γαμετὴν,
2470 5355 2566 5407 καὶ
2599 5356 2699 5428 τὴν
2721 5361 2969 5429 ἐπάρχου
2996 5343 3092 5414 τοῦ
3126 5362 3456 5433 Μονομάχου
3502 5358 3594 5412 καὶ
3625 5353 3718 5422 τὴν

2171 5443 2364 5512 Ῥαοίιλ
2389 5444 2726 5515 περιώρισαν
2758 5450 2816 5500 ἐν
2848 5449 3051 5514 οἰκίαις
3089 5453 3186 5506 καὶ
3214 5447 3536 5522 ἐφύλαττον,
3567 5459 3716 5513 περι-

2160 5539 2461 5606 στήσαντες
2495 5540 2772 5610 φρουράν.
2799 5543 2954 5596 Μετὰ
3001 5547 3203 5618 μικρὸν
3233 5547 3289 5599 δὲ
3317 5547 3364 5598 οἱ
3394 5544 3581 5611 ἄνδρες
3622 5536 3715 5590 αὖ·

2154 5628 2263 5680 τῶν
2295 5628 2564 5694 ἐλθόντες,
2593 5633 2719 5686 ἐπεὶ
2771 5634 3032 5705 εὕρισκον
3071 5636 3424 5706 Ἐδεσσηνούς
3462 5651 3518 5686 τε
3546 5627 3718 5684 αὐτῶν

2155 5719 2560 5786 ἁξεστῖκὲτας,
2601 5724 2695 5773 καὶ
2733 5723 2997 5793 ὴχθείσας
3038 5729 3137 5793 τὰς
3194 5730 3483 5799 γυναῖκας,
3515 5716 3712 5790 τραπό-
