4028 6428
349 500 453 558 3θ9

349 702 459 772 γὰρ
492 701 787 768 ἐπύθοντο,
818 704 900 759 ἔτι
929 707 988 759 ἐν
1014 708 1220 777 Φεραῖς
1242 708 1420 776 ὄντες,
1447 711 1524 775 ὡς
1553 710 1810 782 βασιλεὺς
1826 714 1929 786 τὴν

346 793 487 862 πρὸς
509 792 926 864 Θεσσαλονίκην
955 798 1231 868 φέρουσαν
1283 801 1524 874 ἐτράπη,
1558 804 1798 875 ἤλπισαν
1827 808 1927 880 μὲν

344 885 456 938 οὐδ’
488 886 579 943 ἐπὶ
629 887 829 957 μικρὸν
879 890 1030 963 αὐτῷ
1081 894 1184 966 τὴν
1241 895 1398 952 πόλιν
1462 902 1923 974 προσχωρήσεινο

347 975 644 1045 ἀσφαλείας
674 979 732 1034 δὲ
754 980 945 1049 ἕνεκα,
976 984 1108 1049 τοὺς
1155 990 1515 1058 τριακοσίους
1560 991 1821 1063 ἔπεμψαν
1848 993 1926 1055 ὡς

343 1070 448 1141 τὴν
480 1072 786 1142 ἀκρόπολιν
813 1079 1170 1146 καθέξοντας.
1218 1080 1375 1138 Ἐπεὶ
1421 1085 1480 1139 δὲ
1529 1085 1797 1141 ἐπύθοντο
1848 1088 1925 1151 ὡς

341 1166 376 1236 ἧ
400 1183 460 1219 τε
480 1167 851 1240 Θεσσαλονίκη
888 1171 1285 1246 προσεχώρησε
1318 1175 1552 1247 βασιλεῖ,
1569 1180 1666 1232 καὶ
1693 1180 1742 1234 oi
1768 1197 1927 1252 τρια-

342 1259 539 1326 κόσιοι,
566 1263 616 1314 οί
646 1262 748 1332 μὲν
775 1264 1073 1333 ἀπέθανον,
1104 1269 1154 1323 oi
1173 1268 1221 1321 δ’
1253 1269 1657 1341 ἐζωγρήθησαν
1682 1273 1792 1327 ὑπὸ
1815 1273 1925 1327 τῶν

347 1350 668 1417 βασιλικῶν,
705 1355 890 1408 πᾶσαν
940 1355 1135 1411 ἐλπίδα
1169 1359 1448 1429 σωτηρίας
1480 1361 1588 1432 ήδη
1628 1379 1918 1434 περιαιρε-

342 1443 548 1506 θέντες,
580 1447 714 1512 πρὶν
751 1445 1004 1502 ἔκπυστα
1033 1451 1319 1513 τοῖςπᾶσι
1350 1453 1609 1519 γενέσθαι
1661 1454 1735 1509 τὰ
1781 1472 1924 1526 συμπ-

340 1534 534 1601 6ἀντα,
562 1537 662 1606 τὴν
696 1529 969 1608 στρατιὰν
1002 1542 1102 1613 ὅση
1127 1538 1196 1614 ἦν
1239 1544 1634 1612 ἀναλαϐόντες,
1672 1549 1922 1619 προσχή-

344 1644 476 1696 ματι
523 1628 623 1698 μὲν
669 1628 840 1702 ᾔεσαν
898 1634 974 1696 ὡς
1026 1635 1122 1688 ἐπὶ
1176 1635 1612 1709 Θεσσαλονίκην,
1647 1640 1724 1703 ὡς
1769 1639 1926 1694 οὔπω

339 1717 648 1774 ἑαλωκυῖαν
695 1724 1158 1795 περιποιήσαντες
1189 1726 1302 1794 (ἵνα
1327 1727 1402 1801 μὴ
1434 1729 1645 1784 δοκοῖεν
1668 1733 1925 1786 ἐκλιπόν-

338 1826 429 1874 τες
455 1810 656 1884 Φερὰς,
687 1813 783 1865 καὶ
822 1813 921 1877 τὰς
978 1814 1149 1879 ἄλλας
1195 1818 1297 1888 τῆς
1342 1818 1685 1884 Μακεδονίας
1738 1821 1924 1888 πόλεις

342 1902 631 1971 φεύγειν)·
684 1906 754 1977 τῇ
795 1906 841 1959 δ’
884 1906 1121 1981 ἀληθείᾳ
1159 1909 1236 1974 ὡς
1278 1911 1516 1976 ἕκαστος
1572 1915 1920 1985 χωρήσοντες

342 1989 477 2048 οἷᾶν
501 1995 638 2049 αἵτε
666 1999 932 2065 γυναῖκες
964 2001 1060 2055 καὶ
1084 2000 1151 2054 τὰ
1182 1990 1351 2059 τέκνα
1487 2005 1645 2059 Ἐπεὶ
1677 2006 1734 2060 δὲ
1764 2006 1918 2073 ἐξελ-

341 2086 530 2153 θόντες
572 2088 683 2145 ἀπὸ
730 2091 920 2164 Φερῶν
946 2094 1163 2165 εἴχοντο
1196 2095 1340 2165 ὁδοῦ,
1370 2096 1487 2151 ὅσοι
1527 2116 1587 2153 τε
1610 2102 1675 2155 ἐκ
1704 2102 1918 2159 Θεσσαο

340 2180 568 2250 λονίκης
634 2184 1136 2253 συνεστρατεύοντο
1192 2187 1401 2257 αὐτοῖς,
1461 2189 1588 2243 ἐπεὶ
1649 2192 1920 2250 ἐπύθοντο

340 2271 661 2336 ἑαλωκυῖαν,
703 2274 1047 2339 ἀποστάντες
1076 2277 1259 2331 αὐτῶν
1314 2280 1605 2351 ἐχώρησαν
1637 2285 1776 2354 πρὸς
1825 2286 1922 2358 βα-

340 2362 515 2417 σιλέα.
550 2362 655 2417 Καὶ
683 2366 733 2418 οί
757 2365 1094 2438 Βερροιῶται
1122 2369 1193 2422 τὰ
1229 2371 1288 2423 ἐν
1320 2371 1575 2443 Βοδηνοίς
1617 2377 1919 2447 πυθόμενοι

344 2452 655 2522 συμϐάντα,
686 2456 862 2510 ταύτὰ
909 2459 1023 2522 τοῖς
1085 2462 1151 2513 ὲκ
1199 2461 1611 2536 Θεσσαλονίκης
1655 2468 1915 2525 ἐποίουν·

340 2544 467 2600 τότε
527 2550 1036 2621 συστρατευόμενον
1094 2554 1279 2619 αὐτοῖς
1331 2556 1578 2629 ὑπήκοον
1623 2561 1922 2635 Ῥωμαίοις

347 2638 663 2708 στράτευμα
715 2642 945 2709 Μυσῶν,
973 2644 1075 2717 ἤδη
1129 2647 1226 2699 καὶ
1277 2648 1604 2723 ἐνεωτέρισε
1641 2657 1918 2728 φανερῶς.

360 2731 701 2801 Ὲντυχόντες
731 2734 842 2805 γὰρ
893 2735 990 2789 τοῦ
1051 2739 1564 2814 πρωτοϐεστιαρίου
1604 2747 1923 2820 βοσκήμασι

360 2820 580 2915 πολλοῖς,
598 2823 911 2895 διήρπασαν
935 2828 1078 2884 αὐτὰ
1098 2830 1265 2885 αὐτοῦ
1291 2834 1584 2906 παρόντος,
1623 2841 1719 2893 καὶ
1749 2860 1925 2915 προσ-

365 2912 609 2981 εποίησαν
660 2917 898 2985 ἑαυτοῖς.
945 2921 1353 2996 Ἐπιχειροῦντι
1406 2928 1466 2982 δὲ
1509 2912 1819 3000 ἀνασώζειν
1853 2938 1926 2992 τὰ

356 3003 771 3077 διαρπασθέντα,
817 3013 879 3067 οὐ
942 3015 1108 3085 μόνον
1161 3021 1264 3074 οὐκ
1295 3024 1603 3094 ἐπείθοντο,
1633 3029 1771 3085 ἀλλὰ
1828 3035 1926 3089 καὶ

350 3093 465 3147 τῶν
497 3098 843 3169 σκευοφόρων
888 3103 1056 3159 αὑτοῦ
1112 3118 1247 3162 τινα
1289 3110 1583 3180 ἀφείλοντο
1607 3115 1700 3172 τὸν
1732 3117 1920 3186 ἵππον,

344 3186 498 3283 ἔργῳ
539 3188 886 3283 διδάσκοντες
935 3195 1013 3259 ὡς
1059 3201 1110 3253 εί
1166 3202 1244 3273 μὴ
1275 3202 1539 3278 ἀγαπῴη,
1574 3208 1925 3283 χωρήσοντες

1150 572 1163 576 _
1530 509 2075 569 HISTORIARUM
2118 513 2347 576 LIBER
2392 516 2440 580 Ῑ.

353 624 506 704 μενει
538 607 778 704 ἔιρευγον
808 610 944 682 πρὸς
971 612 1067 667 τὸν
1098 613 1343 686 ἄρχοντα
1366 617 1476 671 τῶν
1501 618 1813 689 Τριϐαλῶν.
1845 619 1926 684 Ὧς

2042 621 2397 693 tellexerunt,
2437 630 2589 684 omni
2617 630 2727 702 jam
2759 646 2857 701 spe
2888 630 3083 686 salutis
3106 631 3412 703 deplorata,
3435 636 3619 704 prius-

3509 524 3623 587 370

2031 730 2193 784 quam
2246 720 2662 791 evulgarentur,
2726 738 2851 792 quae
2904 722 3167 779 omnibus
3228 725 3614 796 contigissent,

2026 808 2205 878 copiis
2231 824 2452 881 quantae
2481 825 2640 871 erant
2669 819 2990 888 assumptis,
3026 817 3363 872 simularunt
3391 818 3614 893 quidem

2029 916 2088 957 se
2144 903 2593 962 Thessalonicam
2644 909 2745 973 ire,
2783 911 2942 980 quasi
2983 910 3230 964 nondum
3279 920 3492 977 captam
3530 928 3618 966 as-

2030 996 2233 1050 serturi
2270 999 2361 1068 (ne
2398 999 2618 1063 Pheris,
2650 1011 2707 1057 et
2738 1002 2866 1058 aliis
2895 1001 3231 1058 Macedoniae
3263 1001 3497 1057 urbibus
3527 1018 3614 1056 re-

2026 1083 2192 1148 lictis,
2243 1085 2428 1158 fugam
2461 1088 2605 1144 inire
2643 1093 2994 1161 putarentur)
3026 1108 3042 1158 ;
3076 1091 3171 1147 sed
3224 1106 3417 1146 revera
3458 1093 3609 1163 quis-

2027 1193 2156 1247 que,
2187 1178 2279 1233 ubi
2312 1195 2473 1248 uxor,
2501 1182 2742 1236 etliheri
2775 1192 2956 1248 erant,
2989 1183 3220 1241 abituri.
3251 1183 3615 1254 Pesteaquam

2023 1262 2223 1327 Pheris
2271 1273 2479 1342 egressi
2519 1274 2664 1328 viam
2713 1273 3076 1341 invaserunt,
3128 1285 3401 1347 quotquot
3446 1274 3619 1331 Thes-

2031 1362 2415 1419 salonicenses
2446 1365 2550 1419 sub
2580 1365 2651 1421 iis
2676 1365 3029 1431 militabant,
3070 1368 3262 1421 urbem
3290 1364 3614 1437 occupatam

2030 1457 2397 1511 resciscentes
2426 1495 2444 1521 ,
2495 1456 2567 1511 ab
2597 1458 2678 1512 eis
2706 1457 2775 1512 ad
2804 1457 3202 1528 imperatorem
3235 1459 3611 1518 transierunt:

2026 1547 2291 1618 idemque
2314 1547 2663 1615 Berrbmitte,
2703 1549 2943 1620 cognitis
2969 1565 3092 1619 quae
3115 1548 3335 1606 Edessa
3372 1550 3619 1620 contige-

2025 1647 2172 1701 rant,
2205 1638 2391 1696 facere
2423 1656 2533 1695 non
2563 1640 2920 1706 dubitarunt;
2951 1651 3008 1698 et
3041 1642 3139 1712 qui
3188 1642 3296 1698 sub
3346 1642 3457 1697 illis
3499 1658 3617 1697 me-

2026 1731 2228 1787 rebant
2257 1732 2415 1789 Moesi
2445 1734 2723 1788 Romanis
2772 1733 3007 1806 subjecti
3036 1775 3050 1802 ,
3100 1734 3213 1806 jam
3246 1734 3422 1790 libere
3448 1749 3621 1789 novas

2026 1840 2117 1880 res
2143 1824 2441 1881 audebant.
2495 1825 2639 1882 Nam
2678 1840 2806 1882 cum
2850 1816 3173 1898 in'magnos
3198 1827 3607 1897 protovestiarii

2025 1933 2217 1989 greges
2254 1919 2608 1985 incidissent,
2635 1920 2755 1991 ipso
2785 1919 3137 1989 inspectante
3160 1919 3231 1975 ad
3259 1935 3420 1975 usum
3452 1935 3616 1974 suum

2021 2026 2118 2066 eos
2139 2010 2459 2083 abigebant.
2489 2010 2596 2079 Qui
2627 2027 2756 2068 cum
2782 2021 2937 2081 rapta
2961 2025 3291 2082 recuperare
3319 2009 3621 2067 contende-

2020 2110 2148 2169 ret,
2176 2117 2291 2158 non
2319 2102 2486 2159 modo
2542 2118 2659 2159 non
2704 2113 2996 2159 cesserunt
3021 2141 3038 2169 ,
3089 2103 3186 2158 sed
3231 2101 3452 2158 cuidam
3484 2116 3622 2171 prae.

2022 2204 2176 2253 terea
2227 2198 2352 2270 ejus
2380 2195 2563 2253 caloni
2616 2211 2820 2267 equum
2853 2194 3219 2251 farcinarium
3270 2193 3622 2250 abstulerunt

2019 2292 2169 2350 facto
2198 2302 2493 2350 monentes
2516 2332 2531 2356 ,
2564 2293 2625 2348 ni
2662 2292 2793 2348 boni
2824 2290 3166 2357 consuleret,
3205 2306 3266 2346 se
3298 2291 3453 2346 illum
3480 2305 3623 2360 quo-

2027 2402 2137 2458 que
2171 2385 2691 2456 invasuros..170
2721 2384 2956 2454 Reliqua
2996 2383 3228 2453 insuper
3259 2383 3417 2452 copia
3445 2424 3459 2447 ,
3495 2383 3620 2451 qui-

2024 2493 2134 2549 que
2188 2492 2256 2531 ex
2322 2474 2761 2531 occidentalibus
2794 2472 3036 2543 ‘oppidis
3087 2472 3336 2542 opulenti
3385 2483 3442 2526 et
3494 2471 3619 2525 illu—

2025 2579 2170 2626 stres
2200 2569 2457 2634 aderant,
2504 2567 2729 2622 fortuna
2766 2565 3121 2634 imperatoris
3144 2565 3257 2634 jam
3292 2562 3614 2632 conspicua,

2025 2660 2272 2716 universi
2304 2658 2544 2715 desertis
2572 2656 2810 2712 ducibus
2831 2694 2848 2721 ,
2884 2655 2953 2710 ad
2984 2656 3105 2728 ejus
3153 2653 3399 2708 rationes
3433 2668 3491 2707 se
3523 2653 3622 2705 ad-

2020 2751 2349 2823 iungebant.
2408 2747 2898 2814 Protovestiarius,
2951 2743 3267 2800 formidans
3319 2742 3619 2796 Acliridcm

2026 2842 2129 2906 ire,
2163 2842 2256 2897 ubi
2294 2855 2522 2899 uxorem
2564 2853 2692 2895 cum
2724 2836 2978 2909 prolibus
3006 2835 3359 2906 deposuerat,
3396 2835 3622 2904 quando

2025 2935 2333 2990 exercitum
2377 2932 2653 2989 adversus
2713 2933 3108 3001 imperatorem
3161 2928 3438 2991 ducebat,
3490 2930 3619 2984 item
3722 2951 3725 2955 <

2025 3029 2254 3095 despota
2276 3067 2292 3094 ,
2324 3023 2623 3093 caeterique
2651 3025 2721 3077 ad
2751 3022 3006 3086 Cralem,
3038 3019 3413 3079 Triballorum
3462 3019 3617 3088 prin-

2026 3122 2225 3189 cipem,
2279 3117 2687 3179 discesserunt,
2732 3127 2970 3167 numero
3004 3111 3409 3181 quinquaginta
3452 3126 3619 3181 supra

2028 3219 2279 3267 centum.
2339 3205 2555 3268 Phenei
2616 3218 2786 3275 porro
2838 3204 3157 3273 quicunque
3202 3200 3464 3271 Byzantio
3521 3201 3619 3256 de-

344 3279 444 3376 καὶ
474 3282 597 3376 κατ’
628 3283 814 3344 αὐτοῦ.
843 3287 920 3342 Ἤ
955 3308 1016 3345 τε
1045 3292 1211 3368 λοιπὴ
1244 3295 1439 3352 ἆπασα
1478 3279 1839 3372 στρατιὰ-καὶ
1872 3307 1922 3358 oi

2030 3313 2266 3376 spotam,
2291 3301 2545 3370 aliosque
2575 3297 2748 3353 duces
2773 3295 2951 3351 secuti
2984 3293 3223 3357 fuerant,
3248 3309 3373 3348 cum
3403 3293 3472 3348 ab
3496 3294 3620 3349 aliis

343 3373 411 3426 ἐκ
446 3374 559 3427 τῶν
613 3377 884 3449 ἐσπερίων
932 3385 1149 3439 πόλεων
1198 3392 1473 3462 παρόντες
1533 3394 1777 3463 δυνατοὶ,
1810 3399 1921 3453 τῶν

345 3467 616 3561 βασιλέως
663 3475 1009 3544 πραγμάτων
1054 3479 1157 3550 ἤδη
1215 3484 1472 3555 φανερῶν
1513 3492 1922 3561 γεγενημένων,

344 3559 667 3649 έκλιπόντες
694 3566 819 3630 τοὺς
855 3575 1200 3641 στρατηγοὺς
1225 3574 1431 3640 πάντες
1450 3573 1616 3649 ἦλθον
1639 3559 1716 3645 ὡς
1733 3582 1922 3638 αὐτόν.

345 3644 544 3711 Δείσας
596 3648 654 3701 δὲ
712 3653 741 3706 δ
798 3656 1303 3729 πρωτοόεστιάριος
1360 3665 1442 3728 είς
1473 3644 1711 3737 ⁷Ἀχρίδνιι
1746 3669 1926 3724 ἐλθεῖν

345 3738 490 3833 (fst
504 3741 612 3812 γὰρ
632 3737 700 3817 ἦν
720 3748 1094 3820 καταθέμενος
1117 3753 1218 3824 τὴν
1237 3759 1474 3824 γυναῖκα
1506 3762 1601 3812 καὶ
1622 3761 1689 3814 τὰ
1708 3762 1924 3833 τέκνα),

348 3830 439 3927 ora
474 3835 617 3927 κατὰ
672 3837 940 3907 βασιλέως
986 3843 1106 3913 ἅμα
1145 3845 1226 3917 τῷ
1286 3848 1668 3924 στρατεύματι
1698 3830 1923 3927 ἐχώρει,

352 3922 471 4016 inter
521 3926 760 4004 δεσπότῃ
791 3936 885 3986 καὶ
923 3941 1039 3999 τοῖς
1068 3938 1302 4007 λοιποῖς,
1332 3945 1413 4006 είς
1445 3922 1797 4016 πεντήκοντα
1818 3922 1926 4004 ψκαῖ

351 4014 547 4110 ἑκατῇ
572 4017 742 4086 ὄντες,
775 4024 1064 4098 ἐχώρησαν
1112 4030 1250 4100 πρὸς
1280 4032 1533 4106 Κράλην,
1567 4014 1658 4091 τδν
1683 4039 1927 4110 ἄρχοντα

350 4105 462 4158 τῶν
489 4108 795 4180 Τριὸαλῶν.
830 4118 1048 4184 Φεραῖοι
1096 4121 1177 4189 δὲ,
1202 4123 1320 4177 ὅσοι
1349 4105 1492 4196 ἦσαν
1524 4128 1590 4181 ὲκ
1629 4105 1926 4192 Βυζαντίου

352 4196 594 4273 δεσπότῃ
617 4205 711 4257 καὶ
747 4209 864 4272 τοῖς
907 4210 1094 4277 ἀλλοις
1122 4214 1384 4286 ἑπόμενοι
1414 4224 1774 4291 στρατηγοῖς,
1803 4225 1929 4277 ἐπεὶ

351 4291 632 4387 ξὶείποντο
661 4300 779 4353 εκεῖ
822 4302 1284 4376 ἀναχωρούντων,
1319 4310 1501 4366 πάντα
1535 4315 1829 4387 συσχόντες
1862 4318 1929 4371 τὰ

350 4385 483 4482 hsta
514 4387 613 4457 μὲν
635 4390 948 4463 διήρπασαν
979 4398 1193 4463 αὐτοῖς·
1238 4403 1441 4468 αὐτοὺς
1470 4405 1527 4460 δὲ
1557 4385 1669 4460 ὑπὸγ
1706 4409 1930 4482 δεσμοῖς

350 4477 563 4576 inquit
598 4483 673 4548 ὠς
694 4482 940 4554 βασιλέα.
968 4490 1262 4561 Βασιλεὺς,
1298 4494 1358 4549 δὲ
1397 4498 1526 4552 ἐπεὶ
1554 4477 1929 4576 ἐδέδοκτο-τὴν

351 4573 447 4623 ἐπὶ
474 4573 739 4632 Ἔδεσσαν
784 4581 945 4646 ίέναι,
981 4584 1220 4651 ἐξελθὼν
1276 4586 1715 4665 Θεσσαλονίκης,
1744 4573 1930 4652 δευτε-

356 4669 512 4736 ριῖος
537 4665 700 4741 ἦλθεν
732 4675 816 4738 εἰς
851 4677 1012 4732 αὐτὰ.
1050 4678 1454 4753 ΟίἘδεσσηνοὶ
1495 4686 1580 4754 δὲ,
1613 4688 1929 4756 ἐξελθόντες

352 4762 647 4832 πανδημεὶ,
679 4770 1100 4842 προσεκύνησαν
1124 4791 1183 4829 τε
1213 4773 1441 4844 βασιλέα
1473 4783 1569 4833 καὶ
1598 4780 1661 4834 τὸ
1685 4782 1930 4852 πόλισμα

350 4854 685 4924 παρέδοσαν.
719 4860 803 4919 Τὰ
858 4863 959 4933 μὲν
1010 4862 1107 4918 οὖν
1154 4867 1293 4922 ἄλλα
1394 4870 1547 4942 αὐτῷ
1582 4873 1760 4927 ἐδόκει
1798 4873 1927 4945 διῴν

352 4963 444 5000 κει
472 4950 500 5000 ὁ
529 4948 788 5018 βασιλεύς
808 4948 961 5011 ’ὅσα
997 4958 1056 5011 δὲ
1076 4955 1145 5031 ἦν
1175 4961 1367 5016 αὐτόθι
1397 4966 1665 5035 χρήματα
1695 4967 1937 5040 δεσπότῃ

350 5040 453 5092 καὶ
505 5043 620 5135 τοῖς
660 5042 847 5113 ἀλλοις
881 5053 1243 5127 στρατηγοῖς,
1277 5053 1315 5108 ἀ
1344 5056 1448 5125 μὲν
1487 5056 1555 5111 ἂν
1670 5058 1783 5112 ίδια
1813 5063 1937 5124 ταῖς

355 5134 595 5202 γυναιξὶ,
630 5137 784 5193 ταῦτ’
806 5141 954 5212 ἔχειν
987 5145 1329 5214 προσέταξεν
1361 5150 1560 5216 αὐτὰς,
1590 5134 1689 5206 καὶ
1724 5152 1938 5224 μηδένα

356 5227 604 5282 ἀδικεῖν⁴
641 5230 678 5287 ἃ.
706 5232 754 5286 δ’
794 5235 861 5289 ἂν
978 5236 1093 5292 τῶν
1139 5240 1376 5313 ἀνδρῶν,
1409 5244 1560 5315 αὐτῷ
1597 5245 1936 5318 μηνυθῆναι,

2028 3398 2102 3452 ibi
2157 3392 2495 3450 abeuntibus
2544 3389 2969 3454 desererentur,
3002 3385 3416 3455 comprehensis
3443 3385 3620 3439 omni-

2028 3490 2156 3552 bus,
2193 3502 2258 3541 ac
2290 3483 2619 3555 despoliatis
2641 3522 2658 3549 ,
2692 3482 2761 3536 ad
2792 3482 3181 3551 imperatorem
3215 3493 3311 3534 eos
3342 3479 3397 3532 in
3429 3479 3622 3533 vincu-

2028 3579 2098 3635 lis
2133 3578 2510 3634 adduxerunt.
2544 3573 2653 3640 Qui
2682 3570 3082 3647 TltessaLonica
3105 3584 3383 3641 egressus,
3416 3569 3621 3640 postri-

2029 3677 2141 3743 die,
2184 3685 2244 3732 ut
2274 3675 2622 3742 decreverat,
2651 3670 2915 3725 Edessam
2952 3668 3107 3723 venit
3134 3685 3147 3722 :
3178 3667 3266 3722 cui
3297 3674 3454 3722 extra
3494 3682 3621 3735 por-

2031 3780 2142 3826 tam
2173 3770 2394 3824 obviam
2445 3764 2814 3837 procedentes
2860 3761 3080 3827 incolae,
3107 3775 3347 3830 eumque
3379 3758 3620 3813 adoran-

2033 3871 2153 3928 tes,
2190 3862 2385 3915 urbem
2445 3856 2802 3912 dediderunt.
2859 3854 2940 3908 Ac
2989 3863 3188 3908 caetera
3229 3850 3453 3921 quidem
3513 3866 3649 3917 qua.

2036 3955 2115 4009 illi
2150 3955 2365 4008 ratione
2390 3949 2698 4007 collibitum
2731 3956 2838 4011 est,
2876 3946 3115 4001 instituit
3150 3961 3165 4012 ;
3220 3944 3289 4000 tle
3329 3944 3496 4001 rebus
3523 3959 3623 3996 au-

2032 4056 2145 4103 tem
2190 4045 2455 4114 despotic,
2504 4051 2561 4096 et
2614 4042 2819 4096 ducum
2855 4049 3205 4104 ca-tcrorum,
3258 4050 3381 4106 quae
3436 4045 3621 4089 essent

2034 4151 2273 4193 uxorum
2320 4133 2562 4204 prepriae
2596 4132 2714 4202 (2),
2751 4146 2846 4186 eas
2895 4130 3013 4185 illis
3054 4130 3192 4185 citra
3230 4127 3489 4198 injuriam
3536 4127 3621 4180 di-

2034 4228 2179 4284 mitti
2207 4226 2407 4297 jussit.
2450 4228 2575 4294 quis
2604 4233 2790 4277 autem
2823 4220 3071 4275 virorum
3110 4218 3179 4273 ad
3209 4232 3269 4272 se
3297 4217 3513 4278 referri,
3564 4224 3622 4269 ut

2033 4324 2099 4379 de
2130 4321 2198 4377 iis
2229 4319 2348 4391 ipse
2393 4318 2739 4372 decerneret.
2769 4312 2906 4368 Aliae
2936 4311 3103 4382 igitur
3150 4310 3337 4365 omnia
3365 4346 3381 4371 ,
3432 4308 3620 4375 regina

2034 4417 2278 4486 despotze
2306 4412 2511 4483 conjux
2536 4450 2551 4472 ,
2601 4410 2782 4464 verita
2812 4421 2883 4462 ne
2909 4405 3228 4476 privaretur
3253 4444 3267 4468 ,
3321 4416 3499 4474 pauca
3553 4400 3623 4454 de

2036 4522 2252 4566 summa
2298 4501 2605 4568 indicavit,
2646 4500 2855 4572 majore
2899 4507 3055 4569 parte
3090 4498 3234 4567 apud
3290 4494 3620 4549 monachum

2037 4598 2331 4672 quemdam
2361 4595 2634 4667 deposita.
2670 4593 2736 4648 Et
2768 4593 3063 4647 latuerunt
3093 4598 3225 4645 sane
3271 4587 3338 4642 ad
3379 4596 3621 4654 tempus.

2043 4691 2253 4748 Deinde
2321 4687 2598 4743 monacho
2651 4686 2722 4740 ab
2749 4684 2975 4741 illorum
3035 4680 3287 4737 iocorum
3350 4678 3625 4750 praefectis

2039 4783 2429 4855 deprehenso,
2467 4779 2577 4833 alio
2628 4777 2734 4832 alia
2785 4776 3003 4846 direpta
3050 4783 3198 4830 sunt.
3250 4773 3354 4829 Ubi
3386 4787 3518 4827 vero
3554 4772 3623 4826 de

2036 4878 2208 4932 rebus
2246 4874 2466 4928 illorum
2518 4869 2843 4939 imperatori
2882 4866 3250 4944 significatum
3276 4875 3382 4928 est,
3410 4872 3467 4918 et
3495 4879 3650 4919 suas.

2035 4976 2089 5022 et
2119 4964 2445 5019 maritorum
2494 4975 2584 5016 res
2617 4960 2766 5031 ipsas
2794 4958 3031 5013 feminas
3064 4955 3408 5013 sibihabere
3434 4956 3645 5027 jussit,.

2037 5071 2097 5115 ut
2126 5060 2184 5114 in
2207 5057 2359 5115 viros
2389 5056 2528 5112 locis
2560 5054 2767 5110 exteris
2796 5053 3046 5113 viventes
3065 5090 3081 5119 ,
3130 5053 3278 5122 quod
3310 5059 3622 5121 erogarent,

2035 5169 2106 5209 ne
2152 5153 2415 5212 deesset;
2471 5149 2619 5218 ipsas
2653 5132 2837 5201 autem
2892 5144 3100 5202 Edessa
3146 5145 3224 5214 ιδ)
3266 5142 3626 5199 Tlichaloni-

2036 5258 2158 5300 eam
2199 5281 2214 5308 ,
2275 5239 2403 5294 inde
2479 5237 2931 5310 Didymotichum
3015 5236 3254 5305 abduci,
3323 5236 3439 5295 illic
3496 5250 3633 5291 cum.

1596 5398 1812 5460 Jacobi
1840 5396 2106 5460 Pontani
2128 5418 2135 5425 ν
2156 5404 2342 5456 notua.

430 5547 508 5617 (2)
540 5545 818 5615 Χρήματα
860 5547 939 5603 ait
979 5546 1202 5611 Graecus
1234 5562 1249 5601 :
1278 5543 1451 5617 quod,
1479 5544 1742 5617 quamvis
1767 5543 1938 5617 signi-

359 5615 495 5673 ficet
535 5617 813 5686 pecunias,
847 5618 993 5674 valet
1036 5627 1217 5672 tamen
1283 5615 1493 5687 aliquid
1547 5616 1717 5670 etiam
1766 5615 1937 5671 latius

360 5699 573 5758 patens,
608 5702 802 5754 nempe
856 5687 1019 5758 bona,
1054 5702 1206 5757 opes,
1258 5686 1568 5758 facultates.
1603 5686 1669 5758 Et
1686 5700 1935 5758 egoma-

360 5756 436 5814 lui
472 5773 607 5814 voce
635 5757 898 5829 generali,
931 5775 1036 5823 res,
1070 5756 1200 5829 quia
1231 5759 1338 5812 hoc
1367 5756 1552 5829 aptius
1580 5756 1648 5829 ad
1679 5756 1932 5829 feminas,

362 5831 565 5899 quibus
593 5826 700 5900 alia
741 5827 943 5900 potius,
970 5826 1137 5900 quam
1170 5828 1417 5899 pecunia:
1449 5827 1504 5882 in
1536 5826 1748 5900 deliciis
1782 5835 1933 5891 sunt,

364 5896 425 5955 iit
457 5898 699 5955 mundus
745 5896 1008 5967 ipsarum:
1054 5896 1234 5955 Movet
1277 5913 1390 5965 me,
1418 5897 1566 5966 quod
1610 5896 1777 5968 paulo
1809 5904 1936 5966 post

367 5972 436 6027 de
467 5969 678 6027 mundo
708 5969 895 6028 uxoris
926 5969 1333 6042 protovestiarii
1352 5967 1579 6037 dicitur,
1601 5967 1934 6024 aestimatum

2038 5540 2256 5596 duobus
2288 5553 2586 5605 aureorum
2620 5536 2886 5605 millibus,
2920 5534 3016 5591 ubi
3073 5535 3272 5590 iterum
3315 5543 3643 5605 usurpatur-

2039 5604 2445 5683 χρήματατξΕι
2497 5624 2719 5665 rursum
2773 5607 2844 5662 de
2905 5605 3152 5677 ejusdem
3206 5604 3617 5675 protovestiarii

2039 5681 2379 5757 suppilectili
2420 5694 2587 5757 aurea
2617 5688 2673 5733 et
2697 5686 2982 5757 argentea.
3006 5746 3030 5757 _
3245 5746 3256 5757 ,
3427 5745 3463 5757 η
3489 5747 3501 5757 _
3694 5682 3699 5687 ”

2113 5743 2189 5824 ἷὸ)
2231 5752 2291 5807 in
2338 5750 2532 5824 (ξηεοο
2578 5758 2673 5804 est‘
2713 5743 2791 5801 ὲιῑ
2827 5746 3110 5824 [ξοδηνῶν.
3164 5746 3394 5824 qn’ppe
3421 5745 3618 5824 Ic‘itessa

2038 5815 2140 5877 ista
2171 5815 2277 5878 hoc
2303 5821 2471 5876 etiam
2506 5835 2703 5873 nomen
2735 5817 2926 5873 sortita
2949 5815 3084 5882 ‘est;
3121 5815 3270 5870 unde
3297 5824 3351 5870 et
3384 5818 3436 5871 in
3468 5816 3625 5873 Gm-

2039 5896 2127 5967 cia
2158 5891 2426 5962 Sophiani
2459 5890 2665 5967 dicitur
2702 5888 2948 5959 Vodena,
2994 5897 3051 5945 et
3080 5887 3371 5967 intabulis
3402 5887 3633 5960 Georgii:

2039 5960 2431 6036 Chrysoeoccae
2464 5960 2691 6015 Βόδενα.
