4028 6428
353 512 460 575 3Ἷῖ

1525 518 2071 580 ΙΙΙΞΤΟΒΙΛΒΗΜ
2112 521 2345 582 LIBER
2387 523 2431 585 Ι.

3510 524 3622 587 ἒΠί

352 631 462 701 ψας
505 630 563 684 δὲ
595 628 624 683 δ
659 629 839 700 μέγας
882 630 1203 702 δομέστικος
1251 631 1362 686 τῶν
1413 631 1757 686 πιστοτάτων
1786 633 1932 686 οἰκε-

2045 632 2214 704 igitur
2245 650 2474 705 magnus
2517 634 2861 691 domesticus
2915 644 2972 692 et
3020 637 3209 692 verbis
3249 636 3456 710 gratias
3485 638 3619 708 egit,

355 723 468 777 τῶν
502 740 647 788 τινα,
700 723 1092 796 ὑφηγουμένου
1134 722 1261 778 τοῦ·
1282 725 1666 796 μεμηνυκότος
1699 725 1767 779 τὰ
1799 726 1936 797 χρή-

357 829 526 882 ματα.
556 811 702 884 ἤχθη
750 813 894 884 πρὸς
951 813 1117 868 αὐτὸν
1167 816 1226 869 ὲν
1258 814 1382 869 δυσὶ
1424 817 1727 882 κιϐωτίοις,
1759 819 1819 871 έν
1852 813 1935 881 οἷς

351 898 425 972 ἦν
457 903 679 972 ἀγγεῖόν
726 922 783 959 τι
826 907 892 960 ὲκ
948 906 1157 977 χαλκοῦ
1211 908 1586 978 πεποιημένον
1635 908 1934 980 δισχιλίους

354 997 456 1050 καὶ
492 998 723 1067 μυρίους
771 997 896 1073 έχον
936 998 1197 1070 χρυσοῢςο
1229 1000 1324 1054 καί⁸
1375 998 1566 1067 ζῶναι,
1614 1002 1712 1054 καὶ
1750 999 1933 1053 ἐκπώ-

362 1106 509 1159 ματα
548 1092 613 1144 ἐκ
650 1091 859 1162 χρυσοῦ
896 1093 1273 1163 πεποιημένα·
1302 1093 1398 1147 καὶ
1427 1093 1669 1165 ἄργυρος
1694 1093 1799 1164 ἄση
1811 1110 1932 1163 μος,

2043 733 2099 781 et
2129 726 2293 782 rebus
2322 727 2621 783 benefecit.
2646 727 2934 786 Convento
2962 730 3316 803 imperatore.
3350 731 3420 787 de
3459 746 3631 802 pecu-

2041 815 2173 882 nia,
2230 817 2508 887 quomodo
2550 818 2770 873 inventa
2797 859 2812 884 ,
2862 828 2919 875 et
2973 836 3137 891 quam
3192 820 3418 892 grandis
3451 829 3621 885 esset,

2039 911 2306 965 narravit.
2339 910 2478 965 Tum
2511 911 2812 981 imperator
2841 929 2856 966 :
2889 914 3048 984 172
3101 913 3243 983 Ergo
3278 922 3333 967 ιιι
3367 914 3624 967 inventor

2039 997 2144 1054 ista
2191 1000 2291 1055 tibi
2348 1001 2556 1058 habeas
2597 1003 2713 1074 (4),
2753 1014 2815 1059 ιιι
2840 1005 3050 1074 justum
3091 1014 3197 1059 est.
3224 1004 3414 1075 Atqui,
3443 1004 3625 1073 inquit

2039 1090 2398 1153 domesticus.
2444 1110 2546 1150 nec
2578 1104 2740 1151 antea
2789 1095 2923 1151 belli
2971 1105 3219 1167 tempore
3251 1098 3339 1152 vel
3371 1096 3621 1161 multam,

358 1184 456 1237 καὶ
487 1186 792 1251 γυναικεῖοι
827 1185 1048 1256 κόσμοι,
1084 1188 1179 1240 καὶ
1203 1184 1358 1257 ἕτερ’
1381 1187 1519 1242 ἄττα
1556 1192 1938 1257 τετρακῖσμυο

360 1275 494 1345 ρίων
528 1274 656 1341 ἄξια
702 1276 968 1348 χρυσίων.
1007 1277 1100 1348 Τῷ
1142 1278 1243 1347 μὲν
1276 1274 1372 1332 οὖν
1411 1278 1480 1332 τὰ
1527 1279 1793 1351 χρήματα
1839 1295 1936 1347 με-

361 1364 649 1435 μηνυκότι,
690 1365 875 1434 λόγοις
906 1382 969 1420 τε
1018 1366 1048 1418 ὑ
1088 1368 1266 1437 μέγας
1301 1367 1630 1437 δομέστικος
1659 1367 1934 1438 ὡμολόγει

2036 1185 2127 1239 vel
2193 1185 2465 1241 modicam
2513 1188 2841 1258 cujusquam
2893 1187 2996 1242 tuli
3047 1187 3378 1258 pecuniam,
3432 1203 3627 1257 quem-

2039 1278 2337 1332 admodum
2379 1286 2494 1333 tute
2522 1279 2722 1344 nostri,
2770 1293 2874 1334 nec
2908 1279 2976 1334 ab
3013 1278 3116 1335 ista
3150 1278 3315 1334 modo
3343 1277 3491 1334 vinci
3533 1293 3630 1332 ve-

2039 1369 2160 1426 lim.
2197 1371 2354 1426 Haud
2395 1373 2598 1425 mirum
2650 1386 2716 1427 ac
2764 1387 2989 1437 novum,
3024 1372 3251 1444 subjicit
3296 1373 3623 1442 imperator,

356 1456 618 1525 χάριτας,
652 1456 749 1508 καὶ
791 1454 977 1525 ἔργοις
1011 1456 1187 1511 ἐποίει
1228 1454 1314 1512 εὖ.
1365 1456 1588 1512 Βασιλεῖ
1614 1457 1670 1512 δέ
1703 1459 1935 1532 προσελ-

2045 1479 2166 1519 cum
2198 1465 2371 1520 multa
2417 1465 2509 1519 alii
2555 1464 2654 1520 tibi
2692 1464 3068 1531 abstulerint,
3116 1465 3393 1536 praecipue
3437 1474 3627 1535 proto-

355 1543 578 1611 θὼν,⁶τά
601 1562 662 1599 τε
692 1546 1229 1619 χρήματα⁸έμήνυεν
1257 1549 1335 1611 ὡς
1366 1549 1652 1622 εὕρηνται,
1685 1551 1781 1607 καὶ
1811 1551 1940 1624 ὲδή-

2045 1555 2425 1618 vestiarius,si
2458 1555 2701 1612 vicissim
2734 1571 2907 1625 pauca
2934 1556 3181 1625 quaedam
3211 1570 3278 1612 ex
3313 1557 3434 1627 ejus
3461 1555 3633 1611 rebus

356 1636 457 1691 λου
501 1637 596 1690 καὶ⁵
621 1635 713 1690 τὸν
755 1636 1017 1709 ἀριθμόν.
1049 1637 1332 1702 Βασιλέως
1362 1639 1440 1705 δὲ,
1474 1638 1716 1707 Οὐκοῦν,
1749 1640 1935 1695 είπόν-

2045 1645 2111 1701 ad
2147 1655 2300 1702 tuam
2338 1647 2635 1703 utilitatem
2667 1646 2920 1702 redeant.
2949 1647 3193 1702 Rursum
3234 1646 3626 1702 domesticus:

352 1748 474 1797 τος,
513 1730 575 1784 σὲ
629 1730 722 1785 τὸν
782 1729 1060 1803 εὑρηκότα
1120 1731 1336 1787 δίκαιον
1391 1732 1558 1804 ἔχειν.
1639 1732 1785 1787 Ἀλλ’
1809 1733 1936 1789 οὔτε

2045 1737 2158 1794 Ηοο
2187 1753 2320 1794 vero
2357 1740 2554 1795 mirum
2592 1738 2750 1803 foret,
2781 1738 2823 1793 si
2853 1747 2954 1804 tot,
2996 1737 3414 1809 prtesertimque
3451 1739 3631 1791 altero

355 1824 648 1896 πρότερον,
674 1818 830 1877 εἷπεν
861 1823 1051 1890 αὐτὸς,
1077 1826 1136 1878 ὲν
1171 1829 1287 1891 τοῖς
1318 1825 1416 1880 τοῦ
1448 1824 1693 1897 πολέμου
1722 1826 1939 1898 καιροῖς

2045 1830 2213 1894 bello,
2249 1831 2602 1886 detrimentis
2635 1828 2704 1885 ab
2739 1830 2847 1885 illis
2878 1830 3129 1897 ail‘ectus,
3161 1830 3415 1902 quamvis
3445 1830 3628 1885 oblata

353 1912 481 1967 οὔτε
525 1910 697 1965 πλείω
737 1909 852 1965 οὔτ’
880 1911 1092 1967 ἐλάττω
1123 1914 1387 1985 χρήματα
1423 1913 1735 1985 ἀφειλόμην
1767 1915 1938 1985 τινὸς,

2045 1922 2335 1978 occasione
2367 1939 2469 1994 par
2519 1923 2733 1978 referre
2769 1922 3081 1990 noluisset,
3130 1908 3284 1978 nunc
3325 1921 3631 1993 pecuniolaa

352 2003 546 2072 ὥσπερ
582 1997 738 2057 οἶσθα
784 2003 882 2057 καὶ
932 2003 1119 2067 αὐτός’
1154 2004 1283 2057 οὔτε
1333 2004 1547 2059 τούτων
1591 2006 1658 2060 ἂν
1706 2006 1934 2077 ὀφθείην

2045 2030 2210 2071 causa
2255 2017 2516 2085 antiquos
2570 2030 2752 2071 mores
2805 2029 2939 2070 suos
2984 2015 3040 2069 in
3081 2014 3238 2085 pejus
3286 2013 3631 2076 immutaret,

350 2097 536 2166 ἥττων
573 2093 692 2150 νῦν.
738 2093 882 2148 Ἀλλ’
916 2095 1091 2162 οὐδὲν,
1123 2095 1253 2165 ἔφη,
1308 2095 1626 2167 θαυμαστὸν
1649 2139 1664 2164 ,
1712 2097 1743 2152 6
1776 2099 1934 2171 βασι-

2045 2117 2097 2163 et
2173 2106 2366 2177 iniquo
2432 2121 2664 2161 munere
2724 2121 2790 2161 ac
2853 2106 3010 2161 lucro
3065 2105 3249 2161 minor
3299 2114 3627 2176 appareret;

350 2188 501 2254 λείις,
537 2190 587 2244 εί
614 2188 787 2242 πολλὰ
826 2188 921 2243 ὑπ’
949 2189 1129 2244 αὐτῶν
1155 2191 1539 2265 ἀφῃρημένος,
1571 2192 1667 2246 καὶ
1697 2192 1931 2263 μάλιστα

351 2282 862 2354 πρωτοδεστιαρίου
889 2282 1133 2349 τουτουῖ,
1163 2282 1323 2352 ὀλίγα
1353 2284 1493 2339 ἄττα
1525 2286 1589 2338 ὲκ
1629 2284 1738 2338 τῶν
1764 2284 1930 2340 αὐτοῦ

350 2372 710 2446 ὠφεληθήσῃ.
773 2372 921 2427 Αὐτὸ
979 2373 1084 2444 μὲν
1140 2368 1234 2428 οὗν
1289 2373 1450 2429 τοῦτο
1497 2375 1727 2445 μᾶλλον,
1783 2371 1929 2441 εἷπε,

352 2467 702 2539 θαυμαστὸν,
729 2466 777 2519 εί
804 2466 977 2520 πολλὰ
1013 2466 1334 2530 ὑπ”αὐτῶν,
1388 2467 1482 2520 καὶ
1518 2467 1757 2538 μάλιστα
1788 2469 1934 2522 κατὰ

354 2561 452 2614 τὸν
509 2558 759 2629 δεύτερον
813 2557 1052 2629 πόλεμον
1102 2555 1431 2628 ζημιωθεὶς,
1484 2557 1680 2629 καιροῦ
1756 2574 1935 2627 παρα-

361 2653 591 2722 σχόντος
642 2652 744 2706 οὐκ
801 2650 1052 2722 ἠθέλησα
1110 2649 1427 2722 ἀμύνασθαι
1462 2653 1578 2715 τοῖς
1620 2651 1775 2716 ἴσοις,
1816 2654 1936 2706 νυνὶ

364 2745 421 2796 δὲ
454 2743 646 2811 ὀλίγων
675 2743 843 2798 ἓνεκα
892 2743 1219 2814 χρημάτων,
1256 2743 1317 2797 τό
1366 2761 1426 2796 τε
1473 2740 1531 2806 ἐξ
1582 2743 1759 2814 ἀρχῆς
1802 2739 1936 2814 ἦθος

373 2831 655 2905 διαφθερῶ,
698 2834 792 2887 καὶ
823 2833 1004 2904 ἥττων
1032 2832 1224 2886 ἀδίκου
1264 2833 1555 2902 λήμματος
1588 2833 1683 2886 καὶ
1710 2832 1936 2903 κέρδους

377 2920 447 2975 ἂν
472 2922 607 2990 φανῶ
631 2940 646 2956 ο
695 2924 833 2977 ἀλλὰ
882 2922 1088 2994 μᾶλλον
1129 2922 1273 2976 αὐτὰ
1309 2921 1680 2993 στρατιώταις
1710 2925 1806 2976 καὶ
1842 2924 1937 2977 άλ-

369 3013 484 3079 λοις
510 3012 586 3080 οἷς
607 3016 673 3070 ἂν
699 3016 893 3088 ἐθέλῃς
922 3017 1189 3071 κέλευσον
1224 3016 1640 3087 διανεμηθῆναι.
1672 3016 1937 3079 Βασιλεὺς

367 3110 469 3178 μὲν
519 3108 610 3161 οὑν
650 3110 898 3162 ἐπείθετο
929 3111 1174 3176 εἰπόντι,
1228 3110 1324 3162 καὶ
1368 3109 1460 3161 τὸν
1489 3109 1694 3180 χρυσον
1720 3110 1843 3171 ὅσος
1869 3104 1939 3178 ἦν

361 3202 618 3255 ἐκέλευσε
673 3202 1073 3274 διανεμηθῆναι
1123 3205 1190 3275 τῇ
1261 3205 1515 3274 στρατιᾷ.
1567 3203 1711 3256 Ὅσα
1751 3202 1809 3256 δὲ
1868 3198 1940 3273 ἦν

363 3293 601 3356 intrita,
630 3295 723 3347 καί
754 3313 877 3348 τινα
926 3297 991 3348 ἐκ
1044 3293 1153 3349 τῶν
1184 3296 1423 3359 σκευῶν,
1455 3293 1568 3349 τῶν
1597 3294 1941 3366 εὐπατριδῶν

363 3386 579 3455 διεδόθη
618 3387 750 3440 τισι·
782 3387 881 3441 καὶ
913 3387 984 3440 τὰ
1023 3387 1330 3458 λειπόμενα
1364 3386 1441 3457 τῷ
1478 3385 1748 3459 βασιλικῷ
1779 3403 1943 3457 προσ-

365 3479 509 3549 ήχθη
544 3479 805 3550 ταμιείῳ.
842 3477 1020 3532 Ὀκτὼ
1045 3479 1101 3533 δὲ
1135 3481 1379 3551 ἡμέραις
1407 3483 1477 3551 τῇ
1509 3480 1721 3551 Ἀχρίδι
1761 3480 1942 3534 ἐνδια-

362 3572 638 3643 τρίψαντα
684 3572 916 3642 βασιλέα
940 3612 954 3633 ,
998 3574 1053 3627 οῖ
1080 3590 1143 3626 τε
1183 3575 1283 3638 τὰς
1330 3574 1619 3638 Δεαϐόλεις
1646 3576 1944 3645 νεμόμενοι

378 3666 631 3719 Ἀλϐανοὶ
689 3667 926 3735 νομάδες
952 3705 968 3732 ,
1015 3669 1111 3722 καὶ
1162 3670 1210 3721 οἱ
1254 3665 1354 3731 τὰς
1401 3666 1741 3732 Κολωνείας,
1779 3666 1946 3721 ἔτιδὲ

370 3761 466 3815 καὶ
500 3762 549 3814 oi
590 3760 835 3831 Ἀχρίδος
869 3760 1061 3829 ἐγγὺς,
1088 3760 1509 3833 προσεκύνησαν
1548 3761 1818 3826 ἐλθόντες,
1849 3761 1946 3814 καὶ

366 3852 646 3906 δουλεύειν
682 3852 1083 3926 ἐπηγγείλαντο
1119 3852 1439 3925 προθύμως.
1477 3854 1617 3917 Τοὺς
1654 3853 1716 3908 δὲ
1753 3854 1945 3926 πόρρω

366 3945 813 4015 κατῳκισμένους
844 3945 1299 4023 πρὸςηέσχατιαῖς
1348 3946 1450 4016 τῆς
1494 3945 1784 4017 Ῥωμαίων
1814 3949 1947 4018 ἡγεα

369 4036 582 4107 μονίας,
618 4037 927 4108 γράμματα
965 4036 1154 4090 ἐκάλει
1202 4036 1461 4108 βασιλικὰ
1494 4039 1634 4108 πρὸς
1667 4037 1942 4091 Θεσσαλο-

371 4131 535 4199 νίκην
594 4128 769 4182 ἐλθεῖν
804 4168 820 4194 ,
875 4128 952 4192 ὡς
1003 4129 1491 4200 προσκυνήσοντας
1542 4131 1679 4182 ἐκεῖ.
1726 4130 1837 4182 Καὶ
1880 4129 1943 4182 οὐ

367 4220 553 4287 πο)ῆῷ
585 4221 811 4290 ὕστερον
839 4217 1024 4291 ἦλθον.
1066 4220 1124 4275 ’0
1160 4221 1348 4291 μέντοι
1388 4221 1613 4291 Κράλης
1633 4219 1751 4291 ἅμα
1786 4236 1948 4291 στρα-

365 4311 449 4380 τῷ
481 4312 640 4366 παντὶ⁸
661 4309 741 4378 τῷ
778 4308 872 4365 ὑπ’
904 4310 1087 4375 αὐτὸν,
1118 4312 1178 4364 έν
1200 4311 1478 4382 μεθορίοις
1519 4313 1621 4383 τῆς
1660 4311 1826 4366 αὐτοῦ
1850 4312 1946 4366 καὶ

380 4402 670 4473 Ῥωμαίων
700 4402 1015 4483 ἡγεμονίας,
1051 4402 1149 4469 ὢν,
1203 4403 1309 4458 ὑπὸ
1368 4404 1470 4475 μὲν
1526 4405 1637 4459 τῶν
1690 4404 1949 4475 φυγάδων

380 4497 668 4565 Ῥωμαίων
714 4497 989 4568 ὁσημέραι
1050 4496 1415 4567 παρεκαλεῖτο
1480 4497 1623 4551 κατὰ
1682 4498 1948 4568 βασιλέως

368 4590 571 4656 ἐλθεῖν,
611 4589 705 4642 καὶ
754 4589 935 4659 μάχην
959 4588 1277 4642 συνάπτειν·
1306 4590 1551 4659 ὑπήκουε
1583 4588 1640 4643 δὲ
1673 4591 1946 4659 οὐδαμῶς,

2042 2198 2155 2252 imo
2208 2197 2499 2252 enimvero
2552 2197 2742 2268 potius
2775 2196 3052 2252 militibus
3073 2235 3088 2263 ,
3115 2205 3171 2253 et
3198 2197 3322 2252 aliis
3352 2238 3368 2264 ,
3425 2195 3633 2267 quibus

2040 2287 2303 2360 placeret,
2325 2287 2548 2359 juberet
2571 2282 2852 2342 distribui.
2877 2284 3083 2344 Morem
3107 2287 3277 2359 gessit
3300 2289 3623 2358 imperator,

2042 2386 2098 2433 et
2138 2393 2422 2434 nummum
2453 2393 2747 2434 aureorum
2777 2390 3048 2451 quantum
3091 2390 3239 2436 esset
3291 2372 3367 2434 in
3395 2380 3637 2435 militem

2042 2469 2325 2539 dispertiri
2359 2469 2674 2538 mandavit;
2703 2470 2954 2540 supellex
2975 2512 2991 2539 ,
3036 2480 3094 2527 et
3121 2486 3248 2527 vasa
3282 2470 3497 2541 aliquot
3525 2487 3639 2531 no-,

2042 2563 2251 2618 bilibus
2291 2561 2624 2632 quibusdam
2660 2562 2869 2619 donata
2893 2604 2908 2630 ,
2951 2564 3165 2634 reliqua
3194 2564 3250 2618 in
3298 2562 3489 2619 iiscum
3526 2563 3630 2617 im-

2043 2655 2318 2725 peratoris
2349 2654 2500 2709 illata
2546 2664 2676 2709 sunt
2701 2696 2714 2720 ,
2762 2670 2923 2725 quem
2960 2664 3084 2726 post
3116 2656 3401 2712 octiduum
3432 2653 3653 2711 Achri-e

2044 2750 2167 2805 dem
2207 2749 2499 2803 adoratum
2546 2758 2819 2803 venerunt
2862 2757 3105 2821 agrestes
3135 2749 3376 2815 Albani,
3424 2748 3632 2819 quique

2042 2842 2342 2905 Deaboles,
2376 2841 2583 2910 quique
2624 2839 2907 2902 Colonias.
2933 2852 2988 2897 et
3017 2843 3111 2912 qui
3152 2843 3306 2913 juxta
3335 2840 3630 2896 Achridem

2036 2933 2434 2995 ‘habitant,se
2484 2940 2740 3001 prompte
2790 2931 2840 2986 ei
2887 2934 3168 3002 parituros
3217 2935 3631 3003 promittentes.

2047 3024 2299 3094 Longius
2331 3032 2517 3078 autem
2548 3064 2562 3089 ,
2603 3023 2655 3076 in
2689 3022 2899 3078 ultimis
2945 3024 3204 3080 videlicet
3253 3023 3629 3079 Romanorum

2050 3117 2254 3173 iinibus
2285 3118 2624 3184 incolentes,
2676 3119 2873 3174 litterae
2919 3117 3287 3188 imperatoria:
3332 3116 3667 3170 Thessalo--

2048 3207 2229 3262 nicam
2253 3249 2268 3271 ,
2303 3208 2380 3263 ibi
2411 3210 2673 3280 obsequia
2723 3226 2822 3266 sua
2868 3206 3173 3262 honorifice
3205 3205 3484 3260 delaturos
3537 3219 3630 3258 ac-

2048 3297 2417 3363 cersiverunt,
2458 3301 2551 3370 qui
2584 3301 2737 3355 brevi
2766 3299 3085 3356 adfuerunt.
3117 3296 3236 3351 Jam
3264 3310 3398 3349 vero
3440 3295 3643 3350 Crales-

2047 3404 2175 3444 cum
2210 3400 2328 3445 toto
2358 3393 2576 3463 agmine
2608 3409 2708 3448 suo
2754 3394 2809 3448 in
2835 3390 3088 3447 conﬁniis
3120 3388 3452 3452 consistens,
3480 3402 3508 3441 a
3548 3387 3652 3441 iu-~

2046 3482 2231 3552 gitivis
2282 3482 2544 3539 Romanis
2599 3485 2850 3554 quotidie
2899 3484 2965 3539 ad
3010 3483 3258 3555 prazlium
3303 3496 3429 3536 cum
3460 3481 3634 3551 impe-

2054 3584 2242 3629 ratore
2272 3577 2737 3632 committendum
2793 3574 3227 3640 sollicitabatur;
3277 3573 3410 3643 qui,
3448 3571 3632 3627 infau-

2048 3676 2195 3722 Stum
2233 3667 2542 3726 formidans
2569 3670 2804 3737 exitum,
2833 3684 3181 3741 nequaquam
3213 3682 3310 3723 eos
3336 3665 3629 3730 audiebat;
3660 3722 3663 3723 ν

2050 3758 2283 3815 Chreles
2316 3762 2392 3815 illi
2430 3761 2484 3816 in
2523 3762 2941 3834 exspectatione
2993 3770 3145 3827 erat,
3193 3759 3286 3829 qui
3318 3758 3514 3813 Pheris
3539 3756 3633 3811 ad-

2046 3867 2271 3907 versum
2319 3853 2715 3924 imperatorem
2767 3854 3042 3923 iuniorem
3071 3851 3337 3907 Romanis
3364 3849 3630 3904 auxilium

2047 3943 2262 4009 ferens,
2300 3944 2548 4000 nondum
2596 3945 2860 4001 redierat.
2904 3945 2985 4000 Ex
3035 3958 3137 4007 eo,
3179 3942 3256 3998 de.
3297 3942 3631 4011 imperatore

2048 4038 2279 4106 ejusque
2318 4037 2562 4115 exercitu
2589 4028 2615 4103 ,ν
2659 4036 3007 4092 invadendus
3057 4042 3205 4091 esset
3242 4048 3348 4089 nec
3395 4046 3502 4095 ne,
3547 4031 3632 4083 in‘

2050 4129 2304 4200 telligere
2352 4122 2634 4199 cupiebat.
2670 4129 3011 4185 Praesentem
3047 4128 3161 4199 jam
3203 4131 3674 4197 percunctatur“

2049 4218 2255 4288 ecquid
2316 4217 2725 4288 conﬂigendum
2785 4226 2966 4289 putet.
3028 4217 3123 4271 llle
3196 4230 3388 4286 pacem
3448 4215 3634 4284 potius
3662 4260 3670 4270 ..

2052 4310 2406 4381 agitandam,
2452 4326 2557 4365 nec
2583 4310 2787 4365 bellum
2816 4349 2832 4373 ,
2866 4309 3014 4380 quod
3057 4308 3240 4363 adhuc
3283 4307 3497 4363 nullum
3534 4307 3629 4371 sit,
3672 4296 3676 4301 “

2050 4404 2183 4468 sibi,
2213 4402 2440 4463 suisque
2485 4401 2882 4456 accersendum
2908 4400 3201 4455 hortatur:
3240 4400 3641 4470 imperatorem'

2051 4495 2230 4565 ipsum
2259 4493 2540 4555 Pherisse
2566 4491 2794 4556 vidisse,
2830 4491 3120 4546 ducentem
3162 4490 3352 4562 copias
3381 4489 3630 4562 exiguas,
3664 4544 3669 4549 .

2048 4602 2243 4642 verum
2274 4585 2329 4640 in
2357 4594 2473 4640 arte
2499 4584 2726 4639 militari
2759 4592 3046 4655 tantopere
3068 4585 3421 4651 exercitatas,
3439 4586 3632 4656 equis—
3710 4612 3715 4621 ι

369 4681 557 4743 δεδιὼς
609 4680 684 4751 μὴ
723 4681 784 4735 οὐ
840 4682 984 4757 κατὰ
1035 4680 1262 4752 γνώμην
1318 4680 1469 4752 αὐτῷ
1512 4683 1584 4736 τὰ
1632 4682 1940 4755 πράγματα

2052 4695 2201 4752 que,
2247 4688 2303 4734 et
2355 4678 2524 4734 armis
2550 4685 2661 4733 tam
2716 4677 2921 4733 eximie
2984 4677 3326 4744 instructas,
3399 4687 3462 4732 ut
3513 4678 3634 4733 solo

373 4774 624 4845 χωρήσῃ·
652 4772 945 4843 περιέμενε
975 4772 1035 4827 δὲ
1066 4773 1159 4826 τὸν
1186 4774 1425 4845 Χρέλην,
1449 4773 1508 4838 ὃς
1530 4769 1600 4845 ἦν
1639 4777 1699 4828 ἐν
1729 4775 1949 4842 Φεραῖς,

382 4869 676 4936 Ῥωμαίοις
725 4868 869 4923 κατὰ
912 4866 1007 4921 τοῦ
1037 4868 1162 4922 νέου
1191 4868 1461 4938 βασιλέως
1491 4869 1806 4939 συμμαχῶν
1846 4869 1950 4942 (ἔτι

374 4960 484 5030 γάρ
518 4958 713 5029 ἀπῆν),
741 4959 872 5029 παρ’
901 4957 1070 5011 αὐτοῦ
1133 4959 1264 5029 περὶ
1308 4959 1574 5030 βασιλέως
1600 4959 1695 5012 καὶ
1736 4960 1836 5030 τῆς
1859 4960 1955 5013 ὑπ’

374 5051 542 5105 αὐτὸν
595 5050 856 5119 στρατιᾶς
889 5047 1221 5120 βουλόμενος
1264 5050 1538 5102 πυθέσθαι
1574 5051 1622 5102 εί
1661 5052 1947 5121 ἐπιχειρη-

2053 4777 2277 4840 aspectu
2333 4775 2605 4824 terrorem
2660 4767 2996 4823 incuterent.
3052 4765 3135 4820 Ad
3184 4765 3332 4830 hoc,
3382 4774 3492 4820 tam
3547 4781 3668 4822 ser

2050 4859 2216 4925 date,
2273 4871 2327 4914 et
2373 4859 2629 4915 ordinate
2686 4859 3029 4914 duces'suos
3066 4864 3480 4930 sequentes,ut
3525 4873 3634 4912 non

2052 4955 2261 5009 multos
2303 4952 2403 5007 sed
2455 4966 2627 5007 unum
2678 4951 2949 5007 duntaxat
2997 4965 3120 5006 esse
3154 4949 3376 5005 credas.
3437 4949 3637 5004 Praeci-

2052 5046 2271 5116 pientes
2332 5045 2465 5100 item
2550 5045 2796 5110 audire,
2862 5052 2919 5098 et
2991 5052 3264 5115 praecepta
3335 5042 3629 5098 coniicere.

374 5143 474 5194 τέα
513 5141 622 5210 εἴη,
663 5142 697 5213 ἢ
738 5141 838 5212 μή.
880 5141 1040 5195 Ἐπεὶ
1071 5141 1129 5194 δὲ
1165 5144 1386 5212 ἀφῖκτο,
1420 5142 1753 5196 ἐπυνθάνετο
1782 5143 1940 5196 αὐτοῦ

2059 5139 2297 5195 Tantum
2338 5147 2522 5193 autem
2582 5136 2907 5193 fortitudine
2953 5146 3011 5193 ct
3062 5137 3296 5193 audacia
3341 5136 3669 5202 excetlere,.

376 5231 408 5281 ό
452 5229 679 5298 Κράλης
711 5229 761 5281 εί
795 5229 933 5300 πρὸς
976 5224 1206 5301 βασιλέᾶ
1252 5230 1595 5302 πολεμητέον
1642 5231 1753 5304 εἴη.
1807 5233 1868 5286 '0
1896 5233 1940 5286 δὲ

2059 5241 2120 5284 ιιι
2162 5232 2416 5300 quamvis
2463 5245 2699 5285 numero
2731 5230 3068 5286 adversariis
3101 5231 3276 5285 multo
3318 5228 3663 5291 inferiores,

383 5321 787 5387 συνεϐούλευεν,
837 5322 1062 5394 εἰρήνην
1115 5322 1316 5392 μᾶλλον
1373 5322 1549 5388 ἄγειν,
1606 5324 1702 5376 καὶ
1739 5321 1819 5393 μὴ
1863 5321 1940 5375 τοι

2060 5322 2217 5392 1'73
2248 5320 2437 5375 eosad
2473 5321 2665 5375 urbem
2695 5321 2944 5392 ipsorum
2974 5322 3119 5377 nulla
3142 5321 3363 5391 penitus
3386 5328 3637 5374 conster-

377 5416 478 5469 οὐκ
504 5414 633 5468 ὄντα
665 5415 901 5485 πόλεμον
929 5413 1108 5482 έαυτῷ
1136 5414 1231 5468 καὶ
1273 5414 1539 5485 ὑπηκόοις
1566 5416 1816 5484 ἐπάγειν.
1850 5415 1940 5468 Βα-

2055 5415 2317 5479 natione,
2383 5422 2475 5468 aut
2536 5413 2837 5470 formidine
2902 5423 3282 5485 sequerentur,
3346 5421 3402 5466 et
3462 5423 3634 5479 prope

380 5507 532 5562 σιλέα
553 5510 664 5578 γὰρ
687 5507 852 5571 αὐτὸς
884 5506 1069 5574 ἔλεγεν
1100 5510 1158 5562 ὲν
1188 5508 1387 5578 Φεραῖς
1417 5508 1725 5579 ἑωρακέναι
1747 5506 1940 5575 ἄγοντα

2054 5507 2284 5573 Pheras,
2318 5520 2428 5576 quo
2458 5506 2577 5561 acie
2597 5521 2721 5561 cum
2756 5506 2865 5561 illis
2896 5506 3250 5570 dimicarent,
3282 5503 3426 5557 diem
3461 5509 3633 5556 totum

379 5598 483 5666 μὲν
515 5599 744 5669 στρατὸν
768 5598 830 5652 οὐ
853 5599 995 5652 πάνυ
1024 5597 1214 5664 πολὺν,
1239 5599 1498 5652 τοσοῦτον
1522 5599 1581 5653 δὲ
1623 5601 1690 5652 τὰ
1714 5599 1940 5670 πολέμια

2055 5600 2160 5656 sub
2196 5599 2366 5670 signis
2400 5608 2633 5664 starent,
2671 5600 2818 5671 pleni
2845 5599 3041 5655 Martio
3072 5598 3269 5667 spiritu
3316 5596 3525 5649 hostem
3565 5591 3635 5646 ad

1617 5697 1834 5777 Jacobi
1871 5717 2138 5779 Pontani
2181 5724 2367 5778 notae.

454 5816 533 5890 (ξι)
586 5815 827 5872 Observa
869 5817 1186 5890 praeclarum
1229 5817 1543 5888 exemplum
1597 5817 1739 5890 grati
1786 5818 1957 5873 animi
2008 5820 2013 5829 '
2058 5828 2295 5890 poterat.
2334 5820 2454 5876 Non
2481 5816 2665 5890 quivis
2698 5824 2909 5873 tantdm
2943 5815 3063 5872 auri
3098 5829 3357 5871 acervum
3407 5812 3667 5871 irretore»

382 5892 438 5941 in
469 5889 843 5960 imperatore;
870 5888 1061 5959 magni
1094 5900 1280 5960 autem
1310 5890 1366 5943 in
1398 5888 1953 5960 magno’domestico,
2058 5888 2128 5948 iis
2159 5891 2336 5946 oculis
2363 5888 2744 5960 spectavisset.

384 5959 481 6029 qui
514 5960 802 6027 pecuniam
829 5969 998 6015 totam
1033 5958 1309 6029 repudiat,
1339 5958 1507 6030 quam
1528 5959 1780 6030 accipere
1803 5959 1954 6030 iuste
