4028 6480
312 506 418 568 375

1517 503 1835 564 JUANNIS
1874 501 1962 561 CA
1977 500 2407 561 NTACUZENI

3470 497 3578 559 376

314 627 593 671 certamen
650 625 1037 685 prnromntes.
1090 615 1239 682 Quos
1286 622 1474 668 contra
1514 628 1638 666 cum
1686 610 1885 666 efferre

2001 607 2390 676 ἑξησκημένον,
2423 607 2517 659 καὶ
2544 606 2733 668 ἵπποις
2768 622 2826 656 τε
2860 601 2953 658 καὶ
2980 603 3167 667 ὅπλοις
3202 603 3579 673 διακεκοσμη-

314 711 512 780 pedem
542 709 776 764 auderet
823 724 1006 770 nemo,
1050 708 1363 762 declinasse
1410 705 1718 774 paululum,
1744 710 1800 757 ct
1835 702 1890 754 in

313 804 526 873 campis
577 811 951 873 pernoctasse.
995 801 1288 864 Postridie,
1316 808 1439 854 orto
1483 799 1624 861 sole,
1672 812 1890 851 rursum

314 902 558 948 armatos
588 900 644 949 et
667 892 966 962 dispositos
990 891 1059 947 ad
1081 888 1553 961 congrediendum
1585 889 1772 943 hostes
1797 902 1896 957 per

316 985 723 1040 internuntium
756 985 959 1039 elicere
1005 984 1263 1040 voluisse.
1297 982 1401 1049 Qui
1434 998 1559 1037 cum
1598 996 1791 1035 eorum
1824 994 1895 1033 ne

316 1076 531 1129 vultum
577 1076 799 1141 quidem
857 1075 1086 1136 ferrent,
1137 1089 1486 1145 pugnamque
1536 1073 1764 1142 praecise
1801 1072 1897 1127 de-

314 1175 639 1232 trectarent,
671 1176 877 1237 quanto
904 1165 1014 1221 dici
1061 1176 1245 1236 potest
1281 1166 1496 1229 ordine,
1537 1173 1593 1219 et
1625 1165 1896 1221 modestia

286 1258 579 1312 rZichnam
630 1258 975 1327 repetivisse.
1017 1257 1208 1327 Itaque
1241 1272 1369 1311 cum
1401 1257 1643 1312 exercitu
1672 1257 1752 1311 sic
1777 1273 1896 1311 om-

316 1347 555 1402 nimodis
593 1347 904 1417 composito
939 1355 994 1401 et
1022 1350 1320 1412 instructo,
1355 1359 1420 1400 ac
1451 1344 1622 1399 duces
1655 1344 1896 1399 habente

314 1438 629 1508 complures
654 1449 819 1508 atque
858 1438 1131 1508 egregios,
1161 1438 1280 1493 sine
1326 1437 1654 1492 necessitate
1694 1443 1756 1490 ut
1802 1435 1898 1490 de-

314 1540 615 1600 pugnetur,
649 1544 934 1596 nunquam
988 1545 1047 1584 se
1090 1539 1371 1584 auctorem
1420 1529 1691 1583 futurum.
1738 1526 1895 1584 Adde

315 1625 463 1694 quod
513 1625 884 1681 occidentales
934 1625 1108 1696 copize
1149 1624 1280 1694 ipsa:
1309 1639 1530 1694 quoque
1562 1639 1664 1678 nec
1695 1639 1894 1692 parvae,

312 1722 371 1768 ct
401 1728 511 1767 non
547 1713 871 1779 instrenuaa,
900 1728 1024 1767 cum
1062 1712 1414 1782 imperatoris
1442 1728 1637 1782 agmen
1659 1711 1898 1767 adauxe-

316 1803 451 1865 rint,
484 1811 547 1857 ut
595 1802 699 1873 ipsi
749 1803 819 1857 ab
857 1803 962 1858 hoc
1003 1802 1149 1857 bello
1182 1802 1486 1857 abhorrere
1539 1817 1604 1857 ac
1645 1801 1898 1872 refugere

314 1894 495 1965 magis
524 1894 786 1961 debeant,
824 1894 1132 1950 eﬂ'ecerint.
1162 1894 1289 1949 Haec
1318 1895 1497 1949 oratio
1535 1894 1706 1958 Crali,
1736 1904 1898 1949 cane-

2002 704 2162 773 μένον
2188 702 2506 773 ἔκπρεπῶς,
2537 702 2611 765 ὼς
2641 700 2903 769 ἔκπληξιν
2929 698 3024 752 καὶ
3057 698 3166 753 ἀπὸ
3203 698 3371 769 μόνης
3399 698 3578 770 ὅψεως

1997 793 2280 865 παρέχειν.
2311 791 2467 846 Οὕτω
2501 791 2558 846 δὲ
2604 790 2888 861 ἀθορύϐως
2934 792 3029 846 καὶ
3067 790 3346 853 εὐτάκτως
3374 790 3585 858 ἑπόμε-

1997 901 2089 937 νον
2140 887 2250 946 τοῖς
2301 881 2591 952 ἡγεμόσιν,
2618 880 2694 944 ὡς
2723 881 2901 934 δοκεῖν
2949 880 3010 933 οὐ
3049 879 3300 946 πολλοὺς,
3336 874 3451 929 ἀλλ’
3480 876 3582 929 ἕνα

1998 979 2149 1044 ὄντα,
2192 979 2303 1031 τῶν
2330 974 2390 1031 τέ
2423 975 2910 1049 παραγγελμάτων
2944 968 3192 1035 ἀκούειν,
3236 969 3331 1022 καὶ
3366 968 3577 1037 σπουδῇ

1999 1072 2069 1125 τὰ
2103 1072 2443 1140 κελευόμενα
2473 1071 2674 1123 ποιεῖν.
2727 1065 2980 1135 Ἀνδρίας
3010 1062 3067 1115 δὲ
3099 1059 3355 1114 τοσοῦτον
3390 1060 3581 1122 αὐτοῖς

2000 1164 2252 1234 περίεστι
2302 1161 2397 1215 καὶ
2448 1160 2679 1230 τόλμης.
2715 1157 2791 1220 ὡς
2821 1156 2998 1209 καίτοι
3032 1152 3143 1205 τῶν
3178 1147 3582 1216 ἀντιτεταγμέ-

2000 1270 2108 1305 νων
2165 1251 2316 1313 δντες
2375 1249 2639 1312 ἐλάσσους
2687 1245 2888 1314 πολλῷ,
2940 1242 3037 1296 καὶ
3095 1240 3343 1302 ἐπιόντες
3394 1238 3580 1301 αὐτοῖς
3644 1312 3649 1316 _

2000 1342 2153 1413 παρά
2185 1343 2341 1395 πόλιν
2389 1341 2598 1394 οἰκείαν
2628 1334 3254 1409 στρατοπεδευομένους,
3283 1328 3409 1384 οὗτε
3442 1329 3583 1383 ἐδει-

2003 1452 2102 1489 σαν
2125 1433 2247 1487 οὕτε
2265 1430 2685 1504 ἐθορυϐήθησαν
2714 1427 2990 1497 οὐδαμῶς.
3025 1424 3188 1479 Ἀλλά
3223 1422 3392 1492 ἐγγὺς
3428 1420 3585 1489 γενό-

2006 1542 2158 1595 μενοι
2183 1524 2371 1596 Φερῶν
2394 1524 2518 1577 ὅσον
2553 1519 3066 1589 συναναμίγνυσθαι
3097 1517 3305 1577 αὐτοῖς.
3338 1513 3583 1582 ἔστησαν

2000 1616 2258 1686 ἀνάπλεῳ
2305 1616 2484 1685 ὁρμῆς
2519 1612 2606 1666 διὰ
2637 1612 2819 1680 πάσης
2859 1611 2959 1680 τῆς
3010 1607 3228 1679 ἡμέρας
3271 1603 3585 1676 προκαλού-

2004 1726 2158 1780 μεκοι
2186 1710 2244 1772 ἐς
2277 1707 2482 1778 μάχην.
2517 1705 2671 1761 Ἐπεὶ
2717 1703 2773 1757 δὲ
2802 1701 2981 1760 οὐδεὶς
3015 1699 3201 1763 αὐτοῖς
3232 1695 3584 1767 ἀντεπεξῄει,

2005 1802 2203 1873 μικρὸν
2245 1800 2617 1865 ἐκκλίναντες,
2661 1796 2957 1868 ηὐλίσαντο
3000 1792 3101 1863 τὴν
3159 1790 3353 1845 νύκτα.
3388 1789 3499 1844 Καὶ
3523 1789 3585 1852 ἐς

2000 1895 2103 1965 τὴν
2126 1878 2421 1964 ὑστεραίαν
2444 1889 2608 1946 πάλιν
2639 1886 2982 1959 φραξάμενοι
3017 1886 3134 1955 ἅμα
3160 1883 3260 1954 εῳ,
3293 1881 3370 1945 ὡς
3391 1881 3447 1944 ές
3478 1881 3587 1952 μά-

317 1957 507 2053 risque
539 1957 781 2040 ducibus
813 1982 979 2039 fidem
1013 1984 1166 2039 fecit.
1209 1983 1276 2037 Et
1305 2000 1617 2055 quanquam
1648 1957 1773 2039 belli
1804 2000 1896 2055 ge-

2003 1957 2104 2056 χην
2132 1957 2903 2055 ἔστησανπαρατεταγμένοι,
2932 1975 3028 2031 καὶ
3064 1974 3410 2045 πέμψαντες,
3434 1972 3586 2042 ἡμᾶς

312 2072 471 2128 rendi
503 2075 843 2130 voluntatem
877 2075 1249 2145 deponerent,
1279 2075 1332 2129 in
1365 2075 1558 2130 iisdem
1593 2076 1791 2131 castris
1815 2075 1900 2131 ni—

315 2164 622 2222 hilominus
676 2167 1095 2237 permanebant.
1142 2150 1449 2237 Imperator
1502 2167 1741 2223 Acbride
1774 2176 1897 2234 post

315 2257 464 2314 diem
491 2270 746 2315 octavum
780 2260 1093 2324 discedens,
1128 2259 1323 2315 relicta
1367 2258 1617 2316 Castoria
1647 2261 1704 2314 in
1735 2258 1896 2315 Pela-

313 2351 532 2421 goniam
556 2351 709 2405 venit
741 2369 756 2406 :
789 2360 843 2406 et
871 2358 929 2405 ut
958 2351 1158 2420 Oppida
1197 2351 1288 2405 illa
1320 2361 1686 2422 caateramque
1718 2352 1900 2419 regio-

315 2458 442 2498 nem
488 2443 782 2511 reciperet,
812 2450 869 2498 et
908 2452 968 2497 ut
999 2459 1090 2508 ne,
1148 2442 1278 2513 quia
1327 2443 1541 2500 Cralcm
1592 2447 1647 2497 in
1696 2444 1901 2500 finibus

319 2531 541 2599 imperii
587 2530 674 2585 sui
708 2533 1090 2586 castrametari
1149 2542 1458 2602 acceperat,
1519 2533 1641 2599 ejus
1698 2534 1899 2589 timore

314 2621 425 2677 iter
455 2621 588 2675 illud
622 2621 897 2677 devitasse
928 2623 1229 2678 videretur.
1274 2623 1508 2678 Romani
1558 2623 1798 2693 fugitivi,
1836 2633 1897 2679 ut

314 2714 712 2782 imperatorem
770 2715 1121 2786 Pelagoniam
1185 2732 1411 2787 pergere
1464 2725 1895 2786 compererunt,

312 2803 475 2861 Crale
509 2813 806 2869 convento,
846 2822 973 2860 eum
1027 2806 1092 2861 ad
1134 2805 1451 2863 c0nflictum
1505 2823 1629 2862 cum
1663 2808 1758 2862 illo
1783 2808 1895 2878 jam

316 2897 502 2951 vicino
533 2896 824 2952 acuebant.
854 2898 1161 2968 Respondit
1184 2899 1390 2963 Crales,
1422 2901 1528 2955 nisi
1553 2901 1646 2957 ille
1678 2916 1737 2957 se
1766 2902 1899 2956 ado-
1934 2950 1946 2963 .

321 2986 524 3052 riatur,
542 3002 720 3056 neque
740 3004 908 3054 nunc,
929 3006 1107 3060 neque
1128 2990 1360 3061 posthac
1377 3007 1501 3047 cum
1526 3008 1592 3048 eo
1610 2993 1897 3064 depugna-

320 3086 531 3133 turum.
568 3078 704 3149 Ipsis
736 3091 941 3150 quanta
972 3083 1216 3152 potuerit
1245 3084 1465 3147 auxilia,
1486 3085 1776 3140 duodecim
1807 3102 1898 3140 co-

317 3170 508 3226 hortes
525 3187 648 3227 cum
671 3171 911 3227 tribunis
928 3173 1385 3229 PberaSmisisse.
1408 3174 1563 3229 Nunc
1580 3191 1637 3231 se
1657 3177 1709 3231 id
1731 3178 1893 3232 etiam

2001 2076 2412 2149 προύκαλοῦντο
2453 2076 2511 2138 ές
2564 2074 2664 2146 τὴν
2702 2073 2905 2142 μάχην.
2950 2070 3140 2138 Ἥμῶν
3174 2067 3234 2121 δὲ
3270 2065 3393 2120 οὐδὲ
3430 2065 3587 2118 ἀντι-

2001 2171 2223 2225 ϐλέπειν
2258 2169 2669 2239 ὑπομενόντων,
2708 2166 2801 2220 καὶ
2836 2161 3090 2234 φανερῶς
3121 2163 3224 2233 τὴν
3261 2157 3584 2229 συμπλοκὴν

1998 2261 2422 2332 ἀπειπαμένων,
2472 2257 2916 2328 ἀναστρέψαντες
2953 2253 3073 2325 μεθ’
3108 2255 3241 2317 ὅσης
3282 2251 3351 2306 ἂν
3404 2251 3586 2312 είποις

1999 2356 2097 2425 τῆς
2132 2352 2409 2418 εὐταξίας,
2449 2346 3016 2418 ἐστρατοπεδεύσαντο
3064 2346 3124 2397 ὲν
3157 2345 3353 2414 Ζίχνᾳ.
3400 2341 3482 2411 Τῇ
3515 2340 3584 2410 δὴ

2000 2445 2145 2501 οὕτω
2170 2444 2510 2514 πανταχόθεν
2546 2438 3040 2509 συγκεκροτημένη
3078 2436 3334 2507 στρατιᾷ,
3355 2436 3451 2489 καὶ
3478 2434 3584 2486 ὑπὸ

2002 2538 2332 2606 στρατηγοῖς
2356 2533 2603 2606 ἀγομένη
2625 2531 2844 2594 πολλοῖς
2862 2548 2923 2583 τε
2943 2533 3038 2583 καὶ
3056 2529 3306 2594 ἀγαθοῖς,
3334 2527 3584 2594 ἀνάγκης

2000 2630 2169 2698 χωρὶς
2218 2628 2321 2681 οὐκ
2369 2625 2436 2680 ἂν
2494 2626 2922 2695 συγχωρήσαιμι
2976 2619 3395 2692 συμπλέκεσθαι
3446 2615 3582 2684 ἐγώ.
3682 2654 3697 2671 κ

2001 2721 2137 2773 Νυνὶ
2169 2718 2226 2772 δὲ
2267 2718 2363 2772 καὶ
2400 2718 2499 2787 τῆς
2527 2715 2788 2787 ἑσπερίου
2823 2715 3091 2785 στρατιᾶς
3126 2711 3346 2781 ἀπάσης
3378 2709 3583 2779 πολλῆς

2002 2830 2060 2865 τε
2112 2812 2206 2864 καὶ
2240 2810 2414 2879 αὐτῆς
2445 2809 2541 2863 καὶ
2587 2807 2802 2877 ἀγαθῆς
2843 2806 3013 2876 οὖσης
3050 2803 3585 2874 προσκεχωρηκυίας

2003 2904 2239 2975 βασιλεῖ,
2263 2903 2345 2957 ἔτι
2378 2902 2581 2972 μᾶλλον
2611 2899 2940 2974 ἀπορώτερα
2966 2902 3033 2952 τὰ
3056 2900 3191 2969 πρὸς
3217 2898 3308 2950 τὸν
3342 2897 3583 2966 πόλεμον

2000 2995 2182 3048 αὐτῶν
2242 2993 2572 3064 καθέστηκε.
2631 2993 2877 3057 Τοιαῦτα
2928 2993 3176 3054 εἰπόντος
3232 2989 3328 3042 τοῦ
3375 2988 3580 3059 Χρέλη,

2000 3090 2027 3140 ὃ
2056 3104 2115 3139 τε
2153 3085 2377 3156 Κράλης
2430 3084 2680 3137 ἐπείθετο
2737 3084 2834 3137 καὶ
2887 3084 2936 3135 οἱ
2984 3081 3136 3135 ἄλλοι
3175 3079 3447 3150 ἡγεμόνες
3483 3078 3585 3146 τῆς

2004 3179 2300 3248 στρατιᾶς,
2352 3176 2448 3228 καὶ
2504 3175 2606 3245 ήδη
2664 3174 2970 3243 ἀπέσχοντο
3032 3175 3152 3236 ταῖς
3186 3171 3438 3240 γνώμαις
3485 3168 3584 3221 τοῦ

317 3262 525 3317 idcirco
556 3262 758 3317 factum
786 3264 952 3326 nolle,
980 3265 1126 3335 quod
1158 3280 1286 3320 eum
1308 3267 1477 3320 armis
1505 3266 1894 3324 offendendum

2004 3269 2142 3340 πρὸς
2187 3266 2422 3339 βασιλέα
2457 3266 2736 3335 πολεμεῖν,
2800 3264 2996 3336 έμενον
3051 3264 3109 3318 δὲ
3156 3265 3308 3335 ὅμως
3345 3261 3442 3315 ἐπὶ
3480 3260 3584 3330 τῆς

317 3354 687 3425 suscepetit,a
706 3371 817 3425 quo
837 3355 955 3425 ipse
980 3356 1186 3411 nullam
1208 3359 1448 3414 senserit
1478 3359 1754 3430 injuriam.
1792 3361 1899 3415 Ro-

319 3463 613 3503 manorum
652 3449 1016 3519 imperatores
1045 3450 1192 3504 inter
1229 3465 1288 3505 se
1318 3451 1623 3515 discordes,
1659 3453 1898 3507 scituros

323 3544 518 3611 utique
556 3559 653 3613 per
689 3558 771 3608 se,
802 3542 1082 3612 quomodo
1110 3542 1316 3598 bellum
1350 3553 1545 3599 mutuo
1584 3554 1796 3615 gerant,
1843 3555 1900 3601 et

229 3637 236 3646 '
321 3642 597 3702 quatenus
630 3633 1002 3700 consentiant,
1054 3649 1115 3690 se
1153 3649 1182 3688 a
1220 3642 1419 3690 neutro
1472 3635 1686 3702 laesum,
1722 3635 1899 3691 donec

323 3726 524 3795 injuste
550 3726 804 3787 lmdatur,
830 3737 1089 3783 neutrum
1115 3728 1284 3783 armis
1304 3740 1749 3799 persecuturum.
1783 3731 1897 3785 Ro-

317 3818 464 3872 mani
489 3818 595 3873 hoc
620 3834 905 3888 responso,
926 3835 1022 3889 spe
1049 3835 1171 3891 quae
1195 3821 1310 3876 sola
1336 3835 1623 3890 supererat
1644 3823 1895 3887 cadente,

316 3910 511 3966 turbas
539 3910 688 3965 ciere
718 3910 1067 3978 insolentius,
1093 3927 1199 3968 nec
1230 3912 1484 3969 desinere
1513 3898 1683 3969 muila
1709 3925 1766 3971 et
1786 3917 1896 3972 acri

313 4004 674 4059 contentione
709 4020 902 4076 urgere
927 4014 1096 4076 atque
1126 4005 1413 4075 impellere
1444 4006 1769 4078 principem,
1795 4010 1899 4064 ob-

317 4096 643 4167 testarique,
680 4112 749 4153 ne
788 4098 949 4153 inulti
999 4098 1465 4169 relinquerentur.
1503 4101 1662 4174 174
1687 4102 1899 4169 Quibus

317 4186 546 4242 Triballi
577 4204 835 4260 proceres
866 4198 983 4244 tum
1026 4201 1329 4260 praesentes
1357 4210 1369 4244 :
1412 4192 1581 4261 Heus,
1614 4195 1893 4264 inquiunt,

315 4279 450 4349 quid
488 4296 629 4351 opus
655 4291 825 4336 estet
856 4296 954 4337 vos
992 4281 1194 4339 frustra
1225 4299 1288 4339 ac
1325 4295 1533 4341 temere
1585 4285 1895 4357 defatigari,

317 4387 439 4443 quae
472 4373 587 4428 tieri
617 4384 901 4443 nequeunt
936 4382 1308 4444 attentantcs;
1350 4387 1406 4432 et
1435 4392 1537 4432 nos
1567 4377 1894 4446 obtundere,

316 4478 441 4531 quae
471 4463 722 4534 praestari
751 4465 832 4520 fas
860 4482 969 4521 non
998 4480 1106 4531 est,
1139 4469 1539 4524 obsecrantes?
1564 4469 1719 4523 Bello
1751 4471 1897 4523 inter

317 4557 680 4626 imperatores
712 4557 964 4614 dominos
994 4569 1215 4615 vestros
1247 4560 1507 4624 excitato,
1546 4575 1648 4615 vos
1675 4575 1895 4616 omnem

2003 3362 2175 3432 αὐτῆς
2212 3357 2661 3430 στρατοπεδείας.
2694 3358 2961 3421 Βασιλεὺς
3005 3356 3065 3411 δὲ
3097 3358 3161 3412 ὲκ
3189 3355 3293 3426 τῆς
3338 3352 3585 3425 Ἀχρίδος

2007 3452 2150 3523 μετὰ
2178 3448 2374 3520 ὀγδόην
2417 3451 2635 3521 ἡμέραν
2686 3450 2851 3521 ἄρας,
2896 3447 3063 3519 ἦλθεν
3108 3449 3188 3513 είς
3216 3446 3582 3516 Πελαγονίαν.

2002 3548 2101 3617 τὴν
2142 3547 2223 3608 εἰς
2255 3545 2569 3616 Καστορίαν
2605 3543 2846 3597 ἐκλιπὼν
2891 3543 3030 3608 ὁδὸν,
3062 3545 3180 3614 ἅμα
3223 3543 3323 3612 μὶν
3360 3540 3449 3595 ῖνᾶ.
3491 3539 3588 3592 καὶ

2002 3640 2072 3694 τὰ
2102 3642 2216 3693 ἐκεῖ
2241 3640 2671 3710 περιποιήσηται
2711 3636 2965 3706 πολίχνια
2998 3635 3094 3688 καὶ
3132 3636 3237 3705 τὴν
3267 3633 3437 3703 ἀλλην
3475 3631 3589 3702 χώ-

2004 3751 2125 3803 ραν,
2160 3732 2301 3803 ἅμα,
2334 3732 2402 3795 δ’,
2444 3731 2567 3784 ἐπεὶ
2613 3732 2707 3784 καὶ
2745 3730 2838 3783 τὸν
2885 3728 3113 3800 Κράλην
3161 3730 3220 3781 έν
3256 3727 3428 3799 ὁρίοις
3480 3724 3589 3779 πύ-

2003 3826 2148 3879 θοιτο
2180 3825 2284 3893 τῆς
2312 3824 2580 3895 σφετέρας
2613 3822 2794 3894 ἀρχῆς
2834 3817 3000 3888 εἶναι,
3034 3821 3121 3876 ἵνα
3154 3821 3230 3892 μὴ
3258 3817 3445 3888 δοκοίη
3480 3817 3583 3887 φό-

2002 3916 2082 3985 σῳ
2115 3916 2192 3986 τῷ
2227 3915 2364 3987 πρὸς
2405 3915 2570 3969 αὐτὸν
2609 3911 2952 3983 ἀποσχέσθαι
3010 3912 3110 3982 τῆς
3164 3911 3310 3966 ὁδοῦ.
3362 3911 3427 3964 Οί
3479 3911 3582 3979 μέν

2000 4029 2084 4064 τοι
2149 4009 2442 4079 Ῥωμαίων
2492 4007 2734 4076 φυγάδες
2776 4006 2853 4070 ὡς
2885 4003 3154 4059 ἐπύθοντο
3194 4003 3285 4056 διά
3331 4000 3579 4069 Πελαγα-

2001 4103 2123 4166 νίας
2160 4102 2296 4156 ἱέναι
2338 4100 2588 4169 βασιλέα,
2614 4097 2693 4169 τῷ
2722 4097 2916 4170 Κράλῃ
2954 4096 3302 4168 προσιόντες,
3337 4095 3585 4165 ἠνάγκα-

2001 4196 2094 4259 ζον
2142 4194 2564 4263 συμπλέκεσθαι
2612 4191 2835 4264 ’βασιλεῖ
2879 4191 2983 4262 ἡδη
3044 4190 3105 4243 οὐ
3147 4189 3284 4243 πολὺ
3318 4189 3582 4259 ἀπέχοντι

2000 4284 2203 4340 αὐτῶν.
2263 4284 2322 4338 '0
2373 4285 2600 4355 Κράλης
2630 4282 2686 4336 δὲ
2724 4280 3085 4353 ἀπεκρίνατο,
3129 4281 3270 4352 μήτε
3309 4279 3407 4335 νῦν
3442 4282 3580 4352 μήτε

2002 4376 2250 4440 είσαῦθις
2305 4375 2450 4429 ἑκὼν
2491 4375 2830 4446 πολεμήσειν
2873 4373 3110 4445 βασιλεῖ,
3147 4374 3245 4428 ἐὰν
3288 4375 3362 4446 μὴ
3416 4375 3582 4438 αὐτὸς

2000 4468 2131 4539 ἐπίῃ
2150 4484 2164 4499 ⁸
2197 4467 2382 4532 αὐτοῖς
2408 4466 2465 4519 δὲ
2492 4465 2592 4538 τὴν
2621 4465 2854 4535 δυνατὴν
2885 4464 3145 4536 βοήθειαν
3176 4465 3580 4536 είσενηνέχθαι,

2003 4561 2334 4614 δυοκαίδεκα
2360 4560 2619 4629 τάγματα
2646 4558 2765 4627 ἃμα
2797 4559 3126 4628 στρατηγοῖς
3159 4558 3583 4628 παρασχόμενος

314 4646 642 4703 offensionis
671 4649 1019 4705 occasionem
1054 4632 1267 4716 toll‘ere,
1295 4667 1596 4723 pacemque
1638 4654 1813 4720 vobis,
1846 4665 1896 4710 et

2006 4655 2066 4709 ἐν
2132 4656 2332 4727 Φεραῖς
2385 4656 2569 4717 αὺτοῖς
2618 4657 2952 4726 ἐπικουρεῖν.
2984 4656 3122 4710 Νυνὶ
3177 4656 3235 4711 δὲ
3284 4656 3434 4727 αὐτῷ
3487 4658 3585 4710 καὶ

319 4739 441 4793 aliis
469 4743 620 4796 omni
656 4741 870 4797 ratione
905 4745 1205 4800 conciliare
1251 4746 1599 4817 opportcbat,
1655 4747 1898 4804 scientes

318 4832 558 4902 idipsum
594 4845 649 4889 et
681 4835 1135 4905 imperatoribus,
1188 4846 1245 4892 et
1295 4837 1473 4900 vobis,
1517 4846 1572 4893 et
1614 4841 1898 4896 communi

316 4925 690 4981 Romanorum
720 4926 1148 4985 conducturum.
1173 4929 1336 5000 Atqui
1366 4932 1710 4987 contrarium
1743 4949 1900 5002 pror-

319 5034 415 5073 sus
448 5027 502 5072 (ἰ
526 5019 632 5089 ipsi
665 5020 1066 5090 designabatis,
1089 5029 1145 5075 et
1175 5022 1314 5077 alios
1341 5023 1737 5079 hortabamini.
1767 5024 1898 5081 Om-

317 5126 416 5165 nes
447 5111 717 5180 siquidetn
752 5111 1004 5166 civitates
1031 5111 1309 5180 obeundo,
1342 5130 1494 5169 arma
1522 5131 1647 5170 cum
1678 5118 1895 5173 seniore

320 5203 655 5272 imperatore
691 5203 960 5259 adversus
996 5202 1727 5279 juniorem‘conjungentes,
1768 5226 1893 5265 cum

319 5292 566 5347 mirificis
587 5293 917 5361 quibusdam
941 5294 1728 5364 promissionibuslaudabatis
1756 5319 1769 5355 :
1798 5316 1895 5358 eos

318 5395 503 5440 autem
539 5386 631 5454 qui
675 5400 861 5454 pacem
891 5387 1234 5456 praeferrent.
1266 5400 1323 5445 et
1345 5391 1483 5446 alios
1519 5392 1587 5447 ad
1618 5408 1739 5448 eam
1770 5394 1895 5449 alli-

318 5481 528 5537 cerent,
567 5472 717 5526 velut
748 5487 777 5526 a
824 5473 1045 5543 juniore
1102 5486 1311 5532 stantes
1361 5495 1516 5549 aeque
1554 5481 1608 5535 in
1640 5480 1892 5538 hostibus

317 5564 634 5626 ducebatis,
667 5580 729 5619 ac
770 5565 975 5620 bellum
1023 5583 1122 5638 per
1160 5569 1242 5625 fas
1288 5581 1344 5626 et
1396 5573 1552 5627 nefas
1592 5576 1891 5631 ascendere

316 5653 692 5707 conabamini.
728 5652 795 5708 Ut
825 5655 993 5724 igitur
1028 5666 1156 5710 tunc
1188 5659 1434 5716 Studiose
1480 5672 1780 5719 sementem
1813 5664 1894 5735 fe-

320 5745 495 5811 cistis,
528 5743 603 5798 ita
630 5760 777 5801 nunc
810 5762 1042 5803 messem
1061 5749 1340 5819 gravidam
1376 5753 1587 5807 metite.
1610 5754 1722 5809 Nos
1745 5755 1890 5811 Crali

323 5836 567 5906 despota:
586 5847 775 5895 nostro
795 5840 1204 5909 denuntiamus,
1239 5852 1298 5898 ut
1328 5844 1715 5915 imperatorem
1747 5846 1891 5903 bello

323 5933 474 6004 prior
516 5948 583 5989 nc
635 5934 900 6004 offendat,
949 5952 1248 6008 sccun‘uque
1302 5950 1536 6010 reputet,
1574 5940 1889 5997 hominibus

1999 4748 2194 4802 τούτου
2224 4748 2388 4801 ἕνεκα
2422 4747 2782 4818 μεταμέλειν,
2820 4749 2901 4800 ὅτι
2925 4746 3066 4817 πρὸς
3091 4747 3246 4801 οὐδὲν
3277 4747 3585 4820 ὴδικηκότα

2001 4841 2242 4912 πόλεμον
2306 4841 2479 4911 ἥρατο
2534 4840 2594 4903 ἐξ
2618 4839 2801 4903 αίτίας
2876 4840 3160 4910 οὐδεμιᾶς.
3214 4840 3478 4903 Βασιλέα;
3524 4841 3583 4895 δὲ

2013 4933 2306 5003 Ῥωμαίων
2335 4932 2472 5001 πρὸς
2515 4931 2779 5000 ἀλλήλους
2811 4932 3261 5002 διαφερομένους,
3290 4932 3487 4996 αὐτοὺς
3516 4932 3583 4987 ἂν

2002 5024 2232 5085 εἰδέναι,
2262 5023 2411 5085 ὅπως
2453 5039 2512 5074 τε
2566 5022 2970 5090 πολεμήσουσιν
3014 5022 3290 5092 ἀλλήλοις,
3323 5025 3417 5078 καὶ
3446 5023 3585 5077 καθ-

1998 5116 2081 5167 ότι
2123 5114 2517 5184 ξυμϐήσονται,
2551 5114 2650 5183 ἐμὲ
2683 5114 2742 5166 δὲ
2786 5114 2955 5185 μηδὲν
2995 5113 3090 5167 ὑπ’
3121 5114 3335 5178 οὐδενὸς
3386 5115 3582 5187 ἠδικη-

2003 5206 2188 5276 μένον,
2244 5206 2355 5259 οὐδ⁹
2395 5206 2563 5260 αὐτὸν
2618 5205 2955 5275 πολεμήσειν
2993 5207 3206 5270 οὐδενὶ,
3242 5206 3348 5272 ἕως
3395 5208 3463 5262 ἂν
3504 5209 3582 5279 μὴ

1999 5298 2298 5367 ἁδικῶμαι.
2330 5299 2393 5350 Οἱ
2432 5297 2532 5368 μὲν
2560 5296 2655 5352 οὖν
2688 5296 2947 5366 τοιαύτης
2977 5298 3233 5368 τυχόντες
3258 5298 3360 5368 τῆς
3384 5299 3584 5355 ἀπολο-

1998 5391 2148 5460 γίας,
2185 5390 2402 5461 καὶτῆς
2437 5391 2606 5461 μόνης
2636 5390 3078 5461 ὑπολειπομένης
3109 5389 3327 5453 ἐλπίδος
3360 5391 3583 5445 σϐεννυ-

2003 5481 2193 5554 μένηξ,
2242 5481 2602 5554 ὲθορυὸοὖντο
2652 5481 2921 5553 σφοδρῶς.
2974 5484 3051 5535 Οὐ
3110 5483 3217 5553 μὴν
3273 5483 3583 5555 ἀπέσχοντο

1996 5575 2094 5629 τοῦ
2119 5575 2194 5645 μὴ
2231 5577 2439 5645 σφόδρα
2467 5574 2613 5644 μετά
2639 5574 2881 5645 σπουδῆς
2910 5574 3115 5645 πολλῆς
3136 5575 3277 5646 πρὸς
3306 5576 3399 5630 τὸν
3433 5577 3579 5631 κατά

2001 5668 2265 5738 βασιλέως
2311 5668 2549 5736 πόλεμον
2585 5666 2676 5719 τὸν
2716 5667 2940 5738 Κράλην
2966 5665 3209 5739 ὲξορμᾷν
3238 5680 3254 5695 ·
3285 5669 3499 5723 πείθειν
3520 5669 3579 5723 δὲ

1997 5757 2342 5828 ἐπιχειροῦσι
2393 5759 2488 5812 καὶ
2524 5758 2802 5829 δεομένοις
2857 5758 2933 5831 μὴ
2967 5760 3062 5830 ἒᾷν
3114 5759 3311 5821 αὐτοὺς
3368 5760 3579 5829 ἀτιμω-

2001 5853 2222 5922 ρήτους.
2278 5851 2432 5909 Ἐπεὶ
2494 5854 2591 5907 καὶ
2641 5851 2751 5905 τῶν
2796 5850 3085 5922 Τριϐαλῶν
3117 5851 3383 5922 παρῆσαν
3413 5853 3466 5905 οῖ
3516 5854 3576 5907 ιν

1998 5946 2160 6014 τέλειθ
2194 5946 2267 5997 0⁸³
2304 5947 2441 6016 δέον»
2489 5942 2660 6011 εἷπον»
2696 5941 2740 6000 ὦ
2788 5939 2960 6012 οὗτοι,
2995 5946 3194 6009 αὐτούς
3227 5963 3284 5998 τε
3318 5947 3437 6017 εἰκῇ
3477 5949 3571 5999 καὶ
