4028 6428
397 434 496 500 381

1563 448 1617 507 Η
1631 449 1877 512 [STORl
1891 455 2106 517 ARUM
2150 459 2380 520 LIBER
2417 461 2459 524 Ῐ.

3553 479 3659 543 382

399 550 784 622 ὑπερσχόντες,
847 551 1147 625 ἐτρέψαντό
1229 573 1287 609 τε
1367 560 1494 622 τοὺς
1577 563 1972 636 ἀντιτεταγμέ-

2077 581 2300 641 perator
2348 573 2458 628 Deo
2493 574 2703 644 gratias
2728 576 2861 647 egit,
2899 591 3316 650 conversusque
3362 585 3428 639 ad
3472 601 3658 645 astan-

398 662 540 708 νους,
594 648 688 699 καὶ
742 645 844 716 τὴν
888 645 1070 711 δίωξιν
1110 649 1440 719 ἐποιήσαντο
1467 653 1594 724 ἄχρι
1645 656 1969 722 Βυζαντίου.

397 737 508 790 Καὶ
543 735 669 798 τοὺς
698 737 800 805 μέν
826 738 1160 792 ἀπέκτειναν
1209 741 1414 808 αὐτῶν,
1445 746 1572 806 τοὺς
1593 745 1650 798 δὲ
1690 751 1787 801 καὶ
1828 744 1972 804 εἷλον

394 828 604 892 ζῶντας
631 828 770 897 πλὴν
798 829 1000 898 ὀλίγων
1023 832 1138 884 ὅσοι
1167 832 1509 905 διεσώθησαν
1535 839 1614 901 εἰς
1639 839 1738 910 τὴν
1771 840 1928 894 πόλιν
1952 857 1968 873 ο

395 922 538 974 ἐάλω
586 919 644 973 δέ
682 921 775 975 καὶ
809 923 836 973 ὁ
890 923 1224 994 στρατηγός.
1278 927 1390 980 Καὶ
1452 930 1777 1000 νικήσαντες
1816 949 1974 1002 περι-

396 1011 604 1080 φανῶς,
643 1012 1004 1083 ἀνεχώρησαν
1042 1015 1130 1066 ἐπ’
1179 1015 1358 1072 οἴκου.
1388 1019 1610 1074 Τούτων
1665 1022 1724 1074 δὲ
1777 1024 1973 1090 ἀγγελ-

396 1105 618 1166 θέντων,
653 1103 752 1174 τῆς
793 1105 893 1175 μὲν
919 1104 1078 1175 νίκης
1101 1105 1265 1160 ἕνεκα
1296 1110 1324 1162 ό
1356 1109 1612 1181 βασιλεὺς
1641 1113 1973 1184 εὐχαριστη-

393 1195 544 1266 ρίους
599 1195 767 1265 εὐχάς
821 1197 1074 1252 ἀπεδίδου
1107 1198 1269 1268 Θειῖν
1312 1201 1676 1274 ἐπιστραφεὶς
1731 1205 1789 1258 δὲ
1837 1207 1972 1275 πρὸς

389 1287 519 1350 τοὺς
549 1289 843 1359 παρόντας,
870 1289 1055 1346 πολλοὶ
1080 1291 1137 1344 δὲ
1171 1288 1340 1364 ἦσαν,
1387 1294 1448 1348 οὐ
1507 1296 1710 1366 μᾶλλον
1743 1298 1969 1368 ἥδεσθαι

391 1379 494 1450 ἔφη
556 1381 950 1448 κρατησάντων
997 1382 1107 1440 τῶν
1167 1387 1532 1458 σφετέρων,ἢ
1588 1391 1714 1444 ὅσον
1743 1393 1966 1446 ἀνιᾶται

363 1475 484 1526 ,ἐπὶ
507 1475 574 1542 τῇ
603 1473 712 1526 τῶν
740 1474 1220 1544 ἀντιτεταγμένων
1251 1477 1419 1551 ἥσσῃ.
1445 1478 1522 1532 Οὐ
1556 1479 1666 1551 γὰρ
1697 1481 1862 1550 μόνον
1886 1481 1970 1536 ὅτι

403 1562 662 1633 Ῥωμαῖοι
691 1564 742 1617 οἰ
771 1565 1052 1631 πεσόντες,
1082 1565 1178 1630 οὓς
1217 1568 1386 1639 ἐχρῆν
1419 1569 1480 1624 οὐ
1504 1570 1640 1642 πρὸς
1675 1572 1969 1645 ἀλλήλους,

388 1651 506 1706 ἀλλ’
543 1652 680 1722 ὑπὲρ
704 1652 955 1722 ἀλλήλων
994 1653 1296 1724 βαρϐάροις
1342 1658 1690 1727 μαχομένους
1726 1661 1971 1736 ἀποθνή-

390 1760 567 1808 σκειν,
622 1743 832 1797 δίκαιον
877 1745 1084 1812 ἀλγεῖν,
1118 1745 1237 1798 ἀλλ’
1289 1746 1373 1799 ὅτι
1425 1746 1546 1812 δέος
1587 1748 1664 1821 μὴ
1708 1754 1804 1806 καί¹
1859 1753 1971 1806 τῶν

384 1831 734 1885 οἰκειοτάτων
755 1831 952 1903 τινέςῆ
989 1832 1101 1885 τῶν
1130 1834 1302 1900 φίλων
1325 1829 1470 1907 ἦσαν
1493 1838 1542 1890 oi
1577 1838 1967 1908 ἀποθανόντες,

386 1927 485 1980 καὶ
544 1923 749 1996 τρίτον,
790 1925 874 1978 ὅτι
939 1925 1056 1996 οὐχ’
1116 1925 1222 1978 ὑπὸ
1284 1927 1577 2000 βαρϐάρων
1638 1931 1747 1984 τῶν
1807 1932 1969 2000 φύσει

387 2011 686 2087 πολεμίων,
739 2017 859 2072 ἀλλ’
907 2019 1000 2087 ὕφ’
1061 2019 1220 2089 ἡμῶν
1277 2021 1590 2076 ἀνάλωνται
1659 2024 1772 2076 τῶν
1822 2025 1967 2079 πάνυ

385 2107 713 2177 φιλούντων.
755 2108 883 2172 Καὶ,
922 2109 1162 2163 ἐοικέναι
1225 2111 1377 2182 ἡμᾶς
1426 2113 1634 2181 νομίζω
1685 2115 1801 2179 τοῖς
1860 2115 1970 2170 ὑπὸ

388 2199 591 2268 μανίας
640 2199 746 2251 τῶν
805 2199 954 2252 ἰδίων
1000 2201 1226 2270 σαρκῶν
1275 2203 1740 2275 ἐμφορουμένοις,
1768 2205 1818 2260 οἳ
1867 2206 1968 2260 οὐκ

386 2291 747 2356 ἐπαινεῖσθαι,
815 2291 930 2344 ἀλλ’
985 2292 1257 2347 ἐλεεῖσθαι
1309 2294 1510 2348 δίκαιοι
1590 2298 1692 2364 τῆς
1762 2299 1967 2352 ἀτόπου

384 2381 618 2449 τροφῆς.
673 2381 782 2434 Καὶ
816 2379 878 2432 τὸ
921 2379 984 2450 δὴ
1028 2379 1237 2449 μεῖξον,
1285 2383 1366 2436 ὅτι
1398 2385 1496 2453 οὐχ
1547 2385 1654 2438 ὑπὸ
1699 2385 1968 2456 Ἑλλήνων

392 2471 556 2540 μόνον
586 2469 679 2522 καὶ
701 2469 994 2540 βαρϐάρων
1011 2471 1121 2524 τῶν
1143 2471 1451 2527 ἀκουόντων
1470 2475 1670 2528 δίκαιοι
1690 2476 1968 2544 μισεῖσθαι

375 2565 490 2632 ,τῆς
522 2563 601 2626 εἰς
625 2563 887 2634 ἀλλήλους
909 2564 1281 2632 παρανομίας,
1323 2565 1440 2619 ἀλλ’
1463 2566 1660 2637 ἄδηλον
1700 2567 1755 2619 εί
1776 2585 1828 2620 τι
1876 2571 1970 2623 καὶ

390 2657 501 2710 τῶν
553 2657 851 2724 γινομένων
906 2656 1127 2727 ἀρέσκει
1177 2656 1318 2728 Θεῷ,
1345 2657 1438 2710 καί¹
1481 2659 1555 2728 μὴ
1589 2661 1785 2729 ἐπίσης
1831 2662 1882 2714 οἵ
1908 2680 1969 2715 τε

399 2750 725 2819 ἀμυνόμενοι
781 2749 876 2802 καὶ
923 2751 973 2802 οἰ
1020 2750 1271 2812 ἐπιόντες
1319 2750 1460 2816 ἄξιοι
1504 2753 1785 2822 τιμωριῶν
1837 2756 1970 2824 παρ’

407 2839 546 2907 αὑτῷ
569 2843 747 2911 κριτῇ.
795 2839 1128 2910 Ἐϐουλόμην
1155 2841 1254 2910 μὲν
1289 2841 1382 2894 οὖν
1415 2843 1490 2912 μὴ
1518 2843 1626 2895 ἀπὸ
1653 2844 1967 2920 Ῥωμαίων,

412 2933 520 2986 ἀλλ’
562 2934 664 2987 ἀπὸ
723 2932 1014 3003 βαρϐάρων
1056 2922 1350 3003 ἐστηκέναι
1411 2935 1474 2987 τὸ
1529 2937 1792 3006 τρόπαιον
1851 2941 1971 3002 τοῖς

405 3026 706 3096 ἡμετέροις,
727 3026 814 3079 ἵνα
849 3018 996 3096 εἶχον
1027 3027 1124 3096 τῆς
1155 3027 1310 3095 νίκης
1340 3027 1591 3098 καθαρὰν
1621 3028 1720 3098 τὴν
1749 3029 1966 3100 ἡδονήν.

411 3119 626 3189 Ἐπειδὴ
655 3119 712 3172 δὲ
768 3117 910 3172 οὕτω
958 3119 1026 3170 τά
1067 3119 1312 3189 ἡμέτερα
1345 3119 1450 3172 ὑπὸ
1509 3119 1773 3192 φθονεροῦ
1824 3140 1970 3186 τινος

395 3211 649 3278 δαίμονος
681 3209 1110 3280 συνεσκευάσθη,
1131 3210 1205 3273 ὡς
1244 3212 1337 3264 καὶ
1367 3210 1466 3280 τὴν
1488 3213 1650 3282 νίκην
1675 3212 1970 3282 ἀλγηδόνος

395 3299 578 3352 αἰτίαν
651 3299 935 3366 φαίνεσθαι
1013 3301 1166 3370 ἡμῖν,
1244 3301 1474 3373 χάριτας
1554 3302 1805 3371 ὁμολογῶ
1896 3305 1972 3373 τῷ

395 3392 682 3463 Κρείττονι
710 3392 933 3455 πολλάς,
959 3393 1019 3444 οὐ
1062 3393 1222 3461 μόνον
1246 3394 1329 3447 ὅτι
1364 3397 1476 3458 τοῖς
1515 3396 1669 3466 ἐμοῖς
1701 3397 1973 3467 συνήρατο

397 3485 532 3554 πρὸς
565 3484 662 3552 τὴν
694 3485 867 3555 νίκην,
889 3484 1005 3537 ἀλλ’
1040 3487 1122 3539 ὅτι
1154 3487 1248 3538 καὶ
1281 3488 1557 3558 μηδεμίαν
1587 3489 1770 3542 αἰτίαν
1811 3490 1973 3552 αὐτὸς

395 3579 456 3633 ἐν
480 3576 558 3648 τῷ
591 3578 707 3632 νυνὶ
748 3577 967 3649 πολέμῳ
993 3580 1053 3632 οὐ
1095 3581 1254 3650 μόνον
1289 3582 1672 3653 παρεσχόμην,
1703 3583 1840 3637 ἀλλά
1875 3573 1984 3639 καῖ

398 3671 741 3739 κινουμένου’
770 3671 867 3741 τὴν
901 3672 1096 3742 ἀρχὴν,
1131 3672 1304 3727 πολλὰ
1361 3675 1456 3726 καὶ
1485 3673 1698 3744 ἔπραξα
1730 3676 1855 3740 ἄξια
1879 3679 1974 3732 καί.

399 3759 553 3816 εἶπον
579 3762 758 3831 λόγου,
796 3763 1048 3832 δεόμενος
1074 3765 1166 3816 τὸν
1203 3765 1438 3834 πόλεμον
1471 3766 1814 3820 καταθέσθαι
1847 3769 1972 3830 τοὺς

401 3857 703 3920 κινοῦντας,
739 3857 790 3927 εἰ
836 3859 931 3909 καὶ
973 3857 1096 3911 καθ’
1132 3857 1366 3921 ὑδάτων,
1394 3859 1454 3911 τὸ
1496 3860 1594 3927 τῆς
1645 3859 1970 3929 παροιμίας,

399 3950 620 4002 ἐδόκουν
649 3947 907 4017 γράφειν.
943 3950 1006 4002 Οἱ
1050 3949 1150 4019 μὲν
1182 3947 1276 4002 οὖν
1301 3949 1662 4016 ἀκούσαντες,
1694 3948 1974 4019 οὐιμόνον

398 4041 502 4110 τῆς
537 4042 818 4109 ἀγχινοίας
881 4040 1202 4111 ἐθαύμασαν
1255 4043 1344 4095 τὸν
1399 4041 1650 4111 βασιλέα,
1695 4043 1832 4096 ἀλλά
1880 4042 1976 4096 καὶ

398 4131 495 4186 τοῦ
550 4131 623 4202 μὴ
680 4132 953 4202 φυσᾶσθαι
1006 4133 1133 4202 μηδ’
1181 4133 1508 4204 ἐπαίρεσθαι
1548 4135 1607 4186 ὲν
1650 4135 1769 4196 ταῖς
1815 4135 1973 4186 εὐτυ-

401 4225 569 4296 χίαις,
601 4225 714 4278 ἀλλ’
747 4227 805 4279 ἐν
831 4227 950 4289 ταῖς
971 4225 1081 4279 τῶν
1116 4226 1462 4295 πραγμάτων
1495 4226 1818 4296 μεταϐολαῖς
1862 4228 1975 4280 ίτον

402 4321 499 4372 xui.
534 4318 717 4388 ὅμοιον
766 4318 1028 4388 παρέχειν
1087 4317 1300 4371 ἐαυτὸν.
1354 4316 1622 4381 Βασιλεὺς
1669 4317 1729 4370 δὲ
1777 4316 1870 4372 τόν
1914 4333 1976 4369 τε

402 4410 861 4479 πρωτοστράτορα
936 4409 1262 4479 γράμμασιν
1328 4407 1594 4480 ἠμείϐετο
1647 4408 1978 4480 εὐχαριστη-

403 4501 560 4572 ρίοις,
587 4502 682 4554 καὶ
723 4504 848 4562 τοὺς
899 4499 1156 4563 συνόντας
1209 4499 1357 4570 αὐτῷ
1412 4499 1524 4554 τῶν
1564 4498 1971 4570 συγκλητικῶν,

2074 660 2212 714 tium
2256 660 2651 731 frequentiam,
2702 679 2812 718 non
2843 665 3018 734 magis
3060 681 3120 722 se
3163 669 3395 725 victoria
3427 688 3654 730 suorum

2071 753 2350 808 exsultare
2380 754 2668 810 confessus
2697 765 2798 820 est,
2827 771 2994 826 quam
3027 760 3372 826 contristari,
3401 764 3660 820 adversa-

2074 844 2188 900 rios
2216 855 2504 915 superatos
2527 862 2668 902 esse.
2697 849 2819 903 Non
2848 851 2999 904 enim
3036 851 3108 904 ob
3135 851 3242 907 hoc
3275 860 3658 912 tantummodo

2069 936 2221 1004 justo
2253 937 2442 992 dolore
2490 939 2660 1009 tangi,
2712 943 2861 1010 quod
2905 943 3000 1012 qui
3040 945 3378 1001 cecidissent
3413 949 3644 1004 Romani

2071 1025 2328 1093 fuissent,
2361 1043 2470 1083 non
2495 1030 2642 1084 inter
2674 1046 2755 1100 se,
2787 1032 2882 1102 sed
2916 1049 3018 1103 pro
3048 1050 3106 1090 se
3131 1047 3326 1092 mutuo
3360 1031 3652 1094 adversum

2071 1112 2346 1172 Barbaros
2379 1121 2715 1176 decertando
2769 1126 3104 1182 occumbere
3137 1131 3515 1198 oportuisset;
3553 1132 3652 1186 sed

2072 1207 2217 1276 quod
2247 1209 2574 1276 timendum,
2608 1229 2678 1268 ne
2715 1216 2938 1284 quidam
2975 1220 3030 1273 in
3061 1235 3254 1275 eorum
3291 1239 3523 1279 numero
3559 1235 3656 1280 aut

2071 1297 2258 1365 amici,
2281 1301 2686 1359 necessitudine
2713 1308 3176 1379 conjunctissima)
3192 1312 3418 1368 fuerint.
3441 1316 3657 1370 Postre-

2073 1402 2184 1453 mo,
2217 1400 2311 1445 aut
2334 1393 2480 1461 quod
2500 1410 2608 1450 non
2630 1411 2661 1450 ει
2680 1395 2936 1461 Barbaris
2951 1411 3142 1456 natura
3163 1404 3439 1471 hostibus,
3460 1408 3556 1462 sed
3575 1408 3645 1461 ab

2071 1483 2422 1540 amicissimis
2445 1485 2609 1541 deleti
2633 1487 2851 1556 sint.§Et
2870 1491 3089 1560 Opinor,
3106 1493 3306 1564 inquit,
3329 1511 3430 1552 nos
3458 1513 3653 1553 eorum

2072 1574 2302 1640 similes,
2351 1576 2448 1646 qui
2496 1576 2711 1634 insania
2748 1595 2813 1634 ac
2846 1581 3036 1638 furore
3073 1587 3304 1654 perciti,
3347 1603 3477 1644 suas
3507 1590 3652 1660 ipso-

2073 1684 2195 1722 rum
2222 1683 2418 1724 carnes
2444 1672 2927 1739 commanducant,
2960 1689 3101 1744 quos
3130 1676 3201 1732 ob
3234 1679 3549 1735 alimoniam
3579 1691 3656 1736 te-

2073 1759 2356 1814 terrimam
2387 1777 2498 1816 non
2546 1762 2797 1830 laudare,
2847 1765 2944 1820 sed
2997 1767 3249 1822 miserari
3296 1785 3515 1840 aequum
3546 1783 3652 1827 est.

2073 1851 2143 1906 Et
2179 1852 2326 1920 quod
2353 1854 2528 1925 majus
2563 1854 2834 1924 profecto,
2865 1856 2994 1926 quia
3038 1874 3150 1913 non
3203 1859 3523 1916 Graecorum
3567 1879 3658 1918 so-

2004 1913 2044 1968 Β
2072 1945 2208 2007 lum,
2237 1957 2294 2000 et
2328 1946 2718 2012 Barbarorum,
2747 1949 2813 2002 ad
2848 1965 2988 2019 quos
3019 1953 3098 2007 rei
3135 1954 3274 2008 fama
3324 1957 3652 2025 pervaserit,

2071 2034 2222 2100 odio,
2271 2047 2496 2107 propter
2544 2047 2797 2092 mutuum
2845 2041 3027 2095 scelus
3071 2042 3221 2112 digni
3261 2045 3506 2112 erimus;
3555 2047 3652 2100 sed

2070 2127 2314 2182 dubitari
2351 2136 2553 2196 potest,
2590 2144 2659 2183 an
2692 2130 2995 2200 quidquam
3040 2133 3238 2188 borum
3274 2133 3387 2191 Deo
3417 2137 3652 2206 placeat,

2069 2227 2126 2274 et
2156 2235 2265 2273 non
2296 2235 2452 2289 aeque
2481 2235 2540 2275 se
2572 2229 2812 2287 tuentes,
2849 2231 2910 2277 ut
2941 2223 3264 2282 invadentes
3289 2227 3435 2296 apud
3471 2228 3652 2295 ipsum

2064 2311 2305 2383 judicem
2358 2327 2548 2381 pinnas
2594 2315 2990 2369 commeruisse
3053 2317 3364 2371 videantur.
3423 2317 3680 2373 Nostros-

2071 2403 2240 2473 igitur
2267 2419 2392 2458 non-
2428 2405 2498 2458 de
2549 2405 2836 2472 Romanis,
2868 2408 2965 2461 sed
2999 2406 3066 2461 de
3101 2407 3353 2464 Barbaris
3387 2417 3651 2478 trepaaum

2069 2497 2313 2550 erexisse
2360 2497 2577 2563 vellem,
2623 2505 2685 2551 ut
2725 2513 2756 2552 e
2797 2499 3029 2554 victoria
3060 2515 3160 2554 sua
3207 2501 3478 2570 liquidum
3541 2485 3656 2557 sin-9

2071 2603 2373 2658 ceru.nque
2400 2589 2663 2658 gaudium
2691 2590 3062 2660 perciperent.
3095 2593 3203 2647 Sed
3245 2595 3507 2662 quoniam
3547 2595 3656 2648 dae-

2071 2680 2252 2734 monis
2279 2680 2514 2750 alicujus
2537 2679 2842 2734 invidentia
2869 2681 3074 2734 factum
3107 2691 3214 2748 est,
3254 2692 3313 2736 ut
3344 2687 3457 2754 ipsa
3483 2685 3654 2738 etiam

2069 2769 2302 2824 victoria
2326 2767 2546 2826 dolendi
2573 2772 2860 2826 materiam
2890 2773 3052 2829 nobis
3074 2774 3404 2846 porrigeret,
3429 2774 3654 2831 Numini

2071 2863 2277 2934 gratias
2301 2879 2524 2935 magnas
2555 2879 2678 2932 ago,
2707 2879 2817 2918 non
2847 2865 3012 2920 modo
3056 2868 3203 2936 quod
3251 2869 3386 2922 meis
3432 2868 3497 2922 ad
3533 2869 3657 2922 vin-

2073 2956 2307 3015 cendum
2335 2965 2535 3024 praesto
2569 2956 2693 3019 fuit,
2725 2973 2916 3012 verum
2943 2959 3108 3013 etiam
3138 2961 3282 3028 quod
3335 2961 3481 3016 bello
3523 2959 3656 3016 huic

2071 3055 2262 3102 auctor
2286 3049 2434 3102 nulla
2457 3065 2521 3103 ex
2551 3058 2707 3117 parte
2731 3049 3055 3103 exstiterim.
3085 3053 3401 3107 Exstiterim
3425 3063 3609 3108 autem
3628 3053 3655 3105 ἲ

2076 3137 2188 3191 imo
2221 3146 2278 3191 et
2317 3152 2384 3191 eo
2423 3152 2455 3190 a
2505 3137 2779 3205 principio
2831 3139 3072 3192 conliato
3126 3143 3294 3194 multa
3342 3149 3650 3195 memoratu
3719 3184 3726 3188 .

1999 3251 2041 3309 ο
2081 3232 2246 3300 digna
2297 3237 2354 3284 et
2405 3230 2540 3293 dixi,
2581 3241 2636 3283 et
2680 3228 2806 3291 feci,
2838 3229 3075 3296 majores
3123 3231 3444 3294 obsecrans,
3479 3241 3539 3285 ut
3583 3247 3654 3286 eo

2078 3328 2473 3391 temperarent,
2513 3319 2730 3374 tametsi
2766 3322 2818 3373 in
2849 3335 3014 3388 aqua,
3057 3319 3202 3388 quod
3239 3320 3466 3386 dicitur,
3495 3321 3651 3374 vide-

2075 3416 2176 3470 bar
2229 3414 2495 3468 scribere.
2553 3413 2656 3478 Qui
2714 3413 2830 3465 haec
2881 3411 3200 3477 audiebant,
3259 3413 3649 3481 imperatorem

2075 3523 2184 3560 non
2216 3506 2282 3560 de
2304 3505 2524 3559 solertia
2547 3504 2750 3568 solum,
2779 3507 2872 3558 sed
2900 3505 2966 3557 de
3000 3503 3378 3558 moderatione
3407 3519 3650 3574 quoque.

2075 3598 2222 3669 quod
2257 3596 2535 3666 prosperis
2561 3597 2774 3652 eventis
2814 3611 2925 3650 non
2959 3595 3263 3660 iullaretur,
3290 3611 3468 3664 neque
3491 3594 3656 3649 effer-

2074 3704 2250 3755 retur,
2291 3689 2389 3744 sed
2425 3690 2480 3742 in
2535 3690 2652 3757 ipsa
2711 3702 2899 3743 rerum
2935 3687 3369 3742 commutatione
3397 3686 3650 3740 eamdem

2075 3793 2131 3836 et
2178 3781 2505 3848 aequabilem
2551 3787 2796 3834 servaret
2831 3779 3001 3834 animi
3036 3769 3432 3841 constantiam,
3475 3777 3656 3832 admi'

2075 3872 2366 3928 rabantur.
2429 3871 2585 3940 177
2647 3869 2953 3940 imperator
3010 3870 3214 3924 litteris
3260 3871 3651 3940 protostratori

2075 3964 2280 4036 gratias
2312 3963 2442 4032 egit,
2476 3973 2531 4016 et
2560 3962 2658 4031 qui
2689 3977 2814 4015 cum
2837 3977 2906 4016 eo
2929 3969 3090 4016 erant
3116 3960 3185 4016 de
3212 3961 3526 4027 nobilitate,
3557 3960 3658 4015 ho-

2076 4054 2306 4109 noribus
2334 4067 2452 4116 eos,
2481 4067 2544 4107 ac
2578 4051 2740 4106 donis
2765 4060 3153 4106 remuneratus
3176 4063 3261 4106 est
3293 4068 3308 4105 :
3339 4052 3655 4121 militesque

2076 4149 2211 4203 alios
2244 4153 2408 4200 aucto
2439 4143 2738 4214 stipendio,
2763 4144 2903 4198 alios
2931 4158 3243 4197 annuorum
3270 4157 3537 4197 censuum
3573 4144 3658 4196 in-

2077 4244 2360 4294 cremento
2391 4234 2462 4289 ad
2517 4233 2724 4288 bellum
2758 4248 2858 4302 pro
2913 4248 2973 4288 se
3019 4231 3393 4294 conﬁrmavit,
3437 4231 3654 4285 animo-

2078 4329 2362 4395 sioresque
2413 4324 2684 4380 reddidit.
2729 4322 2848 4393 Ipse
2889 4338 3021 4377 vero
3053 4322 3459 4377 Thessalonicae
3486 4322 3655 4376 ratio-

2079 4422 2376 4482 cinatores,
2411 4428 2466 4472 et
2498 4417 2708 4472 scribas
2730 4416 2992 4480 instituit,
3023 4430 3120 4484 per
3140 4430 3278 4485 quos
3307 4414 3656 4470 occidentem

2079 4514 2388 4582 digerebat,
2418 4519 2474 4564 et
2503 4509 2830 4578 adaequabat
2859 4527 2872 4562 :
2908 4518 2959 4563 et
3015 4508 3154 4562 alios
3207 4507 3433 4577 insuper
3465 4515 3662 4561 centu-

399 4594 586 4662 τιμαῖς
639 4609 696 4645 τε
750 4592 842 4644 καὶ
892 4592 1084 4653 ἄλλαις
1113 4591 1486 4661 εὐεργεσίαις,
1515 4591 1764 4655 καὶτοὺς
1808 4608 1973 4661 στρα-

2073 4593 2278 4670 riabat,
2307 4612 2368 4659 ut
2393 4611 2677 4659 cresceret.
2717 4601 3019 4657 exercitus.
3046 4602 3124 4657 Eo
3157 4601 3213 4655 in
3255 4600 3344 4655 his
3377 4608 3658 4665 versante,

400 4685 623 4751 τιώτας,
685 4685 809 4748 τοὺς
866 4685 962 4752 μέν
1019 4683 1261 4736 ἐπιδόσει
1313 4686 1413 4755 τῆς
1471 4683 1837 4754 μισθοφορᾶς,
1865 4681 1977 4737 τῶν

348 4764 378 4839 ’ἦ
404 4779 636 4847 ἐτησίων
656 4775 714 4828 δέ
741 4775 1022 4846 προσόδων
1041 4774 1166 4835 τοὺς
1184 4773 1406 4836 λοιποὺς
1438 4771 1639 4843 μᾶλλον
1665 4773 1977 4844 ἐπέρρωσε,

379 4865 501 4926 ’καὶ
563 4869 1004 4942 προθυμοτέρους
1067 4867 1205 4938 πρὸς
1252 4866 1314 4920 ἰδ
1365 4869 1628 4937 πολεμεῖν
1680 4867 1980 4939 εἰργάσατο

408 4966 547 5037 ὑπὲρ
577 4963 739 5018 αὑτοῦ
767 4980 780 4994 ⁸
812 4961 976 5024 αὐτὸς
1031 4961 1087 5014 δὲ
1123 4963 1180 5014 ἐν
1211 4961 1584 5034 Θεσσαλονίκῃ
1623 4959 1982 5030 ὑπογραφέας

409 5058 778 5126 καταστήσας,
823 5055 892 5109 δι’
945 5052 1126 5108 αὐτῶν
1184 5053 1369 5124 διῴκει
1445 5055 1540 5106 καὶ
1610 5051 1827 5119 ἐξίσαζε
1881 5050 1982 5121 τὴν

411 5150 674 5222 ἑσπέραν,
705 5150 798 5202 καί
819 5147 1155 5214 καταλόγους
1190 5145 1420 5200 ἔτασσεν
1452 5145 1677 5214 ἐτέρους
1712 5144 1849 5215 πρὸς
1870 5144 1982 5206 τοῖς

414 5240 585 5307 οὖσιν,
628 5244 774 5305 ὅπως
807 5241 1008 5295 πλείων
1039 5240 1283 5308 γίγνοιτο
1316 5241 1348 5310 ἡ
1387 5239 1749 5309 στρατιά.Ἐν
1769 5234 1983 5298 τούτοις

412 5338 465 5391 δὲ
520 5335 684 5392 αὑτοῦ
739 5333 1169 5405 ἀσχολουμένου.
1201 5332 1366 5386 πάλιν
1418 5326 1522 5403 ἧκε
1569 5330 1880 5401 γράμματα
1917 5328 1982 5380 ἐκ

413 5428 901 5498 πρωτοστράτορος
930 5424 1202 5495 μηνύοντα
1244 5425 1318 5485 ὡς
1361 5426 1388 5477 ὁ
1415 5422 1790 5493 πρεσϐύτερος
1824 5421 1982 5492 βασι-

414 5523 538 5586 λεὺς
568 5520 647 5589 τῷ
671 5521 779 5574 τῶν
809 5519 1013 5573 Μυσῶν
1047 5518 1260 5587 βασιλεῖ
1291 5515 1514 5586 Μιχαὴλ
1545 5516 1808 5586 διάφορος
1842 5514 1984 5586 πρό-

413 5629 569 5682 τερον
601 5610 696 5672 ὣν,
717 5611 813 5664 νῦν
843 5611 978 5681 πρὸς
1007 5609 1171 5663 αὐτὸν
1195 5608 1404 5661 τίθεται
1437 5607 1724 5678 εἰρηνικὰς
1750 5607 1985 5670 σπονδὰς

414 5705 507 5756 καὶ
550 5705 904 5775 συμμαχίαν·
946 5704 1166 5772 ἀγνοεῖν
1204 5705 1390 5773 μέντοι
1422 5702 1521 5764 τὰς
1555 5699 1862 5770 συμϐάσεις
1895 5699 1983 5769 ἐφ’

411 5792 495 5861 οἷς
538 5799 781 5865 γίνονται
825 5796 1030 5863 αὐτοῖς,
1063 5795 1160 5848 καὶ
1204 5795 1294 5850 διά
1335 5795 1494 5849 τοῦτο
1523 5795 1644 5848 δέον
1679 5793 1984 5861 ἐγνωκέναι

409 5891 516 5963 τὴν
555 5892 782 5962 μήνυσιν
826 5891 977 5966 αὐτῷ
1031 5891 1364 5963 ποιήσασθαι
1411 5891 1522 5945 τῶν
1564 5891 1984 5960 πραττομένων.

2086 4713 2306 4752 rursum
2342 4713 2372 4750 a
2402 4704 2800 4766 protostratore
2847 4694 3070 4759 littertie,
3109 4693 3444 4756 indicantes,
3475 4691 3662 4745 senio-

2082 4809 2197 4849 rem
2229 4794 2618 4861 imperatorem
2654 4805 2684 4842 a
2723 4787 2989 4843 Michaele
3014 4787 3316 4842 Marsorum
3343 4800 3470 4855 rege
3499 4785 3657 4854 prius

2085 4885 2462 4948 dissidentem,
2516 4897 2667 4937 nunc
2723 4897 2848 4936 cum
2887 4895 2954 4936 eo
3017 4879 3170 4950 pacis
3226 4879 3406 4933 foedus
3437 4887 3492 4932 et
3534 4877 3661 4931 belli

2084 4976 2404 5032 societatem
2436 4972 2694 5037 coivisse,
2719 4971 2928 5027 nesciri
2953 4980 3159 5034 tamen,
3188 4970 3258 5024 ob
3273 4958 3448 5038 quem
3474 4967 3662 5031 finem,

2083 5077 2140 5122 et
2187 5064 2394 5120 idcirco
2440 5063 2546 5118 hoc
2581 5062 2648 5117 ad
2693 5076 2822 5116 eum
2851 5060 3310 5130 perscribendum
3349 5059 3655 5114 censuisse.

2083 5159 2266 5229 Nepos
2299 5172 2460 5211 avum
2491 5171 2617 5209 eum
2649 5155 2820 5208 Masso
2869 5162 3095 5222 propter
3146 5153 3359 5218 bellum,
3394 5139 3663 5207 adversus

2086 5268 2144 5308 se
2177 5249 2494 5305 societatem
2520 5247 2679 5302 istam
2715 5247 2984 5316 pepigisse
3015 5244 3431 5300 animadvertit.
3462 5242 3667 5299 Statuit

2087 5353 2266 5398 autem
2300 5357 2410 5396 non
2443 5341 2628 5406 subito
2651 5339 2718 5393 ad
2753 5340 2985 5407 primam
3018 5337 3358 5392 auditionem
3387 5336 3667 5390 abducen-

2087 5438 2218 5492 dum
2239 5451 2304 5490 ex
2322 5433 2610 5489 occidente
2626 5432 2954 5496 exercitum,
2978 5432 3071 5485 sed
3093 5428 3409 5484 hmrendum
3459 5427 3664 5492 adhuc,

2089 5526 2278 5595 illique
2316 5534 2372 5578 et
2402 5523 2570 5578 rebus
2600 5523 2724 5577 aliis
2754 5521 3179 5592 providendum,
3209 5518 3388 5572 donec
3423 5517 3662 5572 certiora

2090 5618 2499 5669 nuntiarentur.
2554 5613 2756 5666 Diebus
2815 5612 3024 5681 aliquot
3076 5607 3391 5679 prtetcritis,
3441 5605 3667 5674 scripsit

2090 5714 2476 5776 protostrator,
2504 5704 2682 5760 fmdus
2717 5703 3068 5772 imperatoris
3098 5711 3155 5756 et
3192 5700 3508 5754 societatem
3539 5712 3662 5753 eum

2088 5798 2273 5852 Moesis
2313 5798 2418 5868 iam
2468 5795 2848 5858 constitutam,
2897 5795 3127 5863 ejusque
3154 5791 3562 5856 conéiliatores,
3605 5795 3662 5843 et

2089 5892 2421 5964 interpretes
2437 5888 2820 5959 extranst‘ugis
2838 5889 2903 5944 ad
2929 5887 3144 5952 Marsos,
3179 5886 3455 5943 Romanos
3482 5884 3664 5941 adhuc
