4028 6450
381 347 483 407 385

1546 339 2104 402 HISTORIARUM
2145 339 2384 402 LIBER
2420 308 2477 400 ἰ.

3543 300 3650 405 3εὲ

380 454 475 507 καὶ
528 451 603 523 μὴ
654 452 1008 525 κατατρίϐειν
1065 454 1157 509 τὸν
1195 454 1388 526 καιρὸν
1446 457 1573 526 εἰκῇ
1623 456 1719 510 καὶ
1753 454 1957 525 μάτην,

2069 462 2184 511 tare
2209 455 2265 510 in
2289 455 2522 511 aedibus.
2557 454 2864 511 Cernentes
2897 466 3078 511 autem
3113 472 3275 527 quam
3312 457 3499 528 inique
3539 461 3648 512 im-

382 544 648 616 μέλλοντα
697 545 852 600 οὐδὲν
891 546 1079 602 ἀνύειν
1105 544 1181 602 ὧν
1210 549 1536 602 διανοεῖται.
1570 547 1872 618 Ἐρομένου
1901 548 1960 601 δὲ

380 636 472 689 τοῦ
505 637 629 690 νέου
665 636 933 707 βασιλέως
959 639 1009 692 εί
1050 639 1216 710 μηδὲν
1247 639 1401 710 αὐτῷ
1430 638 1598 693 πλέον
1633 640 1960 711 προστάξειε

382 726 654 800 βασιλεὺς,
695 729 885 796 Οὐδὲν,
916 725 1074 785 εἶπεν
1098 733 1127 786 ὁ
1165 732 1439 809 ῌεπανός.
1469 731 1705 796 Οὐκοῦν,
1743 733 1872 802 ἔφη,
1902 732 1962 786 τὸ

381 821 650 893 βασιλέως
673 823 1006 895 πρόσταγμα
1040 824 1287 895 πληρῶν,
1313 826 1440 880 ὅποι
1464 824 1530 881 ἀν
1555 827 1583 879 ὁ
1610 825 1743 888 Θεὸς
1772 827 1964 896 ἡγοῖτο

381 910 697 986 βαδιοῦμαι.
736 916 848 969 Καὶ
882 916 1189 982 ἀναζεύξας
1228 919 1463 986 ἐκεῖθεν,
1497 919 1556 972 έν
1581 920 1693 980 τοῖς
1725 917 1963 989 λειμῶσι

376 1009 489 1070 τοῖς
518 1006 676 1078 παρά
712 1005 813 1080 τὴν
839 1009 1089 1079 γέφυραν
1120 1009 1225 1081 τῆς
1256 1010 1528 1081 Καμήλου
1577 1010 1838 1081 ηὐλίσατο
1864 1010 1965 1081 τὴν

377 1098 568 1163 νύκτα,
595 1098 693 1152 καὶ
717 1100 777 1163 ἐς
809 1099 906 1170 τὴν
949 1101 1249 1172 ὑστεραίαν
1276 1103 1442 1156 πάλιν
1475 1103 1630 1174 παρὰ
1661 1101 1761 1166 τὰς
1792 1103 1966 1166 αὑτὰς

378 1188 556 1253 πύλας
610 1186 803 1257 ἐλθὼν,
839 1190 1014 1244 ἐδεῖτο
1078 1191 1354 1263 βασιλέως
1400 1192 1805 1265 προσδέξασθαι
1863 1193 1965 1261 τὴν

377 1282 623 1352 εἰρήνην,
657 1282 750 1335 καὶ
786 1282 879 1337 τὸν
942 1283 1186 1354 πόλεμον
1224 1284 1555 1340 καταλῦσαι.
1601 1285 1687 1349 Ὠς
1728 1283 1776 1339 δ’
1831 1285 1966 1355 ἐσή-

377 1389 541 1427 κουεν
565 1375 766 1440 οὐδεὶς,
796 1376 1147 1449 ἀναστρέφας
1190 1377 1395 1451 ἤλαυνε
1445 1378 1587 1451 πρὸς
1615 1380 1709 1434 τὸν
1737 1380 1968 1435 Μέλανα

378 1466 649 1533 ποταμὸν,
685 1466 816 1520 ἔνθα
866 1469 1312 1542 πρωτοστράτωρ
1360 1465 1431 1542 ἦν
1491 1471 1633 1541 μετά
1686 1473 1786 1542 τῆς
1832 1473 1971 1525 ὑπο-

377 1560 569 1613 λοίπου
618 1563 882 1631 στρατιᾶς
912 1563 1508 1636 ἐστρατοπεδευμένος.
1552 1563 1818 1628 Βασιλεὺς
1869 1565 1970 1635 μὲν

375 1647 473 1706 οὖν
528 1650 615 1724 ᾔει
665 1652 975 1724 ἡγούμενος
1040 1654 1143 1725 τῆς
1225 1657 1532 1728 στρατιᾶς·
1590 1656 1620 1710 δ
1683 1656 1857 1731 μέγας
1912 1656 1971 1710 δὲ

364 1738 711 1796 ὑπελείπετο
739 1743 1086 1815 δομέστικος,
1133 1746 1326 1817 χρείας
1356 1746 1504 1808 τινὸς
1541 1745 1727 1814 ἕνεκα,
1766 1746 1967 1801 ὀπίσω.

2064 547 2265 601 merito
2290 561 2392 603 suo
2417 547 2740 614 haberetur,
2769 546 3177 618 pellereturque
3197 548 3387 618 junior
3414 539 3647 621 impera-4

2067 647 2173 704 tor,
2197 639 2388 695 dolere
2420 639 2844 719 incredibiliter.
2870 650 2928 697 et
2956 642 3023 697 ad
3047 657 3205 713 opem
3225 643 3303 698 sic
3331 642 3528 699 alllicto
3550 661 3648 714 ι)ιο

2066 729 2279 785 viribus
2322 730 2630 800 ferendam,
2660 733 2707 788 si
2758 734 2942 799 liceat,
2973 743 3195 804 paratos
3224 750 3384 800 esse;
3421 736 3677 803 potissi-‘

2066 836 2240 885 mum,
2269 836 2336 876 ex
2364 838 2473 892 quo
2504 824 2650 893 apud
2686 823 2963 895 Rhegium
3000 824 3067 879 de
3097 824 3333 895 objectis
3361 841 3420 881 se
3452 842 3652 894 purga-

2069 912 2136 965 rit
2177 912 2323 981 (nam
2349 923 2406 968 et
2437 929 2497 969 se
2528 924 2659 971 tunc
2684 916 2949 987 adfuisse)
2974 927 3031 972 et
3053 917 3162 972 huc
3185 918 3486 989 profectus,
3512 920 3653 971 mni-

2066 1002 2138 1057 tis
2173 1003 2454 1073 precibus,
2488 1005 3065 1080 obtestationibusque
3097 1026 3260 1065 avum
3288 1011 3553 1074 onerat-it,
3582 1027 3650 1063 ne

2066 1095 2270 1151 bellum
2315 1096 2616 1154 ordiretur.
2643 1100 2841 1155 Animo
2894 1101 3081 1171 igitur,
3118 1112 3175 1157 et
3219 1102 3452 1157 consilio
3482 1104 3553 1156 ita
3593 1119 3651 1157 se

2068 1196 2291 1257 paratos
2327 1203 2449 1245 esse
2479 1190 2727 1246 aiebant.
2764 1190 2871 1246 Sed
2901 1193 3028 1263 quia
3057 1192 3324 1248 alacritati
3357 1209 3454 1263 par
3480 1192 3656 1247 facul-

2073 1292 2156 1339 tas
2201 1283 2443 1351 deesset,
2496 1287 2969 1356 Opportunitatem
3019 1304 3292 1359 quaerere,
3331 1304 3462 1360 qua,
3528 1306 3653 1360 qua:

2071 1383 2224 1430 certo
2252 1377 2596 1441 statuissent,
2626 1378 2771 1433 facto
2798 1388 3123 1449 przestarent
3148 1400 3162 1447 ;
3193 1397 3316 1451 quas
3341 1397 3485 1436 nunc
3515 1398 3658 1450 pnn-

2072 1468 2221 1522 clara
2250 1482 2309 1523 se
2340 1468 2589 1524 offerret.
2625 1469 2763 1524 Nam
2806 1480 3101 1541 postquam
3137 1474 3438 1541 imperator
3464 1474 3660 1542 junior

2072 1557 2127 1613 in
2155 1558 2512 1615 Occidentem
2537 1562 2816 1625 movisset,
2855 1563 3146 1631 praefectos
3176 1563 3401 1633 vigilum
3426 1565 3520 1635 (ita
3542 1565 3657 1618 Deo

2073 1666 2197 1721 qua:
2246 1652 2626 1708 conducerent
2673 1653 2847 1708 multo
2878 1662 3005 1709 ante
3045 1656 3430 1724 praastruente)
3465 1671 3655 1709 muro-

2072 1759 2194 1799 rum
2222 1760 2387 1815 supra
2416 1754 2633 1815 portam
2663 1748 2842 1802 sancti
2885 1744 3144 1814 Romani,
3182 1749 3490 1803 custodiam
3526 1749 3654 1810 sibi,

379 1832 709 1905 Προσελθὼν
751 1836 809 1891 δὲ
853 1835 1003 1907 αὐτῷ
1046 1852 1132 1901 τις
1180 1838 1240 1891 ὲν
1268 1837 1537 1908 ἐνδύμασι
1576 1836 1966 1911 διερρωγόσιν,

2073 1835 2141 1890 ad
2176 1836 2416 1907 agendas
2469 1854 2592 1891 cum
2644 1838 2771 1894 aliis
2799 1854 2867 1893 ex
2915 1841 3272 1895 successione
3299 1856 3399 1911 per
3437 1850 3654 1896 noctem
3755 1892 3765 1902 ,

378 1924 468 2015 οἷα
492 1927 561 1980 τά
594 1928 707 1982 τῶν
740 1930 1015 2000 πενήτων,
1053 1927 1241 2000 κρύφα
1289 1946 1344 1984 τι
1392 1928 1580 1999 έλεγεν
1626 1930 1774 2002 ἔχειν
1813 1931 1967 2003 αὐτῷ

378 2021 754 2092 διαλεχθῆναι.
786 2020 1078 2094 Προελθὼν
1115 2022 1174 2077 δὲ
1215 2018 1304 2093 ἐφ’
1341 2023 1529 2077 ἱκανὸν
1569 2024 1696 2078 ὅσον
1727 2023 1804 2096 μὴ
1832 2025 1967 2095 6ρᾶ-

260 2128 267 2134 ·
382 2115 510 2167 σθαι
567 2114 677 2169 ἀπὸ
721 2115 832 2170 τῶν
885 2116 1107 2188 τειχῶν,
1139 2119 1396 2173 ἐκέλευεν
1427 2119 1456 2173 ὅ
1500 2136 1553 2172 τι
1605 2118 1673 2183 ᾆν
1721 2119 1967 2191 βούλοιτο

381 2204 638 2277 φράζειν.
679 2207 739 2261 Ὃ
777 2207 836 2261 δὲ
892 2207 988 2261 καὶ
1036 2205 1225 2279 ἕτερόν
1272 2224 1396 2263 τινα
1439 2207 1968 2281 προσκαλεσάμενος

377 2298 476 2349 τὸν
527 2298 892 2351 κοινωνοῦντα
939 2297 1091 2368 αύτῷ
1141 2298 1251 2353 τῶν
1297 2298 1706 2371 βουλευμάτων,
1751 2300 1968 2365 οὐδενὸς

378 2390 568 2452 αὐτοῖς
608 2390 798 2462 ἐτέρου
836 2391 1411 2462 συμπαρόντος,φίλοι
1438 2390 1541 2463 μὲν
1574 2391 1787 2461 ἔφασαν
1809 2392 1968 2447 αὐτοὶ

378 2485 443 2547 ις
468 2482 538 2535 τά
568 2482 808 2553 μάλιστα
834 2483 1090 2556 ἀλλήλοις
1120 2480 1268 2539 εἶναι
1317 2488 1384 2539 ἐκ
1434 2484 1698 2551 παλαιοῦ,
1732 2483 1829 2540 καὶ
1867 2486 1967 2550 τὰς

381 2578 628 2645 οἰκήσεις
661 2576 811 2647 ἔχειν
859 2574 1263 2646 γειτονούσαςο
1313 2578 1553 2651 ὁρῶντες
1606 2576 1665 2632 δὲ
1715 2577 1816 2632 ὅσα
1855 2576 1971 2631 ἀδι-

382 2666 569 2717 κεῖται
610 2666 705 2718 καὶ
755 2665 1190 2723 ἀπελαύνεταιὸ
1239 2669 1361 2733 νέος
1414 2667 1676 2740 βασιλεὺς
1710 2670 1804 2723 ἐπὶ
1833 2683 1971 2740 προ-

389 2757 549 2827 φάσει
604 2757 859 2831 οὐδεμιᾷ,
913 2761 1102 2832 ἀλγεῖν
1173 2778 1235 2816 τε
1306 2761 1495 2817 οὐκέτι
1546 2762 1816 2828 ἀνεκτῶς,
1875 2763 1969 2816 καὶ

396 2848 786 2919 προθυμεῖσθαι
850 2850 917 2905 ἂν
981 2853 1101 2924 ἐξῇ,
1134 2852 1371 2924 ἀμύνειν
1400 2855 1469 2907 τά
1499 2852 1708 2907 δυνατά
1747 2852 1971 2907 ἀδικου-

402 2941 560 3011 μένῳ.
607 2944 721 2997 Καὶ
777 2945 1020 3014 μάλιστα
1090 2944 1151 3011 ἐξ
1226 2947 1353 3001 ὅτου
1419 2946 1564 2999 κατά
1623 2958 1683 2998 τε
1747 2945 1969 3017 Ῥήγιον

393 3034 819 3107 ἀπολογούμενος
855 3040 880 3092 ὁ
925 3038 1205 3109 βασιλεὺς,
1239 3038 1423 3109 πάσης
1462 3038 1739 3092 ἀπέλυσεν
1785 3040 1967 3103 αἰτίας

386 3128 603 3193 ἑαυτὸν,
632 3131 894 3200 παρεῖναι
929 3131 1038 3203 γάρ
1065 3129 1189 3185 τότε
1216 3130 1310 3185 καὶ
1342 3130 1566 3198 αὐτοὺς,
1599 3132 1697 3191 καὶ
1729 3130 1966 3185 ἐνταῦθα
1992 3149 2038 3211 c

383 3223 719 3291 ἀφικόμενος
751 3224 997 3286 πολλαῖς.
1020 3226 1298 3296 ἐχρήσατο
1338 3226 1561 3297 δεήσεσι
1596 3227 1693 3279 καὶ
1732 3225 1970 3289 ἱκεσίαις

385 3311 524 3380 πρὸς
566 3310 658 3364 τὸν
706 3314 955 3381 πάππον,
984 3313 1061 3386 μὴ
1096 3316 1187 3368 τὸν
1222 3315 1465 3386 πόλεμον
1497 3318 1692 3371 κινεῖν.
1731 3316 1967 3387 Γνώμης

386 3403 488 3475 μὲν
550 3401 643 3457 οῦν
688 3401 862 3469 οὕτως
927 3403 1138 3475 ἔφασαν
1207 3405 1357 3478 ἔχειν
1413 3409 1514 3461 καὶ
1581 3410 1965 3478 παρασκευῆς.

396 3493 777 3568 Ἔνδεεστέρας
803 3497 863 3550 δὲ
893 3495 1060 3568 οῦσης
1086 3480 1506 3570 τῆςδυνάμεως
1540 3497 1721 3553 αὐτῶν
1746 3498 1780 3569 ἦ
1820 3498 1967 3552 κατά

383 3585 487 3656 τὴν
544 3588 880 3659 προθυμίαν,
908 3590 1103 3662 καιρὸν
1161 3589 1347 3663 ζητεῖν
1404 3590 1531 3645 καθ’
1569 3590 1630 3644 ὃν
1681 3591 1748 3644 ἂν
1778 3590 1968 3654 αὐτοῖς

387 3677 667 3746 ἐγγένοιτο
694 3683 789 3734 καὶ
821 3679 970 3753 ἔργῳ
989 3680 1033 3735 ’ἃ
1066 3681 1387 3753 προείλοντο
1409 3681 1566 3754 δρᾷν,
1599 3682 1660 3736 ὃν
1684 3681 1750 3753 δὴ
1781 3681 1966 3745 καλῶς

388 3770 647 3828 ποιοῦντα
660 3774 857 3846 ἣκειν.
883 3772 1041 3830 Μετὰ
1073 3776 1186 3848 γὰρ
1219 3774 1281 3830 τὸ
1308 3773 1537 3847 βασιλέα
1566 3775 1657 3829 τὸν
1683 3773 1806 3828 νέον
1830 3774 1968 3845 πρὸς

388 3866 490 3936 τὴν
538 3866 787 3943 ἑσπέραν,
815 3870 1240 3942 ἐκστρατεῦσαι,
1269 3871 1402 3935 τοὺς
1432 3871 1534 3942 τὴν
1574 3867 1829 3942 φυλακὴν
1862 3869 1966 3941 τῆς

2070 1925 2331 1981 excubias
2362 1927 2782 1983 commendasse
2813 1929 2992 1999 179.
3031 1929 3110 1984 Ex
3148 1946 3261 1999 quo
3289 1932 3474 1985 statim
3503 1931 3657 2001 cogi-

2072 2018 2256 2083 tarint,
2304 2032 2471 2087 posse
2513 2031 2573 2073 se
2608 2018 2907 2088 aliquando
2954 2021 3281 2089 imperatori
3326 2021 3516 2076 utilem
3561 2038 3659 2075 na-

2069 2125 2200 2164 vare
2231 2124 2478 2179 operam.
2508 2109 2611 2167 Ubi
2640 2127 2771 2165 vero
2808 2112 3109 2168 didicerint
3144 2129 3266 2168 mox
3301 2113 3549 2185 Byzantii
3579 2115 3657 2166 af-

2071 2202 2320 2257 futurum
2348 2218 2364 2268 ;
2393 2211 2447 2256 et
2471 2203 2619 2273 jacta
2647 2203 2788 2268 alea,
2820 2205 2967 2274 quod
3000 2205 3177 2271 aiunt,
3215 2221 3341 2259 cum
3382 2207 3550 2260 sociis
3588 2204 3659 2260 de

2028 2291 2209 2350 'urbe
2252 2296 2300 2349 ei
2336 2295 2619 2366 prodenda
2672 2296 2894 2367 egisse;
2938 2305 2994 2353 et
3047 2299 3195 2353 visos
3230 2314 3408 2368 aequa,
3453 2299 3664 2353 Roma-

2070 2390 2267 2460 nisque
2295 2387 2556 2457 omnibus
2594 2389 2880 2459 profutura
2911 2391 3087 2461 loqui,
3118 2392 3496 2460 persuasisse;
3519 2393 3663 2467 jam-

2070 2498 2178 2552 que
2204 2489 2518 2552 promptum
2543 2496 2687 2541 esse.
2709 2482 3097 2552 imperatorem
3126 2481 3178 2536 in
3198 2496 3416 2537 murum
3450 2480 3662 2537 subdu-

2070 2592 2219 2641 cere,
2252 2573 2546 2630 obscrvata
2572 2583 2758 2640 nocte,
2794 2590 2904 2645 qua
2937 2574 3185 2645 ipsorum
3218 2574 3402 2630 forent
3432 2576 3661 2645 vigilite.

2076 2665 2207 2723 Haec
2246 2667 2348 2722 illi.
2385 2666 2615 2738 Magnus
2638 2665 2983 2722 domesticus
3018 2668 3302 2738 extemplo
3334 2669 3528 2733 mittit,
3563 2670 3666 2739 qui

2073 2761 2464 2830 imperatorem
2498 2766 2741 2824 moneat,
2769 2757 2846 2812 uti
2883 2757 3168 2812 subsistat.
3193 2757 3303 2812 Eos
3327 2757 3395 2812 de
3424 2759 3665 2813 nomini-

2072 2853 2198 2917 bus,
2233 2863 2289 2908 et
2322 2850 2366 2906 si
2391 2851 2525 2922 quid
2559 2852 2628 2907 ab
2675 2850 3014 2920 imperatore
3062 2859 3273 2923 petant,
3307 2851 3610 2923 interrogat
3644 2868 3659 2907 :

2072 2945 2526 3016 quandoquidem
2577 2961 2683 3017 pro
2717 2946 3109 3001 benevolentia
3163 2947 3218 3000 in
3270 2947 3425 3001 illum
3475 2947 3663 3016 aliquo

2072 3034 2222 3105 digni
2258 3050 2487 3090 munere
2518 3034 2888 3105 apparebant.
2921 3034 3304 3104 Respondent,
3335 3052 3503 3090 unum
3556 3037 3663 3092 Ca-

2073 3129 2274 3189 marin,
2306 3127 2540 3182 alterum
2560 3126 2933 3183 Castelianum
2961 3130 3262 3198 appellari;
3287 3130 3425 3183 nihil
3446 3139 3661 3199 petere,

2071 3218 2174 3273 sed
2201 3219 2467 3290 gratuito,
2505 3218 2837 3286 honestatis,
2868 3230 2926 3274 et
2954 3220 3270 3274 communis
3299 3220 3661 3275 emolumenti

2073 3327 2242 3368 causa
2277 3311 2383 3366 hoc
2427 3311 2615 3382 operis
2646 3327 3025 3383 aggressuros.
3059 3311 3164 3368 Ubi
3206 3312 3515 3367 domestico
3563 3313 3668 3368 ite-

2073 3421 2194 3460 rum
2222 3413 2553 3475 potestatem
2584 3406 2808 3475 petendi
2851 3406 2999 3474 quod
3047 3405 3256 3462 vellent
3281 3403 3573 3472 oﬂerente,
3604 3422 3665 3461 se
3770 3468 3777 3483 ι

2072 3498 2210 3553 nihil
2249 3506 2440 3568 petere
2464 3507 2853 3562 autumarunt,
2901 3497 2970 3552 ad
3005 3497 3398 3568 imperatorem
3438 3514 3535 3553 eos
3569 3498 3667 3551 ad-

2072 3592 2263 3659 ducit;
2317 3591 2409 3647 cui
2462 3591 2694 3662 propior
2745 3591 2949 3654 factus.
3005 3593 3172 3660 Deus,
3220 3594 3426 3664 inquit,
3477 3585 3568 3648 cui
3600 3604 3660 3647 tu

2072 3683 2236 3754 paulo
2260 3691 2388 3737 ante
2414 3683 2666 3738 obtulisti
2699 3698 2825 3754 qua:
2860 3684 3055 3751 habes,
3086 3699 3209 3755 quae
3229 3685 3347 3739 vult
3376 3698 3528 3739 nune
3561 3684 3663 3740 tibi

2073 3774 2368 3846 rependit;
2410 3785 2469 3830 et
2516 3773 2683 3830 simul
2731 3775 2810 3831 rei
2860 3775 3176 3847 cujusdam,
3213 3790 3379 3846 quam
3424 3790 3537 3832 non
3588 3775 3666 3831 ἰα
3702 3774 3711 3781 ’

2071 3869 2287 3940 pridem
2325 3874 2666 3935 patraverat,
2694 3881 2823 3923 eum
2857 3867 3307 3925 commonefacit.

391 3960 600 4025 πόλεως
639 3963 1173 4037 ἐπιτετραμμένους,
1203 3965 1350 4021 οὕτω
1384 3965 1482 4021 τοῦ
1547 3964 1687 4021 Θεοῦ
1749 3964 2040 4039 πόρρωθεν
2079 3970 2148 4019 τὰ
2199 3962 2592 4029 λυσιτελοῦντα
2643 3964 3336 4037 προκατασκευαζομένου,
3394 3966 3513 4029 τοῖς
3570 3966 3669 4020 ἐπὶ

389 4060 512 4122 ταῖς
575 4058 775 4126 πύλαις
851 4063 948 4117 τοῦ
1010 4063 1173 4132 ἁγίου
1246 4064 1530 4136 Ῥωμανοῦ
1606 4063 1975 4135 καλουμέναις
2011 4058 2253 4130 τείχεσιν
2315 4058 2637 4125 ἐπιστῆσαι,
2673 4057 2816 4111 ὥστε
2879 4058 3098 4134 νύκτωρ
3131 4058 3280 4129 ἔχειν
3321 4060 3669 4131 ἀγρυπνοῦν-

389 4168 488 4213 τας
528 4151 776 4222 φυλακὴν
822 4150 939 4225 ἅμα
994 4158 1091 4209 καὶ
1146 4156 1358 4227 ἑτέροις
1407 4152 1555 4209 ὀκτὼ
1605 4157 1671 4209 ἐκ
1732 4153 1995 4224 διαδοχῆς
2028 4166 2042 4180 ·
2087 4149 2280 4213 αὐταῖς
2338 4149 2438 4220 μὲν
2491 4147 2586 4204 οῦν
2642 4149 2805 4213 εὐθὺς
2860 4149 3056 4203 τούτου
3107 4151 3430 4222 γενομένου,
3485 4152 3667 4207 ἔννοια

390 4240 654 4299 εἰσελθεῖν
680 4245 774 4299 τοῦ
811 4247 1138 4318 δυνήσεσθαι
1166 4246 1233 4302 ἀν
1264 4265 1395 4302 ποτε
1450 4246 1665 4317 βασιλεί
1722 4244 2034 4318 χρησίμους
2067 4239 2236 4296 εῖναι.
2308 4241 2464 4295 Ἐπεὶ
2523 4242 2581 4294 δὲ
2644 4242 2742 4295 καὶ
2798 4240 3068 4295 ἐπύθοντο
3134 4243 3261 4296 ὅσον
3315 4242 3531 4296 οὐδέπω
3586 4248 3668 4306 είς

392 4337 688 4403 Βυζάντιον
729 4327 1020 4409 ἀφίξεσθαι
1065 4340 1255 4411 αὐτὸν,
1283 4343 1398 4406 τοῖς
1444 4339 1703 4411 ἑταίροις,
1737 4338 1766 4391 ὅ
1810 4354 1967 4407 φασι,
2011 4336 2181 4390 κύϐον
2246 4336 2529 4407 ῥίψαντες,
2559 4336 2860 4406 διειλέχθαι
2928 4338 3057 4407 περὶ
3085 4336 3183 4392 τοῦ
3211 4335 3426 4407 βασιλεῖ
3453 4337 3530 4408 τῷ
3560 4338 3667 4406 νέῳ

389 4422 490 4502 τὴν
521 4431 674 4485 πόλιν
709 4432 1053 4505 προδιδόναι’
1086 4408 1417 4488 πεπεικέναι
1449 4450 1510 4487 τε
1545 4408 1736 4486 δίκαιά
1799 4446 1860 4483 τε
1927 4428 2045 4499 ἅμα
2083 4429 2348 4496 δόξαντας
2381 4427 2587 4497 λέγειν,
2620 4432 2718 4484 καὶ
2767 4430 3121 4499 συμφέροντα
3158 4430 3296 4481 πᾶσι
3348 4430 3667 4499 Ῥωμαίοις.

392 4525 505 4579 Καὶ
565 4524 661 4579 νῦν
711 4522 856 4580 εἶναι
914 4528 974 4582 ὲν
1027 4528 1233 4600 ἑτοίμῳ
1284 4526 1516 4598 κλίμαξι
1578 4526 1669 4579 τὸν
1728 4523 1960 4596 βασιλέα
2036 4522 2264 4593 ἀνάγειν
2310 4525 2393 4585 εἰς
2462 4521 2528 4576 τὸ
2573 4525 2755 4593 τεῖχος
2801 4522 3374 4591 νύκταφυλάξαντας
3428 4524 3553 4578 καθ’
3601 4524 3668 4594 ἡ)

389 4619 577 4682 αὐτοῖς
618 4620 652 4691 ἠ
706 4618 923 4691 διαδοχή
983 4620 1105 4681 ἐστι
1160 4623 1261 4688 τῆς
1310 4616 1584 4688 φυλακῆς.
1650 4617 1717 4671 Οί
1785 4615 1887 4685 μὲν
1939 4608 2034 4697 οὖν
2070 4612 2306 4668 τοιαῦτα
2364 4608 2544 4667 εἷπον.
2580 4610 2640 4666 '0
2686 4614 2864 4683 μέγας
2918 4612 2977 4666 δὲ
3033 4613 3375 4683 δομέστικος,
3420 4615 3513 4667 τὸν
3570 4616 3674 4684 μὲν

391 4710 815 4781 ἀπαγγελοῦντα
861 4713 1073 4783 βασιλεῖ
1105 4710 1432 4783 περιμένειν
1476 4709 1726 4781 ἐπεμψεν
1772 4707 1972 4772 εὐθύς·
2013 4709 2143 4772 τοὺς
2189 4705 2245 4759 δὲ
2279 4705 2688 4776 διειλεγμένους
2714 4706 2742 4760 ὅ
2792 4723 2845 4758 τι
2875 4722 2934 4759 τε
3010 4705 3268 4760 καλοῖντο
3332 4706 3545 4776 ἠρώτα,
3577 4725 3678 4780 καῖ

393 4805 448 4858 εί
488 4823 542 4858 τι
593 4806 740 4875 παρὰ
778 4806 1043 4877 βασιλέως
1077 4805 1302 4872 αἰτοῖεν,
1353 4804 1428 4868 ῶς
1474 4803 1679 4856 δίκαιοι
1718 4798 1872 4865 ὄντες
1941 4798 2002 4853 εὖ
2044 4800 2238 4854 παθεῖν
2295 4798 2394 4870 τῆς
2419 4799 2499 4863 είς
2526 4798 2757 4870 βασιλέα
2787 4798 2952 4853 ἕνεκα
2984 4798 3219 4863 εὐνοίας.
3263 4801 3328 4853 Οί
3357 4799 3402 4851 δ’
3433 4799 3679 4869 ἔφασαν,

393 4901 655 4972 Κάμαρις
689 4904 787 4973 μὲν
819 4900 1111 4957 καλεῖσθαι
1150 4902 1246 4955 καὶ
1282 4900 1682 4966 Καστελιάνος,
1716 4897 1888 4969 μηδὲν
1918 4896 1976 4951 δὲ
2015 4896 2231 4960 αἰτεῖν,⁸
2281 4893 2422 4948 ἀλλά
2484 4896 2688 4965 προῖκα
2714 4893 2806 4947 τοῦ
2854 4894 3025 4947 καλοῦ
3057 4893 3222 4947 ἕνεκα
3251 4893 3348 4947 καὶ
3382 4892 3479 4946 τοῦ
3511 4898 3679 4966 κοινῄ

393 4994 799 5062 λυσιτελοῦντος
848 4996 949 5068 τὴν
1005 4995 1356 5069 ἐπιχείρησιν
1400 4994 1681 5049 ὑπελθεῖν.
1748 4990 1908 5045 Ἐπεὶ
1948 4990 2006 5044 δὲ
2047 4991 2145 5045 καὶ
2212 4987 2372 5053 αὖθις
2400 4989 2801 5060 ἐπιτρέψαντος
2855 4986 2884 5041 ὃ
2929 4986 3213 5057 βούλοιντο
3245 4988 3419 5041 αἰτεῖν
3453 4988 3675 5059 ἰσχυρίσ-

398 5100 565 5137 σαντο
602 5087 773 5138 αἰτεῖν
836 5086 1024 5156 μηδὲν,
1074 5084 1414 5157 παραλαϐὼν
1467 5085 1672 5147 αὐτοὺς
1714 5079 1850 5154 ἦγεν
1897 5083 1972 5145 ὡς
2041 5081 2292 5152 βασιλέα.
2346 5081 2637 5152 Συμμίξας
2672 5080 2732 5134 δὲ
2778 5079 3063 5149 αύτῷ,,⁹0
3094 5079 3251 5144 Θεὸς,
3304 5076 3482 5146 εἶπεν,
3514 5074 3561 5148 ᾧ
3603 5081 3682 5134 σὺν

400 5182 507 5250 πρὸ
560 5180 1176 5255 μικροῦ.παρέσχηκας
1249 5180 1290 5237 ἃ
1334 5170 1556 5252 εἷχέςβ.
1630 5179 1883 5251 βούλεται
1934 5178 2031 5232 νῦν
2084 5178 2252 5243 αὐτὸς
2304 5178 2610 5249 εὐεργετεῖ.
2675 5176 3213 5248 Ἀνεμίμνησκε,δὲ
3267 5178 3435 5232 αὐτὸν
3500 5177 3682 5248 ἔργον.»

400 5274 564 5339 τινὸς,
595 5274 623 5328 δ
649 5270 719 5346 ἦν
743 5275 1107 5344 εἰργασμένος
1142 5274 1248 5344 πρὸ
1278 5273 1511 5345 μικροῦ.

1823 5364 2050 5422 CAPUT
2093 5363 2251 5418 LVII.

402 5452 617 5512 Illustre
647 5459 963 5530 exemptum
976 5459 1397 5530 mansuetudinis
1433 5458 1724 5530 Andronici
1749 5459 2005 5530 iunioris.
2038 5455 2507 5530 Proditores_pene
2536 5455 2726 5530 coacti,
2757 5462 2941 5530 petent
2980 5456 3169 5530 viginti
3194 5458 3422 5530 jugera;
3456 5456 3678 5526 majora

477 5524 884 5600 promittuntur.
924 5527 1219 5600 ﬂuesorum
1259 5545 1350 5583 rex
1386 5528 1676 5600 adt'stcum
1706 5524 1890 5600 copiis.
1933 5526 2096 5600 Logos
2141 5524 2647 5600 abire__decernunt.
2677 5524 3081 5600 Qua-ritur‘qtio
3126 5524 3235 5595 ﬁne
3263 5524 3407 5582 idem
3450 5524 3551 5600 rex—
3590 5538 3683 5580 ter

472 5595 618 5656 inille
642 5601 880 5669 equitum
910 5598 1229 5669 Byzantium
1260 5600 1483 5654 miserit.
1516 5598 1728 5663 Ibanes,
1753 5595 1861 5653 dux
1900 5595 2108 5660 Μωειιε,
2145 5616 2175 5650 a
2207 5595 2399 5652 ﬁnibus
2418 5596 2637 5669 jubetnr
2665 5598 2924 5650 recedere.
2959 5595 3090 5667 Ejus
3115 5611 3419 5665 responsum
3443 5599 3669 5665 {raudu-

474 5668 694 5726 lentum.
732 5668 982 5723 Monetur
1006 5685 1135 5724 avus
1161 5688 1195 5724 a
1224 5681 1413 5741 nepote
1433 5669 1499 5722 de
1530 5668 1767 5751 periculo
1806 5688 1837 5723 a
1866 5669 2042 5723 Mmsis
2072 5669 2319 5731 vitando;
2354 5668 2695 5720 monitionem
2727 5670 3033 5722 contemnit.

475 5794 599 5849 Ἔτι
641 5793 751 5863 γὰρ
801 5788 1226 5861 ἐνδιατρίϐοντας
1292 5770 1688 5859 Θεσσαλονίκῃ,
1739 5788 1850 5841 τῶν
1912 5790 1969 5841 ὲν

2156 5785 2369 5841 Etenim
2412 5783 2751 5839 cum-adhuc
2788 5784 3192 5839 Thessalnttieze
3233 5791 3566 5843 unzrarr-tur.
3604 5799 3677 5839 ei
