4028 6438
991 251 1071 262 νυν-ναι
1100 249 1108 253 -
1130 249 1148 253 -
1181 248 1305 258 -—----

417 295 519 359 387

1622 292 1938 370 JOANNIS
1975 287 2496 350 CANTACUZENI

3546 293 3640 356 388

414 409 776 480 optimatibus
809 410 892 463 avi
923 423 1040 470 sex,
1078 410 1484 480 eonSpirantes,
1520 423 1644 463 cum
1673 424 1739 463 eo
1772 408 1986 462 occulte

2102 404 2374 473 Βυζαντίῳ
2394 403 2604 474 βασιλεῖ
2633 401 2711 474 τῷ
2737 403 3099 475 πρεσϐυτέρῳ
3132 404 3399 458 συνόντων
3433 409 3649 474 συγκλητ

414 512 666 573 egerunt,
701 503 746 557 si
780 503 1024 571 placeret
1054 501 1692 572 occupare'Byzantium,
1729 502 1861 570 ipsis
1885 510 1992 554 tra-

416 595 698 657 dentibus,
746 595 893 664 quod
948 603 1232 664 poterant,
1285 595 1526 663 primum
1560 609 1618 647 se
1655 591 1993 662 illisjurejn-

417 687 592 742 rando
630 686 1021 753 obstringeret,
1059 701 1285 738 munere
1320 699 1430 754 quo
1471 700 1617 736 nunc
1644 681 1988 750 fungeretur,

417 794 676 850 magnum
726 778 1061 848 logothetam
1094 785 1431 839 amaturum,
1463 786 1627 845 atque
1662 775 1737 827 illi
1780 776 1833 827 in
1870 789 1994 843 per-

417 882 646 942 petuum
697 885 1111 930 succcnsurum,
1148 883 1325 937 neque
1378 881 1619 934 unquam
1651 865 1986 934 ignotorum.

419 961 627 1018 Deinde
682 962 788 1016 alia
847 964 1091 1030 quaedam
1134 976 1254 1030 qua:
1305 962 1668 1030 postularent,
1718 958 1995 1028 praestitu-

418 1072 566 1109 rum.
596 1055 674 1108 Ita
706 1055 748 1107 si
782 1053 1020 1114 fecisset,
1052 1056 1170 1109 sine
1201 1029 1352 1107 mora
1381 1059 1590 1108 veniret
1619 1071 1633 1107 :
1664 1051 1827 1107 simul
1848 1051 1993 1104 enim

420 1155 733 1209 venturum,
791 1156 849 1199 et
896 1145 1086 1199 urbem
1144 1146 1199 1200 in
1245 1157 1570 1215 potesratem
1613 1152 1991 1213 accepturum.

419 1235 596 1305 Super
630 1237 832 1305 quibus
864 1236 1156 1305 respondit
1191 1239 1514 1305 imperator,
1556 1251 1733 1305 neque
1767 1250 1826 1288 se
1866 1233 1997 1286 huic

416 1329 561 1383 bello
614 1338 777 1398 caput
823 1329 1017 1394 fuisse,
1053 1344 1235 1398 neque
1279 1329 1348 1383 ab
1399 1329 1522 1383 aliis
1555 1327 1902 1396 potissimum
1939 1326 1992 1380 id

418 1419 681 1475 suscitari
735 1419 978 1474 voluisse
1009 1420 1080 1473 ab
1121 1420 1318 1486 initio;
1370 1427 1426 1473 et
1459 1435 1525 1475 eo
1556 1420 1839 1479 suscitato.
1883 1433 1996 1472 mo—

417 1509 573 1572 dum,
596 1511 854 1578 viamque
885 1525 1106 1564 omnem
1129 1511 1488 1580 excogitasse,
1519 1511 1724 1580 quibus
1754 1510 1808 1563 id
1838 1525 1996 1579 posse

415 1600 673 1670 dissipari
714 1600 1122 1667 arbitraretur;
1177 1617 1241 1656 ac
1289 1603 1460 1656 Deum
1495 1618 1676 1664 nosse,
1714 1602 1807 1671 qui
1846 1601 1991 1654 norit

415 1692 598 1744 omnia
627 1700 923 1760 antequam
966 1693 1116 1754 ﬁant,
1156 1694 1320 1764 180
1355 1709 1552 1763 resque
1592 1694 1742 1763 ipsas
1783 1703 1991 1748 tantum

416 1796 527 1834 non
565 1785 729 1835 missa
784 1798 916 1835 voce
976 1785 1252 1837 testificari
1291 1784 1572 1853 idipsum;
1633 1786 1763 1852 quin
1810 1797 1865 1838 et
1898 1801 1995 1839 eos

419 1873 588 1942 ipsos,
619 1875 663 1928 si
697 1889 821 1927 vera
856 1873 1041 1927 dicere
1076 1875 1270 1940 velint,
1304 1877 1684 1929 testimonium
1714 1875 1817 1930 sibi
1854 1876 1998 1930 latu-

418 1981 532 2019 ros.
561 1965 698 2030 Quia
729 1981 858 2020 vero
884 1981 948 2019 ea
971 1966 1220 2020 conditio
1252 1984 1437 2022 rerum
1469 1969 1562 2036 sit,
1591 1978 1650 2024 ut
1680 1985 1782 2024 avo
1806 1985 1996 2037 pacem

418 2053 671 2110 funditus
726 2058 1049 2128 rejectante,
1100 2061 1414 2114 necessario
1447 2071 1541 2116 aut
1583 2063 1721 2118 alter
1776 2062 1997 2116 illorum

415 2149 651 2218 imperio
687 2149 912 2219 depelli,
946 2160 1039 2210 aut
1069 2152 1305 2221 subjecti
1338 2153 1582 2208 dissidiis
1619 2155 1897 2208 intestinis
1930 2156 1996 2206 ad

419 2242 724 2308 perniciem
776 2241 958 2296 vocari
992 2242 1254 2306 debeant,
1292 2244 1434 2298 velle
1463 2259 1543 2309 se,
1582 2244 1749 2312 idque
1791 2261 1855 2299 ex
1903 2259 1999 2297 ne-

418 2332 694 2397 cessitate,
750 2341 846 2385 aut
890 2334 1137 2402 ipsorum
1178 2347 1273 2389 aut
1317 2336 1550 2389 aliorum
1610 2351 1712 2400 ope
1758 2336 1862 2388 sub
1907 2335 2000 2405 jus

420 2438 582 2476 suum
621 2424 790 2492 redigi
821 2423 1188 2493 Byzantium;
1240 2423 1385 2493 quod
1419 2423 1525 2476 nisi
1559 2423 1672 2485 fiat,
1717 2439 1997 2492 nunquam

421 2514 582 2569 bellis
612 2516 866 2569 civilibus
897 2515 1210 2570 defuturam
1242 2515 1550 2570 materiam.
1605 2515 1688 2570 Ob
1717 2531 1781 2570 ea
1816 2524 1998 2569 autem

419 2621 545 2674 quae
605 2614 940 2674 rogassent,
1004 2621 1117 2660 non
1170 2607 1432 2678 Byzantio
1497 2607 1766 2660 duntaxat
1834 2605 2000 2675 potiri

423 2698 603 2761 nolle,
655 2698 747 2750 sed
802 2714 980 2767 neque
1013 2708 1091 2752 tot
1126 2698 1376 2762 urbibus,
1420 2707 1557 2768 quot
1603 2708 1728 2754 sunt
1759 2697 2000 2770 Byzantii

423 2799 632 2843 turres.
660 2790 852 2860 Magno
878 2791 1171 2860 logotheta-
1199 2791 1520 2860 dignitatem
1557 2807 1664 2860 qua
1706 2808 1852 2845 nunc
1879 2790 2003 2844 I'un-

421 2889 664 2950 geretur,
698 2897 806 2935 non
839 2881 1018 2936 solum
1061 2883 1189 2952 quia
1230 2883 1306 2936 illi
1342 2893 1619 2952 peterent.
1662 2883 1759 2937 sed
1789 2882 1998 2950 alioqui

419 2971 586 3025 etiam
623 2983 681 3026 ut
719 2973 983 3027 molestiis
1007 2974 1359 3039 liberaretur,
1389 2975 1774 3043 abrogaturum
1803 2975 1994 3039 fuisse,

2093 493 2263 550 τικῶν
2295 495 2355 558 ἓξ
2387 495 2856 565 συμφωνήσαντες
2906 498 3025 558 ταῖς
3067 495 3312 563 γνώμαις
3351 495 3650 564 πέμψαντες

2094 590 2174 652 εἰς
2211 587 2632 659 Θεσσαλονίκην,
2667 587 3000 654 διειλέγοντο
3020 587 3207 658 κρύφα
3233 587 3311 657 τῷ
3337 587 3560 657 βασιλεῖ,
3585 589 3652 650 ὡς

2095 683 2143 734 εἰ
2203 681 2448 750 βούλοιτο
2494 681 2791 745 Βυζάντιον
2839 683 3134 749 κατασχεῖν
3192 679 3372 732 αὐτῶν
3433 680 3655 748 παραδι-

2093 775 2295 826 δόντων
2317 811 2331 837 ,
2363 768 2508 844 ἦσαν
2554 773 2662 841 γὰρ
2681 773 2786 854 ρύκ
2814 772 3065 824 ἀδύνατοι
3094 773 3290 838 ποιεῖν,
3319 771 3533 840 πρῶτον
3565 770 3657 837 μὲν

2095 866 2279 927 αὐτοῖς
2342 861 2718 916 πιστώσασθαι
2769 863 2836 915 δι’
2870 864 3059 934 ὅρκου,
3109 861 3209 930 τῆς
3261 879 3319 913 τε
3360 861 3655 931 ὑπηρεσίας

2095 958 2163 1026 ἐφ
2187 958 2256 1027 ἢν
2285 955 2380 1009 νῦν
2412 955 2556 1009 τελεῖ
2577 956 2668 1008 τὸν
2712 956 2887 1024 μέγαν
2910 957 3214 1022 ἀποστῆσαι
3233 953 3540 1020 λογοθέτην,
3572 952 3656 1005 τὸν

2095 1049 2426 1120 Μετοχίτην,
2454 1051 2548 1100 καὶ
2575 1047 2663 1100 διὰ
2703 1048 2817 1118 βίου
2851 1047 3051 1109 παντὸς
3084 1045 3153 1097 δι’
3182 1045 3352 1117 ὀργῆς
3381 1045 3541 1115 ἐχειν,
3571 1044 3659 1097 καὶ

2098 1143 2433 1211 συγγνώμην
2484 1141 2757 1211 μηδέποτε
2810 1142 3134 1209 παρασχεῖν.
3172 1133 3430 1214 Ἔπειτα
3465 1137 3520 1190 δὲ
3569 1138 3659 1191 καὶ

2095 1231 2240 1302 ἕτερ’
2295 1232 2464 1293 ἄττα,
2530 1232 2630 1283 ὅσα
2679 1231 2834 1283 αὐτοὶ
2875 1228 3102 1300 ῂτοῦντο
3160 1225 3490 1296 ἐκπληροῦν.
3549 1225 3659 1279 Κᾶν

2095 1323 2270 1376 ταῦτα
2304 1323 2488 1386 αὐτοῖς
2520 1321 2863 1391 πιστώσηται
2899 1319 2965 1374 δι’
2993 1319 3197 1388 ὅρκων,
3235 1318 3403 1388 μηδὲν
3434 1316 3659 1370 ἀναϐαλ-

2097 1411 2319 1481 λόμενον
2351 1411 2530 1482 ἦκειν,
2569 1411 2646 1474 ὼς
2695 1412 2812 1480 ἅμα
2867 1410 2944 1480 τῷ
2997 1410 3171 1461 ἐλθεῖν
3216 1407 3661 1476 παραληψόμενον

2096 1508 2194 1576 τὴν
2248 1505 2424 1559 πόλιν.
2486 1505 2605 1572 Ἐφ’
2661 1499 2743 1566 οἷς
2791 1502 3128 1574 ἀπεκρίνατο
3178 1503 3207 1554 ό
3242 1499 3531 1570 βασιλεύς’
3563 1497 3660 1552 Τοῦ

2102 1593 2202 1662 μέν
2236 1591 2373 1663 μήτε
2408 1591 2574 1644 αὑτὸν
2601 1592 2658 1643 ἐν
2684 1589 2761 1660 τῷ
2790 1590 2910 1642 νυνὶ
2942 1590 3167 1660 πολέμῳ
3191 1589 3372 1644 αἰτίαν
3401 1585 3664 1656 παρεσχῆ·

2102 1682 2251 1748 σθαι,
2306 1681 2433 1752 μήθ’
2482 1681 2572 1749 ὑφ’
2608 1681 2810 1752 ἐτέρων
2869 1681 3107 1750 μάλιστα
3150 1679 3356 1733 ἐθέλειν
3389 1677 3664 1747 κινηθῆναι

2099 1771 2199 1842 τὴν
2235 1770 2430 1841 ἀρχὴν,
2462 1771 2558 1824 καὶ
2587 1771 2906 1840 κινηθέντος
2932 1770 3016 1835 δὲ,
3048 1769 3225 1822 πάντα
3255 1770 3456 1839 τρόπον
3491 1769 3665 1819 ἐπινε-

2100 1863 2356 1932 νοηκέναι
2385 1861 2480 1916 καὶ
2519 1861 2766 1932 μηχανὴν
2789 1861 2856 1913 δι’
2884 1855 2958 1914 ὥν
2990 1860 3129 1930 ᾤετο
3158 1860 3323 1912 αὐτὸν
3351 1855 3666 1924 δυνήσεσθαι

2101 1954 2412 2020 καταλύειν,
2469 1953 2604 2005 Θεόν
2659 1970 2719 2004 τε
2769 1952 3001 2016 εἰδέναι,
3054 1951 3144 2004 τὸν
3179 1950 3362 2002 πάντα
3408 1950 3503 2001 καλ⁵
3545 1946 3666 2017 πρὶν

2101 2047 2358 2116 γενέσθαι
2413 2047 2612 2108 εἰδότα,
2650 2044 2743 2098 καὶ
2772 2046 2910 2096 αὐτὰ
2943 2044 3012 2096 τά
3053 2043 3363 2113 πράγματα
3396 2038 3668 2112 μονονουχὶ

2101 2141 2287 2212 φωνὴν
2319 2140 2550 2206 ἀφιέντα
2587 2139 2930 2208 μαρτυρίων,
2964 2137 3058 2188 καὶ
3095 2133 3256 2205 ὑμεῖς
3289 2135 3332 2187 δ’
3357 2131 3513 2187 αὐτοὶ
3540 2148 3668 2200 συμ-

2103 2233 2486 2304 μαρτυρήσετε
2531 2231 2596 2284 ἂν
2651 2231 2812 2300 ἐμοὶ,
2858 2231 2956 2282 ἐὰν
3007 2227 3199 2298 θέλητε
3244 2222 3662 2294 λέγειντὰληθῆ.

2114 2325 2270 2380 Ἐπεὶ
2293 2324 2337 2376 δ’
2360 2323 2505 2376 οὕτω
2537 2322 2606 2374 τὰ
2627 2323 2873 2392 ἡμέτερα
2905 2319 3208 2390 πράγματα
3245 2314 3665 2381 συνεσκευάσθη,

2101 2417 2243 2470 ὥστε
2293 2415 2539 2484 ἀνάγκην
2587 2409 2728 2467 εἰναι
2765 2415 2888 2483 μηδ’
2913 2413 3050 2475 ὅλως
3075 2412 3344 2481 βασιλέως
3369 2409 3666 2479 παρ;.δεχο-

2105 2509 2269 2580 μένου
2313 2509 2411 2578 τὴν
2459 2507 2708 2577 εἰρήνην,
2739 2504 2772 2574 ἥ
2805 2505 2896 2558 τὸν
2927 2505 3117 2574 ἕτερον
3178 2501 3532 2555 ἐκπεσεῖσθαι
3578 2501 3668 2569 τῆς

2103 2602 2300 2672 ἀρχῆς,
2345 2599 2379 2670 ἦ
2435 2597 2846 2666 διαφθείρεσθαι
2901 2597 2964 2648 τὸ
3027 2596 3278 2665 ὑπήκοον
3337 2592 3671 2661 διῖστάμενον

2104 2695 2240 2763 πρὸς
2278 2692 2598 2762 ἑκατέρους,
2639 2689 2904 2760 βούλομαι
2926 2687 3248 2755 ἀναγκαίως
3273 2687 3308 2757 ἢ
3338 2686 3490 2756 ὑμῶν
3511 2699 3672 2754 πρατδ

2101 2787 2326 2849 τόντων,
2381 2783 2415 2853 ἡ
2446 2799 2607 2836 τινων
2641 2781 2862 2850 ἐτέρων,
2913 2781 3006 2833 ὑπ’
3061 2780 3307 2849 ἐμαυτὸν
3357 2778 3672 2858 ποιήσασθαι

2103 2879 2421 2944 Βυζάντιον,
2458 2877 2532 2939 ὡς
2566 2876 2633 2928 ἂν
2687 2873 2763 2942 μὴ
2792 2871 2950 2925 τοῦτο
2985 2873 3212 2942 γένηται
3259 2872 3370 2924 τῶν
3407 2869 3671 2942 ἐμφυλίων

2103 2972 2164 3023 ού
2230 2970 2593 3040 παυσομένων
2651 2971 2932 3040 πολέμων.
2981 2967 3110 3022 Ἐπὶ
3167 2968 3442 3027 τοιούτοις
3504 2966 3673 3033 μέντοι

423 3062 467 3113 si
499 3076 667 3129 penes
696 3077 755 3115 se
787 3077 1002 3116 summa
1038 3062 1255 3131 imperii
1289 3061 1506 3116 fuisset.
1541 3063 1609 3117 Ut
1646 3072 1830 3115 autem
1861 3063 1996 3115 iram

2103 3055 2191 3112 οἷα
2227 3058 2382 3110 αὐτοὶ
2433 3057 2696 3124 αἰτεῖσθε,
2749 3059 2809 3109 ού
2865 3056 3160 3120 Βυζάντιον
3201 3054 3390 3123 μόνον,
3432 3047 3544 3106 ἀλλ’
3571 3044 3672 3139 ούδ⁹

425 3150 818 3205 inexorabilem
860 3152 914 3205 in
945 3153 1096 3206 omni
1127 3152 1240 3207 vita
1267 3152 1533 3207 adVersus
1559 3168 1684 3207 cum
1709 3155 1996 3220 retineret,

428 3237 481 3291 id
522 3253 644 3293 esse
683 3256 874 3304 unum,
905 3242 1050 3310 quod
1082 3242 1329 3295 omnium
1371 3243 1598 3296 minime
1634 3243 1753 3297 fieri
1790 3255 1996 3312 posset.

425 3329 613 3400 Egone
666 3332 739 3386 ita
794 3332 1048 3400 delirem,
1108 3333 1308 3402 inquit,
1361 3344 1423 3388 ut
1460 3349 1556 3403 per
1601 3335 1999 3404 implacabilem

424 3425 562 3475 iram
590 3424 853 3478 adversus
882 3425 1054 3491 illum,
1091 3428 1344 3480 mihimet
1376 3427 1581 3481 divina:
1612 3427 1874 3482 bonitatis
1911 3430 2004 3482 bc-

423 3514 589 3584 nigna
635 3515 848 3568 viscera
887 3517 1267 3584 praecludant?
1302 3518 1570 3587 siquidem
1605 3534 1712 3587 qua
1746 3533 2002 3572 mensura

424 3605 713 3658 conservis
745 3607 950 3660 nostris
985 3609 1162 3662 mensi
1195 3607 1488 3674 fuerimus,
1524 3610 1714 3664 eadem
1748 3625 1805 3664 se
1842 3611 2003 3665 nobis

433 3716 818 3755 remensururn
874 3703 1256 3772 pronuntiavit
1311 3721 1354 3760 εν
1391 3705 1554 3774 idque
1605 3721 1729 3759 cum
1779 3717 2004 3775 peccata

425 3802 613 3846 nostra
651 3803 842 3846 contra
869 3794 1043 3848 Deum
1068 3794 1303 3849 infinitis
1338 3797 1590 3865 partibus
1621 3813 1684 3851 ca
1717 3807 2001 3866 superent,

425 3898 552 3952 qua:
589 3885 658 3937 ab
690 3885 1006 3939 hominibus
1031 3897 1222 3940 contra
1260 3901 1359 3940 nos
1389 3895 1711 3956 peccantur.
1764 3889 2002 3944 Proinde

425 3975 746 4046 Byzantium
767 3976 869 4030 sibi
892 3992 991 4045 pro
1009 3979 1285 4032 communi
1305 3977 1542 4032 utilitate
1559 3979 1864 4050 subjectum
1885 3997 2004 4052 per-

427 4081 670 4135 cupere;
709 4067 813 4121 hac
858 4079 1042 4121 autem
1079 4069 1348 4137 petitione
1376 4079 1628 4139 excepta.
1674 4071 1719 4126 si
1753 4087 1857 4141 qua
1899 4074 2004 4128 alia

429 4160 562 4230 ipsis
591 4161 824 4228 petenda
859 4162 1198 4229 viderentur,
1226 4164 1566 4219 auditurum.
1613 4165 1726 4220 Hoc
1759 4166 1836 4220 illi
1885 4184 2003 4221 rna-

431 4265 574 4321 gnus
607 4251 1020 4307 domesticusin
1046 4255 1374 4309 memoriam
1405 4256 1720 4322 revocabat,
1753 4269 1808 4310 et
1841 4259 2002 4326 plura
2027 4266 2044 4279 ·

425 4356 552 4396 cum
581 4358 647 4397 eo
666 4343 968 4410 disserens,
985 4347 1132 4400 viros
1156 4346 1625 4418 producebat,qui
1644 4349 1835 4404 eadem
1858 4351 2000 4420 apud

428 4433 624 4503 impert
646 4443 812 4489 torem
856 4436 1250 4506 loquebantur,
1296 4450 1674 4495 asseverantes
1707 4456 1768 4496 se
1804 4443 1882 4496 illi
1919 4459 2008 4498 ur-
2042 4417 2083 4472 θ

432 4525 556 4577 bern
604 4525 821 4580 tradere
869 4541 1050 4596 possn.
1101 4527 1316 4594 Quibus
1361 4530 1691 4584 collaudatis
1727 4534 2005 4601 qua-sivit,

432 4616 718 4685 numquid
752 4617 821 4671 ab
853 4632 912 4672 se
934 4627 1206 4687 peterent.
1234 4619 1272 4672 li
1307 4619 1443 4673 nihil
1475 4627 1667 4689 petere
1695 4625 2008 4678 constitue-

431 4721 548 4759 ram
575 4723 590 4771 ;
625 4707 719 4761 sed
747 4723 870 4762 Cum
897 4709 1191 4778 imperator
1214 4709 1443 4765 instaret
1465 4712 1900 4782 sapius,_viginti
1923 4716 2011 4786 ju-

427 4813 556 4866 gera
589 4801 918 4867 petiverunt.
978 4800 1116 4854 'l'um
1149 4801 1335 4856 ridens
1366 4801 1457 4856 ille
1501 4819 1514 4855 :
1549 4801 1618 4856 At
1646 4818 1769 4873 ego,
1798 4807 1997 4875 inquit,

426 4887 616 4940 divino
641 4904 907 4943 concessu
929 4890 1154 4943 candori
1185 4890 1558 4960 probitatique
1592 4900 1791 4946 vestrae
1834 4887 2000 4963 digna

427 4977 649 5048 pra-mia
685 4981 1014 5048 persolvant.
1045 4979 1298 5035 Medicin
1331 4996 1585 5036 sermone
1614 4983 1834 5037 advolat
1869 4983 2002 5039 Sco-

431 5073 552 5139 [elo
583 5072 694 5142 (1'5)
719 5087 748 5124 a
789 5073 1048 5139 prrel'ecto
1075 5074 1322 5140 nuntius,
1357 5074 1676 5130 Michaelem
1701 5077 1997 5132 Mtesorum

432 5178 616 5231 regem
645 5165 697 5216 in
722 5165 836 5217 suis
861 5173 915 5216 ct
949 5163 1318 5218 Romanorum
1353 5167 1610 5222 conﬁniis
1635 5169 1776 5238 apud
1813 5171 2007 5224 urbem

434 5268 612 5318 suam,
667 5254 890 5307 nomine
931 5253 1264 5322 Diampolin,
1305 5267 1484 5311 castra
1518 5259 1747 5321 locasse,
1783 5259 2013 5331 Scytha-

439 5363 558 5400 rum
598 5349 922 5402 comitatum
971 5350 1216 5410 aUXlillS,
1247 5351 1339 5418 qui
1381 5352 1531 5420 juxta
1574 5353 2008 5408 lthosoeastrum

437 5439 674 5491 tentoria
747 5437 1035 5492 haberent.
1107 5439 1410 5507 Imperator
1469 5443 1600 5510 quid
1667 5442 2010 5509 faciendum,

2104 3151 2153 3202 εί
2183 3149 2342 3201 τόσαι
2389 3146 2573 3208 πόλεις
2605 3141 2746 3215 ἦσαν
2787 3146 2905 3198 ὅσοι
2951 3161 3151 3214 πυργοι
3187 3140 3524 3206 Βυζαντίου,
3557 3136 3675 3206 ᾑθέο

2102 3243 2242 3309 λησα
2269 3242 2334 3295 ἂν
2370 3243 2686 3310 κατασχεῖν.
2718 3242 2791 3292 Τὸ
2825 3240 2923 3310 μὲν
2962 3237 3194 3310 γὰρ’τὸν
3250 3240 3431 3307 μέγαν
3463 3232 3673 3303 λογοθέ·

2104 3353 2203 3403 την
2249 3334 2563 3402 ἀποστῆσαι
2592 3333 2690 3402 τῆς
2733 3329 3042 3401 ὑπηρεσίας
3074 3329 3159 3397 ἐφ’
3199 3329 3276 3399 ἣν
3304 3328 3400 3381 νῦν
3431 3327 3591 3388 τελεῖ,
3621 3322 3676 3374 ού

2107 3428 2270 3495 μόνον
2325 3424 2415 3479 διὰ.
2451 3426 2514 3477 τὸ
2546 3426 2720 3477 αἰτεῖν
2752 3423 2924 3492 ὑμᾶς,
2955 3421 3092 3474 ἀλλὰ
3127 3423 3215 3473 καὶ
3261 3421 3440 3484 ἄλλως
3467 3418 3596 3488 πρὸς
3624 3414 3679 3466 τὸ

2105 3517 2451 3588 ἀπηλλάχθαι
2483 3516 2858 3586 πραγμάτων,
2902 3513 3114 3585 ἔπραξα
3148 3513 3212 3566 ἂν
3253 3513 3350 3565 ὑπ’
3384 3512 3504 3582 ἐμοὶ
3536 3525 3678 3576 ~{svo-

2110 3612 2285 3680 μένων
2333 3611 2441 3662 τῶν
2477 3609 2846 3678 πραγμάτων.
2892 3607 2966 3659 Τὸ
3005 3607 3191 3677 μέντοι
3220 3622 3294 3672 γε
3331 3605 3497 3659 αὑτοῦ
3525 3618 3678 3657 κατα·

2105 3703 2453 3774 ψηφίσασθαι
2473 3702 2562 3754 διὰ
2595 3703 2711 3771 βίου
2760 3701 3140 3770 ἀπαραίτητον
3176 3699 3381 3771 ὀργὴν,
3414 3695 3677 3750 ἀδυνατώ-

2107 3812 2267 3849 τατον
2301 3793 2410 3848 τῶν
2448 3795 2688 3848 πάντων.
2717 3793 2810 3864 Μὴ
2851 3792 2959 3860 γὰρ
2987 3791 3130 3845 οὕτω
3163 3793 3406 3862 μανείην
3433 3789 3570 3844 ὥστε
3595 3784 3677 3840 διὰ

2104 3889 2204 3958 τῆς
2252 3890 2331 3950 εἰς
2377 3889 2585 3941 ἐκεῖνον
2635 3886 3015 3956 ἀπαραιτήτου
3064 3885 3235 3955 ὀργῆς
3297 3884 3520 3955 ἐμαυτῴ
3554 3884 3678 3933 ἁπο-

2106 3981 2325 4034 κλεῖσαι
2364 3978 2434 4032 τὰ
2467 3977 2828 4048 φιλάνθρωπα
2882 3977 3172 4046 σπλάγχνα
3215 3978 3324 4046 τῆς
3355 3975 3676 4043 ἀγαθότητος

2105 4073 2202 4127 τοῦ
2239 4071 2397 4126 Θεοῦ.
2444 4072 2668 4142 Ἐπειδὴ
2714 4065 2758 4138 ᾧ
2798 4073 2982 4142 μέτρῳ
3025 4069 3381 4140 μετρήσομεν
3411 4073 3522 4130 τοῖς
3562 4081 3676 4118 συν-

2105 4165 2335 4230 δούλοις,
2367 4165 2790 4233 ἀντιμετρήσειν
2821 4164 3147 4233 ἀπεφήνατο
3176 4163 3333 4232 ἡμῖν.
3369 4162 3479 4215 Καὶ
3517 4157 3674 4212 ταῦτα

2105 4261 2205 4313 οὐκ
2233 4259 2415 4328 ἐξίσης
2434 4259 2543 4311 τῶν
2567 4258 2702 4327 ⁴ἡμῖν
2724 4240 3136 4328 ἡμαρτημένων
3167 4253 3362 4319 ὄντων,
3389 4253 3504 4307 ἀλλ’
3529 4253 3672 4304 ἀπει-

2115 4350 2392 4422 ροπλασίῳ
2425 4349 2535 4404 τινὶ
2568 4350 2811 4420 ὑπεροχῇ
2848 4348 2958 4399 τῶν
2992 4347 3118 4416 ἐμοὶ
3161 4346 3302 4417 πρὸς
3331 4346 3468 4399 Θεὸν
3499 4345 3669 4414 ἡμαρ-

2108 4438 2362 4509 τημένων
2389 4437 2778 4506 διαφερόντων.
2813 4434 3119 4504 Τοιγαροῦν
3147 4433 3208 4486 τὸ
3245 4435 3350 4502 μὲν
3385 4433 3478 4485 ὑπ’
3511 4435 3669 4499 ἐμαυ-

2106 4529 2183 4598 τῷ
2217 4529 2545 4599 ποιήσασθαι
2606 4526 2902 4592 Βυζάντιον
2951 4527 3044 4578 καὶ
3102 4526 3246 4580 πάνυ
3284 4525 3547 4597 βούλομαι
3588 4518 3674 4574 τοῦ

2107 4624 2261 4691 κοινῇ
2301 4620 2708 4683 λυσιτελοῦντος
2735 4619 2916 4673 ἕνεκα.
2947 4619 3152 4674 Τούτου
3179 4621 3237 4674 δέ
3262 4622 3359 4676 τοῦ
3385 4623 3676 4693 αἰτήματος

2107 4713 2364 4780 ἀπόντος,
2399 4715 2498 4768 καὶ
2550 4714 2607 4767 εἴ
2637 4731 2704 4783 γε
2725 4713 2818 4766 καὶ
2849 4713 2980 4782 ὑμῖν
3014 4713 3285 4779 συνδοκεῖ,
3317 4715 3427 4769 τότ’
3451 4715 3551 4786 ήδη
3589 4709 3677 4763 καὶ

2111 4807 2240 4876 περὶ
2279 4807 2388 4859 τῶν
2441 4807 2744 4860 ἐπιλοίπων
2795 4808 2948 4879 ὑμῶν
2997 4808 3309 4876 ἀκούσομαι
3342 4807 3674 4876 αἰτημάτων.

2109 4899 2329 4978 Τούτων
2356 4901 2457 4970 μὲν
2490 4899 2582 4954 οῦν
2615 4903 2642 4953 ὁ
2667 4893 2855 4969 ’μέγας
2884 4902 3006 4955 τότε
3032 4904 3354 4972 δομέστικος
3384 4900 3677 4969 ἀνεμίμνη-

2109 5001 2205 5037 σκε
2251 4985 2480 5054 βασιλέα
2506 5002 2519 5016 ·
2553 4989 2646 5039 καὶ
2667 4985 2811 5055 ἕτερ’
2844 4989 2980 5041 ἅττα
3007 4989 3143 5056 πρὸς
3172 4987 3334 5040 αὐτὸν
3357 4981 3672 5052 διαλεχθεὶς,

2109 5076 2356 5146 προσῆγε
2413 5077 2540 5140 τοὺς
2596 5076 2820 5145 ἄνδρας.
2888 5079 2951 5130 Οἰ
3014 5077 3072 5129 δέ
3107 5078 3202 5130 καὶ
3263 5079 3396 5148 πρὸς
3455 5069 3673 5143 βασιλέα

2103 5169 2480 5240 διειλέχθησαν
2513 5172 2582 5223 τὰ
2617 5171 2730 5225 ἶσα.
2764 5171 2876 5224 Καὶ
2904 5167 2940 5240 ἦ
2973 5173 3080 5240 μὴν
3109 5170 3502 5240 διῖσχυρίζοντο
3527 5160 3674 5218 αὐτοὶ

2104 5260 2433 5329 δυνήσεσθαι
2480 5263 2580 5332 τὴν
2631 5263 2788 5314 πόλιν
2853 5263 3221 5332 παραδώσειν.
3273 5257 3594 5316 Ἐπαινέσας
3616 5253 3674 5307 δέ

2107 5355 2306 5416 αὐτοὺς
2354 5357 2381 5406 ὁ
2426 5354 2706 5425 βασιλεὺς,
2746 5357 2842 5408 καὶ
2889 5356 2942 5406 εί
2967 5372 3019 5407 τι
3080 5353 3414 5407 ἐπυνθάνετο
3444 5349 3671 5403 αἰτοῖενο

2107 5446 2156 5498 οἱ
2196 5444 2240 5498 δ’
2273 5446 2554 5501 ἐπείθοντο
2612 5449 2786 5500 αἰτεῖν
2837 5449 3021 5501 οὐδέν’
3084 5447 3258 5501 πολλὰ
3311 5445 3370 5497 δέ
3424 5437 3674 5498 πολλάκις

1680 5583 1898 5644 Jacobi
1939 5586 2199 5647 Pontani
2237 5593 2423 5649 note.

494 5689 619 5772 (15)
659 5702 781 5758 Haec
815 5704 1076 5776 Scepclus
1106 5705 1350 5764 Thraciae
1378 5710 1510 5764 urbs
1541 5720 1647 5765 est.
