4028 6470
331 333 438 396 389

1510 322 2054 384 HISTORIARUM
2095 322 2326 383 LlBER
2367 324 2415 386 Ι.

3481 297 3589 390 aio

336 444 488 516 παρὰ
524 440 792 514 βασιλέως
844 437 1255 504 ικϐιασθέντες,
1295 437 1570 509 ᾐτήσαντο
1606 422 1913 507 γῆςέίκοσι

2026 437 2209 507 magni
2238 436 2528 493 domestici
2558 437 2851 495 consilium
2883 439 3129 510 exquirit
3154 457 3170 496 :
3204 440 3272 498 ad
3301 445 3587 500 castellum

334 537 567 605 πλέθρα.
596 533 839 596 Γελάσας
889 531 947 586 δὲ
994 530 1133 601 πρὸς
1176 530 1278 601 τὴν
1318 529 1541 597 αἴτησιν
1566 531 1594 582 ό
1628 527 1906 598 βασιλεὺς,

348 626 489 683 Ἀλλ’
505 627 643 696 ἐγὼ,
674 623 819 692 εἶπε,
842 624 977 679 Θεοῦ
1006 623 1262 686 διδόντος,
1295 621 1455 689 ἀξίαν
1485 622 1613 692 ὑμῖν
1642 618 1913 701 ἀποδώσω

335 722 435 793 τῆς
462 718 896 790 ,εὐγνωμοσύνης
935 717 1038 786 τὴν
1082 714 1429 786 εὐεργεσίαν.
1468 714 1592 769 Ἔτι
1630 714 1688 768 δὲ
1729 713 1913 767 αὐτῶν

339 813 592 886 περὶτῶν
617 809 878 866 τοιούτων
902 809 1328 878 διαλεγομένων,
1352 808 1421 861 ἐκ
1453 804 1731 859 Σκοπέλου
1760 801 1913 872 παρὰ

337 904 429 961 τοῦ
462 905 725 976 ἄρχοντος
753 900 987 971 ἄγγελος
1014 895 1119 970 ἧκε
1155 897 1380 969 μηνύων
1409 897 1485 960 ὡς
1514 898 1543 952 ὁ
1569 895 1680 950 τῶν
1705 894 1911 950 Μυσῶν

339 995 592 1067 βασιλεὺς
638 993 878 1065 Μιχαὴλ,
912 995 969 1046 ὲν
1010 990 1286 1063 μεθορίοις
1313 990 1416 1059 τῆς
1449 988 1617 1042 αὐτοῦ
1646 988 1743 1042 καὶ
1781 984 1914 1040 Ῥω-

342 1088 516 1159 μαίων
554 1084 855 1157 ἡγεμονίας
883 1082 1055 1138 ιλθὼν
1087 1082 1240 1154 παρὰ
1272 1082 1426 1135 πόλιν
1458 1079 1608 1150 αὐτῷ
1640 1079 1908 1148 ὑπήκοον,

338 1178 641 1249 Διάμπολιν
684 1176 1260 1248 προσαγορευομένην,
1298 1173 1785 1244 ἐστρατοπέδευσε,
1812 1172 1910 1226 καὶ

316 1272 659 1343 ,συμμαχίαν
683 1270 1025 1339 ἐπαγόμενος
1064 1270 1129 1321 ὲκ
1161 1267 1408 1329 Σκυθῶν,
1443 1265 1495 1319 οἳ
1526 1266 1678 1336 παρὰ
1711 1266 1913 1318 Ῥωσο-

340 1365 562 1435 κάστρῳ
598 1361 711 1434 (l5)
744 1362 884 1415 εἰσὶν
919 1358 1500 1430 ἐστρατοπεδευμένοι.
1529 1351 1631 1411 Ὧν
1668 1355 1912 1420 ἀκούσας

338 1457 368 1511 ό
398 1455 670 1526 βασιλεὺς,
705 1454 1020 1508 ἐϐουλεύετο
1045 1451 1162 1524 ἅμα
1187 1453 1267 1522 τῷ
1299 1451 1523 1523 μεγάλῳ
1554 1449 1861 1520 δομεστίκῳ
1883 1449 1913 1503 ὃ

338 1560 391 1597 τι
433 1542 541 1596 δέοι
569 1542 779 1595 ποιεῖν’
815 1543 912 1594 καὶ
943 1540 1123 1594 ἐδόκει
1168 1541 1367 1609 χρῆναι
1398 1537 1573 1591 ἐλθεῖν
1608 1534 1759 1607 παρὰ
1811 1536 1911 1604 τὴν

335 1635 541 1703 Λόγους
577 1632 743 1687 οὖσαν
791 1631 1013 1704 ὀρεινήν
1037 1647 1053 1665 ⁸
1087 1630 1204 1701 ἃμα
1265 1631 1365 1702 μὲν
1404 1632 1500 1683 καὶ
1532 1628 1622 1683 διὰ
1650 1629 1710 1683 τὸ
1743 1627 1910 1696 ἐγγὺς

2011 525 2191 599 Logos
2224 528 2360 600 (14),
2383 527 2439 582 in
2474 531 2752 585 montanis
2775 530 2971 598 silum,
3001 533 3462 604 progrediendum
3494 537 3592 592 de-

2011 629 2293 676 cernunt:
2332 623 2488 693 181
2556 632 2671 677 tum
2722 623 2869 694 quod
2905 624 3165 696 Byzantio
3193 627 3589 698 propinquum,

2010 721 2065 770 et
2090 714 2167 769 'ad
2201 715 2323 785 eius
2369 715 2720 786 occupationi
2754 717 2997 786 paranda
3044 720 3360 775 necessaria
3389 736 3594 792 oppor~

2018 815 2214 862 tunum
2244 824 2260 874 ;
2315 817 2430 862 tum
2460 810 2610 879 quod
2665 809 2822 873 locus
2853 827 3080 867 accessu
3126 812 3387 880 diﬁicilis,
3416 814 3594 870 hosti-

2013 898 2117 965 bus
2141 899 2393 971 cingendi
2418 901 2737 956 facultatem
2760 903 3020 972 eriperet,
3046 913 3104 959 ut
3123 914 3180 960 et
3204 906 3595 962 invadentibus

2012 991 2294 1055 resiStere,
2327 1001 2384 1046 et
2418 990 2488 1055 in
2534 1007 2759 1048 secessu
2805 998 3011 1049 natura‘
3039 996 3442 1066 munitissimo,
3472 1009 3594 1055 tuto

2012 1094 2237 1150 possent
2262 1082 2572 1152 quiescere.
2610 1084 2724 1140 Hoc
2762 1085 3093 1153 deliberate,
3119 1088 3372 1145 Camarin
3408 1093 3588 1161 sequi,

2014 1181 2078 1226 ut
2132 1172 2303 1227 sciret
2355 1174 2583 1228 ubinam
2638 1176 2937 1246 imperator
2964 1194 3024 1234 se
3059 1188 3314 1249 teneret;
3351 1183 3593 1238 alterum

2012 1263 2331 1334 Byzantium
2398 1267 2576 1332 abire,
2625 1278 2685 1323 et
2716 1268 2880 1324 sociis
2922 1279 3043 1327 acta
3101 1273 3311 1329 referre
3362 1275 3589 1344 jubent.

2011 1352 2148 1410 Cum
2179 1357 2245 1411 ad
2278 1358 2509 1428 Nigrum
2564 1358 2771 1415 flumen
2803 1363 3116 1427 venissent,
3176 1365 3270 1420 ubi
3310 1367 3593 1437 reliquum

2012 1446 2293 1517 copiarum
2329 1465 2455 1503 cum
2491 1458 2890 1520 protostratore
2923 1454 3207 1520 manebat,
3246 1472 3371 1511 cum
3392 1458 3590 1513 eodem

2013 1536 2083 1592 de
2123 1537 2191 1593 iis
2224 1539 2320 1608 qui
2355 1555 2413 1594 se
2439 1540 2764 1611 Byzantium
2794 1543 3119 1613 prodituros
3150 1545 3502 1614 pollicentur,
3536 1557 3594 1600 et

2013 1643 2133 1696 qua:
2160 1628 2229 1683 de
2264 1629 2451 1685 Mmsis
2480 1632 2890 1700 cognovissent,
2918 1649 2982 1688 ac
3011 1633 3079 1690 de
3109 1638 3595 1693 castrametatioue

336 1721 478 1780 εἷναι
524 1725 849 1791 Βυζαντίου,
903 1725 1051 1787 ὃπως
1114 1706 1186 1777 τὰ
1241 1723 1380 1793 πρὸς
1433 1722 1535 1792 τὴν
1589 1721 1909 1791 παράληψιν

2018 1718 2068 1771 in
2094 1717 2290 1788 Logos,
2326 1720 2509 1775 causis
2533 1721 2701 1775 etiam
2733 1723 3046 1785 recensitis,
3084 1726 3591 1780 communicarunt.

339 1788 646 1889 πράττηται
694 1788 882 1880 αὐτοίς
904 1833 918 1848 ·
946 1816 1063 1887 ἅμα
1093 1816 1149 1870 δὲ
1180 1788 1388 1870 καὶ-διὰ
1417 1788 1588 1886 τδ-μὴ
1633 1788 1906 1868 κύκλωσιν

2018 1808 2148 1866 Cum
2181 1820 2238 1865 et
2286 1809 2378 1866 ille
2428 1814 2813 1879 assentiretur,
2860 1829 2928 1869 eo
2962 1824 3351 1884 perrexerunt.
3388 1818 3485 1873 Die
3517 1819 3580 1873 al-

339 1913 601 1983 παρέχειν
637 1911 700 1965 τὸ
742 1911 944 1983 χωρίον
975 1910 1341 1981 δυσπρόσοδον
1368 1909 1450 1974 ὃν,
1482 1907 1626 1962 ὥστε
1652 1907 1819 1979 ἔχειν,
1845 1906 1911 1962 ἄν

337 2022 422 2070 τις
461 2005 614 2076 ἐπίῃ,
640 2002 947 2074 ἀμύνεσθαί
976 2019 1057 2067 τε,
1086 2001 1153 2056 ἂν
1204 2002 1324 2071 ἐξῇ,
1348 2000 1445 2054 καὶ
1487 2001 1718 2072 ἡσυχίαν
1754 1999 1912 2067 ἄγειν

339 2090 475 2161 πρὸς
514 2093 584 2144 τὰ
617 2092 1008 2161 καρτερώτατα
1047 2090 1544 2161 ἀποχωρήσαντας.
1583 2093 1645 2144 Οἱ
1686 2089 1785 2161 μὲν
1817 2085 1912 2142 οὖν

337 2180 478 2236 οὕτω
531 2180 954 2251 βουλευσάμενοι
981 2221 998 2246 ,
1049 2180 1140 2232 τὸν
1195 2180 1457 2252 Κάμαριν
1511 2179 1612 2250 μὲν
1662 2180 1911 2232 ἐκέλευον

337 2272 566 2328 ἕπεσθαι
619 2272 801 2335 αὐτοῖς
848 2273 925 2334 ὡς
975 2270 1041 2324 ἂν
1082 2270 1283 2325 ειδέναι
1314 2270 1416 2341 ἔχῃ
1450 2271 1514 2323 τὸ
1546 2271 1913 2340 στρατόπεδον

338 2365 605 2437 βασιλέως
643 2364 752 2435 ὅπη
788 2362 898 2433 εἴη,
929 2364 1028 2416 τὸν
1085 2362 1130 2415 δ’
1185 2363 1374 2435 ἕτερον
1405 2364 1484 2426 είς
1513 2362 1808 2428 Βυζάντιον
1837 2363 1910 2426 ὡς

337 2458 435 2509 καὶ
480 2456 591 2516 τοῖς
642 2454 853 2524 ἑτέροις
931 2453 1001 2507 τὰ
1064 2454 1432 2524 πεπραγμένα
1491 2454 1914 2524 ἀπαγγελοῦντα

338 2547 583 2600 ἀπιέναι.
612 2544 893 2608 Ἐλθόντες
920 2544 977 2598 δὲ
1029 2546 1182 2616 παρὰ
1228 2548 1322 2601 τὸν
1370 2548 1596 2602 Μέλανα
1643 2547 1910 2617 ποταμὸν,

338 2639 470 2694 ενθα
534 2639 625 2693 καὶ
688 2639 723 2708 ἡ
787 2637 952 2709 λοιπὴ
1014 2638 1244 2708 στρατιὰ
1288 2638 1411 2707 ἆμα
1462 2641 1913 2710 πρωτοστράτορι

340 2731 873 2804 ἑστρατοπεδευμένη
920 2729 1009 2802 ἦν,
1043 2731 1114 2785 τά
1137 2749 1197 2783 τε
1246 2731 1378 2802 περὶ
1408 2730 1518 2785 τῶν
1557 2734 1913 2802 πραττόντων

344 2824 443 2896 τὴν
476 2823 674 2878 ἅλωσιν
735 2823 884 2894 αύτῷ
933 2822 1245 2877 ἔκοινοῦντο
1290 2822 1614 2889 Βυζαντίου,
1661 2824 1757 2877 καὶ
1814 2825 1914 2877 ὅσα

357 2916 592 2970 πύθοιντο
619 2914 752 2983 περὶ
801 2915 912 2968 τῶν
941 2914 1148 2969 Μυσῶν
1176 2915 1270 2969 καὶ
1301 2915 1428 2986 περὶ
1465 2916 1562 2985 τῆς
1590 2916 1673 2979 είς
1706 2916 1913 2985 Λόγους

355 3008 783 3079 στρατοπεδείας,
825 3006 1212 3078 προστιθέντες
1270 3006 1365 3061 καὶ
1405 3007 1507 3070 τὰς
1550 3007 1751 3069 αἰτίας.
1804 3008 1916 3060 Καὶ

2015 1910 2129 1955 tera
2162 1900 2507 1957 intellectura
2550 1913 2656 1970 est,
2692 1904 2917 1960 circiter
2965 1906 3068 1960 tria
3122 1908 3294 1962 millia
3340 1911 3591 1979 equitum

2012 1991 2306 2048 Mmsorum
2339 1994 2473 2065 (l6),
2502 1991 2822 2066 imperatori
2854 2013 2958 2052 avo
2976 1999 3323 2070 Byzantium,
3351 2000 3590 2057 ducente

2012 2086 2179 2142 [bane
2232 2086 2410 2142 Russo
2443 2089 2651 2145 auxilio
2687 2091 2856 2155 mitti,
2891 2091 2944 2145 id
2993 2093 3141 2162 quod
3189 2105 3448 2164 nepotem
3481 2112 3590 2149 non

2014 2178 2227 2233 modice
2280 2181 2649 2248 perturbavit.
2710 2181 3113 2254 Investigautes
3141 2193 3329 2240 autem
3360 2201 3589 2242 causam

2016 2273 2154 2341 ipse,
2183 2288 2412 2341 magnus
2440 2273 2801 2339 domesticus,
2839 2286 2896 2329 et
2922 2284 3311 2345 protostrator,
3358 2294 3464 2347 qua
3496 2279 3562 2334 ad

2014 2370 2168 2418 actus
2206 2362 2652 2445 Mmsmum'rex,
2694 2367 2948 2436 quamvis
2977 2368 3186 2424 sororis
3215 2370 3467 2434 maritus,
3497 2370 3595 2427 Γωσ

2014 2455 2116 2508 dus
2154 2470 2342 2510 secum
2388 2457 2661 2511 sancitum
2711 2458 2965 2524 violaret,
3021 2459 3341 2529 seniorique
3393 2478 3584 2533 suppa.

2017 2548 2121 2602 tias
2149 2549 2460 2614 adveniret,
2508 2550 2773 2618 suspicati
2806 2561 2928 2605 sunt
2964 2567 3074 2606 non
3107 2568 3238 2617 vero
3270 2553 3413 2619 illos,
3439 2565 3497 2610 et
3526 2574 3597 2611 ex

2014 2639 2200 2693 animo
2251 2639 2570 2708 foederatos,
2607 2656 2710 2696 nec
2760 2657 2951 2696 verum
2985 2658 3106 2698 esse
3161 2645 3455 2713 auxilium,
3497 2649 3599 2702 sed

2015 2748 2140 2788 cum
2170 2733 2341 2788 sciret
2369 2734 2592 2798 Moesus,
2625 2734 2899 2790 seniorem
2938 2738 3140 2806 partim
3180 2738 3309 2794 odio
3341 2740 3395 2794 in
3431 2757 3603 2810 nepo~

2018 2838 2149 2891 tem,
2183 2827 2381 2896 partim
2422 2836 2594 2895 metu,
2646 2844 2715 2883 ne
2750 2828 2843 2899 qui
2881 2844 3069 2884 secum
3099 2840 3288 2885 essent
3336 2847 3600 2902 proceres

2016 2917 2271 2981 Romani,
2305 2916 2374 2972 ab
2409 2917 2503 2972 illo
2543 2930 3067 2988 corrumperentur,
3101 2920 3321 2990 sibique
3378 2923 3596 2978 insidia:

2018 3019 2394 3070 struerentur,
2446 3008 2666 3065 facilius
2696 3009 2989 3065 Moesorum
3021 3012 3326 3066 custodiam
3371 3014 3423 3066 in
3454 3015 3603 3083 pala-

343 3101 529 3173 ὲπειδὴ
557 3102 665 3183 ,καὶ
695 3100 846 3171 αὐτῷ
874 3100 1050 3154 ἐδόκει
1075 3098 1259 3163 καλῶς
1290 3098 1458 3170 ἔχειν,
1501 3099 1734 3170 ἄραντες
1770 3090 1915 3152 ἐκεί-

2021 3101 2156 3155 tium
2187 3100 2578 3165 admissurum,
2634 3110 2837 3169 ratum,
2893 3118 2952 3158 se
3004 3115 3262 3175 tanquam
3323 3107 3598 3176 hospites,

340 3193 434 3248 θεν
461 3192 1020 3263 ἐστρατοπεδεύσαντο
1056 3194 1115 3246 ὲν
1138 3193 1358 3262 Λόγοις.
1412 3192 1525 3246 Καὶ
1550 3194 1609 3256 ἐς
1637 3193 1734 3262 τὴν
1762 3192 1921 3247 ὑστε-

339 3286 506 3357 ραίαν
566 3286 808 3356 ἠγγέλθη
867 3286 1052 3351 αὐτοῖς
1081 3284 1155 3349 ὡς
1192 3285 1512 3356 στράτευμα
1536 3284 1744 3338 Μυσῶν
1783 3284 1916 3355 περὶ

335 3377 676 3449 τρισχιλίους
696 3375 901 3440 ἵππους
926 3369 1064 3445 ἧκεν
1093 3376 1174 3438 είς
1200 3372 1496 3439 Βυζάντιον
1526 3374 1668 3427 κατὰ
1699 3390 1920 3446 συμμα-

335 3472 464 3542 χίαν
515 3468 595 3539 τῷ
642 3468 1001 3539 πρεσϐυτέρῳ
1059 3466 1304 3537 βασιλεῖ·
1353 3469 1571 3538 ἡγεῖται
1624 3466 1680 3520 δὲ
1736 3468 1918 3521 αὐτῶν

349 3564 562 3634 Ἰσάνης
616 3564 647 3616 ὁ
700 3562 876 3626 Ῥώς⁸
913 3561 1215 3633 ὲθορύϐησε
1272 3562 1370 3633 μὲν
1417 3559 1511 3615 οὖν
1568 3561 1632 3615 οὐ
1681 3560 1919 3632 μετρίως

335 3659 500 3715 τοῦτο
526 3660 618 3713 τὸν
649 3659 767 3714 νέον
795 3658 1045 3732 βασιλέα.
1080 3657 1423 3724 Ἐξετὰζοντι
1447 3657 1494 3710 δ’
1521 3655 1670 3726 αὺτῷ
1695 3656 1812 3727 ἅμα
1842 3657 1919 3726 τῴ

340 3752 570 3824 μεγάλῳ
597 3750 902 3822 δομεστίκῳ
930 3750 1022 3804 καὶ
1044 3748 1497 3820 πρωτοστράτορι
1521 3747 1549 3800 ὃ
1569 3764 1623 3801 τι
1648 3747 1710 3800 τὸ
1725 3749 1920 3803 πεῖσαν

337 3848 434 3900 τὸν
492 3832 715 3917 βασῗλέα
763 3843 972 3898 Μυσῶν
1029 3843 1130 3905 τὰς
1181 3841 1282 3913 μὲν
1331 3840 1467 3914 πρὸς
1497 3840 1661 3894 αὑτὸν
1687 3840 1920 3904 σπονδὰς

338 3939 670 4009 ᾔθετηκέναι
701 3939 795 3992 καὶ
819 3935 945 4001 τοὺς
968 3936 1188 4008 ὅρκους,
1222 3935 1461 4004 ἀδελφῆς
1481 3934 1612 3990 ὄντα
1648 3934 1918 3999 σύνοικον,

338 4028 421 4099 τῷ
464 4026 819 4099 πρεσϐυτέρῳ
843 4027 900 4082 δὲ
933 4026 1151 4098 βασιλεί
1179 4027 1516 4098 συμμαχεῖν,
1550 4024 1815 4079 ὑπενόουν
1843 4025 1921 4096 μὴ

342 4122 565 4193 ἀληθεῖς
615 4116 757 4175 εἶναι
812 4120 912 4184 τὰς
957 4119 1335 4191 γεγενημένας
1382 4118 1661 4190 συνθήκας
1694 4119 1789 4173 καὶ¹
1821 4119 1921 4190 τὴν

346 4212 688 4283 συμμαχίαν,
736 4210 874 4266 ἀλλὰ
917 4210 1200 4265 συνιδόντα
1245 4211 1338 4264 τὸν
1371 4210 1564 4266 Μυσὸν
1618 4210 1693 4274 ὡς
1725 4212 1754 4263 ό
1785 4226 1921 4281 πρε-

343 4301 606 4370 σϐύτερος
635 4302 888 4373 βασιλεὺς
917 4300 1037 4371 ἃμα
1067 4300 1168 4372 μὲν
1193 4300 1342 4371 εχθει
1383 4299 1455 4372 τῷ
1479 4300 1616 4373 πρὸς
1646 4301 1738 4355 τὸν
1762 4301 1923 4371 ἔγγο-

340 4411 457 4461 νον,
497 4392 611 4463 ἆμα
632 4393 689 4447 δὲ
735 4394 834 4448 καὶ
882 4392 994 4447 δέει
1038 4391 1134 4446 τοῦ
1186 4391 1265 4464 μὴ
1310 4393 1440 4456 τοὺς
1470 4395 1728 4457 συνόντας
1772 4393 1922 4463 αὑτῷ

2020 3203 2189 3265 atque
2251 3194 2662 3249 commilitones
2727 3194 3133 3264 perbenevolos
3190 3207 3599 3267 experturum,

2019 3298 2231 3342 turmas
2275 3287 2519 3351 misisse,
2581 3286 2687 3341 sub
2739 3288 2965 3343 obtentu
3011 3290 3252 3359 quidem,
3294 3299 3354 3345 ut
3404 3278 3601 3347 contra

2021 3381 2174 3450 ipsos
2211 3389 2573 3449 pugnaturos.
2605 3395 2664 3435 re
2691 3389 2875 3435 autem
2908 3397 3034 3436 vera
3071 3392 3132 3437 ut
3167 3384 3212 3438 si
3247 3392 3477 3453 possent
3505 3400 3602 3451 pa-

2018 3471 2211 3526 latium
2251 3480 2629 3540 occuparent,
2679 3473 2836 3542 pauci
2890 3473 3161 3544 ingressi;
3225 3474 3425 3531 deinde
3483 3477 3603 3546 ipse

2022 3565 2139 3618 toto
2171 3562 2392 3629 agmine
2419 3564 2843 3633 superveniens,
2885 3565 3175 3637 Byzantios
3203 3567 3510 3638 subigeret,
3547 3579 3605 3624 et

2019 3655 2099 3711 sic
2126 3655 2401 3724 reliquum
2434 3671 2656 3725 quoque
2693 3654 3065 3714 Romanorum
3105 3659 3480 3730 principatum
3519 3663 3605 3716 in-

2021 3742 2267 3798 vaderet.
2301 3743 2410 3798 Pro
2440 3742 2650 3799 indicio
2685 3753 2827 3808 erat,
2856 3746 3003 3815 quod
3038 3745 3375 3819 Scytharum
3411 3764 3603 3804 secum

2021 3833 2271 3889 subsidia
2319 3834 2590 3902 duceret;
2628 3835 2758 3904 quia
2805 3835 3047 3900 timeret,
3090 3853 3182 3904 ne,
3216 3839 3262 3894 si
3311 3840 3446 3909 quid
3498 3841 3606 3895 tale

2023 3925 2201 3990 ﬁeret,
2241 3926 2396 3982 Moesi
2429 3925 2701 3982 adversus
2729 3926 3054 3998 Byzantium
3091 3944 3315 3998 operam
3351 3929 3608 3985 conferre

2021 4017 2415 4075 detrectarent.
2465 4016 2594 4073 [Lee
2637 4019 2716 4073 illi
2748 4018 2817 4075 de
2847 4020 2950 4075 ista
2986 4021 3255 4076 societate
3298 4022 3605 4093 probabili-

2023 4119 2108 4166 ter
2148 4109 2592 4180 suspicabantur,
2640 4126 2940 4181 veramque
2994 4112 3164 4168 l‘uisse
3216 4114 3598 4182 suspicionem

2024 4212 2212 4273 postea
2268 4202 2559 4271 perspicue
2613 4203 2814 4272 patuit.
2866 4203 3047 4272 Atque
3088 4204 3231 4258 istuc
3279 4203 3450 4259 Mmso
3485 4203 3610 4274 (ιυί-

2023 4294 2150 4349 dam
2211 4292 2492 4365 transfuga
2544 4292 2831 4349 Romanus
2876 4294 3092 4356 suasit,
3146 4294 3432 4364 pollicitus
3463 4311 3522 4353 se
3551 4295 3605 4352 ei

2024 4405 2138 4446 rem
2159 4388 2414 4445 effectam
2458 4389 2723 4443 daturum
2760 4404 2774 4441 :
2815 4388 3078 4458 quocirca
3103 4389 3271 4443 etiam
3300 4403 3406 4459 pro
3437 4389 3610 4443 inter-

348 4485 641 4556 Ῥωμαίων
669 4484 994 4558 διεφθάρθαι
1030 4483 1123 4538 ὑπ’
1151 4485 1367 4538 ἐκείνου
1409 4486 1506 4538 καὶ⁹
1544 4483 1916 4539 ἐπιϐουλεύειν

2028 4489 2184 4551 prete
2213 4479 2500 4536 societatis
2529 4480 2697 4552 hujus
2728 4479 2982 4535 delectus
3025 4491 3134 4537 est.
3168 4481 3404 4536 Periculi
3440 4496 3608 4551 porro

335 4577 494 4649 αὐτῷ
533 4578 665 4648 ῥᾷον
709 4575 777 4630 ἂν
834 4576 1201 4648 παραδέξαιτο
1239 4579 1299 4630 ὲν
1327 4576 1622 4648 βασιλείοις
1672 4582 1920 4649 φρουρὰν

338 4670 578 4735 Μυσῶν,
614 4670 859 4740 οἰόμενος
910 4666 1000 4723 οἷα
1057 4669 1242 4736 ξένους
1284 4669 1379 4722 καὶ
1406 4667 1734 4740 συμμάχους
1771 4667 1924 4740 αὐτῷ

342 4762 555 4832 μᾶλλον
581 4762 809 4826 εὐνοεῖν,
838 4761 1059 4833 πέμψαι
1091 4762 1186 4816 τὸν
1224 4760 1478 4833 στρατὸν,
1511 4762 1794 4833 πρόφασιν
1825 4762 1927 4833 μὲν

310 4857 421 4921 ,ὡς
452 4859 829 4929 μαχουμένους
850 4857 987 4928 ἡμῖν
1007 4856 1150 4926 ὑπὲρ
1182 4855 1349 4909 αὑτοῦ
1373 4869 1388 4884 ⁶
1414 4858 1482 4927 τῇ
1513 4855 1558 4908 δ’
1584 4855 1840 4927 ἀληθείᾳ,
1875 4855 1926 4909 εί

334 4949 594 5004 δύναιντο
651 4949 761 5003 τῶν
820 4950 1114 5021 βασιλείων
1176 4948 1461 5019 κρατῆσαι
1528 4946 1653 5001 κατ’
1709 4946 1928 5016 ὀλίγους

2026 4573 2266 4631 faciendi
2301 4574 2601 4643 imperator
2627 4573 2816 4644 junior
2848 4572 2961 4644 (l7)
3005 4574 3235 4629 mittens
3257 4573 3324 4627 ad
3359 4574 3606 4636 lbanem.

2020 4667 2396 4722 Romanorum
2414 4663 2622 4720 finibus
2636 4663 3000 4721 utexcederet
3017 4658 3331 4736 imperavit.
3345 4667 3612 4724 Junxisse

2020 4761 2171 4817 enim
2221 4774 2281 4815 se
2314 4759 2494 4814 foedus
2527 4774 2654 4813 cum
2689 4772 2819 4829 rege
2873 4759 3194 4825 Moesorum,
3242 4761 3465 4830 quicum
3511 4776 3607 4815 sua

2025 4871 2185 4912 soror
2234 4855 2329 4917 sit.
2364 4863 2530 4925 atque
2574 4852 2700 4909 ideo
2741 4854 2921 4925 ipsum
2972 4855 3130 4925 182
3180 4870 3307 4910 eum
3359 4856 3612 4911 exercitu
3690 4842 3693 4847 ’

2029 4951 2175 5005 fines
2204 4946 2584 5004 Romanorum
2623 4946 2835 5018 ingredi
2867 4962 2978 5001 non
3015 4947 3294 5002 debuisse.
3358 4948 3413 5003 Si
3449 4964 3608 5020 Opem

1585 5099 1804 5161 Jacobi
1835 5099 2106 5162 Pontani
2140 5104 2333 5160 noue.

427 5226 536 5297 (l4)
577 5223 636 5278 ln
687 5237 790 5291 ms.
840 5220 907 5297 ad
941 5221 1106 5297 lianc
1162 5220 1701 5297 vocemascriptum
1750 5230 1919 5297 erat_;_

340 5290 607 5367 Φρούριόν
636 5311 689 5367 τι
725 5293 877 5361 παρὰ
900 5295 964 5367 το
983 5292 1172 5367 ’στόμα
1195 5290 1293 5367 τοῦ
1324 5290 1578 5367 Εὐξείνου
1614 5292 1923 5367 [ἰόντι-συκῆ

340 5361 445 5448 est,
473 5361 765 5420 Castellum
816 5361 1204 5431 ᾳιιοάάαηιαά
1255 5363 1452 5417 ostium
1512 5362 1673 5417 Ponti
1722 5361 1925 5417 Euxini

339 5447 525 5575 sua”;
564 5506 825 5577 Gregoraa
868 5501 1300 5577 ἰζουσόκαστρον
1329 5502 1550 5577 dicitur.

414 5572 519 5648 (l6)
550 5572 826 5648 Greg'oras
857 5589 873 5628 :
902 5572 1753 5648 Buigarorttm__princepsseniori
1786 5588 1913 5626 con-

2023 5229 2135 5276 tur.
2163 5217 2271 5275 Sed
2297 5235 2417 5273 cum
2463 5218 2750 5279 venissent,
2806 5215 2989 5268 urbem
3048 5217 3267 5282 ingressi
3324 5231 3428 5269 non
3462 5224 3608 5281 sunt,

2023 5291 2157 5344 duce
2190 5306 2374 5344 eorum
2420 5298 2632 5343 tantum
2677 5295 2908 5356 excepto.
2945 5283 3124 5351 Quare
3173 5288 3224 5339 in
3262 5286 3402 5340 latus
3451 5286 3617 5343 deo!!-

2023 5368 2249 5422 narunt,
2280 5362 2470 5414 castris
2494 5357 2563 5412 ad
2586 5357 2768 5411 stadia
2791 5359 2854 5410 ab
2885 5358 3014 5410 urbe
3047 5372 3075 5407 v
3096 5365 3145 5409 et
3180 5372 3243 5411 xc
3274 5358 3476 5425 positis.

2094 5433 2211 5502 (l7)
2249 5430 2412 5484 Plane
2439 5430 2721 5502 diversum
2771 5425 3068 5502 Gregoras.
3103 5422 3604 5502 Logia'adﬂulga-

2027 5495 2211 5557 rerum
2242 5502 2445 5564 dueem,
2473 5500 2562 5570 qui
2599 5507 2777 5570 castra
2802 5495 3197 5570 riupropinquo
3235 5495 3481 5570 nubebat,
3532 5497 3609 5548 le-

2025 5582 2175 5642 gatos
2225 5587 2343 5625 cum
2396 5565 2699 5642 muheribus
2739 5569 2921 5642 mittit.
2966 5565 3015 5619 et
3041 5565 3200 5642 plura
3224 5569 3272 5619 ei
3300 5565 3609 5642 pollicetur,

331 5634 430 5700 tra
445 5634 715 5719 juniorei'n
753 5645 858 5698 tria
887 5634 1123 5719 equitum
1171 5634 1345 5719 miltia
1373 5634 1608 5719 subsidio
1639 5660 1703 5697 ea:
1753 5652 1911 5719 pacto
2018 5634 2271 5719 sjicopias
2302 5658 2431 5695 suas
2465 5641 2678 5719 domum
2712 5640 3013 5719 reduceret.
3052 5634 3350 5719 Asseusum.
3381 5634 3450 5719 ad
3479 5651 3582 5719 epit

335 5715 503 5786 misit,
533 5721 717 5792 quibus
766 5718 1105 5792 mandatum,
1139 5716 1311 5792 nescio
1340 5715 1529 5785 quibus
1588 5715 1913 5792 auctoribus,

335 5784 630 5858 urebatur,
656 5798 714 5842 ut
746 5788 875 5841 data
910 5788 1328 5855 opportunitate,
1353 5784 1447 5839 res
1478 5802 1639 5839 novas
1666 5784 1918 5838 moliren-

2026 5709 2106 5767 las
2137 5705 2326 5768 invitat
2357 5729 2476 5765 cum
2521 5712 2768 5772 tribunis,
2816 5723 3004 5777 eosque
3036 5707 3289 5775 postridie
3330 5705 3479 5760 (tutos
3513 5705 3614 5757 da-

2028 5800 2170 5839 mum
2200 5798 2378 5839 uersus
2405 5784 2658 5836 abeuntes
2687 5786 3045 5849 proseqmtur.
