4016 6448
383 359 489 433 393
1306 329 1313 344 ’
1574 326 2390 442 ιίιδΤοιιιΑιιυιιίιΒΕΒ
2424 383 2477 445 I.
3541 371 3645 433 394

381 487 480 557 τὴν
516 487 699 556 ἄφιξιν
753 490 918 545 αὐτοῦ
964 492 994 547 ὅ
1043 509 1098 546 τι
1127 493 1237 564 εἵη.
1267 494 1329 548 Εἰ
1361 493 1460 563 μὲν
1495 491 1589 549 οῦν
1613 494 1786 558 λύσας
1833 495 1948 557 τοὺς

2067 511 2253 557 nosse,
2288 510 2356 548 an
2391 504 2554 565 rupto
2588 492 2794 548 foedere
2833 491 3034 546 bellum
3061 491 3163 548 sibi
3193 491 3448 557 intentet,
3479 501 3537 546 ut
3566 491 3640 545 si-

382 580 579 649 ὃρκοῦς
619 581 715 634 καὶ
757 583 856 648 τὰς
885 584 1120 649 σπονδὰς
1144 585 1244 649 τὰς
1293 586 1434 658 πρὸς
1490 587 1676 653 αὑτὸν,
1723 587 1948 657 πόλεμοι

2068 586 2276 640 utiliter
2305 601 2364 641 se
2393 594 2694 656 comparet.
2727 583 2820 640 Sin
2848 584 3009 639 aliam
3046 584 3118 638 ob
3137 599 3359 638 causam
3386 591 3643 652 suscepta

381 669 618 741 ἄρασθαι
671 671 944 742 βούλεται,
992 675 1184 745 μαθεῖν
1211 675 1442 744 ἐθέλειν,
1495 679 1644 739 ὅπως
1673 678 1767 730 καὶ
1797 671 1948 740 αὐτὸς

2066 678 2137 732 sit
2158 677 2457 746 expeditio,
2489 692 2547 732 se
2579 677 2633 732 id
2666 691 2887 746 quoque
2919 677 3173 746 ignorare
3197 676 3363 748 nolle.
3411 675 3643 730 Verum-

385 763 863 828 παρασκευάζοιτο
909 766 973 817 ὲκ
1011 765 1110 818 τοῦ
1154 766 1365 837 ὁμοίου,
1420 768 1481 830 Ei
1529 767 1584 819 δέ
1628 783 1722 819 του
1767 766 1948 831 έτέροι

2067 779 2247 825 tamen
2302 784 2427 823 cum
2469 784 2579 823 non
2613 778 2853 824 vocatus
2898 768 3106 833 veniat,
3161 768 3499 822 documento
3533 766 3638 821 sibi

382 847 542 904 ἕνεκα
574 854 607 924 ὴ
662 855 992 925 ἐκστρατεία
1027 857 1136 927 εἴη,
1199 857 1275 928 μὴ
1329 861 1568 927 ἀγνοεῖν.
1605 859 1793 928 Ὅμως
1833 860 1993 927 μέν-ο

381 960 465 996 τοι
501 961 565 1012 γε
604 949 665 998 τό
719 965 780 1000 τε
826 947 1060 1020 ἄκλητον
1105 950 1264 1020 ἥκειν
1323 951 1624 1022 τεκμήριον
1687 953 1959 1006 ποιεῖσθαι

382 1037 482 1088 τοῦ
519 1038 638 1089 κατ’
669 1038 836 1092 αὐτοῦ
893 1043 1116 1113 χωρεῖν,
1146 1044 1243 1096 καὶ
1288 1041 1350 1096 τὸ
1381 1042 1703 1107 Βυζαντίοις
1735 1061 1959 1114 συμμα-

379 1129 505 1210 χίαν
546 1130 662 1212 ᾅμα
705 1130 886 1204 Ὶὸἀνῃ
912 1134 970 1197 ἐς
994 1134 1328 1205 τρισχιλίους
1357 1135 1701 1207 στρατιώτας
1733 1137 1952 1205 πέμψαι

380 1219 497 1275 οὖσι
550 1223 854 1293 πολεμίοις,
905 1229 1155 1297 φανερῶς
1187 1227 1340 1299 αὐτῷ
1389 1231 1760 1300 πολεμοῦντος
1789 1227 1952 1284 εἶναι.

382 1316 701 1386 Θαυμάζειν
733 1318 790 1371 δὲ
843 1317 1011 1373 αὑτοῦ
1043 1323 1091 1374 ει
1140 1320 1450 1391 πυθόμενος
1500 1323 1631 1394 περὶ
1664 1324 1958 1389 Βυζάντιον

379 1410 750 1480 διατρίϐοντος
805 1410 994 1476 αὐτοῦ,
1027 1414 1317 1478 τοσούτους
1348 1414 1585 1485 πέμψειε
1612 1415 1956 1485 στρατιώτας

381 1501 843 1571 συμμαχήσοντας
893 1504 1010 1566 τοῖς
1055 1503 1380 1574 πολεμίοις’
1425 1505 1458 1577 ἢ
1515 1509 1739 1575 ἀγνοεῖν
1786 1507 1862 1572 ὡς
1893 1509 1951 1560 ού

381 1594 752 1662 στρατεύματι
788 1595 1055 1664 χρήσεται
1077 1595 1213 1664 πρὸς
1246 1596 1446 1660 αὐτοὺς
1469 1598 1638 1652 εἰδόσι
1666 1599 1950 1667 πολεμεῖν,

379 1683 515 1736 ἀλλὰ
565 1686 674 1746 τοῖς
725 1685 994 1755 γεωργοῖς
1042 1684 1331 1753 κελεύσας,
1395 1688 1816 1759 ἀδυνατωτέραν
1855 1689 1954 1759 θή-

381 1793 534 1830 σουσι
573 1777 671 1844 τὴν
702 1777 964 1830 ἐπάνοδον
995 1778 1180 1841 αὐτοῖς
1223 1780 1257 1850 ἢ
1319 1780 1378 1846 ἐξ
1409 1779 1540 1852 ᾅδου
1589 1779 1800 1835 πυλῶν.
1847 1781 1954 1834 Βα-

379 1867 566 1930 σιλεὺς
601 1867 699 1936 μὲν
724 1863 818 1921 οὖν
872 1869 1104 1924 τοιαῦτα
1150 1870 1548 1941 ὲπρεσόεύετο.
1613 1871 1840 1942 Μιχαὴλ
1893 1871 1950 1926 δὲ

378 1958 501 2010 ἐπεὶ
547 1958 636 2010 τόν
685 1976 743 2011 τε
797 1957 1020 2030 βασιλέα
1046 1961 1282 2014 ἐπύθετο
1351 1962 1491 2033 πρὸς
1536 1963 1597 2017 τὸ
1649 1962 1951 2026 Βυζάντιον

377 2049 700 2119 ἀφιγμένον,
768 2050 864 2103 καὶ
909 2051 1010 2122 τῆς
1057 2051 1222 2105 αὐτοῦ
1279 2055 1546 2123 στρατιᾶς
1614 2053 1676 2106 οὐ
1728 2054 1951 2124 μακρὰν

375 2142 964 2214 ιστρατοπεδευμένον,
1026 2128 1339 2217 ἐθορυϐήθη
1397 2163 1460 2200 τε
1513 2145 1783 2218 σφοδρῶς,
1839 2147 1950 2200 τῶν

375 2236 657 2306 σφετέρων
681 2237 846 2291 ἕνεκα
895 2238 1270 2308 στρατιωτῶν,
1306 2239 1401 2295 καὶ
1428 2239 1708 2311 σωτηρίας
1761 2240 1950 2304 αὐτοῖς

374 2327 568 2380 ἐλπίδα
617 2327 872 2395 οὐδεμίαν
919 2328 1192 2396 συνεώρα,
1224 2330 1274 2382 εἰ
1337 2327 1414 2400 μὴ
1446 2329 1684 2399 τάχιστα
1735 2328 1949 2384 πείσειε

377 2419 605 2490 βασιλέα
632 2420 714 2472 ὅτι
741 2435 801 2472 τε
830 2419 893 2472 ού
943 2418 1127 2473 λύσειε
1158 2421 1257 2483 τὰς
1287 2419 1522 2483 σπονδὰς
1543 2419 1645 2484 τὰς
1675 2423 1812 2492 πρὸς
1844 2421 1946 2474 αύ-

375 2513 490 2579 τδν,
523 2512 618 2566 καὶ
660 2512 760 2582 τὴν
795 2510 1060 2582 στρατιὰν
1111 2511 1214 2566 οὐκ
1245 2511 1396 2583 αύτῷ
1450 2511 1946 2585 πολεμησείουσαν,

380 2606 496 2660 ἀλλ’
524 2605 707 2674 ἑτέρου
752 2621 848 2659 του
907 2604 1074 2658 ἕνεκα
1104 2607 1184 2670 είς
1232 2605 1532 2670 Βυζάντιον
1593 2607 1792 2664 ἐλθεῖν.
1845 2608 1952 2661 Αύ-

383 2696 509 2752 τίκα
544 2715 606 2751 τε
662 2697 698 2753 ἃ
744 2692 897 2769 εἶχεν
926 2698 985 2752 δν
1021 2699 1134 2762 τοῖς
1189 2699 1415 2763 κόλποις
1465 2699 1600 2769 ἅγια
1642 2699 1950 2771 ἐξενεγκὼν

392 2792 482 2846 ἐπὶ
511 2793 600 2846 τοῦ
630 2792 990 2864 πρεσϐευτοῦ,
1028 2795 1124 2848 καὶ
1169 2793 1228 2858 ὃς
1261 2791 1330 2867 ἦν
1361 2797 1421 2848 ὲν
1472 2797 1657 2862 αὐτοῖς
1715 2798 1951 2869 σταυρὸν

401 2883 718 2953 ἐγχειρίσας,
776 2882 964 2951 Τοῦτ’,
1002 2883 1132 2956 ἔφη,
1193 2881 1429 2957 κομίσας
1473 2887 1611 2956 πρὸς
1678 2887 1950 2958 βασιλέα,

396 2973 602 3044 ὀμνύειν
644 2977 748 3046 ἐμὲ
793 2979 874 3040 είς
925 2976 1017 3030 τὸν
1054 2977 1113 3032 ὲν
1165 2977 1348 3048 αὐτῷ·
1376 2978 1624 3046 παγέντα
1667 2979 1833 3051 σαρκὶ
1880 2979 1950 3032 δι’

388 3067 531 3136 ἡμᾶς
565 3067 702 3132 εἰπὲ,
746 3067 823 3133 ὡς
859 3066 982 3122 οὔτε
1012 3068 1215 3123 λέλυκα
1253 3070 1352 3131 τὰς
1409 3070 1642 3132 σπονδὰς
1682 3072 1782 3133 τὰς
1813 3070 1950 3140 πρὸς

2062 877 2184 918 esse
2230 873 2420 916 contra
2463 876 2520 915 se
2554 861 2764 926 venire,
2805 871 2860 916 et
2909 860 3184 931 Byzantiis
3224 858 3476 913 hostibus
3525 858 3642 911 suis

2062 954 2203 1010 duce
2237 955 2404 1010 lbane
2433 955 2499 1008 ad
2541 964 2626 1009 ter
2650 955 2797 1008 mille
2830 954 3047 1024 equites
3092 952 3328 1015 misisse,
3363 948 3636 1004 manifesti

2062 1047 2239 1101 bostis
2268 1047 2531 1101 indicium
2564 1061 2708 1100 esse.
2737 1046 2925 1100 Mirari
2959 1032 3140 1098 autem
3165 1041 3469 1114 quomodo.
3509 1055 3636 1095 cum

2060 1137 2300 1194 audierit
2343 1151 2402 1192 se
2428 1137 2582 1206 juxta
2617 1136 2938 1207 Byzantium
2981 1128 3215 1199 versari,
3256 1134 3477 1188 interim
3517 1139 3636 1184 tan-

2062 1236 2176 1284 tum
2203 1221 2496 1283 numerum
2523 1229 2858 1284 adversariis
2888 1228 3005 1283 suis
3034 1227 3363 1297 cpitulatum
3392 1225 3632 1278 miserit.

2057 1320 2312 1377 Nescisse
2340 1320 2568 1375 forsitan
2601 1335 2659 1375 se
2703 1335 2812 1374 non
2857 1319 3154 1373 exercitata
3185 1317 3344 1385 copia
3386 1318 3441 1369 in
3478 1315 3633 1370 illum

2057 1427 2308 1477 usurum,
2336 1412 2432 1465 sed
2459 1408 2680 1464 rusticis
2712 1410 2994 1480 negotium
3019 1410 3298 1474 daturum,
3324 1407 3418 1477 qui
3457 1407 3508 1462 ei
3540 1421 3633 1461 re-

2057 1501 2234 1558 ditum
2266 1503 2651 1569 difﬁciliorem,
2680 1518 2843 1573 quam
2883 1503 2952 1557 ab
2978 1501 3278 1556 inferorum
3324 1501 3498 1572 portis
3523 1499 3637 1555 elli-

2056 1598 2223 1650 ciant.
2258 1595 2385 1651 Haec
2408 1595 2730 1666 imperator.
2761 1593 2830 1650 At
2860 1593 3112 1658 Michael,
3151 1593 3249 1648 ubi
3295 1607 3422 1647 eum
3462 1604 3634 1661 prope

2053 1687 2574 1757 Constantinopolin
2614 1699 2760 1753 esse,
2806 1699 2911 1740 nec
2950 1685 3110 1756 longe
3149 1684 3219 1754 ab
3251 1683 3502 1739 exercitu
3533 1699 3635 1738 suo

2054 1779 2261 1835 distare
2295 1777 2576 1850 cognovit,
2605 1794 2834 1834 suorum
2864 1793 3030 1834 causa
3055 1793 3188 1833 sane
3219 1793 3383 1848 quam
3415 1764 3636 1832 contur-

2055 1873 2236 1936 batus,
2285 1871 2492 1925 nullam
2544 1870 2705 1924 aliam
2763 1885 2916 1941 spem
2980 1870 3179 1926 salutis
3236 1869 3480 1934 videbat,
3525 1870 3632 1924 nisi

2053 1978 2216 2042 quam
2241 1963 2510 2018 citissime
2536 1979 2594 2018 se
2618 1963 2801 2020 foedus
2825 1977 3071 2028 servare,
3096 1972 3154 2019 et
3179 1963 3366 2034 copias
3387 1962 3632 2017 illasndn

2051 2063 2246 2110 contra
2270 2071 2419 2122 eum,
2445 2055 2540 2110 sed
2574 2055 2746 2110 alium
2773 2054 3074 2126 quemdam
3107 2054 3434 2126 Byzantium
3460 2054 3634 2109 addu-

2051 2155 2189 2214 ctas,
2213 2147 2534 2218 imperatori
2557 2148 2939 2218 persuaderet,
2970 2135 3268 2217 statimqu’e
3293 2162 3324 2201 e
3347 2149 3472 2202 sinu
3506 2161 3633 2202 san-

2051 2251 2267 2295 ctorum
2295 2240 2560 2311 reliquias
2582 2255 2766 2296 coram
2803 2242 2984 2312 legato
3007 2241 3296 2313 proferens
3317 2241 3452 2312 (l9),
3483 2252 3539 2297 et
3562 2258 3630 2298 ex

2053 2330 2122 2386 iis
2145 2345 2366 2386 crucem
2387 2331 2437 2386 ei
2471 2331 2524 2384 in
2559 2346 2752 2388 manus
2785 2333 3010 2390 tradens
3057 2349 3070 2386 :
3112 2333 3264 2387 Istuc
3295 2332 3365 2386 ad
3391 2334 3634 2410 impera-

2052 2431 2229 2479 torem
2257 2423 2530 2494 portabis,
2555 2412 2756 2494 inquit,
2790 2431 2847 2479 et
2881 2440 2968 2479 me
2996 2440 3094 2494 per
3123 2425 3301 2488 illum,
3342 2426 3435 2494 qui
3467 2425 3523 2479 in
3563 2430 3631 2479 e‘o
3692 2470 3702 2478 .

2051 2525 2280 2588 propter
2301 2531 2402 2571 nos
2416 2513 2645 2572 sufﬁxus
2665 2524 2772 2582 est,
2793 2517 2978 2587 jurare
3009 2517 3161 2571 dices
3178 2532 3280 2572 nec
3303 2516 3482 2573 fmdus
3504 2531 3629 2570 cum

2054 2610 2174 2678 ipso
2201 2621 2525 2677 percussum
2567 2607 2818 2673 solvisse,
2856 2623 2959 2664 nec
3008 2609 3211 2664 milites
3254 2619 3445 2665 contra
3475 2607 3629 2665 illum

2056 2699 2294 2754 misisse.
2357 2697 2626 2764 Quocirca
2667 2711 2828 2752 orare
2856 2713 2966 2761 me,
3011 2713 3082 2753 ne
3109 2698 3240 2769 quid
3269 2699 3379 2753 illis
3411 2712 3626 2755 noceat.

2053 2793 2212 2861 Quod
2248 2801 2431 2848 autem
2464 2807 2577 2847 non
2608 2791 2676 2847 de
2705 2791 2893 2846 multis
2940 2806 3006 2846 ac
3049 2792 3307 2862 pretiosis
3333 2792 3631 2848 monilibus

2054 2886 2168 2942 suis
2217 2900 2340 2956 quae
2369 2893 2620 2940 cerneret
2666 2885 2803 2955 (ΞΟ),
2837 2884 2930 2939 sed
2988 2886 3131 2940 banc
3184 2900 3404 2940 crucem
3454 2901 3487 2941 e
3533 2887 3626 2941 viti

2054 2978 2283 3034 materia
2324 2977 2628 3032 confectam
2682 2977 2824 3048 (erat
2861 2977 3008 3030 enim
3048 2993 3116 3032 ex
3155 2991 3262 3032 aere
3309 2977 3628 3049 fabrefacta)

2054 3069 2132 3123 illi
2170 3069 2436 3132 mitteret,
2488 3067 2679 3122 mirari
2723 3082 2832 3122 non
2875 3067 3124 3123 debere:
3153 3085 3274 3124 esse
3301 3071 3447 3125 enim
3480 3073 3624 3141 apud

377 3160 560 3226 αὑτὸν,
592 3159 712 3213 οὗτε
743 3159 865 3214 κατ’
891 3160 1057 3215 αὐτοῦ
1093 3161 1367 3233 πέπομφα
1402 3161 1502 3232 τὴν
1537 3163 1820 3233 στρατιάν.
1857 3162 1947 3214 Διὸ

2055 3159 2254 3215 Moesos
2283 3158 2353 3214 ob
2384 3155 2650 3212 miracula
2674 3155 3066 3226 percelebrem,
3097 3172 3219 3228 qua
3253 3160 3420 3214 multa
3448 3162 3630 3217 adhuc

377 3255 473 3306 καὶ
510 3252 698 3322 δέομαι
749 3253 824 3325 μὴ
877 3253 1063 3316 κακῶς
1111 3254 1312 3317 αὐτοὺς
1369 3253 1588 3307 παθεῖν.
1658 3253 1866 3307 ’Ὀτιδὲ
1887 3253 1948 3306 ού

348 3345 484 3404 ,τῶν
513 3345 817 3399 πολυτελῶν
845 3345 1153 3414 ἑγκολπίων
1200 3345 1416 3398 πολλῶν
1465 3343 1593 3416 ἐμοὶ
1633 3345 1946 3416 παρόντων,

376 3437 454 3500 ὡς
487 3439 635 3509 ἐρᾷς,
666 3437 801 3491 ἀλλὰ
831 3440 1042 3492 τουτονὶ
1066 3437 1158 3490 τὸν
1188 3437 1444 3508 σταυρὸν,
1479 3437 1540 3502 ἐξ
1565 3437 1816 3501 εὐτελοῦς
1845 3453 1948 3489 πε-

380 3529 680 3597 ¹ιιιοιιιιμένον
727 3527 858 3598 ὕλης
907 3525 997 3598 (ἦν
1055 3528 1164 3599 γὰρ
1215 3526 1497 3599 χαλκοῦς),
1533 3527 1821 3598 πέπομφα,
1874 3529 1950 3598 μὴ

377 3620 659 3693 θαυμάσῃ.
700 3621 826 3674 Ἐπὶ
860 3619 1108 3690 θαύμασι
1137 3621 1248 3692 γὰρ
1279 3621 1434 3690 παρὰ
1484 3621 1618 3674 πᾶσι
1666 3619 1950 3691 διαϐεϐόη-

376 3730 469 3766 ται
496 3714 722 3777 Μυσοῖς,
751 3713 787 3767 ὃ.
817 3712 988 3766 πολλὰ
1023 3713 1122 3783 μὲν
1155 3713 1254 3766 καὶ
1281 3713 1377 3766 ἐπὶ
1423 3713 1518 3766 τοῦ
1559 3713 1693 3783 ἐμοῦ
1724 3714 1948 3782 περιόν-

376 3823 468 3870 τος
507 3805 588 3859 ἐτι
616 3807 842 3877 πατρὸς,
870 3804 1044 3860 πολλὰ
1066 3805 1124 3860 δὲ
1155 3807 1249 3860 καὶ
1276 3805 1366 3859 ἐπ’
1427 3805 1586 3876 ἐμοῦ,
1608 3805 1737 3877 παρ’
1777 3805 1944 3859 αὐτοῦ

379 3896 613 3950 τελεῖται
640 3897 790 3949 νυνίο
824 3897 897 3959 ὡς
937 3891 1032 3951 οῦν
1065 3895 1267 3966 μᾶλλον
1294 3891 1599 3965 ἀξιόχρεων
1628 3897 1709 3959 είς
1759 3895 1946 3947 πίστιν

378 3987 601 4058 ἔπεμψα
623 3988 808 4044 αὐτόν.
841 3987 962 4060 Κζιν
991 4005 1061 4058 με
1092 3988 1325 4059 φωρὰσῃ
1350 3989 1653 4042 ἀπατῶντα
1677 3987 1709 4056 ἢ
1750 3986 1944 4055 eausa.-

380 4097 562 4149 μενον,
587 4081 710 4151 ἐμοὶ
735 4079 924 4134 τοῦτον
956 4079 1138 4134 λαϐὼν
1170 4079 1394 4146 ὲπιέτω,
1430 4079 1504 4145 ώς
1533 4079 1700 4133 αὐτοῦ
1719 4095 1946 4149 συμμα-

377 4172 599 4243 χοῦντος
627 4176 868 4244 νικήσων
900 4175 993 4228 καὶ
1026 4172 1590 4246 διαφθερῶν.”υτι,δὲ
1622 4173 1703 4235 ,ού
1743 4171 1945 4242 σκῆψις

376 4265 548 4318 ταῦτα
585 4266 706 4318 οὐδὲ
733 4266 1009 4335 πρόφασις
1063 4268 1380 4343 εὐπρεπὴς,
1418 4267 1510 4318 τὸν
1539 4265 1823 4332 ἀπάξοντα
1843 4266 1942 4334 τὴν

379 4356 639 4424 στρατιὰν
672 4359 736 4410 ὲκ
769 4358 869 4426 τῆς
946 4356 1258 4426 Ῥωμαίων,
1315 4355 1376 4420 ἐξ
1423 4356 1594 4427 αὐτῆς
1630 4355 1941 4412 ἀποστελῶ.

376 4447 490 4498 Καὶ
543 4448 742 4502 αὐτίκα
773 4449 852 4519 τῷ
889 4449 992 4520 μὲν
1063 4449 1372 4521 πρεσβευτῇ
1431 4451 1696 4518 παρεῖχεν
1739 4449 1942 4512 ἵππους

2052 3261 2280 3322 parente
2306 3264 2407 3306 suo
2445 3249 2743 3320 superstite
2781 3248 3042 3316 ediderit,
3073 3251 3242 3304 multa
3277 3267 3334 3306 se
3363 3265 3627 3323 regnante

2050 3345 2196 3399 edat.
2229 3343 2514 3411 Tanquam
2551 3341 2714 3411 igitur
2740 3339 3110 3395 fidelissimam
3140 3349 3355 3405 testem,
3386 3358 3443 3396 se
3475 3343 3623 3397 illam

2052 3435 2290 3488 mittere.
2343 3433 2400 3487 Si
2450 3435 2629 3502 ipsum
2677 3417 2950 3498 fallacem,
3001 3433 3387 3490 mendacemve
3429 3434 3625 3504 depre-

2052 3527 2325 3594 henderit,
2363 3541 2429 3582 ea
2462 3539 2630 3580 cruce
2659 3532 2907 3594 correpta
2944 3539 3003 3579 se
3036 3523 3278 3590 invadat,
3322 3541 3430 3595 qua
3470 3527 3628 3596 adju-

2053 3619 2190 3673 trice
2218 3617 2501 3672 victoriam
2537 3615 2609 3670 sit
2640 3626 3064 3671 consecuturus.
3111 3616 3182 3673 Ut
3209 3626 3390 3672 autem
3424 3618 3626 3685 intelli-

2049 3721 2159 3787 gat,
2193 3726 2302 3765 non
2346 3724 2468 3765 esse
2507 3709 2625 3764 haec
2679 3717 3026 3787 praetextum,
3063 3726 3258 3782 ,neque
3309 3713 3620 3782 speciosum

2052 3805 2330 3876 quoddam
2377 3804 2770 3870 velamentum,
2816 3783 3071 3871 protinus
3112 3807 3432 3873 missurum,
3460 3808 3554 3878 qui
3593 3827 3625 3863 e

2051 3897 2252 3952 finibus
2293 3897 2668 3952 Romanorum
2713 3911 2845 3952 suos
2887 3897 3153 3952 continuo
3181 3899 3442 3955 abducat.
3475 3901 3625 3956 Mox-

2047 4005 2157 4060 que
2195 3989 2374 4059 legato
2437 3989 2789 4058 imperatoris
2814 4002 2986 4059 equos
3025 4005 3093 4044 ex
3138 3991 3455 4047 cursoribus
3481 4009 3620 4063 quos

2047 4081 2227 4135 alebat
2257 4079 2532 4143 attribuit,
2552 4079 2753 4149 jubens
2776 4080 3055 4135 celeritate
3087 4095 3301 4136 summa
3336 4083 3440 4137 iter
3463 4083 3621 4153 prius

2046 4172 2342 4235 conﬁcere,
2397 4186 2560 4240 quam
2608 4171 2906 4240 imperator
2960 4173 3223 4226 exercitui
3275 4189 3374 4228 suo
3413 4175 3621 4230 incom-

2047 4264 2320 4319 modaret.
2354 4263 2625 4318 Prmterea
2660 4277 2832 4315 unum
2863 4261 2932 4316 de
2963 4261 3328 4318 familiaribus
3350 4267 3630 4323 ministris

2048 4371 2171 4434 cu_m
2203 4355 2397 4410 eodem
2429 4354 2598 4409 mittit
2629 4354 2896 4413 ferentem
2943 4356 3197 4422 litteras,
3226 4359 3424 4426 quibus
3459 4359 3621 4431 184

2045 4448 2199 4503 lbani
2228 4447 2582 4518 praecipiebat
2613 4448 2692 4502 uti
2724 4448 3026 4504 exercitum
3061 4450 3351 4506 reduceret
3390 4461 3446 4506 et
3474 4455 3616 4508 alam

377 4540 481 4592 τῶν
515 4545 863 4612 τρεφομένων
895 4543 1256 4613 ταχυδρόμων
1284 4541 1414 4614 παρ’
1454 4543 1628 4612 αὐτῷ,
1673 4541 1940 4604 κελεύσας

2050 4539 2438 4605 ﬂammantem,
2469 4540 2614 4609 quod
2647 4539 2790 4610 apud
2821 4540 3020 4597 Mossos
3051 4542 3360 4600 velocitatis
3392 4545 3614 4616 signum

376 4629 448 4694 ὡς
497 4632 729 4701 τάχιστα
770 4631 959 4686 ἀνύειν
995 4633 1096 4704 τὴν
1131 4633 1252 4686 ὁδὸν
1280 4633 1413 4703 πρὶν
1457 4631 1643 4704 φθάσῃ
1676 4633 1938 4696 κακώσας

2045 4642 2130 4688 est
2160 4630 2295 4703 (21).
2343 4629 2640 4700 Postquam
2673 4631 2740 4686 ad
2771 4631 3159 4718 imperatorem
3189 4647 3482 4703 venerunt,
3519 4636 3615 4709 qui

1594 4771 1810 4832 Jacobi
1851 4769 2120 4833 Pontani
2155 4779 2342 4831 notas.

447 4895 755 4968 (_19)'Ayta
807 4897 863 4949 ἐν
918 4897 1137 4960 κόλποις
1188 4896 1370 4968 hujus
1399 4897 1542 4968 regis
1593 4912 1702 4950 non
1755 4906 1931 4965 erant,

378 4966 479 5020 nisi
505 4979 814 5036 sanctorum
850 4968 1091 5036 reliquiae
1119 4966 1309 5036 procul
1341 4966 1533 5030 dubio,
1579 4976 1634 5020 et
1668 4968 1736 5022 iis
1766 4969 1930 5023 etiam

379 5035 648 5098 crucicnla
686 5051 847 5099 terea,
895 5035 1173 5090 miraculis
1205 5037 1514 5107 nobilitata.
1563 5037 1749 5107 Itaque
1779 5039 1933 5103 illud,

2040 4913 2233 4972 eorum
2258 4897 2603 4972 nuntiorum,
2631 4914 2768 4970 quos
2802 4902 3176 4972 ταχυδρόμους
3222 4905 3513 4970 vocabant.
3547 4925 3614 4966 eo

2044 4969 2231 5042 modo,
2256 4984 2365 5038 quo
2399 4969 2659 5042 notarios
2680 4985 2777 5042 seu
2822 4969 3332 5042 scribas—quosdam
3359 4969 3614 5035 nornina-

2045 5039 2177 5093 bant
2204 5040 2620 5108 ταχυγράφους,
2653 5041 2722 5094 ob
2755 5039 3100 5096 celeritatem
3119 5045 3420 5102 scribendi.
3472 5051 3613 5106 llinc

379 5109 461 5176 qui
515 5107 570 5158 in
616 5121 673 5158 eo
703 5114 928 5185 prgptec
960 5123 1052 5160 nos
1081 5107 1312 5185 summus,
1342 5105 1722 5185 'referendlutn
1751 5117 1837 5185 est
1863 5111 1930 5161 ad

2050 5111 2200 5185 atiam
2229 5105 2423 5185 statuae
2445 5105 2557 5160 τῶν
2588 5111 3146 5185 ταχυδρόμωνηθιαηι
3184 5121 3483 5185 πτερωταὶ,
3515 5105 3611 5176 seu

380 5174 720 5246 prototypon.
752 5174 834 5230 Tu
880 5174 1295 5246 pietatemhota
1321 5186 1565 5230 veterum
1594 5176 1934 5232 Christiano-

381 5262 520 5316 rum,
557 5247 719 5298 etiam
766 5248 1099 5314 principum,
1130 5247 1222 5315 qui
1262 5246 1329 5300 de
1359 5247 1498 5300 collo
1522 5248 1812 5316 gestabant
1843 5262 1934 5301 res

381 5315 682 5395 huiusmodi
742 5331 946 5395 sacras,
992 5317 1206 5384 sibique
1237 5318 1361 5395 inde
1391 5315 1932 5395 cmles'te‘aunxilium,
1979 5361 1988 5376 κ

379 5384 521 5439 οιᾟι
564 5385 820 5453 periculis
871 5386 1473 5456 tutamen‘sperabant.
1531 5384 1662 5441 Vide
1691 5386 1937 5442 Gretseri

377 5457 451 5508 De
479 5457 535 5508 8.
558 5457 744 5518 Cruce,
775 5463 905 5510 tom.
936 5456 977 5519 ι,
1010 5455 1114 5508 lib.
1147 5471 1184 5521 ι,
1211 5471 1332 5525 cap.
1371 5455 1436 5506 ’Π
1466 5464 1521 5509 et
1554 5471 1675 5525 cap.
1708 5459 1796 5510 60.

442 5529 553 5596 (20;
598 5525 898 5591 Ἐγκόλπια
942 5534 1118 5590 vocat,
1153 5527 1690 5597 quaeiprteterillam
1717 5542 1940 5597 parvam

377 5595 594 5651 crUcem
644 5597 1083 5666 foris_fortnsse
1132 5611 1160 5648 ιι
1204 5596 1346 5648 collo
1399 5595 1731 5664 pendentia;
1766 5613 1942 5666 eaque

372 5683 503 5720 auro
531 5678 588 5720 et
613 5664 848 5732 getmuis
890 5665 1144 5736 insignia,
1189 5666 1414 5720 inclusis
1471 5677 1782 5721 sanctorum
1813 5664 1939 5722 reli-

368 5738 508 5806 quiis
537 5737 808 5806 gestabat.

437 5799 567 5876 (2ιῖ
612 5805 844 5857 Videtur
898 5799 981 5854 ala
1038 5805 1316 5872 proprium
1391 5805 1560 5863 fuisse
1629 5807 1935 5878 symbolum

685 5897 959 5956 PATROL.
1007 5903 1116 5955 (in.
1174 5893 1380 5954 CLIII.

2038 5180 2254 5258 alatte,‘
2283 5179 2476 5258 quales
2549 5179 2873 5258 visebantur
2903 5183 3036 5258 olim
3099 5179 3610 5258 _Co_nstatitinripoli,

2042 5258 2179 5302 teste
2216 5248 2427 5323 Qodino
2447 5249 2517 5323 Ain
2543 5266 2639 5303 sua
2667 5249 3151 5323 Constantinopoli,
3173 5255 3268 5318 fol.
3296 5256 3385 5318 55,
3411 5248 3503 5314 ubi
3535 5248 3613 5314 ta;

2044 5333 2168 5371 men
2225 5319 2629 5393 D_ousa_inepte
2671 5324 2838 5393 vertit
2887 5319 3110 5393 στήλας,
3160 5327 3452 5393 columnas,
3488 5345 3611 5383 cum

2041 5387 2490 5466 fertendumnsit,
2519 5387 3030 5466 s'tatuus.__Manav'_it
3057 5387 3246 5466 autem
3295 5411 3415 5451 mos
3439 5387 3612 5466 ’ταχυ-

2043 5459 2282 5536 δρόμους
2314 5459 2432 5536 _alis
2481 5460 2786 5516 instruendi
2813 5463 2882 5536 ab
2917 5464 3140 5536 ctlmico
3179 5464 3472 5536 Mercurio,
3515 5459 3608 5536 qui

2045 5539 2098 5582 et
2134 5530 2250 5597 ipse
2279 5530 2475 5592 alatus,
2499 5539 2755 5599 tanquam
2790 5533 2935 5586 celer
2965 5535 3214 5588 nuntius.
3261 5535 3328 5590 Et
3381 5530 3614 5593 ﬂamma:

2047 5599 2150 5652 illae
2176 5601 2336 5673 pictae
2367 5600 2591 5673 fuerunt
2619 5619 2630 5654 :
2661 5617 2785 5673 nam
2825 5612 2878 5656 et
2909 5603 3048 5673 ignis
3082 5604 3383 5658 celeritatis
3423 5608 3612 5660 biero-

2046 5670 2359 5747 glyplticum
2398 5680 2499 5747 est.
2538 5672 2615 5724 Ita
2663 5672 2902 5747 Jacobus
2935 5670 3384 5747 'GretserusLPer
3419 5678 3613 5747 hujus-

2047 5739 2192 5792 modi
2215 5739 2660 5812 alamrardentem
2709 5751 2764 5796 et
2802 5743 3023 5812 pictam,
3056 5758 3217 5812 quam
3244 5745 3394 5801 illaesi
3428 5739 3615 5802 trade-

2047 5821 2168 5861 rent
2203 5811 2426 5878 nuntiis,
2479 5827 2615 5880 quos
2652 5815 2935 5866 ambulare
2963 5811 3122 5883 quam
3176 5817 3474 5878 celerrime,
3497 5819 3614 5875 vel-

3223 5909 3296 5970 13
