4016 6438
357 434 458 499 397
627 467 652 483 ο
1516 428 1886 493 HISTORIA
1896 431 1956 490 Η

2055 431 2066 492 ί
2104 428 2342 490 LIBER
2379 430 2407 489 Ι
2415 480 2426 492 .
3504 436 3611 502 398

359 549 464 602 τῶν
495 545 710 601 ἔνδοθεν
743 544 1101 616 πρασσόντων
1137 543 1426 610 καλωδίοις
1489 544 1599 598 τῶν
1641 544 1930 617 κλιμάκων

2055 545 2368 607 ιτιοιιοτειιι,
2399 552 2454 600 et
2488 545 2592 615 ipsi
2622 561 2842 617 quoque
2875 563 2976 620 pro
3009 549 3150 605 virili
3184 566 3282 606 sua
3325 549 3380 606 in
3405 563 3616 622 partem

358 640 822 706 ἀνελκυσθεισων,
877 641 1079 702 αὐτοὺς
1129 639 1451 695 ἀναϐαίνειν
1505 639 1783 711 πρώτους,
1834 641 1930 694 καὶ⁸

2055 627 2248 693 ηουοτίε
2287 636 2562 692 venirent.
2603 637 2899 710 Quingenti
2967 638 3059 694 aIii
3105 640 3298 696 eadem
3344 641 3413 697 de
3453 633 3618 698 causa

359 733 665 805 ἀμύνεσθαι
734 735 800 790 ἄν
856 751 944 797 τις
1002 734 1153 804 ἐπίῃ»
1202 733 1279 796 ὼς
1315 733 1383 786 ἂν
1433 733 1481 786 οἱ
1537 731 1656 802 μετ’
1733 733 1933 796 αὐτοὺς

2055 745 2151 785 ton
2204 729 2400 798 procul
2452 728 2751 786 distabant.
2805 730 2967 801 Apud
3012 731 3381 806 Amblyopum
3435 744 3620 805 proto-

357 825 701 882 ἀναϐαίνοιεν
734 826 874 880 κατὰ
926 826 1145 897 σχολήν.
1183 825 1321 880 Μετ’
1353 826 1598 887 ἐκείνους
1629 825 1686 878 δὲ
1714 823 1775 877 οὐ
1804 824 1943 877 πολὺ

2055 809 2246 877 ξιι-οιοι·
2300 821 2574 892 reliquum
2610 823 2936 878 oexercitum
2993 824 3048 878 in
3087 824 3256 880 armis
3301 826 3618 881 ordinatum

272 941 274 950 ι
357 921 578 988 ἀπέχων
621 908 823 973 ’ἑκατὸν
913 919 1147 988 λογάδας
1195 918 1344 987 ἄγων
1410 915 1659 982 ἐϐάδιζεν
1701 919 1729 971 ὁ
1791 916 1947 987 βασι-

2055 913 2382 969 :ontinebat.
2438 911 2531 969 Sic
2581 913 2768 985 itaque
2827 913 3116 986 dispositis
3166 917 3364 987 copiis,
3397 917 3622 972 silentio

357 1009 482 1072 λεὺς
533 1009 710 1080 πεζῇθ
746 1010 839 1062 καὶ
899 1010 1020 1080 μετ’
1070 1007 1373 1062 αὐτδνὸσον
1405 1008 1481 1081 μὴ
1531 1006 1944 1080 συμμίγνυσθαι

2055 1006 2559 1077 progrediebantur,
2619 1023 2688 1063 ne
2735 1025 2766 1063 a
2814 1011 3082 1065 mcenium
3110 1009 3438 1066 custodibus
3467 1011 3623 1066 audi-

362 1100 607 1173 ἀλλή).οις
626 1101 844 1174 ἑτέρους
870 1101 1160 1165 τοσούτους
1185 1103 1212 1156 ὁ
1249 1102 1425 1172 μέγας
1459 1100 1778 1172 δομέστικος
1805 1095 1941 1172 εἶχε.
2043 1109 2256 1170 rentur.

363 1194 500 1255 Τούς
538 1211 603 1264 γε
642 1196 750 1266 μὴν
780 1194 888 1248 τῶν
909 1195 1203 1248 διακοσίων
1222 1194 1446 1260 ἵππους,
1477 1194 1654 1266 ἕτεροι
1673 1194 1902 1264 ἔφιπποι
1927 1193 2174 1247 τοσοῦτοι
2214 1193 2714 1261 άγοντες,,ἓκαστος
2740 1195 2835 1248 ἕνα
2872 1196 3206 1267 παρείποντο
3237 1197 3338 1252 οὐκ
3367 1195 3621 1264 ἐγγύθεν,

363 1285 438 1348 ὡς
476 1285 542 1338 ἀν
574 1287 650 1357 μὴ
691 1289 804 1350 τοῖς
856 1287 966 1341 ἀπὸ
1029 1288 1125 1342 τοῦ
1163 1287 1383 1362 τείχους
1423 1288 1681 1359 αἴσθησιν
1708 1288 2050 1358 παράσχοιεν
2088 1285 2186 1340 τοῦ
2224 1286 2424 1356 ψόφου,
2458 1287 2576 1341 ἀλλ’
2607 1288 2674 1357 ἦν
2706 1305 2759 1342 τι
2829 1289 3096 1359 ἀδόκητον
3153 1290 3378 1363 συμϐῇ,
3407 1289 3534 1354 τούς
3565 1308 3624 1344 τε

363 1379 563 1443 ῐππους
620 1383 957 1453 παράσχοιεν
1002 1386 1116 1446 τοῖς
1170 1385 1474 1449 διακοσίοις
1507 1385 1935 1457 ἐπιδραμόντες,
1978 1383 2076 1440 καὶ
2136 1382 2487 1454 ὲπιϐοηθοίεν
2557 1385 2714 1438 αὐτοὶ
2758 1386 2829 1439 τά
2873 1386 3099 1442 δυνατά.
3135 1384 3358 1457 ’Έτεροί
3402 1405 3462 1442 τε
3493 1406 3626 1441 πεν-

361 1471 601 1526 τακόσιοι
635 1472 807 1544 ᾔεσαν
848 1475 1155 1545 ἀπέχοντες
1184 1477 1247 1530 οὐ
1312 1477 1448 1530 πολὺ
1518 1477 1723 1542 αὐτῶν,
1776 1476 1880 1547 τῆς
1928 1477 2101 1546 αὐτῆς
2141 1476 2235 1530 καὶ
2258 1476 2415 1529 αὐτοὶ
2441 1475 2607 1529 ἕνεκα
2636 1477 2837 1542 αἰτίας..
2881 1477 3005 1530 Ἐπὶ
3039 1478 3095 1530 δὲ
3120 1478 3216 1532 τοῦ
3259 1477 3624 1549 Ἀμϐλυώπου

360 1570 390 1619 ὁ
424 1566 864 1641 πρωτοστράτωρ
891 1563 960 1640 ἦν
984 1569 1084 1640 τὴν
1117 1569 1285 1641 ἀλλην
1335 1569 1553 1625 ἃπασαν
1604 1569 1745 1640 ἔχων
1817 1572 2088 1643 στρατιάν
2159 1572 2219 1624 έν
2289 1569 2483 1636 ὅπλοις
2541 1571 3062 1642 παρατεταγμένην.
3113 1571 3268 1625 Οὕτω
3316 1572 3383 1640 δὴ
3439 1573 3627 1626 διακο-

363 1660 674 1731 σμήσαντες
719 1661 817 1732 τὴν
869 1655 1152 1727 στρατιὰν,
1200 1661 1371 1732 ᾔεσαν
1446 1663 1650 1733 ἡσυχῇ,
1699 1661 1848 1724 ὃπως
1899 1662 1976 1733 μὴ
2037 1663 2150 1726 τοῖς
2219 1661 2583 1747 φυλάττουσιν
2621 1661 2875 1733 αἴσθησιν
2952 1661 3289 1737 παράσχοιεν
3353 1666 3628 1723 ἀπὸ“τιῖ›ν

361 1771 581 1827 τειχων.

1788 1895 2016 1953 CAPUT
2054 1893 2196 1949 LIX.
2215 1946 2227 1960 ,

363 2010 670 2068 Ostenditur
698 2011 981 2082 explicate,
1014 2031 1118 2090 quo
1164 2022 1322 2084 pacto
1352 2014 2048 2090 ponatuntinopolis_capta
2071 2016 2159 2068 sit.
2191 2013 2375 2090 Portis
2399 2014 2923 2090 apertisjrigreditnr
2943 1968 3342 2088 imperator.‘et
3370 2033 3486 2090 po.-.t
3511 2042 3629 2081 eum

435 2092 790 2164 protestrator
834 2099 957 2139 cum
991 2082 1212 2155 reliquis
1246 2087 1431 2155 copiis.
1481 2084 1625 2141 Mira
1669 2082 1976 2140 humanitas
2026 2087 2228 2155 nepotis
2265 2087 2320 2139 in
2375 2082 2553 2138 avum.
2598 2082 2918 2140 Patriam/ra
2956 2102 2983 2141 e
3021 2082 3345 2144 monasterio
3370 2082 3630 2164 tanquam

433 2170 641 2209 carcere
671 2154 947 2209 liberatur.

435 2274 499 2328 Oi
535 2275 634 2342 μὲν
663 2267 760 2327 οὖν
784 2273 885 2338 τὰς
919 2273 1198 2344 κλίμακας
1233 2273 1449 2346 ἔχοντες
1478 2275 1736 2347 τέτταρες
1761 2277 1855 2328 καὶ
1879 2271 1956 2327 εί-

2128 2271 2234 2339 Qui
2279 2272 2450 2341 igitur
2482 2272 2660 2327 scalas
2694 2271 2992 2339 habebant,
3042 2285 3281 2345 quatuor
3319 2288 3377 2335 et
3414 2279 3629 2354 viginti,

364 2383 487 2420 κοσι
540 2365 794 2428 λαθόντες
831 2366 960 2428 τοὺς
1003 2366 1254 2434 φύλακας
1307 2368 1511 2440 ῥαδίως
1563 2370 1678 2432 τοῖς
1730 2369 1944 2439 τείχεσι

2055 2365 2306 2421 fallentes
2335 2365 2619 2432 custodes,
2655 2363 2818 2420 facile
2847 2366 2915 2421 ad
2942 2382 3159 2424 murum
3185 2369 3434 2430 Camaris
3461 2376 3628 2434 ductu

365 2457 826 2529 προσέμιξαν.τοῦ
863 2458 1183 2530 Καμάριδος
1235 2460 1566 2530 ἡγουμένου,
1625 2459 1768 2513 κατά
1819 2459 1947 2522 τοὺς

2055 2459 2296 2529 proxime
2339 2465 2694 2513 accesserunt
2725 2473 2792 2514 eo
2819 2453 2928 2548 'ubi
2979 2460 3227 2530 ipsorum
3260 2467 3494 2523 studiosi
3537 2485 3632 2528 ex-

367 2551 712 2622 πράσσοντας
746 2549 846 2622 τὴν
893 2550 1124 2607 ἀλωσιν.
1161 2553 1273 2606 Καὶ
1321 2555 1447 2606 ἐπεὶ
1477 2553 1680 2616 αὐτοὺς
1715 2551 1948 2626 προσδο·

2055 2549 2344 2614 cubabant,
2379 2565 2409 2604 a
2437 2549 2643 2620 quibus
2675 2551 2941 2620 agebatur
2973 2560 3030 2606 ut
3063 2553 3195 2608 urbs
3225 2569 3536 2626 caperetur.
3566 2561 3635 2616 Et
3735 2620 3744 2626 _

370 2643 583 2706 κῶν-τας
618 2642 719 2696 οὐκ
773 2638 845 2714 ἦν
871 2643 1081 2710 λαθείν,
1143 2646 1244 2707 τὰς
1279 2644 1558 2715 κλίμακας
1590 2645 1943 2713 ἀνείλκυσαν,

375 2737 610 2790 καλώδια
637 2736 942 2803 καθιέντες,
973 2738 1070 2792 καὶ
1102 2740 1210 2792 ἀπὺ
1243 2738 1354 2792 τῶν
1407 2738 1692 2804 ἐπάλξεων
1715 2739 1946 2810 ἐξῆψαν.

386 2830 493 2880 Καὶ
520 2829 569 2882 oi
615 2829 941 2883 δυοκαίδεκα
983 2830 1203 2901 πρῶτον
1232 2831 1319 2900 ἐφ’
1359 2832 1630 2901 ἑκατέρας
1677 2830 1950 2902 κλίμακος

389 2920 623 2990 ἀνῆλθον.
670 2921 934 2986 Βασιλεὺς
967 2921 1026 2976 δὲ
1069 2923 1166 2976 καὶ
1207 2925 1236 2976 ό
1270 2923 1447 2993 μέγας
1474 2923 1801 2994 δομέστικος
1831 2921 1950 2994 ἅμα

383 3005 464 3074 οἷς
484 3008 630 3084 ἦγον,
658 3015 780 3068 ἐπεὶ
807 3015 1146 3084 πανσέληνος
1163 3011 1255 3086 ἦν,
1291 3016 1385 3068 καὶ
1411 3017 1446 3086 ἠ
1477 3014 1678 3087 σελήνη
1709 3015 1952 3085 διέφαινε

378 3106 664 3176 λαμπρῶς,
693 3109 845 3177 ὅμως
884 3106 974 3161 διά
1004 3108 1106 3178 τὴν
1137 3107 1245 3160 ἀπὸ
1268 3109 1368 3177 τῆς
1411 3106 1750 3180 πληρώσεως
1783 3123 1952 3177 μετα-

374 3199 542 3270 ϐολὴν
571 3200 812 3268 νεφελῶν
841 3201 903 3253 οὐ
944 3199 1087 3254 κατά
1132 3199 1192 3254 τδ
1237 3201 1488 3270 συνεχὲς,
1547 3199 1683 3254 ἀλλά
1729 3200 1954 3252 διεσπα-

385 3295 599 3362 σμένως
625 3295 716 3346 τὸν
752 3295 891 3360 ἀέρα
913 3293 1354 3363 ὐποτρεχουσῶν,
1372 3293 1460 3347 ὅτε
1482 3293 1580 3362 μέν
1602 3287 1672 3364 ἦν
1701 3294 1732 3363 ἡ
1759 3291 1954 3361 νεφέλη

375 3385 502 3437 κατ’
529 3383 742 3449 αὐτοὺς,
781 3384 1032 3449 ἐϐάδιζον
1063 3385 1166 3438 ὑπὸ
1193 3388 1260 3456 τῇ
1298 3387 1427 3456 σκιᾷ
1450 3402 1465 3417 ο
1505 3385 1725 3438 ἐπειδὰν
1770 3381 1826 3438 δὲ
1853 3401 1957 3437 πα-

378 3476 586 3546 ρέλθοι,
621 3475 1080 3546 κατακλινόμενοι
1130 3479 1210 3540 είς
1236 3479 1360 3548 γῆν,
1401 3477 1598 3548 ἑτέραν
1630 3476 1956 3547 περιέμενον

2048 2643 2176 2712 quia
2219 2641 2388 2712 ipsos,
2437 2650 2627 2712 utpote
2667 2651 3076 2712 exspectantes,
3122 2647 3293 2703 latere
3341 2665 3450 2706 non
3483 2663 3632 2722 pote-

2050 2746 2193 2801 rant,
2241 2735 2534 2790 submissis
2565 2734 2814 2800 funibus,
2863 2753 3003 2806 quos
3032 2755 3097 2793 ex
3132 2739 3316 2810 pinnis
3349 2758 3634 2801 murorum

2049 2830 2401 2893 aptaverant,
2449 2823 2638 2889 scalas,
2662 2838 2883 2879 sursum
2943 2829 3293 2887 attrahebant
3328 2834 3449 2889 :‘ita
3502 2836 3630 2893 duo-

2051 2911 2230 2966 decim
2274 2912 2358 2966 illi
2402 2912 2669 2983 utrinque
2709 2914 2874 2984 primi
2905 2918 3302 2977 ascenderunt.
3337 2921 3636 2995 Imperator

2051 3012 2258 3079 autem,
2297 3013 2354 3058 et
2385 3019 2616 3075 magnus
2653 3005 2991 3064 domesticus
3034 3025 3161 3066 cum
3189 3013 3306 3068 suis
3334 3020 3634 3085 centuriis,

2052 3097 2308 3166 quamvis
2356 3097 2486 3151 luna
2537 3097 2700 3167 pleno
2747 3100 2958 3155 lumine
3005 3111 3119 3157 tum
3163 3105 3397 3174 luceret,
3452 3118 3637 3168 tamen

2054 3199 2280 3260 propter
2331 3190 2627 3246 densarum
2679 3192 3157 3263 interpositionem
3213 3199 3478 3268 nubium,
3527 3220 3638 3260 non

2056 3282 2426 3350 continenter,
2459 3283 2555 3338 sed
2599 3286 2856 3354 sparsim,
2890 3302 2954 3342 ac
2985 3287 3244 3345 divulsini
3275 3294 3476 3348 coelum
3520 3311 3634 3367 per-

2058 3375 2360 3431 meantium
2397 3391 2412 3429 :
2445 3377 2668 3446 quando
2699 3378 2794 3432 lux
2821 3381 3227 3450 occultabatur,
3257 3388 3361 3441 sub
3399 3389 3640 3448 tenebris

2042 3468 2427 3533 incedebant;
2471 3469 2695 3540 quando
2717 3471 2836 3542 ejus
2871 3483 3126 3543 aspectus
3154 3477 3514 3546 reddebatur,
3560 3499 3637 3537 rc-

377 3567 637 3638 νεφέλην·
668 3568 764 3622 καὶ
811 3567 960 3622 οὕτω
999 3568 1310 3638 βαδίζοντες
1367 3569 1512 3622 κατὰ
1565 3567 1761 3638 μικρὸν
1790 3564 1953 3639 ἦλθον

2061 3559 2329 3616 cubantes
2374 3560 2556 3625 humi,
2595 3562 2758 3617 aliam
2805 3565 3006 3618 nubem
3039 3583 3162 3636 qua:
3189 3568 3378 3624 lunam
3413 3581 3642 3643 tegeret,

375 3628 546 3726 ἐγγὺς
563 3628 789 3732 ἰτειχῶν⁸
825 3661 947 3714 ἐπεὶ
974 3628 1032 3714 δὲ
1061 3628 1187 3714 ὅσον
1213 3628 1504 3731 ἐφικέσθαι
1536 3628 1681 3728 τόξῷ
1703 3628 1952 3730 ἀπείχον,

2055 3651 2468 3726 exspectabant.
2497 3652 2590 3707 Sic
2617 3654 2826 3708 sensim
2861 3656 3179 3722 gradientes
3211 3628 3499 3717 mamibu;
3522 3681 3642 3720 suc-

376 3753 428 3804 οί
460 3752 560 3822 μὲν
585 3753 691 3806 ἀπὸ
725 3753 834 3806 τῶν
867 3753 1068 3825 τειχῶν
1112 3753 1430 3823 αίσθόμενοι
1479 3751 1576 3823 βοῇ
1615 3765 1672 3805 τε
1715 3754 1958 3823 ἐχρῶντο

379 3843 477 3896 καὶ
531 3842 881 3912 ἀλαλαγμοῖς,
931 3843 1030 3898 καὶ
1081 3843 1414 3908 Βυζαντίους
1471 3841 1705 3896 ἐκάλουν
1755 3841 1850 3893 έπὶ
1888 3839 1957 3894 τὰ

377 3939 556 4008 τείχη,
584 3937 658 4000 ὡς
710 3938 998 4008 παρόντων
1057 3938 1374 4010 πολεμίων*
1401 3939 1452 3991 oi
1505 3935 1564 3991 δὲ
1598 3934 1801 4004 ἔξωθεν
1831 3938 1959 3991 έπέ-

380 4027 592 4100 δραμον
623 4031 716 4083 ἐπὶ
750 4031 850 4093 τὰς
895 4029 1170 4100 κλίμακας
1198 4028 1552 4098 ἀφειδοῦντες
1582 4026 1682 4099 ἠδη
1721 4028 1830 4084 τῶν
1863 4029 1958 4098 ψό-

383 4137 520 4188 φων,
552 4120 626 4184 ὡς
658 4121 764 4174 τῶν
792 4121 943 4174 ένδον
971 4120 1325 4192 ᾐσθημένων,
1361 4122 1454 4175 καὶ
1478 4120 1604 4173 ἐπεὶ
1623 4119 1873 4188 ἐγένοντο
1901 4121 1960 4174 ὲν

383 4211 596 4274 αὐτοῖς,
648 4211 806 4272 αὑτός
849 4227 910 4264 τε
962 4212 992 4264 ό
1044 4208 1302 4280 βασιλεὺς
1343 4200 1710 4280 προύθυμεῖτο
1742 4207 1961 4277 πρῶτος

384 4301 736 4366 ἀναϐαίνεινν
769 4302 868 4356 καὶ
913 4301 1003 4356 τὸν
1033 4302 1233 4372 ⁴μὲγαν
1279 4300 1608 4368 δομέστικον
1645 4298 1878 4353 Επεσθαί
1911 4297 1962 4351 σί

383 4394 710 4464 παρεκάλει,
743 4395 988 4464 οἰόμενος
1021 4393 1097 4457 ὡς
1150 4393 1217 4448 ἂν
1250 4393 1404 4447 αὐτοὶ
1455 4392 1723 4463 γένωνται
1772 4391 1867 4444 ἀπὶ
1893 4390 1963 4445 τὰ

384 4485 560 4555 τείχη,
613 4485 715 4541 κάν
777 4503 860 4549 τις
899 4485 1031 4559 ἐπίῃ
1064 4485 1176 4538 τῶν
1227 4485 1528 4552 πολεμίων,
1556 4485 1658 4539 οὐκ
1709 4484 1777 4540 ἄν
1830 4501 1962 4537 ποτε

389 4575 679 4647 τολμήσων
710 4576 791 4638 είς
821 4577 1008 4647 χεῖρας
1042 4575 1231 4640 αὐτοῖς
1259 4575 1433 4628 ἐλθεῖν
1458 4591 1472 4606 ·
1509 4573 1626 4628 ἀλλ’
1652 4575 1965 4645 ἀποσχήσε-

386 4684 480 4720 ται
535 4671 826 4738 γνωρίμων
877 4667 1208 4737 γενομένων.
1256 4667 1368 4721 Καὶ
1393 4667 1587 4721 τοῦτον
1615 4669 1709 4721 τὸν
1757 4668 1964 4739 τρόπον

387 4759 502 4820 τοῖς
555 4759 840 4828 σφετέροις
888 4757 1113 4812 ἔσεσθαι
1163 4760 1287 4812 ἀντὶ
1321 4759 1556 4813 πολλῶν.
1591 4761 1649 4814 Ὀ
1703 4759 1878 4828 μέγας
1906 4758 1964 4812 δὲ

2059 3753 2356 3801 cesserunt
2389 3761 2404 3799 :
2438 3761 2466 3800 a
2498 3746 2703 3816 quibus
2731 3747 2916 3803 adhuc
2947 3751 3126 3819 spatio
3160 3768 3270 3822 quo
3298 3755 3465 3810 telum
3495 3758 3642 3830 adigi

2059 3845 2259 3907 potest,
2290 3847 2535 3893 remotos
2571 3838 2880 3909 sentientes
2914 3842 3009 3911 qui
3041 3843 3097 3898 in
3137 3860 3297 3901 muro
3335 3859 3518 3917 erant,
3562 3851 3638 3906 in-

2035 3928 2310 4004 conditos
2335 3929 2608 3985 clamores
2646 3932 3015 4000 sustulerunt,
3043 3936 3302 4008 civesque
3335 3939 3402 3995 ad
3440 3945 3641 3998 uicenis

2061 4023 2120 4070 ut
2184 4017 2440 4074 hostibus
2498 4020 2872 4089 praesentibus
2927 4023 3291 4082 advocarunt.
3346 4029 3452 4094 Qui
3514 4033 3646 4090 foris

2057 4119 2240 4174 erant,
2271 4111 2341 4164 ad
2374 4111 2568 4178 scalas,
2601 4126 2711 4166 non
2757 4113 2870 4182 jam
2909 4126 3170 4172 caventes
3211 4121 3532 4187 tumultum,
3564 4135 3645 4180 [llr

2061 4212 2190 4270 pote
2218 4201 2288 4256 ab
2323 4202 2615 4271 oppidanis
2655 4203 2851 4268 uditi,
2881 4207 3264 4264 securi-ebant.
3299 4211 3514 4268 Interea
3546 4215 3646 4268 im-

2062 4304 2285 4363 perator
2321 4295 2437 4364 ipse
2459 4295 2717 4351 alacriter
2742 4299 2957 4366 primus
2978 4299 3336 4363 ascendebat.
3364 4300 3648 4375 magnum;

2061 4401 2169 4456 que
2208 4385 2570 4442 domesticum
2607 4387 2675 4442 ad
2720 4389 3065 4458 sequendum
3093 4391 3439 4458 hortabatur,
3471 4407 3645 4464 ratus,

2065 4480 2111 4534 si
2145 4479 2250 4550 ipsi
2284 4480 2339 4533 in
2385 4495 2575 4534 muros
2609 4481 2954 4548 evasissent,
2989 4484 3207 4540 etiamsi
3246 4487 3372 4556 quis
3403 4487 3646 4544 hostium

2065 4583 2258 4628 contra
2301 4574 2429 4637 iret,
2483 4589 2593 4628 non
2635 4589 2870 4629 ausuros
2903 4590 3128 4630 manum
3177 4593 3497 4646 conserere,
3549 4585 3646 4638 sed

2066 4666 2221 4721 velut
2256 4681 2287 4721 a
2331 4665 2479 4722 notis
2517 4666 2909 4736 refugiturum,
2951 4677 3115 4739 atque
3149 4670 3252 4727 bac
3286 4674 3499 4732 ratione
3536 4680 3651 4732 suis

2069 4758 2246 4813 instar
2280 4759 2582 4813 multorum
2625 4759 2765 4813 fore.
2801 4757 3004 4815 Verum
3037 4776 3270 4833 magnus
3311 4764 3654 4825 domesticus

389 4847 708 4918 δομέστικος
735 4849 836 4902 οὐκ
857 4850 1182 4919 ἐπέτρεπεν,
1220 4849 1335 4903 ἀλλ’
1372 4851 1716 4922 ἁμαρτάνειν
1762 4851 1956 4913 αὐτοὺς

2070 4849 2123 4904 id
2151 4865 2260 4904 non
2284 4849 2663 4918 permittebat,
2701 4848 2996 4919 aiebatque
3022 4866 3079 4905 se
3106 4861 3163 4906 et
3196 4853 3349 4908 ilium
3377 4855 3447 4910 ab
3477 4857 3657 4912 cilicio

390 4940 596 5009 ἔφασκε
646 4941 740 4995 τοῦ
797 4941 1039 5008 δέοντος,
1098 4942 1165 4996 ἂν
1187 4942 1362 4995 ταῦτα
1413 4943 1636 5003 ποιῶσι.
1686 4942 1810 4996 Τῶν
1851 4942 1956 5011 γὰρ

2069 4942 2436 5008 discessuros,
2470 4941 2517 4996 si
2545 4941 2663 5011 ‘boc
2698 4941 2980 5008 facerent;
3028 4958 3156 4997 nam
3195 4959 3263 4999 ex
3296 4947 3525 5018 reliquis
3563 4967 3656 5005 nc-

389 5035 828 5104 ὐτεολειφθέντων
863 5035 1200 5106 ἀναϐήσεται
1242 5035 1440 5100 οὖδεὶς,
1479 5037 1580 5088 οὐκ
1623 5033 1861 5106 ἀτολμίᾳ
1894 5035 1956 5105 τῇ

2068 5035 2272 5091 minem
2303 5047 2682 5096 ascensurum,
2731 5049 2843 5088 non
2874 5035 3004 5103 quia
3035 5035 3103 5090 ad
3133 5051 3220 5093 res
3252 5039 3453 5096 arduas
3511 5044 3658 5112 peri-

392 5129 526 5197 πρὸς
553 5129 621 5182 τά
643 5127 817 5192 δεινὰ,
857 5127 977 5182 οὐδὲ
1005 5128 1291 5199 κακονοίᾳ,
1328 5129 1444 5182 ἀλλ’
1484 5127 1719 5190 ἕκαστος
1749 5127 1956 5200 πρῶτος

2068 5127 2396 5196 culosasque
2433 5125 2611 5196 ignavi
2656 5134 2862 5192 essent,
2900 5127 3064 5198 186
3104 5144 3283 5200 neque
3309 5132 3658 5203 malignitate

396 5217 709 5272 ἀναϐαίνειν
742 5215 934 5285 ἀξιῶν,
961 5217 1066 5271 ὑπὸ
1101 5217 1436 5286 φιλονεικίας
1459 5219 1662 5280 πάντες
1694 5217 1784 5271 ὑπ’
1808 5219 1956 5288 ἀλλή-

2068 5219 2284 5287 aliqua,
2341 5216 2438 5272 sed
2474 5231 2601 5271 cum
2651 5216 3036 5286 unusquisque
3085 5221 3304 5289 primus
3351 5223 3658 5279 ascendere

391 5310 497 5366 λων
523 5311 953 5383 κωλυθήσονται.
985 5310 1098 5364 Καὶ
1126 5310 1188 5363 οὐ
1215 5311 1380 5381 μόνον
1403 5311 1740 5382 ἀναϐήσεται
1769 5309 1956 5375 οὐδεὶς1

2072 5308 2380 5378 cupiet,“
2444 5306 2797 5363 simulatione
2843 5323 3035 5363 omnes
3068 5310 3305 5366 invicem
3332 5311 3659 5382 impeditum
3725 5315 3734 5324 '

393 5403 523 5458 ἀλλά
570 5405 665 5458 καὶ
711 5403 878 5456 αὑτοῦ
917 5403 1328 5474 συστραφέντες
1366 5401 1620 5473 ἀλλήλοις
1654 5401 1956 5473 συμπεσοῦ-

2077 5404 2165 5458 iri.
2199 5401 2388 5472 Neque
2416 5403 2594 5457 solum
2627 5403 2840 5458 nullum
2869 5419 3251 5467 ascensurum,
3287 5405 3382 5460 sed
3417 5405 3494 5459 ibi
3526 5421 3662 5460 con-

391 5517 508 5551 νται
537 5492 1070 5570 καὶ”’διαφθεροῦσιν
1108 5495 1398 5567 ἀλλήλους,
1429 5496 1816 5566 ἶάμελήσαντες
1857 5495 1956 5551 τῶι

2077 5495 2342 5552 densatus
2388 5493 2534 5551 inter
2573 5511 2634 5551 se
2687 5507 3048 5566 pugnaturos,
3099 5495 3549 5568 dissidentesque
3595 5515 3659 5553 ac

391 5593 684 5663 πολεμίων.
711 5583 894 5661 Οὖδὴ
923 5589 1086 5643 ἕνεκα
1105 5591 1256 5661 ἡμᾶς
1289 5591 1439 5644 κάτω
1477 5589 1660 5658 μένειν
1695 5589 1814 5643 δέον
1837 5589 1956 5642 ἀνα-

2073 5586 2374 5657 litigantes,
2401 5586 2616 5642 hostem
2641 5587 3011 5658 neglecturos.
3047 5587 3225 5654 Quare
3253 5603 3352 5643 nos
3377 5590 3513 5644 infra
3547 5605 3660 5644 uia-

392 5688 721 5755 ϐιϐἀζοντας
765 5686 968 5749 αὐτοὺς
1001 5687 1060 5739 έν
1093 5684 1244 5750 τάξει
1280 5686 1370 5739 καὶ
1416 5684 1515 5757 τὴν
1565 5683 1685 5754 έριν
1723 5683 1956 5737 διαλύον-

2077 5689 2298 5744 nentes,
2329 5677 2531 5748 inquit,
2565 5688 2623 5733 ut
2652 5677 2731 5732 illi
2778 5679 2973 5734 ordine
3006 5678 3325 5753 ascendant,
3372 5678 3574 5746 facere,
3603 5691 3660 5734 et

387 5799 505 5844 τας.
530 5778 774 5833 Τοιαῦτα
797 5777 877 5846 τῷ
906 5759 1125 5848 μεγάλῳ
1146 5777 1354 5830 εἰπόντι
1385 5756 1693 5846 δομεστίκῳ
1723 5774 1956 5830 ἐπείθετε

2075 5771 2489 5828 contentionem
2517 5770 2818 5842 praecidere
2846 5782 3085 5846 Oportet.
3108 5771 3523 5842 Obtemperavit
3548 5789 3665 5828 lno-

387 5874 412 5924 ὀ
444 5873 725 5944 βασιλεὺς,
759 5869 856 5924 καὶ
890 5868 990 5939 τὴν
1018 5868 1204 5923 ἄνοδον
1236 5871 1509 5942 ἐπέτρεπε
1561 5871 1672 5932 τοῖς
1717 5867 1848 5936 περὶ
1878 5868 1956 5918 αὐ-

2073 5867 2206 5921 nitis
2237 5865 2568 5934 imperator,
2605 5871 2661 5950 e_t
2697 5863 2764 5919 iis
2796 5864 2891 5933 qui
2928 5864 3135 5920 circum
3170 5880 3228 5920 se
3260 5875 3439 5934 erant,
3480 5880 3665 5923 asceti-
