4016 6436
439 393 554 454 391i

1623 385 1948 449 JOANNIS
1987 387 2515 452 CANTACUZENI

3565 391 3656 455 400

447 519 568 561 sum
617 502 912 558 concessit.
960 501 1098 557 Cum
1146 507 1329 556 autem
1379 476 1536 555 mtilti
1573 499 2014 556 adhaerescentes

2143 503 2229 557 κόν.
2272 503 2490 556 Πολλῶν
2540 502 2596 557 δέ
2649 501 2706 556 ἐν
2760 499 2942 572 ταύτῷ
2993 501 3371 570 προσφύντων,
3425 504 3510 557 καὶ
3563 507 3665 576 ἅμα

447 596 614 652 simul
662 595 963 650 ascendere
1015 602 1397 658 conarentur,
1457 593 1616 647 scalae
1671 592 2024 663 imperatoris

446 687 681 759 ponderi
735 687 1013 756 impares,
1064 687 1244 754 ruptis
1287 684 1514 739 funibus
1549 685 1752 754 quibus
1789 684 2030 738 attrahe-

447 781 688 844 bantur,
732 778 1100 840 deciderunt,
1137 777 1377 846 solaeque
1420 776 1625 831 relictas
1670 783 1799 830 sunt
1845 775 2028 845 magni

451 869 774 935 domestici,
814 861 913 939 per
945 883 1079 938 quas
1118 867 1398 938 sigillatim
1451 877 1506 922 et
1539 867 1804 937 paulatim
1840 881 2030 920 ascen-

453 963 678 1028 derunt,
739 961 1008 1016 ambobus
1057 959 1390 1024 astantibus,
1433 973 1536 1014 nec
1583 958 1748 1012 minis
1793 967 2029 1020 tantum,

454 1057 550 1113 sed
577 1056 750 1127 plagis
779 1069 1000 1125 quoque
1025 1069 1082 1109 se
1118 1053 1462 1122 itnpellentes
1492 1052 1901 1108 cohibentibus.
1923 1049 2029 1106 Ubi

451 1151 617 1218 paulo
657 1149 838 1203 minus
871 1153 1095 1201 centum
1141 1143 1530 1206 ascenderunt,
1571 1141 1864 1211 praefectus
1896 1139 2033 1210 vigi-

451 1243 565 1297 lum
611 1239 954 1311 Synadenus,
991 1237 1209 1292 Marulae
1248 1235 1418 1302 (ilius,
1447 1235 1515 1289 ad
1561 1235 1860 1289 clamorem
1897 1245 2025 1301 pro-

454 1328 592 1404 pere
633 1349 756 1388 cum
805 1331 1056 1386 ducentis
1104 1327 1353 1384 subsidio
1406 1341 1728 1387 accurrens,
1785 1322 2032 1377 nondum

457 1429 646 1482 hostes
702 1428 757 1479 in
811 1424 1086 1479 moenibus
1124 1436 1268 1487 esse,
1311 1419 1405 1474 sed
1453 1419 1590 1472 foris
1637 1417 1818 1472 adhuc
1861 1430 2035 1486 oppu-

454 1534 622 1589 gnare
648 1533 770 1571 cum
797 1513 988 1584 paucis
1014 1527 1152 1582 quos
1176 1511 1468 1575 ducerent,
1492 1509 1812 1572 arbitratus,
1837 1507 1891 1560 in
1917 1521 2037 1560 mu-

436 1626 577 1664 r-rnm
604 1606 872 1670 ascendit,
904 1605 1092 1659 volens
1133 1618 1363 1657 noscere
1411 1600 1543 1672 quid
1579 1609 1862 1671 ageretur.
1930 1598 2035 1653 Ca-

453 1715 582 1775 ptus
612 1710 700 1756 est
728 1709 910 1754 autem
934 1699 1053 1768 ipse
1084 1712 1208 1752 cum
1241 1696 1430 1758 sociis,
1459 1693 1552 1764 qui
1589 1693 1752 1749 simul
1777 1691 2038 1766 ascende-

460 1803 612 1860 runt,
648 1793 717 1848 ab
756 1792 822 1847 iis
857 1791 962 1861 qui-
991 1791 1099 1860 jam
1149 1803 1314 1858 super
1343 1803 1503 1842 muro
1555 1786 1896 1841 visebantur.
1931 1783 2035 1850 Qui

2129 595 2444 649 ἀναϐαίνειν
2492 594 2876 665 πειρωμένων,
2907 595 2940 663 ή
2972 593 3066 647 τοῦ
3097 592 3360 662 βασιλέως
3403 594 3589 665 κλίμαξ
3615 600 3668 652 τὸ

2130 686 2293 756 βάρος
2318 687 2418 739 οὐκ
2447 685 2752 754 ἐνεγκοῦσα
2774 685 3044 739 κατέπεσε
3062 685 3167 737 τῶν
3195 685 3372 740 κάλων
3397 691 3666 758 ῥαγέντων.

2129 778 2240 831 Kal
2282 776 2424 846 μόνη
2454 775 2903 845 καταλέλειπτοή
2945 775 3058 836 τού,
3073 775 3307 845 μεγάλου
3339 776 3667 845 δομεστίκου·

2127 871 2223 922 καὶ
2258 869 2326 920 δι’
2367 869 2535 937 αὐτῆς
2566 869 2802 938 ἀνῄεσαν
2829 867 2951 920 καθ’
2989 866 3087 920 ἕνα
3110 868 3206 919 xal
3245 867 3403 938 σχολῇ
3435 869 3558 936 πρὸς
3584 872 3671 940 τὴν

2130 957 2398 1012 ἀνάϐασιν
2425 959 2755 1028 ἀμφοτέρων
2797 957 3140 1028 ἐφεστώτων,
3189 959 3282 1012 καὶ
3311 949 3406 1013 olnt
3444 960 3674 1024 ἀπειλαῖς

2144 1049 2323 1119 μόνον,
2363 1050 2499 1104 ἀλλὰ
2528 1050 2623 1104 καὶ
2667 1051 2902 1120 πληγαῖς
2935 1052 3240 1121 ἐπεχόντων
3275 1051 3364 1105 τὸν
3401 1052 3532 1121 ἄγαν
3559 1037 3688 1106 ώθιέ

2149 1143 2271 1211 μόν.
2309 1141 2466 1196 Ἐπεὶ
2495 1143 2540 1196 δ’
2572 1143 2738 1214 ὀλίγῳ
2773 1144 2984 1206 δέοντες
3017 1144 3250 1214 ἀνῆλθον
3279 1146 3489 1210 ἑκατὸν,
3526 1149 3552 1199 6
3586 1147 3674 1217 τὴν

2131 1233 2239 1286 τῶν
2279 1235 2539 1304 φυλάκων
2583 1236 2904 1306 ἐπιμέλειαν
2943 1238 3414 1306 ἐπιτετραμμένος
3459 1238 3677 1306 Συναδηο

2133 1326 2244 1389 νὸς,
2275 1327 2303 1378 6
2332 1325 2426 1380 τοῦ
2462 1328 2750 1398 Μαρούλη,
2781 1327 2918 1398 πρὸς
2952 1328 3051 1400 τὴν
3080 1328 3210 1400 βοὴν
3239 1329 3403 1396 ὀξέως
3432 1329 3543 1398 ἃμα
3572 1329 3678 1384 δια-

2135 1419 2342 1481 κοσίοις
2369 1419 2765 1490 ἐπιϐοηθήσας,
2796 1420 2952 1473 οὖπω
2979 1421 3216 1490 νομίζων
3249 1421 3342 1474 ἐπὶ
3371 1420 3460 1473 τοῦ
3488 1421 3681 1490 τείχους

2134 1504 2275 1562 εἶναι
2317 1509 2442 1573 τοὺς
2483 1510 2800 1582 πολεμίους,
2843 1510 2959 1564 ἀλλ’
2990 1510 3193 1574 ἔξωθεν
3235 1515 3550 1582 ἐπιχειρεῖν,
3578 1512 3682 1582 ἅμα

2134 1601 2336 1668 ὀλίγοις
2365 1595 2439 1655 ὧν
2481 1597 2640 1672 ἦγεν,
2689 1601 2975 1657 ἀνέϐαινεν
3018 1605 3110 1656 ἐπὶ
3146 1604 3206 1656 τὸ
3251 1589 3427 1674 τεῖχος
3462 1606 3488 1657 ὃ
3515 1621 3563 1657 τι
3607 1605 3680 1674 είη

2135 1689 2205 1743 τὰ
2245 1690 2501 1761 δρώμενα
2528 1691 2852 1761 βουλόμενος
2887 1691 3101 1762 μαθεῖν.
3148 1693 3258 1744 Kal
3287 1695 3445 1756 αὐτός
3473 1711 3528 1748 τε
3557 1695 3685 1749 ἐάλω

2137 1782 2232 1835 καὶ
2260 1783 2308 1834 oi
2344 1783 2750 1847 συναναϐάντες
2779 1783 2884 1836 ὑπὸ
2920 1783 3029 1836 τῶν
3052 1783 3392 1853 ἐφεστώτων.
3429 1785 3687 1849 Μαθὸντες

457 1896 518 1940 ιιι
552 1859 889 1944 didicerunt,
925 1859 1104 1950 ipsum
1135 1878 1452 1948 praefectum
1485 1876 1742 1932 cohortes
1777 1874 1844 1929 ad
1869 1889 2028 1943 opem

2143 1873 2191 1927 δέ
2227 1876 2310 1929 ὅτι
2347 1877 2511 1940 αὐτὸς
2531 1876 2657 1945 ἄγοι
2689 1877 2788 1947 τὴν
2821 1878 3111 1945 ξστρατιὰν,
3153 1880 3266 1942 τοῖς
3307 1879 3453 1932 κάτω
3491 1878 3687 1948 ἐπεφώ-

455 1978 752 2040 adducere,
800 1979 1092 2042 cmperunt
1123 1969 1434 2024 acclamare
1469 1968 1556 2022 his
1600 1968 1694 2037 qui
1731 1967 1912 2021 adhuc
1948 1966 2030 2019 in-

457 2070 539 2124 fra
588 2075 767 2131 erant,
819 2065 1106 2127 cederent,
1138 2077 1241 2116 nec
1283 2070 1652 2131 repugnarent
1686 2059 2030 2128 imperatori,

457 2161 551 2232 qtti
589 2161 699 2232 jatn
747 2157 890 2212 intra
938 2167 1124 2210 muros
1172 2161 1338 2217 esset,
1387 2151 1692 2221 praesertim
1744 2150 1883 2204 duce
1919 2150 2031 2220 jam

460 2268 652 2308 eorum
691 2259 887 2319 capto;
921 2263 1030 2302 non
1067 2245 1215 2301 enim
1257 2245 1346 2299 die
1371 2243 1613 2297 crastina
1649 2256 1868 2310 pmnam
1897 2240 2036 2293 vita-

459 2356 636 2409 turos,
665 2344 710 2398 si
743 2341 876 2412 quid
921 2338 1124 2394 hostile
1154 2337 1438 2390 auderent.
1465 2334 1581 2400 Qua
1608 2348 1743 2387 voce
1773 2330 2034 2387 commoti

455 2437 684 2497 inferni.
735 2434 919 2489 statim
961 2429 1186 2485 mutatis
1235 2427 1432 2482 animis
1475 2426 1794 2494 imperatori
1842 2424 2038 2478 faustis

457 2527 947 2586 acclamationibus
990 2520 1250 2592 gratulati
1295 2526 1448 2581 sunt,
1485 2521 1660 2586 parati
1710 2533 1834 2572 eum
1887 2516 2041 2586 adiu-

458 2635 588 2675 vare
636 2624 899 2688 quantum
950 2619 1209 2682 possent;
1255 2608 1621 2677 serpebatque
1679 2623 1778 2676 per
1831 2607 2041 2675 reliqua

458 2713 660 2768 mmnia
687 2711 830 2764 inter
849 2707 1051 2760 milites
1067 2704 1121 2758 in
1144 2705 1526 2772 imperatorem
1553 2701 1674 2756 laeta
1701 2700 2040 2754 acclamatio.

455 2805 614 2874 Quod
645 2804 782 2873 ipse,
833 2808 889 2855 et
937 2811 1165 2867 magnus
1209 2793 1548 2849 domesticus
1590 2793 1896 2857 audientes,
1929 2806 2041 2845 non

445 2907 568 2978 .jam
599 2899 762 2966 scalis
793 2894 1052 2952 haerendo
1078 2889 1440 2946 laborandum
1471 2887 1748 2953 dicebant,
1774 2896 1826 2942 et
1864 2897 1924 2941 ut
1949 2887 2041 2955 qui

459 2991 840 3053 ascenderant,
871 2994 1054 3056 portas
1085 2989 1418 3044 reserarent,
1445 2979 1854 3034 succlamabant
1900 2979 2042 3048 (25).

467 3085 681 3154 Quibus
713 3080 1074 3152 apertis,cum
1100 3059 1312 3144 reliquo
1343 3071 1558 3141 agmine
1590 3071 1836 3126 introivit
1869 3071 2044 3140 impe-

2132 1981 2259 2016 νουν
2292 1965 2541 2018 ὑπείκειν
2593 1967 2689 2018 καὶ
2729 1964 2806 2037 μὴ
2842 1963 3201 2020 ἀνθίστασθαι
3239 1966 3318 2036 τῷ
3363 1967 3467 2038 νέῳ
3499 1965 3690 2036 βασιλεῖ

2132 2058 2234 2127 ἤδη
2265 2057 2416 2121 ἐντδς
2445 2059 2559 2112 ὄντι
2584 2059 2785 2130 τειχῶν
2805 2077 2817 2090 ·
2848 2059 3086 2128 μάλιστα
3118 2059 3163 2112 δ’
3192 2060 3274 2113 ὅτι
3305 2062 3400 2114 καὶ
3429 2059 3520 2112 τοῦ
3544 2075 3688 2128 στρα-

2137 2149 2310 2220 τηγοῦ
2367 2151 2548 2204 αὐτῶν
2607 2151 2943 2216 ἑαλωκότος,
3001 2152 3102 2206 οὐκ
3166 2153 3235 2206 ἂν
3289 2153 3596 2222 διαφύγοιεν
3640 2152 3693 2202 τὸ

2133 2245 2330 2299 δοῦναι
2384 2245 2543 2314 δίκην
2574 2247 2632 2308 ἐς
2665 2246 2765 2312 τὴν
2805 2245 3118 2314 ὑστεραίαν,
3162 2245 3258 2299 ἐὰν
3303 2263 3354 2299 τι
3397 2243 3692 2314 ἐπιχειρῶσι

2139 2337 2417 2407 βλάπτειν.
2459 2338 2548 2398 Ὦς
2574 2337 2632 2390 δέ
2671 2339 2914 2408 ἥκουσαν
2950 2339 3000 2390 oi
3038 2338 3284 2392 κάτωθεν
3329 2339 3410 2391 ὅτι
3447 2336 3614 2391 αὐτῶν
3645 2353 3694 2387 τε

2137 2431 2166 2483 6
2193 2430 2495 2498 στρατηγὸς
2523 2429 2686 2497 ἐάλῳ,
2713 2430 2809 2482 καὶ
2834 2431 2861 2481 6
2887 2429 3006 2492 νέος
3037 2428 3299 2497 βασιλεὺς
3327 2428 3474 2490 ἐντὸς
3500 2428 3578 2498 εῖη
3601 2442 3700 2478 τει-

2141 2520 2274 2588 χῶν,
2311 2519 2711 2586 μεταϐαλόντες
2749 2520 2936 2587 εὐθὺς,
2985 2520 3276 2590 εὐφήμουν
3334 2536 3394 2574 τε
3443 2520 3533 2572 τὸν
3589 2516 3696 2569 νέον

2149 2609 2392 2678 βασιλέα,
2432 2613 2528 2663 καὶ
2558 2611 2766 2680 ἐτοιμοι
2797 2608 2937 2682 ἦσαν
2983 2612 3347 2682 συναίρεσθαι
3397 2612 3463 2665 τὰ
3491 2610 3697 2664 δυνατά.

2144 2705 2253 2758 Kal
2282 2703 2425 2756 κατὰ
2451 2707 2511 2756 τὸ
2542 2705 2828 2759 ἐπίλοιπον
2875 2704 2970 2758 τοῦ
3001 2705 3218 2775 τείχους
3279 2707 3463 2776 ἠρέμα
3499 2704 3595 2774 ἤδη
3621 2701 3699 2756 διὰ

2145 2795 2364 2849 πάντων
2396 2795 2482 2867 ᾔει
2505 2797 2544 2861 ἡ
2563 2796 2656 2849 τοῦ
2690 2797 2812 2849 νέου
2837 2795 3100 2868 βασιλέως
3129 2796 3402 2868 εὐφημία.
3437 2797 3500 2848 ⁸0
3524 2796 3582 2865 δὴ
3615 2793 3699 2862 βαι

2147 2891 2331 2954 σιλεύς
2361 2909 2421 2944 τε
2452 2891 2548 2946 καὶ
2577 2892 2605 2943 6
2624 2891 2798 2961 μέγας
2829 2891 3152 2961 δομέστικος
3183 2893 3496 2957 ἀκούοντες,
3534 2888 3702 2942 οὐκέτι

2146 2978 2362 3048 ἔφασαν
2395 2981 2503 3034 δεῖν
2537 2983 2603 3050 τῇ
2642 2963 2877 3049 κλίμακι
2926 2981 3311 3051 προσέχοντας
3361 2980 3702 3048 ταλαιπωρεῖ-

2153 3071 2312 3126 σθαιο
2355 3072 2492 3126 ἀλλὰ
2563 3075 2674 3134 τοῖς
2719 3073 2953 3126 ἀναϐᾶσι
2989 3076 3368 3142 προσέταττον
3420 3073 3566 3143 σφίσι
3617 3072 3705 3132 τὰς

453 3187 641 3242 .rator,
661 3174 931 3246 pauloque
951 3178 1072 3241 post
1087 3174 1451 3238 protostrator
1467 3179 1590 3218 cum
1619 3172 1734 3219 toto
1761 3163 2042 3254 qui’resta-

2155 3161 2330 3226 πύλας
2366 3163 2706 3232 ἀνοιγνύναι.
2745 3162 2858 3218 Kal
2903 3165 3024 3218 ἐπεὶ
3047 3165 3408 3238 ἀνεώχθησαν
3459 3167 3571 3237 ἅμα
3610 3165 3706 3224 τοῖς

453 3270 558 3324 bat
585 3266 850 3321 exercitu.
877 3261 1204 3329 Progressus
1235 3255 1303 3310 ad
1349 3254 1613 3324 palatium
1649 3269 1840 3324 nepos,
1883 3271 2044 3310 avum

464 3366 732 3418 consueto
781 3369 935 3408 more
986 3346 1420 3404 venerabundns
1474 3346 1735 3401 salutavit
1787 3347 1934 3417 (24);
1992 3361 2049 3404 et

466 3466 592 3507 cum
625 3445 944 3516 aliquandiu
969 3439 1366 3500 consedissent,
1391 3453 1526 3492 avus
1551 3438 1701 3492 velut
1729 3449 1959 3507 propter
1983 3449 2047 3493 ea

463 3559 589 3614 quae
625 3538 943 3596 acciderant
971 3541 1144 3588 semet
1181 3531 1441 3585 incusans
1473 3531 1613 3585 bene
1644 3545 1703 3586 se
1731 3532 2048 3586 meminisse

464 3635 644 3689 aiebat
671 3629 964 3685 verborum
983 3625 1104 3688 eius
1137 3621 1395 3692 (innuens
1411 3637 1470 3676 se
1488 3621 1642 3675 utilia
1663 3631 1718 3676 et
1734 3623 2047 3677 necessaria

466 3719 717 3779 suadenti
759 3732 869 3771 non
907 3712 1362 3784 obtemperasse).
1408 3711 1492 3767 Ab
1513 3712 1670 3767 initio
1692 3721 1875 3767 autem
1904 3713 2046 3768 idem

467 3823 522 3871 et
561 3811 738 3867 simile
770 3822 989 3877 semper
1021 3803 1242 3859 diabolo
1267 3818 1387 3858 esse
1420 3803 1662 3858 studium
1689 3805 1922 3859 nocendi
1950 3805 2050 3861 ho—

450 3907 733 3964 ;minibus,
761 3913 1088 3970 semperque
1110 3911 1237 3952 eum
1269 3893 1614 3952 tnalelacere.
1651 3896 1809 3965 187
1833 3895 1898 3950 Et
1923 3911 2048 3952 cum

446 3999 690 4054 Jallatnr
715 3993 1136 4063 deeipiaturque
1165 3989 1387 4057 sapius,
1419 3988 1477 4041 in
1500 3987 1831 4057 quibusdam
1864 3997 2048 4046 tamen

470 4099 600 4143 voto
659 4101 760 4141 suo
809 4083 999 4154 potiri,
1039 4088 1100 4135 ut
1154 4079 1208 4133 in
1243 4079 1330 4134 bis
1381 4094 1502 4147 quae
1544 4093 1692 4133 nunc
1738 4081 2046 4136 evenerint.

448 4183 598 4238 .llaec
621 4193 791 4248 nepos
821 4189 1045 4231 assensu
1076 4171 1442 4228 conﬁrmavit.
1472 4169 1620 4224 Tum
1640 4186 1872 4242 magnus
1900 4173 2050 4244 logo-

473 4273 625 4326 theta
670 4265 1022 4327 Metocbites,
1065 4261 1158 4330 qui
1213 4274 1403 4314 eorum
1453 4258 1692 4312 sermoni
1742 4259 2046 4316 intererat:

443 4387 454 4408 -.
469 4361 766 4428 Quousque
797 4353 1014 4408 tandem
1048 4351 1165 4405 haec
1186 4348 1500 4420 patiemur?
1534 4347 1730 4417 inquit.
1758 4347 1872 4404 Nisi
1898 4353 2048 4407 enim

457 4451 642 4508 zvosin
672 4440 1358 4506 concordiamj'edieritis,
1385 4439 1523 4494 nihil
1559 4439 1650 4493 [iet
1679 4455 1709 4494 e
1738 4444 2044 4510 republica.

2151 3255 2479 3318 ἐπιλοίποις,
2528 3253 2704 3324 εἰσῄει
2743 3255 2838 3309 καὶ
2874 3259 2902 3309 6
2936 3254 3217 3326 βασιλεὺς,
3261 3261 3404 3328 μετά
3440 3259 3627 3328 μικρὸν
3659 3255 3709 3307 δέ

2149 3349 2245 3401 καὶ
2285 3349 2314 3401 6
2364 3347 2812 3417 πρωτοστράτωρ
2852 3349 2970 3419 ἅμα
3031 3349 3130 3402 σὺν
3174 3353 3346 3406 παντὶ
3386 3351 3596 3420 εἰσῆλθε
3640 3348 3709 3417 τῷ

2151 3437 2403 3508 στρατῷ·
2436 3439 2532 3492 καὶ
2561 3438 2699 3509 πρὸς
2726 3441 2794 3492 τὰ
2834 3439 3084 3510 βασίλεια
3133 3440 3315 3498 ἐλθὼν
3353 3445 3380 3497 6
3412 3443 3527 3504 νέος
3569 3441 3710 3511 βασις

2151 3529 2300 3594 λεὺς,
2327 3529 2419 3584 τὸν
2439 3530 2664 3600 βασιλέα
2691 3533 2789 3585 καὶ
2823 3534 3046 3587 πάππον
3071 3533 3710 3606 προσεκύνησεν,οῶσπερ

2149 3614 2218 3688 ἦν
2251 3619 2376 3684 ἐθος
2405 3620 2555 3692 αύτῷ
2580 3636 2595 3650 °
2633 3622 2729 3674 καὶ
2761 3621 3126 3686 καθεσθέντες
3153 3627 3376 3695 μικρὸν,
3413 3627 3441 3677 6
3486 3619 3712 3693 πρεσϐύ-

2151 3729 2310 3784 τερος
2341 3712 2632 3783 βασιλεὺς,
2658 3714 2851 3784 ὥσπερ
2881 3714 2975 3767 ἐπὶ
3013 3716 3126 3778 τοῖς
3159 3717 3411 3785 συμϐᾶσι
3437 3729 3712 3784 καταμεμ-

2152 3803 2388 3874 φόμενος
2413 3806 2630 3869 ἑαυτὸν,
2669 3805 2984 3876 μεμνῆσθαι
3014 3804 3170 3874 ἔλεγε
3199 3807 3392 3871 καλῶς
3422 3807 3530 3860 τῶν
3554 3805 3712 3871 λόγων

2153 3897 2265 3968 τῶν
2301 3897 2486 3965 αὑτοῦ,
2519 3899 2896 3969 αἰνιττόμενος
2929 3899 3006 3963 ὡς
3038 3906 3106 3954 τὰ
3137 3899 3402 3973 λυσιτελῆ
3435 3903 3527 3954 καὶ
3543 3901 3714 3954 δέοντα

2153 3990 2588 4058 συμϐουλεύοντι
2620 3991 2721 4044 οὐκ
2766 3989 3018 4044 ἐπείθετο
3065 3991 3236 4061 αὐτῷ.
3281 3995 3374 4060 Ἐξ
3412 3993 3586 4066 ἀρχῆς
3607 3991 3716 4060 μέν·

2151 4097 2236 4134 τοι
2277 4080 2399 4150 ἴσην
2432 4081 2528 4135 καὶ
2549 4082 2746 4152 ὁμοίαν
2780 4081 2858 4150 τῷ
2890 4082 3128 4153 διαϐόλῳ
3163 4078 3310 4138 εἶναι
3359 4086 3459 4157 τὴν
3491 4079 3714 4150 σπουδὴν

2153 4172 2284 4242 περὶ
2321 4172 2382 4225 τὸ
2411 4172 2676 4242 βλάπτειν
2719 4175 2844 4234 τοὺς
2893 4171 3238 4242 ἀνθρώπους,
3273 4177 3373 4230 καὶ
3404 4177 3494 4230 ἀεὶ
3541 4169 3713 4230 κακῶς

2152 4267 2329 4318 ποιεῖν
2380 4265 2698 4334 ἐπιχειρεῖν.
2744 4266 2852 4316 Kal
2893 4264 3230 4332 σφάλλεσθαι
3273 4267 3378 4334 μέν
3420 4265 3488 4320 τὰ
3527 4263 3713 4318 πλείωο

2153 4357 2268 4409 ἐστι
2299 4356 2357 4408 δέ
2385 4357 2442 4408 ἐν
2476 4351 2556 4419 οἷς
2584 4357 2679 4409 καὶ
2718 4357 3102 4426 ἐπιτυγχάνειν
3128 4357 3322 4430 ὥσπερ
3353 4359 3451 4414 καὶ
3491 4359 3584 4412 ἐπὶ
3613 4357 3716 4415 τοῖς

2155 4447 2274 4502 νυνὶ
2313 4447 2713 4518 συμϐεϐηκόσι.
2753 4449 2862 4502 Kal
2894 4453 2920 4502 6
2950 4449 3070 4513 νέος
3122 4451 3386 4520 βασιλεὺς
3418 4449 3716 4505 συνετίθετο

1704 4576 1920 4638 Iacobi
1962 4579 2238 4642 Pontani
2273 4590 2461 4642 noue.

551 4702 834 4779 ($3)AQuid
892 4701 1192 4769 imperator
1215 4710 1416 4779 dsenex
1458 4697 1526 4779 ad
1569 4699 1874 4779 secundum
1906 4716 2048 4756 nun-
2079 4712 2126 4770 ι)
2154 4706 2258 4779 bus
2284 4705 2544 4779 ducibus,
2585 4715 2641 4760 et
2671 4707 2910 4761 tribunis
2943 4710 3056 4763 suis
3100 4711 3441 4772 convocatis,
3489 4710 3718 4779 graviter

475 4767 614 4835 tiu‘m
648 4767 734 4828 'de
781 4767 1034 4841 ingressu
1062 4767 1281 4841 nepotis
1312 4768 1367 4820 in
1403 4769 1590 4841 urbem
1632 4768 1845 4841 fecerit,
1879 4786 2048 4840 στρος

473 4849 557 4902 nit
603 4837 874 4913 Gregoras
905 4839 1002 4913 psic
1040 4855 1052 4891 :
1089 4839 1393 4913 Imperator
1418 4837 1586 4913 _solus
1648 4839 1884 4902 relictus,
1949 4837 2050 4894 nec

475 4906 798 4987 quemquam
822 4912 1046 4987 habent,
1073 4910 1281 4987 quicum
1339 4906 1573 4987 dolorem
1591 4983 1601 4987 _
1617 4924 1795 4987 suam:
1816 4925 2050 4987 comma-

477 4977 699 5048 iticar'ét,
735 4985 788 5036 in
818 4996 971 5034 suum
1028 4977 1280 5031 lcetulum
1333 4986 1382 5028 et
1435 4978 1543 5045 ipse
1584 4979 1844 5048 incubuit,
1897 4981 2047 5034 nulla

473 5066 614 5110 reue
634 5064 814 5115 exuta,
848 5052 938 5103 sed
961 5065 1068 5100 una
1100 5063 1217 5099 cum
1269 5047 1332 5098 iis
1385 5055 1623 5099 extrema
1681 5047 2049 5114 desperatione

473 5128 688 5185 induta,
750 5124 928 5174 animo
983 5118 1201 5181 crebris,
1247 5125 1294 5168 et
1357 5116 1571 5168 diversis
1633 5118 2046 5185 cogitationibus

453 5184 734 5250 emtuante
765 5191 1000 5260 jacebat,
1039 5203 1224 5256 corpus
1268 5187 1364 5260 hac
1415 5194 1574 5260 atque
1599 5184 1728 5260 illuc
1757 5189 2044 5260 στεῦται-ε.

475 5266 704 5320 volvens.
742 5255 962 5316 [nterim
1002 5255 1222 5326 magnus
1256 5257 1323 5307 ad
1371 5255 1561 5323 palatii
1596 5255 1732 5321 [ores
1786 5257 2044 5311 tumultus

477 5337 712 5396 auditur,
761 5330 995 5400 junioris
1043 5327 1380 5394 imperatoris
1426 5326 1720 5400 inpressum
1757 5329 2078 5400 nuntians,

474 5416 521 5458 et
565 5395 782 5472 plausus
838 5413 1109 5472 armorum
1159 5410 1403 5472 magnus.
1471 5395 1638 5472 Erant
1685 5395 1821 5472 enim
1859 5395 2048 5472 milites

473 5465 700 5542 amplius
739 5469 1020 5542 octingenti
1073 5481 1189 5517 cum
1217 5469 1553 5542 imperatore.
1596 5465 1838 5542 ingressi,
1876 5466 2042 5542 simul

471 5531 631 5595 etiam
661 5541 848 5610 [uastis
878 5531 1110 5604 nudique
1157 5531 1835 5610 acclamationibttsjunior
1869 5534 2038 5601 impe-

473 5623 622 5665 rator
661 5602 1046 5666 salutabatur,
1103 5614 1212 5656 etc.
1259 5605 1330 5655 lix
1361 5612 1549 5655 nostro
1587 5602 1851 5654 historico
1907 5619 2040 5657 con-

473 5691 581 5734 stat
613 5681 677 5733 ad
737 5684 1043 5747 nongentos
1100 5674 1393 5742 ingressos.
1432 5671 1595 5725 Vides
1629 5670 1793 5740 igitur
1833 5672 2037 5742 hyper-

468 5751 634 5805 bolen
663 5749 942 5817 Gregoras.

545 5818 655 5880 till)
690 5810 993 5884 Aniequam
1030 5813 1080 5869 id
1119 5810 1346 5880 iaceret,
1385 5817 1522 5867 teste
1558 5811 1820 5882 Gregora,
1856 5813 2032 5866 omni-
2104 5876 2120 5889 ο

2152 4777 2342 4837 edixit,
2388 4791 2455 4848 ne
2505 4792 2665 4828 avum
2730 4779 3114 4848 imperatorem
3150 4782 3236 4833 vel
3270 4797 3461 4842 manu,
3497 4777 3579 4840 vel
3615 4784 3718 4833 ullo

2149 4845 2577 4918 contumelioso_
2629 4849 2776 4899 dicto
2809 4845 2835 4918 ’ί
2865 4850 3153 4912 violarent,
3230 4867 3330 4903 nec
3394 4865 3716 4918 quemquam

2151 4930 2379 4987 prorsus
2408 4915 2678 4987 Aomnium
2722 4935 2734 4969 :
2791 4917 2944 4970 Hanc
2994 4922 3131 4971 enim
3164 4915 3465 4976 victoriam.
3529 4915 3715 4987 inquit,

2147 4985 2288 5052 Deus
2331 4984 2476 5062 nobis
2520 4986 2683 5049 dedit,
2737 5004 2840 5040 non
2882 4988 2981 5054 ipsi
3015 4991 3345 5062 paravimus.
3388 4997 3444 5062 et
3483 4984 3720 5062 quiesc-

2149 5064 2397 5124 quuntur
2429 5058 2480 5106 in
2517 5070 2638 5108 eam
2673 5063 3023 5111 sententiam.
3077 5059 3288 5113 Recitat
3343 5058 3508 5112 etiam
3540 5059 3716 5110 decla-

2150 5123 2386 5195 matorie
2415 5125 2605 5195 ‘verba
2664 5126 2888 5186 flebilia,
2922 5127 3124 5195 quibus
3152 5144 3317 5181 senex
3345 5146 3372 5180 ιι
3409 5138 3607 5195 nepote
3642 5128 3717 5177 vi-

2151 5205 2260 5246 tam
2309 5191 2426 5265 _sibi
2485 5195 2680 5248 donari
2735 5191 3010 5264 precatur,
3067 5214 3186 5265 quae
3257 5209 3441 5251 tamen
3483 5191 3720 5264 pugnant

2152 5278 2275 5334 cum
2309 5263 2648 5334 humanitate
2677 5263 2896 5334 juvenis
2945 5269 2996 5320 in
3021 5263 3178 5320 avum
3209 5270 3372 5319 toties
3425 5263 3716 5319 declarata.

2131 5333 2405 5405 'Etaddit
2433 5333 2484 5384 in
2518 5333 2767 5388 cxtreino
2797 5357 2807 5388 :
2839 5335 2930 5390 llis
2972 5339 3137 5390 verbis
3158 5338 3346 5405 junior
3392 5337 3718 5388 Andronicus

2155 5403 2421 5476 (lelinitus,
2462 5405 2647 5471 avique
2677 5407 2867 5460 salutis
2900 5403 3314 5476 diligentiicura
3347 5414 3612 5472 suscepta,
3639 5406 3720 5456 vix

2143 5473 2305 5524 etiam
2336 5470 2648 5542 a‘lacrymis
2697 5470 3017 5543 temperans,
3076 5475 3337 5544 palatium
3398 5470 3713 5543 ingreditur,

2141 5558 2202 5593 ac
2219 5547 2453 5610 primum
2476 5547 2762 5598 venerabili
2793 5543 3181 5601 DeiGenitricis
3203 5547 3454 5612 imagine,
3481 5545 3716 5604 utdecet,
3741 5543 3752 5551 ’

2138 5612 2386 5674 adorata,
2411 5611 2598 5666 demde
2629 5632 2785 5668 avum
2811 5617 2891 5669 illi
2919 5619 3265 5670 inhrerenteut
3313 5611 3599 5666 abductum
3626 5627 3717 5662 sa-

2138 5678 2350 5804 liatavilt,
2402 5683 2678 5754 amplexus
2728 5694 2825 5748 est,
2910 5697 2959 5740 et
3017 5684 3226 5739 blandis
3284 5684 3456 5737 verbis
3511 5696 3713 5737 recrea-

2138 5765 2182 5803 υι
2212 5790 2228 5804 .
2263 5768 2292 5804 e
2322 5767 2372 5804 c.
3582 5758 3586 5763 ’

2133 5758 2228 5817 tm,
2263 5761 2372 5806 etc.
3582 5758 3586 5763 '
