4016 6424
359 359 462 422 401

1542 371 1906 432 HISTORIA
1921 374 2088 434 RUM
2129 374 2361 437 LIBER
2404 375 2450 440 I.

3513 389 3622 448 40?

360 479 537 542 οὕτως
595 480 760 548 ἔχειν.
818 484 1013 554 Παρὼν
1068 485 1112 539 δ’
1147 486 1334 551 αὐτοῖς
1380 487 1790 558 διαλεγομένοις
1839 494 1932 544 καὶ

2037 492 2232 550 Junior
2267 495 2565 565 imperator
2592 502 2794 564 tacere,
2827 496 3016 552 mirari
3063 504 3270 568 autem,
3319 499 3452 568 quid
3482 503 3613 558 sibi.

363 572 670 643 Μετοχίτης
717 577 746 627 ὁ
798 576 971 646 μέγας
1042 577 1359 650 λογοοέτης,
1428 581 1570 634 Ἀλλ’
1617 582 1722 644 ἕως
1772 584 1927 647 πότε,

359 665 585 736 ἔφησεν,
619 666 838 721 ἔσονται
873 669 1132 736 τοιαῦτα;
1184 673 1279 726 ἐὰν
1336 672 1446 742 γὰρ
1487 673 1561 743 μὴ
1603 674 1758 726 αὐτοὶ
1795 677 1929 742 ὁμο·

357 760 606 830 νοήσητε,
643 759 753 813 τῶν
783 761 1015 816 δεόντων
1050 767 1344 834 γενήσεται
1372 766 1549 820 οὐδέν.
1577 768 1839 830 Βασιλεὺς
1873 768 1930 822 δὲ

361 851 390 902 ὀ
452 852 574 914 νέος
624 853 962 924 ἀπεκρίνατο
1015 857 1114 924 μὲν
1151 857 1328 920 οὐδὲν,
1395 855 1676 928 ἐθαύμαζε
1700 859 1758 913 δὶ
1811 861 1839 913 ὅ
1879 878 1930 913 τι

359 941 536 996 ταῦτα
573 943 853 1012 βούλονται
885 945 1057 1016 αὐτῷ,
1093 947 1284 1017 ῶσπερ
1314 949 1382 1003 ἂν
1419 952 1466 1003 εί
1503 951 1578 1021 μὴ
1611 953 1794 1022 παρῆν
1834 955 1932 1008 αὐ-

359 1037 452 1099 τὸς
480 1039 596 1100 τοῖς
611 1039 947 1108 γινομένοις,
977 1041 1073 1092 καὶ
1098 1042 1164 1094 τὰ
1199 1043 1553 1111 πραττόμενα
1591 1043 1931 1114 σαφέστερον

357 1127 468 1180 τῶν
507 1127 685 1181 ἄλλων
721 1130 924 1199 μᾶλλον
955 1131 1091 1201 ᾔδει.
1146 1133 1290 1202 Πρὸς
1335 1115 1532 1201 μέντοί
1561 1134 1788 1202 βασιλέα
1838 1137 1932 1190 καὶ

359 1220 582 1274 πάππον
614 1211 689 1286 είς
722 1224 1104 1294 προσκύνησιν
1123 1225 1220 1295 τῆς
1266 1226 1359 1279 τοῦ
1389 1226 1526 1281 Θεοῦ
1551 1228 1776 1298 Μητρὸς
1833 1231 1932 1298 τῆς

369 1313 726 1384 Ὂδηγητρίας
754 1315 1014 1370 ἀπελθεῖν
1050 1317 1407 1384 ἐπυνθάνετο,
1447 1321 1495 1372 εί
1520 1319 1752 1374 κελεύοι.
1773 1319 1928 1373 Ἐπεὶ

356 1405 415 1457 δὲ
440 1406 764 1471 ἐπέτρεπεν,
803 1409 883 1470 είς
921 1408 984 1460 τὸ
1018 1410 1118 1477 τῆς
1163 1409 1528 1480 ὀθηγητρίας
1569 1404 1798 1482 τέμενος
1844 1412 1930 1466 ἑλ-

358 1496 492 1562 θὼν,
525 1499 974 1566 προσεκύνει-τε,
1016 1503 1112 1554 καὶ
1167 1501 1276 1554 τῶν
1311 1504 1645 1574 εὐεργεσιῶν
1691 1503 1798 1557 τῶν
1849 1505 1930 1568 τίς

355 1593 523 1644 αὐτὸν
551 1590 753 1655 πολλὰς
786 1594 1140 1665 εὐχαριστίας
1163 1595 1439 1651 ἀπεδίδου.
1489 1597 1732 1651 Ἐκεῖθεν
1760 1597 1818 1650 δὲ
1849 1600 1930 1662 είς

355 1683 460 1751 τὴν
493 1681 602 1736 τῶν
651 1683 970 1752 Μαγκάνων
1033 1685 1266 1755 ἀφίκετο
1323 1688 1514 1758 μονὴν,
1552 1687 1647 1741 καὶ
1685 1689 1754 1743 τά
1783 1706 1842 1742 τε
1873 1691 1932 1742 ὲν

360 1776 498 1843 αὐτῇ
533 1775 641 1828 τῶν
688 1776 784 1836 τοῦ
819 1777 1059 1847 Χριστοῦ
1118 1779 1406 1850 σωτηρίων
1440 1780 1630 1833 παθῶν
1657 1781 1933 1848 τεθησαυ-

2037 603 2160 642 cum
2198 588 2286 642 his
2308 589 2494 644 verbis
2534 590 2733 655 vellet,
2771 590 2928 660 quasi
2962 605 3074 647 non
3109 591 3330 646 adesset
3358 591 3476 661 ipse
3509 594 3615 648 illis

2035 678 2414 749 quae}ﬁebant,
2449 689 2504 735 et
2533 697 2654 750 quae
2680 691 2975 752 agerentur
3003 690 3189 738 nosset
3215 683 3415 738 melius
3439 686 3610 738 omni-

2035 769 2158 823 bus.
2199 769 2407 825 Deinde
2442 787 2503 825 ex
2533 774 2635 826 avo
2666 775 2964 842 quaerebat,
3005 790 3137 827 num
3179 789 3238 830 se
3270 777 3350 829 ad.
3374 775 3466 830 Dei
3508 777 3616 828 Ma-

2037 870 2174 916 trem
2216 863 2604 933 Hodegetriam
2657 866 2995 920 adorandam
3049 866 3200 922 abire
3245 868 3614 937 permitteret.

2035 952 2113 1005 Eo
2160 962 2458 1020 annuente,
2515 954 2794 1025 ingressus
2844 958 3132 1026 templum,
3183 973 3304 1012 eam
3357 959 3615 1027 precibus

2035 1054 2362 1107 veneratus,
2415 1061 2512 1114 pro
2557 1047 2772 1101 collatis
2811 1048 3097 1103 beneficiis
3147 1050 3356 1118 amplas
3412 1050 3614 1119 gratias

2034 1136 2166 1206 egit.
2198 1137 2325 1191 inde
2356 1137 2412 1191 in
2447 1137 2808 1208 Mangonensc
2842 1141 3233 1195 monasterium
3268 1157 3326 1196 se
3351 1143 3615 1203 contulit.

2033 1235 2091 1282 et
2130 1227 2218 1297 pie
2266 1229 2427 1284 cultis
2457 1245 2579 1299 quae
2623 1230 2678 1283 in
2722 1245 2800 1284 ea
2832 1231 3130 1287 salutiferae
3177 1233 3374 1287 mortis
3407 1231 3614 1287 Christi

2037 1330 2393 1374 monumenta
2416 1336 2515 1390 pro
2546 1320 2804 1376 thesauro
2822 1325 3268 1388 asservabantur,
3297 1339 3360 1378 ac
3381 1325 3607 1394 patriar-

2037 1412 2153 1465 chae
2190 1411 2343 1467 Isaiae
2391 1427 2489 1467 sua
2524 1428 2689 1468 causa
2731 1413 2968 1482 incluso,
3000 1430 3102 1484 pro
3135 1423 3382 1485 tempore
3427 1417 3616 1486 gratiis

2037 1503 2194 1568 actis,
2225 1509 2403 1574 eoque
2449 1520 2616 1575 super
2639 1521 2784 1576 equo
2811 1507 2958 1576 regie
2995 1507 3228 1561 instrato
3269 1495 3404 1578 (25),
3437 1518 3493 1562 et
3532 1523 3613 1562 or-

2036 1605 2166 1650 natu
2211 1596 2267 1650 in
2309 1596 2701 1667 patriarchium
2740 1597 2990 1663 reducto,
3022 1597 3087 1651 ad
3133 1599 3394 1668 palatium
3434 1599 3618 1664 rediit,

2035 1697 2093 1742 et
2125 1686 2179 1740 in
2205 1684 2420 1741 aedibus
2451 1687 2908 1758 Porphyrogeniti
2944 1688 3144 1757 palatio
3178 1689 3372 1744 vicinis
3400 1699 3618 1743 noctem

2035 1779 2168 1848 egit.
2203 1778 2489 1834 Exercitus
2521 1794 2650 1848 pars
2684 1779 2828 1834 intra
2864 1781 3188 1852 Byzantium
3233 1781 3475 1846 mansit;
3507 1797 3621 1834 ma-

360 1867 596 1937 ρισμὲνα
628 1862 876 1938 σύμϐολα
903 1872 1316 1943 προσκυνήσας,
1347 1875 1444 1927 καὶ
1483 1873 1801 1944 πατριάρχῃ
1854 1871 1932 1944 τῷ

2037 1868 2122 1938 ior
2151 1883 2298 1938 pars,
2338 1869 2496 1939 jussu
2529 1870 2906 1939 imperatoris,
2948 1872 3002 1925 in
3041 1881 3260 1941 pratum
3291 1873 3451 1943 juxta
3485 1888 3620 1942 pon—

359 1956 570 2027 .'Haa‘i:_t
604 1956 654 2010 δι
701 1957 866 2009 αὐτὸν
915 1957 1379 2028 ὲγκεκλεισμένῳ,
1423 1961 1548 2012 ὅσον
1583 1977 1640 2012 τε
1671 1962 1697 2012 ὁ
1742 1959 1937 2030 καιρὸς

359 2046 562 2121 ἑδίξου,
595 2045 1024 2117 εὐχαριστήσας.
1076 2048 1173 2100 καὶ
1205 2048 1286 2111 εἰς
1323 2047 1386 2100 τὸ
1411 2049 1812 2119 πατριαρχεῖον
1846 2039 1935 2116 ἐφ’

359 2140 533 2194 {mou
565 2138 861 2210 βασιλικῶς
894 2141 1320 2211 κεκοσμημένου
1364 2140 1613 2208 ἀγαγὼν,
1658 2141 1935 2211 ἐπανῆκεν

358 2229 522 2294 αὖθις
552 2231 630 2292 είς
655 2230 725 2283 τὰ
749 2229 1020 2300 βασίλεια,
1059 2234 1150 2284 καὶ
1185 2232 1244 2286 ἐν
1264 2234 1376 2296 τοῖς
1422 2230 1516 2284 τοῦ
1548 2232 1937 2302 Πορφυρογενο

355 2325 525 2395 νήτου
552 2325 720 2389 οίκοις
755 2326 863 2382 τῶν
889 2325 1180 2395 βασιλείων
1209 2325 1469 2398 ηὐλίσατο
1509 2324 1696 2394 ἐγγύς.
1716 2322 1779 2377 'il
1809 2325 1936 2393 μὲν-

355 2433 439 2469 τοι
474 2415 724 2484 στρατιὰ,
783 2417 813 2484 ἡ
847 2415 966 2486 μὲν,
1008 2403 1157 2469 ἔνδον
1208 2417 1493 2487 ἐσκήνωσε
1545 2414 1932 2487 Βυζαντίου,ή

359 2495 565 2564 πλείων
597 2510 674 2573 δὲ,
738 2508 1151 2581 προστάξαντος
1189 2511 1482 2581 βασιλέως,
1515 2513 1574 2567 ὲν
1627 2511 1745 2574 τοῖς
1777 2511 1932 2581 παρὰ
1959 2510 1976 2526 ‘

357 2607 458 2676 τὴν
490 2609 586 2674 τῆς
620 2604 881 2673 Καμήλου
908 2607 1156 2674 γέφυραν
1195 2603 1458 2673 λειμῶσιν
1494 2605 1934 2676 ἐστρατοπεδεύ-

365 2714 493 2750 σατο
534 2695 781 2751 ἐλθοῦσα.
819 2697 1075 2766 Ἀρπαγη
1107 2697 1164 2750 δὲ
1210 2697 1556 2768 πραγμάτων
1589 2699 1807 2767 ἐγένετο
1836 2698 1933 2752 οὐ·

371 2789 545 2855 δεμία.
589 2787 730 2858 πλὴν
777 2789 827 2841 εί
877 2789 950 2860 μὴ
985 2789 1083 2859 τῆς
1127 2789 1367 2858 μεγάλου
1405 2789 1694 2857 λογοθέτου
1733 2790 1929 2855 οίκίας,

381 2883 636 2936 καὶτοῦτο
663 2882 815 2953 παρὰ
841 2883 1067 2954 γνώμην
1102 2882 1386 2954 βασιλέως.
1414 2881 1571 2936 οὕτω
1613 2883 1711 2949 μὲν
1736 2885 1764 2936 ὁ
1795 2885 1930 2950 πρὸς

374 2977 622 3045 ἀλλήλους
657 2977 764 3030 τῶν
800 2975 1090 3046 Ῥωμαίων
1127 2975 1397 3046 βασιλέων
1427 2975 1664 3044 πόλεμος
1695 2975 1926 3046 συνέστη

367 3071 464 3142 τὴν
486 3072 681 3142 ἀρχὴν,
719 3071 814 3124 καὶ
840 3070 1116 3132 τοσαύτας
1160 3069 1288 3139 ἔσχε
1323 3068 1425 3130 τὰς
1466 3067 1795 3138 μεταὸολὰς,
1835 3069 1929 3121 καὶ

361 3163 672 3217 τελευταῖον
703 3165 784 3227 εἰς
807 3161 1032 3216 τοιαῦτα
1064 3162 1223 3232 ἐξέϐη
1245 3174 1260 3192 ⁸
1284 3161 1380 3214 καὶ
1410 3159 1552 3213 οὕτω
1583 3161 1928 3231 συνετράφη-

2036 1968 2150 2013 tem
2193 1960 2398 2016 Cameli
2435 1962 2683 2027 recessit,
2715 1962 2904 2031 ibique
2939 1971 3121 2016 castra
3180 1964 3386 2033 posuit.
3418 1964 3622 2018 Domus

2038 2052 2208 2116 nulla,
2247 2061 2612 2122 prmterquam
2646 2053 2826 2123 magni
2871 2053 3188 2124 logothetae,
3233 2053 3398 2124 idque
3436 2056 3623 2109 nescio

2037 2143 2390 2212 imperatore,
2426 2142 2640 2214 direpta
2672 2153 2758 2200 est
2788 2145 2925 2218 (26).
2955 2147 3072 2201 lloc
3103 2146 3266 2200 modo
3297 2146 3505 2202 bellum
3539 2148 3622 2200 in—

2038 2242 2123 2290 ter
2166 2235 2528 2305 imperatores
2569 2237 2848 2293 Romanos
2888 2254 2918 2294 a
2974 2239 3252 2309 principio
3295 2239 3501 2309 erupit,
3541 2247 3621 2293 tot

2037 2327 2374 2383 mutationes
2401 2327 2617 2393 habuit,
2645 2335 2701 2382 et
2733 2328 2951 2385 tandem
2987 2329 3041 2382 in
3066 2329 3214 2384 hunc
3237 2328 3400 2384 ﬁnem
3430 2329 3620 2384 desiit.

2038 2416 2129 2472 Sic
2153 2427 2338 2471 autem
2370 2418 2554 2472 omnia
2589 2418 2667 2473 uti
2697 2420 3070 2489 contigerunt,
3127 2420 3418 2475 verissime
3461 2435 3625 2475 accu-

2037 2510 2423 2582 ratissimeque
2477 2513 2791 2581 conscripta
2837 2525 3008 2568 sunt:
3041 2514 3092 2566 id
3135 2513 3283 2584 quod
3333 2515 3387 2568 in
3421 2530 3621 2569 exorsu

2035 2603 2282 2658 historias
2344 2618 2443 2659 nos
2494 2603 2739 2660 facturos
2788 2605 3166 2674 promisimus.
3217 2606 3623 2675 Belligerarunt

2034 2711 2210 2751 annos
2266 2710 2380 2762 sex,
2416 2711 2663 2752 mensem
2720 2712 2928 2762 unum,
2980 2696 3313 2768 incipientes
3356 2697 3620 2751 nimirum

2031 2803 2179 2844 anno
2226 2788 2295 2844 ab
2339 2789 2474 2845 orbe
2515 2787 2764 2855 condito,
2814 2789 3081 2844 vicesimo
3113 2804 3260 2844 nono
3307 2803 3476 2858 supra
3527 2804 3622 2844 sex

2033 2881 2204 2936 millia
2253 2889 2309 2936 et
2357 2883 2725 2953 octingentos,
2781 2881 3084 2938 indictione
3130 2890 3349 2951 quarta,
3399 2881 3619 2937 decimo

2035 2977 2198 3030 tertio
2238 2975 2511 3030 Kalendas
2558 2973 2746 3031 Maias.
2795 2983 2852 3028 et
2896 2974 2965 3029 ad
3004 2990 3211 3042 annum
3264 2975 3520 3044 quintum
3565 2983 3624 3028 et

2033 3068 2373 3121 tricesimum
2396 3081 2562 3136 supra
2587 3067 2735 3121 mille
2762 3067 3132 3135 octingentos,
3160 3067 3225 3122 ad
3259 3067 3618 3122 indictionem
3705 3114 3716 3122 .

2033 3158 2406 3223 undecimam,
2437 3167 2494 3214 et
2527 3157 2800 3214 decimum
2821 3171 3078 3229 quartum
3119 3147 3397 3215 Kalendas
3428 3160 3623 3216 Junias

361 3275 464 3310 σαν
511 3257 590 3320 ὡς
631 3256 878 3324 ἐγένοντο
907 3255 1046 3326 μετὰ
1092 3254 1382 3326 ἀκριϐείας
1413 3253 1636 3322 ἀπάσης
1669 3255 1764 3308 καὶ
1788 3253 1922 3324 ἀλη·

2037 3251 2422 3323 perducentes.

361 3343 536 3413 θείας,
567 3351 752 3420 ῶσπερ
785 3351 843 3416 ἐξ
878 3351 1052 3420 ἀρχῆς
1091 3347 1570 3419 ἐπηγγειλάμεθα.

1649 3347 2032 3417 Ἐπολέμησαν
2098 3346 2155 3400 δὲ
2221 3347 2280 3398 ὲν
2337 3346 2418 3399 ἑνὶ
2457 3346 2591 3416 μηνὶ
2644 3349 2740 3401 καὶ
2783 3344 2963 3401 ἐτεσιν
3000 3343 3082 3410 ἓξ.
3136 3345 3467 3416 ἀρξαμένων
3512 3344 3623 3398 ἀπὸ

359 3442 458 3497 τοῦ
487 3444 707 3498 ὲννάτου
743 3443 836 3498 καὶ
858 3443 1104 3497 εἰκοστοῦ
1137 3442 1288 3506 ἔτους
1319 3442 1412 3495 ἐπὶ
1440 3443 1554 3506 τοῖς
1585 3440 1928 3504 ὀκτακοσίοις
1966 3441 2063 3495 καὶ
2134 3439 2530 3509 ἑξακισχιλίοις
2564 3440 2623 3491 ὲν
2689 3439 2932 3511 τετάρτῃ
2987 3439 3306 3501 ἰνδικτιῶνι,
3343 3441 3622 3492 ἐννεακαι-

360 3537 598 3605 δεκάτην
627 3539 850 3606 ἄγοντος
893 3537 1202 3608 Ἀπριλλίου
1237 3536 1366 3606 ἄχρι
1430 3535 1524 3588 τοῦ
1588 3535 1844 3605 πέμπτου
1881 3537 1978 3590 καὶ
2005 3535 2102 3590 καὶ
2129 3533 2462 3607 τριακοστοῦ
2493 3534 2651 3596 ἔτους
2691 3533 2785 3587 ἐπὶ
2823 3534 2942 3596 τοῖς
2995 3539 3068 3625 tu"
3092 3533 3186 3586 καὶ
3233 3539 3280 3604 χ’
3312 3535 3370 3586 ὲν
3429 3531 3623 3604 πρώτῃ

361 3631 460 3686 ἐπὶ
493 3631 631 3698 δέκα
659 3631 955 3686 ίνδικτιῶνι
999 3633 1178 3685 Μαΐου
1210 3630 1406 3701 ὲννάτη
1446 3629 1538 3682 ἐπί
1574 3629 1726 3684 δέκα.

1599 3750 1820 3812 Jacobi
1857 3750 2125 3812 Pnntani
2162 3758 2349 3846 notae.

463 3875 698 3948 9.5)Cum
716 3876 935 3932 levitate
959 3878 1141 3932 nescio
1158 3895 1264 3948 qua
1285 3877 1597 3948 restitutum
1620 3875 1780 3948 tradit
1795 3874 1929 3930 Gre-

363 3962 548 4017 goras,
599 3947 684 4017 cui
723 3949 815 4016 qui
871 3950 980 4002 cito
1009 3947 1204 4013 credit,
1270 3949 1314 4000 is
1368 3947 1618 4017 proiecto
1676 3947 1812 4001 levis
1844 3953 1931 4000 est

361 4015 528 4072 corde
561 4033 574 4068 :
608 4015 820 4070 Inde’in
859 4017 1207 4086 Hauganium
1254 4015 1633 4071 monasterium
1673 4017 1803 4078 abit,
1843 4016 1930 4069 ubi

365 4089 722 4156 patriarcham
757 4087 974 4141 Esaiam
1006 4090 1060 4140 in
1091 4090 1255 4142 libera
1304 4088 1539 4142 custodia
1572 4088 1767 4142 sedisse
1793 4086 1932 4138 dixi-

369 4174 503 4218 mus,
536 4174 685 4224 quem
716 4159 837 4209 inde
861 4157 1162 4222 abductum,
1197 4162 1314 4210 etin
1343 4175 1504 4211 unum
1527 4157 1930 4226 imperatorium

367 4243 580 4279 currum
630 4226 916 4298 sublatum,
963 4231 1039 4280 ita
1086 4238 1141 4281 ut
1179 4245 1419 4298 purpura
1466 4236 1689 4281 ornatus
1715 4234 1850 4298 erat,
1878 4230 1933 4279 in

369 4299 778 4364 patriarrhicum
818 4297 1011 4350 solium
1055 4296 1299 4360 restituit,
1361 4298 1523 4350 nullis
1593 4296 1932 4366 presbyteris,

370 4376 466 4419 aut
516 4369 764 4434 epist-apis
805 4369 1157 4436 sequentibus,
1211 4377 1304 4422 aut
1352 4369 1796 4431 antecedentibus,
1845 4366 1936 4420 sed

371 4437 687 4499 tibicinibus,
722 4445 768 4489 et
801 4439 1045 4504 tibicinis,
1075 4449 1184 4492 etc.

2040 3876 2244 3939 lictum,
2281 3877 2372 3930 sed
2423 3877 2534 3930 alia
2590 3877 2646 3930 iu
2699 3876 2886 3944 ﬁscum
2941 3876 3136 3946 relata,
3195 3874 3529 3946 οίὶτδηοριιίο
3569 3877 3622 3927 in

2038 3949 2277 4016 pradam
2312 3955 2600 4002 cesserunt.
2623 3947 2708 4002 Ita
2739 3947 2911 4001 subito
2941 3963 3063 4000 cum
3088 3945 3263 3999 liberis
3305 3945 3374 3998 ad
3425 3954 3625 4014 egesta-

2039 4025 2145 4072 tem
2171 4017 2419 4071 redactus
2459 4027 2554 4078 est,
2598 4018 2687 4087 qui
2715 4025 2827 4087 post
2857 4019 3234 4087 imperatorem
3273 4018 3511 4069 omnium
3543 4016 3621 4084 fe-

2039 4087 2317 4142 licissimus
2345 4085 2660 4141 habebatur.
2707 4085 2849 4139 Nam
2881 4085 2972 4154 per
2999 4085 3191 4140 multos
3224 4101 3395 4138 annos
3419 4101 3622 4137 succes-

2037 4158 2181 4211 sibus
2211 4174 2356 4219 usus,
2380 4173 2482 4210 uno
2510 4158 2591 4210 die
2611 4159 2664 4210 in
2695 4165 2985 4211 extremam
3014 4157 3378 4209 calamitatem
3410 4156 3616 4208 incidit.

2039 4227 2120 4282 Ibi
2141 4229 2374 4281 homines
2405 4228 2652 4296 querulos
2693 4228 2866 4280 dicere
2895 4227 3105 4279 audires
3145 4234 3257 4278 tum
3304 4225 3437 4296 alia,
3487 4233 3618 4290 tum,

2041 4313 2160 4362 apes
2206 4297 2331 4350 illas
2384 4293 2682 4367 pauperum
2723 4312 2832 4351 esse
2863 4297 3201 4367 sanguinem,
3240 4302 3289 4346 et
3327 4293 3620 4367 lacrgmas,

2041 4366 2406 4436 suppeditatas
2438 4369 2484 4420 ei
2509 4369 2573 4420 ab
2599 4369 2663 4421 iis
2698 4368 2883 4438 quibus
2916 4366 3292 4438 Romanarum
3321 4366 3623 4438 provincia-

2045 4434 2160 4490 rum
2187 4446 2236 4490 et
2269 4439 2477 4490 urbium
2512 4434 2907 4493 administratio
2952 4436 3231 4490 commissa
3266 4434 3477 4503 fuisset,
3510 4443 3616 4488 etc.

2043 4506 2312 4562 Eumdem
2343 4507 2440 4574 ait,
2469 4522 2598 4561 cum
2627 4509 2746 4562 sine
2801 4508 2908 4561 ulla
2943 4506 3207 4560 modestia
3259 4506 3314 4558 in
3364 4503 3617 4558 exsilium

2049 4577 2439 4642 abduceretur,
2495 4577 2551 4630 in
2613 4580 2981 4645 stranguriam
3038 4575 3320 4639 incidisse,
3346 4588 3470 4644 qua:
3506 4589 3620 4627 tne-

2049 4648 2240 4702 lestior
2263 4649 2315 4700 ei
2349 4646 2536 4710 fuerit,
2576 4662 2740 4716 quam
2780 4657 2974 4701 caetera
2999 4649 3210 4716 omnia,
3234 4660 3356 4714 quae
3399 4657 3624 4710 perpes-

2048 4726 2334 4783 susesset,
2361 4715 2607 4783 carcere,
2653 4719 2871 4787 jactura
2913 4715 3224 4787 dignitatis.
3277 4729 3445 4783 opum
3497 4728 3625 4767 ere—

2047 4788 2272 4857 ptione,
2322 4787 2511 4841 vilium
2579 4786 2826 4844 omnium
2895 4786 3319 4849 obtrectatione,
3388 4793 3446 4838 et
3494 4797 3626 4839 con-

2046 4867 2209 4914 VlCiO.
3234 4867 3264 4912 .’

443 4508 551 4574 (2n)
580 4505 689 4560 lloc
712 4509 875 4560 etiam
905 4518 1088 4561 narrat
1110 4508 1400 4576 Gregoras,
1422 4509 1517 4563 sed
1552 4506 1683 4560 illud
1717 4521 1940 4576 quoquc

371 4591 528 4630 secus
557 4592 716 4644 qliam
753 4588 940 4632 noster
969 4596 981 4630 :
1015 4578 1092 4631 Eo
1122 4581 1205 4631 uie
1249 4596 1279 4630 α
1322 4595 1475 4632 mane
1534 4579 1603 4631 ad
1667 4593 1941 4645 vesperam

370 4663 549 4699 omnrs
599 4662 717 4714 opes
773 4664 806 4699 a
864 4647 1296 4716 splendidissimis
1349 4650 1543 4702 (edibus
1591 4648 1822 4716 ablatas,
1887 4654 1939 4698 et

374 4717 743 4789 ipsasdo'mtas
796 4715 1058 4789 cerneres,
1108 4719 1356 4789 uulgique
1401 4719 1705 4772 ludibrium.
1754 4715 1942 4789 Magni

373 4787 642 4858 logometaz
679 4789 734 4840 in
766 4788 969 4856 primis,
1007 4797 1055 4842 et
1083 4787 1260 4842 omnes
1296 4805 1437 4858 opes,
1473 4798 1580 4840 tam
1609 4803 1727 4856 quae
1773 4787 1828 4839 in
1869 4787 1936 4840 iis

371 4856 586 4915 relictis,
621 4874 784 4927 quam
819 4874 935 4925 qua:
979 4862 1119 4924 apud
1168 4856 1364 4912 amicos
1409 4860 1659 4928 depositae
1697 4861 1932 4927 fuerant,

373 4928 700 4992 rapiuntur:
737 4944 830 4981 nec
890 4932 1125 4984 omnium
1181 4945 1361 4983 rerum
1399 4931 1690 4999 quidquam
1720 4934 1796 4982 est
1850 4942 1937 4980 re-

375 5115 3610 5156 Μ

933 5284 1095 5354 188
1181 5271 2019 5406 ARGUMENTUM
2108 5275 2435 5363 LIBRI
2531 5273 3092 5364 SECUNDI.

1955 5465 2030 5476 —

449 5586 616 5659 Quid
667 5581 1225 5662 superiorelibro
1274 5581 1682 5662 memo‘rarit,
1734 5580 2030 5662 quidque
2091 5573 2382 5662 proxi'me
2440 5579 2740 5657 sequenti
2799 5578 3288 5662 memorandum
3335 5573 3452 5662 sit,
3509 5591 3623 5651 per

378 5652 827 5726 transitionem
878 5660 1222 5736 signiﬁcat:
1266 5659 1532 5738 Nepotis
1582 5652 1889 5736 occupato
1923 5652 2258 5738 'Byzantio
2307 5660 2371 5718 in
2429 5652 2618 5718 avum
2673 5673 2868 5738 cura,
2927 5653 3326 5738 reverentia,
3379 5652 3619 5738 honos,

379 5744 760 5806 liberalitas.
811 5730 1058 5817 Magno
1097 5730 1436 5817 logothelae
1473 5730 1883 5817 ignoscitur:
1919 5730 2557 5817 in'protOstratorem
2610 5735 2788 5817 urbis
2837 5732 3205 5817 praefectura
3268 5730 3620 5817 confertur.

377 5825 542 5888 Petit
591 5809 949 5900 imperator
986 5837 1017 5880 a
1053 5809 1406 5895 patFiarcha
1439 5809 1535 5883 uti
1568 5818 1636 5880 in
1676 5815 1939 5896 gratiam
1977 5809 2197 5880 redeat
2239 5833 2384 5880 cum
2436 5814 2786 5892 episcopis,
2820 5809 2852 5876 a
2887 5812 3128 5892 quibus
3173 5809 3384 5874 fuerat
3425 5809 3624 5874 velte-
