4016 6430
435 345 540 414 4οἹ

1625 367 1951 428 JOANNIS
1985 371 2520 435 CANTACUZENI

3588 371 3685 431 ωδ

1415 741 1828 860 LIBER
1927 745 2180 859 SEC
2210 746 2724 864 UNDUS.

1779 1119 2007 1177 CAPUT
2051 1117 2348 1175 PRIMUM.

431 1207 555 1262 Post
592 1209 964 1287 transitionem
1003 1209 1172 1273 docet,
1227 1213 1402 1287 ‘quam
1453 1228 1551 1287 apo
1595 1212 1908 1287 providerit,
1970 1221 2021 1287 et
2059 1228 2222 1287 quam
2269 1220 2717 1287 reverentereunt
2769 1211 3327 1287 tractaritallagrmm
3375 1214 3700 1287 logothetam

496 1281 671 1354 venia.
711 1286 1148 1354 protestratorern
1179 1281 1322 1354 urbis
1358 1283 1675 1354 praefectura
1706 1283 1896 1354 donat.
1952 1282 1994 1338 Α
2047 1282 2446 1354 patriar-cheat
2491 1282 2750 1354 episcopis
2774 1283 3098 1354 adversariis
3131 1281 3380 1354 oﬂ'emam
3428 1281 3697 1350 remittat.

497 1349 732 1426 obtinere
766 1351 972 1426 nequit.
1023 1349 1163 1426 Aliis
1185 1352 1254 1426 de
1289 1349 1503 1426 sebene
1538 1353 1738 1406 meritis
1760 1354 2001 1426 _gratias_
2029 1349 2162 1426 agit.
2200 1349 2529 1426 ‘Deullarco'
2562 1349 2870 1426 Qubullario
2897 1356 3135 1426 quesita,
3162 1349 3221 1407 ’ἐι
3265 1358 3319 1426 in
3364 1366 3702 1426 conspectum
3731 1353 3734 1356 ’
3771 1370 3780 1375 ’

497 1419 845 1494 imperatoris
866 1419 1116 1484 adducto,
1143 1421 1396 1486 historia;
1421 1437 1484 1475 ea:
1512 1439 1618 1493 qua
1643 1431 1691 1476 et
1721 1419 1798 1476 vis
1827 1419 2163 1477 conscientia:
2193 1421 2248 1476 itt
2279 1419 2394 1486 illo,
2428 1424 2550 1477 etin
2582 1419 2917 1492 imperatore
2937 1424 3113 1478 divina
3147 1425 3388 1494 quadam
3421 1419 3702 1483 clémentia

500 1488 687 1541 elucet.

498 1585 630 1651 Quae
661 1585 730 1640 ab
758 1585 1188 1656 imperatoribus
1216 1588 1364 1642 bello
1395 1597 1590 1644 mutuo
1627 1605 1870 1659 paceque
1909 1589 2010 1644 ite-
2040 1593 2087 1650 Α

429 1693 551 1732 rum
594 1678 971 1748 redintegrata
1001 1689 1154 1749 gesta
1179 1681 1312 1745 sint,
1337 1682 1628 1750 superiore
1658 1682 1799 1736 libro
1829 1683 2014 1752 expla-

429 1771 702 1825 navimus.
740 1770 1008 1840 Sequitur
1041 1780 1101 1825 ut
1139 1772 1476 1843 quaejunior
1515 1773 1890 1840 Andronicus,
1930 1784 2014 1829 to-

429 1864 542 1916 tius
569 1864 679 1933 jam
714 1873 914 1932 potens
960 1864 1178 1935 imperii
1214 1881 1468 1920 seorsum
1503 1868 1825 1935 patravcrit.
1878 1883 2013 1938 pro-

427 1955 607 2010 denda
643 1956 922 2018 memoriae
955 1955 1270 2013 videantur.
1324 1957 1422 2014 Die
1448 1957 1619 2014 altera
1654 1975 1684 2014 a
1721 1967 1884 2030 capto
1909 1959 2013 2031 By-

428 2047 614 2102 zantio
643 2057 938 2120 antequam
966 2049 1128 2104 ullam
1159 2059 1369 2121 partem
1397 2051 1901 2107 administrationis
1930 2061 2014 2106 at—

431 2139 684 2209 tingeret,
712 2141 956 2196 rationes
1011 2144 1097 2197 avi
1130 2142 1184 2196 in
1214 2152 1498 2213 posterum
1529 2143 1634 2198 sibi
1672 2144 2016 2200 constituen-

427 2231 529 2286 das
557 2231 900 2287 existimavit
932 2233 1167 2303 (27).Ac
1186 2235 1557 2304 principatum
1594 2235 2014 2307 quidem,ejus-

427 2339 538 2392 que
569 2325 1005 2382 moderationem
1041 2327 1162 2396 ipse
1194 2328 1450 2398 sumpsit,
1489 2329 1834 2398 reliquorum
1860 2329 2012 2383 nullo

428 2432 556 2469 eum
591 2419 866 2494 multavit,
925 2420 1020 2474 sed
1051 2421 1333 2476 Romanos
1365 2430 1640 2492 quotquot
1669 2422 1881 2477 ditione
1913 2438 2012 2478 sua

428 2511 872 2576 continerentur,
906 2513 986 2567 illi
1020 2529 1129 2568 non
1169 2530 1329 2570 secus
1353 2530 1517 2584 quam
1545 2514 1862 2584 imperatori
1885 2515 2015 2569 obe-

429 2603 572 2670 dire,
600 2606 856 2661 euzndeui
881 2620 1045 2672 quem
1072 2605 1177 2660 sibi
1209 2606 1473 2662 honorem
1499 2606 1766 2670 tribuere,
1796 2615 1851 2661 et
1879 2621 2016 2675 quo-

431 2693 538 2750 ties
567 2711 692 2749 eum
719 2695 872 2751 adire
899 2695 1189 2751 adoratum
1217 2698 1443 2764 vellent,
1475 2714 1545 2753 ne
1573 2713 1601 2752 a
1630 2713 1908 2768 quoquam
1927 2714 2015 2752 ar-

428 2797 694 2857 cerentur
715 2789 915 2846 edixit.
965 2789 1236 2846 Praeterea
1296 2789 1472 2861 ipsius
1503 2773 1731 2854 liberos.
1764 2792 2014 2862 aliosque

430 2889 697 2949 cognatos
749 2882 1015 2951 palatium
1051 2883 1354 2949 celebrare,
1393 2892 1538 2940 totos
1591 2885 1712 2940 dies
1759 2901 1885 2940 cum
1942 2901 2011 2940 eo

428 2987 774 3037 consumere,
825 2985 883 3030 et
911 2974 1156 3045 quandiu
1188 2977 1432 3047 placeret
1486 2977 1732 3043 versari;
1785 2979 1854 3034 de
1909 2995 2014 3034 nu-

432 3080 608 3132 mero,
638 3074 693 3120 et
726 3066 1008 3138 obsequiis
1055 3068 1436 3125 ministrorum
1495 3070 1635 3126 nihil
1692 3071 2013 3138 mutari,-et

428 3157 599 3212 licere
636 3157 713 3212 illi
755 3175 878 3230 quae
902 3159 1146 3215 liberent
1174 3163 1377 3216 omnia.
1411 3161 1620 3216 Deinde
1668 3162 1722 3216 in
1757 3169 2013 3232 sumptus

427 3252 571 3321 ejus.
627 3259 682 3304 et
720 3252 942 3308 familiae
994 3251 1064 3308 de
1123 3252 1360 3323 publicis
1410 3253 1797 3323 vectigalibus,
1845 3269 2012 3324 quam

425 3344 663 3412 τοπικὴν
699 3352 897 3398 vocant
933 3343 1365 3414 (28),l'erentem
1419 3345 1474 3398 in
1532 3360 1712 3400 annos
1766 3345 2015 3414 singulos

429 3435 688 3490 duodena
749 3451 1044 3490 aureorum
1098 3436 1289 3500 millia,
1347 3447 1404 3492 et
1455 3437 1686 3492 alterum
1737 3446 1950 3492 tantum
1983 3454 2016 3494 e

431 3531 564 3584 tlsco
596 3527 865 3583 decrevit.
891 3527 1066 3598 Hujus
1100 3529 1348 3600 pecuniw
1374 3528 1760 3600 dispensandae
1793 3531 2031 3585 modum.

431 3635 606 3692 penes
661 3620 817 3676 illum
860 3621 1088 3690 reliquit
1118 3638 1132 3676 :
1173 3620 1263 3676 cui
1299 3622 1523 3698 palatio
1555 3637 1778 3692 quoque
1811 3623 2017 3680 cedens

431 3711 680 3782 quandiu
739 3712 1037 3784 superfuit,
1095 3713 1394 3784 inadibus
1450 3715 1609 3786 192
1661 3731 1758 3770 seu
1813 3715 2016 3784 palatio

431 3805 708 3861 Demetrii
728 3804 996 3876 despotae,
1026 3806 1207 3876 patrui
1237 3807 1348 3871 sui,
1383 3807 1674 3863 habitavit.
1707 3807 1920 3878 Saepius
1953 3807 2019 3861 il-

431 3899 547 3952 lum
581 3900 786 3957 visens.
809 3907 964 3953 extra
993 3899 1425 3968 simulationem,
1451 3885 1776 3970 sincereque
1809 3915 2018 3955 sermo-

435 4006 532 4045 nes
564 3999 620 4046 et
649 3991 878 4046 consilia
919 4007 1043 4046 cum
1079 4006 1147 4046 eo
1181 3991 1525 4058 conferebat,
1565 3991 1851 4061 nihiloque
1881 3991 2020 4046 infe-

430 4083 578 4137 riore
602 4097 766 4152 quam
803 4095 963 4138 antea
986 4083 1322 4146 reverentia.
1362 4093 1420 4138 ut
1441 4083 1693 4150 decebat,
1721 4093 1778 4140 et
1804 4083 2017 4139 honore

431 4176 584 4231 illum
615 4177 1092 4246 prosequebatur..
1117 4177 1634 4242 Verumenimvero,
1696 4192 2015 4246 quanquam

2193 1593 2260 1646 'A
2297 1592 2397 1663 μὲν
2421 1591 2517 1645 οὖν
2547 1590 2854 1656 πολεμοῦσί
2889 1607 2948 1644 τε
2981 1591 3240 1662 ἀλλήλοις
3267 1593 3382 1654 τοῖς
3409 1591 3699 1661 βασιλεῦσι

2116 1681 2211 1734 καὶ
2246 1680 2453 1750 μεταξὺ
2483 1679 2972 1749 διαλλαττομένοις
2995 1682 3250 1752 ἐπράχθη
3283 1683 3402 1752 μετ’
3426 1683 3702 1753 ἀλλήλων,

2114 1771 2346 1826 τοιαῦτα
2370 1773 2487 1825 ἐστί
2511 1788 2525 1803 ·
2566 1771 2663 1824 νῦν
2697 1771 2754 1825 δὲ
2779 1768 2926 1826 εἶναί
2961 1791 3054 1850 μοι
3090 1773 3242 1826 δοκεῖ
3271 1773 3462 1827 λοιπὸν
3500 1775 3702 1844 διηγη-

2113 1866 2236 1919 τέον
2268 1866 2362 1919 καὶ
2384 1865 2419 1920 ὃ.
2444 1864 2522 1936 τῷ
2554 1866 2661 1934 νέῳ
2676 1865 3009 1937 Ἀνδρονίκῳ
3039 1866 3140 1937 ήδη
3177 1868 3278 1940 τὴν
3307 1869 3493 1921 πᾶσαν
3521 1870 3703 1938 ἀρχὴν

2129 1955 2420 2027 Ῥωμαίων
2458 1957 2932 2028 ύποποιησαμένῳ
2977 1958 3235 2028 ἐπράχθη
3289 1959 3423 2012 καθ’
3481 1961 3700 2014 ἑαυτόν.

2127 2050 2218 2114 Ἐς
2279 2049 2393 2124 γὰρ
2425 2050 2526 2122 τὴν
2581 2050 2886 2122 ὑστεραίαν
2949 2051 3090 2120 μετὰ
3121 2051 3223 2122 τὴν
3262 2051 3357 2104 τοῦ
3397 2052 3701 2116 Βυζαντίου

2113 2145 2299 2214 λῆψιν,
2328 2145 2462 2216 πρὶν
2501 2144 2670 2210 ἄλλης
2691 2145 2836 2209 τινὸς
2869 2144 3120 2215 ἅψασθαι
3159 2145 3490 2217 διοικήσεως
3516 2163 3700 2215 «pay-

2119 2239 2331 2309 μάτων.
2365 2241 2422 2292 ἰν
2459 2238 2670 2302 ὁποίοις
2719 2239 2834 2290 τισὶ
2864 2238 2972 2308 χρὴ
2999 2239 3091 2291 τδν
3128 2237 3359 2309 βασιλέα
3392 2241 3485 2293 καὶ
3542 2241 3702 2293 πάπο

2116 2348 2221 2385 πον
2243 2331 2555 2400 κατέστησε
2581 2331 2818 2398 διάγειν.
2855 2331 2968 2384 Καὶ
2996 2331 3097 2401 τὴν
3133 2331 3232 2400 μὲν
3269 2333 3445 2403 ἀρχὴν
3477 2333 3570 2385 xal
3594 2332 3702 2402 τὴν

2113 2423 2385 2494 διοίκησιν
2420 2425 2531 2476 τῶν
2569 2422 2922 2494 πραγμάτων
2973 2423 3276 2494 ἀπένειμεν
3329 2423 3515 2495 ,ἑαυτῷ
3539 2437 3557 2457 ⁶
3587 2424 3704 2478 τῶν

2113 2514 2292 2569 ἄλλων
2319 2516 2377 2570 δὲ
2411 2515 2566 2568 οὐδὲν
2581 2516 2769 2583 ὕφεῖλε
2805 2516 3097 2586 βασιλέως·
3136 2517 3274 2571 ἀλλὰ
3302 2516 3431 2581 τούς
3466 2534 3525 2571 τε
3559 2516 3690 2572 Ῥω-

2117 2605 2316 2674 μαίους
2371 2604 2515 2657 ὅσων
2567 2598 2710 2676 ἦρχε
2747 2605 3092 2675 προσέταξεν
3149 2605 3307 2676 αὐτῷ
3339 2607 3416 2668 ὼς
3482 2605 3704 2673 βασιλεῖ

2114 2697 2434 2768 προσέχειν,
2487 2698 2584 2750 καὶ
2637 2697 2739 2768 τὴν
2797 2699 2922 2770 ἰσην
2971 2698 3285 2754 ἀποδιδόναι
3341 2701 3532 2771 τιμήν.
3586 2700 3700 2754 Ka‘t

2122 2791 2288 2843 ὁπότε
2341 2789 2622 2860 βούλοιντο
2675 2791 2815 2861 πρὸς
2863 2792 3029 2846 αὐτὸν
3078 2794 3155 2856 ὡς
3222 2793 3702 2864 προσκυνήσοντες

2121 2883 2278 2946 ἰέναι,
2327 2884 2637 2940 κωλύεσθαι
2695 2887 2834 2955 παρ’
2888 2887 3128 2950 οὐδενός.
3186 2888 3296 2940 Καὶ
3347 2889 3542 2951 παῖδας
3603 2888 3700 2942 καὶ

2115 2977 2246 3036 τοὺς
2284 2976 2483 3038 ἄλλους
2534 2980 2826 3048 συγγενεῖς
2886 2978 3158 3047 βασιλέως
3197 2978 3280 3042 εἰς
3333 2980 3401 3032 τὰ
3447 2979 3701 3050 βασίλεια

2116 3069 2390 3134 εἰσιόντας
2406 3069 2556 3142 αύτῷ
2585 3070 3039 3141 συνδιημερεύειν
3069 3071 3164 3124 καὶ
3193 3074 3438 3126 συνεῖναι
3461 3071 3701 3127 καθόσον

2121 3160 2405 3233 βούλοιντο
2436 3177 2450 3192 ·
2488 3163 2585 3216 καὶ
2609 3162 2709 3234 τὴν
2737 3162 3046 3234 θεραπείαν
3083 3165 3265 3217 πᾶσαν
3296 3164 3558 3234 ἀκίνητον
3598 3163 3700 3233 μέ-

2114 3270 2230 3310 νειν
2267 3256 2366 3324 ὅση
2397 3249 2467 3324 ἦν
2495 3271 2511 3288 ο
2540 3255 2636 3308 καὶ
2684 3254 2773 3308 ἐπ’
2805 3255 2957 3324 αύτῷ
3003 3251 3146 3309 εἶναι
3192 3257 3221 3309 ὃ
3267 3272 3322 3308 τι
3375 3255 3442 3309 ἂν
3495 3255 3700 3328 κελεύῃ

2118 3349 2323 3401 ποιεῖν.
2363 3348 2478 3400 Kal.
2504 3346 2892 3417 ἀναλωμάτων
2923 3346 3090 3400 ἓνεκα
3128 3346 3298 3400 αὐτοῦ
3329 3365 3386 3400 τε
3421 3348 3520 3402 καὶ
3549 3349 3704 3400 οἱκεο

2118 3439 2299 3503 τικοῦ,
2357 3439 2468 3492 ἀπό
2495 3455 2558 3491 τε
2613 3437 2728 3492 τῶν
2785 3439 3066 3508 δημοσίων
3099 3440 3286 3511 φόρων
3320 3439 3418 3509 τὴν
3459 3439 3702 3510 λεγομέ-

2120 3549 2221 3601 νην
2277 3532 2591 3603 παρέσχετο
2648 3531 2910 3603 τοπικὴν,
2965 3532 3246 3603 φέρουσαν
3297 3533 3385 3587 ἐπ’
3447 3532 3704 3589 ἐνιαυτὸν

2118 3621 2418 3693 δισχιλίους
2443 3624 2535 3678 tul.
2567 3624 2788 3695 μυρίοις
2818 3623 3080 3694 χρυσοῦς,
3113 3625 3213 3679 κιιί⁵
3239 3625 3412 3696 ἕτερα
3441 3628 3700 3698 χρήματα

2121 3717 2214 3769 ίσα
2240 3717 2306 3771 ὲκ
2333 3714 2430 3770 τοῦ
2453 3715 2738 3786 βασιλικοῦ
2761 3716 3018 3770 ἐκέλευσε
3041 3718 3404 3788 χορηγεῖσθαι
3424 3719 3700 3788 ταμιείου.

2121 3811 2232 3864 Καὶ
2251 3809 2440 3864 ταῦτα
2488 3805 2629 3864 εἰναι
2655 3809 2743 3863 ἐπ’
2786 3810 2985 3881 ἐκείνῳ
3035 3804 3169 3884 ᾗᾶν
3202 3811 3380 3865 ἐθέλοι
3426 3810 3700 3883 χρῆσθαι·

2119 3898 2229 3952 τῶν
2281 3915 2343 3951 τε
2395 3897 2685 3968 βασιλείων
2733 3900 3140 3969 παρεχώρησεν
3187 3899 3380 3969 αύτῷ⁸
3435 3897 3600 3962 αὐτὸς
3641 3899 3701 3953 δὲ

2120 3991 2334 4044 εἴποτε
2377 3989 2674 4060 ὲπιδημοίη
2709 3993 2776 4061 τῇ
2813 3991 3232 4045 Κωνσταντίνου
3272 3991 3377 4055 ἕως
3421 3995 3447 4044 ὁ
3475 3991 3701 4055 πάππος

2123 4084 2347 4156 περιῆν,
2375 4084 2434 4136 ὲν
2467 4085 2583 4148 τοῖς
2627 4083 2950 4154 Δημητρίου
2995 4083 3091 4137 τοῦ
3120 4084 3388 4137 δεσπότου
3432 4083 3702 4154 διέτριϐεν

2120 4179 2294 4243 οίκοις
2323 4179 2419 4234 καὶ
2457 4178 2594 4250 πρὸς
2623 4177 2854 4249 βασιλέα
2881 4178 3183 4248 ἐρχόμενος
3241 4177 3475 4250 συχνῶς,
3507 4177 3700 4246 ὡμίλει

431 4271 733 4339 imperator
762 4284 874 4325 non
907 4270 1054 4334 ﬁcte,
1092 4269 1190 4324 sed
1215 4284 1283 4324 ex
1318 4272 1505 4324 animo
1547 4268 1926 4335 mandaverat,
1957 4279 2016 4325 ut

2121 4273 2272 4344 αὐτῷ
2315 4273 2578 4344 γνησίως,
2606 4273 2702 4326 καὶ
2752 4271 3074 4324 ἐϐουλεύετο
3115 4270 3246 4341 περὶ
3292 4271 3402 4324 τῶν
3443 4271 3678 4341 πραγμά

429 4361 595 4418 liberi
631 4371 817 4417 essent
848 4363 914 4417 ad
953 4377 1116 4416 avum
1143 4362 1328 4416 aditus
1375 4377 1441 4416 ac
1483 4362 1872 4428 salutationes,
1924 4378 2016 4418 ac-

2121 4381 2248 4427 των,
2278 4364 2376 4416 καὶ
2394 4362 2551 4415 οὐδὲν
2571 4355 2735 4432 ἦττον
2757 4359 2790 4431 ἦ
2825 4360 3096 4431 πρότερον
3116 4359 3250 4413 αἰδῶ
3274 4361 3370 4414 καὶ
3402 4361 3572 4430 τιμὴν
3595 4377 3702 4414 *πα⁴

429 4455 626 4508 cedere
659 4464 842 4509 tamen
878 4454 1114 4509 Romani
1162 4471 1270 4508 non
1299 4454 1598 4518 audebant,
1632 4458 1780 4524 quod
1825 4454 2016 4509 formi-

431 4545 652 4610 darent,
685 4562 754 4600 ne
791 4545 863 4600 ob
918 4545 995 4609 id,
1047 4546 1205 4613 quasi
1236 4560 1421 4600 rerum
1476 4561 1743 4600 nevarum
1803 4546 2013 4616 cupidi,

430 4638 753 4708 suspicione
785 4637 1126 4692 laborarent.
1172 4637 1424 4707 Magnum
1467 4638 1802 4709 logothetam
1849 4635 2014 4710 Didy-

432 4730 738 4784 tnotichum
773 4729 1001 4800 abduci,
1031 4742 1088 4784 et
1144 4730 1198 4783 in
1251 4730 1438 4800 aliquo
1475 4731 1812 4785 monasterio
1841 4717 2008 4784 vitam

431 4822 640 4892 agitare
668 4820 850 4891 jussit.
889 4821 960 4874 Et
985 4821 1210 4890 agitavit
1258 4821 1480 4890 quidem
1519 4822 1594 4876 ibi
1649 4822 1715 4876 ad
1767 4831 2007 4890 tempus,

433 4912 610 4967 donec
639 4911 804 4966 etiam
854 4912 972 4981 ipse
1004 4914 1217 4966 veniam
1259 4920 1622 4975 consecutus.
1659 4913 2014 4982 Byzantium-

437 5019 544 5074 que
581 5004 919 5075 postliminio
943 5019 1200 5060 reversus
1225 5004 1363 5077 (29),
1393 5005 1505 5060 illic
1537 5007 1811 5075 reliquum
1833 4993 2012 5062 aetatis

2121 4459 2273 4526 ρεῖχε
2295 4456 2396 4523 τὴν
2421 4455 2813 4526 προσήκουσαν
2837 4452 3006 4523 αὐτῷ.
3039 4454 3102 4507 Ol
3145 4453 3192 4506 δ’
3219 4452 3369 4506 ἄλλοι
3412 4451 3698 4522 Ῥωμαῖοι,

2117 4547 2298 4600 καίτοι
2329 4545 2484 4614 παρὰ
2513 4544 2609 4598 τοῦ
2642 4547 2764 4598 νέου
2799 4543 3064 4614 βασιλέως
3103 4545 3163 4596 ού
3221 4543 3358 4614 πρὸς
3390 4543 3698 4614 εἰρωνείαν,

2121 4639 2239 4693 ἀλλ’
2267 4637 2488 4710 ἀληθῶς
2515 4635 3021 4707 προστεταγμένον,
3057 4635 3118 4688 τὸ
3146 4636 3328 4689 πάντα
3363 4636 3455 4688 τὸν
3485 4633 3699 4705 ἐθέλον-

2123 4750 2192 4786 τα
2218 4731 2356 4803 πρὸς
2392 4729 2620 4801 βασιλέα
2657 4729 2916 4801 ἔρχεσθαι
2964 4728 3062 4782 καὶ
3111 4711 3407 4792 ἀκωλύτως
3457 4745 3701 4800 προσκυ-

2123 4824 2236 4876 νεῖν
2289 4822 2477 4886 αὐτὸν,
2537 4823 2688 4891 ὅμως
2716 4822 2778 4876 ού
2810 4819 3148 4892 προσῄεσαν,
3185 4821 3488 4884 δεδοικότες
3523 4821 3597 4890 μή
3651 4837 3701 4874 τι

2121 4916 2212 4971 διὰ
2264 4917 2439 4970 ταῦτα
2503 4915 2819 4986 ὑποπτευθῇ
2862 4914 3234 4986 νεωτερίζειν.
3297 4914 3402 4966 Τὸν
3439 4915 3612 4983 μέγαν
3645 4914 3702 4967 δὲ

2120 5007 2416 5080 λογοθέτην
2465 5008 2758 5063 ἐκέλευσεν
2787 5009 2815 5061 ό
2857 5007 3113 5078 βασιλεὺς
3170 5007 3251 5073 εἰς
3315 5005 3702 5076 Διδυμότειχον

1667 5130 1886 5190 Jacobi
1920 5127 2186 5191 Pontaui
2221 5136 2410 5193 notas.

507 5251 618 5332 (27)
640 5249 878 5332 Nimium
898 5251 1258 5332 quantum_a_b
1287 5246 1371 5304 bis
1397 5247 1594 5332 aliena,
1620 5249 1886 5332 longeque
1919 5247 2005 5330 di:
2041 5253 2083 5308 Ι)
2115 5248 2665 5332 bnlouestnGregoras:

435 5319 752 5375 versissima
815 5319 1114 5389 Gregoras,
1171 5320 1269 5374 lib.
1311 5335 1385 5381 Ix,
1441 5320 1508 5374 de
1562 5321 1881 5374 conditione
1919 5319 2007 5373 avi

435 5391 763 5448 Andronici.
791 5405 898 5459 qua
944 5391 1133 5454 fuerit,
1168 5401 1325 5459 capta
1359 5405 1387 5443 a
1446 5399 1646 5458 nepote
1697 5390 2014 5444 Constanti-

437 5462 616 5527 nopoli
656 5479 668 5514 :
704 5461 908 5515 vixisse
949 5462 1280 5519 miserrime.
1310 5471 1365 5514 et
1398 5461 1451 5513 in
1487 5472 1730 5514 extrema
1793 5459 2013 5514 demum

434 5542 676 5601 egestate
708 5531 870 5601 vitam
900 5531 1157 5584 linivisse.
1185 5530 1745 5597 Gregorzemendaeia
1775 5545 2021 5598 sequun-

439 5600 526 5655 tur
590 5600 947 5654 rontinuator
1002 5601 1203 5669 Glycae,
1266 5611 1320 5655 et
1360 5601 1475 5663 alii,
1521 5601 2018 5666 Andronicumquc

436 5674 705 5737 iuniorem
733 5679 1046 5740 tyranuum.
1073 5679 1130 5740 et
1162 5671 1490 5740 parricidam
1522 5669 1748 5740 iaciunt.
1783 5669 1863 5723 Tu
1902 5669 2016 5733 ipse

439 5743 605 5811 leges,
635 5741 692 5811 εἰ⁸
714 5739 884 5804 velcs,
924 5756 1011 5811 me
1044 5739 1192 5811 enim
1226 5739 1314 5793 illa
1342 5741 1450 5793 huc
1472 5739 1672 5794 alTerre
1716 5739 1862 5809 piget
1885 5753 2015 5808 pro-

440 5809 605 5866 iecto.
664 5809 770 5866 Sed
799 5810 1046 5866 omnium
1082 5809 1454 5866 ialsidicorum
1497 5811 1717 5866 illorum
1769 5819 2015 5866 anteam-

2199 5319 2314 5388 (28)
2349 5317 2621 5387 Gregrtras
2651 5320 2794 5374 libro
2829 5333 2978 5372 nono
3004 5319 3090 5386 [de
3127 5319 3320 5375 eadem
3347 5335 3406 5373 re
3445 5317 3698 5385 loquens,

2120 5389 2201 5443 ait
2229 5391 2604 5443 Andronicum
2628 5390 2906 5458 iuniorem
2955 5392 3264 5458 assignasse
3290 5405 3392 5443 avo
3428 5389 3526 5458 τὴν
3562 5390 3695 5438 ὲπέο

2124 5477 2271 5512 τειον
2319 5461 2583 5529 πρόσοδον
2612 5463 2708 5529 τῆς
2764 5460 3100 5526 ἁλιευτικῆς,
3162 5477 3403 5513 animum
3436 5459 3698 5529 redditum

2129 5528 2456 5598 piscatiouis,
2501 5531 2604 5598 πρὸ
2645 5528 2740 5582 τοῦ
2776 5529 3076 5592 Βυζαντίου
3109 5530 3346 5582 τελεῖται
3370 5531 3503 5581 δέκα
3529 5528 3699 5598 χιλιᾴ-

2121 5596 2227 5654 δων
2266 5603 2402 5664 τέως
2436 5596 2667 5668 ἔγγιστα
2709 5599 2896 5653 οὖσαν.
2935 5598 3071 5652 Vide
3131 5609 3249 5653 not.
3315 5600 3382 5654 ad
3437 5614 3559 5666 cap.
3609 5596 3698 5660 42,

2118 5670 2246 5726 libri
2281 5686 2355 5722 tv.

2195 5740 2307 5809 (29)
2340 5739 2634 5809 Gregoras.
2668 5739 2889 5810 Magnus
2917 5746 3093 5810 autem
3130 5733 3393 5806 logotheta
3425 5738 3698 5810 Δαὑεκτιςὶίῖο

2121 5807 2380 5875 reuersus,
2417 5807 2518 5863 non
2555 5810 2694 5865 domi
2726 5807 2835 5865 sum
2860 5809 3090 5876 diuertit,
3143 5823 3278 5876 qum,
3330 5817 3385 5859 ut
3407 5807 3526 5875 jam
3565 5810 3696 5863 dixi-
