4016 6490
380 386 479 452 412

1555 391 1803 454 ΙΟΑΝΝ
1817 392 1834 449 l
1847 392 1888 452 S
1922 392 2456 454 CANTACUZENI

3555 391 3665 458 L12

380 518 553 557 retur.
584 502 744 556 simul
780 502 1168 574 imperatorem
1202 501 1523 574 Byzantium
1562 503 1790 559 init-isse
1816 504 1975 559 audi-

2095 475 2416 578 »ίκήσαντας
2435 506 2530 561 ἑπὶ
2559 507 2756 578 χρόνον
2777 507 2923 574 τινὰ,
2939 507 3008 561 τά
3024 507 3071 561 τ’
3094 506 3234 562 ἄλλα
3259 506 3663 581 ηύχαρίστησε,

380 597 478 655 vit.
515 595 568 648 in
606 594 780 649 foveis
813 595 1170 664 quibusdam,
1209 596 1461 666 locisque
1493 596 1872 656 subterraneis
1915 611 1974 652 se

384 687 698 751 abst-endit,
735 695 797 742 ut
820 687 888 742 ad
929 688 1371 757 conquirendum
1400 688 1602 744 delecti
1638 690 1812 744 multo
1857 701 1976 744 tan-

382 779 507 832 dem
568 780 760 835 labore
818 795 947 835 eum
1005 781 1346 846 invenerint,
1375 798 1538 849 quem
1595 782 1651 838 in
1709 782 1973 851 palatium

383 872 788 943 perduxerunt.
823 873 990 927 Fama
1015 873 1401 938 disseminata.
1432 876 1770 945 petulantem
1803 865 1974 930 illum

383 963 815 1019 conviciatorem
860 965 1209 1034 imperatoris
1243 966 1300 1020 in
1337 967 1605 1036 palatium
1661 967 1734 1022 ad
1780 973 1978 1037 ptenas

384 1055 610 1119 abduci,
645 1056 779 1110 urbs
798 1064 910 1110 tota
936 1057 1002 1112 ad
1035 1057 1394 1127 spectandam
1415 1058 1601 1112 miseri
1633 1073 1823 1114 necem
1847 1073 1981 1113 con-

385 1158 594 1202 cursat.
634 1149 701 1205 Ut
753 1150 900 1225 intra
950 1150 1214 1218 palatium
1273 1150 1448 1217 venit,
1506 1151 1628 1220 ipso
1675 1159 1979 1220 conspectu

387 1240 746 1308 imperatoris
778 1250 1021 1298 tremore
1049 1258 1113 1299 ac
1136 1244 1410 1314 vertigine
1437 1255 1752 1314 correptus,
1781 1245 1838 1298 in
1872 1253 1982 1299 ter-

386 1346 501 1384 ram
539 1331 878 1397 collabitur;
915 1349 1080 1404 quem
1119 1335 1400 1403 erigentes
1422 1336 1516 1404 qui
1545 1335 1850 1400 ducebant,
1879 1337 1981 1390 im-

388 1423 634 1493 peratori
663 1425 890 1488 sistunt,
909 1427 1193 1496 oppletum
1213 1428 1490 1500 lacrymis.
1513 1437 1576 1483 et
1602 1429 1796 1484 oculos
1827 1430 1980 1485 humi

386 1515 684 1588 deiectum,
723 1534 829 1574 nec
859 1519 1154 1575 audentem
1213 1522 1340 1577 illos
1387 1533 1582 1578 contra
1618 1522 1833 1587 tollere,
1882 1521 1980 1576 sed

385 1609 509 1665 sine
567 1626 721 1665 mora
800 1613 1262 1682 exquisitissimis
1325 1617 1621 1670 tormentis
1679 1629 1741 1670 se
1790 1614 1985 1669 interi-

389 1711 652 1766 mendum
677 1711 1034 1782 cogitantem.
1073 1713 1258 1768 Altum
1289 1712 1453 1769 silere
1480 1714 1750 1781 universi,
1785 1722 1840 1769 et
1871 1730 1982 1784 qua

389 1817 555 1872 ptena
608 1803 825 1859 Marcus
887 1805 1262 1874 plecteretur.
1317 1805 1573 1876 suspensi
1631 1817 1978 1876 exspectare.

390 1893 701 1948 Cernentes
755 1909 924 1964 porro
975 1895 1116 1950 adeo
1182 1896 1521 1966 pavitantem
1567 1912 1632 1954 ac
1683 1897 1979 1951 tremulum

391 1996 596 2048 astare.
615 1986 708 2040 alii
733 1986 852 2042 solo
876 1988 996 2059 ejus
1019 1997 1246 2056 aspectu
1268 1988 1322 2042 in
1349 2001 1601 2058 magnam
1631 1988 1988 2043 commisera—

395 2075 602 2130 tionem
628 2077 774 2131 versi
807 2076 1079 2146 lacrymas
1109 2085 1166 2130 et
1190 2076 1431 2147 gemitus
1452 2074 1718 2132 cohibere
1753 2091 1863 2131 non
1892 2090 1990 2145 po-

395 2167 752 2223 terantzalii
806 2167 1222 2238 prudentiores,
1281 2184 1349 2223 ex
1409 2168 1668 2238 praesenti
1725 2184 1786 2222 re
1839 2168 1989 2223 illius

395 2260 580 2329 magni
610 2261 916 2330 quondam.
949 2272 1012 2315 ut
1040 2261 1320 2324 audimus,
1359 2260 1533 2315 futuri
1560 2261 1757 2333 judicii
1795 2276 1991 2331 quam-

393 2353 521 2406 dam
553 2351 845 2423 imaginem
875 2354 1291 2424 concipiebant,
1321 2363 1379 2409 et
1409 2355 1554 2424 apud
1606 2355 1826 2409 animos
1857 2369 1990 2410 suos

396 2444 842 2513 hieaplicabilem
876 2445 1032 2499 illum
1060 2461 1247 2502 coram
1282 2447 1516 2501 terribili
1577 2456 1634 2502 et
1667 2448 1990 2516 incorrupto

399 2535 674 2603 tribunali
720 2547 1082 2605 peccatorum
1167 2537 1436 2605 pudorem
1487 2537 1886 2606 deplngebant.
1931 2536 1990 2590 Si

397 2627 546 2682 enim
579 2643 766 2681 coram
801 2643 931 2697 rege
981 2628 1225 2687 mortali.
1263 2627 1358 2682 ubi
1387 2628 1555 2683 etiam
1585 2644 1696 2683 non
1754 2637 1993 2698 possunt

391 2734 521 2774 esse
559 2718 823 2772 diuturna
851 2718 1152 2790 supplicia,
1205 2726 1354 2772 tanta
1381 2717 1486 2772 luit
1522 2717 1576 2771 in
1608 2732 1706 2772 reo
1744 2728 1994 2774 conster-

401 2811 573 2873 natio,
633 2819 694 2864 ut
751 2811 871 2882 ejus
929 2810 1308 2880 magnitudine
1365 2821 1494 2866 ante
1565 2812 1834 2881 prolatam
1869 2826 1994 2866 sen-

403 2905 634 2957 tentiam
691 2919 834 2973 pene
889 2913 1181 2972 appareret
1221 2915 1475 2958 mortuus
1517 2903 1670 2974 (quia
1729 2904 1992 2958 nimirum

2078 600 2174 654 καὶ
2205 600 2557 669 εὐεργεσίαις
2590 600 2872 670 ἠμείψατο
2906 599 3134 664 πολλαῖς
3162 617 3178 632 ο
3225 601 3318 654 τδν
3353 600 3410 654 es
3465 619 3666 674 χαρτο-

2077 692 2323 760 φύλακα,
2357 693 2481 747 ἑπεὶ
2513 691 2589 763 μὴ
2640 692 2907 762 ἠϐούλετο
2941 693 3049 745 ἀπὸ
3085 693 3188 761 τῆς
3239 689 3337 744 τοῦ
3387 693 3665 763 χαρτοφύο

2077 777 2245 840 λακος
2293 778 2452 844 ἀξίας
2475 781 2560 842 είς
2611 779 2808 848 ἑτέραν
2843 778 3065 848 μείζονα
3100 779 3520 848 μετενεχθῆναι,
3569 779 3667 832 αὖε

2081 866 2184 939 τὴν
2215 867 2420 937 ἑαυτῆς
2445 868 2708 937 εποίησεν
2740 868 3125 938 ἑντιμοτέραν,
3175 868 3348 937 μέγαν
3375 868 3660 938 χαρτοφύα

2080 957 2228 1012 λακα
2281 957 2782 1029 προσαγορεύσαςο
2827 961 2924 1012 καὶ
2985 959 3082 1012 ἀπ’
3116 959 3333 1012 ἐκείνου
3385 961 3472 1022 είς
3502 959 3669 1027 δεῦρο

2077 1048 2156 1118 τῷ
2189 1049 2898 1120 χαρτούλακιδιασὼζεται
2946 1051 3010 1104 τὺ
3075 1052 3289 1120 Μέγας.
3355 1050 3586 1120 Μάρκον
3608 1050 3664 1104 δὲ

2082 1141 2499 1212 Καόαλλάριον,
2538 1142 2630 1195 τὸν
2653 1142 2749 1196 τοῦ
2781 1142 3061 1212 Βάρδα,ός
3087 1139 3158 1214 ἦν
3189 1143 3298 1196 ἀπὸ
3329 1143 3442 1197 τῶν
3467 1144 3668 1214 τειχῶν

2081 1234 2358 1304 πρότερον
2410 1236 2547 1304 πρὸς
2577 1234 2741 1306 ὓϐριν
2773 1235 2988 1305 βασιλεῖ
3013 1236 3414 1305 διειλεγμένος,
3447 1237 3672 1289 ἐκέλευ-

2082 1343 2176 1380 σεν
2209 1326 2446 1397 ἀχθῆναι
2467 1328 2604 1398 πρὸς
2629 1328 2796 1381 αὐτὸν
2821 1331 2850 1380 ό
2883 1328 3160 1401 βασιλεύς.
3203 1329 3265 1382 '0
3295 1328 3377 1391 δὲ,
3410 1328 3507 1381 καὶ
3535 1331 3668 1396 πρὶν

2083 1419 2412 1492 ζητηθῆναι.
2445 1414 2538 1476 οἷα
2565 1420 2870 1490 ἐφθέγξατο
2907 1422 3088 1487 είδὼς,
3122 1422 3240 1491 ἅμα
3283 1421 3363 1492 τῷ
3395 1421 3668 1475 πυθέσθαι

2083 1514 2234 1576 ἑντδς
2273 1508 2415 1566 εἶναι
2465 1513 2768 1577 Βυζαντίου
2804 1497 3080 1584 βασιλέα.Δ
3115 1516 3173 1565 ὲν
3239 1513 3538 1581 ὑπονόμοις
3577 1515 3672 1566 καὶ

2082 1600 2312 1663 ἀδύτοις
2351 1599 2468 1654 τισὶΙ
2526 1599 2879 1670 κατέκρυψεν
2933 1601 3152 1654 ἑαυτόν.
3191 1600 3401 1670 Πολλὴν
3454 1601 3511 1654 δὲ
3574 1600 3672 1670 τὴν

2083 1695 2218 1766 περὶ
2268 1694 2370 1762 τὴν
2408 1692 2582 1748 αὐτοῦ
2635 1693 2866 1763 ζήτησιν
2914 1693 2967 1746 οῖ
3015 1694 3489 1764 προστεταγμένοι
3531 1694 3676 1746 εῖσε-

2086 1788 2379 1858 νεγκόντες
2415 1788 2680 1860 σπουδὴν,
2738 1788 3065 1858 εὑρίσκουσί
3095 1806 3152 1842 τε
3193 1789 3291 1841 καὶ
3330 1789 3560 1856 ἄγουσιν
3591 1791 3674 1850 εἰς

2089 1879 2360 1952 βασίλεια.
2399 1881 2595 1951 Φήμης
2652 1880 2711 1934 δὲ
2741 1880 3160 1951 διαδραμούσης
3191 1882 3268 1944 ὡς
3314 1882 3341 1933 ό
3401 1882 3675 1952 ὑϐριστὴς

2087 1975 2294 2036 ἐκεῖνος
2321 1973 2591 2044 βασιλέως
2617 1975 2791 2038 είςτά
2829 1974 3086 2044 βασίλεια
3145 1975 3344 2043 ἄγεται
3401 1974 3677 2044 κολασθη-

2091 2065 2342 2133 σόμενος,
2372 2066 2717 2136 συνέδραμεν
2741 2068 2772 2137 ἡ
2795 2067 2950 2129 πόλις
2967 2067 3263 2137 πανδημεὶ,
3291 2070 3460 2137 ὁποίῳ
3485 2069 3677 2138 τρόπῳ

2089 2157 2349 2228 ὀψόμενοι
2378 2157 2761 2213 ἀποθανεῖται.
2783 2158 3052 2222 Βασιλεὺς
3099 2159 3157 2213 δι
3198 2158 3490 2212 ἐκέλευσεν
3512 2159 3680 2213 αὐτὸν

2091 2251 2347 2322 ἀχθῆναι.
2382 2251 2496 2305 Καὶ
2551 2251 2746 2323 ἑπειδὴ
2774 2253 2885 2305 τῶν
2916 2252 3016 2305 τοῦ
3041 2252 3194 2306 οῐκου
3222 2251 3408 2323 θυρῶν
3457 2253 3682 2319 ἐγένετο

2091 2340 2246 2405 εῐσω,
2270 2342 2353 2404 είς
2385 2341 2614 2412 βασιλέα
2652 2342 2802 2406 ίδὼν,
2833 2344 3026 2414 τρόμῳ
3050 2361 3110 2396 τε
3131 2342 3364 2414 ἐλήφθη,
3393 2344 3489 2396 καὶ
3523 2359 3684 2412 περι-

2091 2433 2361 2502 δινηθεὶς,
2420 2433 2732 2489 κατέπεσεν
2791 2436 2884 2487 ἐπὶ
2917 2435 3019 2506 τὴν
3071 2438 3201 2506 γῆν,
3242 2437 3684 2506 Ἀναστήσαντες

2091 2527 2149 2579 δὲ
2179 2527 2230 2578 oi
2258 2527 2508 2594 ἄγοντες,
2532 2528 2703 2596 ἐγγὺς
2732 2527 2940 2600 ἧγαγον
2987 2529 3274 2598 βασιλέως,
3311 2528 3567 2599 δακρύων
3616 2545 3684 2581 τε

2094 2618 2408 2682 ὑὶτόπλεων,
2457 2619 2556 2672 καὶ
2587 2621 2727 2690 πρὸς
2777 2623 2878 2691 τὴν
2917 2623 3024 2691 γῆν
3084 2622 3410 2687 νενευκότα,
3465 2624 3562 2674 καὶ
3602 2623 3684 2692 μὴ

2093 2711 2402 2780 δυνάμενον
2457 2711 2601 2775 ὅλως
2653 2714 2738 2776 είς
2797 2711 3025 2784 βασιλέα
3090 2713 3242 2776 ίδεῖν,
3298 2713 3415 2766 ἀλλ’
3473 2711 3682 2766 αὐτίκα

2096 2802 2490 2872 προσδοκῶντα
2523 2801 2822 2858 πείσεσθαι
2879 2803 2951 2857 τὰ
3003 2805 3318 2859 δεινότατα.
3383 2803 3573 2872 Σιωπή
3619 2805 3682 2856 δὲ

2095 2895 2289 2966 βαθεῖα
2319 2895 2558 2966 κατέσχε
2591 2897 2653 2950 τὸ
2683 2896 2900 2968 πλῆθος
2931 2898 3064 2953 πᾶν.
3127 2899 3240 2952 Καὶ
3288 2896 3492 2962 πάντες
3536 2894 3684 2967 ἦσαν
3781 2949 3796 2956 -

390 3009 640 3063 quorum
671 2995 1098 3062 coarguebatur,
1124 2992 1193 3048 ad
1219 3010 1283 3049 ea
1315 2993 1448 3064 quid
1483 2995 1845 3064 responderet
1875 3009 1988 3048 non

2101 2990 2376 3060 μετέωροι
2411 2989 2554 3060 πρὸς
2604 2989 2706 3060 τὴν
2763 2991 3285 3062 ἐπενεχθησομένην
3343 2989 3418 3059 τῷ
3466 2989 3682 3060 Μάρκῳ

403 3086 686 3153 habebat),
720 3087 856 3157 quid
887 3095 1019 3142 tunc
1055 3087 1172 3143 illis
1214 3087 1306 3144 lict
1337 3089 1432 3158 qui
1457 3088 1562 3143 sibi
1607 3088 1864 3158 improbe
1912 3089 1990 3142 fa-

2098 3082 2424 3154 καταδίκην.
2497 3082 2772 3154 Ὀρῶντες
2823 3082 2883 3136 δι
2935 3084 3104 3136 αὐτὸν
3149 3082 3328 3146 οὕτως
3388 3084 3683 3154 ἱστάμενον

393 3191 617 3234 etorum
649 3189 781 3236 sunt
814 3181 1065 3237 conscii?
1117 3182 1197 3238 Ex
1255 3182 1578 3254 huiusmodi
1611 3181 1990 3253 paradigmate

2099 3175 2415 3246 ὑπότρομον
2441 3177 2540 3230 καὶ
2563 3173 2822 3245 περιδεῆ,
2861 3175 2912 3228 οί
2947 3173 3051 3246 μὲν
3104 3175 3287 3228 αὐτῶν
3321 3175 3416 3229 καὶ
3445 3174 3552 3227 ἀπὸ
3580 3169 3682 3244 τῆς

405 3271 868 3342 intelligentiores
901 3275 980 3329 illi
1010 3274 1214 3346 seipsis
1247 3275 1509 3330 meliores
1554 3274 1890 3339 evadebant,
1916 3275 1990 3328 vi-

2100 3268 2230 3330 Θέας
2259 3267 2432 3338 μόνης
2461 3265 2918 3338 περιαλγοῦντες,
2952 3269 3034 3324 είς
3059 3266 3271 3337 δάκρυα
3314 3269 3686 3337 κατεφέροντο

407 3376 627 3435 tamque
651 3380 807 3420 suam
866 3367 936 3421 ad
979 3383 1230 3422 normam
1275 3368 1570 3438 probitatis
1613 3367 1999 3443 accommoda-

403 3456 560 3511 bant.
595 3460 926 3528 Imperator,
987 3477 1116 3516 cum
1171 3477 1354 3531 neque
1413 3462 1568 3530 prius
1599 3462 1840 3518 Marcum
1898 3477 2000 3531 pu-

407 3551 595 3604 niendi
631 3554 807 3620 gratia
839 3554 1154 3623 quaesisset,
1179 3563 1236 3608 et
1273 3563 1404 3610 tunc
1433 3569 1627 3610 omnes
1660 3554 1768 3610 hoc
1811 3569 1999 3610 exem-

409 3643 504 3712 plo
545 3645 694 3698 velut
742 3645 798 3697 in
866 3661 1032 3700 scena
1091 3647 1388 3716 castigatos
1437 3647 1868 3717 cmendatosque
1919 3646 2000 3701 vi-

409 3734 568 3788 deret
607 3734 741 3806 (54),
775 3737 998 3806 paulum
1020 3737 1438 3794 conticescens:
1465 3737 1608 3805 Quid
1647 3738 1774 3804 hoc,
1802 3739 1999 3794 Cabal-

411 3827 534 3889 lari,
564 3827 760 3898 inquit,
793 3829 940 3899 quod
971 3837 1080 3884 tam
1109 3831 1551 3886 contumeliosus
1583 3831 1750 3886 etiam
1785 3832 1839 3885 in
1863 3845 2001 3900 prte-

411 3925 624 3972 sentem
680 3935 764 3973 me
797 3920 991 3975 luisti?
1024 3937 1148 3975 nam
1181 3920 1540 3978 contumeliis
1566 3923 1782 3978 absenti
1825 3923 2001 3991 impo-

413 4011 536 4065 sitis
581 4011 790 4080 ignosci
844 4014 1036 4082 possit.
1093 4013 1206 4068 llac
1263 4030 1402 4070 voce
1465 4015 1709 4069 Marcum
1775 4014 1999 4069 animus

413 4104 702 4174 relinquit,
736 4104 888 4158 humi
926 4115 1156 4174 repente
1189 4107 1361 4188 cadit,
1397 4116 1474 4161 'et
1523 4120 1642 4160 eam
1670 4106 1850 4174 capite
1879 4106 2000 4176 pul-

412 4214 561 4262 sans,
600 4215 710 4268 pra:
743 4201 940 4254 timore
971 4199 1228 4269 spiritum
1257 4200 1510 4254 editurus
1541 4199 1864 4268 putabatur.
1889 4198 2000 4255 lm-

415 4301 664 4360 pcrator,
719 4303 842 4360 post
884 4293 1107 4363 longius
1166 4293 1782 4362 silentium,jacentem
1841 4291 2000 4363 jubet

415 4401 662 4454 surgere.
699 4386 770 4442 At
800 4387 910 4449 ille,
931 4388 1048 4441 sive
1075 4387 1204 4457 quia
1238 4403 1346 4442 non
1380 4386 1643 4441 audiebat
1674 4386 1820 4456 quod
1853 4387 2001 4440 dice-

417 4478 598 4543 batur,
649 4479 764 4534 sive
790 4480 919 4549 quia
948 4481 1144 4535 solutis
1180 4496 1387 4549 pavore
1416 4480 1685 4535 membris
1714 4495 1941 4548 surgere
1967 4493 1999 4532 c

2100 3362 2196 3413 καὶ
2223 3359 2498 3429 οἰμωγάς.
2529 3359 2688 3413 Ὅσοι
2714 3359 2772 3412 δὲ
2795 3361 2893 3412 καὶ
2925 3359 3290 3428 συνετώτεροι
3319 3358 3429 3412 τῶν
3466 3357 3686 3412 πολλῶν

2097 3450 2263 3522 ἦσαν,
2288 3453 2388 3523 τῆς
2421 3453 2728 3524 μελλούσης
2759 3453 2996 3524 κρίσεως
3027 3452 3096 3525 ἣν
3128 3451 3404 3523 ἀκούομεν
3435 3453 3684 3520 ἐλάμϐα-

2100 3564 2192 3600 νον
2219 3547 2330 3602 ἀπὸ
2345 3546 2458 3601 τῶν
2487 3548 2793 3617 γινομένων
2833 3545 3042 3599 εἰκόνα.
3085 3547 3196 3600 Καὶ
3244 3546 3683 3617 ἀνεζωγράφουν

2100 3639 2160 3691 ὲν
2193 3637 2410 3701 ἑαυτοῖς
2439 3636 2539 3709 τὴν
2590 3636 2834 3708 ἄρρητον
2878 3636 3101 3703 εκείνην
3154 3636 3265 3688 τῶν
3324 3637 3683 3707 ἁμαρτωλῶν

2091 3729 2373 3801 ἀἰσχύνην
2413 3731 2508 3783 ἐπὶ
2533 3729 2632 3782 τοῦ
2665 3729 2906 3800 φοϐεροῦ
2943 3729 3038 3782 καὶ
3089 3729 3394 3783 ἀδεκάστου
3424 3731 3683 3800 δικαστη-

2103 3821 2244 3892 ρίου.
2282 3821 2347 3874 Et
2377 3821 2488 3892 γὰρ
2517 3821 2612 3874 ἐπὶ
2642 3820 2842 3891 θνητοῦ
2873 3820 3166 3892 βασιλέως,
3213 3820 3347 3875 ἑνοα
3381 3823 3478 3876 καὶ
3511 3823 3566 3876 αἱ
3598 3840 3680 3876 τι-

2103 3913 2712 3986 μωρίαιόλιγοχρόνιοι,
2739 3913 2983 3984 τοσαύτη
3013 3914 3102 3968 τὸν
3126 3915 3455 3984 κρινόμενον
3480 3914 3685 3985 ἔκπλη-

2103 4008 2184 4074 ξις
2214 4002 2385 4079 εῖχεν,
2425 4007 2560 4061 ὥστ’
2613 4009 2716 4080 ήδη
2774 4011 2870 4063 καὶ
2921 4008 3031 4079 πρὸ
3071 4012 3170 4080 τῆς
3210 4009 3545 4077 ἀποφάσεως
3603 4009 3685 4079 τῷ

2103 4102 2349 4172 πλείστῳ
2378 4103 2540 4173 μέρει
2569 4104 3009 4174 ἀποτεθνηκέναι
3043 4105 3149 4158 ὑπὸ
3175 4105 3356 4172 δέους,
3379 4107 3463 4159 ὅτι
3515 4105 3684 4176 μηδεο

2105 4202 2236 4268 μίαν
2266 4198 2570 4266 ἀπολογίαν
2613 4191 2760 4270 εἶχεν
2793 4198 2880 4267 ἐφ’
2910 4194 2991 4262 οἷς
3022 4202 3387 4268 κατηγορεῖτο
3410 4200 3685 4266 ἐνεγκεῖν,

2101 4291 2155 4345 τί
2181 4294 2287 4346 οὐκ
2311 4291 2376 4346 ἂν
2397 4292 2620 4346 πάθωσι
2641 4293 2833 4344 meo:
2855 4293 3071 4363 πονηρά
3096 4291 3402 4355 συνειδότες
3425 4292 3642 4354 ἑαυτοῖς
3667 4308 3683 4356 ;

2103 4385 2200 4439 καὶ
2233 4385 2481 4456 βελτίους
2505 4386 2719 4440 ἑαυτῶν
2753 4388 2818 4438 ἑκ
2843 4385 2941 4438 τοῦ
2969 4386 3418 4456 παραδείγματος
3435 4386 3686 4453 ἐγίνοντο

2104 4479 2202 4532 καὶ
2233 4478 2372 4548 πρὸς
2402 4478 2853 4556 σωφρονέστερον
2881 4477 3388 4548 μετερῤυθμίζοντο
3419 4476 3554 4547 βίον.
3584 4476 3686 4528 Βα-

418 4581 561 4625 terra
601 4586 710 4626 non
760 4573 996 4637 valebat,
1050 4573 1423 4634 volutabatur.
1468 4589 1572 4627 nec
1622 4572 1816 4626 oculos
1870 4587 1990 4640 ape-

2107 4572 2294 4634 σιλεὺς
2325 4572 2384 4625 δὲ
2431 4573 2706 4643 πρότερόν
2741 4590 2800 4626 τε
2839 4573 2960 4626 ούκ-
2995 4574 3089 4625 ἑπὶ
3121 4573 3199 4642 τῷ
3255 4570 3686 4642 τιμωρήσασθαι

417 4663 587 4728 ciens,
619 4677 718 4716 nec
746 4665 973 4717 verbum
995 4665 1279 4719 emittcns.
1315 4665 1478 4736 194
1499 4667 1802 4734 Imperator
1833 4679 2001 4733 appa-

420 4757 684 4811 ritoribus
706 4772 869 4811 manu
899 4756 1117 4828 signum
1145 4758 1259 4826 dat,
1290 4760 1367 4814 uti
1395 4775 1522 4814 cum
1557 4757 1844 4823 attollant;
1869 4755 2001 4811 sub—

2105 4666 2198 4718 τδν
2228 4658 2460 4736 Μάρκον
2486 4667 2692 4739 ζητῶν,
2729 4668 2825 4721 καὶ
2854 4669 2976 4722 τότε
3007 4669 3220 4734 πάντας
3246 4668 3392 4738 όρῶν
3417 4670 3484 4738 τῇ
3509 4669 3683 4735 σκηνῇ

2106 4759 2282 4832 ταύτῃ
2310 4760 2811 4829 σωφρονισθέντας,
2848 4762 3048 4831 μικρὸν
3089 4759 3362 4831 ἐπισχὼν,
3404 4759 3469 4813 Τί
3495 4758 3686 4813 παθὼν

1658 4891 1878 4954 Jacobi
1909 4893 2184 4954 Pontani
2218 4902 2412 4957 notte.

495 5019 608 5088 (δι)
650 5023 702 5072 1η
759 5034 925 5073 scena
978 5021 1207 5088 tragica.
1251 5037 1344 5075 seu
1387 5021 1441 5074 in
1495 5021 1783 5089 tragoedia.
1844 5017 2006 5088 Apud

419 5090 703 5142 Stobzeum
738 5089 1014 5144 Timoclcs
1067 5095 1313 5146 comicus
1343 5093 1472 5160 quid
1517 5092 1726 5160 prosint
1771 5092 2006 5160 tragico-

426 5177 541 5213 tum
566 5163 770 5228 scripta
801 5163 934 5216 satis
965 5163 1210 5216 declarat
1241 5163 1328 5218 his
1359 5163 1566 5222 verbis.

496 5296 598 5368 Qui
623 5315 826 5366 pauper
848 5306 944 5358 est,
975 5299 1101 5351 dum
1125 5316 1226 5351 mm
1253 5299 1427 5352 minus
1451 5315 1613 5367 quam
1638 5296 1923 5368 Telephum

498 5367 564 5420 Se
584 5384 733 5438 egere
756 5370 910 5420 sentit
933 5410 947 5430 ,
976 5369 1072 5435 fert
1103 5370 1306 5422 malum
1330 5369 1578 5437 quietius.

412 5435 432 5450 ⁹
493 5435 707 5491 Insanit
736 5439 929 5503 aliquis
953 5440 976 5491 .9
1009 5435 1358 5492 Alcmmonem
1384 5441 1616 5505 respicit.

495 5508 977 5577 Circutit?OEdipi
1011 5509 1146 5562 levat
1180 5511 1374 5562 (intimo
1413 5527 1587 5564 suum.

495 5580 663 5650 Orbus
686 5581 804 5648 quis
823 5591 895 5633 est
916 5582 938 5630 ?
957 5579 1207 5650 lanienta‘
1221 5579 1406 5632 Niobes
1427 5582 1642 5650 cogitat.

487 5647 721 5721 laudas
788 5651 1144 5721 reminiscitur
1173 5647 1716 5721 APhiloctetrevpedum.

502 5717 666 5772 Habet
687 5718 766 5772 (Ε
775 5735 950 5781 neum,
974 5719 1208 5786 quisquis
1226 5735 1386 5772 senex
1417 5717 1514 5780 est,
1537 5733 1586 5775 et
1604 5725 1785 5778 miser.

503 5787 812 5862 Quicunque
843 5791 964 5862 aliis
989 5787 1114 5856 quid
1141 5791 1345 5862 accidat
1372 5797 1714 5862 reputaverit,

505 5858 620 5913 Erit
645 5860 826 5928 insuis
845 5859 1078 5913 alacrior
1100 5861 1367 5930 periculis.

2111 5019 2181 5074 Et
2235 5036 2361 5076 cum
2399 5036 2528 5076 vera
2577 5021 2647 5076 sit
2682 5021 2975 5089 sapientia,
3011 5021 3285 5078 humanas
3331 5037 3421 5077 res
3469 5021 3688 5090 penitus

2111 5103 2404 5160 perceptas
2455 5107 2521 5144 ac
2576 5101 2938 5161 pertractatas
2975 5093 3202 5157 habere,
3239 5093 3377 5146 nihil
3427 5093 3686 5145 admirari

2114 5176 2237 5214 cum
2272 5162 2557 5221 acciderit,
2585 5162 2723 5216 nihil
2757 5172 3051 5232 antequam
3083 5163 3352 5226 evenerit,
3377 5178 3484 5217 non
3521 5177 3685 5232 posse

2112 5233 2360 5302 evenerit
2403 5232 2685 5294 arbitrari,
2721 5232 2866 5286 valet
2901 5231 2968 5286 eo
3012 5234 3313 5302 plurimum
3366 5231 3626 5301 tragoedia
3674 5251 3687 5286 :

2114 5301 2208 5356 ubi
2243 5302 2510 5370 exemplis
2548 5303 2902 5358 evidentibus
2934 5301 3268 5364 ostenditur,
3308 5303 3364 5357 in
3395 5304 3560 5356 rebus
3587 5303 3684 5355 bo-

2109 5373 2321 5427 minum
2371 5373 2509 5426 nihil
2566 5388 2687 5426 esse
2739 5374 2958 5436 stabile.
2989 5373 3336 5435 diuturnum,
3385 5389 3448 5428 ac
3489 5386 3689 5442 perpe-

2109 5452 2315 5496 tuum:
2353 5443 2539 5496 omnia
2589 5442 2756 5505 (lusa,
2813 5445 3044 5508 caduca,
3097 5444 3406 5498 hiania.Et
3458 5445 3688 5497 omnino

2105 5513 2231 5581 plus
2279 5513 2480 5573 viriiun
2537 5513 2703 5566 habet
2755 5514 2820 5568 ad
2869 5515 3038 5569 vitam
3088 5525 3236 5568 recte
3286 5513 3686 5568 instituendam

2107 5583 2397 5664 tragmdia.
2431 5598 2594 5664 quam
2617 5583 2771 5664 “nuda
2802 5585 3265 5664 philoSOpborum
3293 5591 3563 5664 praecepta
3585 5598 3688 5664 au-

2107 5660 2216 5724 tem
2252 5654 2481 5721 prodest
2527 5653 2662 5707 viris
2710 5652 3169 5724 praepotentibus,
3213 5652 3431 5708 utdum
3475 5652 3687 5724 illiPo—
3755 5657 3772 5673 '

2103 5721 2490 5794 lymnestores,
2544 5721 3000 5793 Agamemnonas,
3032 5724 3332 5794 Hercules,
3383 5722 3678 5794 Polynices

2105 5791 2321 5859 legunt,
2365 5811 2422 5847 se
2465 5791 2684 5863 quoque
2741 5794 3016 5862 homines,
3051 5805 3107 5852 ct
3162 5791 3396 5850 fortuna:
3452 5791 3678 5849 casibus

2104 5864 2378 5927 subjectos
2409 5879 2529 5919 esse
2559 5865 2940 5920 recordentur;
2971 5885 2980 5892 ·
