4016 6424
265 395 372 462 έΠ

1419 374 1976 464 nisronIAnUM
2022 406 2257 468 LIBER
2298 408 2378 470 Π.

3436 417 3542 483 418

267 511 490 569 σύνοδον
521 510 631 564 ἔδει
664 505 830 578 εἶναι,
860 512 908 566 οἱ
951 511 1049 583 μὲν
1083 513 1142 567 ὲν
1187 516 1572 587 πατριαρχείῳ
1599 516 1858 588 παρῆσαν

1961 518 2254 589 episcopos
2286 537 2575 589 accusare,
2609 525 2756 596 quod
2795 527 3091 585 immerens
3144 529 3212 586 de
3249 531 3448 589 throno
3473 537 3542 591 ah

265 606 490 667 πάντες.
554 603 616 654 '0
652 603 830 672 μέγας
860 604 913 657 δὲ
965 606 1289 674 δομέστικος
1336 609 1462 672 τοὺς
1513 609 1854 673 ὑπευθύνους

264 697 376 750 τῶν
403 695 711 765 ἀρχιερέων
745 695 1100 765 παραλαὸὼν,
1134 699 1229 750 καὶ
1260 699 1640 768 παραγγείλας
1665 703 1852 763 αὐτοῖς

267 789 506 858 σιωπᾷν,
538 789 636 840 καὶ
669 787 1006 858 φθέγγεσθαι
1044 791 1214 860 μηδὲν
1242 791 1317 855 ὼς
1351 792 1492 861 ὑπὲρ
1541 792 1720 848 αὐτῶν
1755 795 1854 847 αύ-

267 880 364 934 τοῦ
408 882 531 945 τοὺς
561 881 759 949 λόγους
813 887 1202 955 ποιησομένου,
1253 881 1387 957 ἦλθε
1427 887 1524 941 σὺν
1566 889 1748 953 αὐτοῖς
1779 891 1854 956 ὼς

269 973 412 1042 ὑπὲρ
443 968 518 1027 ὧν
554 975 909 1029 ἐνεκαλοῦντο
968 978 1470 1048 ἀπολογησόμενος.
1536 981 1765 1036 Πάντων
1795 983 1852 1038 δὲ

267 1065 578 1134 γενομένων
603 1067 660 1119 ἐν
683 1067 886 1140 ταύτῷ,
919 1069 1047 1130 τοὺς
1075 1071 1514 1141 έγκαλοωμένους
1554 1073 1850 1145 ἀρχιερέας

270 1157 298 1209 ὁ
327 1157 672 1227 πατριάρχης
706 1159 897 1228 ᾐτιᾶτο
925 1152 1063 1228 ὑπὲρ
1089 1160 1186 1213 τοῦ
1233 1161 1346 1215 τῶν
1399 1163 1610 1234 θρόνων
1637 1165 1848 1218 ἀπελα-

272 1246 469 1316 σθῆναι
512 1248 607 1300 ὑπ’
637 1249 840 1315 αὐτῶν,
880 1250 1219 1323 ἀδικήσαντα
1253 1255 1422 1325 μηδέν
1445 1272 1459 1288 ·
1499 1256 1596 1310 καὶ
1621 1259 1848 1328 προσέτι

271 1357 334 1408 γε
374 1340 682 1411 εἱρχθῆναι.
713 1343 778 1395 Oi
807 1342 908 1412 μὲν
952 1340 1046 1398 οὖν
1081 1334 1484 1418 ἐγκαλούμενοι
1514 1349 1851 1421 ἀπεκρίνατο

272 1434 463 1486 οὐδέν’
499 1433 718 1503 σιωπῆς
770 1435 828 1488 δὲ
877 1434 1108 1505 βαθείας
1159 1441 1461 1511 γενομένης
1494 1443 1587 1496 ἐπὶ
1638 1445 1850 1511 πολὺ,ὁ

275 1526 452 1596 μέγας
482 1524 800 1595 δομέστικος
829 1524 1016 1582 εἶπεν
1070 1530 1128 1584 '0
1171 1532 1376 1602 Κύριος
1420 1534 1582 1604 ἡμῶν
1643 1534 1851 1606 Ἰησοῦς

271 1616 508 1686 Χριστὸς
542 1619 600 1669 ὲν
640 1619 752 1683 τοῖς
784 1619 1143 1689 Εὐαγγελίοις
1187 1620 1380 1679 εἶπεν·
1428 1627 1554 1682 Ἐἀν
1599 1631 1675 1701 μὴ
1713 1630 1853 1701 ἠδι-

274 1706 538 1778 καιοσύνη
564 1707 719 1777 ὑμῶν
768 1713 1106 1786 περισσεύσῃ
1141 1714 1302 1770 πλέον
1335 1718 1445 1773 τῶν
1475 1726 1850 1792 γραμματέων

275 1799 369 1852 καὶ
405 1801 734 1870 φαρισαίων,
779 1803 843 1856 οὐ
887 1803 1120 1860 δύνασθε
1179 1809 1450 1865 εἰσελθεῖν
1504 1814 1584 1877 είς
1615 1814 1714 1886 τὴν
1752 1815 1849 1886 βα-

277 1889 482 1943 σιλείαν
521 1890 630 1943 τῶν
680 1891 949 1962 οὐρανῶν.
988 1895 1062 1950 Τὸ
1092 1896 1170 1962 δέ,
1231 1899 1402 1954 Πλέον
1449 1904 1559 1955 τῶν
1583 1881 1853 1976 γραμμα-
1885 1881 1926 1938 Β

272 1980 414 2033 τέων
442 1981 536 2035 καὶ
573 1982 902 2054 φαρισαίων,
947 1985 1024 2050 ὡς
1065 1987 1224 2056 ὑμῶν
1257 1990 1444 2046 ἀκούω
1490 1994 1852 2050 διδασκόντων

275 2070 409 2139 ἐγὼ,
438 2072 590 2125 οὐδὲν
618 2073 745 2127 ἀλλο
775 2070 935 2143 εῖναι,
969 2077 1001 2148 ἢ
1043 2078 1127 2142 τὸ,
1156 2079 1232 2152 μὴ
1267 2082 1430 2151 μόνον
1469 2084 1565 2139 τδν
1593 2087 1850 2140 ἀδικοῦν·

276 2178 341 2214 τα
379 2160 456 2232 μὴ
489 2162 796 2232 ἀμύνεσθαι
827 2165 891 2218 ἐκ
931 2165 1026 2218 τοῦ
1090 2166 1232 2234 ίσου,
1275 2171 1414 2225 ἀλλά
1440 2175 1534 2226 καὶ
1565 2174 1624 2228 εὖ
1677 2179 1851 2231 ποιεῖν

274 2252 400 2306 καθ’
424 2255 548 2307 ὅσον
595 2255 660 2308 ἂν
685 2249 796 2331 οἷόν
822 2273 881 2309 τε
1007 2259 1101 2312 Διδ
1133 2262 1228 2316 καὶ
1257 2265 1385 2326 τοὺς
1416 2269 1725 2338 σωτηρίους
1755 2271 1868 2324 νό-’

280 2359 419 2410 μους
451 2342 643 2406 τιθεὶς,
695 2327 786 2397 τὸν
843 2327 1140 2416 ἑλκόμενον
1164 2351 1244 2414 είς
1289 2327 1650 2426 δικαστήρίον
1706 2327 1851 2432 ύπὲρ

164 2511 176 2518 .
273 2434 371 2488 τοῦ
400 2435 491 2488 τὸν
520 2436 720 2504 χιτῶνα
755 2437 1142 2510 ἀφαιρεθῆναι,
1180 2443 1275 2496 καὶ
1307 2445 1368 2498 τὸ
1423 2446 1643 2516 ἱμάτιον
1675 2465 1851 2520 προσ-

277 2529 438 2594 έταξε
485 2531 1030 2600 προσαπεδύσασθαι.
1088 2536 1200 2588 Καὶ
1249 2536 1342 2590 τὸν
1405 2541 1726 2607 πατάξαντα
1757 2545 1852 2599 ἐπὶ

281 2623 512 2693 κόρρης,
537 2621 612 2695 μὴ
647 2624 809 2694 μόνον
851 2625 1080 2689 εὐθύνας
1113 2628 1214 2682 οὐκ
1264 2631 1542 2696 ἀπαιτεῖν,
1582 2635 1719 2690 ἀλλά
1755 2637 1853 2692 καὶ

288 2715 386 2784 τὴν
413 2715 600 2786 ἑτέραν
638 2717 1015 2789 ἐμπαρέχεινο
1071 2721 1168 2772 καὶ
1223 2721 1359 2776 ἄλλα
1401 2723 1502 2776 ὅσα
1535 2725 1636 2796 τῆς
1681 2728 1853 2800 αὐτῆς

254 2835 274 2850 ι
297 2807 531 2876 ἐξέχεται
558 2808 814 2873 διανοίας.
851 2811 1195 2880 Παραθὴγων
1232 2814 1289 2867 δὲ
1337 2817 1488 2886 ἡμᾶς
1521 2819 1600 2882 είς
1630 2820 1729 2892 τὴν
1757 2822 1853 2892 έρ-

298 2897 492 2964 γασίαν
518 2897 621 2951 τῶν
654 2900 939 2967 σωτηρίων
975 2901 1180 2970 νόμων,
1230 2905 1364 2956 ποτὲ
1418 2904 1518 2974 μὲν
1569 2907 1690 2962 εἷπε
1713 2927 1728 2942 ’
1758 2912 1850 2983 Μὴ

293 2987 480 3055 γνώτω
511 2990 539 3058 ἡ
596 2989 864 3061 ἀριστερά
893 3009 988 3044 σου
1029 2992 1084 3045 τί
1109 3045 1116 3056 ,
1137 2997 1284 3049 ποιεῖ
1321 2997 1352 3066 ἡ
1383 2997 1534 3062 δεξιά
1563 3001 1680 3054 σού.
1719 3003 1852 3071 Καὶ,

286 3079 561 3134 Είσελθὼν
595 3085 675 3144 είς
711 3083 770 3137 τὸ
799 3086 1044 3154 ταμιεῖόν
1075 3102 1190 3149 σου,
1242 3089 1540 3157 πρόσευξαι
1569 3094 1645 3162 τῷ
1677 3096 1854 3168 Πατρί

282 3189 404 3237 σου,
428 3172 504 3241 τῷ
536 3175 591 3225 ἐν
611 3173 826 3244 οὐρανῷ
851 3190 864 3204 ·
902 3177 995 3229 καὶ
1018 3178 1267 3248 προσέτι,
1290 3180 1524 3244 Κλείσας
1542 3184 1643 3251 τὴν
1663 3185 1852 3256 θύραν,

281 3266 421 3320 Ποτὲ
454 3266 512 3318 δὲ
542 3267 643 3330 ὅτι,
676 3267 960 3336 Λαμψέιτω
988 3270 1048 3322 τὸ
1089 3269 1204 3338 φῶς
1228 3273 1383 3340 ὑμῶν
1416 3274 1729 3345 ἔμπροσθεν
1749 3277 1858 3332 τῶν

281 3357 606 3426 ἀνθρώπων,
639 3351 787 3421 ante;
816 3357 965 3412 ἴδωσι
987 3361 1058 3414 τὰ
1085 3362 1227 3414 καλά
1258 3364 1415 3432 ὑμῶν
1456 3356 1615 3436 ἔργα.
1664 3369 1857 3424 Καίτοι

279 3466 347 3518 γε
372 3448 451 3517 τῷ
486 3449 663 3502 δοκεῖν
685 3449 751 3502 τά
769 3451 998 3504 τοιαῦτα
1030 3455 1475 3526 παραγγέλματα
1519 3459 1857 3524 ἀντίκεινται

282 3537 563 3609 ἀλλήλοις.
621 3537 774 3608 Ἐμοὶ
805 3537 862 3590 δὲ
905 3539 1104 3605 δοκεῖν,
1139 3543 1253 3606 τοῖς
1295 3543 1396 3614 μὲν
1448 3546 1695 3600 ἀτελέσιν
1726 3551 1857 3620 ἡμῖν

281 3629 382 3683 καὶ
405 3628 725 3700 δυναμένοις
779 3631 844 3684 ἐκ
875 3629 973 3700 τῆς
1001 3632 1318 3698 ἐπιδείξεως
1357 3634 1468 3689 τῶν
1491 3637 1753 3707 καμάτων
1789 3642 1858 3693 τὰ

283 3721 500 3774 ἔπαθλα
525 3721 965 3792 ἀποστερεῖσθαι,
999 3723 1058 3776 τὸ
1101 3725 1544 3797 ἐπικρύπτεσθαι
1584 3730 1742 3795 αὐτὰ,
1776 3733 1858 3783 εί-

285 3815 489 3884 ρῆσθαι
520 3814 684 3867 παντὶ⁵
727 3814 904 3868 σθένει
925 3831 941 3847 ⁸
978 3818 1094 3879 τοῖς
1131 3817 1482 3884 διδασκάλοις
1498 3821 1553 3875 δὲ
1583 3823 1734 3893 ύμῖν,
1762 3823 1856 3877 καὶ

285 3907 468 3959 κοινὸν
503 3907 858 3978 παράδειγμα
891 3908 1052 3980 ὀρθοῦ
1117 3911 1212 3964 καὶ
1252 3911 1529 3983 σώφρονος
1568 3915 1687 3984 βίου
1725 3933 1860 3986 προ-

287 4001 585 4063 κειμένοις,
620 4001 679 4052 τὺ
702 4000 946 4071 λάμπειν
978 4002 1134 4070 ὑμῶν
1158 4003 1227 4056 τὰ
1270 4005 1413 4057 καλά
1439 4006 1603 4077 ἔργα,
1631 4009 1780 4071 ὅπως
1809 4011 1857 4063 οἱ

289 4092 477 4145 πολλοὶ
502 4091 756 4161 ὁρῶντες,
800 4093 892 4148 τὸν
940 4094 1152 4166 πατέρα
1199 4096 1358 4167 ἡμῶν
1396 4097 1661 4163 δοξάζωσι
1685 4101 1775 4153 τὸν
1802 4105 1859 4155 ὲν

287 4186 399 4246 τοῖς
422 4183 694 4252 οὐρανοῖς.
738 4183 864 4236 Ἐὰν
897 4185 1083 4238 τοίνυν
1131 4187 1291 4256 ὑμεῖς
1327 4189 1376 4241 οἱ
1405 4189 1524 4257 φῶς
1564 4191 1726 4261 ἡμῶν
1753 4192 1861 4246 τῶν

293 4277 772 4346 μαθητευομένων,
808 4279 902 4331 καὶ
930 4281 1052 4343 ταῖς
1080 4279 1318 4346 ἀπάταις
1343 4282 1438 4335 τοῦ
1474 4283 1590 4353 βίου
1641 4287 1737 4338 καὶ
1765 4304 1864 4356 με-

290 4371 513 4439 ρίμναις
548 4371 641 4422 καὶ
697 4372 912 4442 ἡδοναῖς
952 4367 1410 4443 προσισχομένων
1467 4373 1674 4430 δίκαιοι
1709 4377 1862 4442 ὄντες

289 4458 456 4524 εἶναι,
503 4463 666 4516 δεινοὶ
705 4463 797 4516 καὶ
850 4465 1240 4534 ἀπαραίτητοι,
1275 4465 1368 4519 καὶ
1418 4469 1694 4538 μηδεμίαν
1724 4487 1862 4540 παρ-

291 4555 510 4624 έχοντες
540 4555 871 4626 συγγνώμην
901 4559 1012 4619 τοῖς
1042 4557 1335 4625 ἀδικήσασι
1379 4559 1475 4612 καλ⁷
1501 4562 1687 4624 κακῶς
1718 4563 1862 4632 ὑμᾶς

290 4645 524 4698 διαθείσι
553 4649 779 4716 φανῆτε,
821 4643 885 4699 ού
918 4647 1124 4716 θηρίων
1157 4651 1452 4720 ἀνημέρων
1487 4654 1863 4724 ἀγριωτέρους

290 4740 444 4808 ἡμᾶς
489 4739 583 4790 καὶ
609 4739 924 4809 ὠμοτέρους
955 4743 1414 4808 παρασκευάσετε
1447 4745 1740 4810 γενέσθαι;
1770 4749 1862 4800 καὶ

293 4830 639 4900 συμϐήσεται
668 4832 796 4902 ὑμῖν
849 4832 1038 4903 ὥσπερ
1066 4833 1161 4884 τοῦ
1195 4833 1366 4886 καλοῦ
1403 4837 1756 4905 παράδειγμα
1780 4853 1865 4903 γι-

292 4924 541 4989 νομένοις
587 4924 724 4994 ὑπὲρ
779 4925 878 4994 τῆς
943 4927 1166 4978 πάντων
1229 4925 1499 4995 ὠφελείας
1558 4928 1710 4996 περὲι
1766 4926 1860 4979 τοῦ

295 5014 682 5085 φιλανθρώπου
707 5017 1028 5070 καὶδικαίου
1055 5016 1354 5086 βραϐευτοῦ
1380 5018 1660 5086 στεφάνων
1683 5017 1864 5081 ἁξιοῦο

298 5107 418 5159 σθαι
456 5107 549 5160 καὶ
582 5107 780 5180 γερῶν,
817 5108 956 5161 οὕτω
988 5109 1082 5162 νῦν
1131 5109 1316 5177 ὄφλειν
1347 5111 1408 5161 οὐ
1462 5111 1560 5172 τὰς
1591 5111 1863 5180 τυχούσας

299 5202 448 5263 δίκας
489 5201 632 5269 ὑπὲρ
683 5199 775 5253 τοῦ
808 5202 941 5252 πᾶσι
971 5200 1174 5271 βλάϐης
1200 5202 1460 5270 ἀφορμὴν
1509 5203 1860 5271 παρεσχηκέ-

301 5311 402 5345 ναι.
453 5291 594 5359 Ἐγὼ
626 5292 682 5343 δὲ
743 5292 1098 5360 παράδειγμα
1153 5291 1570 5360 φιλανθρωπίας
1616 5296 1709 5344 καὶ
1758 5292 1866 5345 ἀπὸ

302 5385 399 5436 τῶν
444 5385 522 5448 τῷ
557 5384 656 5452 βίῳ
688 5383 1130 5451 προσηλωμένων
1181 5383 1338 5452 ἡμῶν
1371 5384 1680 5454 παρέξομαι
1714 5386 1867 5452 ὑμῖν,

295 5479 446 5528 οὔπω
469 5477 595 5547 χθὲς
625 5477 722 5528 καὶ
751 5473 941 5544 πρῴην
967 5477 1356 5544 γεγενημένον.
1403 5477 1598 5545 ὐρᾶτε
1639 5477 1749 5546 γὰρ
1775 5477 1868 5531 τὸν

203 5621 206 5624 ,
295 5569 542 5636 βασιλέα,
571 5564 800 5618 τοσοῦτο
835 5567 934 5632 μὲν
969 5567 1144 5635 ἀρχῆς
1188 5567 1417 5635 μέγεοος
1460 5568 1867 5639 περιϐεϐλημέ-

294 5677 398 5725 νον,
450 5660 594 5712 οὕτω
617 5657 660 5709 δ’
690 5659 748 5708 ὲν
782 5656 931 5726 αὐτῷ
964 5657 1039 5728 τῷ
1094 5659 1190 5728 τῆς
1236 5659 1491 5730 νεότητος
1523 5659 1678 5713 ἄνθει
1705 5701 1720 5727 ,
1775 5662 1866 5715 ὅτε

363 5817 379 5846 ³
417 5813 617 5870 Matth.
657 5827 710 5879 v,
747 5809 840 5866 20.
915 5813 936 5843 ¹
967 5810 1159 5867 Matth.
1211 5828 1299 5878 Vi,
1365 5814 1419 5870 5.

1963 609 2096 680 ipsis
2134 612 2420 682 depulsus,
2449 625 2504 670 et
2540 618 2770 688 insuper
2805 624 3014 678 carceri
3056 625 3346 681 mandatus
3373 639 3539 683 esset.

1961 704 2216 758 Accusati
2242 707 2380 760 nihil
2437 711 2792 777 respondere.
2849 712 2978 768 Post
3008 715 3176 768 altum
3207 726 3262 770 et
3318 718 3539 785 longum

1961 796 2243 852 silentium
2298 816 2524 867 magnus
2571 801 2912 858 domesticus
2959 807 3032 859 ita
3063 807 3230 860 iniit:
3273 809 3542 863 Dominus

1959 897 2150 944 noster
2183 889 2341 946 Jcsus
2370 892 2627 948 Christus
2650 895 2704 948 in
2733 895 3040 966 Evangeliis
3072 913 3086 951 :
3125 917 3142 949 ι
3179 899 3293 954 Nisi
3323 901 3562 971 justitia.

1959 993 2144 1038 vestra
2225 984 2590 1041 abundaverit
2665 985 2957 1058 pl'usquam
3017 991 3367 1059 scribarum,
3445 1001 3542 1046 aut

1961 1073 2396 1144 pharisa‘orum,
2474 1094 2584 1133 non
2633 1073 2911 1137 intrabitis
2984 1083 3038 1137 in
3085 1099 3311 1154 regnum
3366 1086 3539 1141 (ταξιο-

1960 1183 2080 1222 rutn
2115 1169 2154 1224 ¹.
2217 1189 2234 1221 ›
2288 1171 2423 1225 Illud
2480 1179 2663 1250 autem
2720 1173 3027 1244 (plusquam
3094 1180 3390 1233 scribarum
3441 1189 3537 1233 aut

1957 1264 2394 1330 pliarisa'orum)
2464 1274 2524 1318 ut
2603 1283 2701 1322 vos
2774 1269 3036 1325 docentes
3116 1270 3282 1324 audio
3319 1311 3334 1334 ,
3397 1271 3536 1325 nihil

1959 1367 2044 1413 est
2091 1357 2284 1417 aliud.
2339 1374 2502 1428 quam
2580 1375 2690 1413 non
2753 1362 2932 1415 solum
2994 1362 3221 1432 injurias
3276 1364 3535 1418 inferenti

1959 1464 2058 1518 par
2089 1439 2196 1502 non
2253 1449 2484 1515 referre,
2520 1450 2616 1505 sed
2648 1451 2826 1505 eidem
2860 1453 3025 1508 etiam
3056 1464 3322 1524 quantum
3357 1455 3538 1525 possis

1957 1536 2307 1592 benefacere.
2372 1537 2644 1604 Quocirca
2680 1541 2841 1609 idem
2894 1542 3024 1597 dum
3062 1544 3335 1598 salutares
3391 1544 3542 1612 leges

1957 1632 2240 1694 conderet,
2273 1625 2596 1688 trahentiin
2621 1635 2892 1706 judicium
2921 1649 3146 1704 propter
3173 1637 3536 1693 auferendam

1959 1728 2225 1789 tunicam,
2254 1725 2481 1796 palliufn
2517 1728 2738 1798 quoque
2788 1729 2990 1784 dimitti
3021 1731 3224 1800 jussit;
3257 1741 3313 1785 et
3342 1749 3539 1801 percu-

1958 1816 2118 1872 tienti
2149 1832 2310 1871 unam
2337 1818 2636 1883 maxillam,
2655 1819 2792 1874 citra
2819 1821 3118 1876 vindictam
3148 1822 3538 1894 porrigendam

1954 1919 2012 1964 et
2041 1908 2272 1963 alteram
2301 1925 2316 1974 ;
2373 1918 2430 1965 et
2463 1909 2568 1965 alia
2624 1910 2846 1966 demum
2883 1929 3004 1982 quat
3037 1912 3091 1967 in
3133 1914 3382 1968 eamdem
3414 1932 3542 1971 sen-

1956 2001 2184 2056 tentiam
2243 2009 2577 2071 sequuntur.
2639 2002 2928 2068 Exacuens
2982 2019 3148 2073 porro
3178 2021 3278 2060 nos
3316 2008 3382 2060 ad
3426 2023 3542 2061 ser-

1953 2091 2134 2145 vanda
2166 2100 2446 2163 praecepta
2481 2093 2788 2160 salutifera,
2837 2094 3133 2164 aliquando
3175 2096 3337 2162 dixit,
3379 2099 3537 2170 197

1961 2202 1979 2236 ι
2020 2183 2243 2239 Nesciat
2292 2185 2513 2240 sinistra
2541 2192 2658 2248 tua.
2690 2185 2823 2255 quid
2859 2185 3023 2241 faciat
3054 2187 3278 2242 dextera
3307 2201 3398 2242 tua
3432 2193 3476 2258 ';
3517 2213 3533 2242 ι

1953 2284 2006 2331 et
2037 2293 2052 2329 :
2088 2294 2105 2326 ι
2144 2275 2428 2345 Ingressus
2475 2276 2790 2334 cubiculum
2816 2285 2992 2340 tuum,
3033 2278 3218 2332 clauso
3240 2279 3409 2344 ostio,
3444 2296 3539 2335 ora

1954 2365 2170 2420 Patrem
2199 2375 2372 2432 tuum,
2396 2366 2488 2435 qui
2514 2366 2569 2420 in
2600 2365 2758 2421 caelis
2777 2375 2864 2427 est
2882 2368 2954 2421 ³.»
2983 2367 3293 2436 Aliquando
3313 2379 3538 2424 autem:

1962 2472 1980 2506 ι
2023 2454 2224 2511 Luceat
2255 2457 2347 2510 lux
2381 2465 2562 2512 vestra
2607 2472 2789 2511 coram
2827 2457 3172 2522 hominibus,
3205 2469 3266 2513 ut
3318 2460 3540 2514 videant

1955 2559 2122 2614 Opera
2150 2555 2334 2600 vestra
2365 2545 2510 2601 bona
2533 2546 2606 2600 ⁸.»
2653 2546 2908 2617 Hmleges
2930 2549 3182 2617 quamvis
3219 2564 3406 2604 secum
3433 2565 3541 2620 pu-

1956 2650 2123 2704 gnare
2166 2635 2482 2702 videantur,
2516 2645 2698 2692 tamen
2739 2638 2846 2692 nisi
2885 2639 3106 2694 aberrat
3136 2639 3346 2708 opinio,
3379 2641 3540 2694 nobis

1955 2726 2310 2797 imperfectis,
2333 2736 2388 2783 et
2406 2728 2498 2798 qui
2515 2743 2810 2796 possumus
2823 2744 2887 2783 ex
2906 2730 3272 2785 ostentatione
3289 2731 3538 2785 laborum

1958 2828 2278 2874 nostrorum
2315 2820 2542 2890 praemia
2581 2821 2864 2876 ainittcrre
2895 2821 3104 2876 dictum
3135 2831 3241 2886 est,
3281 2823 3362 2876 uti
3394 2822 3543 2891 ipsos

1959 2909 2088 2964 totis
2119 2911 2333 2966 viribus
2363 2912 2804 2978 abscondamus;
2839 2913 2999 2968 vobis
3023 2925 3206 2968 autem
3240 2915 3540 2984 magistris,

1957 3009 2013 3052 et
2045 3000 2434 3054 communibus
2466 3010 2631 3054 rectae
2675 2999 3076 3070 inculpataeque
3109 3000 3230 3054 vitae
3260 3003 3543 3070 exempla-

1958 3089 2134 3156 ribus,
2170 3099 2229 3144 ut
2252 3090 2476 3144 luceant
2509 3107 2676 3160 opera
2704 3101 2911 3149 vestra.
2958 3107 3069 3159 quo
3093 3091 3271 3154 multi,
3317 3092 3446 3146 dum
3478 3108 3540 3145 ea

1881 3206 1928 3270 ρ
1963 3182 2270 3247 intuentur,
2303 3182 2519 3236 Patrem
2555 3191 2802 3235 nostrum
2834 3183 3009 3252 quiin
3033 3183 3313 3239 cmlisest.
3337 3183 3544 3250 gloriﬁ-

1961 3281 2108 3327 cent.
2143 3270 2198 3325 Si
2234 3272 2416 3341 itaque
2439 3285 2535 3325 vos
2563 3271 2655 3339 qui
2678 3271 2769 3325 lux
2796 3280 2982 3331 nostra
3007 3312 3021 3333 ,
3047 3279 3258 3331 nostra,
3291 3269 3539 3339 inquam,

1960 3364 2054 3434 qui
2082 3363 2335 3432 discipuli
2355 3373 2640 3425 sumus,et
2663 3361 2912 3427 fallaciis,
2941 3361 3414 3416 sollicitudinibus
3433 3403 3449 3429 ,
3477 3370 3543 3417 ac

1957 3454 2335 3524 voluptatibus
2373 3454 2538 3524 hujus
2569 3454 2694 3508 vita:
2729 3453 2997 3523 implicati
3030 3462 3304 3518 tenemur,
3347 3455 3544 3509 merito

1957 3562 2080 3603 esse
2105 3546 2344 3612 debetis,
2397 3546 2520 3599 duri
2575 3555 2632 3599 et
2693 3544 3062 3598 inexorabiles
3085 3545 3272 3608 eritis,
3316 3554 3372 3599 et
3403 3545 3542 3599 mala

1960 3641 2272 3711 irrogantes
2326 3639 2486 3693 venia
2519 3638 2670 3690 nulla
2707 3637 3142 3706 prosequemini,
3187 3651 3372 3690 nonne
3410 3636 3544 3690 feris

1960 3732 2269 3790 immitibus
2323 3729 2682 3792 immitiores,
2743 3743 2806 3783 ac
2861 3728 3119 3784 stt-viores
3171 3743 3272 3782 nos
3319 3726 3546 3782 facitis?

1960 3824 2143 3890 Quare
2174 3820 2642 3891 quemadmodum
2676 3821 2721 3874 si
2758 3819 2824 3874 ad
2857 3820 3103 3874 omnium
3144 3820 3380 3873 fructum
3415 3833 3544 3887 pro-

1962 3915 2151 3968 bitatis
2179 3913 2511 3982 exemplaria
2542 3913 2767 3979 fieretis,
2797 3927 2825 3965 a
2859 3912 2948 3981 pio
2966 3922 3018 3966 et
3042 3912 3191 3981 justo
3226 3911 3545 3965 certaminis

1962 4006 2171 4063 arbitro
2201 4006 2425 4060 coronis
2470 4014 2526 4059 et
2562 4005 2804 4074 prtemiis
2835 4004 3242 4073 dignaremini“:
3270 4003 3347 4056 sic
3372 4018 3541 4066 nunc,

1962 4103 2088 4171 quia
2127 4100 2393 4154 omnibus
2430 4098 2661 4152 nocendi
2697 4098 2820 4152 aliis
2850 4083 3195 4151 occasionem
3239 4096 3400 4160 datis,
3433 4113 3543 4152 non

1963 4191 2284 4261 vulgaribus
2371 4191 2550 4258 pcenis
2621 4188 3154 4242 condemnabimini.
3211 4187 3379 4257 Atqui
3442 4204 3545 4258 ego

1963 4280 2277 4350 exemplum
2334 4277 2690 4332 humanitatis
2737 4277 2805 4331 de
2839 4278 3038 4341 nobis,
3105 4277 3231 4332 huic
3263 4278 3388 4331 vitae
3442 4293 3544 4334 ceu

1965 4373 2121 4428 clavo
2175 4369 2353 4424 aflixis
2413 4384 2714 4438 proponam
2746 4368 2925 4434 vobis,
2953 4368 3114 4438 quod
3165 4369 3545 4423 recentissimo

1967 4465 2221 4536 contigit.
2264 4463 2476 4520 Videtis
2508 4455 2920 4540 imperatprem,
2944 4478 3255 4532 quanquam
3307 4463 3361 4515 in
3394 4472 3545 4516 tanto

1895 4550 1939 4607 Β
1967 4569 2186 4627 tamque
2213 4559 2397 4626 amplo
2425 4556 2662 4625 imperio
2693 4557 3044 4631 collocatum,
3077 4555 3248 4608 nihilo
3285 4555 3469 4608 minus
3491 4555 3544 4607 in

1967 4654 2086 4722 ipso
2124 4652 2301 4706 aetatis
2329 4650 2482 4715 ﬂore,
2520 4632 2738 4718 quando
2767 4647 2914 4717 quis,
2949 4647 3115 4701 etiam
3145 4646 3434 4715 plurimum
3481 4647 3548 4699 dc

1964 4745 2073 4798 vita
2118 4732 2622 4800 recte'iustitueuda
2647 4739 2940 4804 sollicitus,
2965 4739 3222 4792 facillime
3253 4751 3301 4791 et
3329 4753 3358 4791 a
3388 4738 3549 4790 volu-

1966 4833 2209 4904 ptatibus
2239 4833 2606 4902 pessumdari,
2627 4839 2682 4885 et
2711 4831 2778 4884 ad
2816 4832 2948 4883 iram
2978 4830 3392 4883 immoderatam
3454 4832 3552 4883 im-

1971 4926 2097 4996 pelli
2134 4928 2294 4990 solet,
2323 4925 2588 4978 adversus
2622 4923 3034 4993 protervitatem
3069 4923 3257 4989 Marci,
3305 4925 3548 4976 Omnium

1971 5016 2284 5085 mortalium
2342 5015 2740 5076 scelestissimi,
2767 5015 2939 5084 quali,
2970 5030 3242 5085 quamque
3296 5017 3552 5070 on'tuibus

1976 5084 2257 5177 inapinata
2293 5106 2723 5159 mansuetudine
2760 5115 2816 5158 et
2867 5084 3167 5159 clementia
3197 5122 3327 5160 usus
3362 5108 3452 5160 sit.
3496 5107 3554 5160 Si

1974 5197 2223 5274 ergoille
2252 5206 2482 5251 etaetatc
2501 5197 2742 5267 juvenis,
2765 5206 2818 5250 et
2844 5198 3163 5265 imperator,
3199 5207 3257 5269 ut
3285 5197 3552 5262 diximus,

1974 5301 2030 5346 et
2075 5288 2314 5357 negotiis
2371 5288 2535 5357 hujus
2597 5287 2725 5341 vita:
2765 5287 3087 5349 involutus,
3150 5296 3257 5340 tam
3318 5287 3554 5340 libentrr

1971 5375 2235 5436 offensam
2269 5379 2624 5443 condonavit,
2663 5389 2718 5432 tu
2770 5379 3082 5432 communis
3144 5389 3460 5447 praecepr
3495 5386 3554 5430 et

1975 5486 2237 5543 tanquam
2305 5474 2601 5528 sanctioris
2654 5473 2781 5526 vita:
2851 5472 3134 5542 Speculum
3191 5470 3551 5539 prepositus,

1973 5567 2236 5621 fratribus
2268 5566 2482 5635 ignavia
2517 5565 2755 5635 quatiant
2780 5565 2919 5619 male
2945 5565 3011 5618 de
3043 5573 3094 5616 te
3127 5562 3338 5615 meritis
3369 5574 3552 5614 nonne

1975 5661 2271 5734 ignosces?
2310 5678 2377 5715 an
2422 5661 2496 5715 ita
2526 5662 2851 5716 oblirmatus
2883 5657 2938 5712 in
2983 5655 3336 5727 reposcendis
3362 5669 3393 5709 a
3423 5666 3559 5709 sou-

1496 5815 1516 5846 ⁹
1552 5813 1690 5870 Ibid.
1725 5815 1777 5869 6.
1853 5816 1877 5849 ⁸
1908 5817 2100 5876 Matth.
2139 5817 2310 5885 v,16.
