4016 6464
255 406 349 469 ιιι

1405 391 1952 468 HISTORIARUM
1996 397 2228 466 LIBER
2276 405 2360 467 ιι.

3421 395 3534 475 ΕΞ

255 516 505 590 βασιλεὺς
537 516 760 588 Μιχαὴλ
790 517 1136 590 πανστρατιᾷ
1159 515 1420 574 ἐσέϐαλεν
1447 519 1530 583 εἰς
1560 522 1662 589 τὴν
1701 519 1833 573 Ῥω-

1943 517 2209 574 omnibus
2239 517 2416 589 copiis
2446 517 2562 573 suis
2583 527 2637 573 et
2672 497 3000 590 Scytharum
3038 519 3282 587 auxiliis,
3307 521 3363 578 in
3391 523 3531 584 ﬁnes

253 613 448 686 μαίων,
477 615 634 682 ἄγων
663 611 761 666 καὶ
816 612 1030 675 Σκύθας
1063 613 1419 684 συμμάχους,
1452 614 1550 667 καὶ
1588 613 1690 677 τὰς
1718 613 1834 668 ἄνω

250 708 350 775 τῆς
406 705 631 778 Θρᾴκης
679 705 884 775 ἐδῄωσε
938 705 1122 767 πόλεις
1171 705 1258 774 ἐφ’
1309 706 1552 776 ἡμέραις
1590 706 1830 767 ἱκαναῖς.

265 794 414 848 Ἐπεὶ
433 794 492 848 δὲ
517 793 753 847 ἐπύθετο
773 795 801 844 ὸ
827 792 1079 862 βασιλεὺς
1104 792 1205 864 τήν
1239 793 1512 863 εἰσϐολὴν,
1544 793 1680 862 ὅσην
1703 793 1832 864 ἐξῆν

253 882 508 954 ἁθροίσας
536 881 822 952 στρατιὰν,
875 875 1041 952 ἦλθεν
1089 881 1169 944 είς
1228 880 1434 951 Βιζύην
1464 881 1610 934 κατὰ
1639 880 1829 951 τάχος,

256 979 409 1030 κάκεῖ
447 974 897 1044 παρεσκευάζετο
947 973 1086 1044 πρὸς
1116 978 1318 1045 μάχην.
1353 975 1576 1046 Μιχαὴλ
1615 974 1672 1028 δὲ
1706 976 1831 1028 ἐπεὶ

253 1073 388 1142 πρὸς
433 1071 545 1124 τῶν
593 1071 877 1140 σφετέρων
933 1069 1096 1140 μάθοι
1149 1073 1520 1124 κατασκόπων
1566 1072 1626 1123 ἐν
1658 1069 1828 1140 Βιζύῃ

253 1160 774 1234 παρασκευάζεσθαι
804 1161 897 1213 τδν
930 1160 1156 1231 βασιλέα
1212 1160 1316 1232 (ἔτι
1360 1159 1472 1230 γὰρ
1502 1161 1564 1212 ἐν
1584 1162 1651 1230 τῇ
1696 1161 1829 1214 Ῥω-

256 1258 430 1328 μαίων
459 1256 769 1326 καθήμενος
802 1254 1010 1325 ἐδῄου),
1041 1255 1224 1315 δείσας
1257 1254 1332 1323 μὴ
1385 1253 1685 1308 ἐπελθόντα
1727 1253 1828 1323 οὐχ

249 1345 359 1414 οἷός
388 1367 448 1404 τε
485 1349 789 1419 ἀμύνεσθαι
833 1345 889 1419 ᾖ,
952 1349 1096 1416 ἔγνω
1149 1348 1262 1400 δεῖν
1307 1346 1687 1417 ἐξαπατῆσαν
1733 1348 1828 1399 καὶ

248 1445 474 1516 πέμψας
507 1442 874 1514 πρεσϐευτὴν,
908 1441 1210 1506 ἀκηκοέναι
1245 1439 1487 1509 ἐφασκεν
1515 1440 1594 1502 είς
1623 1436 1827 1509 Βιζύην

247 1537 585 1606 ἀφιγμένον·
624 1534 982 1606 στοχάζεσθαί
1005 1551 1066 1603 γε
1105 1537 1212 1604 μὴν
1237 1535 1303 1587 ἐκ
1325 1533 1435 1587 τῶν
1467 1533 1698 1585 εἰκότων
1725 1533 1829 1602 μά.

247 1629 440 1702 χεσθαί
474 1631 524 1682 οἱ
551 1627 882 1698 ὡρμημένον
916 1629 1130 1690 ἐπιέναι
1151 1642 1166 1657 ο
1199 1626 1265 1679 οὐ
1297 1626 1406 1686 δεῖν
1432 1620 1528 1700 οὖν
1556 1624 1823 1696 κατατρί-

250 1725 366 1776 ϐειν
393 1725 493 1791 τὴν
520 1722 778 1792 στρατιὰν
816 1721 1038 1792 μακρὰν
1066 1719 1297 1774 ἀνύοντα
1331 1721 1479 1774 ὁδὸνο
1520 1720 1686 1774 αὑτὸν
1715 1721 1829 1790 γὰρ

250 1821 306 1882 ἐς
325 1820 426 1886 τὴν
449 1815 742 1884 ὑστεραίαν
781 1814 900 1884 ἅμα
933 1815 1010 1885 ἐφ
1036 1814 1328 1883 ἀφίξεσθαι
1352 1815 1408 1878 ἐς
1436 1814 1638 1885 Βιζύην
1663 1815 1739 1877 ὡς
1766 1816 1823 1877 ἐς

1943 612 2224 668 Romanos
2277 611 2501 682 irrupit,
2551 613 2972 683 superiorisque
3034 614 3285 671 Thraciae
3326 618 3529 687 oppida

1941 703 2141 759 diebus
2191 704 2381 758 multis
2411 706 2775 774 depopulatus
2833 715 2940 760 est.
2977 705 3058 760 Eo
3091 717 3398 777 comperto,
3427 709 3532 765 im-

1940 807 2169 866 perator
2219 812 2386 869 qpam
2440 797 2711 852 maximos
2771 799 2952 867 potuit
3010 799 3264 854 delectus
3316 801 3449 872 egit,
3475 812 3530 856 et

1938 886 2157 958 Bizyam
2197 903 2520 959 properans.
2577 889 2654 944 ibi
2704 904 2762 946 se
2814 892 2882 945 ad
2931 893 3187 962 praelium
3242 893 3526 948 instruxit.

1938 980 2094 1044 Quod
2124 995 2251 1034 cum
2307 996 2374 1043 ex
2419 982 2859 1050 speculatoribus
2896 985 3012 1038 suis
3040 985 3270 1039 Michael
3303 985 3532 1042 didicis-

1936 1080 2019 1126 set
2055 1072 2258 1133 (adhuc
2280 1074 2429 1128 enim
2458 1073 2761 1129 Romanam
2782 1078 3122 1145 provinciam
3157 1079 3528 1150 de'vastabat),

1936 1171 2217 1230 metuens,
2274 1181 2344 1220 ne
2391 1164 2779 1236 adventantem
2838 1168 3114 1225 sustinere
3150 1186 3259 1225 non
3319 1186 3527 1243 posset,

1936 1256 2004 1310 ad
2054 1257 2307 1313 fraudem
2367 1259 2806 1330 confugiendum
2849 1265 3088 1317 censuit.
3139 1265 3303 1320 Misso
3361 1267 3530 1337 igitur

1935 1348 2141 1418 legato,
2175 1347 2287 1404 dici
2343 1351 2532 1418 jussit,
2581 1353 2802 1427 audisse
2851 1370 2908 1409 se
2933 1370 3066 1410 eum
3106 1357 3323 1428 Bizyam
3358 1361 3529 1414 adve-

1935 1441 2110 1496 nisse.
2156 1441 2368 1500 Ducere
2404 1444 2786 1514 conjecturam
2833 1461 2862 1498 e
2896 1445 3312 1514 verisimilibus,
3343 1452 3528 1511 hostili

1933 1535 2120 1588 animo
2159 1536 2400 1605 venisse,
2432 1534 2648 1592 secum'
2678 1538 2963 1608 praeliandi
2998 1540 3192 1594 ardore
3221 1542 3530 1597 inflamma-

1935 1633 2075 1678 tum.
2103 1625 2184 1682 Ne
2222 1626 2391 1698 igitur
2423 1628 2654 1682 militem
2693 1643 2855 1683 suum
2916 1631 3079 1702 longo
3112 1633 3311 1687 itinere
3351 1634 3527 1688 delas-

1934 1726 2043 1784 set,
2075 1733 2157 1775 se
2192 1735 2319 1775 cum
2371 1703 2600 1777 diliculo
2637 1724 2882 1778 crastino
2919 1723 3137 1792 Bizyam
3187 1725 3254 1779 ad
3306 1741 3527 1780 manum

1936 1814 2336 1869 conserendam
2406 1829 2782 1871 accessurum.
2840 1816 2938 1872 llis
2989 1817 3260 1873 nuntiatis
3316 1819 3530 1887 legatus

255 1913 455 1982 μάχην.
492 1910 550 1963 ’0
580 1909 680 1979 μὲν
707 1905 802 1962 οὖν
820 1906 1166 1980 πρεσϐευτὴς
1196 1908 1421 1961 τοιαῦτα
1451 1907 1625 1960 εἰπὼν
1647 1906 1828 1978 ἀπῆλ-

1937 1907 2207 1964 discessit.
2240 1910 2309 1965 At
2359 1909 2614 1977 Michael,
2647 1911 2776 1966 inde
2806 1925 2864 1966 se
2898 1926 3146 1977 movens,
3179 1921 3235 1965 et
3269 1918 3365 1982 per
3403 1913 3528 1968 reli-

251 2003 330 2056 θε.
369 1999 590 2070 Μιχαὴλ
625 1999 683 2053 δὲ
708 1999 854 2070 ἄρας
884 1999 960 2070 τῷ
997 1999 1215 2070 στρατῷ
1247 1999 1348 2068 τῆς
1400 2015 1460 2052 τε
1512 1999 1726 2074 ἡμέρας
1770 1999 1833 2052 τὸ

249 2095 436 2149 λοιπὸν
465 2093 562 2147 καὶ
593 2092 692 2164 τὴν
712 2091 977 2146 ἐπιοῦσαν
999 2091 1170 2146 νύκτα
1207 2091 1432 2161 βαδίσας
1453 2092 1744 2155 συντόνως,
1773 2093 1848 2154 ἐςκ

249 2187 344 2260 τὴν
373 2184 672 2256 ὑστεραίαν
699 2186 758 2238 ἐν
787 2183 957 2255 ὁρίοις
981 2181 1082 2252 τῆς
1113 2182 1246 2246 ἰδίας
1275 2183 1576 2251 ἡγεμονίας
1599 2178 1689 2253 ἦν·
1731 2180 1830 2252 βα-

247 2281 433 2342 suae;
465 2279 526 2333 δέ
552 2280 668 2349 ἅμα
694 2276 866 2348 πρωῒ,
900 2276 1004 2347 τήν
1049 2293 1108 2329 τε
1161 2277 1426 2345 στρατιὰν
1480 2275 1746 2338 κελεύσας
1775 2275 1834 2328 ἐν

246 2376 356 2435 τοῖς
385 2372 573 2434 ὅπλοις
597 2364 762 2434 εἶναι,
791 2368 890 2423 καὶ
917 2369 1020 2439 τὴν
1047 2367 1236 2438 ἔφοδον
1266 2367 1375 2422 τῶν
1404 2368 1702 2439 βαρϐάρων
1730 2384 1831 2421 πε·

249 2465 517 2534 ριμένειν,
543 2461 848 2533 ἐξηρτύετο
895 2462 988 2514 καὶ
1013 2462 1178 2522 αὐτὸς
1216 2460 1286 2513 τὰ
1315 2455 1584 2532 πρὸς’τὴν
1624 2462 1831 2530 μάχην.

246 2559 362 2612 Καὶ
389 2555 728 2627 στρατιώτας
776 2554 990 2624 ἔπεμψέ
1029 2570 1184 2617 τινας
1235 2554 1312 2618 ὡς
1369 2555 1432 2607 τὸ
1464 2556 1832 2626 στρατόπεδον

247 2651 358 2706 τῶν
385 2650 660 2719 πολεμίων
682 2649 1222 2718 κατασκεψομένους.
1247 2649 1380 2718 Περὶ
1403 2649 1756 2720 μεσημϐρίαν
1774 2648 1834 2714 δέ

254 2743 305 2796 οι
335 2741 673 2796 κατάσκοποι
706 2736 845 2813 ἧκον
879 2741 1236 2812 στρατιῶται,
1299 2743 1532 2811 ἄγοντες
1578 2741 1675 2795 καὶ
1718 2743 1834 2798 Mu-

265 2836 389 2899 σοὺς
411 2835 758 2905 δοριαλώτους
780 2832 843 2898 ἐξ
863 2831 879 2864 ³
917 2833 966 2886 οἱ
997 2834 1454 2905 ἀνερευνώμενοι,
1481 2834 1573 2888 τδν
1606 2834 1832 2906 βασιλέα
1856 2817 1876 2832 ⁸

264 2925 474 2996 ἔφασαν
501 2925 638 2993 σφῶν
664 2928 734 2997 τῇ
787 2924 1093 2995 προτεραίᾳ
1147 2926 1363 2996 ἄραντα
1388 2914 1454 2997 τῇ
1489 2927 1723 2998 στρατιᾷ
1755 2927 1833 2980 οτ-

253 3019 451 3091 χεσθαι
487 3018 560 3082 εις
603 3018 706 3090 τὴν
761 3017 1010 3102 οίκείανη
1034 3018 1235 3080 αὐτοὺς
1261 3017 1320 3070 δὲ
1368 3018 1630 3089 ἁρπαγῆς
1668 3018 1832 3074 ἕνεκα

247 3113 718 3186 περιλειφθέντας,
749 3111 857 3165 ὑπὸ
885 3111 994 3166 τῶν
1032 3110 1390 3183 στρατιωτῶν
1421 3111 1645 3168 ἁλῶναι.
1674 3111 1833 3166 Οὕτω

1933 2016 2104 2070 quum
2141 2002 2275 2064 diei,
2323 2015 2656 2074 noctemque
2709 2005 3059 2059 continenter
3092 2006 3403 2071 ambulans,
3437 2008 3527 2062 die

1933 2094 2111 2148 altero
2143 2095 2282 2152 fines
2331 2097 2417 2151 sui
2454 2097 2797 2166 principatus
2831 2099 3040 2168 attigit.
3077 2098 3385 2168 Imperator
3413 2100 3529 2156 suis

1933 2189 2214 2259 praecepit,
2253 2191 2332 2244 uti
2371 2205 2532 2245 mane
2560 2191 2616 2245 in
2668 2192 2841 2247 armis
2865 2191 3083 2247 hostem
3114 2201 3522 2262 exspectarent.

1931 2291 1990 2336 et
2037 2281 2155 2351 ipse
2189 2281 2471 2337 conflictui
2529 2284 2840 2338 necessaria
2873 2299 3096 2351 curans,
3130 2287 3426 2342 nonnullos
3456 2288 3524 2342 ad

1933 2383 2114 2426 castra
2164 2371 2464 2428 Mmsorum
2489 2376 2829 2442 exploranda
2858 2376 3111 2442 dimittit,
3142 2377 3235 2447 qui
3273 2379 3376 2432 sub
3410 2394 3527 2434 me-

1933 2463 2128 2518 ridiem
2154 2479 2281 2519 cum
2314 2479 2412 2520 sex
2444 2465 2634 2521 Moesis
2667 2467 2900 2536 captivis
2943 2475 3320 2522 revertuntur.
3354 2468 3397 2522 li
3441 2469 3526 2522 iu-

1935 2558 2220 2627 terrogati,
2252 2572 2436 2628 regem
2493 2558 2674 2629 pridie
2705 2574 2830 2615 cum
2880 2561 3126 2616 exercitu
3177 2561 3402 2615 domum
3441 2577 3527 2615 reo

1932 2663 2210 2719 gressum,
2241 2665 2302 2705 se
2335 2651 2616 2720 praedandi
2646 2665 2810 2707 causa
2867 2652 3094 2706 relictos
3141 2661 3197 2706 et
3226 2653 3300 2707 ita
3337 2660 3528 2722 captos

1933 2751 2269 2797 memorant.
2304 2741 2399 2804 Sic
2433 2742 2667 2798 Michael
2711 2751 3099 2812 strategemate
3133 2743 3526 2813 imperatorem

1933 2834 2160 2909 delusit.
2207 2833 2327 2889 Non
2365 2835 2522 2890 multi
2573 2835 2696 2889 dies
2743 2834 3200 2901 intercesserunt,
3243 2849 3368 2889 cum
3409 2833 3528 2904 ipse

1932 2937 2152 2997 quoq‘ue
2217 2929 2528 2997 imperator
2577 2926 2824 2983 Moesiam
2881 2909 3195 2992 incursans,
3228 2936 3284 2982 et
3322 2935 3523 2982 caetera

1933 3018 2186 3074 infestam
2244 3017 2460 3080 habuit,
2512 3025 2568 3072 et
2622 3017 2930 3088 Diampolin
3008 3032 3073 3072 ex
3130 3019 3356 3080 itinere,
3426 3035 3525 3074 seu

1931 3110 2115 3183 primo
2150 3111 2382 3180 impetu,
2405 3109 2762 3179 expugnavit,
2795 3116 2961 3177 atque
2997 3108 3068 3161 ita
3101 3108 3155 3162 in
3181 3108 3524 3174 provinciam

249 3209 351 3278 μὲν
381 3207 595 3279 Μιχαὴλ
617 3206 1106 3278 κατεστρατήγησε
1140 3205 1391 3276 βασιλέα.
1421 3207 1498 3260 Οὐ
1529 3206 1751 3264 πολλαῖς
1774 3205 1830 3259 δὲ

1937 3218 2093 3260 suam
2131 3219 2392 3260 reversus
2432 3213 2534 3258 est.
2564 3204 2658 3258 Die
2710 3202 2780 3257 ab
2812 3202 2917 3256 hac
2947 3202 3269 3258 incursione
3297 3219 3526 3274 sexage-

245 3298 477 3369 ὕστερον
507 3297 744 3368 ἡμέραις
772 3297 866 3349 καὶ
915 3295 1080 3360 αὐτὸς
1125 3295 1409 3351 εἰσέϐαλεν
1447 3297 1529 3358 είς
1560 3293 1659 3365 τὴν
1709 3295 1817 3349 Μυ-

243 3389 392 3451 σίαν,
423 3386 522 3440 καὶ
554 3383 722 3439 τᾶλλα
751 3400 810 3437 τε
840 3383 1123 3436 ἐκάκωσεν
1151 3384 1348 3453 αὐτὴν,
1377 3384 1474 3437 καὶ
1523 3383 1828 3452 Διάμπολιν

240 3475 389 3534 εἶλεν
437 3477 497 3544 ἐξ
526 3477 716 3547 ἐφόδου
736 3495 751 3510 ο
779 3475 876 3530 καὶ
909 3475 1195 3546 πορθήσας
1239 3475 1432 3546 αὐτὴν,
1467 3475 1830 3542 ἐπανίζευξεν

240 3575 326 3636 είς
357 3571 458 3642 τὴν
486 3569 711 3624 οἰκείαν.
751 3569 811 3623 ’0
833 3568 1056 3638 Μιχαὴλ
1100 3568 1156 3621 δὲ
1193 3570 1332 3638 μετὰ
1355 3567 1658 3638 ἑξηκοστὴν
1692 3567 1830 3639 ἠμέ-

243 3681 350 3735 ραν
375 3663 476 3734 τῆς
509 3661 773 3734 βασιλέως
830 3660 1120 3730 εἰσϐολῆς,
1161 3660 1326 3714 πάλιν
1368 3663 1464 3716 καὶ
1512 3661 1677 3724 αὐτὸς
1707 3663 1831 3714 ἐίσ-

242 3756 443 3812 έϐαλεν
471 3755 550 3818 είς
586 3755 686 3826 τὴν
729 3754 1040 3824 Ῥωμαίων.
1083 3754 1194 3809 Καὶ
1229 3753 1523 3822 γενόμενος
1552 3753 1611 3806 ὲν
1643 3751 1833 3820 Ὀδρυ-

241 3851 384 3913 σοῖς,
412 3848 478 3902 τὸ
523 3847 788 3901 Βουκέλου
836 3847 1388 3934 προσαγορευόηενον
1445 3843 1691 3914 πόλισμα
1717 3839 1831 3897 εἷλε

241 3941 533 4013 προδοσίᾳ,
567 3941 675 3994 τῶν
705 3940 965 4010 φυλάκων
986 3939 1182 4002 νυκτὸς
1212 3937 1666 4004 καταπροδόντων
1690 3953 1706 3970 ·
1737 3937 1831 3990 καὶ

241 4033 744 4105 ἐστρατοπέδευσεν
773 4033 832 4085 ἐν
860 4030 1011 4102 αὐτῷ
1040 4031 1310 4102 ἀδικήσας
1346 4029 1532 4100 μηδέν.
1566 4029 1832 4093 Βασιλεὺς

239 4129 300 4181 δὲ
372 4127 740 4198 Διδυμοτείχῳ
799 4124 1176 4195 ἐνδιατρίϐων,
1233 4125 1359 4176 ἐπεὶ
1429 4122 1664 4177 ἐπύθετο
1731 4123 1832 4192 τὴν

241 4219 502 4289 εἰσϐολὴν
521 4257 537 4283 ,
569 4220 647 4283 εἰς
693 4215 1139 4290 Ἀδριανούπολιν
1169 4212 1302 4290 ἦλθε
1335 4215 1481 4269 κατᾶ
1512 4217 1700 4287 τάχος,
1730 4218 1833 4271 κά-

243 4314 337 4366 κεῖ
369 4310 689 4382 συνήθροιζε
705 4311 804 4381 τὴν
830 4311 1094 4382 στρατιὰν
1121 4310 1199 4372 ὡς
1225 4308 1575 4380 μαχούμενος
1599 4309 1830 4380 Μυσοῖς.

243 4406 363 4460 Καὶ
391 4407 421 4458 6
455 4403 675 4474 Μιχαὴλ
698 4405 752 4457 ἐν
782 4402 1053 4457 Βουκέλου
1073 4400 1658 4474 ἐστρατοπεδευμένος,
1691 4416 1834 4472 παρ-

243 4498 582 4562 εσκευάζετο
608 4496 704 4550 καὶ
747 4495 910 4559 αὐτδς
953 4496 1021 4550 ἐκ
1051 4477 1150 4566 τῆς
1183 4493 1394 4558 οίκείας
1430 4491 1692 4563 στρατιὰν
1733 4509 1835 4563 με·

1937 3296 2099 3358 simo,
2156 3310 2374 3350 rursum
2413 3295 2644 3350 Michael
2693 3295 2750 3348 iu
2801 3293 3084 3350 Romanos
3117 3295 3527 3366 praedabundus

1938 3388 2170 3454 invadit,
2226 3397 2283 3443 et
2335 3388 2390 3443 in
2446 3388 2676 3460 Odrysis
2726 3387 2991 3443 Bucelum
3040 3387 3364 3459 oppidulum
3429 3405 3528 3458 per

1940 3478 2308 3549 proditionem
2349 3480 2735 3534 excubitorum
2777 3478 2944 3546 capit,
2979 3476 3166 3544 ibique
3196 3488 3377 3532 castra
3408 3464 3528 3533 sine

1937 3571 2208 3626 maleficio
2235 3571 2408 3640 ponit.
2434 3569 2733 3640 Imperator
2766 3569 2929 3640 200
2961 3569 3400 3642 Didymotichum
3441 3573 3526 3625 in-

1941 3667 2196 3723 cursione
2218 3666 2448 3736 perlata,
2479 3663 2875 3734 Adrianopolin
2898 3663 3139 3729 festinat,
3168 3664 3258 3718 ubi
3296 3665 3528 3720 militem

1937 3759 2006 3812 ad
2045 3773 2281 3830 pugnam
2333 3757 2561 3828 colligit.
2606 3755 2837 3812 Michael
2877 3771 3098 3826 quoque
3129 3754 3294 3810 domo
3327 3759 3530 3811 cohor-

1941 3862 2022 3906 tes
2061 3846 2568 3911 Bucelum'evocat.
2601 3864 2832 3918 seseque
2883 3846 2951 3902 ad
2991 3856 3270 3902 certamen
3306 3863 3532 3917 compa-

1943 3949 2047 3996 rat.
2071 3939 2203 3995 PoSt
2247 3954 2451 4009 paucos
2500 3939 2620 3994 dies
2667 3938 2991 4003 Probatum,
3020 3937 3263 3991 vicinum
3290 3938 3530 4006 oppidu-

1937 4033 2075 4100 lum,
2134 4023 2422 4088 obsidione
2469 4031 2661 4102 cingit.
2723 4029 2817 4084 Sic
2873 4045 3046 4099 usque
3091 4030 3146 4083 in
3184 4030 3530 4087 tricesimum

1939 4128 2087 4183 diem
2139 4136 2319 4182 castra
2365 4125 2565 4180 castris
2611 4133 2978 4194 opponentes,
3014 4122 3082 4177 ad
3120 4122 3367 4193 praelium
3408 4137 3530 4177 sese

1941 4219 2315 4276 instruebant.
2361 4217 2577 4274 Paratis
2627 4217 2737 4287 iam
2767 4215 3049 4278 omnibus,
3072 4229 3200 4270 cum
3230 4213 3298 4268 ad
3335 4229 3544 4268 manus

1939 4310 2274 4367 veniendum
2329 4319 2495 4373 esset,
2528 4307 2697 4363 mittit
2742 4306 3072 4376 legationem
3108 4304 3176 4358 ad
3211 4289 3530 4357 Michaelein

1945 4409 2266 4476 imperator,
2316 4404 2475 4474 cujus
2525 4400 2645 4455 haec
2692 4414 2906 4454 summa
2939 4395 3301 4452 fuit1Videri
3351 4395 3540 4465 ipsum

1944 4496 2194 4560 foederis,
2218 4503 2276 4549 et
2317 4491 2706 4566 iurisiurandi,
2747 4489 2895 4560 quod
2933 4490 3080 4544 inter
3108 4503 3168 4543 se
3196 4487 3340 4556 apud
3366 4487 3536 4542 Tzer-

244 4590 701 4662 ιτα-πεμπόμενος.
759 4590 874 4644 Καὶ
920 4587 1156 4659 ὕστερον
1208 4587 1450 4657 ἡμέραις
1513 4584 1730 4654 ὀλίγαις
1775 4584 1833 4638 τὸ

1945 4592 2269 4648 nomianum
2303 4587 2610 4650 dedissent,
2643 4581 2920 4638 oblivione
2939 4591 3184 4650 captum,
3218 4589 3382 4650 atque
3409 4578 3537 4634 ideo

245 4684 537 4755 Προϐάτου
571 4682 668 4736 καὶ¹
719 4684 851 4736 αὐτὸ
892 4681 1141 4752 πόλισμα
1166 4681 1336 4749 ἐγγὺς
1373 4679 1434 4732 ὃν
1465 4695 1826 4750 περιστρατο·

248 4775 662 4844 πεδευσᾶμενος
699 4774 1033 4847 ἐπολιόρκει.
1094 4771 1253 4828 Οὕτω
1305 4773 1404 4843 μὲν
1440 4771 1534 4826 οὖν
1580 4771 1832 4842 ἀλλήλοις

247 4867 879 4939 ἀντεστρατοπεδεύοντο
926 4866 1022 4921 ἐπὶ
1068 4865 1369 4935 τριάκοντα
1401 4864 1638 4936 ἡμέραις
1676 4863 1838 4934 ἐξαρ-

251 4962 518 5030 τυόμενοι
564 4959 632 5013 τὰ
661 4959 798 5031 πρὸς
845 4959 948 5029 τὴν
1001 4958 1204 5028 μάχην.
1243 4957 1402 5010 Ἐπεὶ
1430 4955 1486 5010 δέ
1524 4956 1627 5028 ὴδη
1659 4956 1839 5010 πάντα

249 5049 590 5119 ἐπεπόριστο
641 5048 735 5101 καὶ
768 5045 874 5099 ἔδει
907 5043 1140 5108 ἐπιέναι,
1200 5043 1506 5115 πρεσϐείαν
1552 5043 1774 5114 πέμψας
1811 5043 1841 5097 ὀ

256 5142 517 5210 βασιλεὺς
564 5127 700 5210 πρὸς
737 5137 980 5209 Μιχαὴλ,
1027 5137 1237 5191 οἴεσθαι
1265 5137 1453 5205 ἔλεγεν
1484 5136 1843 5207 ἐπιλελῆσθαι

262 5235 420 5288 αὐτὸν
442 5233 552 5288 τῶν
571 5249 633 5286 τε
655 5234 858 5302 ὅρκων,
907 5231 1002 5284 καὶ
1028 5229 1140 5284 τῶν
1177 5228 1488 5297 συνθηκῶν,
1519 5227 1570 5281 οἶ
1596 5230 1845 5296 ἐγένοντο

263 5327 439 5391 αὐτοῖς
461 5327 879 5397 συγγενομένοις
905 5323 964 5376 ἐν
986 5317 1544 5392 Τζερνομιάνου,’καὶ
1574 5321 1662 5374 διὰ
1685 5321 1844 5374 τοῦτο

258 5421 325 5489 τῇ
356 5436 411 5472 τε
457 5419 743 5490 Ῥωμαίων
792 5417 1010 5487 πρῶτον
1041 5413 1458 5482 ἐσϐεϐληκέναι,
1495 5413 1590 5467 καὶ
1622 5413 1712 5466 τὸν
1744 5415 1841 5466 πόα

253 5512 420 5581 λεμον
458 5513 839 5581 κεκινηκέναι,
865 5508 1030 5562 αὐτὸν
1063 5506 1119 5560 δὲ
1155 5506 1465 5577 μεμνῆσθαί
1494 5523 1552 5558 τε
1574 5506 1682 5558 τῶν
1714 5523 1842 5558 συν-

253 5605 457 5675 θηκῶν,
493 5604 590 5658 καὶ
619 5605 886 5676 ἐμμένειν
931 5602 1050 5665 ταῖς
1079 5599 1366 5663 σπονδαῖς”
1401 5599 1761 5669 ἀδικούμενον
1787 5599 1843 5652 δὲ

1935 4691 1994 4740 et
2025 4680 2330 4737 Romanam
2356 4678 2641 4746 regionem
2666 4675 3001 4738 incursasse,
3037 4681 3096 4742 et
3131 4671 3338 4726 bellum
3385 4685 3546 4725 com-

1939 4773 2202 4837 movisse,
2230 4785 2292 4829 se
2321 4777 2608 4840 pactorum
2643 4766 2980 4825 meminisse,
3016 4777 3119 4817 nec
3145 4777 3208 4817 ea
3239 4770 3538 4827 temerare,

1942 4866 2039 4924 sed
2073 4865 2264 4944 iniqpe
2306 4863 2523 4926 laesum,
2556 4859 2916 4931 prioremque
2955 4855 3177 4910 insidiis
3206 4853 3543 4924 appetitum",

1945 4960 2088 5016 velle
2132 4975 2163 5014 a
2213 4972 2273 5013 se
2327 4957 2438 5010 vim
2470 4969 2663 5009 arcere
2698 4967 2764 5006 ac
2790 4950 3089 5020 depellere,
3121 4956 3176 5003 et
3206 4947 3439 5002 invitum
3469 4947 3543 5001 ad

1949 5054 2060 5110 hoc
2106 5050 2357 5122 praelium
2417 5046 2618 5117 adigi:
2665 5053 2722 5100 et
2781 5044 2912 5114 quia
2968 5049 3201 5110 uterque
3257 5039 3543 5094 exercitus

1950 5147 2197 5201 Thraces
2225 5143 2336 5198 sint
2367 5140 2484 5212 (55)
2521 5140 2684 5210 (quos
2715 5152 2827 5190 non
2851 5151 2912 5190 se
2941 5143 3152 5212 mutuo,
3180 5131 3276 5186 sed
3303 5130 3543 5202 iunctim

1942 5239 2146 5310 impios
2191 5235 2246 5290 in
2284 5231 2451 5289 Deum
2493 5231 2762 5286 Barbaros
2813 5228 2984 5282 armis
3010 5226 3282 5280 lacessere
3319 5232 3544 5294 operte-

1942 5331 2074 5398 ret),
2108 5335 2166 5381 et
2216 5323 2346 5395 quia
2393 5337 2551 5377 soror
2581 5336 2680 5375 sua
2731 5333 2857 5373 cum
2889 5333 2981 5385 ‘eo
3019 5324 3191 5384 nupta
3227 5314 3333 5378 sit;
3370 5326 3538 5382 quem

1941 5421 2176 5492 proinde
2230 5417 2468 5472 amicqu
2529 5415 2659 5477 sibi,
2697 5411 2805 5468 non
2840 5412 3054 5464 hostem
3093 5407 3323 5477 cupiat;
3378 5403 3424 5458 si
3457 5410 3542 5455 ta.-

1942 5529 2070 5567 men
2101 5511 2365 5582 oppidqu
2399 5508 2716 5581 proditione
2751 5513 3084 5573 occupatum
3125 5497 3405 5558 restituat.
3438 5492 3544 5547 Sin

1945 5603 2150 5670 minus,
2206 5616 2333 5657 cum
2384 5614 2574 5666 cruce,
2605 5613 2769 5669 quam
2807 5595 2944 5649 alias
2988 5593 3058 5647 ab
3088 5605 3154 5645 eo
3188 5587 3409 5642 missam
3445 5599 3542 5638 ac-

1508 5709 1725 5769 Jacobi
1772 5711 2039 5772 Pontani
2075 5721 2265 5773 notas.

320 5820 437 5892 (55)
476 5813 630 5892 _lm6,
658 5824 885 5884 uterque
929 5815 1186 5870 exercitus
1231 5814 1469 5870 eamdem
1527 5811 1834 5884 religionem
1889 5822 2137 5869 sectetur.
2177 5814 2438 5870 Mendose
2513 5813 2571 5868 in
2619 5827 2724 5868 ms.
2776 5806 3115 5878 interpretis,
3153 5803 3375 5876 Θρᾴκης
3437 5814 3564 5872 pro,

264 5888 458 5964 θρησκε
469 5889 577 5953 ίας.
