4016 6424
357 385 468 447 425

1529 383 1898 444 HISTORIA
1913 380 2079 440 RUM
2123 380 2192 438 Ll
2212 381 2352 438 ΗΕΒ
2401 381 2449 437 Η

3535 391 3640 452 426

357 515 472 560 τες.
507 498 568 550 ού
601 498 762 565 μόνον
803 497 955 552 αὑτοὶ
1011 497 1279 570 λαμπρῶς
1328 500 1422 552 καὶ
1486 499 1806 568 διαπρεπῶς
1841 513 1928 548 κε-

2047 494 2168 546 ιΙιΙιη
2220 496 2444 547 luerunt
2498 494 2774 564 dispositi,
2823 495 3017 550 accitis
3081 498 3382 555 lllmsornm
3438 504 3634 574 legatis

358 593 716 658 κοσμημένοι,
750 589 883 642 ἀλλά
912 590 1002 644 καὶ
1027 591 1208 654 ἵπποι,
1235 590 1406 660 οἱμὲν
1449 588 1687 659 Θώραξιν
1719 591 1782 641 ὲκ
1821 587 1945 658 βύρο

359 697 461 746 cm;
493 683 884 750 πεποιημένοις
913 723 929 746 ,
980 685 1028 735 οί
1055 683 1112 736 δὲ
1138 682 1536 744 ἀλυσειδωτοῖς.
1576 681 1686 734 Καὶ
1713 673 1782 751 ἦν
1816 680 1944 733 ἰδεῖν

359 774 422 825 ού
465 776 621 841 μόνον
655 775 837 830 ὅπλων
856 777 948 830 καὶ
977 778 1163 830 ἵππων
1183 775 1346 830 ἕνεκα
1375 774 1684 838 πολυτελῶς
1709 775 1944 844 μάλιστα

359 865 893 936 παρεσκευασμένην
915 867 1013 935 τὴν
1055 867 1348 938 Ῥωμαίων
1382 863 1666 936 στρατιὰν,
1690 863 1826 918 ἀλλὰ
1848 867 1943 917 καὶ

359 959 558 1028 πλήθει
595 958 662 1012 ἐκ
702 956 898 1011 πολλοῦ
950 957 1048 1012 τοῦ
1083 959 1279 1029 χρόνου
1328 955 1483 1011 οῦπω
1518 957 1647 1027 ἄχρι
1695 958 1782 1010 καὶ
1821 959 1943 1010 τότε

358 1051 632 1122 τοσαύτην
675 1051 1036 1105 συνελθοῦσαν
1086 1053 1166 1114 εἰς
1199 1051 1279 1105 εν.
1351 1051 1426 1103 Ἥ
1467 1067 1528 1104 τε
1579 1051 1689 1120 γὰρ
1739 1051 1804 1102 ἐκ
1844 1051 1943 1119 τῆς

360 1142 602 1210 ἑσπέρας
648 1142 801 1194 πᾶσα
841 1139 1044 1210 παρῆν,
1076 1143 1168 1193 καὶ
1207 1139 1519 1202 Μακεδόνες
1553 1141 1652 1192 καὶ
1701 1139 1940 1210 Θρᾷκες,

364 1233 455 1285 καὶ
493 1233 606 1283 ὅσοι
641 1231 703 1283 ἐκ
727 1229 836 1282 τῶν
864 1231 1008 1283 κατὰ
1057 1230 1157 1302 τὴν
1187 1229 1262 1283 ξω
1296 1232 1412 1293 τοῖς
1448 1228 1746 1299 Ῥωμαίοις
1797 1229 1944 1298 ύπη-

360 1327 503 1380 κύων
523 1324 733 1378 πόλεων
778 1320 918 1395 ἦσαν
943 1341 956 1356 ·
986 1325 1087 1378 καὶ
1117 1326 1182 1379 ὲκ
1211 1323 1509 1390 Βυζαντίου
1559 1323 1618 1378 δὲ
1661 1322 1829 1378 αὐτοῦ
1878 1324 1939 1377 οῦ

367 1421 527 1491 μόνον
559 1419 770 1482 ἱππεῖς,
801 1416 935 1472 ἀλλὰ
967 1418 1061 1472 καὶ
1091 1417 1258 1482 πεζὸς
1289 1417 1480 1482 πολὺς,
1513 1417 1733 1472 όπλίται
1758 1435 1816 1471 τε
1848 1419 1944 1472 καὶ

360 1511 575 1576 τοξόται
601 1509 772 1580 ψιλοί.
819 1511 972 1563 Ἐπεὶ
999 1509 1057 1564 δὲ
1089 1508 1230 1564 κατὰ
1264 1508 1553 1580 φάλαγγας
1573 1510 1651 1573 ὡς
1675 1510 1732 1572 ἒς
1764 1510 1944 1580 μάχην

363 1600 760 1672 παρετάξαντο,
779 1602 906 1664 τοὺς
923 1600 1128 1654 Μυσῶν
1153 1601 1658 1671 μεταπεμψάμενος
1683 1600 1945 1671 πρέσϐεις

359 1696 390 1749 ὁ
421 1693 695 1762 βασιλεὺς,
719 1691 834 1762 Τὴν
863 1693 964 1761 μὲν
1019 1701 1282 1762 στρατιάν
1308 1694 1474 1763 δρᾶτε
1498 1694 1598 1764 τὴν
1620 1693 1780 1763 ἐμὴν,
1813 1694 1941 1764 ἔφη,

360 1787 437 1849 ὡς
502 1784 950 1856 παρεσκεύασται
1012 1785 1152 1856 πρὸς
1211 1786 1426 1856 μάχηνο
1493 1785 1830 1855 ἀπελθόντες¹
1881 1787 1940 1840 δὲ

2049 587 2392 655 imperator:
2439 589 2755 642 Exercitum
2806 606 2988 643 meum
3041 600 3101 645 ut
3133 593 3204 646 sit
3237 594 3302 646 ad
3330 595 3636 651 dimicatio-
3687 633 3698 642 ι

2056 697 2176 732 nem
2235 692 2462 750 paratus
2519 681 2742 748 videtis,
2797 682 3000 752 inquit.
3051 675 3188 739 lto-te
3221 703 3372 755 ergo,
3407 691 3636 760 regique

2051 781 2237 824 vestro
2260 772 2534 836 nuntiate,
2557 787 2644 826 me
2673 773 2784 844 jam
2819 785 2982 829 antea
3006 777 3156 846 pacis
3182 778 3634 847 cupidissimum,

2047 880 2157 917 non
2190 865 2364 920 semel
2400 865 2465 920 ad
2498 866 2652 920 illum
2689 881 2858 938 super
2888 884 2950 924 ea
2981 869 3189 940 legatos
3224 874 3473 937 misisse;
3505 891 3634 929 eum

2047 955 2185 1010 nihil
2254 973 2473 1026 a-quum
2550 973 2616 1013 ac
2669 960 2953 1016 tolerabile
3007 963 3380 1032 respondisse.
3443 964 3636 1036 Itaque

2047 1049 2230 1102 crucis
2273 1051 2481 1105 virtute
2537 1050 2765 1119 fretum,
2811 1069 2974 1124 quam
3020 1056 3123 1110 sili
3153 1056 3305 1110 velut
3344 1056 3542 1128 pignus
3572 1076 3637 1114 ac

2049 1147 2377 1203 sponsorem
2410 1142 2736 1195 constantia:
2767 1157 2881 1198 sua:
2912 1144 2965 1197 in
2995 1145 3203 1200 [uadere
3235 1149 3513 1204 servando
3538 1151 3636 1204 de-

2048 1227 2213 1290 derit,
2240 1231 2505 1284 adversus
2536 1232 2689 1286 illum
2711 1249 3123 1302 processurum.
3148 1238 3274 1294 Haec
3308 1241 3632 1310 imperator.

2047 1318 2236 1391 Legati
2265 1323 2330 1376 ad
2363 1337 2548 1394 regem
2577 1326 2868 1382 celerrime
2895 1330 3126 1396 reversi,
3159 1332 3293 1401 quid
3332 1333 3634 1402 imperator

2047 1408 2271 1471 dixerit,
2329 1413 2608 1481 quomodo
2663 1413 2911 1484 ingentes
2959 1417 3150 1487 copize,
3181 1428 3236 1474 et
3291 1421 3372 1474 sic
3404 1432 3634 1477 armata:

2049 1514 2244 1558 contra
2275 1504 2452 1573 ipsum
2480 1505 2532 1560 in
2586 1506 2674 1560 via
2720 1507 2852 1571 sint,
2883 1509 3210 1566 retulerunt.
3241 1511 3488 1577 Michael,
3533 1515 3629 1584 qui

2049 1599 2213 1649 antea
2277 1595 2507 1650 rebatur
2571 1596 2848 1654 Romanos
2915 1614 3102 1655 secum
3149 1600 3438 1659 decertare
3484 1605 3634 1659 haud

2049 1699 2312 1749 ausuros,
2347 1686 2664 1758 intelligens
2689 1703 2786 1744 eos
2825 1688 2936 1757 jam
2967 1707 3078 1746 non
3103 1707 3274 1763 parvo
3307 1697 3552 1750 exercitu
3578 1707 3636 1752 et

2049 1792 2248 1848 magno
2278 1789 2546 1848 apparatu
2575 1780 2641 1834 ad
2675 1782 2924 1850 praelium
2958 1783 3280 1853 procedere,
3305 1787 3498 1840 statuit
3525 1804 3634 1843 non

361 1845 731 1944 ἀπαγγείλατε
752 1874 962 1946 βασιλεῖ
985 1845 1070 1944 sq;
1092 1845 1370 1948 ὑμετέρην,
1403 1875 1480 1940 ὡς
1505 1869 1617 1943 ἐγὼ
1642 1877 1740 1948 μὲν
1765 1845 1940 1931 ἀσπα-

2047 1868 2251 1925 debere
2284 1869 2338 1924 in
2368 1871 2545 1927 aliena
2579 1873 2804 1962 regione
2840 1875 3074 1944 praevisa
3116 1875 3425 1934 discrimini
3459 1893 3636 1938 semet

361 1971 586 2040 ζόμενος
611 1972 708 2039 τὴν
732 1968 960 2039 είρήνην
991 1967 1260 2040 πρότερον
1288 1969 1550 2033 πολλάκις
1579 1969 1937 2040 διεπρεσϐευ-

362 2063 546 2132 σάμην
574 2061 710 2132 πρὸς
743 2059 803 2113 σὲ
846 2059 976 2132 περὶ
1012 2059 1184 2130 αὐτῆς
1210 2075 1225 2092 ο
1287 2059 1381 2114 σοῦ
1425 2060 1484 2113 δὲ
1513 2061 1668 2116 οὐδὲν
1697 2063 1942 2126 ὲπιεικὲς

357 2157 817 2226 ἀποκρινομένου,
843 2156 912 2226 τῇ
940 2153 1035 2208 τοῦ
1069 2153 1309 2223 σταυροῦ
1332 2153 1566 2224 δυνάμει
1609 2152 1852 2226 Θαῤῥῶν,
1879 2154 1940 2208 ὃν

359 2250 524 2311 αὐτὸς
553 2247 826 2320 ἐγγυητὴν
865 2246 990 2316 ιμοὶ
1018 2246 1298 2318 παρέσχου
1321 2245 1416 2302 τοῦ
1468 2247 1736 2318 μηδέποτε
1758 2264 1940 2318 παρα-

362 2341 684 2409 σπονδῆσαι,
741 2337 1030 2410 βαδιοῦμαι
1092 2339 1182 2392 ἐπὶ
1246 2338 1328 2392 σέ.
1376 2339 1644 2402 Βασιλεὺς
1689 2339 1792 2410 μὲν
1845 2333 1940 2394 οὖν

358 2431 590 2487 τοιαῦτα
613 2430 786 2487 εἶπεν.
818 2433 881 2486 Ui
909 2430 1175 2502 πρέσϐεις
1216 2430 1272 2485 δὲ
1295 2423 1330 2504 ᾖ
1357 2430 1556 2509 τάχους
1599 2427 1770 2504 εἶχον,
1801 2435 1940 2504 πρὸς

365 2525 589 2596 βασιλέα
617 2525 908 2596 ἀφιγμένοι
929 2524 1021 2577 τὸν
1049 2522 1283 2587 ἑαυτῶν,
1312 2524 1438 2586 τούς
1468 2541 1530 2577 τε
1559 2523 1751 2593 λόγους
1765 2523 1943 2594 ἀπήγο

364 2618 554 2686 γελλον
582 2617 869 2688 βασιλέως,
892 2617 988 2672 καὶ
1017 2616 1094 2680 ὡς
1117 2618 1150 2687 ἡ
1185 2616 1418 2688 στρατιὰ
1457 2616 1698 2688 τοσαύτη
1725 2633 1784 2670 τε
1806 2615 1942 2671 οὖσα

369 2710 459 2761 καὶ
482 2708 649 2771 οὕτως
683 2707 999 2778 ὡπλισμένη
1031 2709 1088 2761 ὲν
1114 2707 1218 2778 ὁδῷ
1248 2709 1385 2762 εἰσιν
1415 2709 1517 2779 ήδη
1561 2711 1630 2780 τῇ
1672 2709 1810 2780 πρὸς
1836 2709 1939 2762 αὑ-

375 2801 490 2863 τούς
510 2817 522 2829 ·
559 2801 774 2872 Μιχαὴλ
799 2801 858 2854 δὲ
891 2803 1156 2872 πρότερον
1208 2800 1308 2870 μὲν
1353 2803 1462 2854 ὀὐκ
1495 2801 1561 2855 ἂν
1589 2802 1835 2871 οἰόμενος
1863 2802 1940 2864 εἰς

383 2893 550 2960 χεῖρας
610 2892 796 2956 αὐτοῖς
831 2891 968 2945 ίέναι
1015 2889 1322 2962 Ῥωμαίους
1364 2891 1701 2961 ὑπομεῖναι,
1732 2894 1853 2946 τότε
1884 2894 1942 2946 δὲ

375 2981 470 3051 ἤδη
504 2983 641 3052 ὁρῶν
666 2983 865 3046 αὐτοὺς
905 2983 1270 3054 ὡρμημένους
1313 2986 1451 3054 πρὸς
1477 2985 1574 3055 τὴν
1623 2987 1826 3056 μάχην,
1880 2986 1941 3040 τό

366 3091 426 3127 τε
472 3075 669 3144 πλῆθος
705 3079 800 3129 καὶ
848 3075 945 3146 τὴν
979 3075 1337 3147 παρασκευὴν
1379 3075 1690 3146 πυθόμενος
1718 3079 1818 3149 ὅση
1846 3073 1939 3150 ἦν,

2041 1962 2347 2032 objectare.
2377 1962 2732 2036 Quapropter
2777 1966 2964 2022 denuo
2991 1970 3180 2025 missis
3215 1971 3429 2042 legatis,
3466 1973 3634 2043 idque

2040 2069 2166 2110 cum
2203 2056 2486 2112 celeritate
2517 2059 3051 2126 maxima,Bncelum
3082 2063 3454 2133 redditurum,
3481 2075 3536 2121 et
3560 2067 3630 2121 de

2041 2157 2240 2203 cancro
2284 2163 2475 2218 pacem
2519 2161 2877 2208 servaturum
2926 2156 3196 2224 spondet;
3239 2169 3506 2230 rogatque
3547 2157 3628 2215 uti

2042 2239 2272 2295 militem
2313 2240 2371 2296 in
2425 2253 2610 2309 castra
2651 2246 2902 2302 reducat.
2934 2247 3241 2318 Imperator
3273 2253 3631 2312 animadver-

2043 2338 2166 2384 tens
2217 2329 2366 2385 hunc
2419 2342 2700 2403 receptum
2754 2334 2860 2390 sibi
2901 2335 3021 2392 fore
3068 2337 3462 2404 honoriﬁcum,
3501 2360 3629 2401 cum

2045 2425 2340 2479 incruenta
2367 2425 2600 2481 victoria
2629 2427 2809 2484 libens
2825 2440 3010 2496 castra
3038 2432 3262 2500 repetit.
3292 2433 3427 2490 Nam
3460 2453 3634 2506 nuper
3655 2491 3668 2514 ,

2044 2531 2148 2570 nec
2176 2516 2367 2580 verba,
2419 2533 2525 2574 nec
2561 2521 2704 2588 aequi
2746 2521 2989 2592 bonique
3047 2537 3245 2579 sensus
3277 2535 3337 2580 ut
3363 2527 3631 2585 Bueelum

2045 2607 2380 2672 restitueret,
2433 2609 2482 2663 ei
2537 2612 2902 2682 persuadere,
2938 2614 3270 2684 potuissent,
3303 2620 3456 2692 quod.
3483 2637 3634 2678 nunc

2046 2700 2386 2766 restitueret,
2425 2703 2690 2774 quodque
2726 2705 2959 2762 Romani
2988 2709 3261 2766 exercitus
3287 2727 3384 2781 per
3409 2713 3634 2770 ordines

2044 2790 2111 2844 ad
2146 2806 2384 2862 pugnam
2423 2792 2708 2850 distributi
2761 2811 3046 2854 accessum
3090 2816 3200 2856 non
3245 2803 3481 2867 tulisset.
3533 2807 3633 2862 sed

2047 2891 2176 2936 ante
2207 2881 2528 2939 conﬂictum
2568 2887 2754 2942 animo
2801 2889 3001 2957 victus,
3030 2901 3086 2946 et
3124 2889 3323 2949 timore
3343 2898 3634 2966 perculsus

2048 2987 2291 3044 pugnam
2345 2987 2677 3043 recusasset,
2705 2979 2981 3035 confessio
3036 2984 3324 3040 manifesta
3355 2997 3496 3055 erat,
3518 2989 3636 3045 llo-
3671 2992 3679 3001 '

2046 3080 2240 3120 manos
2272 3068 2592 3136 superiores
2635 3084 2778 3128 esse.
2824 3069 3005 3136 Quare
3041 3083 3096 3127 et
3132 3074 3436 3144 imperator
3467 3095 3635 3136 occa-

361 3167 467 3221 ούκ
521 3168 657 3233 ἔγνω
681 3168 791 3222 δεῖν
834 3170 892 3222 ὲν
935 3168 1170 3240 πολεμίᾳ
1217 3170 1298 3234 εἰς
1343 3167 1628 3238 προῦπτον
1687 3171 1939 3225 κίνδυνον

2047 3157 2202 3213 sione
2235 3160 2526 3224 utendum,
2551 3175 2656 3215 nec
2686 3161 2826 3215 ultra
2858 3178 3024 3232 quam
3053 3164 3138 3221 fas
3178 3169 3631 3228 contendendum

363 3259 627 3329 καθιστᾷν
645 3258 856 3312 ἑαυτόν.
895 3259 1006 3313 Καὶ
1055 3259 1282 3329 πέμψας
1314 3259 1476 3314 πάλιν
1520 3262 1646 3324 τοὺς
1671 3259 1935 3330 πρέσϐεις

363 3344 400 3423 ᾖ
436 3349 686 3402 ἐδύναντο
712 3351 944 3422 τάχιστα
975 3351 1115 3421 πρὸς
1175 3351 1406 3421 βασιλέα
1431 3392 1446 3414 ,
1483 3351 1543 3404 τό
1599 3369 1658 3405 τε
1697 3353 1935 3424 πόλισμα

367 3441 634 3495 Βουκέλου
703 3441 1074 3514 ἐπηγγέλλετο
1129 3442 1480 3515 παραδώσειν
1541 3447 1637 3499 καὶ
1705 3448 1932 3518 εἰρήνην

364 3535 516 3600 ἄξειν
549 3534 639 3588 τοῦ
672 3535 880 3598 λοιποῦ,
913 3538 1007 3590 καὶ
1031 3536 1200 3590 ἐδεῖτο
1231 3537 1496 3608 βασιλέως
1539 3539 1620 3601 είς
1657 3538 1716 3592 τὸ
1735 3543 1936 3596 οἰκεῖον

369 3628 731 3697 στρατόπεδον
754 3629 1064 3697 ἀπαγαγεῖν
1119 3629 1218 3700 τὴν
1261 3630 1540 3700 στρατιάν.
1571 3632 1837 3698 Βασιλεὺς
1879 3633 1936 3690 δὲ

366 3719 513 3790 δρῶν
543 3720 722 3783 αὐτοῖς
756 3722 812 3773 ὲν
844 3719 991 3789 καλῷ
1040 3718 1118 3790 τῷ
1157 3721 1400 3790 σχήματι
1447 3722 1546 3790 τὴν
1587 3723 1937 3796 ἀναχώρησιν

368 3813 684 3882 γινομένην,
734 3813 824 3866 καὶ
849 3814 950 3883 τὴν
979 3813 1135 3883 νίκην
1170 3814 1440 3883 ἀναιμωτὶ
1476 3817 1934 3887 προσγινομένην,

368 3905 604 3973 ἅσμενος
632 3905 948 3977 ἀνεχώρησε
980 3907 1114 3977 πρὸς
1138 3909 1198 3959 τὸ
1223 3907 1604 3976 στρατόπεδον.
1649 3907 1785 3961 Τότε
1826 3911 1934 3982 γὰρ

370 3997 632 4067 πρότερον
677 3999 750 4066 μὴ
787 3999 966 4066 λόγοις
1009 3999 1104 4050 καὶ
1151 3999 1219 4068 τῇ
1250 3998 1342 4051 τοῦ
1388 3997 1554 4051 καλοῦ
1599 4001 1694 4052 καί
1719 3999 1933 4054 δικαίου

370 4091 551 4158 κρίσει
580 4090 669 4143 τὸν
710 4089 926 4160 Μιχαὴλ
969 4089 1257 4158 πεισθῆναι
1298 4088 1361 4141 τὸ
1403 4087 1669 4144 Βουκέλου
1700 4091 1938 4147 ἀποδοῦυ

371 4183 481 4248 ναι,
515 4182 648 4236 ἀλλὰ
674 4181 790 4244 νῦν,
848 4183 939 4236 καὶ
974 4184 1034 4234 τὸ
1062 4182 1164 4253 ἤδη
1198 4181 1332 4252 πρὸς
1375 4182 1555 4253 μάχην
1591 4201 1938 4255 παρατεταγ-

374 4275 544 4342 μένης
588 4275 685 4342 τῆς
738 4271 1022 4342 Ῥωμαίων
1070 4274 1328 4343 στρατιᾶς
1359 4271 1456 4342 τὴν
1521 4271 1711 4342 ἔφοδον
1755 4273 1936 4327 αὐτῶν

370 4367 470 4435 οὐχ
502 4367 810 4436 ὑπομεῖναι,
828 4365 962 4418 ἀλλὰ
988 4367 1082 4418 καὶ
1108 4365 1216 4435 πρὸ
1236 4364 1336 4432 τῆς
1365 4364 1640 4434 συμϐολῆς
1671 4365 1936 4436 ἡττῆσθαι

370 4461 491 4520 ταῖς
515 4459 776 4528 γνώμαις,
807 4458 901 4511 καὶ
916 4455 1195 4520 δείσαντας
1217 4456 1594 4527 ἀπαγορεῦσαι
1611 4458 1710 4529 τὴν
1732 4459 1938 4530 μάχην,

2044 3249 2334 3321 judicavit.
2369 3250 2586 3305 Etenim
2613 3262 2743 3308 ante
2773 3254 2936 3324 202
2968 3256 3020 3310 id
3054 3265 3291 3329 tempus,
3315 3260 3634 3320 Andronico

2047 3342 2264 3398 seniore
2291 3342 2620 3413 imperante,
2645 3359 2772 3399 cum
2806 3346 2863 3399 in
2888 3346 3262 3406 Romanorum
3289 3354 3633 3421 provinciam

2048 3433 2248 3503 saepius
2304 3433 2727 3503 impressionem
2779 3435 3059 3504 fecissent,
3091 3455 3364 3512 nemoque
3406 3445 3516 3501 illis
3541 3463 3636 3504 οο-

2048 3525 2339 3590 currisset,
2372 3524 2467 3580 sed
2501 3525 2873 3597 legationibus
2904 3539 2960 3584 et
2989 3535 3340 3590 sermonibus
3364 3536 3633 3596 duntaxat

2048 3616 2289 3698 fuissent
2315 3619 2603 3688 diremptae
2637 3622 3054 3688 controversiae,
3085 3624 3460 3694 opinabantur
3515 3630 3630 3686 Ro-
3689 3685 3693 3688 ,

2050 3725 2242 3764 manos
2270 3711 2630 3778 imperatores
2649 3726 2866 3778 eorum,
2895 3721 2954 3768 ut
2977 3714 3122 3771 bello
3155 3716 3630 3790 insuperabilium,

2049 3816 2120 3855 ne
2181 3811 2466 3870 aspectum
2538 3802 2763 3871 quidem
2844 3803 3054 3860 laturos
3105 3820 3250 3864 esse.
3308 3811 3448 3866 Tum
3502 3831 3634 3871 \eto

2055 3908 2250 3963 magno
2307 3902 2476 3964 atque
2536 3902 2764 3950 strenuo
2813 3897 3060 3952 exercitu
3124 3899 3437 3958 tendentem
3487 3905 3634 3964 inse

2050 3984 2443 4052 imperatorem
2493 3999 2727 4041 cernens
2770 3985 3042 4056 Michael,
3100 3992 3262 4049 aliter
3315 3998 3510 4063 sensit,
3575 4010 3633 4055 et

2050 4080 2246 4148 pedem
2281 4081 2510 4134 omnino
2571 4081 2924 4148 referendum
2980 4086 3161 4142 duxit.
3203 4087 3332 4145 Tale
3369 4093 3630 4150 nimirum

2053 4170 2306 4226 universe
2319 4170 2683 4228 Barbarorum
2709 4175 2985 4245 ingenium
3003 4189 3110 4241 est,
3128 4180 3397 4237 ell‘renato
3419 4185 3631 4254 impetu

2051 4263 2262 4320 instare
2315 4266 2640 4321 cedentibus
2691 4266 2803 4338 (59)
2839 4308 2854 4333 ,
2902 4271 3203 4340 intrepidos
3263 4283 3320 4329 et
3400 4277 3456 4331 in
3509 4281 3630 4336 acie

2049 4365 2261 4412 stantes
2289 4357 2511 4428 aggttedi
2566 4373 2675 4412 non
2725 4362 2949 4416 audere.
2982 4363 3216 4419 Romani
3247 4367 3454 4423 milites
3477 4373 3626 4440 quod

2048 4463 2381 4503 concurrere
2411 4458 2466 4503 et
2497 4449 2737 4504 hostium
2795 4451 2967 4521 spolia
3000 4455 3142 4523 (quae
3171 4465 3382 4511 tantum
3420 4475 3529 4514 non
3560 4467 3630 4518 de

370 4552 434 4604 τὸ
478 4551 758 4618 Ῥωμαίων
784 4536 1342 4620 ἡττῆσθαιφανερῶς
1390 4548 1799 4617 ὁμολογούντων
1839 4546 1938 4620 ἦν·

2049 4543 2302 4599 manibus
2339 4543 2446 4599 sibi
2478 4559 2666 4614 erepta
2702 4546 3008 4617 putabant)~
3031 4548 3213 4618 legere
3237 4566 3349 4605 non
3378 4552 3630 4611 licuisset

373 4643 471 4697 Jul
499 4641 585 4695 διὰ
614 4641 771 4695 τοῦτο
800 4641 893 4694 καὶ
926 4640 1136 4710 βασιλεῖ
1159 4639 1332 4695 ἐδόκει
1367 4639 1605 4712 χρῆσθαι
1633 4640 1709 4712 τῷ
1737 4640 1942 4713 καιρῷ,

374 4737 469 4789 καὶ
501 4735 576 4804 μὴ
601 4735 744 4806 πέρα
782 4732 874 4786 τοῦ
905 4733 1276 4803 προσήκοντος
1313 4732 1659 4800 φιλονεικεῖν.
1697 4733 1786 4786 Ἐν
1831 4733 1938 4803 γὰρ

369 4828 484 4888 τοῖς
527 4826 808 4896 προτέροις
855 4825 1089 4894 χρόνοις.
1135 4823 1479 4892 ’Λνδρονίκου
1505 4823 1598 4877 τοῦ
1635 4823 1948 4895 πρεσϐυτέ-

2052 4637 2447 4704 tristabantur;
2489 4646 2637 4693 tanta
2682 4639 2983 4696 dimicandi
3015 4641 3216 4712 cupido
3240 4659 3434 4702 omnes
3468 4663 3630 4719 cepe.
3733 4667 3738 4688 ι

2048 4739 2155 4784 rat.
2206 4729 2434 4793 Tamen,
2471 4746 2602 4799 pace
2641 4732 2944 4787 constituta
2978 4743 3037 4789 et
3077 4735 3286 4791 {uadere
3318 4753 3462 4792 novo
3491 4754 3630 4795 eon-

2041 4823 2278 4890 lirmata,
2305 4823 2537 4878 Michael
2572 4824 2835 4879 Bucelum
2867 4826 3146 4904 reddidit;
3177 4828 3342 4883 etdie
3371 4831 3630 4900 sequenti

376 4938 471 4988 ρου
529 4919 787 4988 ﬂatum;
839 4919 1119 4988 ἄρχοντος,
1171 4917 1374 4980 πολλὰς
1399 4919 1455 4980 ἐς
1513 4918 1613 4986 τὴν
1653 4916 1940 4988 Ῥωμαίων

2047 4917 2097 4969 iu
2129 4915 2286 4985 equis
2334 4915 2744 4983 convenientes,
2779 4916 3076 4973 amicitiam
3126 4930 3495 4988 renovarunt;
3529 4938 3632 4978 nec

372 5013 598 5075 ἐσϐολὰς
641 5013 751 5065 τῶν
781 5013 983 5066 Μυσῶν
1033 5015 1445 5080 ποιησαμένων,
1477 5011 1600 5064 ἐπεὶ
1634 5010 1809 5073 οὐδεὶς
1847 5011 1945 5063 αύ-

371 5109 486 5168 τοῑς
517 5105 930 5174 ἀντεπεξῆλιὶεν,
967 5103 1102 5158 ἀλλὰ
1126 5103 1446 5172 πρεσϐείαις
1491 5105 1586 5156 καὶ
1631 5103 1816 5172 λόγους
1848 5117 1941 5155 πι-

373 5198 554 5262 θανοῖς
580 5198 818 5251 διελύετο
862 5197 961 5260 τὰς
1012 5195 1150 5266 πρὸς
1196 5195 1395 5259 αὐτοὺς
1434 5195 1698 5265 διαφορὰς
1728 5195 1757 5247 ό
1792 5195 1948 5266 βασι.

2044 5012 2247 5067 deinde
2277 5012 2421 5067 inter
2444 5011 2722 5066 Romanos
2774 5023 2829 5066 et
2874 5012 3074 5068 M03508
3120 5013 3345 5081 bellum,
3378 5017 3472 5070 sed
3503 5030 3631 5086 per-

2044 5114 2209 5175 petua
2238 5121 2341 5174 pax
2395 5105 2521 5159 fuit.
2554 5104 2804 5174 Cumque
2858 5107 3220 5176 pepigissent,
3253 5107 3308 5162 in
3345 5120 3626 5178 posterum

2044 5208 2415 5253 conventuros
2461 5212 2572 5268 quo
2625 5198 2746 5253 loco
2781 5199 3228 5269 complacuisset,
3258 5200 3353 5257 ille
3392 5203 3449 5256 in
3498 5201 3628 5256 Ma:-

1624 5311 1843 5372 Jacobi
1875 5311 2140 5374 Pontani
2182 5319 2369 5374 noue.

373 5425 567 5481 stabile
593 5413 804 5493 agmen.
841 5419 938 5493 Vir
964 5420 1099 5493 viro,
1124 5433 1278 5493 arma
1310 5418 1475 5493 armis
1527 5426 1770 5493 conserta
1794 5429 1936 5481 sum,

374 5502 441 5552 ad
472 5488 657 5548 nutum
686 5491 944 5546 monentis
980 5491 1191 5553 intenti,
1223 5490 1372 5557 aequi
1397 5489 1572 5556 signa,
1599 5488 1811 5540 ordines
1837 5504 1953 5540 ser-

373 5584 496 5623 vare
539 5565 788 5618 didicere.
830 5560 978 5625 Quod
1011 5560 1306 5630 imperatur
1331 5601 1345 5619 ,
1386 5573 1564 5611 omnes
1613 5559 1948 5622 exaudiunt;

373 5641 645 5694 obsis!ere,
675 5633 920 5693 circuire,
960 5631 1279 5690 discurrere,
1311 5630 1366 5681 in
1395 5644 1557 5681 cornu
1588 5636 1810 5698 mutare
1851 5645 1952 5698 pu-

369 5725 528 5780 gnam
568 5720 679 5780 ngit
702 5704 859 5780 duces
886 5701 1076 5780 magis,
1100 5715 1259 5780 quam
1287 5697 1726 5780 militescallent.
1780 5733 1792 5745 .

442 5780 557 5849 (59;
595 5775 774 5828 Etiam
811 5772 997 5849 bestiae
1021 5770 1278 5849 quaedam
1301 5769 1574 5847 fugientes
1601 5783 1945 5849 persequun-

372 5837 481 5915 tur,
518 5851 918 5917 persequentes
952 5837 1185 5908 fugiunt.
1218 5838 1286 5891 Et
1317 5838 1578 5892 auoniatu
1606 5837 1823 5892 barbari
1849 5852 1946 5907 pa-

705 5940 971 6014 PAerOL.
1007 5936 1123 5994 Ge.
1173 5933 1371 5997 CLlll.

2044 5433 2170 5472 rum
2202 5418 2464 5474 dili'erunt
2503 5434 2533 5475 a
2585 5419 2768 5476 brutis
2802 5420 3198 5484 animantibus,
3225 5423 3353 5489 quia
3384 5417 3622 5480 barbari,

2055 5489 2159 5543 hoc
2194 5498 2299 5556 est,
2331 5490 2548 5551 inculti,
2578 5500 2842 5560 agrestes,
2872 5492 3161 5546 inhumani
3197 5499 3345 5556 sunt,
3382 5505 3490 5542 non
3525 5489 3626 5543 mi-

2055 5575 2178 5640 rum
2211 5574 2309 5640 eos
2349 5561 2402 5640 iu
2441 5563 2545 5617 hoc
2593 5577 2815 5640 quoque
2845 5561 3051 5640 bestias
3085 5560 3624 5640 inritari.,_sensuque

2055 5630 2240 5697 potius
2268 5631 2417 5693 duci,
2457 5629 2626 5700 quam
2648 5634 2858 5686 ratione
2890 5634 3028 5700 regi,
3055 5647 3178 5684 cum
3214 5629 3345 5697 quid
3377 5629 3623 5692 virtutis,

2051 5709 2216 5770 atque
2245 5701 2384 5755 adeo
2417 5701 2762 5756 fortitudinis
2783 5701 2874 5766 sit,
2906 5717 3012 5755 non
3047 5701 3289 5764 vida-ant,
3322 5708 3376 5753 et
3401 5709 3622 5769 gustum

2052 5785 2194 5826 verte
2223 5771 2404 5826 laudis
2425 5781 2480 5826 et
2515 5771 2700 5840 gloria:
2725 5771 2934 5824 nullum
2971 5771 3232 5825 habeant.

3116 5927 3188 5989 14
