4016 6426
408 310 517 375 429

1579 298 2129 367 HISTORIARUM
2158 298 2391 363 LlBER
2431 301 2512 365 ΙΙ.

3583 302 3688 374 430

408 432 528 498 εῐγε
579 428 675 483 καὶ
712 425 936 492 οἰκείοις
965 427 1215 499 ὄμμασιν
1250 424 1398 498 ἐώρα
1434 422 1588 495 ξίφος
1616 424 1812 495 ἔχοντα
1848 422 1985 494 αὐτᾷ

2102 437 2211 492 que
2260 421 2528 493 quidquid
2569 419 2799 478 charum
2849 431 2905 478 et
2936 419 3239 492 iucundum
3291 423 3399 479 sibi
3433 432 3685 496 praestari

406 524 486 588 ὡς
513 520 917 577 ἀποκτενοῦντα
937 521 1175 585 ἐπιέναι,
1196 516 1299 574 εἷθ’
1323 519 1416 573 ὑπ’
1434 518 1600 589 ἄλλης
1624 518 1770 579 τινος
1787 515 1988 580 αἰτίας,

409 615 504 668 καὶ
545 613 688 667 πάνυ
735 613 810 684 μὴ
856 611 1187 683 βουλόμενον
1238 610 1563 682 συμϐέϐηκε
1620 608 1988 671 κεκωλῦσθαι,

409 708 535 777 μηδ’
558 705 703 760 οὕτω
730 705 1028 775 δυνηθῆναι
1052 700 1118 759 ἀν
1145 721 1278 758 ποτε
1310 702 1571 774 ἀπεχθῶς
1615 701 1990 756 διακείσεσθαι

409 798 579 869 αὐτῷ.
621 798 730 854 Καὶ
759 799 893 861 ὅλως
926 799 1095 869 μηδὲν
1132 790 1273 852 εἶναι
1301 796 1329 851 ὃ
1355 794 1479 853 καθ’
1507 793 1704 869 ἡδονὴν
1731 797 1792 849 ὃν
1840 795 1991 866 αὐτῷ

409 892 743 963 πραχθῆναι,
772 891 847 962 μὴ
869 891 1033 945 αὑτὸν
1053 893 1150 945 σὺν
1166 892 1315 964 πάσῃ
1346 890 1630 963 προθυμίᾳ
1655 890 1986 962 παρασχεῖν,

408 982 486 1045 ὡς
516 982 656 1035 ἀττα
685 981 752 1035 ἂν
779 978 927 1051 αύτῷ
969 980 1208 1054 ἀρέσκῃ,
1255 985 1350 1034 καὶ
1404 980 1553 1050 αὐτῷ
1586 980 1759 1050 ἡδέων
1800 997 1989 1049 φαινο-

413 1074 613 1142 μένων.
671 1073 892 1128 Τούτων
938 1068 1041 1125 οὗν
1098 1068 1271 1133 οὕτως
1333 1073 1592 1142 ἐχόντων,
1653 1071 1843 1141 ὥσπερ
1895 1072 1989 1125 καὶ

409 1164 578 1219 αὑτὸν
625 1164 816 1232 σαφῶς
861 1163 1069 1218 οἴεσθαι
1099 1162 1424 1226 πεπεῖσθαι,
1454 1161 1759 1232 θαυμάζειν
1788 1163 1869 1215 ὅτι
1913 1161 1989 1233 μὴ

409 1258 549 1310 κατὰ
601 1256 832 1325 γνώμην
862 1254 922 1308 ὃν
961 1254 1109 1325 αὐτῷ
1136 1254 1480 1326 Συργιάννην
1524 1254 1866 1324 ἀπολυθῆναι
1892 1255 1988 1325 τῆς

410 1350 658 1421 εἱρκτῆς,
691 1348 991 1418 ἐλευθέρως
1013 1347 1111 1401 καὶ
1136 1346 1491 1419 ἀπεριέργως
1525 1342 1681 1400 εἶπεν
1704 1345 1764 1411 ἐξ
1790 1345 1986 1417 ἀρχῆς,

413 1444 529 1499 ἀλλ’
547 1441 737 1514 ὥσπερ
759 1442 914 1505 τινὰς
937 1441 1223 1511 τιθέμενον
1263 1439 1638 1510 ἀναδασμοὺς,
1664 1438 1861 1510 πρῶτα
1892 1438 1991 1508 μὲν

414 1537 613 1599 εἰπεῖν,
672 1535 782 1588 τῶν
834 1533 1031 1587 κλοιῶν
1081 1532 1246 1587 αὐτὸν
1305 1531 1605 1602 ἀνεθῆναι,
1637 1525 1740 1585 εἰτ’
1778 1531 1844 1585 ἐκ
1892 1526 1989 1582 τοῦ

412 1624 797 1698 δεσμωτηρίου
835 1624 970 1694 πρὸς
994 1624 1182 1696 ἕτερον
1207 1623 1619 1694 ἐπιεικέστερον
1653 1622 1989 1694 μετενεχθῆ-

410 1718 689 1784 ναι,ὥστεί
711 1716 975 1771 δύνασθαι
1020 1715 1170 1786 αὐτῷ
1193 1715 1290 1769 καὶ
1319 1716 1387 1769 τὰ
1420 1718 1589 1770 τέκνα
1622 1706 1861 1771 συνεῖναι
1895 1716 1989 1769 καὶ

2105 516 2254 582 velit,
2296 516 2353 571 id
2411 531 2469 572 se
2500 530 2666 587 quam
2700 513 3060 587 cupidissime
3115 516 3516 587 praestiturum.
3549 521 3684 575 Nam

2099 623 2222 677 qua:
2260 609 2378 678 ejus
2416 607 2602 661 animo
2648 608 2921 677 placeant,
2970 608 3162 662 eadem
3215 617 3271 664 et
3337 609 3442 664 sibi
3497 612 3685 666 suavia

2099 705 2264 767 alque
2301 712 2518 755 ammna
2560 695 2757 751 videri.
2788 694 2920 763 Quae
2967 713 3089 751 etim
3131 698 3204 751 ita
3259 697 3392 764 sint,
3422 701 3688 768 quemad-

2101 779 2324 865 modum
2353 798 2409 843 et
2436 789 2669 860 ipsemet
2692 797 2846 843 certo
2874 790 3035 856 sciat,
3064 790 3255 844 mirari
3282 806 3361 857 se,
3392 806 3517 849 cum
3553 791 3685 864 Syr-

2097 881 2355 952 giannem
2383 882 2635 938 custodia
2672 882 2968 937 liberatum
3014 882 3381 951 desideraret,
3407 891 3685 956 quomot’o

2099 972 2153 1029 id
2182 991 2293 1029 non
2333 989 2361 1029 a
2415 974 2685 1045 principio
2720 975 2956 1046 ingenue
2989 974 3424 1047 simpliciterque
3455 995 3688 1050 aperue-

2098 1066 2192 1132 rit,
2225 1067 2320 1122 sed
2350 1068 2622 1140 gradatim
2656 1068 2995 1142 ascenderit,
3026 1083 3091 1122 ac
3124 1071 3367 1139 primum
3402 1070 3685 1126 collariant

2099 1158 2318 1213 detrahi
2348 1158 2626 1228 petiverit,
2660 1159 2788 1213 dein
2825 1159 3104 1214 hominem
3132 1161 3186 1215 in
3225 1178 3507 1219 carcerem
3544 1166 3683 1221 tole—

2097 1253 2413 1307 rabilioretn
2463 1249 2769 1316 transferri,
2815 1250 2909 1305 ubi
2961 1253 3071 1307 nati
3113 1264 3168 1308 et
3198 1253 3398 1324 conjux
3449 1272 3576 1311 cum
3611 1274 3679 1314 eo

2099 1347 2298 1415 degere
2329 1352 2553 1416 queant,
2579 1360 2726 1399 nunc
2772 1354 2953 1398 autem
3005 1344 3233 1400 omnino
3265 1363 3296 1402 e
3339 1363 3563 1406 carcere
3599 1351 3685 1405 di-

2097 1439 2263 1495 mitti.
2306 1438 2414 1493 Par
2453 1438 2645 1505 fuisse,
2696 1452 2796 1508 pro
2841 1450 2905 1492 ea
2940 1454 3049 1508 qua
3092 1440 3235 1509 apud
3273 1456 3333 1496 se
3377 1444 3551 1514 gratia
3584 1459 3705 1509 aug

2096 1531 2471 1600 ctoritathue
2505 1528 2705 1591 valeat,
2736 1529 2920 1583 s'atim
2963 1544 2995 1583 a
3036 1530 3311 1600 principio
3340 1533 3681 1590 voluntatem

2096 1636 2251 1678 suam
2282 1623 2566 1678 declarare
2598 1621 2905 1687 liberrime,
2932 1635 3036 1678 nec
3068 1637 3133 1677 ea
3168 1621 3346 1680 divisa
3389 1625 3443 1679 in
3474 1638 3683 1698 partes,

2097 1716 2178 1770 sic
2212 1730 2314 1787 pro
2372 1730 2468 1769 reo
2521 1711 2941 1785 precart.,Eum
2991 1724 3175 1770 autem
3231 1716 3461 1785 perinde
3517 1720 3683 1775 verba

407 1812 509 1878 τὴν
542 1812 798 1879 γυναῖκα,
830 1810 947 1862 νυνὶ
992 1807 1052 1861 δὲ
1097 1807 1455 1862 παντάπασιν
1513 1806 1855 1878 ἀπολυθῆναι
1886 1808 1985 1876 τῆς

2093 1805 2311 1872 fecisse,
2336 1824 2401 1862 ac
2429 1806 2472 1863 si
2504 1809 2590 1863 vel
2629 1807 2684 1863 in
2709 1808 2916 1862 amicos
2951 1806 3236 1864 sordidum
3263 1820 3318 1866 et
3344 1813 3572 1870 honoris
3593 1830 3686 1869 eo-
3742 1880 3759 1885 _

407 1904 650 1973 εἱρκτῆς.
688 1902 820 1955 Δέον
852 1890 963 1971 γὰρ
996 1899 1140 1971 μετά
1163 1900 1264 1969 τῆς
1296 1915 1380 1953 σοι
1424 1899 1815 1971 προσηκούσης
1848 1900 1990 1971 παῤ-

408 1997 606 2069 ῥησίας
634 1993 795 2051 εὐθὺς
816 1992 877 2057 ἐξ
897 1991 1075 2064 ἀρχῆς
1099 1992 1159 2046 τδ
1183 1990 1437 2063 βούλημα
1468 1992 1695 2060 ποιῆσαι
1730 1993 1987 2063 φανερὸν,

405 2089 604 2159 καὶμὴ
633 2086 961 2157 διατεμόντα
990 2085 1072 2147 εἰς
1104 2083 1294 2149 πολλὰ,
1325 2086 1468 2138 κατὰ
1499 2084 1669 2155 μέρος
1710 2084 1989 2138 ποιεῖσθαι

402 2180 507 2243 τὰς
540 2178 810 2248 αἰτήσεις.
843 2177 917 2230 Σὺ
948 2175 995 2229 δ’
1022 2170 1213 2246 ὥσπερ
1243 2173 1276 2245 ἢ
1312 2174 1451 2245 ἐμοῦ
1489 2175 1692 2246 πολλὴν
1734 2175 1992 2248 μικρολο-

404 2270 532 2339 γίαο
561 2268 655 2323 καὶ
679 2267 1035 2338 ἀφιλοτιμίαν
1071 2263 1438 2334 κατεγνωκὼς
1462 2267 1594 2337 περὶ
1613 2267 1739 2331 τοὺς
1776 2268 1987 2337 φίλους,

408 2363 442 2433 ἡ
483 2360 668 2432 σαυτῷ
701 2359 1008 2430 ἀδυναμίαν
1039 2357 1324 2421 συνειδὼς,
1354 2356 1530 2420 οὕτως
1577 2359 1826 2429 ἐποιήσω
1854 2362 1989 2423 τοὺς

407 2456 632 2523 λόγους·
673 2445 733 2508 οῦ
776 2452 844 2523 δὴ
886 2452 1049 2505 ἕνεκα
1096 2453 1191 2505 καὶ
1240 2448 1576 2521 ἀχθεσθῆναι
1618 2447 1800 2507 εἷπον.
1849 2452 1990 2506 Νυνὶ

403 2550 448 2605 δ’
476 2548 598 2603 ἐπεί
629 2565 713 2601 σοι
744 2545 900 2616 φίλον
934 2543 1278 2615 ἀπολυθῆναι
1300 2543 1665 2616 Συργιάννην,
1689 2545 1751 2599 τὸ
1776 2546 1989 2601 κωλύον

404 2644 578 2696 οὐδέν.
611 2641 784 2694 ’Δττα
808 2639 919 2709 γὰρ
938 2636 1006 2691 ἀν
1036 2637 1186 2709 αὑτῷ
1214 2654 1297 2691 σοι
1330 2639 1426 2691 καὶ
1459 2636 1717 2708 βέλτιστα
1735 2638 1865 2710 δοκῇ
1895 2641 1989 2693 καὶ

408 2738 559 2808 ⁴ἡδέα,
592 2735 693 2789 οὐκ
742 2733 859 2787 ἐσθ’
884 2733 1035 2796 ὅπως
1092 2731 1169 2801 μὴ
1218 2733 1283 2785 ἐκ
1331 2729 1427 2785 τοῦ
1460 2729 1579 2784 [σου
1623 2731 1788 2803 ὃμοια
1819 2732 1991 2802 κάμοὶ

416 2832 602 2885 δοκεῖν.
619 2829 680 2882 '0
714 2828 887 2899 μέγας
910 2825 967 2880 δέ
996 2825 1318 2896 δομέστικος
1340 2862 1356 2889 ,
1398 2823 1602 2893 Ἀληθῆ
1627 2841 1692 2893 γε
1734 2825 1985 2894 εἴρηκας,

419 2922 578 2989 εἰπεν,
613 2916 659 2977 ὦ
684 2919 938 2993 βασιλεῦ·
968 2919 1029 2972 οὐ
1053 2917 1163 2989 γάρ
1213 2917 1386 2982 ἐστιν,
1414 2915 1518 2970 οὐκ
1564 2915 1714 2970 ἐστιν
1755 2916 1928 2981 οὐδὲν,
1960 2917 1989 2970 ὃ

412 3017 733 3089 θελήσαντος
775 3011 915 3084 ἐμοῦ
944 3011 1286 3081 πραχθῆναι,
1321 3008 1577 3063 ἐναντίαν
1609 3008 1778 3072 οῐσεις
1807 3009 1989 3080 ψῆφον

2092 1914 2216 1955 rum
2264 1901 2631 1972 negligentem
2682 1902 2860 1972 ipsum
2898 1900 3193 1972 judicaret,
3242 1905 3328 1959 vel
3381 1920 3441 1960 sc
3486 1922 3681 1992 paru'm

2091 2010 2252 2064 posse
2287 1993 2551 2059 sentiret;
2580 2006 2744 2065 atque
2774 1997 2879 2081 hoc
2911 2011 3036 2053 esse
3068 1995 3214 2067 quod
3246 1999 3354 2053 sibi
3387 2001 3679 2056 molestum

2091 2088 2341 2142 accidere
2372 2093 2603 2142 testatus
2632 2092 2724 2143 sit.
2755 2086 2916 2144 Nunc
2947 2089 3208 2159 quoniam
3242 2101 3394 2161 optet
3421 2086 3685 2163 Syrgian-

2090 2195 2216 2234 nem
2284 2195 2317 2236 e
2371 2195 2597 2236 carcere
2652 2180 2835 2248 educi,
2922 2178 3285 2248 educeretur;
3336 2200 3683 2255 quaecunque

2091 2269 2238 2323 enim
2273 2267 2392 2341 ipse
2447 2270 2504 2324 in
2556 2270 2717 2325 bonis
2772 2280 2827 2326 et
2858 2269 3122 2340 jucundis
3170 2284 3511 2340 numeraret,
3560 2274 3677 2330 fieri

2091 2378 2203 2417 non
2230 2379 2413 2435 posse,
2440 2364 2575 2435 quin
2613 2362 2682 2418 ab
2717 2378 2775 2418 se
2804 2368 3027 2434 quoque
3054 2375 3511 2419 numerarentur.
3537 2365 3681 2443 Tum

2092 2468 2329 2524 magnus
2384 2453 2725 2510 domesticus
2758 2452 2942 2510 :Vera
2996 2464 3127 2509 sunt
3161 2453 3299 2517 haec,
3337 2452 3678 2526 imperator;

2091 2545 2232 2600 nihil
2276 2545 2425 2602 enim
2477 2554 2580 2612 est,
2641 2545 2806 2609 nihil,
2843 2544 3093 2615 inquam,
3127 2555 3235 2611 est,
3269 2548 3418 2616 quod
3467 2548 3513 2603 si
3563 2548 3681 2605 fieri

2090 2638 2280 2705 velim,
2321 2648 2379 2694 tu
2435 2654 2547 2694 non
2604 2640 2916 2704 concedas;
2970 2638 3136 2709 idque
3169 2655 3280 2694 non
3312 2655 3379 2696 ex
3409 2642 3514 2697 hac
3561 2659 3681 2698 ora-

2094 2733 2243 2789 tione
2294 2742 2408 2797 tua,
2474 2733 2570 2789 sed
2632 2748 2699 2788 ex
2750 2731 2911 2788 factis
2958 2731 3096 2804 ipsis
3157 2733 3293 2788 mihi
3350 2732 3405 2789 in
3465 2735 3682 2806 primis,

2092 2823 2294 2880 deinde
2350 2824 2473 2880 aliis
2521 2823 2782 2881 omnibus
2839 2825 3050 2896 pridem
3109 2837 3346 2883 constat.
3379 2826 3462 2884 Me
3496 2838 3681 2886 autem

2093 2921 2289 2973 eodem
2322 2931 2447 2973 esse
2482 2918 2535 2972 in
2563 2927 2616 2971 te
2649 2916 2856 2979 animo,
2900 2915 3154 2986 pluribus
3185 2916 3682 2975 demonstrandum

2091 3020 2205 3063 non
2237 3008 2469 3079 Opinor;
2518 3015 2576 3063 tu
2631 3006 2778 3063 enim
2825 3009 2963 3063 alias
2993 3008 3128 3063 mihi
3160 3010 3485 3079 praeclarum
3516 3013 3684 3085 hujus

407 3110 590 3173 αὐτός.
622 3111 735 3164 Καὶ
765 3107 947 3173 τοῦτο,
972 3107 1071 3159 οὐκ
1097 3105 1207 3159 ἀπὸ
1240 3102 1351 3157 τῶν
1383 3100 1521 3173 πρὸς
1546 3102 1647 3173 ἐμὲ
1679 3092 1985 3174 εἰρημένων

2094 3100 2173 3155 rei
2206 3100 2582 3155 testimonium
2629 3101 3008 3170 impertivisti.
3042 3101 3207 3174 204
3245 3102 3358 3175 Ego
3391 3121 3522 3161 vero
3552 3121 3680 3162 cum

402 3194 525 3260 νυνὶ
572 3204 768 3271 λόγων,
818 3199 958 3256 ἀλλά
1013 3197 1150 3252 πολὺ
1206 3195 1474 3266 πρότερον
1531 3193 1591 3262 ἐξ
1643 3193 1825 3271 αὐτῶν
1876 3195 1986 3250 τῶν

404 3298 604 3370 ἐργων,
632 3296 752 3366 ἐμοί
776 3312 837 3348 τε
872 3290 1090 3362 πρῶτον
1131 3292 1228 3345 καὶ
1255 3291 1372 3352 τοῖς
1403 3286 1585 3352 ἄλλοις
1630 3291 1834 3345 ἅπασίν
1868 3292 1986 3345 ἐστι

405 3388 742 3460 καταφανές.
775 3385 977 3441 Ὅτιδέ
1024 3384 1118 3437 τὸν
1167 3385 1282 3439 ίσον
1309 3386 1511 3459 τρόπον
1540 3384 1649 3456 ἐχω
1687 3384 1781 3438 καὶ
1822 3382 1986 3443 αὐτὸς

404 3483 547 3553 πρὸς
589 3481 681 3546 at,
721 3480 831 3536 οὐδ’
865 3476 1197 3544 ἀποδείξεως
1251 3476 1544 3549 δεήσεσθαι
1601 3477 1777 3531 δοκεῖν
1823 3474 1986 3538 αὐτὸς

402 3577 517 3647 γάρ
555 3592 642 3646 μοι
666 3574 881 3644 φθάσας
928 3570 1199 3643 πρότερον
1243 3570 1735 3642 συνεμαρτύρησας
1777 3568 1980 3632 καλῶς.

415 3668 562 3738 Ἐγὼ
580 3668 635 3722 δέ
649 3667 749 3737 τὴν
770 3667 910 3739 πρὸς
925 3664 1188 3734 ἀλλήλους
1206 3662 1367 3734 ἡμῶν
1389 3660 1574 3731 φιλίαν
1594 3660 1981 3733 παραϐάλλων,

401 3761 485 3833 τῷ
521 3763 620 3832 μὲν
654 3760 805 3831 δγκῳ
838 3763 938 3827 τῆς
974 3756 1151 3829 ἀρχῆς
1181 3756 1278 3811 καὶ
1322 3754 1401 3825 τῷ
1437 3755 1661 3823 μεγέθει
1721 3753 1983 3807 ἐλασσοῦα

407 3855 533 3909 σθαι
563 3852 769 3923 νομίζω
807 3852 901 3905 καὶ
932 3848 1085 3921 παρά
1118 3846 1288 3923 πολὺ,
1316 3848 1431 3910 τοῖς
1486 3846 1696 3911 λοιποῖς
1724 3846 1779 3900 δέ
1808 3844 1981 3900 ἅπασι

403 3947 692 4003 λείπεσθαι
719 3944 1086 3999 οὗδοπωσοῦν.
1125 3942 1201 3995 οὐ
1239 3943 1402 4013 μόνον
1429 3940 1540 4013 γὰρ
1564 3938 1602 3995 a
1636 3940 1981 4011 προείρηκας
2035 3978 2044 3988 ,

404 4039 592 4105 αὐτὸς,
620 4038 740 4092 ἀλλ’
787 4038 845 4093 εἰ
865 4055 918 4091 τι
962 4039 1058 4091 καὶ
1087 4036 1295 4090 τούτων
1330 4031 1519 4104 μεῖζον
1543 4034 1639 4087 καὶ
1676 4034 1854 4087 ποιεῖν
1885 4033 1981 4085 καί⁵

405 4134 701 4204 ὑπομένειν
735 4131 877 4202 ὑπὲρ
915 4131 1014 4199 τῆς
1049 4128 1185 4197 πρὸς
1233 4127 1295 4181 σέ
1327 4126 1515 4196 φιλίας
1544 4125 1766 4195 ἐτοιμος
1811 4121 1975 4180 εἶναι.

405 4226 668 4293 Καίτοιγε
698 4222 822 4278 κατ’
844 4222 1084 4292 ἐμαυτὸν
1117 4218 1383 4282 πολλάκις
1442 4217 1572 4281 τοὺς
1619 4215 1774 4289 παρά
1820 4230 1978 4289 ποιη-

402 4321 524 4383 ταῖς
551 4320 648 4374 καὶ
676 4316 1057 4388 συγγραφεῦσι
1114 4312 1268 4384 παρά
1309 4310 1492 4366 πάντα
1518 4308 1611 4364 τὸν
1649 4310 1845 4380 χρόνον
1882 4309 1977 4363 ἐπὶ

402 4409 558 4480 φιλίᾳ
588 4405 959 4477 ὑμνουμένους
999 4398 1274 4467 ἐξετάζων
1322 4399 1417 4451 καὶ
1448 4393 1817 4471 παραϐάλλων
1860 4397 1976 4462 τοῖς

2092 3199 2344 3244 mutuum
2387 3203 2630 3243 amorem
2669 3198 2923 3244 nostrum
2969 3204 3251 3260 comparo,
3296 3195 3681 3265 magnitudine

2088 3290 2147 3337 et
2184 3277 2472 3351 majestate
2507 3279 2724 3350 imperii
2760 3279 2996 3335 multum
3043 3281 3321 3353 superari,
3353 3286 3567 3342 cwteris
3597 3303 3671 3343 re-

2090 3374 2197 3431 bus
2229 3388 2333 3429 nec
2357 3371 2630 3428 tantillum
2665 3372 2762 3427 abs
2791 3381 2843 3428 te
2869 3373 3017 3429 vinci
3053 3390 3141 3429 me
3174 3374 3455 3431 existimo.
3481 3375 3677 3449 Neque

2089 3471 2238 3527 enim
2272 3486 2335 3524 ea
2366 3469 2544 3532 solum
2580 3485 2703 3539 qua:
2745 3470 3213 3536 commcmorasti,
3240 3473 3334 3526 sed
3364 3473 3410 3527 si
3449 3476 3581 3544 quid
3613 3476 3676 3533 ii:

2088 3566 2267 3635 majus
2295 3562 2596 3635 excogitari
2632 3570 2835 3632 potest,
2862 3578 2965 3632 pro
3001 3577 3068 3617 eo
3106 3572 3370 3631 quantum
3402 3576 3453 3620 te
3486 3567 3677 3635 diligo,

2086 3656 2370 3721 etfacere,
2390 3661 2446 3708 et
2469 3652 2679 3724 perpeti
2707 3667 2793 3708 tne
2826 3662 3074 3723 paratum
3108 3653 3303 3709 babes.
3335 3654 3401 3711 Et
3428 3661 3678 3728 quamvis

2087 3761 2470 3818 saepenumero
2532 3758 2631 3815 per
2677 3759 2767 3799 me
2801 3745 2921 3815 ipse
2946 3746 3316 3813 considerari,
3353 3757 3518 3819 atque
3551 3769 3676 3806 cum

2086 3847 2275 3894 nostra
2315 3839 2710 3909 conjunctione
2751 3835 2985 3901 contuli,
3016 3854 3157 3909 quos
3189 3839 3243 3892 in
3279 3842 3429 3896 omni
3454 3857 3671 3898 memo-

2084 3930 2168 3986 ria
2205 3946 2235 3985 a
2267 3930 2447 4001 poetis
2470 3938 2526 3984 et
2554 3927 2836 3984 historicis
2867 3929 2934 3983 ab
2957 3927 3198 3985 amicitia
3228 3932 3539 3989 celebratos
3559 3934 3673 4008 (i2)

2083 4022 2308 4080 invenio
2352 4020 2481 4093 (etsi
2511 4030 2688 4102 poetae
2750 4018 3125 4088 ambitiosius,
3156 4039 3435 4095 supraque
3459 4043 3674 4095 verum,

2082 4120 2142 4172 et
2179 4114 2470 4185 plusquam
2509 4112 2666 4168 decet
2693 4127 2809 4167 rem
2848 4128 3209 4184 exaggerasse
3232 4114 3678 4189 videantur),ni-

2081 4205 2385 4263 hilominus
2448 4202 2780 4261 cbaritatetu
2823 4216 3071 4261 nostram
3127 4207 3323 4262 sinon
3379 4212 3673 4278 majorem,

2079 4304 2232 4354 certe
2284 4296 2431 4351 haud
2484 4295 2759 4350 minorem
2819 4294 3044 4351 illorum
3101 4295 3370 4352 charitate
3424 4299 3672 4358 invenio.

2080 4386 2239 4456 Quod
2292 4389 2339 4442 si
2384 4386 2688 4457 aliquando
2738 4384 2793 4440 in
2830 4400 2952 4440 eam
2985 4386 3377 4457 cogitationem
3405 4391 3672 4459 venirem,

401 4476 697 4572 igua-ripas;
723 4497 793 4551 τὰ
821 4496 1048 4550 ἐκείνων
1070 4488 1345 4565 (καίτοιγε
1386 4491 1692 4545 δοκούντων
1716 4492 1784 4562 τῇ
1820 4490 1975 4559 φιλο-

2089 4480 2482 4540 utdubitarem
2527 4478 2723 4548 ecquid
2771 4486 2919 4532 esset
2969 4476 3076 4531 alia
3127 4478 3377 4558 quaedam
3435 4481 3669 4550 species,

401 4593 562 4664 τιμία
588 4592 697 4645 τῶν
729 4587 975 4660 ποιητῶν
995 4586 1091 4641 καὶ
1117 4587 1261 4658 πέρα
1290 4583 1388 4638 τοῦ
1411 4580 1648 4655 ἀληθοῦς
1678 4583 1775 4637 καὶ
1804 4595 1977 4655 προσ-

402 4680 627 4758 ήκοντος
662 4679 985 4753 ηὐξῆσθαι),
1027 4680 1177 4750 ὅμως
1227 4675 1347 4731 κατ’
1376 4675 1530 4730 οὐδὲν
1559 4673 1879 4755 ἀποδέοντα,
1925 4672 1977 4726 εἰ

406 4778 483 4851 μὴ
515 4780 610 4832 καὶ
643 4775 816 4849 μείζω
845 4773 917 4828 τὰ
945 4773 1194 4845 ἡμέτερα
1214 4767 1480 4840 εὑρίσκω.
1506 4766 1569 4820 Εἰ
1601 4764 1659 4818 δέ
1680 4776 1811 4817 ποτε
1841 4779 1981 4832 συμ-

402 4872 533 4940 ϐαίη
570 4868 833 4931 τοιούτοις
857 4865 1141 4935 λογισμοῖς
1166 4860 1488 4930 περιπεσεῖν
1517 4856 1659 4913 ὥστε
1701 4853 1981 4926 ἀμφιϐάλ-

402 4964 516 5017 λειν
539 4961 672 5025 εἰτις
697 4960 848 5014 ἐστὶν
878 4959 992 5012 ἰδέα
1016 4955 1200 5026 φιλίας
1225 4954 1259 5024 ἢ
1298 4952 1504 5025 τρόπος
1522 4949 1709 5018 ἔτερος
1730 4946 1788 5000 ὃν
1812 4947 1979 5015 ἡμεῖς

399 5055 504 5109 οὐκ
530 5051 930 5123 ἐπεδειξάμεθα
978 5047 1254 5119 ἀλλήλοις,
1279 5045 1314 5114 ἢ
1350 5046 1399 5097 εἰ
1437 5043 1513 5113 μὴ
1537 5041 1676 5111 πρὸς
1711 5039 1775 5092 τὸ
1811 5037 1978 5106 ἀκρό·

399 5152 564 5200 τατον
591 5141 878 5215 ἀφίγμεθα
904 5138 1095 5209 αὐτῆς,
1130 5137 1165 5208 ἦ
1193 5129 1849 5202 ἀποπνίγεσθαι-ἀνάγκη
1883 5126 1979 5180 καὶ

2085 4573 2296 4629 aliusve
2347 4570 2548 4626 modus
2596 4570 2655 4625 in
2702 4569 2969 4633 amicitia,
3000 4585 3165 4640 quem
3210 4570 3356 4627 inter
3400 4588 3500 4628 nos
3560 4590 3671 4629 non

2085 4680 2551 4737 usurpassemus;
2617 4679 2689 4718 an
2754 4663 2823 4718 ad
2871 4679 3152 4718 summum
3213 4665 3335 4736 ejus
3392 4665 3670 4738 fastigium

2082 4748 2549 4829 pervenissemus,
2575 4763 2673 4809 aut
2702 4769 2846 4824 aegre
2874 4754 3107 4824 spirare,
3127 4771 3193 4810 ac
3222 4772 3364 4826 pene
3393 4758 3606 4813 suffoca
3644 4760 3662 4814 i

2082 4864 2171 4905 me
2203 4863 2316 4918 prae
2339 4861 2546 4919 angore
2578 4855 2643 4901 et
2678 4854 2817 4901 aestu
2871 4846 3067 4911 animi,
3100 4848 3378 4918 vitamque
3417 4852 3671 4906 acerbam

2080 4950 2279 5011 putare
2311 4954 2399 4996 me
2426 4946 2730 5009 oporteret,
2759 4937 2809 4993 si
2840 4938 2893 4992 in
2921 4953 2982 4992 re
3029 4948 3140 4993 tam
3172 4939 3424 5005 honesta,
3451 4953 3673 5011 tamque

2079 5028 2302 5083 liberali
2346 5028 2510 5083 alicui
2544 5026 2829 5082 secundus
2861 5025 3143 5082 invenirer
3173 5043 3190 5082 :
3219 5036 3317 5080 aut
3353 5027 3567 5082 resilire
3602 5028 3670 5082 ab

2085 5121 2404 5195 hujusmodi
2430 5120 2712 5191 cogitatis,
2734 5126 2794 5173 et
2814 5118 3063 5173 animum
3097 5117 3471 5187 ﬁrmioribus,
3499 5137 3668 5191 quam

1649 5230 2172 5318 Jacobi'Pontani
2206 5258 2397 5312 notua.

472 5375 584 5447 (ιιι)
610 5374 656 5429 Α
690 5369 866 5444 poetis
888 5354 1969 5447 quidemcelebrauit:amicitianP.yladiis
2064 5352 2221 5418 Quod
2255 5363 2438 5447 autem
2472 5350 2682 5437 amicus
2720 5348 2943 5447 dicitur,
2971 5348 3287 5447 alterleqo‘.
3310 5348 3661 5447 lZlutarchtrs,

399 5457 455 5501 et
474 5424 716 5507 ‘oFésTis‘,
738 5424 955 5494 Thesei
981 5444 1053 5507 et
1071 5434 1327 5507 Pirithoi.
1369 5430 1600 5507 Achillis
1620 5438 1676 5483 et
1699 5424 1968 5507 Patrocli,

2068 5424 2475 5478 commentario
2511 5440 2574 5473 πε
2589 5426 2640 5488 ρὶ
2681 5419 3035 5489 πολυφιλίας.
3057 5418 3196 5474 nihil
3218 5418 3367 5473 aliud
3396 5420 3500 5474 sibi
3525 5421 3668 5475 velle

399 5489 898 5571 S'isigTirjtirEiﬁ
915 5489 1003 5560 lib
1027 5489 1326 5560 historicis
1354 5512 1410 5556 et
1440 5499 1565 5554 aliis
1606 5496 1973 5567 scriptoribus
2070 5495 2167 5558 ait,
2211 5508 2377 5561 quam
2409 5492 2678 5546 binarium
2704 5506 2826 5546 esse
2854 5490 3108 5544 amicitia:
3132 5500 3466 5544 mensuram.
3494 5489 3667 5545 Paulo

401 5585 694 5636 Alexandri
722 5528 897 5636 Dianai
933 5588 989 5631 et
1012 5574 1437 5636 Hephaestionis.
1461 5569 1669 5636 Pythia:
1694 5578 1751 5622 et
1779 5566 1978 5636 Damo-
2075 5573 2200 5636 pOst
2240 5578 2254 5615 :
2295 5561 2680 5636 Itaqueuulde
2742 5576 2935 5636 amare
2977 5568 3028 5613 et
3075 5562 3253 5636 amari
3290 5564 3431 5636 inter
3470 5560 3666 5636 multos

399 5566 694 5642 itiéiéitdi-t
722 5566 897 5649 Magni
933 5588 989 5631 et
1012 5574 1437 5649 llephwstionis,
1461 5569 1669 5649 Pythia:
1694 5566 1756 5649 et
1779 5566 1978 5649 [lamn-

976 5656 1031 5724 ct
1065 5632 1364 5724 Ifelopidm,
1382 5632 1682 5724 Scipionis
1802 5632 1974 5724 Laelii.

545 5706 802 5795 ignobilis
836 5727 940 5795 _est
985 5717 1040 5795 in
1066 5706 1275 5795 divit-tis
1310 5706 1522 5795 litteris
1549 5707 1857 5795 Davidiset
1888 5706 1981 5795 Jlo—

400 5776 942 5854 itathacoarctissima
988 5785 1337 5845 familiaritas
1401 5791 1457 5839 et
1510 5780 1724 5848 irrupta
1762 5776 1978 5846 copula.

2075 5573 2200 5632 pOst
2232 5560 2254 5615 ξ
2295 5561 2490 5632 Itaque
2527 5562 2680 5616 valde
2745 5576 2935 5632 amare
2977 5568 3028 5613 et
3075 5562 3253 5632 amari
3290 5564 3431 5632 inter
3470 5560 3666 5614 multos

2076 5627 2246 5687 locum
2273 5649 2377 5687 non
2400 5627 2576 5686 'habet
2614 5649 2627 5685 :
2661 5631 2751 5685 sed
2778 5632 2914 5684 sicut
2947 5645 3128 5683 amnes
3176 5631 3228 5682 in
3265 5627 3458 5683 multos
3510 5632 3667 5685 divisi

2078 5703 2250 5758 alveos
2271 5703 2517 5757 imbecilli
2534 5704 2706 5773 ﬂuunt
2738 5717 2820 5773 ac
2851 5711 3054 5773 tenues,
3092 5700 3166 5752 sic
3195 5699 3469 5770 vehemens
3513 5716 3668 5756 amor

2080 5775 2133 5829 in
2166 5776 2368 5839 animo,
2405 5775 2453 5828 si
2484 5767 2771 5844 dissipetur
2806 5771 2858 5823 in
2898 5767 3112 5837 multos,
3145 5767 3451 5829 mercatur.
