4016 6474
310 294 406 355 4’51

1487 291 1816 352 JOANNIS
1856 289 2386 350 CANTACUZENI

3466 292 3573 356 45.2

308 407 450 473 quod
475 405 689 466 dicunt,
711 404 1060 474 geometricis
1080 401 1888 456 demonstrationihusconvin—

1997 398 2288 469 πνευστίᾷν
2319 398 2424 450 ὑπὸ
2455 397 2552 467 τῆς
2588 397 2848 464 ἀγωνίας,
2880 399 2976 452 καὶ
3005 399 3142 470 μηδέ
3171 400 3267 471 ζῇν
3288 399 3495 456 ἐθέλειν
3524 407 3576 458 εί

308 514 432 552 cere
455 497 593 566 (4'5),
623 509 887 558 nonessc,
914 509 1021 545 non
1041 492 1158 546 fore
1187 491 1350 546 ullam
1381 487 1635 542 amicitiae
1655 487 1888 541 formam

309 587 806 658 perfectionemque
830 599 994 654 quam
1013 587 1161 637 inter
1185 598 1285 636 nos
1313 597 1420 635 non
1441 578 1893 650 expresserimus,

311 684 383 735 ita
411 689 470 734 ut
493 679 756 733 accedere
805 677 936 730 nihil
977 677 1170 747 possit.
1205 673 1320 730 Hoc
1345 684 1400 729 et
1434 673 1681 728 Joannes
1711 687 1886 726 evan-

313 773 502 842 gelista
544 773 770 833 videns,
821 769 896 822 uti
935 768 1190 838 optinor,
1248 763 1567 822 hominibus
1610 766 1886 835 praacepit,

315 866 477 918 talem
506 877 634 931 erga
659 860 826 916 Deum
847 860 1170 914 charitatem
1193 859 1503 924 ostendere,
1525 860 1742 930 qualem
1761 873 1888 928 erga

314 959 520 1010 amicos
552 956 690 1026 (44).
729 954 787 1009 Si
811 957 959 1008 enim
986 967 1086 1024 ego
1119 952 1582 1022 quemadmodum
1613 969 1643 1008 a
1677 961 1767 1007 tua
1798 967 1890 1007 vo-

313 1050 522 1104 luntate
581 1059 724 1102 totus
763 1046 995 1118 pendeo,
1025 1045 1316 1116 omniaque
1373 1061 1482 1116 prae
1519 1055 1612 1100 tuo
1655 1045 1806 1104 cultu
1837 1053 1892 1098 et

315 1140 661 1196 observantia
708 1119 1063 1208 parvipendo,
1110 1137 1190 1192 sic
1238 1152 1367 1208 erga
1406 1138 1576 1192 Deum
1625 1138 1889 1200 atlicerer,

314 1248 424 1303 quo
454 1247 562 1285 nou
605 1230 825 1283 virtutis
860 1227 1292 1298 processissem?
1329 1238 1422 1283 aut
1446 1227 1590 1298 quod
1622 1229 1888 1290 studium,

314 1314 878 1396 quain‘cupiditatem
937 1319 1004 1374 ad
1069 1319 1322 1375 mandata
1378 1323 1499 1393 ejus
1563 1320 1894 1376 hilarissime

312 1415 569 1473 obeunda
633 1431 740 1468 non
809 1413 1218 1469 adhibuissem?
1276 1413 1333 1468 Si
1393 1429 1558 1483 porro
1590 1423 1682 1478 tu,
1749 1414 1894 1468 sicut

314 1510 523 1572 dixisti,
549 1508 735 1562 omnia
791 1507 966 1561 amori
1019 1517 1212 1562 nostro
1243 1507 1546 1577 postponis,
1574 1515 1629 1562 et
1652 1505 1890 1562 vicissim

315 1605 369 1657 in
402 1617 591 1656 amore
643 1601 723 1655 tui
769 1597 905 1655 mihi
939 1609 1070 1654 sunt
1088 1601 1293 1664 omnia,
1322 1609 1384 1654 ιιι
1404 1615 1525 1670 quae
1560 1609 1617 1654 tu
1647 1601 1728 1655 vis
1746 1615 1809 1655 ea
1840 1608 1894 1654 et

314 1696 572 1763 cogitem,
630 1701 687 1746 et
733 1707 912 1762 agam,
970 1691 1067 1762 qui
1121 1691 1271 1759 potui
1303 1707 1424 1760 quae
1453 1692 1762 1747 molestiam
1800 1691 1892 1744 tibi

313 1784 557 1853 paritura
601 1780 908 1847 crederem,
947 1795 1014 1836 ea
1067 1779 1136 1834 de
1188 1779 1454 1834 industria
1497 1779 1716 1835 facere?
1771 1779 1890 1834 Jatu

313 1876 440 1944 quis
500 1883 676 1929 status
723 1873 1048 1944 Syrgianuis
1103 1871 1305 1937 fuerit,
1367 1871 1604 1928 edicam.
1646 1871 1894 1938 Quorum

315 1967 612 2022 criminum
644 1975 979 2043 compertus,
1010 1964 1081 2019 ab
1109 1979 1211 2020 avo
1241 1974 1336 2019 tuo
1359 1979 1581 2019 carcere
1607 1963 1897 2019 damnatus

315 2061 388 2114 sit
420 2060 558 2128 (45),
591 2069 648 2113 ιιι
687 2073 907 2129 quoque
937 2057 1106 2112 nosti.
1137 2057 1302 2128 Atqui
1328 2073 1431 2128 ego
1470 2057 1698 2114 subacto
1729 2075 1760 2113 a
1795 2074 1896 2113 no-

313 2151 400 2206 bis
461 2148 762 2220 Byzantio,
822 2149 1177 2204 vehementer
1246 2151 1447 2205 durum
1519 2160 1576 2206 et
1643 2166 1675 2206 a
1743 2155 1897 2206 co‘m-

319 2242 680 2297 miseratione
758 2241 998 2297 alienum
1043 2242 1273 2306 censui,
1326 2258 1438 2297 non
1492 2242 1644 2298 aditu
1702 2243 1896 2299 saltem

311 2345 369 2392 et
441 2335 808 2390 collocutione
875 2334 995 2404 ejus
1050 2342 1354 2389 aerumnam
1418 2335 1756 2406 aliquantum
1817 2335 1899 2391 al-

312 2431 538 2494 levare,
609 2438 666 2484 et
729 2428 1106 2484 consolatione
1183 2430 1364 2500 aliqua
1431 2429 1694 2492 miserum
1762 2431 1899 2486 deli-

314 2525 457 2588 nire,
484 2523 529 2578 si
571 2521 720 2575 aliud
767 2535 875 2574 non
927 2520 1159 2587 liceret;
1213 2531 1526 2591 sperantem
1571 2523 1646 2576 ita
1679 2537 1737 2576 se
1789 2537 1896 2577 non

312 2617 535 2686 penitus
614 2619 993 2680 contemptum
1083 2611 1151 2664 ab
1213 2611 1407 2667 amicis
1477 2623 1533 2666 et
1600 2615 1894 2682 ahjectum.

314 2703 477 2778 205
523 2706 658 2761 Cum
711 2703 986 2758 venissem
1039 2713 1225 2759 autem
1275 2704 1331 2758 in
1378 2719 1693 2771 carcerem,
1728 2707 1898 2762 vidis-

315 2813 543 2868 semque
586 2801 929 2866 quantopere
975 2807 1098 2848 cum
1139 2794 1258 2863 ipso
1299 2794 1421 2848 loco
1473 2810 1737 2864 perquam
1770 2787 1898 2849 hor-

316 2888 467 2953 rido,
515 2898 630 2941 tum
675 2884 916 2938 vinculis
956 2883 1100 2939 collo
1135 2883 1352 2956 injectis
1380 2881 1736 2954 aﬂligeretur,
1778 2887 1896 2956 ejus

314 2983 490 3035 vicem
543 2980 710 3032 etiam
756 2986 921 3046 atque
969 2975 1133 3030 etiam
1167 2975 1341 3040 dolui,
1377 2984 1433 3030 et
1465 2976 1714 3031 solatium
1747 2977 1819 3044 ei,
1849 2978 1894 3032 si

1997 493 2124 560 περὶ
2173 492 2233 544 τὸ
2285 491 2430 544 οὕτω
2471 491 2638 545 καλὸν
2686 491 2940 562 δεύτερός
2989 508 3137 557 τινος
3189 495 3508 567 φαινοίμην,
3537 499 3573 568 ἢ

1996 582 2282 653 ὰποπηδᾷν
2313 583 2422 635 τῶν
2458 584 2718 658 τοιούτων
2744 583 3050 655 λογισμῶν,
3093 587 3190 652 καὶ¹
3242 587 3341 658 τὴν
3394 587 3577 660 ψυχὴν

1997 674 2208 728 πείθειν
2263 677 2640 746 ἰσχυροτέραις
2670 676 2740 747 ἧ,
2770 677 2798 730 ὃ
2838 694 3028 746 φασιν,
3059 679 3330 748 ἀνάγκαις
3364 697 3574 752 γεωμε-

1995 767 2249 836 τρικαῖς,
2302 767 2378 830 ὡς
2430 767 2554 819 οὔτε
2603 767 2772 834 ἐστιν,
2802 767 2927 822 οὔτε
2980 769 3272 841 γεγένηταί
3331 790 3414 836 τις
3461 774 3576 827 ἰδέα

1997 856 2199 926 φιλίας,
2230 859 2298 929 ἢν
2326 859 2386 911 οὐ
2417 859 2554 929 πρὸς
2578 860 2842 930 ἀλλήλους
2869 862 3026 915 αὐτοὶ
3054 863 3450 933 ἐπεδειξάμεθα
3479 866 3573 920 καὶ

2000 946 2118 1018 μεθ’
2150 949 2458 1020 ὑπερϐολῆς
2478 966 2491 979 '
2528 953 2622 1004 καὶ
2653 951 2813 1006 τοῦτο
2842 953 3126 1007 συνιδόντα
3169 957 3260 1008 καὶ
3291 957 3382 1009 τὸν
3405 958 3576 1027 εὐαγ-

1995 1040 2250 1110 γελιστὴν
2287 1041 2544 1111 Ἰωάννην
2572 1042 2737 1096 ἐννοῶ
2789 1046 2902 1107 τοῖς
2928 1042 3568 1116 ἀνθρώποιςγπαραγγέλ-

1997 1131 2132 1196 λειν,
2166 1133 2266 1201 τὴν
2305 1133 2427 1202 ῖσην
2475 1133 2668 1205 ῶσπερ
2726 1135 2865 1206 πρὸς
2891 1135 3020 1200 τοὺς
3073 1135 3297 1206 φίλους,
3329 1137 3471 1191 οὕτω
3506 1138 3573 1207 δὴ

1997 1223 2096 1278 καὶ
2151 1225 2288 1296 πρὸς
2334 1226 2429 1278 τὸν
2464 1226 2598 1279 Θεὸν
2640 1227 3011 1283 ἐνδείκνυσθαι
3058 1229 3305 1299 ἀγάπην.
3355 1231 3416 1284 Εἰ
3461 1231 3572 1301 γὰρ

1999 1315 2185 1389 ὥσπερ
2215 1317 2373 1380 αὐτὸς
2401 1318 2715 1389 ἐξήρτημαι
2749 1319 2849 1389 τῆς
2876 1320 2976 1390 σῆς
3003 1319 3252 1391 γνώμης,
3273 1321 3370 1375 καὶ
3394 1323 3574 1376 πάντα

1997 1407 2229 1483 δεύτερα
2268 1410 2486 1482 ἥγημαι
2513 1413 2612 1483 τῆς
2638 1412 2940 1485 θεραπείας
2977 1415 3078 1484 τῆς
3131 1414 3252 1484 σῆς,
3280 1414 3426 1468 οὕτω
3465 1416 3573 1470 διε-

2001 1501 2201 1573 κείμην
2225 1501 2317 1556 καὶ
2341 1503 2478 1574 πρὸς
2497 1503 2590 1557 τὸν
2606 1503 2761 1572 Θεδν,
2791 1505 2895 1558 ποῦ
2921 1505 3022 1558 οὐκ
3051 1506 3120 1560 ἂν
3148 1506 3419 1576 προῆλθον
3447 1509 3578 1579 ἀρε-

1999 1594 2122 1663 τῆς,
2147 1595 2179 1665 ἢ
2217 1595 2382 1650 ποίαν
2411 1598 2513 1650 οὐκ
2542 1596 2607 1651 ἂν
2643 1598 2948 1668 είσήνεγκα
2985 1597 3222 1669 σπουδὴν
3250 1599 3344 1654 καὶ
3375 1603 3577 1668 προθυ-

1924 1730 1970 1788 B
2006 1686 2136 1788 μίαν
2165 1687 2307 1758 ὑπὲρ
2352 1690 2446 1788 τοῦ
2489 1688 2587 1752 τὰς
2617 1689 2842 1754 ἐντολὰς
2866 1689 3032 1744 αὐτοῦ
3059 1691 3155 1744 σὺν
3185 1692 3334 1764 πάσῃ
3367 1693 3573 1764 προθυ-

2003 1775 2101 1846 μίᾳ
2135 1776 2483 1850 ἐκπληροῦν;
2509 1778 2646 1832 Εἰδέ
2666 1780 2730 1834 σὺ
2761 1780 2881 1850 μὲν,
2905 1779 3096 1850 ὥσπερ
3115 1780 3364 1851 εἴρηκας,
3399 1781 3574 1838 πάντα

1997 1867 2227 1938 δεύτερα
2253 1868 2354 1938 τῆς
2384 1869 2521 1941 πρδς
2552 1869 2651 1940 ἐμὲ
2697 1872 2806 1943 ήγῇ
2852 1871 3058 1942 φιλίας,
3090 1874 3201 1943 ἐγώ
3238 1892 3298 1928 τε
3324 1873 3416 1928 τοῦ
3441 1891 3552 1928 παν

1997 1956 2089 2022 τὸς
2139 1959 2387 2029 τιμῶμαι
2438 1961 2507 2014 τὰ
2537 1963 2621 2014 σοὶ
2655 1962 2786 2031 φίλα
2816 1963 2911 2017 καὶ
2939 1961 3252 2033 λογίζεσθαι
3275 1967 3369 2020 καὶ
3397 1968 3575 2038 πράτο

1997 2067 2134 2114 τειν,
2171 2069 2286 2116 πως
2321 2061 2388 2104 αν
2429 2052 2543 2123 ἔχοι
2571 2053 2778 2125 χώραν,
2818 2054 2854 2110 ἃ
2887 2055 3142 2127 ἐνόμιζον
3188 2057 3367 2130 ἀνιᾷν,
3422 2057 3576 2112 ταῦτ’

1999 2144 2314 2214 ἐξεπίτηδες
2346 2143 2663 2213 λογίζεσθαι
2702 2148 2909 2215 ποιεῖν;
2951 2147 3010 2202 ὃν
3041 2148 3100 2201 δὲ
3137 2151 3340 2220 τρόπον
3361 2151 3484 2222 ἔσχε
3508 2151 3578 2205 τὰ

2000 2241 2132 2310 περὶ
2180 2241 2540 2313 Συργιάννην,
2572 2243 2734 2306 αὐτὸς
2788 2245 2921 2314 ἐρῶ.
2950 2246 3062 2308 Τὰς
3108 2245 3211 2316 μὲν
3254 2247 3435 2310 αίτίας
3487 2249 3575 2316 ἐφ’

1999 2329 2088 2394 αἶς
2118 2332 2284 2396 ἁλοὺς
2330 2334 2635 2408 κατεκρίθη
2667 2336 3050 2408 δεσμωτήριον
3086 2339 3257 2394 οίκεῖν
3288 2340 3393 2394 ὑπὸ
3423 2341 3580 2412 βασι-

1998 2421 2136 2486 λέως
2167 2423 2261 2476 τοῦ
2296 2426 2524 2480 πάππου
2549 2425 2646 2479 τοῦ
2679 2426 2796 2493 σοῦ,
2821 2423 2976 2482 οἶσθα
3014 2432 3110 2484 καὶ
3143 2432 3308 2496 αὐτός
3328 2450 3344 2466 ο
3365 2433 3474 2502 ἐγὼ
3491 2435 3577 2502 δὲ,

2003 2515 2144 2586 μετὰ
2191 2516 2251 2568 τὸ
2293 2516 2592 2582 Βυζάντιον
2621 2519 2770 2590 ἡμᾶς
2809 2521 3144 2591 ποιήσασθαι
3193 2523 3288 2593 ὑφ’
3337 2527 3576 2595 ἑαυτοῖς,

1999 2607 2325 2677 ἀσυμπαθὲς
2355 2607 2551 2679 ἔκρινα
2602 2611 2698 2664 καὶ
2745 2610 2937 2676 δεινῶς
2973 2614 3256 2685 ἄγνωμον,
3277 2617 3326 2670 εί
3355 2618 3431 2687 μή
3465 2635 3575 2672 τινι

1998 2699 2169 2772 ἄλλῳ,
2199 2703 2264 2773 τῇ
2296 2701 2434 2772 πρὸς
2479 2698 2642 2756 αὐτὸν
2675 2702 2807 2773 γοῦν
2837 2705 3110 2778 ἐπιδημίᾳ
3140 2707 3241 2778 τὴν
3284 2711 3574 2782 συμφορὰν

1998 2793 2079 2855 είς
2114 2794 2239 2846 ὅσον
2265 2788 2376 2847 οἷόν
2396 2810 2454 2847 τε
2475 2795 2854 2864 ἐπικουφίσαι,
2879 2797 2972 2850 καὶ
2997 2799 3357 2869 παραμυθίαν
3391 2821 3546 2874 παρα
3567 2834 3578 2842 —

2000 2887 2153 2956 σχεῖν
2191 2903 2335 2955 τινα,
2399 2888 2474 2958 μὴ
2527 2888 2816 2954 παντελῶς
2865 2890 3210 2964 ἁπεῤῥίφθαι
3271 2895 3572 2950 ἐλπίσαντα

2000 2981 2156 3050 παρά
2187 2980 2295 3034 τῶν
2327 2981 2519 3051 φίλων,
2549 2983 2845 3054 γενόμενος
2890 2984 2948 3038 δέ
2997 2987 3056 3039 ἐν
3099 2987 3179 3054 τῷ
3212 2987 3573 3062 δεσμωτηρίῳ

316 3073 463 3144 quod
510 3085 748 3142 possem,
809 3068 1095 3139 impertire
1139 3068 1351 3150 studui,
1387 3077 1547 3138 teque
1581 3068 1795 3136 adiens,
1827 3070 1893 3126 de

2000 3073 2136 3145 πρὸς
2170 3074 2357 3140 αὑτὸν,
2393 3075 2490 3128 καὶ
2519 3077 2619 3146 τήν
2643 3094 2702 3130 τε
2729 3076 2899 3148 ἄλλην
2940 3078 3188 3134 κάκωσιν
3218 3081 3316 3152 τήν
3345 3083 3451 3135 ἀπὸ
3471 3083 3568 3136 τοῦ

316 3167 554 3222 vinculis
613 3173 824 3219 tantum
870 3147 1235 3217 detrahendis
1283 3160 1474 3223 oravi,
1519 3161 1663 3231 quod
1720 3161 1774 3216 in
1808 3163 1894 3217 his

317 3259 475 3314 malis
517 3258 623 3313 hoc
677 3258 1050 3311 levamentum
1094 3251 1346 3307 suﬂicere
1397 3253 1729 3309 arbitrabar.
1789 3254 1894 3311 Ubi

316 3351 568 3408 crebrius
598 3349 665 3404 ad
694 3363 819 3402 eum
848 3344 1146 3410 ventitans,
1177 3337 1508 3399 familiarius
1537 3359 1696 3416 agere
1723 3345 1890 3416 coepi,

315 3445 408 3500 ille
456 3457 521 3496 ne
552 3440 651 3507 fsic
704 3437 930 3510 quidem
982 3434 1330 3489 liberationis
1379 3435 1714 3492 mentionem
1749 3438 1893 3506 apud

315 3529 415 3590 me
456 3532 678 3595 intulit,
723 3545 834 3583 non
881 3513 1198 3584 solum‘tua:
1227 3527 1293 3581 ad
1331 3527 1574 3583 inimicis
1610 3530 1896 3599 ignoscen-

316 3628 448 3682 dum
477 3625 717 3678 ineitatae
744 3619 1045 3675 voluntatis
1078 3619 1321 3683 nescius,
1347 3619 1442 3674 sed
1473 3621 1638 3674 etiam
1665 3621 1770 3675 sibi
1797 3638 1895 3676 ue-

314 3719 608 3775 fandorum
656 3714 960 3769 facinorum
1010 3713 1298 3780 conscius,
1349 3713 1420 3767 ob
1466 3730 1589 3784 quae
1637 3713 1892 3785 effectum

315 3807 724 3879 deprecationis
774 3802 1123 3871 desperabat.
1161 3803 1259 3856 Ast
1302 3817 1403 3872 ego
1433 3811 1500 3856 ex
1539 3803 1630 3857 illa
1662 3819 1894 3858 consue-

318 3900 510 3954 tudine
533 3896 707 3965 magis
730 3904 932 3949 sortem
949 3893 1188 3948 hominis
1205 3896 1520 3958 miseratus,
1545 3894 1598 3947 in
1617 3909 1892 3950 carcerem

317 3988 590 4042 mitiorem
626 3983 1094 4047 transferendum,
1127 3983 1350 4048 matris,
1385 3985 1596 4046 uxoris,
1634 3984 1896 4040 charissi-

316 4092 643 4146 morumque
683 4076 991 4133 liberorum
1026 4075 1341 4131 convictum
1373 4075 1890 4147 ei‘permittendum

316 4171 626 4227 existimavi
668 4187 680 4222 :
733 4177 906 4232 ratus,
961 4183 1064 4222 nos
1095 4169 1262 4223 etiam
1295 4170 1375 4224 sic
1415 4168 1486 4225 ab
1529 4169 1650 4244 ejus
1674 4171 1894 4228 insidiis

316 4271 467 4317 tutos
521 4260 655 4326 fore,
702 4259 994 4329 ipsumque
1026 4261 1253 4330 perinde
1285 4277 1348 4315 ac
1385 4262 1428 4316 si
1461 4263 1711 4318 custodia
1742 4265 1890 4318 omni

316 4354 456 4408 liber
484 4362 652 4418 esset,
678 4352 844 4406 vitam
886 4353 1154 4422 placidam
1187 4363 1243 4408 et
1265 4350 1563 4427 jucundam
1589 4357 1889 4412 victurum.

2000 3166 2400 3239 δεσμωτηρίου,
2421 3169 2516 3221 καὶ
2537 3168 2775 3237 μάλιστα
2797 3168 2896 3240 τὴν
2921 3171 3028 3223 ἀπὸ
3047 3171 3152 3224 τῶν
3177 3172 3374 3227 κλοιῶν
3396 3176 3575 3246 ἑωρα-

2003 3258 2132 3325 κὼς,
2162 3256 2352 3321 δεινῶς
2383 3275 2440 3311 τε
2475 3259 2691 3332 ἤλγησα
2712 3261 2852 3333 ὑπὲρ
2882 3263 3186 3328 αὐτοῦ,καὶ
3213 3266 3570 3337 παραμυθίαν

2000 3350 2121 3403 τινὰ
2149 3350 2197 3402 εί
2228 3345 2337 3403 οἷόν
2363 3367 2421 3402 τε
2445 3351 2590 3420 αὐτῷ
2622 3351 3023 3424 προύθυμήθην
3056 3355 3316 3426 ἐξευρεῖν.
3341 3359 3448 3411 Καί
3484 3375 3570 3413 σοι

2002 3440 2335 3512 προσελθὼν,
2365 3443 2493 3512 περὶ
2522 3441 2630 3496 τῶν
2653 3443 2849 3497 κλοιῶν
2876 3445 3106 3517 ἐδεόμην
3137 3447 3338 3517 μόνων,
3362 3449 3570 3518 ἀρκοῦ-

2003 3551 2101 3588 σαν
2127 3534 2260 3604 ήγού
2270 3551 2428 3605 μενος
2456 3529 2598 3589 εἶναι
2618 3536 2692 3599 ὡς
2720 3538 2776 3589 ἐν
2799 3537 2991 3602 δεινοῖς
3017 3540 3396 3612 παραμυθίαν.
3415 3544 3573 3598 Ἐπεὶ

1999 3627 2055 3680 δέ
2080 3627 2346 3700 ἐγενόμην
2395 3632 2452 3683 ἐν
2498 3629 2780 3701 συνηθείᾳ,
2813 3631 2906 3686 καὶ
2935 3634 3146 3703 συχνῶς
3174 3635 3405 3705 ἐφοίτων
3436 3637 3574 3708 πρὸς

2001 3711 2184 3786 αὐτὸν,
2216 3719 2420 3784 ἐκεῖνος
2457 3720 2558 3792 μὲν
2579 3721 2686 3774 οὐδ’
2721 3719 2864 3776 οὕτω
2886 3725 3023 3794 πρὸς
3063 3726 3162 3796 ἐμὲ
3185 3717 3431 3800 ἐμνήσθη
3461 3730 3574 3783 τῶν

2002 3814 2188 3865 κακῶν
2238 3813 2588 3884 ἀπαλλαγῆς,
2614 3813 2674 3866 οὐ
2715 3814 2875 3883 μόνον
2915 3817 3015 3887 τὴν
3047 3817 3146 3889 σήν
3182 3820 3310 3890 περὶ
3343 3821 3405 3874 τδ
3435 3837 3573 3888 συγ·

2001 3903 2289 3970 γινώσκειν
2374 3906 2485 3966 τοῖς
2567 3906 3040 3976 προσκεκρουκόσι
3103 3909 3416 3980 φιλοτιμίαν
3469 3913 3572 3966 οὐκ

2001 3995 2178 4058 εἰδὼς,
2213 3992 2349 4048 ἀλλὰ
2389 3997 2485 4048 καὶ
2521 3997 2699 4065 ἐαυτῷ
2727 3997 2794 4050 τὰ
2841 3997 3127 4052 δεινότατα
3157 4001 3436 4069 συνειδὼς,
3473 4005 3570 4058 καὶ

1999 4085 2089 4138 διὰ
2113 4085 2272 4139 τοῦτο
2301 4086 2399 4155 τὴν
2438 4087 2776 4158 παραίτησιν
2800 4086 3190 4158 ἀπαγορεύων.
3233 4090 3375 4159 Ἐγὼ
3403 4091 3448 4146 δ’
3488 4092 3571 4146 ἔτι

2004 4175 2206 4248 μᾶλλον
2255 4179 2320 4230 ἐκ
2386 4178 2486 4247 τῆς
2559 4177 2852 4247 συνηθείας
2884 4181 3384 4258 ’ἐπικαμπτόμενος
3433 4187 3571 4255 πρὸς

1999 4270 2098 4340 τήν
2132 4268 2298 4321 αὐτοῦ
2343 4268 2753 4338 κακοπραγίαν,
2784 4268 2974 4340 ᾠήθην
3033 4269 3146 4324 δεῖν
3205 4271 3314 4325 ἀπό
3367 4290 3428 4326 τε
3471 4274 3566 4328 τοῦ

2000 4360 2372 4430 δεσμωτηρίου
2421 4361 2502 4423 είς
2534 4361 2723 4431 ἕτερον
2763 4360 3178 4432 ἐπιεικέστερον
3210 4367 3571 4432 μεταγαγεῖν,

319 4447 435 4500 lloc
473 4447 639 4515 igitur
684 4445 761 4499 illi
818 4446 1076 4514 precibus
1121 4445 1264 4515 apud
1313 4455 1364 4500 te
1414 4447 1550 4501 meis
1581 4447 1890 4517 impetravi.

2001 4453 2094 4503 καὶ
2122 4451 2222 4520 τὴν
2251 4454 2348 4520 τῆς
2389 4452 2595 4521 μητρὸς
2625 4452 2721 4505 καὶ
2748 4451 3008 4521 γυναικὸς
3039 4453 3134 4506 καὶ
3159 4454 3272 4508 τῶν
3297 4455 3573 4522 φιλτάτων

318 4540 421 4592 Hic
472 4549 646 4592 mater
689 4539 809 4608 ejus
837 4536 1142 4606 eademque
1171 4537 1503 4592 consobrina
1536 4554 1654 4593 mea
1692 4539 1896 4594 factum

316 4631 534 4695 videns,
578 4629 724 4699 quod
773 4645 1054 4699 nunquam
1085 4631 1438 4698 speravisset,
1469 4629 1632 4699 idque
1659 4647 1758 4701 per
1789 4648 1896 4698 me,

320 4719 672 4773 sollicitatum
706 4735 734 4772 a
767 4719 1009 4784 nomine,
1045 4734 1238 4789 magna
1272 4733 1370 4789 Spe
1403 4721 1455 4774 in
1483 4715 1735 4777 futurum
1760 4740 1900 4794 quo-

2004 4542 2384 4614 συνδιαγωγήν
2414 4543 2564 4614 αὐτῷ
2597 4545 2832 4611 ἐφεῖναι,
2867 4544 3104 4616 νομίζων
3132 4544 3305 4608 οὕτως
3340 4546 3406 4600 ἂν
3443 4549 3574 4617 ἡμῖν

1999 4649 2058 4694 τε
2110 4628 2252 4689 εἶναι
2288 4635 2594 4705 ἀσφάλειαν
2625 4636 2718 4690 τοῦ
2751 4638 2826 4707 μή
2859 4655 2909 4691 τι
2939 4637 3396 4693 ἐπιϐουλεύεσθαι
3435 4640 3571 4710 παρ’

2001 4725 2190 4791 αὐτοῦ,
2227 4730 2322 4780 καὶ
2373 4728 2540 4781 αὐτὸν
2595 4728 2752 4782 οὐδὲν
2779 4725 2943 4800 ἧττον
2981 4731 3014 4800 ἢ
3047 4733 3096 4784 εί
3130 4729 3448 4789 παντάπασι
3479 4735 3572 4792 τοῦ

1483 4835 1486 4839 ί
1555 4850 1771 4913 Jacobi
1808 4854 2072 4915 Pontani
2117 4863 2302 4915 notae.

394 4947 506 5012 (45)
547 4947 827 5001 Vocantur
865 4947 1103 5012 ἀνάγκαι
1141 4945 1346 5001 Graecis
1384 4948 1736 5016 probationes
1766 4952 1891 5016 illae,

321 5032 443 5086 quae
492 5019 806 5069 necessario
859 5016 1225 5086 concludunt,
1267 5033 1404 5085 quas
1454 5028 1645 5073 contra
1708 5023 1896 5078 afferri

327 5085 462 5139 nihil
523 5095 722 5154 potest,
759 5101 880 5152 quae
952 5085 1296 5140 intellectum
1344 5088 1702 5146 convincunt.
1747 5093 1893 5148 Ana-

321 5170 486 5209 creon
530 5156 698 5229 dixit._
727 5157 847 5229 τῶνζ
871 5155 1116 5229 ρητόρων
1148 5157 1436 5229 ἀνάγκαις,
1457 5160 1557 5229 ι]ὺί
1599 5169 1740 5229 puto
1767 5163 1892 5217 rhe.

322 5235 502 5278 torum
555 5224 775 5277 nomine
817 5224 1137 5296 dialecticos
1184 5224 1724 5296 accipiendos,’seu
1769 5248 1891 5288 esse

322 5309 613 5365 commune
645 5307 842 5346 nomen
902 5293 986 5365 ad
1014 5293 1265 5349 rhetores
1306 5293 1568 5365 ’proprie'
1605 5301 1784 5356 dictos
1836 5312 1893 5356 et

323 5363 687 5426 dialecticos;
743 5363 1047 5429 praesertim
1110 5379 1236 5417 cum
1292 5363 1577 5422 dialectica
1636 5369 1890 5426 Ciceroni

331 5432 548 5508 dicatur
589 5431 812 5508 astricta
846 5439 899 5508 et
923 5439 1203 5508 contracta
1257 5437 1505 5508 quaedam
1554 5439 1891 5508 eloquentia,

285 5527 288 5530 ~
324 5510 385 5554 ut
416 5501 661 5554 vicissim
695 5500 1025 5555 rhetoricam
1057 5500 1317 5558 latiorem.
1338 5515 1394 5560 et
1433 5505 1606 5562 fusam
1640 5500 1896 5566 dialecti-

323 5584 442 5621 cam
473 5569 750 5637 appellare
781 5568 960 5624 liceat.
1009 5571 1151 5626 Sunt
1179 5576 1328 5628 enim
1389 5580 1564 5633 ambae
1604 5580 1660 5634 in
1718 5582 1895 5635 disse-

325 5637 498 5690 rendo
537 5641 743 5705 positre.

397 5707 508 5771 (fit)
547 5705 705 5759 Forte
726 5707 874 5761 illum
899 5707 1078 5764 locum
1106 5709 1328 5768 Joannis
1351 5714 1763 5786 intelligit,cap.
1788 5733 1852 5770 xv
1879 5738 1892 5773 :

2004 4955 2060 5008 Μ
2067 4957 2269 5025 ajorem
2300 4958 2399 5009 hac
2429 4955 2767 5034 dilectionem
2792 4974 2944 5034 nemo
2975 4961 3153 5034 (labet,
3184 4981 3343 5034 quam
3375 4975 3432 5018 ut
3455 4970 3574 5021 ani-

2003 5043 2146 5081 mum
2167 5041 2320 5080 suam
2347 5037 2509 5098 ponet
2545 5030 2665 5098 quis
2710 5044 2805 5098 pro
2835 5031 3018 5084 amicis
3067 5030 3206 5087 suis.
3232 5035 3456 5090 Certum
3484 5047 3574 5093 est

2003 5099 2268 5176 majorem
2313 5097 2639 5152 charitatem
2670 5097 2740 5152 ab
2771 5099 3088 5156 hominibus
3125 5104 3297 5159 Deum
3334 5122 3442 5160 non
3474 5123 3570 5163 re-

2041 5181 2243 5220 utrere.

2000 5181 2428 5312 ῗυξὶξςθίηάἱοαι
2475 5235 2592 5312 haec
2645 5239 2878 5293 crimina
2927 5239 3220 5312 Gregoras,
3279 5243 3375 5298 lib.
3427 5261 3567 5300 VIII:

2000 5304 2324 5376 Syrgionnes
2359 5323 2478 5360 vero
2511 5309 2887 5377 imperatorum
2933 5304 3214 5366 conEordia
3248 5316 3463 5369 minime
3483 5316 3576 5370 la:-

1993 5385 2115 5438 tus,
2169 5377 2346 5428 animo
2411 5391 2551 5447 wger
2615 5386 2662 5432 et
2747 5379 2886 5432 tristi
2943 5381 3091 5434 vultu
3159 5383 3570 5445 obambulabat.

1993 5447 2226 5524 maxime
2254 5447 2390 5515 quod
2436 5447 2744 5524 trunquiltis
2786 5449 2958 5514 rebus,
3003 5451 3180 5504 nullus
3219 5455 3334 5524 ejus
3364 5471 3490 5511 ηεαδ
3513 5459 3569 5509 in

1994 5514 2272 5592 republica
2305 5532 2415 5592 esse
2469 5514 2768 5592 videbatur,
2803 5528 2861 5573 et
2908 5536 3030 5592 qua:
3070 5514 3399 5592 sequuntur.
3435 5527 3568 5581 Vide

1993 5587 2162 5665 etiam
2211 5585 2405 5656 pagina
2451 5589 2812 5665 antecedente
2844 5607 2858 5641 :
2891 5585 3164 5665 thcruui
3199 5610 3420 5665 magnus
3467 5598 3573 5649 dua:

1993 5650 2321 5776 ῗῃτςξαῖἱηῖδ
2391 5656 2545 5710 rebus
2609 5674 2712 5711 non
2775 5675 2838 5713 ea:
2906 5663 3172 5715 sententia
3249 5650 3574 5719 succedenti-

2034 5739 2116 5776 ιιι.
2149 5738 2253 5776 ec.

2034 5739 2116 5787 us,
2149 5738 2253 5777 etc.
