4016 6424
313 488 418 552 435

313 605 472 671 αὐτῇ,
544 602 638 656 καὶ
683 604 767 656 διὰ
813 593 970 656 τοίτο
1004 603 1170 674 μηδὲν
1225 607 1344 672 περὶ

1477 489 1604 549 1οΛ
1620 487 1802 547 NNIS
1847 489 2377 552 CANTACUZENI

1385 604 1574 656 τούτου
1633 604 1898 673 πρότερον
1935 605 2072 674 αὐτῇ
2134 604 2502 676 διαλεχθῆναι.
2537 608 2728 676 Ὅμως
2769 608 2894 664 ἐπεὶ
2936 607 3134 675 ἔδοξεν,
3204 610 3472 666 ἀπελύετό
3505 630 3568 666 τε

3464 496 3570 560 436

311 703 418 754 τῶν
449 700 662 770 δεσμῶν
694 703 719 753 ὁ
752 702 1110 770 Σ·)ργιάννή·,
1147 702 1240 753 καὶ
1294 701 1581 768 ερμενεὶας
1632 699 1870 753 ἀπέλαυε
1904 700 2000 752 καὶ
2027 701 2276 761 εὐποιῖας
2304 701 2400 772 τῆς
2425 704 2572 771 παρᾶ
2603 702 2890 770 βασιλέως.

1773 811 2001 866 C.\PUT
2043 814 2104 867 V.

313 900 566 955 Germani
608 904 732 972 jure
779 907 991 978 hospitii
1039 907 1101 958 ab
1152 908 1483 978 imperatore
1511 905 1730 973 pecunia
1779 905 2027 978 adjuvari
2078 914 2282 971 petunt.
2341 905 2569 978 Magnus
2617 908 2930 962 domesticus
2983 908 3260 978 respondet
3317 908 3567 962 a'rarium

382 975 693 1025 exhaustum
726 992 852 1034 esse.
894 976 1110 1027 mil/tem
1144 975 1249 1027 illis
1287 976 1730 1043 suppeditaturos.
1764 974 2016 1027 Germani
2046 985 2324 1039 recusant;
2355 974 2629 1030 abundare
2673 995 2728 1032 se
2760 979 3032 1032 militibus.
3069 974 3416 1033 Dimittuntur
3451 994 3571 1030 cum

379 1044 593 1097 honore.
630 1044 926 1112 Exponitnr
958 1046 1226 1098 calliditas
1255 1049 1543 1098 domestici.
1576 1043 1706 1114 Item
1733 1043 1990 1112 quomodo
2023 1046 2348 1111 approbante
2375 1050 2694 1113 imperatore
2730 1059 2935 1114 partem
2967 1057 3264 1101 onerum’et
3308 1063 3564 1100 curarum

376 1130 594 1164 suarum
625 1115 678 1164 in
713 1111 955 1186 humeros
991 1118 1284 1186 Apocaucln'
1313 1116 1567 1186 rcjecerit.
1595 1111 1986 1186 Caustequare
2014 1111 2575 1186 imperatorgyzicum
2607 1111 2870 1186 profectus
2913 1121 3000 1172 sit.
3046 1117 3180 1172 Cum
3211 1117 3572 1171 Zamerchane

378 1193 624 1251 satrapa,
658 1186 748 1252 qui
776 1183 1075 1238 Orientales
1098 1183 1457 1238 Romanorum
1483 1185 1630 1236 urbes
1658 1183 1899 1248 vexabat,
1921 1197 2100 1251 pacem
2126 1184 2275 1252 facit.
2309 1185 2504 1240 Marsus
2523 1183 2642 1240 cunt
2667 1183 2986 1259 imperatore
3014 1204 3239 1258 perenne
3266 1188 3431 1257 [trdus
3455 1188 3569 1240 icit.

379 1297 493 1350 Sub
546 1297 689 1351 idem
725 1310 938 1369 tempus
969 1317 1034 1355 ex
1067 1303 1348 1356 Alemania
1383 1303 1447 1356 ad
1477 1303 1750 1357 seniorem
1778 1301 1879 1353 im-
1903 1301 1955 1359 Α

309 1399 612 1456 peratorem
642 1391 802 1460 legati
837 1395 1085 1453 veniunt,
1119 1396 1405 1462 pecuniam
1437 1403 1709 1465 petentes,
1732 1393 1880 1463 quod

307 1496 367 1531 es
394 1481 563 1534 veteri
599 1483 864 1537 societate
916 1493 972 1537 et
1005 1487 1263 1548 amicitia,
1297 1504 1418 1555 qua:
1451 1487 1584 1556 ipsis
1611 1503 1733 1541 cum
1768 1487 1881 1540 Ro-

309 1573 482 1626 manis
519 1573 901 1633 intercederet.
949 1590 1382 1632 consentaneum
1411 1579 1713 1641 videretur,
1745 1579 1882 1632 alte-

308 1677 398 1716 ros
456 1663 524 1716 ab
567 1663 780 1729 alteris,
832 1666 876 1719 si
918 1683 1029 1736 quo
1068 1677 1316 1736 egerent,
1349 1669 1617 1739 adjuvari.
1653 1668 1882 1723 Germa-

306 1752 391 1806 nis
436 1753 548 1825 (£9)
588 1755 735 1808 enim
789 1758 1053 1812 omnibus
1075 1775 1199 1812 cum
1241 1759 1502 1813 Romanis
1535 1760 1883 1829 imperatori-

307 1845 410 1900 bus
455 1846 754 1916 hospitium
803 1865 925 1904 esse
970 1866 983 1900 :
1030 1852 1122 1920 qui
1157 1851 1415 1906 Germani
1449 1853 1697 1908 studiose
1724 1869 1883 1908 cura-

306 1944 450 1995 rent,
483 1952 826 2008 qua-cunque
858 1941 1119 1996 Romanis
1153 1943 1589 1997 emolumentum
1617 1959 1680 1998 ac
1711 1944 1882 1998 decus

305 2027 587 2083 aiferrent.
637 2031 791 2084 Nunc
827 2033 1072 2099 pecunia:
1103 2045 1348 2102 egentes.
1381 2036 1449 2088 ad
1490 2035 1894 2104 imperatorem-

304 2121 620 2186 eompulsos
661 2122 956 2193 confugere
982 2141 996 2188 ;
1046 2141 1159 2179 sua:
1186 2127 1382 2194 inopia}
1409 2127 1477 2180 ab
1506 2128 1624 2196 ipso
1656 2128 1880 2181 consul-

307 2221 420 2263 tum
473 2213 536 2266 iri
581 2215 942 2270 conﬁdentes.
983 2216 1087 2271 Sed
1128 2234 1252 2272 cum
1297 2220 1667 2273 Andronicum
1700 2221 1882 2274 senio-

307 2319 420 2356 rem
446 2304 676 2372 imperio
712 2317 920 2361 tnotum
953 2311 1284 2378 reperirent,
1317 2310 1384 2365 ad
1415 2312 1691 2379 iuniorem
1725 2311 1881 2366 adie-

304 2405 456 2450 runt.
508 2397 557 2451 Is
605 2413 768 2452 causa
815 2400 1088 2454 adventus
1135 2418 1325 2456 eorum
1365 2411 1640 2473 percepta,
1685 2417 1920 2473 magno.

305 2489 610 2543 domestico
649 2507 770 2559 qua:
815 2494 1339 2546 convenientissima
1380 2502 1617 2562 putaret,
1655 2509 1880 2562 respon-

304 2580 468 2634 dendi
507 2591 691 2650 partes
731 2583 904 2636 dedit.
953 2584 1047 2637 Ille
1079 2585 1288 2638 vocatis
1317 2585 1382 2636 ad
1425 2601 1482 2639 se
1519 2585 1736 2655 legatis,
1775 2586 1878 2638 sibi

305 2683 361 2725 ct
409 2673 722 2739 imperatori
771 2675 1132 2742 quamobrem
1190 2677 1486 2738 adessent,
1543 2675 1880 2730 intellectum

305 2774 427 2811 esse
447 2799 460 2819 ,
488 2770 542 2813 et
571 2770 837 2814 vetustam
868 2779 1059 2816 eorum
1091 2781 1212 2818 eum
1252 2763 1512 2818 Romanis
1563 2766 1882 2820 societatem

307 2847 718 2918 amicitiamque
742 2852 882 2904 haud
914 2869 971 2905 se
1001 2853 1250 2921 ignorare
1275 2855 1412 2907 dix':t
1443 2855 1636 2924 ;207
1663 2864 1717 2909 et
1740 2866 1887 2909 utro-

309 2955 546 3010 rumque
605 2942 896 3011 imperium
949 2945 1358 3013 quodammodo
1401 2962 1568 3001 unum
1611 2947 1886 3016 principa-

311 3043 423 3086 tum
472 3035 576 3088 sibi
606 3037 775 3090 videri
806 3054 818 3102 ;
851 3039 1059 3108 justum
1092 3040 1221 3092 item
1259 3050 1316 3094 et
1377 3055 1501 3093 cum
1536 3039 1715 3095 olIicio
1750 3056 1884 3096 con-

302 3125 554 3194 junctum
609 3144 767 3194 esse,
818 3133 1007 3184 ambos
1060 3131 1293 3186 invicem
1344 3133 1610 3187 utilitates
1661 3132 1882 3188 afferre.

307 3220 462 3284 Quod
510 3222 575 3274 ad
632 3225 918 3300 pecuniam
971 3226 1252 3290 attineret,
1306 3227 1350 3303 si
1406 3229 1684 3282 venissent
1732 3238 1885 3283 ante-

308 3329 472 3380 quam
524 3315 726 3370 bellum
780 3317 924 3370 inter
976 3319 1333 3387 imperatores
1369 3330 1675 3388 gereretur,
1713 3337 1886 3389 quan-

311 3415 424 3459 tum
479 3422 577 3476 pro
617 3409 947 3464 necessitate
971 3412 1294 3470 voluissent,
1333 3422 1659 3480 accepturos
1691 3414 1882 3469 fuisse.

308 3499 463 3554 Nunc
512 3501 654 3555 idem
695 3502 900 3556 bellum
931 3505 1252 3559 exhausisse
1283 3507 1559 3560 zerarium.
1600 3505 1888 3561 Verumta-

309 3605 434 3642 men
458 3593 561 3644 alia
587 3593 671 3645 via
697 3608 853 3662 posse
873 3594 1000 3648 huic
1019 3595 1262 3665 ipsorum
1285 3599 1886 3666 sutnptuarimdiﬂicul-

310 3681 407 3733 tuli
460 3696 800 3748 occurrere;
837 3686 1140 3738 exercitum
1180 3688 1325 3740 enim
1380 3705 1632 3759 magnum
1675 3706 1738 3743 ac
1769 3689 1884 3742 [οι--

310 3782 418 3826 tem
473 3785 662 3828 contra
700 3775 890 3830 hostes
925 3776 1132 3832 militiae
1158 3779 1367 3833 socium
1410 3781 1739 3850 praebituros
1793 3781 1886 3834 Sic

308 3881 548 3935 nutuque
588 3883 646 3921 se
689 3867 1023 3932 existimare,
1077 3862 1180 3922 non
1215 3871 1376 3936 alius,
1409 3887 1572 3939 quam
1605 3873 1884 3929 exercitus

1919 2636 1958 2693 Β

2072 1301 2213 1356 ’Υπὺ
2255 1304 2310 1357 δὲ
2359 1306 2486 1367 τοὺς
2513 1305 2712 1368 αὐτοὺς
2743 1306 2972 1376 χρόνους
3005 1306 3100 1358 καὶ
3143 1306 3202 1371 ἐξ
3244 1303 3571 1372 ’Δλαμανῶν

1991 1397 2221 1464 ἀφίκετο
2253 1398 2391 1466 πρὸς
2443 1398 2673 1467 βασιλέα
2721 1398 2814 1450 τὸν
2847 1398 3227 1470 πρεσϐύτερον
3275 1396 3566 1466 πρεσϐεία,

1983 1489 2243 1558 χρήματα
2269 1487 2573 1553 αἰτοῦντες,
2597 1488 2870 1556 λέγοντες,
2904 1489 3045 1541 κατά
3077 1486 3319 1540 παλαιὰν
3345 1502 3570 1554 συμμαο

1984 1579 2106 1648 χίαν
2142 1580 2234 1632 καὶ
2277 1579 2460 1648 φιλίαν
2487 1582 2589 1650 τῆς
2621 1581 2894 1652 σφετέρας
2921 1598 2980 1632 τε
3015 1580 3107 1632 καὶ
3135 1580 3232 1648 τῆς
3270 1575 3570 1644 Ῥωμαίων

1983 1671 2278 1741 ἡγεμονίας
2333 1674 2461 1726 ὅταν
2516 1690 2616 1726 του
2669 1675 2883 1725 δέονται
2916 1673 3220 1740 προσήκειν
3279 1671 3570 1739 ἑκατέροις

1983 1763 2310 1832 κομίζεσθαι
2361 1764 2494 1836 παρ’
2551 1765 2818 1836 ἀλλήλων.
2862 1765 3198 1836 Γεμπλίνοις
3257 1763 3368 1832 γὰρ
3431 1765 3570 1813 πᾶσι

1984 1853 2168 1920 φιλίαν
2221 1849 2365 1907 εἶναι
2427 1855 2566 1926 πρὸς
2618 1857 2747 1920 τοὺς
2809 1857 3099 1926 Ῥωμαίων
3153 1854 3429 1924 βασιλέας,
3472 1854 3571 1906 καὶ

1984 1943 2394 2007 σπουδάζεσθαι
2425 1945 2612 2008 αὐτοῖς
2647 1947 2748 1998 ὅσα
2795 1946 3070 2014 ὠφέλειάν
3125 1961 3185 1997 τε
3239 1943 3335 1996 καὶ
3397 1942 3570 2012 τιμὴν

1997 2036 2287 2104 Ῥωμαίοις
2322 2041 2636 2108 περιποιεῖ·
2669 2041 2786 2092 νυνὶ
2825 2039 2882 2092 δὲ
2917 2039 3220 2108 χρημάτων
3254 2037 3567 2104 δεομένους,

1985 2129 2301 2196 ἀναγκαίως
2343 2131 2481 2192 πρὸς
2517 2130 2746 2199 βασιλέα
2774 2132 2950 2201 ἥκειν,
2984 2129 3326 2201 θαρροῦντας
3353 2129 3428 2192 ὡς
3469 2129 3574 2196 λή-

1981 2219 2174 2288 ψονται
2217 2221 2339 2272 ὅτου
2372 2220 2438 2273 ἂν
2483 2221 2738 2274 δέωνται.
2785 2223 2939 2273 Ἐπεὶ
2964 2221 3022 2273 δὲ
3066 2222 3412 2292 Ἀνδρόνικον
3472 2219 3568 2272 τὸν

1984 2312 2358 2385 πρεσϐύτερον
2391 2314 2622 2382 βασιλέα
2657 2308 2819 2384 εὗρον
2851 2315 2949 2384 τῆς
2995 2313 3172 2383 ἀρχῆς
3223 2311 3568 2379 ἐκϐεϐλημέ-

1985 2420 2094 2465 νον⁹
2131 2403 2267 2471 προς
2307 2401 2400 2455 τὸν
2431 2403 2552 2456 νέον
2577 2403 2863 2456 ἐποιοῦντο
2899 2405 3000 2472 τὴν
3037 2402 3362 2470 πρεσϐείαν.
3402 2403 3568 2452 Βασι-

1985 2491 2114 2554 λεὺς
2152 2491 2197 2544 δ’
2230 2492 2354 2544 ἐπεὶ
2390 2493 2627 2546 ἐπύθετο
2671 2495 2800 2562 περί
2830 2488 2903 2547 ὧν
2929 2494 3136 2563 ἥκοιεν,
3182 2493 3455 2558 ἐπέτρεπε
3487 2490 3568 2559 τῷ

1992 2583 2214 2654 μεγάλῳ
2239 2585 2569 2654 δομεστίκῳ,
2600 2585 2737 2654 πρὸς
2765 2585 2968 2646 αὐτοὺς
3001 2583 3336 2655 ποιήσασθαι
3366 2582 3569 2636 ἀπολο-

1987 2668 2176 2747 γίανῇ
2225 2674 2292 2727 ἂν
2323 2674 2494 2741 δόξειε
2548 2675 2786 2745 μάλιστα
2833 2677 2893 2729 τὸ
2924 2674 3147 2743 εὔλογον
3201 2673 3367 2744 ἔχειν.
3412 2673 3472 2726 ὐ
3509 2672 3567 2725 δὲ

1991 2765 2508 2835 μετακαλεσάμενος
2538 2767 2661 2829 τοὺι⁵
2686 2765 2966 2836 πρέσϐεις,
2990 2764 3217 2834 βασιλέα
3245 2781 3303 2816 τε
3328 2762 3568 2828 ἔφασκεν

1987 2859 2288 2927 ἀκηκοέναι
2317 2877 2382 2911 πε
2395 2859 2448 2928 pi.
2474 2851 2547 2912 ὧν
2568 2860 2765 2928 ἥκουσι
2797 2857 3196 2928 πρεσϐεύοντες
3238 2859 3334 2910 καὶ
3365 2859 3564 2909 αὐτόν’

1989 2954 2085 3004 καὶ
2124 2952 2222 3020 τήν
2257 2950 2356 3020 μὲν
2388 2951 2624 3004 παλαιὰν
2658 2951 2980 3020 συμμαχίαν
3027 2951 3120 3002 καὶ
3165 2950 3348 3018 φιλίαν
3387 2947 3568 3002 αὐτῶν

1991 3042 2132 3114 πρὸς
2159 3045 2283 3106 τοὺς
2327 3043 2621 3112 Ῥωμαίων
2653 3042 2910 3112 βασιλέας
2950 3044 3044 3096 καὶ
3105 3042 3270 3096 αὑτὸν
3321 3043 3522 3094 εἰδέναι
3548 3055 3564 3071 ⁶

1987 3139 2081 3191 καὶ
2132 3137 2374 3208 ὡσπερεὶ
2423 3136 2553 3208 μίαν
2586 3139 2881 3206 ἡγεμονίαν
2914 3136 3232 3208 ἀμφοτέρας
3285 3136 3381 3198 τὰς
3413 3135 3566 3204 βασι-

1987 3228 2137 3290 λείας
2196 3229 2477 3296 νομίζεινο
2538 3229 2635 3280 καὶ
2684 3227 2894 3280 δίκαιον
2957 3225 3076 3296 ἅμα
3137 3226 3231 3278 καὶ
3284 3223 3568 3293 προσῆκον

1988 3321 2260 3390 ἡγεῖσθαι,
2284 3322 2406 3374 ὅτου
2438 3320 2503 3375 ἂν
2525 3320 2747 3373 δέωνται
2774 3320 3046 3388 ἑκάτεροι,
3074 3317 3408 3387 ὠφελεῖσθαι
3434 3315 3566 3386 παρ’

1989 3413 2256 3482 ἀλλήλων.
2302 3413 2580 3481 Χρήματα
2611 3412 2666 3463 δὲ
2720 3410 2755 3464 δι
2792 3410 3007 3463 αἰτοῦσι
3034 3409 3148 3476 νῦν,
3201 3411 3248 3462 εί
3291 3410 3420 3480 πρὶν
3469 3409 3568 3460 τὸν

1990 3507 2124 3575 πρδς
2149 3505 2411 3572 ἀλλήλους
2437 3503 2548 3556 τῶν
2587 3505 2878 3572 Ῥωμαίων
2897 3503 3164 3574 βασιλέων
3189 3503 3425 3573 πόλεμον
3473 3521 3568 3556 κε-

1989 3597 2245 3667 κινῆσθαι
2276 3592 2432 3668 ἧκον,
2463 3597 2792 3667 ἐκομίσαντο
2825 3591 2945 3669 ἀνῇ
2977 3595 3261 3649 ἐϐούλοντο
3293 3595 3568 3664 ἀρκοῦντα

1991 3691 2126 3761 πρὸς
2149 3691 2248 3760 τὴν
2278 3691 2494 3761 χρείαν.
2527 3689 2665 3742 Νυνὶ
2689 3689 2746 3742 δὲ
2776 3689 3164 3742 ἀναλωθέντων
3193 3689 3272 3750 είς
3305 3687 3396 3740 τὸν
3427 3687 3565 3755 πρὸς

1989 3782 2252 3852 ἀλλήλους
2296 3781 2555 3850 πόλεμον,
2589 3797 2695 3849 χρη
2709 3779 2893 3847 μάτων
2929 3780 3028 3849 μὲν
3062 3779 3123 3832 τὸ
3159 3778 3255 3831 νῦν
3301 3775 3440 3831 εἶναι
3465 3779 3567 3830 οὐκ

1989 3875 2242 3942 εὐπορεῖν
2262 3887 2275 3902 ⁶
2318 3870 2508 3941 ἕτερον
2538 3871 2593 3923 δὲ
2618 3871 2820 3941 τρόπον
2849 3870 3116 3924 δύνασθαι
3149 3869 3409 3924 ἰάσασθαι
3465 3867 3566 3939 τήν

309 3973 472 4011 causa
536 3957 684 4026 ipsos
741 3975 990 4028 quaerere
1042 3963 1354 4029 pecuniam.
1419 3963 1575 4017 Hunc
1635 3980 1767 4029 ergo
1836 3963 1881 4017 si

1991 3965 2226 4036 ἀπορίαν
2254 3965 2364 4016 τῶν
2393 3963 2711 4033 χρημάτων.
2733 3962 2968 4032 Σρατιάν
3011 3963 3118 4032 γάρ
3148 3961 3213 4015 ἂν
3261 3962 3567 4032 παρασχεῖν

306 4050 706 4120 adipiscantur,
745 4053 891 4122 quod
927 4061 1034 4108 tam
1068 4054 1316 4124 diligenti
1349 4071 1518 4123 opera
1553 4067 1884 4110 conarentur

307 4144 578 4210 invenire,
627 4147 738 4215 jam
789 4147 1072 4202 inventum
1107 4148 1334 4203 habere.
1369 4147 1570 4204 Contra
1604 4150 1789 4217 legati,
1825 4165 1883 4203 se

307 4239 575 4305 pecuniae,
609 4253 717 4292 non
775 4240 1050 4294 exercitus
1100 4256 1266 4296 causa
1317 4242 1546 4308 missos;
1603 4242 1882 4309 regionem

308 4330 551 4395 ipsorum
601 4333 802 4388 multos
837 4333 984 4388 alere
1019 4341 1384 4405 strenuosque
1428 4335 1649 4399 milites,
1682 4335 1886 4404 quibus

309 4423 388 4476 uti
440 4438 630 4477 eorum
676 4427 792 4500 regi
841 4425 1025 4491 liceat,
1077 4427 1121 4481 si
1165 4437 1420 4496 sumptus
1451 4438 1658 4483 tantum
1691 4431 1744 4483 in
1777 4431 1881 4484 sti-

309 4515 504 4582 pendia
534 4503 642 4569 nan
673 4516 836 4570 desit.
868 4517 1024 4571 Hunc
1062 4517 1116 4570 in
1153 4519 1376 4572 modum
1407 4521 1612 4588 legatos
1640 4524 1882 4593 impera-

309 4616 394 4659 tor
415 4601 626 4670 dextre,
656 4616 712 4661 et
729 4606 890 4660 donis
912 4624 1076 4676 quam
1102 4611 1281 4678 potuit
1302 4612 1604 4681 magnificis
1629 4615 1883 4670 humani-

311 4705 392 4746 ter
441 4693 672 4748 donatos
701 4695 768 4749 ab
799 4710 856 4750 se
887 4697 1128 4762 dimisit;
1167 4700 1469 4770 auditoque
1503 4703 1630 4771 quid
1657 4720 1884 4774 respon~

307 4787 479 4839 dissct
527 4787 594 4839 iis
646 4803 874 4855 magnus
919 4789 1277 4854 domesticus,
1310 4794 1521 4861 Opinari
1551 4812 1608 4849 se
1645 4795 1881 4852 aﬂirma-

308 4881 410 4940 vit,
439 4889 563 4948 apte
607 4889 662 4935 et
708 4885 1102 4938 convenienter
1123 4885 1332 4940 Latinis
1357 4888 1728 4956 respondisse,
1756 4906 1880 4944 cum

310 4985 568 5042 tanquam
631 4975 822 5028 allllt'lS
882 4977 1185 5032 subsidium
1264 4979 1482 5049 aliquod
1547 4981 1881 5045 promissum

307 5075 454 5118 esset
476 5105 488 5122 .
533 5066 623 5133 qui
667 5067 710 5120 si
753 5066 1057 5122 voluissent
1088 5070 1356 5138 promissa
1389 5071 1628 5138 exigere,
1660 5087 1768 5126 non
1802 5073 1894 5125 vi-'

307 5156 438 5210 dere
467 5171 525 5209 se
568 5157 697 5225 quid
749 5159 1065 5225 responderi
1097 5161 1382 5227 potuisset.
1419 5162 1733 5232 Etmagnus
1779 5165 1881 5218 do-

308 5249 604 5312 mesticus,
655 5249 758 5304 sibi
797 5266 1015 5320 quoque
1061 5252 1208 5304 inter
1250 5254 1694 5321 respondendum
1735 5273 1884 5310 eam-

305 5343 427 5397 dem
473 5343 876 5398 dubitationem
925 5353 1192 5398 exortam.
1257 5345 1326 5398 At
1358 5347 1504 5400 enim
1533 5349 1677 5417 quod
1715 5366 1885 5419 pecu-

309 5433 454 5487 niam
507 5436 747 5489 delicere
790 5434 1027 5496 dixerit,
1077 5435 1272 5504 pudori
1323 5437 1549 5493 minime
1596 5439 1880 5506 futurum,

307 5524 527 5592 quando
575 5535 633 5579 et
677 5525 780 5594 ipsi
820 5540 881 5577 ea
933 5532 1176 5587 careant,
1207 5535 1369 5592 atque
1401 5525 1622 5581 aliunde
1657 5538 1878 5595 petant.

305 5617 506 5686 Copias
556 5629 739 5672 autem
800 5617 988 5670 datum
1040 5616 1105 5670 iri
1159 5616 1488 5686 pollicitum,
1528 5623 1881 5688 quantumvis

1989 4057 2193 4126 πολλήν
2226 4072 2286 4108 τε
2310 4057 2403 4108 καὶ
2427 4053 2660 4122 ἀγαθὴν,
2690 4055 3161 4124 συμμαχήσουσαν
3192 4053 3288 4106 ἐπὶ
3309 4056 3438 4115 τοὺς
3467 4069 3566 4104 πο-

1987 4149 2238 4218 λεμίους’
2274 4147 2482 4200 οἴεσθαι
2504 4147 2560 4199 δὲ
2591 4147 2729 4216 μηδὲ
2762 4147 2961 4210 αὐτοὺς
2993 4146 3186 4217 ἑτέρου
3237 4164 3330 4198 του
3375 4145 3562 4209 ἕνεκα,

1986 4243 2019 4314 ἢ
2067 4243 2165 4310 τῆς
2221 4242 2504 4310 στρατιᾶς,
2547 4238 2756 4291 δεῖσθαι
2806 4237 2914 4291 τῶν
2963 4239 3299 4309 χρημάτων
3359 4239 3453 4290 καὶ
3516 4241 3567 4313 εί

1987 4333 2179 4386 τούτου
2215 4333 2450 4402 τύχοιεν,
2477 4332 2540 4384 τὸ
2595 4330 3034 4400 σπουδαζόμενον
3077 4331 3262 4392 αὐτοῖς
3307 4328 3562 4398 ὴνύσθαι.

1986 4425 2050 4478 Oi
2101 4423 2465 4493 πρέσϐειςυδὲ
2516 4422 2819 4492 χρημάτων
2860 4421 3023 4476 ἕνεκα
3069 4421 3229 4492 ἥκειν
3258 4421 3466 4490 ἔλεγον,
3502 4420 3565 4473 ού

1989 4518 2272 4586 στρατιάς.
2325 4515 2435 4589 Τὴν
2484 4517 2594 4586 γάρ
2627 4514 2806 4568 αὐτῶν
2839 4513 3068 4578 πολλούς
3098 4531 3156 4568 τε
3203 4515 3296 4566 καὶ
3323 4512 3565 4580 ἀγαθοὺς

1987 4609 2210 4678 τρέφειν
2257 4601 2338 4671 οἷς
2385 4607 2564 4672 ἔξεστι
2623 4607 2861 4678 χρῆσθαι
2922 4606 3002 4677 τῷ
3056 4607 3303 4676 σφετέρῳ
3355 4605 3568 4676 βασιλεῖ

1988 4700 2363 4770 ἀναλωμάτων
2415 4699 2756 4769 εὐποροῦντι.
2810 4699 2953 4761 Τοὺς
3010 4699 3110 4768 μὲν
3168 4696 3263 4750 οὖν
3303 4696 3565 4766 πρέσϐεις

1985 4791 2156 4855 οὕτως
2185 4790 2400 4859 εὐφυῶς
2430 4791 2458 4843 ὁ
2479 4790 2734 4860 βασιλεὺς
2761 4789 3148 4858 ἀπεπέμψατο,
3187 4788 3379 4860 δώροις
3416 4791 3564 4857 φιλο-

1989 4884 2402 4954 φρονησάμενος
2451 4884 2530 4944 είς
2561 4883 2687 4934 ὅσον
2736 4882 2868 4950 ἐξῆν
2926 4882 3409 4950 μεγαλωπρεπῶς.
3450 4882 3564 4950 Τήν

1987 4976 2044 5028 δὲ
2074 4976 2212 5048 πρὸς
2244 4977 2370 5038 τοὺς
2403 4974 2667 5044 πρέσϐεις
2696 4974 2787 5026 τοῦ
2818 4973 3060 5043 μεγάλου
3092 4973 3418 5043 δομεστίκου
3457 4991 3563 5025 πυ-
3617 5035 3632 5045 ἰ

1989 5068 2216 5134 θόμενος
2263 5065 2586 5133 ἀπολογίαν,
2624 5064 2720 5118 νῦν
2761 5065 2861 5134 μὲν
2894 5065 3047 5133 ἔλεγε
3103 5065 3240 5134 πρὸς
3272 5065 3432 5116 αὐτὸν
3461 5067 3562 5131 ἀρ’

1989 5156 2260 5226 μόζουσαν
2295 5155 2583 5223 φαίνεσθαι
2610 5152 2708 5222 τὴν
2733 5143 2870 5224 πρὸς
2894 5155 3018 5216 τοὺς
3051 5155 3317 5216 Λατίνους
3365 5155 3562 5207 ἀπολο-

1989 5251 2111 5317 γίαν
2149 5249 2478 5318 πεποιῆσθαι
2502 5248 2764 5303 δοκοῦσαν
2794 5248 2972 5316 φίλοις
2994 5249 3178 5310 αὐτοῖς
3204 5247 3358 5300 οὖσιν
3385 5249 3565 5316 ἐπαγ-

1994 5345 2282 5412 γέλλεσθαι
2319 5361 2442 5395 τινα
2480 5341 2754 5411 ὠφέλειαν
2809 5341 3088 5412 παρέξειν.
3137 5341 3263 5394 Ἐὰν
3293 5341 3350 5394 δὲ
3380 5341 3564 5404 αὐτοῖς

1992 5439 2168 5490 ἐδόκει
2217 5436 2312 5506 τὴν
2348 5435 2768 5506 ἐπηγγελμένην
2801 5433 3061 5502 στρατιάν
3103 5431 3308 5502 ζητεῖν,
3339 5435 3566 5502 ἀπορεῖν

1990 5522 2056 5597 ἧς
2089 5527 2154 5581 ἂν
2185 5527 2491 5595 εὐπόρησεν
2513 5524 2830 5591 ἀπολογίας.
2867 5524 2933 5576 '0
2961 5525 3132 5592 μέγας
3155 5523 3212 5575 δὲ
3241 5525 3564 5591 δομέστικος

1990 5621 2084 5672 καὶ
2131 5618 2292 5681 αὐτὸς
2341 5618 2441 5687 μὲν
2498 5612 2652 5671 εἶπεν
2687 5618 2782 5671 ἐπὶ
2830 5617 2958 5674 νοῦν
3011 5618 3217 5692 ταύτην
3269 5619 3564 5689 ἐσχηκέναι

1557 5737 1772 5797 Jacobi
1803 5735 2070 5799 Pontani
2102 5743 2290 5797 notua.

380 5836 709 5908 (ibiGrmce
740 5837 1078 5900 Γευϐλίνοις,
1129 5839 1220 5906 qni
1257 5839 1331 5892 nil
1364 5839 1509 5892 aliud
1535 5848 1664 5892 sunt
1703 5855 1867 5908 quam

305 5905 522 5963 Gel-lini
559 5909 672 5963 sive
703 5909 965 5964 Gibelini.
1004 5905 1275 5966 (laterum
1310 5911 1492 5966 senior
1509 5905 1861 5966 Andronicus

1981 5841 2226 5894 subsidia
2271 5836 2539 5891 Gibelinis
2590 5836 2734 5892 misit
2784 5847 2975 5892 contra
3026 5839 3359 5906 pontiﬁcios,
3401 5849 3558 5893 utex

1967 5911 2174 5966 Joanne
2207 5908 2401 5963 Villani
2430 5907 2744 5962 Florentino
2773 5909 2866 5962 lib.
2905 5925 2954 5962 Ix
2997 5917 3162 5978 patet.
