  <div class='ocr_page' id='page_1' title='image "/cluster/home/n/w/nwhite01/storage/ocr_20150623/153:no.1/coo.31924054870583/226.png"; bbox 0 0 4016 6484; ppageno 0'>
   <div class='ocr_carea' id='block_1_1' title="bbox 469 475 3734 564">
    <p class='ocr_par' dir='ltr' id='par_1_1' title="bbox 469 475 3734 564">
     <span class='ocr_line' id='line_1_1' title="bbox 469 475 3734 564; baseline 0.005 -18"><span class='ocrx_word' id='word_1_1' title='bbox 469 485 577 547; x_wconf 61' lang='grc' dir='ltr'><strong>4η</strong></span> <span class='ocrx_word' id='word_1_2' title='bbox 1638 489 2181 558; x_wconf 69' lang='lat' dir='ltr'><strong>lIISTORIARUll</strong></span> <span class='ocrx_word' id='word_1_3' title='bbox 2227 475 2457 560; x_wconf 64' lang='lat' dir='ltr'><strong>manu</strong></span> <span class='ocrx_word' id='word_1_4' title='bbox 2497 501 2576 561; x_wconf 77' lang='grc' dir='ltr'>ιι.</span> <span class='ocrx_word' id='word_1_5' title='bbox 3602 501 3734 564; x_wconf 56' lang='lat' dir='ltr'><strong>tas</strong></span> 
     </span>
    </p>
   </div>
   <div class='ocr_carea' id='block_1_2' title="bbox 461 599 2041 686">
    <p class='ocr_par' dir='ltr' id='par_1_2' title="bbox 461 599 2039 677">
     <span class='ocr_line' id='line_1_2' title="bbox 461 599 2039 677; baseline 0.004 -25"><span class='ocrx_word' id='word_1_6' title='bbox 461 599 717 668; x_wconf 79' lang='grc' dir='ltr'>ἀπορίαν,</span> <span class='ocrx_word' id='word_1_7' title='bbox 733 599 871 671; x_wconf 73' lang='grc' dir='ltr'>πρὸς</span> <span class='ocrx_word' id='word_1_8' title='bbox 891 600 1130 667; x_wconf 82' lang='grc' dir='ltr'>ἐκείνους</span> <span class='ocrx_word' id='word_1_9' title='bbox 1158 603 1476 676; x_wconf 78' lang='grc' dir='ltr'>ποιούμενος</span> <span class='ocrx_word' id='word_1_10' title='bbox 1500 605 1854 674; x_wconf 74' lang='grc' dir='ltr'>τοὺςλόγους.</span> <span class='ocrx_word' id='word_1_11' title='bbox 1891 605 2039 677; x_wconf 77' lang='grc' dir='ltr'>Πλὴν</span> 
     </span>
    </p>
   </div>
   <div class='ocr_carea' id='block_1_3' title="bbox 2140 599 3732 686">
    <p class='ocr_par' dir='ltr' id='par_1_3' title="bbox 2143 612 3732 686">
     <span class='ocr_line' id='line_1_3' title="bbox 2143 612 3732 686; baseline 0.001 -20"><span class='ocrx_word' id='word_1_12' title='bbox 2143 612 2385 682; x_wconf 78' lang='lat' dir='ltr'><strong>perbene</strong></span> <span class='ocrx_word' id='word_1_13' title='bbox 2423 618 2623 680; x_wconf 87' lang='lat' dir='ltr'><strong>sciret,</strong></span> <span class='ocrx_word' id='word_1_14' title='bbox 2674 615 2729 670; x_wconf 98' lang='lat' dir='ltr'><strong>id</strong></span> <span class='ocrx_word' id='word_1_15' title='bbox 2770 614 2917 686; x_wconf 89' lang='lat' dir='ltr'><strong>quod</strong></span> <span class='ocrx_word' id='word_1_16' title='bbox 2968 624 3124 679; x_wconf 83' lang='lat' dir='ltr'><strong>erat,</strong></span> <span class='ocrx_word' id='word_1_17' title='bbox 3172 630 3280 670; x_wconf 86' lang='lat' dir='ltr'><strong>non</strong></span> <span class='ocrx_word' id='word_1_18' title='bbox 3326 615 3556 669; x_wconf 76' lang='lat' dir='ltr'><strong>militem</strong></span> <span class='ocrx_word' id='word_1_19' title='bbox 3610 615 3732 669; x_wconf 71' lang='grc' dir='ltr'>ῑιιος</span> 
     </span>
    </p>
   </div>
   <div class='ocr_carea' id='block_1_4' title="bbox 461 690 2041 777">
    <p class='ocr_par' dir='ltr' id='par_1_4' title="bbox 461 690 2038 767">
     <span class='ocr_line' id='line_1_4' title="bbox 461 690 2038 767; baseline 0.004 -23"><span class='ocrx_word' id='word_1_20' title='bbox 461 692 523 744; x_wconf 83' lang='grc' dir='ltr'>τὸ</span> <span class='ocrx_word' id='word_1_21' title='bbox 568 690 668 760; x_wconf 84' lang='grc' dir='ltr'>μὲν</span> <span class='ocrx_word' id='word_1_22' title='bbox 699 694 925 763; x_wconf 77' lang='grc' dir='ltr'><strong>ἀπορεῖν</strong></span> <span class='ocrx_word' id='word_1_23' title='bbox 955 696 1254 767; x_wconf 83' lang='grc' dir='ltr'>χρημάτων</span> <span class='ocrx_word' id='word_1_24' title='bbox 1304 699 1503 763; x_wconf 70' lang='grc' dir='ltr'>εἰπεῖν,</span> <span class='ocrx_word' id='word_1_25' title='bbox 1543 698 1803 767; x_wconf 76' lang='grc' dir='ltr'><strong>οὐδεμίαν</strong></span> <span class='ocrx_word' id='word_1_26' title='bbox 1848 698 2038 760; x_wconf 88' lang='grc' dir='ltr'>αὑτοῖς</span> 
     </span>
    </p>
   </div>
   <div class='ocr_carea' id='block_1_5' title="bbox 2140 690 3728 777">
    <p class='ocr_par' dir='ltr' id='par_1_5' title="bbox 2154 698 3728 777">
     <span class='ocr_line' id='line_1_5' title="bbox 2154 698 3728 777; baseline 0 -18"><span class='ocrx_word' id='word_1_27' title='bbox 2154 704 2507 772; x_wconf 86' lang='lat' dir='ltr'><strong>desiderare,</strong></span> <span class='ocrx_word' id='word_1_28' title='bbox 2561 705 2658 761; x_wconf 82' lang='lat' dir='ltr'><strong>sed</strong></span> <span class='ocrx_word' id='word_1_29' title='bbox 2705 706 3015 761; x_wconf 84' lang='lat' dir='ltr'><strong>nummaria</strong></span> <span class='ocrx_word' id='word_1_30' title='bbox 3076 714 3422 777; x_wconf 61' lang='lat' dir='ltr'><strong>paupertate&#39;</strong></span> <span class='ocrx_word' id='word_1_31' title='bbox 3456 698 3728 759; x_wconf 79' lang='lat' dir='ltr'><strong>laborare.</strong></span> 
     </span>
    </p>
   </div>
   <div class='ocr_carea' id='block_1_6' title="bbox 465 783 2041 871">
    <p class='ocr_par' dir='ltr' id='par_1_6' title="bbox 465 783 2034 861">
     <span class='ocr_line' id='line_1_6' title="bbox 465 783 2034 861; baseline 0.004 -25"><span class='ocrx_word' id='word_1_32' title='bbox 465 783 534 837; x_wconf 76' lang='grc' dir='ltr'>ἂν</span> <span class='ocrx_word' id='word_1_33' title='bbox 563 784 753 854; x_wconf 86' lang='grc' dir='ltr'>φέρειν</span> <span class='ocrx_word' id='word_1_34' title='bbox 784 786 1070 857; x_wconf 81' lang='grc' dir='ltr'>αίσχὺνην,</span> <span class='ocrx_word' id='word_1_35' title='bbox 1098 786 1195 842; x_wconf 73' lang='grc' dir='ltr'>ἅτε</span> <span class='ocrx_word' id='word_1_36' title='bbox 1221 788 1284 859; x_wconf 80' lang='grc' dir='ltr'>δὴ</span> <span class='ocrx_word' id='word_1_37' title='bbox 1312 790 1405 844; x_wconf 72' lang='grc' dir='ltr'>καὶ</span> <span class='ocrx_word' id='word_1_38' title='bbox 1433 788 1615 843; x_wconf 84' lang='grc' dir='ltr'>αὑτῶν</span> <span class='ocrx_word' id='word_1_39' title='bbox 1653 789 2034 861; x_wconf 83' lang='grc' dir='ltr'><strong>ἀπορούντων,</strong></span> 
     </span>
    </p>
   </div>
   <div class='ocr_carea' id='block_1_7' title="bbox 2140 783 3731 871">
    <p class='ocr_par' dir='ltr' id='par_1_7' title="bbox 2151 797 3731 871">
     <span class='ocr_line' id='line_1_7' title="bbox 2151 797 3731 871; baseline -0.001 -19"><span class='ocrx_word' id='word_1_40' title='bbox 2151 797 2206 853; x_wconf 90' lang='lat' dir='ltr'><strong>Si</strong></span> <span class='ocrx_word' id='word_1_41' title='bbox 2259 807 2442 854; x_wconf 87' lang='lat' dir='ltr'><strong>tamen</strong></span> <span class='ocrx_word' id='word_1_42' title='bbox 2498 798 2567 855; x_wconf 82' lang='lat' dir='ltr'><strong>ad</strong></span> <span class='ocrx_word' id='word_1_43' title='bbox 2616 801 2850 856; x_wconf 87' lang='lat' dir='ltr'><strong>alterum</strong></span> <span class='ocrx_word' id='word_1_44' title='bbox 2885 800 3050 856; x_wconf 89' lang='lat' dir='ltr'><strong>etiam</strong></span> <span class='ocrx_word' id='word_1_45' title='bbox 3088 798 3507 871; x_wconf 86' lang='lat' dir='ltr'><strong>processissent,</strong></span> <span class='ocrx_word' id='word_1_46' title='bbox 3548 797 3731 851; x_wconf 74' lang='lat' dir='ltr'><strong>dictu-</strong></span> 
     </span>
    </p>
   </div>
   <div class='ocr_carea' id='block_1_8' title="bbox 466 876 2041 967">
    <p class='ocr_par' dir='ltr' id='par_1_8' title="bbox 466 876 2041 952">
     <span class='ocr_line' id='line_1_8' title="bbox 466 876 2041 952; baseline 0.003 -25"><span class='ocrx_word' id='word_1_47' title='bbox 466 876 562 928; x_wconf 81' lang='grc' dir='ltr'>καὶ</span> <span class='ocrx_word' id='word_1_48' title='bbox 606 876 879 946; x_wconf 82' lang='grc' dir='ltr'><strong>δεομένων</strong></span> <span class='ocrx_word' id='word_1_49' title='bbox 932 878 1065 950; x_wconf 80' lang='grc' dir='ltr'>παρ’</span> <span class='ocrx_word' id='word_1_50' title='bbox 1099 879 1321 934; x_wconf 90' lang='grc' dir='ltr'>αὑτῶν·</span> <span class='ocrx_word' id='word_1_51' title='bbox 1379 880 1640 950; x_wconf 78' lang='grc' dir='ltr'>στρατιὰν</span> <span class='ocrx_word' id='word_1_52' title='bbox 1690 879 1748 932; x_wconf 80' lang='grc' dir='ltr'>δὲ</span> <span class='ocrx_word' id='word_1_53' title='bbox 1809 880 2041 952; x_wconf 83' lang='grc' dir='ltr'>παρέχε-</span> 
     </span>
    </p>
   </div>
   <div class='ocr_carea' id='block_1_9' title="bbox 2140 876 3729 967">
    <p class='ocr_par' dir='ltr' id='par_1_9' title="bbox 2152 889 3729 967">
     <span class='ocr_line' id='line_1_9' title="bbox 2152 889 3729 967; baseline -0.001 -24"><span class='ocrx_word' id='word_1_54' title='bbox 2152 906 2275 944; x_wconf 91' lang='lat' dir='ltr'><strong>rum</strong></span> <span class='ocrx_word' id='word_1_55' title='bbox 2347 889 2555 956; x_wconf 78' lang='lat' dir='ltr'><strong>fuisse,</strong></span> <span class='ocrx_word' id='word_1_56' title='bbox 2630 907 2781 946; x_wconf 89' lang='lat' dir='ltr'><strong>nunc</strong></span> <span class='ocrx_word' id='word_1_57' title='bbox 2841 890 3304 967; x_wconf 80' lang='lat' dir='ltr'><strong>diﬂlculter_dari</strong></span> <span class='ocrx_word' id='word_1_58' title='bbox 3368 904 3527 960; x_wconf 84' lang='lat' dir='ltr'><strong>posse</strong></span> <span class='ocrx_word' id='word_1_59' title='bbox 3583 890 3729 957; x_wconf 81' lang='lat' dir='ltr'><strong>quod</strong></span> 
     </span>
    </p>
   </div>
   <div class='ocr_carea' id='block_1_10' title="bbox 465 967 2041 1055">
    <p class='ocr_par' dir='ltr' id='par_1_10' title="bbox 465 967 2041 1045">
     <span class='ocr_line' id='line_1_10' title="bbox 465 967 2041 1045; baseline 0.002 -24"><span class='ocrx_word' id='word_1_60' title='bbox 465 967 589 1022; x_wconf 84' lang='grc' dir='ltr'>σθαι</span> <span class='ocrx_word' id='word_1_61' title='bbox 630 970 988 1039; x_wconf 85' lang='grc' dir='ltr'>ἐπηγγέλθαι,</span> <span class='ocrx_word' id='word_1_62' title='bbox 1023 971 1256 1041; x_wconf 84' lang='grc' dir='ltr'>μάλιστα</span> <span class='ocrx_word' id='word_1_63' title='bbox 1293 973 1392 1043; x_wconf 78' lang='grc' dir='ltr'>μὲν</span> <span class='ocrx_word' id='word_1_64' title='bbox 1435 974 1575 1044; x_wconf 80' lang='grc' dir='ltr'>ὅπερ</span> <span class='ocrx_word' id='word_1_65' title='bbox 1602 968 1673 1045; x_wconf 81' lang='grc' dir='ltr'>ἦν</span> <span class='ocrx_word' id='word_1_66' title='bbox 1732 973 1826 1026; x_wconf 75' lang='grc' dir='ltr'>καὶ</span> <span class='ocrx_word' id='word_1_67' title='bbox 1881 971 2041 1025; x_wconf 82' lang='grc' dir='ltr'>αὐτὸν</span> 
     </span>
    </p>
   </div>
   <div class='ocr_carea' id='block_1_11' title="bbox 2140 967 3733 1055">
    <p class='ocr_par' dir='ltr' id='par_1_11' title="bbox 2149 980 3733 1055">
     <span class='ocr_line' id='line_1_11' title="bbox 2149 980 3733 1055; baseline -0.003 -17"><span class='ocrx_word' id='word_1_68' title='bbox 2149 998 2303 1038; x_wconf 90' lang='lat' dir='ltr'><strong>mora</strong></span> <span class='ocrx_word' id='word_1_69' title='bbox 2361 998 2424 1039; x_wconf 89' lang='lat' dir='ltr'><strong>ac</strong></span> <span class='ocrx_word' id='word_1_70' title='bbox 2491 992 2737 1055; x_wconf 89' lang='lat' dir='ltr'><strong>tempore</strong></span> <span class='ocrx_word' id='word_1_71' title='bbox 2795 984 2864 1039; x_wconf 88' lang='lat' dir='ltr'><strong>ad</strong></span> <span class='ocrx_word' id='word_1_72' title='bbox 2930 982 3299 1055; x_wconf 76' lang='lat' dir='ltr'><strong>colligendum</strong></span> <span class='ocrx_word' id='word_1_73' title='bbox 3360 998 3501 1052; x_wconf 87' lang='lat' dir='ltr'><strong>opus</strong></span> <span class='ocrx_word' id='word_1_74' title='bbox 3565 980 3733 1035; x_wconf 78' lang='lat' dir='ltr'><strong>foret.</strong></span> 
     </span>
    </p>
   </div>
   <div class='ocr_carea' id='block_1_12' title="bbox 463 1061 2041 1148">
    <p class='ocr_par' dir='ltr' id='par_1_12' title="bbox 463 1061 2041 1136">
     <span class='ocr_line' id='line_1_12' title="bbox 463 1061 2041 1136; baseline 0.004 -26"><span class='ocrx_word' id='word_1_75' title='bbox 463 1061 711 1128; x_wconf 79' lang='grc' dir='ltr'>οίόμενον</span> <span class='ocrx_word' id='word_1_76' title='bbox 738 1064 798 1116; x_wconf 91' lang='grc' dir='ltr'><strong>οὑ</strong></span> <span class='ocrx_word' id='word_1_77' title='bbox 825 1065 1085 1133; x_wconf 83' lang='grc' dir='ltr'>στρατιᾶς</span> <span class='ocrx_word' id='word_1_78' title='bbox 1113 1066 1283 1135; x_wconf 87' lang='grc' dir='ltr'>ἐρεῖν,</span> <span class='ocrx_word' id='word_1_79' title='bbox 1315 1064 1452 1118; x_wconf 76' lang='grc' dir='ltr'>ἀλλὰ</span> <span class='ocrx_word' id='word_1_80' title='bbox 1480 1064 1785 1136; x_wconf 89' lang='grc' dir='ltr'>χρημάτων</span> <span class='ocrx_word' id='word_1_81' title='bbox 1814 1062 2041 1117; x_wconf 86' lang='grc' dir='ltr'>δεῖσθαι.</span> 
     </span>
    </p>
   </div>
   <div class='ocr_carea' id='block_1_13' title="bbox 2140 1061 3728 1148">
    <p class='ocr_par' dir='ltr' id='par_1_13' title="bbox 2147 1076 3728 1148">
     <span class='ocr_line' id='line_1_13' title="bbox 2147 1076 3728 1148; baseline -0.002 -17"><span class='ocrx_word' id='word_1_82' title='bbox 2147 1076 2229 1133; x_wconf 81' lang='lat' dir='ltr'><strong>Ad</strong></span> <span class='ocrx_word' id='word_1_83' title='bbox 2295 1077 2411 1133; x_wconf 65' lang='lat' dir='ltr'><strong>haec</strong></span> <span class='ocrx_word' id='word_1_84' title='bbox 2460 1077 2704 1133; x_wconf 89' lang='lat' dir='ltr'><strong>nondum</strong></span> <span class='ocrx_word' id='word_1_85' title='bbox 2756 1077 2969 1148; x_wconf 85' lang='lat' dir='ltr'><strong>liquido</strong></span> <span class='ocrx_word' id='word_1_86' title='bbox 3015 1076 3187 1142; x_wconf 74' lang='lat' dir='ltr'><strong>sciri,</strong></span> <span class='ocrx_word' id='word_1_87' title='bbox 3240 1093 3310 1132; x_wconf 91' lang='lat' dir='ltr'><strong>an</strong></span> <span class='ocrx_word' id='word_1_88' title='bbox 3375 1076 3430 1131; x_wconf 91' lang='lat' dir='ltr'><strong>id</strong></span> <span class='ocrx_word' id='word_1_89' title='bbox 3481 1078 3728 1146; x_wconf 84' lang='lat' dir='ltr'><strong>ipsorum</strong></span> 
     </span>
    </p>
   </div>
   <div class='ocr_carea' id='block_1_14' title="bbox 462 1152 2041 1245">
    <p class='ocr_par' dir='ltr' id='par_1_14' title="bbox 462 1152 2041 1229">
     <span class='ocr_line' id='line_1_14' title="bbox 462 1152 2041 1229; baseline 0.002 -24"><span class='ocrx_word' id='word_1_90' title='bbox 462 1153 525 1205; x_wconf 81' lang='grc' dir='ltr'><strong>Εἰ</strong></span> <span class='ocrx_word' id='word_1_91' title='bbox 563 1153 607 1207; x_wconf 90' lang='grc' dir='ltr'>δ’</span> <span class='ocrx_word' id='word_1_92' title='bbox 638 1152 745 1224; x_wconf 81' lang='grc' dir='ltr'>ἄρα</span> <span class='ocrx_word' id='word_1_93' title='bbox 786 1154 877 1207; x_wconf 76' lang='grc' dir='ltr'>καὶ</span> <span class='ocrx_word' id='word_1_94' title='bbox 915 1155 1054 1225; x_wconf 81' lang='grc' dir='ltr'>πρὸς</span> <span class='ocrx_word' id='word_1_95' title='bbox 1103 1157 1174 1209; x_wconf 77' lang='grc' dir='ltr'><strong>τὰ</strong></span> <span class='ocrx_word' id='word_1_96' title='bbox 1220 1156 1456 1229; x_wconf 84' lang='grc' dir='ltr'>δεύτερα</span> <span class='ocrx_word' id='word_1_97' title='bbox 1499 1158 1753 1227; x_wconf 81' lang='grc' dir='ltr'>χωροῖεν,</span> <span class='ocrx_word' id='word_1_98' title='bbox 1799 1155 1896 1209; x_wconf 86' lang='grc' dir='ltr'><strong>νῦν</strong></span> <span class='ocrx_word' id='word_1_99' title='bbox 1950 1155 2041 1225; x_wconf 76' lang='grc' dir='ltr'>μὲν</span> 
     </span>
    </p>
   </div>
   <div class='ocr_carea' id='block_1_15' title="bbox 2140 1152 3730 1245">
    <p class='ocr_par' dir='ltr' id='par_1_15' title="bbox 2150 1168 3730 1240">
     <span class='ocr_line' id='line_1_15' title="bbox 2150 1168 3730 1240; baseline -0.002 -17"><span class='ocrx_word' id='word_1_100' title='bbox 2150 1168 2265 1240; x_wconf 81' lang='lat' dir='ltr'><strong>regi</strong></span> <span class='ocrx_word' id='word_1_101' title='bbox 2306 1169 2632 1239; x_wconf 87' lang='lat' dir='ltr'><strong>placiturum</strong></span> <span class='ocrx_word' id='word_1_102' title='bbox 2677 1169 2769 1225; x_wconf 92' lang='lat' dir='ltr'><strong>sit.</strong></span> <span class='ocrx_word' id='word_1_103' title='bbox 2830 1170 3060 1225; x_wconf 85' lang='lat' dir='ltr'><strong>Reversi</strong></span> <span class='ocrx_word' id='word_1_104' title='bbox 3113 1169 3277 1240; x_wconf 81' lang='lat' dir='ltr'><strong>igitur</strong></span> <span class='ocrx_word' id='word_1_105' title='bbox 3324 1169 3578 1231; x_wconf 85' lang='lat' dir='ltr'><strong>domum,</strong></span> <span class='ocrx_word' id='word_1_106' title='bbox 3631 1182 3730 1221; x_wconf 76' lang='lat' dir='ltr'><strong>su—</strong></span> 
     </span>
    </p>
   </div>
   <div class='ocr_carea' id='block_1_16' title="bbox 423 1244 2041 1335">
    <p class='ocr_par' dir='ltr' id='par_1_16' title="bbox 423 1244 2041 1335">
     <span class='ocr_line' id='line_1_16' title="bbox 423 1244 2041 1335; baseline 0.002 -39"><span class='ocrx_word' id='word_1_107' title='bbox 423 1244 638 1335; x_wconf 72' lang='grc' dir='ltr'><strong>⁹εἰπεῖν</strong></span> <span class='ocrx_word' id='word_1_108' title='bbox 676 1244 735 1298; x_wconf 74' lang='grc' dir='ltr'>οὐ</span> <span class='ocrx_word' id='word_1_109' title='bbox 766 1245 950 1318; x_wconf 78' lang='grc' dir='ltr'>ῥᾴδιον</span> <span class='ocrx_word' id='word_1_110' title='bbox 999 1250 1330 1318; x_wconf 78' lang='grc' dir='ltr'>παρασχεῖν,</span> <span class='ocrx_word' id='word_1_111' title='bbox 1378 1247 1573 1318; x_wconf 86' lang='grc' dir='ltr'>καιροῦ</span> <span class='ocrx_word' id='word_1_112' title='bbox 1601 1247 1866 1318; x_wconf 80' lang='grc' dir='ltr'><strong>δεομένην</strong></span> <span class='ocrx_word' id='word_1_113' title='bbox 1909 1247 2041 1318; x_wconf 75' lang='grc' dir='ltr'>πρὸς</span> 
     </span>
    </p>
   </div>
   <div class='ocr_carea' id='block_1_17' title="bbox 2140 1244 3730 1335">
    <p class='ocr_par' dir='ltr' id='par_1_17' title="bbox 2151 1258 3730 1330">
     <span class='ocr_line' id='line_1_17' title="bbox 2151 1258 3730 1330; baseline -0.003 -15"><span class='ocrx_word' id='word_1_114' title='bbox 2151 1274 2251 1330; x_wconf 87' lang='lat' dir='ltr'><strong>per</strong></span> <span class='ocrx_word' id='word_1_115' title='bbox 2297 1260 2547 1316; x_wconf 79' lang='lat' dir='ltr'><strong>exercitu</strong></span> <span class='ocrx_word' id='word_1_116' title='bbox 2591 1261 2886 1315; x_wconf 88' lang='lat' dir='ltr'><strong>certiorem</strong></span> <span class='ocrx_word' id='word_1_117' title='bbox 2935 1259 3204 1323; x_wconf 79' lang='lat' dir='ltr'><strong>iacerent,</strong></span> <span class='ocrx_word' id='word_1_118' title='bbox 3254 1274 3311 1314; x_wconf 85' lang='lat' dir='ltr'><strong>et</strong></span> <span class='ocrx_word' id='word_1_119' title='bbox 3341 1258 3613 1329; x_wconf 80' lang='lat' dir='ltr'><strong>siquidem</strong></span> <span class='ocrx_word' id='word_1_120' title='bbox 3644 1258 3730 1312; x_wconf 88' lang='lat' dir='ltr'><strong>in-</strong></span> 
     </span>
    </p>
   </div>
   <div class='ocr_carea' id='block_1_18' title="bbox 463 1338 2041 1423">
    <p class='ocr_par' dir='ltr' id='par_1_18' title="bbox 463 1338 2041 1408">
     <span class='ocr_line' id='line_1_18' title="bbox 463 1338 2041 1408; baseline 0.003 -18"><span class='ocrx_word' id='word_1_121' title='bbox 463 1339 845 1407; x_wconf 80' lang='grc' dir='ltr'>παρασκευὴν,</span> <span class='ocrx_word' id='word_1_122' title='bbox 871 1338 1046 1403; x_wconf 78' lang='grc' dir='ltr'>ἄλλως</span> <span class='ocrx_word' id='word_1_123' title='bbox 1080 1357 1138 1393; x_wconf 84' lang='grc' dir='ltr'><strong>τε</strong></span> <span class='ocrx_word' id='word_1_124' title='bbox 1168 1340 1278 1394; x_wconf 83' lang='grc' dir='ltr'>οὐδ’</span> <span class='ocrx_word' id='word_1_125' title='bbox 1306 1340 1551 1408; x_wconf 75' lang='grc' dir='ltr'>άκριῦῶς</span> <span class='ocrx_word' id='word_1_126' title='bbox 1581 1341 1798 1405; x_wconf 77' lang='grc' dir='ltr'><strong>εἰδότας</strong></span> <span class='ocrx_word' id='word_1_127' title='bbox 1828 1342 1878 1395; x_wconf 83' lang='grc' dir='ltr'><strong>εί</strong></span> <span class='ocrx_word' id='word_1_128' title='bbox 1905 1341 2041 1395; x_wconf 72' lang='grc' dir='ltr'>κατὰ</span> 
     </span>
    </p>
   </div>
   <div class='ocr_carea' id='block_1_19' title="bbox 2140 1338 3734 1423">
    <p class='ocr_par' dir='ltr' id='par_1_19' title="bbox 2150 1351 3734 1423">
     <span class='ocr_line' id='line_1_19' title="bbox 2150 1351 3734 1423; baseline -0.003 -16"><span class='ocrx_word' id='word_1_129' title='bbox 2150 1351 2380 1423; x_wconf 76' lang='lat' dir='ltr'><strong>digeret,</strong></span> <span class='ocrx_word' id='word_1_130' title='bbox 2429 1363 2544 1408; x_wconf 91' lang='lat' dir='ltr'><strong>tum</strong></span> <span class='ocrx_word' id='word_1_131' title='bbox 2585 1353 2841 1409; x_wconf 80' lang='lat' dir='ltr'><strong>venirent</strong></span> <span class='ocrx_word' id='word_1_132' title='bbox 2869 1353 2963 1423; x_wconf 88' lang='lat' dir='ltr'><strong>qui</strong></span> <span class='ocrx_word' id='word_1_133' title='bbox 2993 1369 3121 1409; x_wconf 89' lang='lat' dir='ltr'><strong>eum</strong></span> <span class='ocrx_word' id='word_1_134' title='bbox 3164 1352 3525 1417; x_wconf 82' lang='lat' dir='ltr'><strong>abducerent,</strong></span> <span class='ocrx_word' id='word_1_135' title='bbox 3573 1352 3734 1420; x_wconf 81' lang='lat' dir='ltr'><strong>quip-</strong></span> 
     </span>
    </p>
   </div>
   <div class='ocr_carea' id='block_1_20' title="bbox 423 1429 2041 1517">
    <p class='ocr_par' dir='ltr' id='par_1_20' title="bbox 423 1429 2041 1503">
     <span class='ocr_line' id='line_1_20' title="bbox 423 1429 2041 1503; baseline 0.001 -20"><span class='ocrx_word' id='word_1_136' title='bbox 423 1472 437 1483; x_wconf 85' lang='lat'><strong>.</strong></span> <span class='ocrx_word' id='word_1_137' title='bbox 461 1429 686 1501; x_wconf 74' lang='grc' dir='ltr'>γνώμην</span> <span class='ocrx_word' id='word_1_138' title='bbox 736 1430 823 1499; x_wconf 70' lang='grc' dir='ltr'>εἴη</span> <span class='ocrx_word' id='word_1_139' title='bbox 863 1430 938 1501; x_wconf 79' lang='grc' dir='ltr'>τῷ</span> <span class='ocrx_word' id='word_1_140' title='bbox 968 1434 1217 1503; x_wconf 75' lang='grc' dir='ltr'>σφετέρῳ</span> <span class='ocrx_word' id='word_1_141' title='bbox 1263 1432 1495 1503; x_wconf 87' lang='grc' dir='ltr'>βασιλεῖ.</span> <span class='ocrx_word' id='word_1_142' title='bbox 1535 1433 1598 1486; x_wconf 79' lang='lat' dir='ltr'><strong>El</strong></span> <span class='ocrx_word' id='word_1_143' title='bbox 1636 1433 1683 1486; x_wconf 90' lang='grc' dir='ltr'>δ’</span> <span class='ocrx_word' id='word_1_144' title='bbox 1723 1431 2041 1495; x_wconf 84' lang='grc' dir='ltr'>ἀπελθόντες</span> 
     </span>
    </p>
   </div>
   <div class='ocr_carea' id='block_1_21' title="bbox 2140 1429 3730 1517">
    <p class='ocr_par' dir='ltr' id='par_1_21' title="bbox 2149 1441 3730 1517">
     <span class='ocr_line' id='line_1_21' title="bbox 2149 1441 3730 1517; baseline -0.001 -18"><span class='ocrx_word' id='word_1_145' title='bbox 2149 1459 2221 1513; x_wconf 90' lang='lat' dir='ltr'><strong>pe</strong></span> <span class='ocrx_word' id='word_1_146' title='bbox 2269 1459 2394 1500; x_wconf 91' lang='lat' dir='ltr'><strong>cum</strong></span> <span class='ocrx_word' id='word_1_147' title='bbox 2451 1447 2660 1500; x_wconf 90' lang='lat' dir='ltr'><strong>lentum</strong></span> <span class='ocrx_word' id='word_1_148' title='bbox 2717 1460 2780 1500; x_wconf 89' lang='lat' dir='ltr'><strong>ac</strong></span> <span class='ocrx_word' id='word_1_149' title='bbox 2823 1446 3044 1517; x_wconf 77' lang='lat' dir='ltr'><strong>longum</strong></span> <span class='ocrx_word' id='word_1_150' title='bbox 3095 1445 3373 1513; x_wconf 77' lang='lat' dir='ltr'><strong>negotium</strong></span> <span class='ocrx_word' id='word_1_151' title='bbox 3426 1444 3497 1497; x_wconf 91' lang='lat' dir='ltr'><strong>sit</strong></span> <span class='ocrx_word' id='word_1_152' title='bbox 3540 1441 3730 1512; x_wconf 88' lang='lat' dir='ltr'><strong>copias</strong></span> 
     </span>
    </p>
   </div>
   <div class='ocr_carea' id='block_1_22' title="bbox 462 1521 2041 1609">
    <p class='ocr_par' dir='ltr' id='par_1_22' title="bbox 462 1521 2041 1609">
     <span class='ocr_line' id='line_1_22' title="bbox 462 1521 2041 1609; baseline 0.003 -35"><span class='ocrx_word' id='word_1_153' title='bbox 462 1524 599 1594; x_wconf 74' lang='grc' dir='ltr'>πρὸς</span> <span class='ocrx_word' id='word_1_154' title='bbox 621 1521 719 1594; x_wconf 80' lang='grc' dir='ltr'>τὴν</span> <span class='ocrx_word' id='word_1_155' title='bbox 750 1522 1368 1593; x_wconf 83' lang='grc' dir='ltr'>οἱκείαν,άπαγγείλωσι</span> <span class='ocrx_word' id='word_1_156' title='bbox 1389 1542 1455 1578; x_wconf 83' lang='grc' dir='ltr'><strong>πε</strong></span> <span class='ocrx_word' id='word_1_157' title='bbox 1466 1526 1520 1597; x_wconf 80' lang='lat' dir='ltr'><strong>pl.</strong></span> <span class='ocrx_word' id='word_1_158' title='bbox 1548 1526 1647 1596; x_wconf 83' lang='grc' dir='ltr'>τῆς</span> <span class='ocrx_word' id='word_1_159' title='bbox 1669 1527 1927 1609; x_wconf 66' lang='grc' dir='ltr'>στριετιᾶς</span> <span class='ocrx_word' id='word_1_160' title='bbox 1952 1526 2041 1578; x_wconf 69' lang='grc' dir='ltr'>καὶ</span> 
     </span>
    </p>
   </div>
   <div class='ocr_carea' id='block_1_23' title="bbox 2140 1521 3728 1609">
    <p class='ocr_par' dir='ltr' id='par_1_23' title="bbox 2150 1534 3728 1607">
     <span class='ocr_line' id='line_1_23' title="bbox 2150 1534 3728 1607; baseline -0.003 -15"><span class='ocrx_word' id='word_1_161' title='bbox 2150 1538 2474 1607; x_wconf 83' lang='lat' dir='ltr'><strong>peregrinas</strong></span> <span class='ocrx_word' id='word_1_162' title='bbox 2533 1544 2592 1592; x_wconf 89' lang='lat' dir='ltr'><strong>et</strong></span> <span class='ocrx_word' id='word_1_163' title='bbox 2642 1551 2675 1592; x_wconf 91' lang='lat' dir='ltr'><strong>e</strong></span> <span class='ocrx_word' id='word_1_164' title='bbox 2727 1535 2866 1592; x_wconf 90' lang='lat' dir='ltr'><strong>locis</strong></span> <span class='ocrx_word' id='word_1_165' title='bbox 2917 1535 3301 1591; x_wconf 74' lang='lat' dir='ltr'><strong>remotissimis</strong></span> <span class='ocrx_word' id='word_1_166' title='bbox 3376 1534 3728 1589; x_wconf 84' lang='lat' dir='ltr'><strong>contrahere.</strong></span> 
     </span>
    </p>
   </div>
   <div class='ocr_carea' id='block_1_24' title="bbox 430 1613 2041 1695">
    <p class='ocr_par' dir='ltr' id='par_1_24' title="bbox 430 1613 2040 1695">
     <span class='ocr_line' id='line_1_24' title="bbox 430 1613 2040 1695; baseline 0.004 -30"><span class='ocrx_word' id='word_1_167' title='bbox 430 1613 631 1695; x_wconf 58' lang='lat' dir='ltr'><strong>beaten</strong></span> <span class='ocrx_word' id='word_1_168' title='bbox 665 1614 855 1684; x_wconf 79' lang='grc' dir='ltr'>αὐτῆς,</span> <span class='ocrx_word' id='word_1_169' title='bbox 901 1614 1012 1669; x_wconf 85' lang='grc' dir='ltr'>τότ’</span> <span class='ocrx_word' id='word_1_170' title='bbox 1036 1615 1134 1687; x_wconf 76' lang='grc' dir='ltr'>ἤδη</span> <span class='ocrx_word' id='word_1_171' title='bbox 1169 1616 1294 1681; x_wconf 82' lang='grc' dir='ltr'>τοὺς</span> <span class='ocrx_word' id='word_1_172' title='bbox 1330 1618 1822 1689; x_wconf 78' lang='grc' dir='ltr'>παραληψομένους</span> <span class='ocrx_word' id='word_1_173' title='bbox 1855 1618 2040 1690; x_wconf 74' lang='grc' dir='ltr'>ἣκειν.</span> 
     </span>
    </p>
   </div>
   <div class='ocr_carea' id='block_1_25' title="bbox 2140 1613 3731 1695">
    <p class='ocr_par' dir='ltr' id='par_1_25' title="bbox 2152 1623 3731 1695">
     <span class='ocr_line' id='line_1_25' title="bbox 2152 1623 3731 1695; baseline 0 -17"><span class='ocrx_word' id='word_1_174' title='bbox 2152 1624 2218 1678; x_wconf 87' lang='lat' dir='ltr'><strong>Et</strong></span> <span class='ocrx_word' id='word_1_175' title='bbox 2274 1624 2390 1681; x_wconf 71' lang='lat' dir='ltr'><strong>bzec</strong></span> <span class='ocrx_word' id='word_1_176' title='bbox 2433 1623 2675 1695; x_wconf 84' lang='lat' dir='ltr'><strong>quidem.</strong></span> <span class='ocrx_word' id='word_1_177' title='bbox 2707 1623 2812 1680; x_wconf 85' lang='lat' dir='ltr'><strong>isto</strong></span> <span class='ocrx_word' id='word_1_178' title='bbox 2877 1623 3041 1680; x_wconf 86' lang='lat' dir='ltr'><strong>modo</strong></span> <span class='ocrx_word' id='word_1_179' title='bbox 3093 1632 3214 1679; x_wconf 85' lang='lat' dir='ltr'><strong>acta</strong></span> <span class='ocrx_word' id='word_1_180' title='bbox 3272 1632 3421 1679; x_wconf 89' lang='lat' dir='ltr'><strong>sunt.</strong></span> <span class='ocrx_word' id='word_1_181' title='bbox 3480 1624 3558 1679; x_wconf 78' lang='lat' dir='ltr'><strong>Ex</strong></span> <span class='ocrx_word' id='word_1_182' title='bbox 3618 1638 3731 1692; x_wconf 83' lang='lat' dir='ltr'><strong>quo</strong></span> 
     </span>
    </p>
   </div>
   <div class='ocr_carea' id='block_1_26' title="bbox 460 1704 2041 1788">
    <p class='ocr_par' dir='ltr' id='par_1_26' title="bbox 460 1704 2041 1781">
     <span class='ocr_line' id='line_1_26' title="bbox 460 1704 2041 1781; baseline 0.003 -25"><span class='ocrx_word' id='word_1_183' title='bbox 460 1704 688 1773; x_wconf 72' lang='lat' dir='ltr'><strong>Xpaviou</strong></span> <span class='ocrx_word' id='word_1_184' title='bbox 722 1705 829 1775; x_wconf 77' lang='grc' dir='ltr'><strong>γὰρ</strong></span> <span class='ocrx_word' id='word_1_185' title='bbox 878 1704 1046 1777; x_wconf 84' lang='grc' dir='ltr'>οὑσης</span> <span class='ocrx_word' id='word_1_186' title='bbox 1099 1709 1192 1761; x_wconf 71' lang='grc' dir='ltr'>καὶ</span> <span class='ocrx_word' id='word_1_187' title='bbox 1247 1707 1541 1779; x_wconf 80' lang='grc' dir='ltr'>ὑπερορίου</span> <span class='ocrx_word' id='word_1_188' title='bbox 1589 1710 1689 1780; x_wconf 80' lang='grc' dir='ltr'>τῆς</span> <span class='ocrx_word' id='word_1_189' title='bbox 1732 1709 2041 1781; x_wconf 77' lang='grc' dir='ltr'>στρατείας,</span> 
     </span>
    </p>
   </div>
   <div class='ocr_carea' id='block_1_27' title="bbox 2140 1704 3727 1788">
    <p class='ocr_par' dir='ltr' id='par_1_27' title="bbox 2150 1716 3727 1788">
     <span class='ocr_line' id='line_1_27' title="bbox 2150 1716 3727 1788; baseline 0.001 -18"><span class='ocrx_word' id='word_1_190' title='bbox 2150 1725 2331 1771; x_wconf 85' lang='lat' dir='ltr'><strong>autem</strong></span> <span class='ocrx_word' id='word_1_191' title='bbox 2383 1731 2555 1788; x_wconf 83' lang='lat' dir='ltr'><strong>nepos</strong></span> <span class='ocrx_word' id='word_1_192' title='bbox 2599 1717 2667 1772; x_wconf 89' lang='lat' dir='ltr'><strong>ab</strong></span> <span class='ocrx_word' id='word_1_193' title='bbox 2703 1732 2806 1772; x_wconf 86' lang='lat' dir='ltr'><strong>avo</strong></span> <span class='ocrx_word' id='word_1_194' title='bbox 2832 1716 3108 1774; x_wconf 87' lang='lat' dir='ltr'><strong>dissidens</strong></span> <span class='ocrx_word' id='word_1_195' title='bbox 3130 1716 3527 1787; x_wconf 82' lang='lat' dir='ltr'><strong>Adrianopolin</strong></span> <span class='ocrx_word' id='word_1_196' title='bbox 3555 1718 3727 1784; x_wconf 87' lang='lat' dir='ltr'><strong>venit,</strong></span> 
     </span>
    </p>
   </div>
   <div class='ocr_carea' id='block_1_28' title="bbox 460 1794 2041 1877">
    <p class='ocr_par' dir='ltr' id='par_1_28' title="bbox 460 1794 2041 1869">
     <span class='ocr_line' id='line_1_28' title="bbox 460 1794 2041 1869; baseline 0.001 -22"><span class='ocrx_word' id='word_1_197' title='bbox 460 1794 558 1847; x_wconf 68' lang='grc' dir='ltr'>καὶ</span> <span class='ocrx_word' id='word_1_198' title='bbox 615 1796 807 1864; x_wconf 82' lang='grc' dir='ltr'>χρόνου</span> <span class='ocrx_word' id='word_1_199' title='bbox 847 1795 1058 1849; x_wconf 78' lang='grc' dir='ltr'>δεῖσθαι</span> <span class='ocrx_word' id='word_1_200' title='bbox 1102 1796 1297 1867; x_wconf 86' lang='grc' dir='ltr'>συχνοῦ</span> <span class='ocrx_word' id='word_1_201' title='bbox 1348 1799 1485 1868; x_wconf 73' lang='grc' dir='ltr'>πρὸς</span> <span class='ocrx_word' id='word_1_202' title='bbox 1527 1800 1628 1869; x_wconf 74' lang='grc' dir='ltr'>τὴν</span> <span class='ocrx_word' id='word_1_203' title='bbox 1666 1797 2041 1867; x_wconf 80' lang='grc' dir='ltr'>παρασκευήν.</span> 
     </span>
    </p>
   </div>
   <div class='ocr_carea' id='block_1_29' title="bbox 2140 1794 3733 1877">
    <p class='ocr_par' dir='ltr' id='par_1_29' title="bbox 2154 1806 3733 1877">
     <span class='ocr_line' id='line_1_29' title="bbox 2154 1806 3733 1877; baseline 0.001 -17"><span class='ocrx_word' id='word_1_204' title='bbox 2154 1821 2327 1876; x_wconf 85' lang='lat' dir='ltr'><strong>usque</strong></span> <span class='ocrx_word' id='word_1_205' title='bbox 2367 1806 2436 1861; x_wconf 84' lang='lat' dir='ltr'><strong>ad</strong></span> <span class='ocrx_word' id='word_1_206' title='bbox 2488 1807 2642 1862; x_wconf 88' lang='lat' dir='ltr'><strong>illum</strong></span> <span class='ocrx_word' id='word_1_207' title='bbox 2686 1807 2831 1863; x_wconf 89' lang='lat' dir='ltr'><strong>diem</strong></span> <span class='ocrx_word' id='word_1_208' title='bbox 2868 1807 3039 1863; x_wconf 86' lang='lat' dir='ltr'><strong>rebus</strong></span> <span class='ocrx_word' id='word_1_209' title='bbox 3080 1808 3340 1863; x_wconf 84' lang='lat' dir='ltr'><strong>omnibus</strong></span> <span class='ocrx_word' id='word_1_210' title='bbox 3369 1808 3622 1877; x_wconf 79' lang='lat' dir='ltr'><strong>agundis,</strong></span> <span class='ocrx_word' id='word_1_211' title='bbox 3649 1817 3733 1861; x_wconf 81' lang='lat' dir='ltr'><strong>at-</strong></span> 
     </span>
    </p>
   </div>
   <div class='ocr_carea' id='block_1_30' title="bbox 471 1887 2041 1969">
    <p class='ocr_par' dir='ltr' id='par_1_30' title="bbox 471 1887 2040 1962">
     <span class='ocr_line' id='line_1_30' title="bbox 471 1887 2040 1962; baseline 0 -20"><span class='ocrx_word' id='word_1_212' title='bbox 471 1887 636 1942; x_wconf 68' lang='grc' dir='ltr'>Ἀλλά</span> <span class='ocrx_word' id='word_1_213' title='bbox 663 1887 837 1943; x_wconf 87' lang='grc' dir='ltr'>ταῦτα</span> <span class='ocrx_word' id='word_1_214' title='bbox 870 1888 968 1960; x_wconf 81' lang='grc' dir='ltr'>μὲν</span> <span class='ocrx_word' id='word_1_215' title='bbox 987 1889 1233 1946; x_wconf 87' lang='grc' dir='ltr'>τοιαῦτα.</span> <span class='ocrx_word' id='word_1_216' title='bbox 1280 1889 1369 1956; x_wconf 82' lang='grc' dir='ltr'><strong>Ἐξ</strong></span> <span class='ocrx_word' id='word_1_217' title='bbox 1392 1890 1605 1944; x_wconf 86' lang='grc' dir='ltr'>ἐκείνου</span> <span class='ocrx_word' id='word_1_218' title='bbox 1632 1890 1689 1944; x_wconf 87' lang='grc' dir='ltr'><strong>δέ</strong></span> <span class='ocrx_word' id='word_1_219' title='bbox 1715 1891 1810 1944; x_wconf 80' lang='grc' dir='ltr'><strong>τοῦ</strong></span> <span class='ocrx_word' id='word_1_220' title='bbox 1840 1891 2040 1962; x_wconf 88' lang='grc' dir='ltr'>χρόνου</span> 
     </span>
    </p>
   </div>
   <div class='ocr_carea' id='block_1_31' title="bbox 2140 1887 3733 1969">
    <p class='ocr_par' dir='ltr' id='par_1_31' title="bbox 2152 1896 3733 1969">
     <span class='ocr_line' id='line_1_31' title="bbox 2152 1896 3733 1969; baseline 0.001 -18"><span class='ocrx_word' id='word_1_221' title='bbox 2152 1910 2261 1965; x_wconf 88' lang='lat' dir='ltr'><strong>que</strong></span> <span class='ocrx_word' id='word_1_222' title='bbox 2309 1896 2481 1952; x_wconf 88' lang='lat' dir='ltr'><strong>etiam</strong></span> <span class='ocrx_word' id='word_1_223' title='bbox 2510 1896 2884 1967; x_wconf 85' lang='lat' dir='ltr'><strong>imperatoriis</strong></span> <span class='ocrx_word' id='word_1_224' title='bbox 2914 1898 3253 1969; x_wconf 87' lang='lat' dir='ltr'><strong>diplomatis,</strong></span> <span class='ocrx_word' id='word_1_225' title='bbox 3281 1913 3405 1968; x_wconf 62' lang='lat' dir='ltr'><strong>qua;</strong></span> <span class='ocrx_word' id='word_1_226' title='bbox 3427 1898 3493 1953; x_wconf 87' lang='lat' dir='ltr'><strong>ad</strong></span> <span class='ocrx_word' id='word_1_227' title='bbox 3519 1898 3733 1968; x_wconf 82' lang='lat' dir='ltr'><strong>aliquid</strong></span> 
     </span>
    </p>
   </div>
   <div class='ocr_carea' id='block_1_32' title="bbox 464 1959 2041 2060">
    <p class='ocr_par' dir='ltr' id='par_1_32' title="bbox 464 1959 2041 2060">
     <span class='ocr_line' id='line_1_32' title="bbox 464 1959 2041 2060; baseline 0.004 -31"><span class='ocrx_word' id='word_1_228' title='bbox 464 1977 528 2045; x_wconf 78' lang='grc' dir='ltr'>ἐξ</span> <span class='ocrx_word' id='word_1_229' title='bbox 565 1978 687 2034; x_wconf 82' lang='grc' dir='ltr'>δτου</span> <span class='ocrx_word' id='word_1_230' title='bbox 743 1959 1003 2051; x_wconf 78' lang='grc' dir='ltr'>βασιλεὺς</span> <span class='ocrx_word' id='word_1_231' title='bbox 1043 1980 1072 2035; x_wconf 84' lang='grc' dir='ltr'><strong>ό</strong></span> <span class='ocrx_word' id='word_1_232' title='bbox 1105 1980 1224 2045; x_wconf 73' lang='grc' dir='ltr'>νιος</span> <span class='ocrx_word' id='word_1_233' title='bbox 1254 1981 1351 2036; x_wconf 85' lang='grc' dir='ltr'><strong>τοῦ</strong></span> <span class='ocrx_word' id='word_1_234' title='bbox 1384 1982 1617 2060; x_wconf 76' lang='grc' dir='ltr'>πάππου</span> <span class='ocrx_word' id='word_1_235' title='bbox 1651 1984 1749 2037; x_wconf 74' lang='grc' dir='ltr'>καὶ</span> <span class='ocrx_word' id='word_1_236' title='bbox 1781 1959 2041 2053; x_wconf 82' lang='grc' dir='ltr'>βασιλέως</span> 
     </span>
    </p>
   </div>
   <div class='ocr_carea' id='block_1_33' title="bbox 2140 1959 3735 2060">
    <p class='ocr_par' dir='ltr' id='par_1_33' title="bbox 2151 1959 3735 2060">
     <span class='ocr_line' id='line_1_33' title="bbox 2151 1959 3735 2060; baseline 0.002 -20"><span class='ocrx_word' id='word_1_237' title='bbox 2151 1959 2606 2042; x_wconf 70' lang='lat' dir='ltr'><strong>conﬁrmandum</strong></span> <span class='ocrx_word' id='word_1_238' title='bbox 2640 1959 3042 2055; x_wconf 74' lang='lat' dir='ltr'><strong>scriberentur,</strong></span> <span class='ocrx_word' id='word_1_239' title='bbox 3092 2004 3193 2058; x_wconf 88' lang='lat' dir='ltr'><strong>per</strong></span> <span class='ocrx_word' id='word_1_240' title='bbox 3344 2004 3579 2060; x_wconf 74' lang='lat' dir='ltr'><strong>magnus</strong></span> <span class='ocrx_word' id='word_1_241' title='bbox 3612 1959 3735 2043; x_wconf 54' lang='lat' dir='ltr'><strong>de-</strong></span> 
     </span>
    </p>
   </div>
   <div class='ocr_carea' id='block_1_34' title="bbox 456 2058 2041 2148">
    <p class='ocr_par' dir='ltr' id='par_1_34' title="bbox 456 2058 2041 2148">
     <span class='ocr_line' id='line_1_34' title="bbox 456 2058 2041 2148; baseline 0.002 -23"><span class='ocrx_word' id='word_1_242' title='bbox 456 2069 719 2140; x_wconf 77' lang='grc' dir='ltr'>διαστὰς,</span> <span class='ocrx_word' id='word_1_243' title='bbox 782 2072 866 2137; x_wconf 86' lang='grc' dir='ltr'><strong>είς</strong></span> <span class='ocrx_word' id='word_1_244' title='bbox 920 2072 1367 2145; x_wconf 82' lang='grc' dir='ltr'>Ἀδριανοὺπολιν</span> <span class='ocrx_word' id='word_1_245' title='bbox 1432 2058 1541 2148; x_wconf 66' lang='grc' dir='ltr'>ἧκν</span> <span class='ocrx_word' id='word_1_246' title='bbox 1592 2074 1721 2147; x_wconf 87' lang='grc' dir='ltr'>άχρι</span> <span class='ocrx_word' id='word_1_247' title='bbox 1771 2074 1867 2128; x_wconf 73' lang='grc' dir='ltr'>καὶ</span> <span class='ocrx_word' id='word_1_248' title='bbox 1925 2072 2041 2128; x_wconf 76' lang='grc' dir='ltr'>τότε</span> 
     </span>
    </p>
   </div>
   <div class='ocr_carea' id='block_1_35' title="bbox 2140 2058 3759 2148">
    <p class='ocr_par' dir='ltr' id='par_1_35' title="bbox 2151 2058 3759 2147">
     <span class='ocr_line' id='line_1_35' title="bbox 2151 2058 3759 2147; baseline -0.001 -17"><span class='ocrx_word' id='word_1_249' title='bbox 2151 2076 2416 2140; x_wconf 84' lang='lat' dir='ltr'><strong>mesticus</strong></span> <span class='ocrx_word' id='word_1_250' title='bbox 2446 2074 2775 2145; x_wconf 66' lang='lat' dir='ltr'><strong>praefuerat;</strong></span> <span class='ocrx_word' id='word_1_251' title='bbox 2808 2076 2879 2130; x_wconf 80' lang='lat' dir='ltr'><strong>ne</strong></span> <span class='ocrx_word' id='word_1_252' title='bbox 2902 2074 3038 2147; x_wconf 90' lang='lat' dir='ltr'><strong>quid</strong></span> <span class='ocrx_word' id='word_1_253' title='bbox 3064 2089 3163 2145; x_wconf 91' lang='lat' dir='ltr'><strong>per</strong></span> <span class='ocrx_word' id='word_1_254' title='bbox 3187 2058 3501 2130; x_wconf 70' lang='lat' dir='ltr'><strong>socordiam</strong></span> <span class='ocrx_word' id='word_1_255' title='bbox 3564 2074 3759 2146; x_wconf 63' lang='lat'><strong>203.</strong></span> 
     </span>
    </p>
   </div>
   <div class='ocr_carea' id='block_1_36' title="bbox 458 2162 2041 2239">
    <p class='ocr_par' dir='ltr' id='par_1_36' title="bbox 458 2162 2041 2239">
     <span class='ocr_line' id='line_1_36' title="bbox 458 2162 2041 2239; baseline 0.003 -23"><span class='ocrx_word' id='word_1_256' title='bbox 458 2164 574 2223; x_wconf 75' lang='grc' dir='ltr'>τοῖς</span> <span class='ocrx_word' id='word_1_257' title='bbox 628 2180 689 2217; x_wconf 87' lang='grc' dir='ltr'><strong>τε</strong></span> <span class='ocrx_word' id='word_1_258' title='bbox 736 2162 919 2229; x_wconf 76' lang='grc' dir='ltr'>ἄλλοις</span> <span class='ocrx_word' id='word_1_259' title='bbox 965 2166 1141 2219; x_wconf 77' lang='grc' dir='ltr'>ἅπασι</span> <span class='ocrx_word' id='word_1_260' title='bbox 1191 2168 1302 2230; x_wconf 85' lang='grc' dir='ltr'>τοῖς</span> <span class='ocrx_word' id='word_1_261' title='bbox 1357 2167 1777 2239; x_wconf 77' lang='grc' dir='ltr'>πραττομένοις,</span> <span class='ocrx_word' id='word_1_262' title='bbox 1832 2171 1927 2222; x_wconf 80' lang='grc' dir='ltr'>καὶ</span> <span class='ocrx_word' id='word_1_263' title='bbox 1975 2166 2041 2238; x_wconf 81' lang='grc' dir='ltr'>δὴ</span> 
     </span>
    </p>
   </div>
   <div class='ocr_carea' id='block_1_37' title="bbox 2140 2162 3761 2239">
    <p class='ocr_par' dir='ltr' id='par_1_37' title="bbox 2150 2167 3761 2238">
     <span class='ocr_line' id='line_1_37' title="bbox 2150 2167 3761 2238; baseline 0.002 -18"><span class='ocrx_word' id='word_1_264' title='bbox 2150 2167 2617 2237; x_wconf 78' lang='lat' dir='ltr'><strong>malignitatemve</strong></span> <span class='ocrx_word' id='word_1_265' title='bbox 2664 2168 2903 2224; x_wconf 87' lang='lat' dir='ltr'><strong>aliorum</strong></span> <span class='ocrx_word' id='word_1_266' title='bbox 2924 2208 2944 2235; x_wconf 90' lang='lat'><strong>,</strong></span> <span class='ocrx_word' id='word_1_267' title='bbox 2980 2167 3188 2238; x_wconf 84' lang='lat' dir='ltr'><strong>quibus</strong></span> <span class='ocrx_word' id='word_1_268' title='bbox 3217 2183 3283 2224; x_wconf 89' lang='lat' dir='ltr'><strong>ea</strong></span> <span class='ocrx_word' id='word_1_269' title='bbox 3312 2168 3761 2223; x_wconf 55' lang='lat' dir='ltr'><strong>committeret!»</strong></span> 
     </span>
    </p>
   </div>
   <div class='ocr_carea' id='block_1_38' title="bbox 459 2254 2041 2331">
    <p class='ocr_par' dir='ltr' id='par_1_38' title="bbox 459 2255 2041 2331">
     <span class='ocr_line' id='line_1_38' title="bbox 459 2255 2041 2331; baseline 0.003 -21"><span class='ocrx_word' id='word_1_270' title='bbox 459 2259 558 2310; x_wconf 79' lang='grc' dir='ltr'>καὶ</span> <span class='ocrx_word' id='word_1_271' title='bbox 605 2257 719 2320; x_wconf 86' lang='grc' dir='ltr'>τοῖς</span> <span class='ocrx_word' id='word_1_272' title='bbox 770 2255 1076 2327; x_wconf 82' lang='grc' dir='ltr'>βασιλικοῖς</span> <span class='ocrx_word' id='word_1_273' title='bbox 1122 2259 1453 2331; x_wconf 88' lang='grc' dir='ltr'>γράμμασιν</span> <span class='ocrx_word' id='word_1_274' title='bbox 1501 2261 1538 2315; x_wconf 74' lang='grc' dir='ltr'><strong>ἃ.</strong></span> <span class='ocrx_word' id='word_1_275' title='bbox 1589 2258 2041 2331; x_wconf 62' lang='grc' dir='ltr'>ἐπεῖβεὸαιώσει</span> 
     </span>
    </p>
   </div>
   <div class='ocr_carea' id='block_1_39' title="bbox 2140 2254 3753 2331">
    <p class='ocr_par' dir='ltr' id='par_1_39' title="bbox 2149 2254 3753 2321">
     <span class='ocr_line' id='line_1_39' title="bbox 2149 2254 3753 2321; baseline 0.001 -12"><span class='ocrx_word' id='word_1_276' title='bbox 2149 2262 2261 2321; x_wconf 90' lang='lat' dir='ltr'><strong>tur,</strong></span> <span class='ocrx_word' id='word_1_277' title='bbox 2292 2254 2605 2312; x_wconf 85' lang='lat' dir='ltr'><strong>sinisterius</strong></span> <span class='ocrx_word' id='word_1_278' title='bbox 2627 2254 2784 2310; x_wconf 82' lang='lat' dir='ltr'><strong>ﬂeret</strong></span> <span class='ocrx_word' id='word_1_279' title='bbox 2809 2274 2823 2310; x_wconf 91' lang='lat'><strong>:</strong></span> <span class='ocrx_word' id='word_1_280' title='bbox 2859 2269 2960 2311; x_wconf 88' lang='lat' dir='ltr'><strong>nec</strong></span> <span class='ocrx_word' id='word_1_281' title='bbox 2982 2255 3239 2312; x_wconf 81' lang='lat' dir='ltr'><strong>levesin</strong></span> <span class='ocrx_word' id='word_1_282' title='bbox 3259 2271 3328 2311; x_wconf 91' lang='lat' dir='ltr'><strong>eo</strong></span> <span class='ocrx_word' id='word_1_283' title='bbox 3352 2255 3575 2312; x_wconf 83' lang='lat' dir='ltr'><strong>labores</strong></span> <span class='ocrx_word' id='word_1_284' title='bbox 3603 2271 3753 2311; x_wconf 44' lang='lat' dir='ltr'><strong>sust</strong></span> 
     </span>
    </p>
   </div>
   <div class='ocr_carea' id='block_1_40' title="bbox 440 2344 2045 2421">
    <p class='ocr_par' dir='ltr' id='par_1_40' title="bbox 440 2344 2045 2421">
     <span class='ocr_line' id='line_1_40' title="bbox 440 2344 2045 2421; baseline 0.001 -19"><span class='ocrx_word' id='word_1_285' title='bbox 440 2344 670 2417; x_wconf 85' lang='grc' dir='ltr'>’ἐγίνετό</span> <span class='ocrx_word' id='word_1_286' title='bbox 719 2365 865 2412; x_wconf 88' lang='grc' dir='ltr'>τινος</span> <span class='ocrx_word' id='word_1_287' title='bbox 921 2348 989 2402; x_wconf 88' lang='grc' dir='ltr'>δι’</span> <span class='ocrx_word' id='word_1_288' title='bbox 1024 2349 1220 2403; x_wconf 84' lang='grc' dir='ltr'>ἐαυτοῦ</span> <span class='ocrx_word' id='word_1_289' title='bbox 1274 2350 1369 2404; x_wconf 88' lang='grc' dir='ltr'><strong>τοῦ</strong></span> <span class='ocrx_word' id='word_1_290' title='bbox 1424 2350 1663 2421; x_wconf 84' lang='grc' dir='ltr'>μεγάλου</span> <span class='ocrx_word' id='word_1_291' title='bbox 1719 2350 2045 2420; x_wconf 86' lang='grc' dir='ltr'>δομεστίκου</span> 
     </span>
    </p>
   </div>
   <div class='ocr_carea' id='block_1_41' title="bbox 461 2438 2045 2515">
    <p class='ocr_par' dir='ltr' id='par_1_41' title="bbox 461 2438 2045 2515">
     <span class='ocr_line' id='line_1_41' title="bbox 461 2438 2045 2515; baseline 0.001 -22"><span class='ocrx_word' id='word_1_292' title='bbox 461 2438 902 2504; x_wconf 73' lang='grc' dir='ltr'>ἐπιστατοῦντος,</span> <span class='ocrx_word' id='word_1_293' title='bbox 926 2439 1038 2495; x_wconf 84' lang='grc' dir='ltr'>δέει</span> <span class='ocrx_word' id='word_1_294' title='bbox 1070 2440 1164 2494; x_wconf 90' lang='grc' dir='ltr'><strong>τοῦ</strong></span> <span class='ocrx_word' id='word_1_295' title='bbox 1209 2444 1284 2513; x_wconf 83' lang='grc' dir='ltr'>μή</span> <span class='ocrx_word' id='word_1_296' title='bbox 1318 2460 1371 2496; x_wconf 91' lang='grc' dir='ltr'><strong>τι</strong></span> <span class='ocrx_word' id='word_1_297' title='bbox 1400 2443 1506 2497; x_wconf 88' lang='grc' dir='ltr'><strong>τῶν</strong></span> <span class='ocrx_word' id='word_1_298' title='bbox 1551 2444 1626 2515; x_wconf 86' lang='grc' dir='ltr'>μὴ</span> <span class='ocrx_word' id='word_1_299' title='bbox 1654 2441 2045 2515; x_wconf 82' lang='grc' dir='ltr'>προσηκόντων</span> 
     </span>
    </p>
   </div>
   <div class='ocr_carea' id='block_1_42' title="bbox 461 2537 2044 2609">
    <p class='ocr_par' dir='ltr' id='par_1_42' title="bbox 461 2537 2044 2609">
     <span class='ocr_line' id='line_1_42' title="bbox 461 2537 2044 2609; baseline 0 -19"><span class='ocrx_word' id='word_1_300' title='bbox 461 2537 714 2606; x_wconf 83' lang='grc' dir='ltr'>γενέσθαι</span> <span class='ocrx_word' id='word_1_301' title='bbox 748 2537 781 2609; x_wconf 79' lang='grc' dir='ltr'><strong>ἢ</strong></span> <span class='ocrx_word' id='word_1_302' title='bbox 829 2537 918 2593; x_wconf 79' lang='grc' dir='ltr'>διὰ</span> <span class='ocrx_word' id='word_1_303' title='bbox 954 2537 1252 2609; x_wconf 82' lang='grc' dir='ltr'>ρᾳθυμίαν,</span> <span class='ocrx_word' id='word_1_304' title='bbox 1282 2540 1315 2609; x_wconf 78' lang='grc' dir='ltr'>ἦ</span> <span class='ocrx_word' id='word_1_305' title='bbox 1348 2539 1435 2593; x_wconf 77' lang='grc' dir='ltr'><strong>διὰ</strong></span> <span class='ocrx_word' id='word_1_306' title='bbox 1463 2539 1754 2593; x_wconf 80' lang='grc' dir='ltr'>κακόνοιαν</span> <span class='ocrx_word' id='word_1_307' title='bbox 1784 2538 1894 2591; x_wconf 90' lang='grc' dir='ltr'><strong>τῶν</strong></span> <span class='ocrx_word' id='word_1_308' title='bbox 1920 2540 2044 2590; x_wconf 83' lang='grc' dir='ltr'>ἐπι-</span> 
     </span>
    </p>
   </div>
   <div class='ocr_carea' id='block_1_43' title="bbox 459 2630 2043 2705">
    <p class='ocr_par' dir='ltr' id='par_1_43' title="bbox 459 2630 2043 2705">
     <span class='ocr_line' id='line_1_43' title="bbox 459 2630 2043 2705; baseline 0.001 -21"><span class='ocrx_word' id='word_1_309' title='bbox 459 2631 880 2701; x_wconf 84' lang='grc' dir='ltr'>τετραμμένων,</span> <span class='ocrx_word' id='word_1_310' title='bbox 935 2631 1033 2685; x_wconf 78' lang='grc' dir='ltr'>καὶ</span> <span class='ocrx_word' id='word_1_311' title='bbox 1065 2632 1125 2683; x_wconf 72' lang='grc' dir='ltr'>οὐ</span> <span class='ocrx_word' id='word_1_312' title='bbox 1178 2633 1374 2705; x_wconf 85' lang='grc' dir='ltr'>μικρόν</span> <span class='ocrx_word' id='word_1_313' title='bbox 1415 2650 1538 2686; x_wconf 84' lang='grc' dir='ltr'>τινα</span> <span class='ocrx_word' id='word_1_314' title='bbox 1592 2632 1680 2686; x_wconf 79' lang='grc' dir='ltr'>διὰ</span> <span class='ocrx_word' id='word_1_315' title='bbox 1723 2631 1899 2685; x_wconf 88' lang='grc' dir='ltr'>ταῦτα</span> <span class='ocrx_word' id='word_1_316' title='bbox 1948 2630 2043 2686; x_wconf 81' lang='grc' dir='ltr'>τὸν</span> 
     </span>
    </p>
   </div>
   <div class='ocr_carea' id='block_1_44' title="bbox 463 2721 2037 2801">
    <p class='ocr_par' dir='ltr' id='par_1_44' title="bbox 463 2721 2037 2801">
     <span class='ocr_line' id='line_1_44' title="bbox 463 2721 2037 2801; baseline -0.001 -24"><span class='ocrx_word' id='word_1_317' title='bbox 463 2724 625 2777; x_wconf 81' lang='grc' dir='ltr'>πόνον</span> <span class='ocrx_word' id='word_1_318' title='bbox 659 2721 1063 2792; x_wconf 78' lang='grc' dir='ltr'>ὑφισταμένου,</span> <span class='ocrx_word' id='word_1_319' title='bbox 1096 2724 1247 2794; x_wconf 84' lang='grc' dir='ltr'>ὅμως</span> <span class='ocrx_word' id='word_1_320' title='bbox 1274 2722 1584 2790; x_wconf 81' lang='grc' dir='ltr'>ἀναγκαίαν</span> <span class='ocrx_word' id='word_1_321' title='bbox 1617 2723 1718 2794; x_wconf 79' lang='grc' dir='ltr'>τὴν</span> <span class='ocrx_word' id='word_1_322' title='bbox 1748 2721 2037 2801; x_wconf 84' lang='grc' dir='ltr'>πρόνοιαν,</span> 
     </span>
    </p>
   </div>
   <div class='ocr_carea' id='block_1_45' title="bbox 471 2815 2040 2887">
    <p class='ocr_par' dir='ltr' id='par_1_45' title="bbox 471 2815 2040 2887">
     <span class='ocr_line' id='line_1_45' title="bbox 471 2815 2040 2887; baseline -0.001 -18"><span class='ocrx_word' id='word_1_323' title='bbox 471 2818 554 2869; x_wconf 66' lang='grc' dir='ltr'><strong>καὶ</strong></span> <span class='ocrx_word' id='word_1_324' title='bbox 580 2816 677 2876; x_wconf 83' lang='grc' dir='ltr'>τὴν</span> <span class='ocrx_word' id='word_1_325' title='bbox 707 2815 801 2868; x_wconf 76' lang='grc' dir='ltr'>ἐπὶ</span> <span class='ocrx_word' id='word_1_326' title='bbox 824 2816 962 2868; x_wconf 76' lang='grc' dir='ltr'>πᾶσι</span> <span class='ocrx_word' id='word_1_327' title='bbox 1014 2817 1275 2886; x_wconf 80' lang='grc' dir='ltr'>φροντίδα</span> <span class='ocrx_word' id='word_1_328' title='bbox 1301 2815 1680 2887; x_wconf 71' lang='grc' dir='ltr'>λογιζομένου,</span> <span class='ocrx_word' id='word_1_329' title='bbox 1714 2818 1812 2870; x_wconf 75' lang='grc' dir='ltr'>καὶ</span> <span class='ocrx_word' id='word_1_330' title='bbox 1841 2816 1906 2886; x_wconf 89' lang='grc' dir='ltr'><strong>φέ</strong></span> <span class='ocrx_word' id='word_1_331' title='bbox 1919 2833 2040 2887; x_wconf 85' lang='grc' dir='ltr'>ρον-</span> 
     </span>
    </p>
   </div>
   <div class='ocr_carea' id='block_1_46' title="bbox 474 2904 2038 2979">
    <p class='ocr_par' dir='ltr' id='par_1_46' title="bbox 474 2904 2038 2979">
     <span class='ocr_line' id='line_1_46' title="bbox 474 2904 2038 2979; baseline -0.001 -20"><span class='ocrx_word' id='word_1_332' title='bbox 474 2924 555 2971; x_wconf 83' lang='grc' dir='ltr'><strong>τος</strong></span> <span class='ocrx_word' id='word_1_333' title='bbox 578 2909 664 2960; x_wconf 75' lang='grc' dir='ltr'>τὸν</span> <span class='ocrx_word' id='word_1_334' title='bbox 695 2907 945 2978; x_wconf 86' lang='grc' dir='ltr'>κάματον</span> <span class='ocrx_word' id='word_1_335' title='bbox 996 2910 1144 2979; x_wconf 80' lang='grc' dir='ltr'>σιγῇ,</span> <span class='ocrx_word' id='word_1_336' title='bbox 1177 2907 1299 2961; x_wconf 87' lang='grc' dir='ltr'>τότε</span> <span class='ocrx_word' id='word_1_337' title='bbox 1334 2908 1390 2961; x_wconf 80' lang='grc' dir='ltr'>δὲ</span> <span class='ocrx_word' id='word_1_338' title='bbox 1411 2907 1519 2961; x_wconf 89' lang='grc' dir='ltr'><strong>τῶν</strong></span> <span class='ocrx_word' id='word_1_339' title='bbox 1550 2907 1831 2978; x_wconf 73' lang='grc' dir='ltr'>ἐμφυλίων</span> <span class='ocrx_word' id='word_1_340' title='bbox 1873 2904 2038 2960; x_wconf 76' lang='grc' dir='ltr'>πολέ-</span> 
     </span>
    </p>
   </div>
   <div class='ocr_carea' id='block_1_47' title="bbox 468 2980 2039 3071">
    <p class='ocr_par' dir='ltr' id='par_1_47' title="bbox 468 2980 2039 3071">
     <span class='ocr_line' id='line_1_47' title="bbox 468 2980 2039 3071; baseline -0.003 -15"><span class='ocrx_word' id='word_1_341' title='bbox 468 3019 586 3071; x_wconf 74' lang='grc' dir='ltr'><strong>μων</strong></span> <span class='ocrx_word' id='word_1_342' title='bbox 601 3001 892 3068; x_wconf 78' lang='grc' dir='ltr'>λυθέντων,</span> <span class='ocrx_word' id='word_1_343' title='bbox 921 3001 1016 3055; x_wconf 76' lang='grc' dir='ltr'>καὶ</span> <span class='ocrx_word' id='word_1_344' title='bbox 1043 2980 1416 3071; x_wconf 83' lang='grc' dir='ltr'>πεπαυμένων</span> <span class='ocrx_word' id='word_1_345' title='bbox 1441 3000 1551 3054; x_wconf 81' lang='grc' dir='ltr'><strong>τῶν</strong></span> <span class='ocrx_word' id='word_1_346' title='bbox 1600 2997 1911 3054; x_wconf 77' lang='grc' dir='ltr'>ἐπιϐουλῶν</span> <span class='ocrx_word' id='word_1_347' title='bbox 1939 2998 2039 3052; x_wconf 77' lang='grc' dir='ltr'>καὶ</span> 
     </span>
    </p>
   </div>
   <div class='ocr_carea' id='block_1_48' title="bbox 462 3090 2037 3164">
    <p class='ocr_par' dir='ltr' id='par_1_48' title="bbox 462 3090 2037 3164">
     <span class='ocr_line' id='line_1_48' title="bbox 462 3090 2037 3164; baseline -0.003 -16"><span class='ocrx_word' id='word_1_348' title='bbox 462 3095 750 3164; x_wconf 81' lang='grc' dir='ltr'>ὑπονοιῶν,</span> <span class='ocrx_word' id='word_1_349' title='bbox 794 3095 938 3164; x_wconf 77' lang='grc' dir='ltr'>ἔγνω</span> <span class='ocrx_word' id='word_1_350' title='bbox 970 3095 1082 3148; x_wconf 87' lang='grc' dir='ltr'>δεῖν</span> <span class='ocrx_word' id='word_1_351' title='bbox 1138 3097 1229 3149; x_wconf 77' lang='grc' dir='ltr'>καὶ</span> <span class='ocrx_word' id='word_1_352' title='bbox 1257 3094 1419 3158; x_wconf 75' lang='grc' dir='ltr'>αὐτὸς</span> <span class='ocrx_word' id='word_1_353' title='bbox 1456 3093 1568 3147; x_wconf 91' lang='grc' dir='ltr'><strong>τῶν</strong></span> <span class='ocrx_word' id='word_1_354' title='bbox 1621 3092 1803 3146; x_wconf 88' lang='grc' dir='ltr'>πόνων</span> <span class='ocrx_word' id='word_1_355' title='bbox 1842 3090 2037 3145; x_wconf 72' lang='grc' dir='ltr'>ἑαυτὸν</span> 
     </span>
    </p>
   </div>
   <div class='ocr_carea' id='block_1_49' title="bbox 459 3183 2037 3260">
    <p class='ocr_par' dir='ltr' id='par_1_49' title="bbox 459 3183 2037 3260">
     <span class='ocr_line' id='line_1_49' title="bbox 459 3183 2037 3260; baseline -0.004 -17"><span class='ocrx_word' id='word_1_356' title='bbox 459 3190 666 3243; x_wconf 85' lang='grc' dir='ltr'>άνείναι</span> <span class='ocrx_word' id='word_1_357' title='bbox 695 3187 914 3260; x_wconf 87' lang='grc' dir='ltr'>μικρόν.</span> <span class='ocrx_word' id='word_1_358' title='bbox 955 3188 1067 3241; x_wconf 79' lang='grc' dir='ltr'><strong>Καὶ</strong></span> <span class='ocrx_word' id='word_1_359' title='bbox 1099 3186 1309 3258; x_wconf 83' lang='grc' dir='ltr'>βασιλεῖ</span> <span class='ocrx_word' id='word_1_360' title='bbox 1340 3184 1679 3259; x_wconf 80' lang='grc' dir='ltr'>προσελθὼν,</span> <span class='ocrx_word' id='word_1_361' title='bbox 1714 3185 1810 3238; x_wconf 90' lang='grc' dir='ltr'><strong>τόν</strong></span> <span class='ocrx_word' id='word_1_362' title='bbox 1847 3201 1908 3239; x_wconf 84' lang='grc' dir='ltr'><strong>τε</strong></span> <span class='ocrx_word' id='word_1_363' title='bbox 1943 3183 2037 3237; x_wconf 75' lang='grc' dir='ltr'><strong>ἐπὶ</strong></span> 
     </span>
    </p>
   </div>
   <div class='ocr_carea' id='block_1_50' title="bbox 456 3278 2110 3368">
    <p class='ocr_par' dir='ltr' id='par_1_50' title="bbox 456 3278 2110 3368">
     <span class='ocr_line' id='line_1_50' title="bbox 456 3278 2110 3368; baseline -0.004 -32"><span class='ocrx_word' id='word_1_364' title='bbox 456 3281 559 3337; x_wconf 89' lang='grc' dir='ltr'><strong>τοῦ</strong></span> <span class='ocrx_word' id='word_1_365' title='bbox 581 3281 846 3352; x_wconf 85' lang='grc' dir='ltr'>προτέρου</span> <span class='ocrx_word' id='word_1_366' title='bbox 869 3281 1063 3351; x_wconf 88' lang='grc' dir='ltr'>χρόνου</span> <span class='ocrx_word' id='word_1_367' title='bbox 1098 3281 1239 3354; x_wconf 79' lang='grc' dir='ltr'>πρὸς</span> <span class='ocrx_word' id='word_1_368' title='bbox 1272 3281 1374 3350; x_wconf 83' lang='grc' dir='ltr'>τὴν</span> <span class='ocrx_word' id='word_1_369' title='bbox 1407 3280 1682 3350; x_wconf 77' lang='grc' dir='ltr'>διοίκησιν</span> <span class='ocrx_word' id='word_1_370' title='bbox 1709 3278 1821 3333; x_wconf 90' lang='grc' dir='ltr'><strong>τῶν</strong></span> <span class='ocrx_word' id='word_1_371' title='bbox 1851 3293 2035 3350; x_wconf 88' lang='grc' dir='ltr'>πραγ-</span> <span class='ocrx_word' id='word_1_372' title='bbox 2061 3303 2110 3368; x_wconf 78' lang='lat' dir='ltr'>c</span> 
     </span>
    </p>
   </div>
   <div class='ocr_carea' id='block_1_51' title="bbox 462 3370 2036 3445">
    <p class='ocr_par' dir='ltr' id='par_1_51' title="bbox 462 3370 2036 3445">
     <span class='ocr_line' id='line_1_51' title="bbox 462 3370 2036 3445; baseline -0.001 -18"><span class='ocrx_word' id='word_1_373' title='bbox 462 3373 649 3445; x_wconf 80' lang='grc' dir='ltr'>μάτων</span> <span class='ocrx_word' id='word_1_374' title='bbox 678 3373 915 3444; x_wconf 86' lang='grc' dir='ltr'>διηγεῖτο</span> <span class='ocrx_word' id='word_1_375' title='bbox 955 3372 1139 3436; x_wconf 83' lang='grc' dir='ltr'>πόνον,</span> <span class='ocrx_word' id='word_1_376' title='bbox 1165 3372 1261 3425; x_wconf 74' lang='grc' dir='ltr'>καὶ</span> <span class='ocrx_word' id='word_1_377' title='bbox 1285 3373 1361 3436; x_wconf 83' lang='grc' dir='ltr'>ὡς</span> <span class='ocrx_word' id='word_1_378' title='bbox 1386 3372 1500 3425; x_wconf 90' lang='grc' dir='ltr'><strong>τῶν</strong></span> <span class='ocrx_word' id='word_1_379' title='bbox 1532 3370 1812 3443; x_wconf 71' lang='grc' dir='ltr'>ἐμφυλίων</span> <span class='ocrx_word' id='word_1_380' title='bbox 1843 3373 2036 3427; x_wconf 83' lang='grc' dir='ltr'>κακῶν</span> 
     </span>
    </p>
   </div>
   <div class='ocr_carea' id='block_1_52' title="bbox 458 3463 2036 3540">
    <p class='ocr_par' dir='ltr' id='par_1_52' title="bbox 458 3463 2036 3540">
     <span class='ocr_line' id='line_1_52' title="bbox 458 3463 2036 3540; baseline 0.003 -21"><span class='ocrx_word' id='word_1_381' title='bbox 458 3468 563 3540; x_wconf 70' lang='grc' dir='ltr'>ἥδη</span> <span class='ocrx_word' id='word_1_382' title='bbox 589 3465 979 3537; x_wconf 78' lang='grc' dir='ltr'>πεπαυμένων,</span> <span class='ocrx_word' id='word_1_383' title='bbox 1006 3466 1100 3519; x_wconf 70' lang='grc' dir='ltr'>καὶ</span> <span class='ocrx_word' id='word_1_384' title='bbox 1125 3464 1363 3536; x_wconf 79' lang='grc' dir='ltr'>ὑποψίας</span> <span class='ocrx_word' id='word_1_385' title='bbox 1394 3463 1562 3538; x_wconf 80' lang='grc' dir='ltr'>οὑσης</span> <span class='ocrx_word' id='word_1_386' title='bbox 1590 3466 1877 3538; x_wconf 77' lang='grc' dir='ltr'>οὐδεμιᾶς,</span> <span class='ocrx_word' id='word_1_387' title='bbox 1913 3467 2036 3523; x_wconf 85' lang='grc' dir='ltr'>δέον</span> 
     </span>
    </p>
   </div>
   <div class='ocr_carea' id='block_1_53' title="bbox 459 3555 2035 3629">
    <p class='ocr_par' dir='ltr' id='par_1_53' title="bbox 459 3555 2035 3629">
     <span class='ocr_line' id='line_1_53' title="bbox 459 3555 2035 3629; baseline 0.002 -18"><span class='ocrx_word' id='word_1_388' title='bbox 459 3557 716 3627; x_wconf 82' lang='grc' dir='ltr'>πρόνοιάν</span> <span class='ocrx_word' id='word_1_389' title='bbox 736 3575 857 3612; x_wconf 87' lang='grc' dir='ltr'>τινα</span> <span class='ocrx_word' id='word_1_390' title='bbox 881 3555 1213 3628; x_wconf 79' lang='grc' dir='ltr'>ποιήσασθαι</span> <span class='ocrx_word' id='word_1_391' title='bbox 1240 3555 1381 3611; x_wconf 83' lang='grc' dir='ltr'>ὥστε</span> <span class='ocrx_word' id='word_1_392' title='bbox 1414 3558 1487 3613; x_wconf 83' lang='grc' dir='ltr'><strong>τά</strong></span> <span class='ocrx_word' id='word_1_393' title='bbox 1511 3574 1571 3610; x_wconf 82' lang='grc' dir='ltr'><strong>τε</strong></span> <span class='ocrx_word' id='word_1_394' title='bbox 1599 3561 1902 3629; x_wconf 82' lang='grc' dir='ltr'>πράγματα</span> <span class='ocrx_word' id='word_1_395' title='bbox 1926 3559 2035 3614; x_wconf 84' lang='grc' dir='ltr'>ῶσ-</span> 
     </span>
    </p>
   </div>
   <div class='ocr_carea' id='block_1_54' title="bbox 461 3647 2037 3721">
    <p class='ocr_par' dir='ltr' id='par_1_54' title="bbox 461 3647 2037 3721">
     <span class='ocr_line' id='line_1_54' title="bbox 461 3647 2037 3721; baseline -0.001 -16"><span class='ocrx_word' id='word_1_396' title='bbox 461 3668 571 3720; x_wconf 81' lang='grc' dir='ltr'><strong>περ</strong></span> <span class='ocrx_word' id='word_1_397' title='bbox 587 3649 847 3721; x_wconf 87' lang='grc' dir='ltr'>πρότερον</span> <span class='ocrx_word' id='word_1_398' title='bbox 871 3648 1050 3712; x_wconf 86' lang='grc' dir='ltr'>καλῶς</span> <span class='ocrx_word' id='word_1_399' title='bbox 1072 3648 1167 3702; x_wconf 77' lang='grc' dir='ltr'>καὶ</span> <span class='ocrx_word' id='word_1_400' title='bbox 1187 3648 1262 3712; x_wconf 85' lang='grc' dir='ltr'><strong>ὡς</strong></span> <span class='ocrx_word' id='word_1_401' title='bbox 1283 3647 1404 3702; x_wconf 81' lang='grc' dir='ltr'>δέον</span> <span class='ocrx_word' id='word_1_402' title='bbox 1429 3648 1778 3712; x_wconf 82' lang='grc' dir='ltr'>διοικεῖσθαι,</span> <span class='ocrx_word' id='word_1_403' title='bbox 1803 3650 1904 3703; x_wconf 77' lang='grc' dir='ltr'>καὶ</span> <span class='ocrx_word' id='word_1_404' title='bbox 1933 3652 2037 3706; x_wconf 87' lang='grc' dir='ltr'>αὑ-</span> 
     </span>
    </p>
   </div>
   <div class='ocr_carea' id='block_1_55' title="bbox 456 3742 2038 3815">
    <p class='ocr_par' dir='ltr' id='par_1_55' title="bbox 456 3742 2038 3815">
     <span class='ocr_line' id='line_1_55' title="bbox 456 3742 2038 3815; baseline -0.003 -14"><span class='ocrx_word' id='word_1_405' title='bbox 456 3747 553 3801; x_wconf 75' lang='grc' dir='ltr'>τὸν</span> <span class='ocrx_word' id='word_1_406' title='bbox 609 3743 927 3815; x_wconf 85' lang='grc' dir='ltr'>ἀναπαὺλης</span> <span class='ocrx_word' id='word_1_407' title='bbox 959 3743 1103 3806; x_wconf 75' lang='grc' dir='ltr'>τινὸς</span> <span class='ocrx_word' id='word_1_408' title='bbox 1139 3743 1458 3813; x_wconf 83' lang='grc' dir='ltr'>τυγχάνειν.</span> <span class='ocrx_word' id='word_1_409' title='bbox 1519 3742 1691 3796; x_wconf 86' lang='grc' dir='ltr'>Τοῦτο</span> <span class='ocrx_word' id='word_1_410' title='bbox 1742 3743 1800 3796; x_wconf 81' lang='grc' dir='ltr'><strong>δέ</strong></span> <span class='ocrx_word' id='word_1_411' title='bbox 1841 3742 2038 3811; x_wconf 87' lang='grc' dir='ltr'>γένοιτ’</span> 
     </span>
    </p>
   </div>
   <div class='ocr_carea' id='block_1_56' title="bbox 458 3829 2035 3908">
    <p class='ocr_par' dir='ltr' id='par_1_56' title="bbox 458 3829 2035 3908">
     <span class='ocr_line' id='line_1_56' title="bbox 458 3829 2035 3908; baseline -0.003 -14"><span class='ocrx_word' id='word_1_412' title='bbox 458 3837 551 3904; x_wconf 70' lang='grc' dir='ltr'>ἂν,</span> <span class='ocrx_word' id='word_1_413' title='bbox 581 3839 627 3891; x_wconf 85' lang='grc' dir='ltr'><strong>εί</strong></span> <span class='ocrx_word' id='word_1_414' title='bbox 656 3837 756 3908; x_wconf 80' lang='grc' dir='ltr'>τήν</span> <span class='ocrx_word' id='word_1_415' title='bbox 775 3853 835 3890; x_wconf 89' lang='grc' dir='ltr'><strong>τε</strong></span> <span class='ocrx_word' id='word_1_416' title='bbox 852 3835 961 3890; x_wconf 89' lang='grc' dir='ltr'><strong>τῶν</strong></span> <span class='ocrx_word' id='word_1_417' title='bbox 988 3834 1292 3907; x_wconf 83' lang='grc' dir='ltr'>βασιλικῶν</span> <span class='ocrx_word' id='word_1_418' title='bbox 1315 3834 1665 3906; x_wconf 81' lang='grc' dir='ltr'>γραμμάτων</span> <span class='ocrx_word' id='word_1_419' title='bbox 1687 3829 2035 3900; x_wconf 72' lang='grc' dir='ltr'>ἐπιστασίαν,</span> 
     </span>
    </p>
   </div>
   <div class='ocr_carea' id='block_1_57' title="bbox 462 3927 2022 4000">
    <p class='ocr_par' dir='ltr' id='par_1_57' title="bbox 462 3927 2022 4000">
     <span class='ocr_line' id='line_1_57' title="bbox 462 3927 2022 4000; baseline -0.003 -15"><span class='ocrx_word' id='word_1_420' title='bbox 462 3930 558 3985; x_wconf 63' lang='grc' dir='ltr'><strong>καὶ¹</strong></span> <span class='ocrx_word' id='word_1_421' title='bbox 585 3930 682 3998; x_wconf 83' lang='grc' dir='ltr'>τὴν</span> <span class='ocrx_word' id='word_1_422' title='bbox 716 3931 808 3982; x_wconf 86' lang='grc' dir='ltr'><strong>ἐπί</strong></span> <span class='ocrx_word' id='word_1_423' title='bbox 830 3928 924 3983; x_wconf 91' lang='grc' dir='ltr'><strong>τοῦ</strong></span> <span class='ocrx_word' id='word_1_424' title='bbox 949 3927 1058 3982; x_wconf 88' lang='grc' dir='ltr'><strong>τῶν</strong></span> <span class='ocrx_word' id='word_1_425' title='bbox 1088 3927 1389 4000; x_wconf 79' lang='grc' dir='ltr'>βασιλικῶν</span> <span class='ocrx_word' id='word_1_426' title='bbox 1415 3928 1720 3999; x_wconf 88' lang='grc' dir='ltr'>χρημάτων</span> <span class='ocrx_word' id='word_1_427' title='bbox 1744 3929 2022 3999; x_wconf 81' lang='grc' dir='ltr'>ταμιείου,</span> 
     </span>
    </p>
   </div>
   <div class='ocr_carea' id='block_1_58' title="bbox 462 4019 2040 4092">
    <p class='ocr_par' dir='ltr' id='par_1_58' title="bbox 462 4019 2040 4092">
     <span class='ocr_line' id='line_1_58' title="bbox 462 4019 2040 4092; baseline -0.002 -16"><span class='ocrx_word' id='word_1_428' title='bbox 462 4023 545 4076; x_wconf 75' lang='grc' dir='ltr'><strong>ἐτι</strong></span> <span class='ocrx_word' id='word_1_429' title='bbox 578 4022 634 4076; x_wconf 86' lang='grc' dir='ltr'><strong>δέ</strong></span> <span class='ocrx_word' id='word_1_430' title='bbox 666 4021 759 4075; x_wconf 79' lang='grc' dir='ltr'>καὶ</span> <span class='ocrx_word' id='word_1_431' title='bbox 789 4021 889 4092; x_wconf 71' lang='grc' dir='ltr'>τὴν</span> <span class='ocrx_word' id='word_1_432' title='bbox 917 4020 1009 4073; x_wconf 73' lang='grc' dir='ltr'>ἐπὶ</span> <span class='ocrx_word' id='word_1_433' title='bbox 1052 4019 1161 4072; x_wconf 87' lang='grc' dir='ltr'><strong>τῶν</strong></span> <span class='ocrx_word' id='word_1_434' title='bbox 1224 4020 1664 4089; x_wconf 87' lang='grc' dir='ltr'>εἰσπραττόντων</span> <span class='ocrx_word' id='word_1_435' title='bbox 1706 4020 1832 4082; x_wconf 75' lang='grc' dir='ltr'>τοὺς</span> <span class='ocrx_word' id='word_1_436' title='bbox 1870 4020 2040 4090; x_wconf 86' lang='grc' dir='ltr'>δημο-</span> 
     </span>
    </p>
   </div>
   <div class='ocr_carea' id='block_1_59' title="bbox 466 4111 2041 4185">
    <p class='ocr_par' dir='ltr' id='par_1_59' title="bbox 466 4111 2041 4185">
     <span class='ocr_line' id='line_1_59' title="bbox 466 4111 2041 4185; baseline -0.003 -17"><span class='ocrx_word' id='word_1_437' title='bbox 466 4115 613 4177; x_wconf 89' lang='grc' dir='ltr'>σίους</span> <span class='ocrx_word' id='word_1_438' title='bbox 647 4116 848 4185; x_wconf 90' lang='grc' dir='ltr'>φόρους</span> <span class='ocrx_word' id='word_1_439' title='bbox 878 4112 1129 4165; x_wconf 74' lang='grc' dir='ltr'>ἀναθεῖεν</span> <span class='ocrx_word' id='word_1_440' title='bbox 1164 4112 1340 4182; x_wconf 77' lang='grc' dir='ltr'>ἑτέρῳ</span> <span class='ocrx_word' id='word_1_441' title='bbox 1372 4112 1501 4177; x_wconf 69' lang='grc' dir='ltr'>τινὶ,</span> <span class='ocrx_word' id='word_1_442' title='bbox 1536 4111 1597 4165; x_wconf 83' lang='grc' dir='ltr'>ὃν</span> <span class='ocrx_word' id='word_1_443' title='bbox 1627 4113 1696 4166; x_wconf 83' lang='grc' dir='ltr'>ἂν</span> <span class='ocrx_word' id='word_1_444' title='bbox 1745 4112 2041 4181; x_wconf 73' lang='grc' dir='ltr'>ἐκλέξηται</span> 
     </span>
    </p>
   </div>
   <div class='ocr_carea' id='block_1_60' title="bbox 462 4204 2033 4274">
    <p class='ocr_par' dir='ltr' id='par_1_60' title="bbox 462 4204 2033 4274">
     <span class='ocr_line' id='line_1_60' title="bbox 462 4204 2033 4274; baseline -0.004 -12"><span class='ocrx_word' id='word_1_445' title='bbox 462 4210 642 4268; x_wconf 83' lang='grc' dir='ltr'>αὐτός.</span> <span class='ocrx_word' id='word_1_446' title='bbox 695 4207 957 4270; x_wconf 80' lang='grc' dir='ltr'>Βασιλεὺς</span> <span class='ocrx_word' id='word_1_447' title='bbox 1005 4207 1061 4259; x_wconf 88' lang='grc' dir='ltr'><strong>δέ</strong></span> <span class='ocrx_word' id='word_1_448' title='bbox 1138 4205 1258 4258; x_wconf 83' lang='grc' dir='ltr'>οὑδὲ</span> <span class='ocrx_word' id='word_1_449' title='bbox 1317 4205 1479 4268; x_wconf 82' lang='grc' dir='ltr'>αὐτὸς</span> <span class='ocrx_word' id='word_1_450' title='bbox 1530 4204 1770 4274; x_wconf 73' lang='grc' dir='ltr'>ἔφασκεν</span> <span class='ocrx_word' id='word_1_451' title='bbox 1814 4206 2033 4273; x_wconf 81' lang='grc' dir='ltr'>ἀγνοεῖν</span> 
     </span>
    </p>
   </div>
   <div class='ocr_carea' id='block_1_61' title="bbox 464 4296 2045 4370">
    <p class='ocr_par' dir='ltr' id='par_1_61' title="bbox 464 4296 2045 4370">
     <span class='ocr_line' id='line_1_61' title="bbox 464 4296 2045 4370; baseline -0.004 -16"><span class='ocrx_word' id='word_1_452' title='bbox 464 4300 588 4354; x_wconf 77' lang='grc' dir='ltr'>ὅσον</span> <span class='ocrx_word' id='word_1_453' title='bbox 606 4297 799 4354; x_wconf 71' lang='grc' dir='ltr'>ἐπὶτοῦ</span> <span class='ocrx_word' id='word_1_454' title='bbox 819 4297 1088 4370; x_wconf 82' lang='grc' dir='ltr'>προτέρου</span> <span class='ocrx_word' id='word_1_455' title='bbox 1116 4296 1311 4368; x_wconf 90' lang='grc' dir='ltr'>χρόνου</span> <span class='ocrx_word' id='word_1_456' title='bbox 1328 4296 1597 4365; x_wconf 84' lang='grc' dir='ltr'>ὑφίστατο</span> <span class='ocrx_word' id='word_1_457' title='bbox 1614 4297 1706 4349; x_wconf 85' lang='grc' dir='ltr'>τὸν</span> <span class='ocrx_word' id='word_1_458' title='bbox 1726 4296 1914 4362; x_wconf 87' lang='grc' dir='ltr'>πόνον,</span> <span class='ocrx_word' id='word_1_459' title='bbox 1936 4296 2045 4349; x_wconf 81' lang='grc' dir='ltr'><strong>πᾶ-</strong></span> 
     </span>
    </p>
   </div>
   <div class='ocr_carea' id='block_1_62' title="bbox 2147 2346 3727 2418">
    <p class='ocr_par' dir='ltr' id='par_1_62' title="bbox 2147 2346 3727 2418">
     <span class='ocr_line' id='line_1_62' title="bbox 2147 2346 3727 2418; baseline 0 -18"><span class='ocrx_word' id='word_1_460' title='bbox 2147 2346 2425 2414; x_wconf 87' lang='lat' dir='ltr'><strong>tinuerat,</strong></span> <span class='ocrx_word' id='word_1_461' title='bbox 2475 2363 2616 2418; x_wconf 90' lang='lat' dir='ltr'><strong>quos</strong></span> <span class='ocrx_word' id='word_1_462' title='bbox 2661 2347 3056 2412; x_wconf 72' lang='lat' dir='ltr'><strong>nihilominus,</strong></span> <span class='ocrx_word' id='word_1_463' title='bbox 3120 2347 3246 2417; x_wconf 82' lang='lat' dir='ltr'><strong>quia</strong></span> <span class='ocrx_word' id='word_1_464' title='bbox 3282 2361 3474 2402; x_wconf 88' lang='lat' dir='ltr'><strong>curam</strong></span> <span class='ocrx_word' id='word_1_465' title='bbox 3513 2346 3727 2401; x_wconf 66' lang='lat' dir='ltr'><strong>sollici~</strong></span> 
     </span>
    </p>
   </div>
   <div class='ocr_carea' id='block_1_63' title="bbox 2147 2439 3749 2510">
    <p class='ocr_par' dir='ltr' id='par_1_63' title="bbox 2147 2439 3749 2510">
     <span class='ocr_line' id='line_1_63' title="bbox 2147 2439 3749 2510; baseline -0.001 -15"><span class='ocrx_word' id='word_1_466' title='bbox 2147 2439 2629 2510; x_wconf 80' lang='lat' dir='ltr'><strong>tudinemque-in</strong></span> <span class='ocrx_word' id='word_1_467' title='bbox 2683 2441 2942 2495; x_wconf 87' lang='lat' dir='ltr'><strong>omnibus</strong></span> <span class='ocrx_word' id='word_1_468' title='bbox 2989 2439 3359 2496; x_wconf 87' lang='lat' dir='ltr'><strong>necessariam</strong></span> <span class='ocrx_word' id='word_1_469' title='bbox 3412 2439 3749 2509; x_wconf 59' lang='lat' dir='ltr'><strong>judicabat,</strong></span> 
     </span>
    </p>
   </div>
   <div class='ocr_carea' id='block_1_64' title="bbox 2124 2523 3730 2602">
    <p class='ocr_par' dir='ltr' id='par_1_64' title="bbox 2124 2523 3730 2602">
     <span class='ocr_line' id='line_1_64' title="bbox 2124 2523 3730 2602; baseline 0.003 -20"><span class='ocrx_word' id='word_1_470' title='bbox 2124 2523 2365 2587; x_wconf 12' lang='lat' dir='ltr'><strong>isilenti‘o</strong></span> <span class='ocrx_word' id='word_1_471' title='bbox 2413 2529 2751 2602; x_wconf 82' lang='lat' dir='ltr'><strong>perferebat.</strong></span> <span class='ocrx_word' id='word_1_472' title='bbox 2776 2530 2934 2586; x_wconf 87' lang='lat' dir='ltr'><strong>Tunc</strong></span> <span class='ocrx_word' id='word_1_473' title='bbox 2964 2546 3118 2598; x_wconf 81' lang='lat' dir='ltr'><strong>vero,</strong></span> <span class='ocrx_word' id='word_1_474' title='bbox 3156 2529 3392 2600; x_wconf 87' lang='lat' dir='ltr'><strong>sepultis</strong></span> <span class='ocrx_word' id='word_1_475' title='bbox 3417 2531 3531 2601; x_wconf 88' lang='lat' dir='ltr'><strong>jam</strong></span> <span class='ocrx_word' id='word_1_476' title='bbox 3564 2530 3730 2587; x_wconf 80' lang='lat' dir='ltr'><strong>bellis</strong></span> 
     </span>
    </p>
   </div>
   <div class='ocr_carea' id='block_1_65' title="bbox 2144 2622 3725 2694">
    <p class='ocr_par' dir='ltr' id='par_1_65' title="bbox 2144 2622 3725 2694">
     <span class='ocr_line' id='line_1_65' title="bbox 2144 2622 3725 2694; baseline -0.001 -14"><span class='ocrx_word' id='word_1_477' title='bbox 2144 2624 2426 2689; x_wconf 76' lang='lat' dir='ltr'><strong>civilibus,</strong></span> <span class='ocrx_word' id='word_1_478' title='bbox 2480 2623 2808 2694; x_wconf 88' lang='lat' dir='ltr'><strong>insidiisque</strong></span> <span class='ocrx_word' id='word_1_479' title='bbox 2856 2639 2921 2679; x_wconf 86' lang='lat' dir='ltr'><strong>ac</strong></span> <span class='ocrx_word' id='word_1_480' title='bbox 2952 2623 3366 2694; x_wconf 84' lang='lat' dir='ltr'><strong>suspicionibus</strong></span> <span class='ocrx_word' id='word_1_481' title='bbox 3400 2622 3587 2687; x_wconf 89' lang='lat' dir='ltr'><strong>nullis,</strong></span> <span class='ocrx_word' id='word_1_482' title='bbox 3618 2622 3725 2679; x_wconf 83' lang='lat' dir='ltr'><strong>sibi</strong></span> 
     </span>
    </p>
   </div>
   <div class='ocr_carea' id='block_1_66' title="bbox 2143 2708 3729 2790">
    <p class='ocr_par' dir='ltr' id='par_1_66' title="bbox 2143 2708 3729 2790">
     <span class='ocr_line' id='line_1_66' title="bbox 2143 2708 3729 2790; baseline 0.001 -17"><span class='ocrx_word' id='word_1_483' title='bbox 2143 2708 2368 2790; x_wconf 77' lang='lat' dir='ltr'><strong>quoque</strong></span> <span class='ocrx_word' id='word_1_484' title='bbox 2421 2719 2816 2790; x_wconf 88' lang='lat' dir='ltr'><strong>occupationes</strong></span> <span class='ocrx_word' id='word_1_485' title='bbox 2864 2718 3208 2788; x_wconf 88' lang='lat' dir='ltr'><strong>aliquantum</strong></span> <span class='ocrx_word' id='word_1_486' title='bbox 3246 2718 3573 2774; x_wconf 79' lang='lat' dir='ltr'><strong>minuendas</strong></span> <span class='ocrx_word' id='word_1_487' title='bbox 3604 2732 3729 2774; x_wconf 82' lang='lat' dir='ltr'><strong>esse</strong></span> 
     </span>
    </p>
   </div>
   <div class='ocr_carea' id='block_1_67' title="bbox 2143 2806 3727 2876">
    <p class='ocr_par' dir='ltr' id='par_1_67' title="bbox 2143 2806 3727 2876">
     <span class='ocr_line' id='line_1_67' title="bbox 2143 2806 3727 2876; baseline -0.002 -13"><span class='ocrx_word' id='word_1_488' title='bbox 2143 2807 2454 2863; x_wconf 87' lang='lat' dir='ltr'><strong>constituit.</strong></span> <span class='ocrx_word' id='word_1_489' title='bbox 2502 2806 2780 2874; x_wconf 82' lang='lat' dir='ltr'><strong>Quocirca</strong></span> <span class='ocrx_word' id='word_1_490' title='bbox 2833 2806 3167 2876; x_wconf 80' lang='lat' dir='ltr'><strong>imperatori</strong></span> <span class='ocrx_word' id='word_1_491' title='bbox 3203 2806 3471 2876; x_wconf 58' lang='lat' dir='ltr'><strong>praeteriti</strong></span> <span class='ocrx_word' id='word_1_492' title='bbox 3509 2814 3727 2875; x_wconf 83' lang='lat' dir='ltr'><strong>tempo-</strong></span> 
     </span>
    </p>
   </div>
   <div class='ocr_carea' id='block_1_68' title="bbox 2142 2897 3731 2967">
    <p class='ocr_par' dir='ltr' id='par_1_68' title="bbox 2142 2897 3731 2967">
     <span class='ocr_line' id='line_1_68' title="bbox 2142 2897 3731 2967; baseline 0 -16"><span class='ocrx_word' id='word_1_493' title='bbox 2142 2898 2219 2953; x_wconf 91' lang='lat' dir='ltr'><strong>ris</strong></span> <span class='ocrx_word' id='word_1_494' title='bbox 2267 2898 2603 2954; x_wconf 85' lang='lat' dir='ltr'><strong>laboriosam</strong></span> <span class='ocrx_word' id='word_1_495' title='bbox 2630 2897 3164 2953; x_wconf 79' lang='lat' dir='ltr'><strong>administrationem</strong></span> <span class='ocrx_word' id='word_1_496' title='bbox 3191 2911 3348 2952; x_wconf 90' lang='lat' dir='ltr'><strong>suam</strong></span> <span class='ocrx_word' id='word_1_497' title='bbox 3380 2899 3629 2967; x_wconf 81' lang='lat' dir='ltr'><strong>exponit,</strong></span> <span class='ocrx_word' id='word_1_498' title='bbox 3660 2910 3731 2952; x_wconf 88' lang='lat' dir='ltr'><strong>ac</strong></span> 
     </span>
    </p>
   </div>
   <div class='ocr_carea' id='block_1_69' title="bbox 2141 2988 3725 3059">
    <p class='ocr_par' dir='ltr' id='par_1_69' title="bbox 2141 2988 3725 3059">
     <span class='ocr_line' id='line_1_69' title="bbox 2141 2988 3725 3059; baseline -0.001 -14"><span class='ocrx_word' id='word_1_499' title='bbox 2141 3000 2329 3045; x_wconf 89' lang='lat' dir='ltr'><strong>monet</strong></span> <span class='ocrx_word' id='word_1_500' title='bbox 2350 2990 2512 3045; x_wconf 89' lang='lat' dir='ltr'><strong>malis</strong></span> <span class='ocrx_word' id='word_1_501' title='bbox 2539 2990 2794 3045; x_wconf 84' lang='lat' dir='ltr'><strong>civilibus</strong></span> <span class='ocrx_word' id='word_1_502' title='bbox 2815 2998 2873 3045; x_wconf 89' lang='lat' dir='ltr'><strong>et</strong></span> <span class='ocrx_word' id='word_1_503' title='bbox 2903 2988 3228 3059; x_wconf 88' lang='lat' dir='ltr'><strong>suspiciosis</strong></span> <span class='ocrx_word' id='word_1_504' title='bbox 3247 2989 3591 3059; x_wconf 88' lang='lat' dir='ltr'><strong>temporibus</strong></span> <span class='ocrx_word' id='word_1_505' title='bbox 3610 2990 3725 3059; x_wconf 84' lang='lat' dir='ltr'><strong>jam</strong></span> 
     </span>
    </p>
   </div>
   <div class='ocr_carea' id='block_1_70' title="bbox 2137 3080 3724 3152">
    <p class='ocr_par' dir='ltr' id='par_1_70' title="bbox 2137 3080 3724 3152">
     <span class='ocr_line' id='line_1_70' title="bbox 2137 3080 3724 3152; baseline 0.001 -17"><span class='ocrx_word' id='word_1_506' title='bbox 2137 3082 2436 3152; x_wconf 63' lang='lat' dir='ltr'><strong>praeteritis</strong></span> <span class='ocrx_word' id='word_1_507' title='bbox 2491 3081 2930 3151; x_wconf 82' lang='lat' dir='ltr'><strong>providendum,</strong></span> <span class='ocrx_word' id='word_1_508' title='bbox 2983 3080 3064 3135; x_wconf 89' lang='lat' dir='ltr'><strong>uti</strong></span> <span class='ocrx_word' id='word_1_509' title='bbox 3114 3094 3203 3137; x_wconf 87' lang='lat' dir='ltr'><strong>res</strong></span> <span class='ocrx_word' id='word_1_510' title='bbox 3257 3082 3724 3151; x_wconf 69' lang='lat' dir='ltr'><strong>quemadmodum</strong></span> 
     </span>
    </p>
   </div>
   <div class='ocr_carea' id='block_1_71' title="bbox 2137 3168 3718 3238">
    <p class='ocr_par' dir='ltr' id='par_1_71' title="bbox 2137 3168 3718 3238">
     <span class='ocr_line' id='line_1_71' title="bbox 2137 3168 3718 3238; baseline 0 -14"><span class='ocrx_word' id='word_1_511' title='bbox 2137 3178 2289 3235; x_wconf 89' lang='lat' dir='ltr'><strong>ante,</strong></span> <span class='ocrx_word' id='word_1_512' title='bbox 2328 3169 2469 3224; x_wconf 90' lang='lat' dir='ltr'><strong>bene</strong></span> <span class='ocrx_word' id='word_1_513' title='bbox 2509 3168 2880 3238; x_wconf 88' lang='lat' dir='ltr'><strong>decenterque</strong></span> <span class='ocrx_word' id='word_1_514' title='bbox 2914 3176 3305 3238; x_wconf 88' lang='lat' dir='ltr'><strong>procurentur,</strong></span> <span class='ocrx_word' id='word_1_515' title='bbox 3340 3176 3398 3223; x_wconf 89' lang='lat' dir='ltr'><strong>et</strong></span> <span class='ocrx_word' id='word_1_516' title='bbox 3424 3169 3530 3224; x_wconf 88' lang='lat' dir='ltr'><strong>sibi</strong></span> <span class='ocrx_word' id='word_1_517' title='bbox 3554 3169 3718 3238; x_wconf 32' lang='lat' dir='ltr'><strong>quies</strong></span> 
     </span>
    </p>
   </div>
   <div class='ocr_carea' id='block_1_72' title="bbox 2138 3245 3720 3331">
    <p class='ocr_par' dir='ltr' id='par_1_72' title="bbox 2138 3245 3720 3331">
     <span class='ocr_line' id='line_1_72' title="bbox 2138 3245 3720 3331; baseline -0.002 -12"><span class='ocrx_word' id='word_1_518' title='bbox 2138 3271 2250 3319; x_wconf 84' lang='lat' dir='ltr'><strong>tem</strong></span> <span class='ocrx_word' id='word_1_519' title='bbox 2298 3277 2363 3317; x_wconf 89' lang='lat' dir='ltr'><strong>ac</strong></span> <span class='ocrx_word' id='word_1_520' title='bbox 2410 3261 2793 3317; x_wconf 89' lang='lat' dir='ltr'><strong>remissionem</strong></span> <span class='ocrx_word' id='word_1_521' title='bbox 2825 3245 3074 3331; x_wconf 27' lang='lat' dir='ltr'><strong>aliquam.</strong></span> <span class='ocrx_word' id='word_1_522' title='bbox 3101 3261 3537 3317; x_wconf 88' lang='lat' dir='ltr'><strong>concedendam.</strong></span> <span class='ocrx_word' id='word_1_523' title='bbox 3569 3260 3720 3318; x_wconf 57' lang='lat' dir='ltr'><strong>Conv</strong></span> 
     </span>
    </p>
   </div>
   <div class='ocr_carea' id='block_1_73' title="bbox 2138 3352 3710 3425">
    <p class='ocr_par' dir='ltr' id='par_1_73' title="bbox 2138 3352 3710 3425">
     <span class='ocr_line' id='line_1_73' title="bbox 2138 3352 3710 3425; baseline -0.003 -12"><span class='ocrx_word' id='word_1_524' title='bbox 2138 3370 2425 3413; x_wconf 86' lang='lat' dir='ltr'><strong>cessurum</strong></span> <span class='ocrx_word' id='word_1_525' title='bbox 2468 3363 2652 3410; x_wconf 89' lang='lat' dir='ltr'><strong>autem</strong></span> <span class='ocrx_word' id='word_1_526' title='bbox 2680 3395 2697 3420; x_wconf 89' lang='lat'><strong>,</strong></span> <span class='ocrx_word' id='word_1_527' title='bbox 2746 3354 2794 3409; x_wconf 88' lang='lat' dir='ltr'><strong>si</strong></span> <span class='ocrx_word' id='word_1_528' title='bbox 2843 3352 3320 3425; x_wconf 87' lang='lat' dir='ltr'><strong>imperatoriarum</strong></span> <span class='ocrx_word' id='word_1_529' title='bbox 3371 3355 3710 3422; x_wconf 86' lang='lat' dir='ltr'><strong>litterarum,</strong></span> 
     </span>
    </p>
   </div>
   <div class='ocr_carea' id='block_1_74' title="bbox 2136 3440 3715 3515">
    <p class='ocr_par' dir='ltr' id='par_1_74' title="bbox 2136 3440 3715 3515">
     <span class='ocr_line' id='line_1_74' title="bbox 2136 3440 3715 3515; baseline 0 -17"><span class='ocrx_word' id='word_1_530' title='bbox 2136 3453 2194 3499; x_wconf 88' lang='lat' dir='ltr'><strong>et</strong></span> <span class='ocrx_word' id='word_1_531' title='bbox 2240 3443 2379 3515; x_wconf 78' lang='lat' dir='ltr'><strong>ﬁsci,</strong></span> <span class='ocrx_word' id='word_1_532' title='bbox 2426 3450 2481 3498; x_wconf 86' lang='lat' dir='ltr'><strong>et</strong></span> <span class='ocrx_word' id='word_1_533' title='bbox 2531 3442 2878 3497; x_wconf 82' lang='lat' dir='ltr'><strong>exactionum</strong></span> <span class='ocrx_word' id='word_1_534' title='bbox 2932 3440 3314 3512; x_wconf 66' lang='lat' dir='ltr'><strong>praefecturam</strong></span> <span class='ocrx_word' id='word_1_535' title='bbox 3373 3443 3426 3497; x_wconf 94' lang='lat' dir='ltr'><strong>in</strong></span> <span class='ocrx_word' id='word_1_536' title='bbox 3482 3444 3715 3499; x_wconf 87' lang='lat' dir='ltr'><strong>alterum</strong></span> 
     </span>
    </p>
   </div>
   <div class='ocr_carea' id='block_1_75' title="bbox 2140 3532 3722 3608">
    <p class='ocr_par' dir='ltr' id='par_1_75' title="bbox 2140 3532 3722 3608">
     <span class='ocr_line' id='line_1_75' title="bbox 2140 3532 3722 3608; baseline 0.001 -19"><span class='ocrx_word' id='word_1_537' title='bbox 2140 3532 2451 3598; x_wconf 81' lang='lat' dir='ltr'><strong>transierat,</strong></span> <span class='ocrx_word' id='word_1_538' title='bbox 2511 3548 2676 3604; x_wconf 85' lang='lat' dir='ltr'><strong>quem</strong></span> <span class='ocrx_word' id='word_1_539' title='bbox 2711 3548 2813 3589; x_wconf 92' lang='lat' dir='ltr'><strong>suo</strong></span> <span class='ocrx_word' id='word_1_540' title='bbox 2844 3533 3118 3590; x_wconf 88' lang='lat' dir='ltr'><strong>arbitratu</strong></span> <span class='ocrx_word' id='word_1_541' title='bbox 3149 3534 3435 3608; x_wconf 79' lang='lat' dir='ltr'><strong>delegerit.</strong></span> <span class='ocrx_word' id='word_1_542' title='bbox 3468 3535 3722 3607; x_wconf 75' lang='lat' dir='ltr'><strong>Respon-</strong></span> 
     </span>
    </p>
   </div>
   <div class='ocr_carea' id='block_1_76' title="bbox 2138 3619 3736 3693">
    <p class='ocr_par' dir='ltr' id='par_1_76' title="bbox 2138 3619 3736 3693">
     <span class='ocr_line' id='line_1_76' title="bbox 2138 3619 3736 3693; baseline 0.003 -15"><span class='ocrx_word' id='word_1_543' title='bbox 2138 3622 2219 3678; x_wconf 93' lang='lat' dir='ltr'><strong>dit</strong></span> <span class='ocrx_word' id='word_1_544' title='bbox 2243 3619 2573 3691; x_wconf 77' lang='lat' dir='ltr'><strong>imperator,</strong></span> <span class='ocrx_word' id='word_1_545' title='bbox 2605 3636 2709 3677; x_wconf 88' lang='lat' dir='ltr'><strong>nec</strong></span> <span class='ocrx_word' id='word_1_546' title='bbox 2740 3636 2799 3677; x_wconf 89' lang='lat' dir='ltr'><strong>se</strong></span> <span class='ocrx_word' id='word_1_547' title='bbox 2831 3621 3085 3693; x_wconf 78' lang='lat' dir='ltr'><strong>ignorare</strong></span> <span class='ocrx_word' id='word_1_548' title='bbox 3113 3632 3351 3693; x_wconf 86' lang='lat' dir='ltr'><strong>quantos</strong></span> <span class='ocrx_word' id='word_1_549' title='bbox 3383 3623 3475 3679; x_wconf 89' lang='lat' dir='ltr'><strong>il&#39;e</strong></span> <span class='ocrx_word' id='word_1_550' title='bbox 3499 3624 3736 3682; x_wconf 88' lang='lat' dir='ltr'><strong>labores.</strong></span> 
     </span>
    </p>
   </div>
   <div class='ocr_carea' id='block_1_77' title="bbox 2140 3720 3755 3796">
    <p class='ocr_par' dir='ltr' id='par_1_77' title="bbox 2140 3720 3755 3796">
     <span class='ocr_line' id='line_1_77' title="bbox 2140 3720 3755 3796; baseline 0.006 -19"><span class='ocrx_word' id='word_1_551' title='bbox 2140 3723 2410 3779; x_wconf 78' lang='lat' dir='ltr'><strong>hactenus</strong></span> <span class='ocrx_word' id='word_1_552' title='bbox 2458 3720 2743 3790; x_wconf 84' lang='lat' dir='ltr'><strong>subiisset,</strong></span> <span class='ocrx_word' id='word_1_553' title='bbox 2782 3738 2909 3780; x_wconf 86' lang='lat' dir='ltr'><strong>cum</strong></span> <span class='ocrx_word' id='word_1_554' title='bbox 2946 3739 3090 3780; x_wconf 89' lang='lat' dir='ltr'><strong>unus</strong></span> <span class='ocrx_word' id='word_1_555' title='bbox 3132 3725 3394 3781; x_wconf 90' lang='lat' dir='ltr'><strong>omnibus</strong></span> <span class='ocrx_word' id='word_1_556' title='bbox 3426 3735 3688 3796; x_wconf 73' lang='lat' dir='ltr'><strong>praeesset</strong></span> <span class='ocrx_word' id='word_1_557' title='bbox 3703 3744 3755 3795; x_wconf 49' lang='grc' dir='ltr'>ιη</span> 
     </span>
    </p>
   </div>
   <div class='ocr_carea' id='block_1_78' title="bbox 2140 3823 3765 3897">
    <p class='ocr_par' dir='ltr' id='par_1_78' title="bbox 2140 3823 3765 3897">
     <span class='ocr_line' id='line_1_78' title="bbox 2140 3823 3765 3897; baseline 0.003 -18"><span class='ocrx_word' id='word_1_558' title='bbox 2140 3824 2239 3879; x_wconf 89' lang='lat' dir='ltr'><strong>sed</strong></span> <span class='ocrx_word' id='word_1_559' title='bbox 2270 3823 2447 3895; x_wconf 89' lang='lat' dir='ltr'><strong>probe</strong></span> <span class='ocrx_word' id='word_1_560' title='bbox 2477 3839 2664 3891; x_wconf 90' lang='lat' dir='ltr'><strong>nosse,</strong></span> <span class='ocrx_word' id='word_1_561' title='bbox 2688 3832 2746 3879; x_wconf 90' lang='lat' dir='ltr'><strong>et</strong></span> <span class='ocrx_word' id='word_1_562' title='bbox 2780 3838 3130 3897; x_wconf 90' lang='lat' dir='ltr'><strong>summopere</strong></span> <span class='ocrx_word' id='word_1_563' title='bbox 3161 3825 3514 3895; x_wconf 87' lang='lat' dir='ltr'><strong>admiratum,</strong></span> <span class='ocrx_word' id='word_1_564' title='bbox 3543 3829 3722 3884; x_wconf 86' lang='lat' dir='ltr'><strong>solum</strong></span> <span class='ocrx_word' id='word_1_565' title='bbox 3750 3862 3765 3870; x_wconf 62' lang='grc' dir='ltr'><strong>η</strong></span> 
     </span>
    </p>
   </div>
   <div class='ocr_carea' id='block_1_79' title="bbox 2143 3926 3727 4001">
    <p class='ocr_par' dir='ltr' id='par_1_79' title="bbox 2143 3926 3727 4001">
     <span class='ocr_line' id='line_1_79' title="bbox 2143 3926 3727 4001; baseline 0.003 -19"><span class='ocrx_word' id='word_1_566' title='bbox 2143 3934 2307 3982; x_wconf 71' lang='lat' dir='ltr'><strong>tantae</strong></span> <span class='ocrx_word' id='word_1_567' title='bbox 2348 3926 2696 3996; x_wconf 80' lang='lat' dir='ltr'><strong>negotiorum</strong></span> <span class='ocrx_word' id='word_1_568' title='bbox 2733 3927 2863 3983; x_wconf 90' lang='lat' dir='ltr'><strong>moli</strong></span> <span class='ocrx_word' id='word_1_569' title='bbox 2894 3927 3234 3984; x_wconf 66' lang='lat' dir='ltr'><strong>sustinendae</strong></span> <span class='ocrx_word' id='word_1_570' title='bbox 3262 3943 3450 4000; x_wconf 84' lang='lat' dir='ltr'><strong>parem</strong></span> <span class='ocrx_word' id='word_1_571' title='bbox 3481 3945 3604 3986; x_wconf 88' lang='lat' dir='ltr'><strong>esse</strong></span> <span class='ocrx_word' id='word_1_572' title='bbox 3635 3946 3727 4001; x_wconf 87' lang='lat' dir='ltr'><strong>po-</strong></span> 
     </span>
    </p>
   </div>
   <div class='ocr_carea' id='block_1_80' title="bbox 2145 4003 3735 4092">
    <p class='ocr_par' dir='ltr' id='par_1_80' title="bbox 2145 4003 3735 4092">
     <span class='ocr_line' id='line_1_80' title="bbox 2145 4003 3735 4092; baseline 0.003 -20"><span class='ocrx_word' id='word_1_573' title='bbox 2145 4019 2336 4074; x_wconf 89' lang='lat' dir='ltr'><strong>tuisse.</strong></span> <span class='ocrx_word' id='word_1_574' title='bbox 2372 4003 2649 4074; x_wconf 68' lang='lat' dir='ltr'><strong>Praeterea</strong></span> <span class='ocrx_word' id='word_1_575' title='bbox 2683 4018 2930 4074; x_wconf 87' lang='lat' dir='ltr'><strong>doluisse</strong></span> <span class='ocrx_word' id='word_1_576' title='bbox 2969 4019 3252 4075; x_wconf 80' lang='lat' dir='ltr'><strong>fortunam</strong></span> <span class='ocrx_word' id='word_1_577' title='bbox 3273 4020 3416 4092; x_wconf 85' lang='lat' dir='ltr'><strong>ejus,</strong></span> <span class='ocrx_word' id='word_1_578' title='bbox 3444 4036 3575 4076; x_wconf 86' lang='lat' dir='ltr'><strong>cum</strong></span> <span class='ocrx_word' id='word_1_579' title='bbox 3597 4025 3735 4092; x_wconf 45' lang='lat' dir='ltr'><strong>quit</strong></span> 
     </span>
    </p>
   </div>
   <div class='ocr_carea' id='block_1_81' title="bbox 2145 4106 3783 4180">
    <p class='ocr_par' dir='ltr' id='par_1_81' title="bbox 2145 4106 3783 4180">
     <span class='ocr_line' id='line_1_81' title="bbox 2145 4106 3783 4180; baseline 0.003 -19"><span class='ocrx_word' id='word_1_580' title='bbox 2145 4107 2249 4162; x_wconf 90' lang='lat' dir='ltr'><strong>bus</strong></span> <span class='ocrx_word' id='word_1_581' title='bbox 2310 4114 2657 4176; x_wconf 87' lang='lat' dir='ltr'><strong>premeretur</strong></span> <span class='ocrx_word' id='word_1_582' title='bbox 2706 4106 2993 4172; x_wconf 86' lang='lat' dir='ltr'><strong>oneribus,</strong></span> <span class='ocrx_word' id='word_1_583' title='bbox 3042 4122 3230 4162; x_wconf 89' lang='lat' dir='ltr'><strong>secum</strong></span> <span class='ocrx_word' id='word_1_584' title='bbox 3282 4110 3569 4180; x_wconf 77' lang='lat' dir='ltr'><strong>cogitaret.</strong></span> <span class='ocrx_word' id='word_1_585' title='bbox 3616 4111 3737 4166; x_wconf 82' lang='lat' dir='ltr'><strong>Sed</strong></span> <span class='ocrx_word' id='word_1_586' title='bbox 3762 4131 3783 4150; x_wconf 55' lang='grc' dir='ltr'><em>ε</em></span> 
     </span>
    </p>
   </div>
   <div class='ocr_carea' id='block_1_82' title="bbox 2143 4197 3729 4271">
    <p class='ocr_par' dir='ltr' id='par_1_82' title="bbox 2143 4197 3729 4271">
     <span class='ocr_line' id='line_1_82' title="bbox 2143 4197 3729 4271; baseline 0.002 -18"><span class='ocrx_word' id='word_1_587' title='bbox 2143 4213 2269 4253; x_wconf 91' lang='lat' dir='ltr'><strong>cum</strong></span> <span class='ocrx_word' id='word_1_588' title='bbox 2318 4197 2437 4267; x_wconf 90' lang='lat' dir='ltr'><strong>ipse</strong></span> <span class='ocrx_word' id='word_1_589' title='bbox 2470 4212 2693 4267; x_wconf 89' lang='lat' dir='ltr'><strong>quoque</strong></span> <span class='ocrx_word' id='word_1_590' title='bbox 2729 4198 3127 4263; x_wconf 88' lang='lat' dir='ltr'><strong>consideraret,</strong></span> <span class='ocrx_word' id='word_1_591' title='bbox 3158 4199 3305 4268; x_wconf 90' lang='lat' dir='ltr'><strong>quod</strong></span> <span class='ocrx_word' id='word_1_592' title='bbox 3331 4199 3564 4267; x_wconf 80' lang='lat' dir='ltr'><strong>dixerat,</strong></span> <span class='ocrx_word' id='word_1_593' title='bbox 3590 4217 3729 4271; x_wconf 81' lang='lat' dir='ltr'><strong>quo-</strong></span> 
     </span>
    </p>
   </div>
   <div class='ocr_carea' id='block_1_83' title="bbox 2147 4288 3761 4362">
    <p class='ocr_par' dir='ltr' id='par_1_83' title="bbox 2147 4288 3761 4362">
     <span class='ocr_line' id='line_1_83' title="bbox 2147 4288 3761 4362; baseline 0.002 -16"><span class='ocrx_word' id='word_1_594' title='bbox 2147 4290 2311 4346; x_wconf 90' lang='lat' dir='ltr'><strong>modo</strong></span> <span class='ocrx_word' id='word_1_595' title='bbox 2355 4298 2582 4362; x_wconf 82' lang='lat' dir='ltr'><strong>pr0pter</strong></span> <span class='ocrx_word' id='word_1_596' title='bbox 2627 4289 2767 4345; x_wconf 86' lang='lat' dir='ltr'><strong>bella</strong></span> <span class='ocrx_word' id='word_1_597' title='bbox 2796 4289 2979 4345; x_wconf 83' lang='lat' dir='ltr'><strong>civilia</strong></span> <span class='ocrx_word' id='word_1_598' title='bbox 3013 4297 3070 4345; x_wconf 87' lang='lat' dir='ltr'><strong>et</strong></span> <span class='ocrx_word' id='word_1_599' title='bbox 3123 4288 3353 4347; x_wconf 85' lang='lat' dir='ltr'><strong>insidias</strong></span> <span class='ocrx_word' id='word_1_600' title='bbox 3377 4306 3505 4347; x_wconf 90' lang='lat' dir='ltr'><strong>eum</strong></span> <span class='ocrx_word' id='word_1_601' title='bbox 3531 4292 3727 4350; x_wconf 82' lang='lat' dir='ltr'><strong>adesse</strong></span> <span class='ocrx_word' id='word_1_602' title='bbox 3758 4332 3761 4335; x_wconf 93' lang='lat'><strong><em>-</em></strong></span> 
     </span>
    </p>
   </div>
   <div class='ocr_carea' id='block_1_84' title="bbox 465 4381 2041 4460">
    <p class='ocr_par' dir='ltr' id='par_1_84' title="bbox 465 4387 2041 4460">
     <span class='ocr_line' id='line_1_84' title="bbox 465 4387 2041 4460; baseline -0.004 -14"><span class='ocrx_word' id='word_1_603' title='bbox 465 4411 551 4446; x_wconf 88' lang='grc' dir='ltr'><strong>σιν</strong></span> <span class='ocrx_word' id='word_1_604' title='bbox 574 4392 730 4455; x_wconf 76' lang='grc' dir='ltr'>αὑτὸς</span> <span class='ocrx_word' id='word_1_605' title='bbox 759 4388 1099 4460; x_wconf 78' lang='grc' dir='ltr'>ἐφεστηκὼς·</span> <span class='ocrx_word' id='word_1_606' title='bbox 1130 4390 1268 4444; x_wconf 77' lang='grc' dir='ltr'>ἀλλὰ</span> <span class='ocrx_word' id='word_1_607' title='bbox 1302 4388 1500 4442; x_wconf 79' lang='grc' dir='ltr'>εἰδέναι</span> <span class='ocrx_word' id='word_1_608' title='bbox 1527 4405 1587 4442; x_wconf 86' lang='grc' dir='ltr'><strong>τε</strong></span> <span class='ocrx_word' id='word_1_609' title='bbox 1603 4387 1808 4453; x_wconf 83' lang='grc' dir='ltr'>καλῶς,</span> <span class='ocrx_word' id='word_1_610' title='bbox 1830 4389 1925 4442; x_wconf 73' lang='grc' dir='ltr'>καὶ</span> <span class='ocrx_word' id='word_1_611' title='bbox 1941 4388 2041 4458; x_wconf 85' lang='grc' dir='ltr'><strong>οὑχ</strong></span> 
     </span>
    </p>
   </div>
   <div class='ocr_carea' id='block_1_85' title="bbox 2140 4381 3879 4460">
    <p class='ocr_par' dir='ltr' id='par_1_85' title="bbox 2146 4381 3879 4455">
     <span class='ocr_line' id='line_1_85' title="bbox 2146 4381 3879 4455; baseline -0.001 -15"><span class='ocrx_word' id='word_1_612' title='bbox 2146 4384 2427 4450; x_wconf 87' lang='lat' dir='ltr'><strong>omnibus,</strong></span> <span class='ocrx_word' id='word_1_613' title='bbox 2472 4390 2531 4438; x_wconf 82' lang='lat' dir='ltr'><strong>et</strong></span> <span class='ocrx_word' id='word_1_614' title='bbox 2572 4398 2669 4455; x_wconf 85' lang='lat' dir='ltr'><strong>per</strong></span> <span class='ocrx_word' id='word_1_615' title='bbox 2701 4398 2830 4439; x_wconf 90' lang='lat' dir='ltr'><strong>eum</strong></span> <span class='ocrx_word' id='word_1_616' title='bbox 2864 4382 2980 4436; x_wconf 84' lang='lat' dir='ltr'><strong>ﬁeri</strong></span> <span class='ocrx_word' id='word_1_617' title='bbox 3015 4381 3207 4441; x_wconf 80' lang='lat' dir='ltr'><strong>omnia</strong></span> <span class='ocrx_word' id='word_1_618' title='bbox 3222 4391 3524 4451; x_wconf 88' lang='lat' dir='ltr'><strong>oporteret,</strong></span> <span class='ocrx_word' id='word_1_619' title='bbox 3559 4385 3763 4440; x_wconf 84' lang='lat' dir='ltr'><strong>etiam-</strong></span> <span class='ocrx_word' id='word_1_620' title='bbox 3870 4392 3879 4400; x_wconf 92' lang='lat'>&#39;</span> 
     </span>
    </p>
   </div>
   <div class='ocr_carea' id='block_1_86' title="bbox 461 4473 2041 4554">
    <p class='ocr_par' dir='ltr' id='par_1_86' title="bbox 461 4480 2041 4554">
     <span class='ocr_line' id='line_1_86' title="bbox 461 4480 2041 4554; baseline -0.003 -17"><span class='ocrx_word' id='word_1_621' title='bbox 461 4484 659 4554; x_wconf 69' lang='grc' dir='ltr'>ἥκιστα</span> <span class='ocrx_word' id='word_1_622' title='bbox 683 4482 1011 4552; x_wconf 76' lang='grc' dir='ltr'>θαυμάζειν,</span> <span class='ocrx_word' id='word_1_623' title='bbox 1037 4483 1087 4535; x_wconf 84' lang='grc' dir='ltr'><strong>εί</strong></span> <span class='ocrx_word' id='word_1_624' title='bbox 1115 4483 1253 4552; x_wconf 86' lang='grc' dir='ltr'>πρὸς</span> <span class='ocrx_word' id='word_1_625' title='bbox 1296 4480 1569 4550; x_wconf 81' lang='grc' dir='ltr'>τοσαύτην</span> <span class='ocrx_word' id='word_1_626' title='bbox 1605 4480 1877 4550; x_wconf 86' lang='grc' dir='ltr'>διοίκησιν</span> <span class='ocrx_word' id='word_1_627' title='bbox 1904 4496 2041 4550; x_wconf 89' lang='grc' dir='ltr'>πρα-</span> 
     </span>
    </p>
   </div>
   <div class='ocr_carea' id='block_1_87' title="bbox 2140 4473 3751 4554">
    <p class='ocr_par' dir='ltr' id='par_1_87' title="bbox 2146 4473 3751 4548">
     <span class='ocr_line' id='line_1_87' title="bbox 2146 4473 3751 4548; baseline -0.001 -15"><span class='ocrx_word' id='word_1_628' title='bbox 2146 4478 2424 4533; x_wconf 89' lang='lat' dir='ltr'><strong>nolentem</strong></span> <span class='ocrx_word' id='word_1_629' title='bbox 2480 4485 2701 4548; x_wconf 88' lang='lat' dir='ltr'><strong>tempus</strong></span> <span class='ocrx_word' id='word_1_630' title='bbox 2745 4474 3066 4531; x_wconf 69' lang='lat' dir='ltr'><strong>extraxisse.</strong></span> <span class='ocrx_word' id='word_1_631' title='bbox 3099 4473 3259 4533; x_wconf 86' lang='lat' dir='ltr'><strong>Nunc</strong></span> <span class='ocrx_word' id='word_1_632' title='bbox 3286 4476 3546 4545; x_wconf 88' lang='lat' dir='ltr'><strong>quoniam</strong></span> <span class='ocrx_word' id='word_1_633' title='bbox 3583 4477 3751 4535; x_wconf 87' lang='lat' dir='ltr'><strong>Deus.</strong></span> 
     </span>
    </p>
   </div>
   <div class='ocr_carea' id='block_1_88' title="bbox 465 4569 2041 4645">
    <p class='ocr_par' dir='ltr' id='par_1_88' title="bbox 465 4569 2041 4645">
     <span class='ocr_line' id='line_1_88' title="bbox 465 4569 2041 4645; baseline -0.002 -17"><span class='ocrx_word' id='word_1_634' title='bbox 465 4575 691 4645; x_wconf 84' lang='grc' dir='ltr'>γμάτων</span> <span class='ocrx_word' id='word_1_635' title='bbox 724 4569 810 4638; x_wconf 73' lang='grc' dir='ltr'><strong>εἷς</strong></span> <span class='ocrx_word' id='word_1_636' title='bbox 861 4572 938 4627; x_wconf 81' lang='grc' dir='ltr'>ὣν</span> <span class='ocrx_word' id='word_1_637' title='bbox 992 4574 1155 4636; x_wconf 70' lang='grc' dir='ltr'>αὐτος</span> <span class='ocrx_word' id='word_1_638' title='bbox 1201 4573 1459 4643; x_wconf 81' lang='grc' dir='ltr'><strong>ἐξαρκεῖ⁹</strong></span> <span class='ocrx_word' id='word_1_639' title='bbox 1497 4572 1579 4625; x_wconf 77' lang='grc' dir='ltr'><strong>ἐτι</strong></span> <span class='ocrx_word' id='word_1_640' title='bbox 1630 4572 1691 4627; x_wconf 82' lang='grc' dir='ltr'>δὲ</span> <span class='ocrx_word' id='word_1_641' title='bbox 1723 4573 1820 4625; x_wconf 81' lang='grc' dir='ltr'>καὶ</span> <span class='ocrx_word' id='word_1_642' title='bbox 1855 4571 2041 4641; x_wconf 82' lang='grc' dir='ltr'>ἀλγεῖν</span> 
     </span>
    </p>
   </div>
   <div class='ocr_carea' id='block_1_89' title="bbox 2140 4569 3729 4645">
    <p class='ocr_par' dir='ltr' id='par_1_89' title="bbox 2151 4569 3729 4641">
     <span class='ocr_line' id='line_1_89' title="bbox 2151 4569 3729 4641; baseline 0 -16"><span class='ocrx_word' id='word_1_643' title='bbox 2151 4570 2545 4641; x_wconf 87' lang='lat' dir='ltr'><strong>rempublicam</strong></span> <span class='ocrx_word' id='word_1_644' title='bbox 2599 4570 2914 4625; x_wconf 86' lang='lat' dir='ltr'><strong>ordinasset</strong></span> <span class='ocrx_word' id='word_1_645' title='bbox 2953 4577 3118 4639; x_wconf 86' lang='lat' dir='ltr'><strong>atque</strong></span> <span class='ocrx_word' id='word_1_646' title='bbox 3165 4569 3565 4635; x_wconf 83' lang='lat' dir='ltr'><strong>constituisset,</strong></span> <span class='ocrx_word' id='word_1_647' title='bbox 3611 4571 3729 4641; x_wconf 91' lang='lat' dir='ltr'><strong>ipsc</strong></span> 
     </span>
    </p>
   </div>
   <div class='ocr_carea' id='block_1_90' title="bbox 465 4644 2041 4734">
    <p class='ocr_par' dir='ltr' id='par_1_90' title="bbox 465 4644 2041 4734">
     <span class='ocr_line' id='line_1_90' title="bbox 465 4644 2041 4734; baseline -0.001 -18"><span class='ocrx_word' id='word_1_648' title='bbox 465 4644 608 4734; x_wconf 78' lang='grc' dir='ltr'>ὑπὲρ</span> <span class='ocrx_word' id='word_1_649' title='bbox 642 4663 811 4717; x_wconf 76' lang='grc' dir='ltr'>αὑτοῦ</span> <span class='ocrx_word' id='word_1_650' title='bbox 847 4665 939 4718; x_wconf 70' lang='grc' dir='ltr'>τὸν</span> <span class='ocrx_word' id='word_1_651' title='bbox 966 4663 1213 4732; x_wconf 83' lang='grc' dir='ltr'>κάματον</span> <span class='ocrx_word' id='word_1_652' title='bbox 1243 4661 1303 4716; x_wconf 83' lang='grc' dir='ltr'>ὃν</span> <span class='ocrx_word' id='word_1_653' title='bbox 1346 4661 1621 4732; x_wconf 77' lang='grc' dir='ltr'>ὑπέμενεν</span> <span class='ocrx_word' id='word_1_654' title='bbox 1644 4661 2041 4732; x_wconf 84' lang='grc' dir='ltr'>ἐννοῶν.”οπερ</span> 
     </span>
    </p>
   </div>
   <div class='ocr_carea' id='block_1_91' title="bbox 2140 4644 3728 4734">
    <p class='ocr_par' dir='ltr' id='par_1_91' title="bbox 2152 4660 3728 4732">
     <span class='ocr_line' id='line_1_91' title="bbox 2152 4660 3728 4732; baseline 0.002 -17"><span class='ocrx_word' id='word_1_655' title='bbox 2152 4661 2334 4732; x_wconf 90' lang='lat' dir='ltr'><strong>potius</strong></span> <span class='ocrx_word' id='word_1_656' title='bbox 2352 4661 2420 4715; x_wconf 89' lang='lat' dir='ltr'><strong>ad</strong></span> <span class='ocrx_word' id='word_1_657' title='bbox 2444 4674 2511 4715; x_wconf 89' lang='lat' dir='ltr'><strong>ea</strong></span> <span class='ocrx_word' id='word_1_658' title='bbox 2531 4674 2653 4730; x_wconf 74' lang='lat' dir='ltr'><strong>qua:</strong></span> <span class='ocrx_word' id='word_1_659' title='bbox 2674 4660 3012 4717; x_wconf 78' lang='lat' dir='ltr'><strong>nominasset</strong></span> <span class='ocrx_word' id='word_1_660' title='bbox 3030 4676 3258 4715; x_wconf 87' lang='lat' dir='ltr'><strong>munera</strong></span> <span class='ocrx_word' id='word_1_661' title='bbox 3283 4661 3538 4716; x_wconf 90' lang='lat' dir='ltr'><strong>obeunda</strong></span> <span class='ocrx_word' id='word_1_662' title='bbox 3562 4677 3728 4732; x_wconf 90' lang='lat' dir='ltr'><strong>quem</strong></span> 
     </span>
    </p>
   </div>
   <div class='ocr_carea' id='block_1_92' title="bbox 465 4742 2041 4825">
    <p class='ocr_par' dir='ltr' id='par_1_92' title="bbox 465 4751 2040 4825">
     <span class='ocr_line' id='line_1_92' title="bbox 465 4751 2040 4825; baseline -0.002 -17"><span class='ocrx_word' id='word_1_663' title='bbox 465 4753 520 4808; x_wconf 81' lang='grc' dir='ltr'>δὲ</span> <span class='ocrx_word' id='word_1_664' title='bbox 541 4753 700 4819; x_wconf 77' lang='grc' dir='ltr'>αὐτὸς</span> <span class='ocrx_word' id='word_1_665' title='bbox 727 4751 866 4825; x_wconf 74' lang='grc' dir='ltr'>ιφης</span> <span class='ocrx_word' id='word_1_666' title='bbox 882 4753 1237 4825; x_wconf 81' lang='grc' dir='ltr'>λογιζόμενος</span> <span class='ocrx_word' id='word_1_667' title='bbox 1271 4753 1367 4807; x_wconf 82' lang='grc' dir='ltr'>καὶ</span> <span class='ocrx_word' id='word_1_668' title='bbox 1392 4752 1582 4816; x_wconf 79' lang='grc' dir='ltr'>αὐτὸς,</span> <span class='ocrx_word' id='word_1_669' title='bbox 1613 4752 1689 4816; x_wconf 84' lang='grc' dir='ltr'>ὡς</span> <span class='ocrx_word' id='word_1_670' title='bbox 1721 4751 1831 4806; x_wconf 91' lang='grc' dir='ltr'><strong>τῶν</strong></span> <span class='ocrx_word' id='word_1_671' title='bbox 1855 4753 2040 4823; x_wconf 81' lang='grc' dir='ltr'>ἐμφυ-</span> 
     </span>
    </p>
   </div>
   <div class='ocr_carea' id='block_1_93' title="bbox 2140 4742 3732 4825">
    <p class='ocr_par' dir='ltr' id='par_1_93' title="bbox 2146 4742 3732 4821">
     <span class='ocr_line' id='line_1_93' title="bbox 2146 4742 3732 4821; baseline 0.002 -15"><span class='ocrx_word' id='word_1_672' title='bbox 2146 4751 2313 4810; x_wconf 83' lang='lat' dir='ltr'><strong>vellet</strong></span> <span class='ocrx_word' id='word_1_673' title='bbox 2359 4742 2656 4821; x_wconf 70' lang='lat' dir='ltr'><strong>deligeret,</strong></span> <span class='ocrx_word' id='word_1_674' title='bbox 2712 4751 2802 4805; x_wconf 90' lang='lat' dir='ltr'><strong>cui</strong></span> <span class='ocrx_word' id='word_1_675' title='bbox 2859 4758 3040 4806; x_wconf 89' lang='lat' dir='ltr'><strong>tamen</strong></span> <span class='ocrx_word' id='word_1_676' title='bbox 3068 4765 3177 4805; x_wconf 91' lang='lat' dir='ltr'><strong>non</strong></span> <span class='ocrx_word' id='word_1_677' title='bbox 3213 4750 3547 4806; x_wconf 89' lang='lat' dir='ltr'><strong>omnimodis</strong></span> <span class='ocrx_word' id='word_1_678' title='bbox 3572 4753 3732 4808; x_wconf 88' lang='lat' dir='ltr'><strong>abso-</strong></span> 
     </span>
    </p>
   </div>
   <div class='ocr_carea' id='block_1_94' title="bbox 464 4838 2041 4916">
    <p class='ocr_par' dir='ltr' id='par_1_94' title="bbox 464 4843 2041 4916">
     <span class='ocr_line' id='line_1_94' title="bbox 464 4843 2041 4916; baseline -0.001 -17"><span class='ocrx_word' id='word_1_679' title='bbox 464 4845 594 4899; x_wconf 81' lang='grc' dir='ltr'>λίων</span> <span class='ocrx_word' id='word_1_680' title='bbox 627 4845 796 4900; x_wconf 72' lang='grc' dir='ltr'>ἕνεκα</span> <span class='ocrx_word' id='word_1_681' title='bbox 830 4846 1090 4916; x_wconf 86' lang='grc' dir='ltr'>πολέμων</span> <span class='ocrx_word' id='word_1_682' title='bbox 1117 4847 1212 4899; x_wconf 76' lang='grc' dir='ltr'>καὶ</span> <span class='ocrx_word' id='word_1_683' title='bbox 1236 4845 1348 4900; x_wconf 92' lang='grc' dir='ltr'><strong>τῶν</strong></span> <span class='ocrx_word' id='word_1_684' title='bbox 1398 4844 1707 4899; x_wconf 72' lang='grc' dir='ltr'>ἐπιϐουλῶν</span> <span class='ocrx_word' id='word_1_685' title='bbox 1735 4843 2041 4913; x_wconf 77' lang='grc' dir='ltr'>ἀναγκαῖον</span> 
     </span>
    </p>
   </div>
   <div class='ocr_carea' id='block_1_95' title="bbox 2140 4838 3728 4916">
    <p class='ocr_par' dir='ltr' id='par_1_95' title="bbox 2142 4838 3728 4910">
     <span class='ocr_line' id='line_1_95' title="bbox 2142 4838 3728 4910; baseline 0.003 -16"><span class='ocrx_word' id='word_1_686' title='bbox 2142 4839 2372 4910; x_wconf 89' lang='lat' dir='ltr'><strong>luteque</strong></span> <span class='ocrx_word' id='word_1_687' title='bbox 2402 4854 2493 4894; x_wconf 90' lang='lat' dir='ltr'><strong>res</strong></span> <span class='ocrx_word' id='word_1_688' title='bbox 2529 4838 2936 4894; x_wconf 72' lang='lat' dir='ltr'><strong>committenda:</strong></span> <span class='ocrx_word' id='word_1_689' title='bbox 2956 4838 3069 4903; x_wconf 77' lang='lat' dir='ltr'><strong>sint</strong></span> <span class='ocrx_word' id='word_1_690' title='bbox 3093 4855 3109 4898; x_wconf 73' lang='grc' dir='ltr'>ς</span> <span class='ocrx_word' id='word_1_691' title='bbox 3132 4840 3227 4894; x_wconf 85' lang='lat' dir='ltr'><strong>sed</strong></span> <span class='ocrx_word' id='word_1_692' title='bbox 3250 4855 3377 4895; x_wconf 87' lang='lat' dir='ltr'><strong>eum</strong></span> <span class='ocrx_word' id='word_1_693' title='bbox 3404 4855 3600 4897; x_wconf 87' lang='lat' dir='ltr'><strong>rursus</strong></span> <span class='ocrx_word' id='word_1_694' title='bbox 3629 4858 3728 4898; x_wconf 83' lang='lat' dir='ltr'><strong>ne-</strong></span> 
     </span>
    </p>
   </div>
   <div class='ocr_carea' id='block_1_96' title="bbox 466 4931 2041 5005">
    <p class='ocr_par' dir='ltr' id='par_1_96' title="bbox 466 4931 2041 5005">
     <span class='ocr_line' id='line_1_96' title="bbox 466 4931 2041 5005; baseline 0.001 -17"><span class='ocrx_word' id='word_1_695' title='bbox 466 4933 552 5003; x_wconf 83' lang='grc' dir='ltr'><strong>ἐφ’</strong></span> <span class='ocrx_word' id='word_1_696' title='bbox 582 4933 755 4988; x_wconf 80' lang='grc' dir='ltr'>άπασί</span> <span class='ocrx_word' id='word_1_697' title='bbox 806 4951 868 4987; x_wconf 83' lang='grc' dir='ltr'><strong>σε</strong></span> <span class='ocrx_word' id='word_1_698' title='bbox 907 4935 1194 5004; x_wconf 84' lang='grc' dir='ltr'>παρεῖναι,</span> <span class='ocrx_word' id='word_1_699' title='bbox 1224 4934 1322 4988; x_wconf 72' lang='grc' dir='ltr'><strong>καὶ¹</strong></span> <span class='ocrx_word' id='word_1_700' title='bbox 1354 4934 1537 4989; x_wconf 89' lang='grc' dir='ltr'>πάντα</span> <span class='ocrx_word' id='word_1_701' title='bbox 1567 4931 1925 5005; x_wconf 75' lang='grc' dir='ltr'>πράττεσθαι</span> <span class='ocrx_word' id='word_1_702' title='bbox 1954 4933 2041 4989; x_wconf 82' lang='grc' dir='ltr'>διὰ</span> 
     </span>
    </p>
   </div>
   <div class='ocr_carea' id='block_1_97' title="bbox 2140 4931 3765 5005">
    <p class='ocr_par' dir='ltr' id='par_1_97' title="bbox 2145 4931 3765 5005">
     <span class='ocr_line' id='line_1_97' title="bbox 2145 4931 3765 5005; baseline 0 -18"><span class='ocrx_word' id='word_1_703' title='bbox 2145 4931 2405 4987; x_wconf 81' lang='lat' dir='ltr'><strong>cessariis</strong></span> <span class='ocrx_word' id='word_1_704' title='bbox 2452 4946 2687 5002; x_wconf 69' lang='lat' dir='ltr'><strong>praeesse</strong></span> <span class='ocrx_word' id='word_1_705' title='bbox 2710 4971 2726 4998; x_wconf 90' lang='lat'><strong>,</strong></span> <span class='ocrx_word' id='word_1_706' title='bbox 2777 4940 2832 4986; x_wconf 84' lang='lat' dir='ltr'><strong>et</strong></span> <span class='ocrx_word' id='word_1_707' title='bbox 2860 4931 3046 4986; x_wconf 83' lang='lat' dir='ltr'><strong>onmia</strong></span> <span class='ocrx_word' id='word_1_708' title='bbox 3076 4948 3149 4988; x_wconf 74' lang='lat' dir='ltr'><strong>ex.</strong></span> <span class='ocrx_word' id='word_1_709' title='bbox 3168 4932 3286 5003; x_wconf 82' lang='lat' dir='ltr'><strong>ejus</strong></span> <span class='ocrx_word' id='word_1_710' title='bbox 3313 4932 3525 5005; x_wconf 77' lang='lat' dir='ltr'><strong>judicio</strong></span> <span class='ocrx_word' id='word_1_711' title='bbox 3551 4936 3730 4991; x_wconf 85' lang='lat' dir='ltr'><strong>admi-</strong></span> <span class='ocrx_word' id='word_1_712' title='bbox 3760 4984 3765 4987; x_wconf 79' lang='lat'><strong>.</strong></span> 
     </span>
    </p>
   </div>
   <div class='ocr_carea' id='block_1_98' title="bbox 468 5019 2041 5100">
    <p class='ocr_par' dir='ltr' id='par_1_98' title="bbox 468 5019 2041 5100">
     <span class='ocr_line' id='line_1_98' title="bbox 468 5019 2041 5100; baseline -0.001 -20"><span class='ocrx_word' id='word_1_713' title='bbox 468 5027 587 5091; x_wconf 90' lang='grc' dir='ltr'>σοῦ,</span> <span class='ocrx_word' id='word_1_714' title='bbox 611 5028 705 5079; x_wconf 69' lang='grc' dir='ltr'>καὶ</span> <span class='ocrx_word' id='word_1_715' title='bbox 725 5027 875 5081; x_wconf 85' lang='grc' dir='ltr'>άκων</span> <span class='ocrx_word' id='word_1_716' title='bbox 897 5026 1134 5097; x_wconf 77' lang='grc' dir='ltr'>παρῄειν</span> <span class='ocrx_word' id='word_1_717' title='bbox 1188 5027 1318 5098; x_wconf 80' lang='grc' dir='ltr'>σιγῇ</span> <span class='ocrx_word' id='word_1_718' title='bbox 1350 5025 1443 5080; x_wconf 81' lang='grc' dir='ltr'>τὸν</span> <span class='ocrx_word' id='word_1_719' title='bbox 1484 5027 1701 5098; x_wconf 74' lang='grc' dir='ltr'>χρόνον.</span> <span class='ocrx_word' id='word_1_720' title='bbox 1735 5026 1877 5082; x_wconf 82' lang='grc' dir='ltr'><strong>Νυνὶ</strong></span> <span class='ocrx_word' id='word_1_721' title='bbox 1923 5025 1981 5079; x_wconf 85' lang='grc' dir='ltr'>δὲ</span> <span class='ocrx_word' id='word_1_722' title='bbox 2008 5019 2041 5100; x_wconf 80' lang='grc' dir='ltr'>ᾖ</span> 
     </span>
    </p>
   </div>
   <div class='ocr_carea' id='block_1_99' title="bbox 2140 5019 3728 5100">
    <p class='ocr_par' dir='ltr' id='par_1_99' title="bbox 2147 5022 3728 5095">
     <span class='ocr_line' id='line_1_99' title="bbox 2147 5022 3728 5095; baseline 0.003 -17"><span class='ocrx_word' id='word_1_723' title='bbox 2147 5022 2375 5078; x_wconf 85' lang='lat' dir='ltr'><strong>nistrari</strong></span> <span class='ocrx_word' id='word_1_724' title='bbox 2405 5022 2633 5078; x_wconf 84' lang='lat' dir='ltr'><strong>debere.</strong></span> <span class='ocrx_word' id='word_1_725' title='bbox 2661 5022 2753 5078; x_wconf 85' lang='lat' dir='ltr'><strong>Sic</strong></span> <span class='ocrx_word' id='word_1_726' title='bbox 2775 5024 2923 5081; x_wconf 89' lang='lat' dir='ltr'><strong>enim</strong></span> <span class='ocrx_word' id='word_1_727' title='bbox 2952 5023 3171 5094; x_wconf 71' lang='lat' dir='ltr'><strong>negotia.</strong></span> <span class='ocrx_word' id='word_1_728' title='bbox 3190 5025 3451 5095; x_wconf 61' lang='lat' dir='ltr'><strong>prarclarc</strong></span> <span class='ocrx_word' id='word_1_729' title='bbox 3472 5039 3728 5083; x_wconf 79' lang='lat' dir='ltr'><strong>curatum</strong></span> 
     </span>
    </p>
   </div>
   <div class='ocr_carea' id='block_1_100' title="bbox 468 5114 2041 5189">
    <p class='ocr_par' dir='ltr' id='par_1_100' title="bbox 468 5115 2041 5189">
     <span class='ocr_line' id='line_1_100' title="bbox 468 5115 2041 5189; baseline 0.001 -16"><span class='ocrx_word' id='word_1_730' title='bbox 468 5117 716 5173; x_wconf 78' lang='grc' dir='ltr'>ἐϐούλετο</span> <span class='ocrx_word' id='word_1_731' title='bbox 745 5116 840 5171; x_wconf 89' lang='grc' dir='ltr'><strong>τοῦ</strong></span> <span class='ocrx_word' id='word_1_732' title='bbox 862 5116 1002 5170; x_wconf 82' lang='grc' dir='ltr'>Θεοῦ</span> <span class='ocrx_word' id='word_1_733' title='bbox 1030 5115 1102 5170; x_wconf 80' lang='grc' dir='ltr'>τὰ</span> <span class='ocrx_word' id='word_1_734' title='bbox 1131 5117 1440 5188; x_wconf 82' lang='grc' dir='ltr'>πράγματα</span> <span class='ocrx_word' id='word_1_735' title='bbox 1469 5119 1942 5189; x_wconf 83' lang='grc' dir='ltr'>καταστήσαντος,</span> <span class='ocrx_word' id='word_1_736' title='bbox 1977 5117 2041 5174; x_wconf 83' lang='grc' dir='ltr'><strong>δν</strong></span> 
     </span>
    </p>
   </div>
   <div class='ocr_carea' id='block_1_101' title="bbox 2140 5114 3769 5189">
    <p class='ocr_par' dir='ltr' id='par_1_101' title="bbox 2150 5114 3769 5186">
     <span class='ocr_line' id='line_1_101' title="bbox 2150 5114 3769 5186; baseline 0.004 -16"><span class='ocrx_word' id='word_1_737' title='bbox 2150 5116 2241 5180; x_wconf 89' lang='lat' dir='ltr'><strong>iri,</strong></span> <span class='ocrx_word' id='word_1_738' title='bbox 2284 5125 2343 5171; x_wconf 85' lang='lat' dir='ltr'><strong>et</strong></span> <span class='ocrx_word' id='word_1_739' title='bbox 2381 5116 2558 5186; x_wconf 90' lang='lat' dir='ltr'><strong>ipsum</strong></span> <span class='ocrx_word' id='word_1_740' title='bbox 2589 5123 2674 5169; x_wconf 89' lang='lat' dir='ltr'><strong>sat</strong></span> <span class='ocrx_word' id='word_1_741' title='bbox 2701 5114 2904 5184; x_wconf 80' lang='lat' dir='ltr'><strong>quietis</strong></span> <span class='ocrx_word' id='word_1_742' title='bbox 2935 5124 3384 5172; x_wconf 86' lang='lat' dir='ltr'><strong>consecuturum.</strong></span> <span class='ocrx_word' id='word_1_743' title='bbox 3414 5119 3729 5176; x_wconf 84' lang='lat' dir='ltr'><strong>Assentitur</strong></span> <span class='ocrx_word' id='word_1_744' title='bbox 3764 5156 3769 5159; x_wconf 61' lang='grc' dir='ltr'><strong>ς</strong></span> 
     </span>
    </p>
   </div>
   <div class='ocr_carea' id='block_1_102' title="bbox 470 5204 2041 5282">
    <p class='ocr_par' dir='ltr' id='par_1_102' title="bbox 470 5204 2041 5282">
     <span class='ocr_line' id='line_1_102' title="bbox 470 5204 2041 5282; baseline 0 -18"><span class='ocrx_word' id='word_1_745' title='bbox 470 5212 536 5264; x_wconf 82' lang='grc' dir='ltr'>ἂν</span> <span class='ocrx_word' id='word_1_746' title='bbox 569 5211 728 5273; x_wconf 84' lang='grc' dir='ltr'>αὐτὸς</span> <span class='ocrx_word' id='word_1_747' title='bbox 753 5208 947 5279; x_wconf 72' lang='grc' dir='ltr'>ἐθέλῃς</span> <span class='ocrx_word' id='word_1_748' title='bbox 975 5208 1179 5280; x_wconf 78' lang='grc' dir='ltr'>μᾶλλον</span> <span class='ocrx_word' id='word_1_749' title='bbox 1210 5208 1348 5279; x_wconf 77' lang='grc' dir='ltr'>πρὸς</span> <span class='ocrx_word' id='word_1_750' title='bbox 1373 5210 1475 5279; x_wconf 84' lang='grc' dir='ltr'>τὴν</span> <span class='ocrx_word' id='word_1_751' title='bbox 1501 5210 1769 5282; x_wconf 81' lang='grc' dir='ltr'>διοίκησιν</span> <span class='ocrx_word' id='word_1_752' title='bbox 1795 5204 1871 5267; x_wconf 82' lang='grc' dir='ltr'>ὧν</span> <span class='ocrx_word' id='word_1_753' title='bbox 1905 5211 2041 5281; x_wconf 81' lang='grc' dir='ltr'>ἐφης</span> 
     </span>
    </p>
   </div>
   <div class='ocr_carea' id='block_1_103' title="bbox 2140 5204 3756 5282">
    <p class='ocr_par' dir='ltr' id='par_1_103' title="bbox 2152 5206 3756 5278">
     <span class='ocr_line' id='line_1_103' title="bbox 2152 5206 3756 5278; baseline 0.004 -15"><span class='ocrx_word' id='word_1_754' title='bbox 2152 5223 2383 5276; x_wconf 76' lang='lat' dir='ltr'><strong>magnus</strong></span> <span class='ocrx_word' id='word_1_755' title='bbox 2426 5206 2793 5270; x_wconf 76' lang='lat' dir='ltr'><strong>domesticus,</strong></span> <span class='ocrx_word' id='word_1_756' title='bbox 2817 5215 2874 5261; x_wconf 90' lang='lat' dir='ltr'><strong>et</strong></span> <span class='ocrx_word' id='word_1_757' title='bbox 2893 5208 3292 5278; x_wconf 77' lang='lat' dir='ltr'><strong>Apocauobum</strong></span> <span class='ocrx_word' id='word_1_758' title='bbox 3316 5210 3456 5265; x_wconf 86' lang='lat' dir='ltr'><strong>sacri</strong></span> <span class='ocrx_word' id='word_1_759' title='bbox 3483 5213 3727 5269; x_wconf 81' lang='lat' dir='ltr'><strong>cubiculi</strong></span> <span class='ocrx_word' id='word_1_760' title='bbox 3748 5250 3756 5254; x_wconf 87' lang='lat'><strong>-</strong></span> 
     </span>
    </p>
   </div>
   <div class='ocr_carea' id='block_1_104' title="bbox 468 5297 2041 5375">
    <p class='ocr_par' dir='ltr' id='par_1_104' title="bbox 468 5301 2041 5375">
     <span class='ocr_line' id='line_1_104' title="bbox 468 5301 2041 5375; baseline -0.001 -19"><span class='ocrx_word' id='word_1_761' title='bbox 468 5302 812 5375; x_wconf 75' lang='grc' dir='ltr'>πραγμάτων</span> <span class='ocrx_word' id='word_1_762' title='bbox 844 5301 968 5353; x_wconf 80' lang='grc' dir='ltr'>ἐλοῦ</span> <span class='ocrx_word' id='word_1_763' title='bbox 995 5316 1010 5332; x_wconf 80' lang='grc' dir='ltr'><strong>ο</strong></span> <span class='ocrx_word' id='word_1_764' title='bbox 1055 5301 1118 5354; x_wconf 88' lang='grc' dir='ltr'><strong>οὑ</strong></span> <span class='ocrx_word' id='word_1_765' title='bbox 1151 5301 1254 5371; x_wconf 80' lang='grc' dir='ltr'>μὲν</span> <span class='ocrx_word' id='word_1_766' title='bbox 1282 5302 1479 5373; x_wconf 84' lang='grc' dir='ltr'>ἐκείνῳ</span> <span class='ocrx_word' id='word_1_767' title='bbox 1519 5305 1869 5359; x_wconf 87' lang='grc' dir='ltr'>παντάπασιν</span> <span class='ocrx_word' id='word_1_768' title='bbox 1924 5305 2041 5356; x_wconf 86' lang='grc' dir='ltr'>ἐπι-</span> 
     </span>
    </p>
   </div>
   <div class='ocr_carea' id='block_1_105' title="bbox 2140 5297 3724 5375">
    <p class='ocr_par' dir='ltr' id='par_1_105' title="bbox 2147 5297 3724 5375">
     <span class='ocr_line' id='line_1_105' title="bbox 2147 5297 3724 5375; baseline 0.004 -22"><span class='ocrx_word' id='word_1_769' title='bbox 2147 5299 2471 5370; x_wconf 64' lang='lat' dir='ltr'><strong>praefectum</strong></span> <span class='ocrx_word' id='word_1_770' title='bbox 2517 5297 2609 5354; x_wconf 87' lang='lat' dir='ltr'><strong>bis</strong></span> <span class='ocrx_word' id='word_1_771' title='bbox 2631 5297 3015 5355; x_wconf 79' lang='lat' dir='ltr'><strong>functionibus</strong></span> <span class='ocrx_word' id='word_1_772' title='bbox 3078 5299 3305 5371; x_wconf 77' lang='lat' dir='ltr'><strong>deligit,</strong></span> <span class='ocrx_word' id='word_1_773' title='bbox 3341 5313 3398 5357; x_wconf 91' lang='lat' dir='ltr'><strong>et</strong></span> <span class='ocrx_word' id='word_1_774' title='bbox 3422 5302 3724 5375; x_wconf 73' lang='lat' dir='ltr'><strong>imperator</strong></span> 
     </span>
    </p>
   </div>
   <div class='ocr_carea' id='block_1_106' title="bbox 473 5389 2041 5464">
    <p class='ocr_par' dir='ltr' id='par_1_106' title="bbox 473 5391 2041 5464">
     <span class='ocr_line' id='line_1_106' title="bbox 473 5391 2041 5464; baseline 0 -18"><span class='ocrx_word' id='word_1_775' title='bbox 473 5392 675 5464; x_wconf 76' lang='grc' dir='ltr'>τρέψαι</span> <span class='ocrx_word' id='word_1_776' title='bbox 709 5391 777 5445; x_wconf 80' lang='grc' dir='ltr'>τὰ</span> <span class='ocrx_word' id='word_1_777' title='bbox 816 5392 1122 5462; x_wconf 74' lang='grc' dir='ltr'>πράγματα</span> <span class='ocrx_word' id='word_1_778' title='bbox 1147 5392 1255 5463; x_wconf 83' lang='grc' dir='ltr'>χρή</span> <span class='ocrx_word' id='word_1_779' title='bbox 1284 5409 1300 5424; x_wconf 76' lang='grc' dir='ltr'><strong>ο</strong></span> <span class='ocrx_word' id='word_1_780' title='bbox 1333 5393 1477 5448; x_wconf 82' lang='grc' dir='ltr'>ἀλλὰ</span> <span class='ocrx_word' id='word_1_781' title='bbox 1508 5394 1603 5447; x_wconf 78' lang='grc' dir='ltr'>καὶ</span> <span class='ocrx_word' id='word_1_782' title='bbox 1658 5393 1816 5455; x_wconf 85' lang='grc' dir='ltr'>αῦθίς</span> <span class='ocrx_word' id='word_1_783' title='bbox 1875 5394 2041 5448; x_wconf 78' lang='grc' dir='ltr'>αὑτὸν</span> 
     </span>
    </p>
   </div>
   <div class='ocr_carea' id='block_1_107' title="bbox 2140 5389 3727 5464">
    <p class='ocr_par' dir='ltr' id='par_1_107' title="bbox 2149 5389 3727 5459">
     <span class='ocr_line' id='line_1_107' title="bbox 2149 5389 3727 5459; baseline 0.003 -13"><span class='ocrx_word' id='word_1_784' title='bbox 2149 5393 2468 5448; x_wconf 87' lang='lat' dir='ltr'><strong>assentitur.</strong></span> <span class='ocrx_word' id='word_1_785' title='bbox 2491 5389 2858 5459; x_wconf 83' lang='lat' dir='ltr'><strong>Apocaucbus</strong></span> <span class='ocrx_word' id='word_1_786' title='bbox 2889 5400 3108 5447; x_wconf 89' lang='lat' dir='ltr'><strong>creatus</strong></span> <span class='ocrx_word' id='word_1_787' title='bbox 3134 5407 3321 5448; x_wconf 81' lang='lat' dir='ltr'><strong>rerum</strong></span> <span class='ocrx_word' id='word_1_788' title='bbox 3347 5393 3727 5450; x_wconf 86' lang='lat' dir='ltr'><strong>communium</strong></span> 
     </span>
    </p>
   </div>
   <div class='ocr_carea' id='block_1_108' title="bbox 471 5480 2041 5557">
    <p class='ocr_par' dir='ltr' id='par_1_108' title="bbox 471 5486 2041 5557">
     <span class='ocr_line' id='line_1_108' title="bbox 471 5486 2041 5557; baseline 0.001 -20"><span class='ocrx_word' id='word_1_789' title='bbox 471 5486 804 5553; x_wconf 77' lang='grc' dir='ltr'>ἐφίστασθαι</span> <span class='ocrx_word' id='word_1_790' title='bbox 833 5486 950 5547; x_wconf 86' lang='grc' dir='ltr'>τοῖς</span> <span class='ocrx_word' id='word_1_791' title='bbox 988 5486 1341 5553; x_wconf 83' lang='grc' dir='ltr'>ἀναγκαίοις,</span> <span class='ocrx_word' id='word_1_792' title='bbox 1378 5487 1476 5539; x_wconf 72' lang='grc' dir='ltr'>καὶ</span> <span class='ocrx_word' id='word_1_793' title='bbox 1502 5487 1684 5543; x_wconf 86' lang='grc' dir='ltr'>πάντα</span> <span class='ocrx_word' id='word_1_794' title='bbox 1712 5486 2041 5557; x_wconf 67' lang='grc' dir='ltr'>πράττεσθαί</span> 
     </span>
    </p>
   </div>
   <div class='ocr_carea' id='block_1_109' title="bbox 2140 5480 3725 5557">
    <p class='ocr_par' dir='ltr' id='par_1_109' title="bbox 2149 5480 3725 5554">
     <span class='ocr_line' id='line_1_109' title="bbox 2149 5480 3725 5554; baseline 0.001 -16"><span class='ocrx_word' id='word_1_795' title='bbox 2149 5482 2562 5545; x_wconf 81' lang='lat' dir='ltr'><strong>administrator</strong></span> <span class='ocrx_word' id='word_1_796' title='bbox 2600 5480 2766 5554; x_wconf 82' lang='lat'><strong>(50),</strong></span> <span class='ocrx_word' id='word_1_797' title='bbox 2817 5497 3160 5553; x_wconf 67' lang='lat' dir='ltr'><strong>quaecunque</strong></span> <span class='ocrx_word' id='word_1_798' title='bbox 3205 5491 3362 5539; x_wconf 84' lang='lat' dir='ltr'><strong>erant</strong></span> <span class='ocrx_word' id='word_1_799' title='bbox 3411 5486 3725 5539; x_wconf 83' lang='lat' dir='ltr'><strong>necessaria</strong></span> 
     </span>
    </p>
   </div>
   <div class='ocr_carea' id='block_1_110' title="bbox 479 5573 2041 5652">
    <p class='ocr_par' dir='ltr' id='par_1_110' title="bbox 479 5577 2041 5652">
     <span class='ocr_line' id='line_1_110' title="bbox 479 5577 2041 5652; baseline 0 -18"><span class='ocrx_word' id='word_1_800' title='bbox 479 5597 564 5634; x_wconf 85' lang='grc' dir='ltr'><strong>σοι</strong></span> <span class='ocrx_word' id='word_1_801' title='bbox 617 5580 757 5633; x_wconf 79' lang='grc' dir='ltr'>κατὰ</span> <span class='ocrx_word' id='word_1_802' title='bbox 794 5578 1022 5648; x_wconf 83' lang='grc' dir='ltr'>γνώμην</span> <span class='ocrx_word' id='word_1_803' title='bbox 1044 5593 1058 5609; x_wconf 89' lang='grc'><strong>·</strong></span> <span class='ocrx_word' id='word_1_804' title='bbox 1089 5577 1237 5633; x_wconf 84' lang='grc' dir='ltr'>οὑτω</span> <span class='ocrx_word' id='word_1_805' title='bbox 1260 5577 1405 5651; x_wconf 79' lang='grc' dir='ltr'>’γὰρ</span> <span class='ocrx_word' id='word_1_806' title='bbox 1443 5580 1508 5633; x_wconf 78' lang='grc' dir='ltr'>ἂν</span> <span class='ocrx_word' id='word_1_807' title='bbox 1537 5582 1607 5635; x_wconf 88' lang='grc' dir='ltr'><strong>τά</strong></span> <span class='ocrx_word' id='word_1_808' title='bbox 1634 5596 1694 5633; x_wconf 91' lang='grc' dir='ltr'><strong>τε</strong></span> <span class='ocrx_word' id='word_1_809' title='bbox 1741 5582 2041 5652; x_wconf 83' lang='grc' dir='ltr'>πράγματα</span> 
     </span>
    </p>
   </div>
   <div class='ocr_carea' id='block_1_111' title="bbox 2140 5573 3726 5652">
    <p class='ocr_par' dir='ltr' id='par_1_111' title="bbox 2151 5573 3726 5648">
     <span class='ocr_line' id='line_1_111' title="bbox 2151 5573 3726 5648; baseline -0.001 -16"><span class='ocrx_word' id='word_1_810' title='bbox 2151 5591 2251 5632; x_wconf 85' lang='lat' dir='ltr'><strong>seu</strong></span> <span class='ocrx_word' id='word_1_811' title='bbox 2287 5574 2513 5646; x_wconf 83' lang='lat' dir='ltr'><strong>majoris</strong></span> <span class='ocrx_word' id='word_1_812' title='bbox 2550 5573 2818 5630; x_wconf 88' lang='lat' dir='ltr'><strong>momenti</strong></span> <span class='ocrx_word' id='word_1_813' title='bbox 2843 5613 2860 5641; x_wconf 87' lang='lat'><strong>,</strong></span> <span class='ocrx_word' id='word_1_814' title='bbox 2887 5584 2946 5631; x_wconf 89' lang='lat' dir='ltr'><strong>et</strong></span> <span class='ocrx_word' id='word_1_815' title='bbox 2968 5575 3211 5648; x_wconf 75' lang='lat' dir='ltr'><strong>iudicem</strong></span> <span class='ocrx_word' id='word_1_816' title='bbox 3248 5591 3505 5647; x_wconf 76' lang='lat' dir='ltr'><strong>magnum</strong></span> <span class='ocrx_word' id='word_1_817' title='bbox 3534 5577 3726 5631; x_wconf 78' lang='lat' dir='ltr'><strong>dome-</strong></span> 
     </span>
    </p>
   </div>
   <div class='ocr_carea' id='block_1_112' title="bbox 1714 5694 2442 5760">
    <p class='ocr_par' dir='ltr' id='par_1_112' title="bbox 1714 5694 2442 5760">
     <span class='ocr_line' id='line_1_112' title="bbox 1714 5694 2442 5760; baseline -0.004 -2"><span class='ocrx_word' id='word_1_818' title='bbox 1714 5696 1932 5760; x_wconf 84' lang='lat' dir='ltr'><strong>Jacobi</strong></span> <span class='ocrx_word' id='word_1_819' title='bbox 1962 5694 2232 5759; x_wconf 84' lang='lat' dir='ltr'><strong>Pontani</strong></span> <span class='ocrx_word' id='word_1_820' title='bbox 2254 5701 2442 5757; x_wconf 67' lang='lat' dir='ltr'><strong>notae.</strong></span> 
     </span>
    </p>
   </div>
   <div class='ocr_carea' id='block_1_113' title="bbox 551 5791 3726 5870">
    <p class='ocr_par' dir='ltr' id='par_1_113' title="bbox 551 5791 3726 5870">
     <span class='ocr_line' id='line_1_113' title="bbox 551 5791 3726 5870; baseline -0.001 -20"><span class='ocrx_word' id='word_1_821' title='bbox 551 5797 665 5870; x_wconf 71' lang='lat' dir='ltr'><strong>(5Q)</strong></span> <span class='ocrx_word' id='word_1_822' title='bbox 695 5797 819 5870; x_wconf 69' lang='grc' dir='ltr'>Τῶν</span> <span class='ocrx_word' id='word_1_823' title='bbox 847 5794 1045 5870; x_wconf 78' lang='grc' dir='ltr'>κοινῶν</span> <span class='ocrx_word' id='word_1_824' title='bbox 1072 5797 1418 5870; x_wconf 80' lang='grc' dir='ltr'>πραγμάτων</span> <span class='ocrx_word' id='word_1_825' title='bbox 1445 5799 1744 5870; x_wconf 81' lang='grc' dir='ltr'>διοικητὴς,</span> <span class='ocrx_word' id='word_1_826' title='bbox 1775 5808 1863 5854; x_wconf 88' lang='lat' dir='ltr'><strong>est</strong></span> <span class='ocrx_word' id='word_1_827' title='bbox 1898 5799 2043 5870; x_wconf 88' lang='lat' dir='ltr'><strong>apud</strong></span> <span class='ocrx_word' id='word_1_828' title='bbox 2152 5797 2410 5870; x_wconf 75' lang='grc' dir='ltr'>σάξοντες</span> <span class='ocrx_word' id='word_1_829' title='bbox 2439 5796 2554 5870; x_wconf 78' lang='grc' dir='ltr'>τοῖς</span> <span class='ocrx_word' id='word_1_830' title='bbox 2585 5794 2896 5870; x_wconf 77' lang='grc' dir='ltr'>πράγμασι,</span> <span class='ocrx_word' id='word_1_831' title='bbox 2930 5794 3042 5850; x_wconf 90' lang='grc' dir='ltr'><strong>τῶν</strong></span> <span class='ocrx_word' id='word_1_832' title='bbox 3069 5792 3413 5870; x_wconf 79' lang='grc' dir='ltr'>πραγμάτων</span> <span class='ocrx_word' id='word_1_833' title='bbox 3443 5792 3539 5870; x_wconf 71' lang='grc' dir='ltr'><strong>τοῦ</strong></span> <span class='ocrx_word' id='word_1_834' title='bbox 3563 5791 3726 5870; x_wconf 70' lang='grc' dir='ltr'>βασι-</span> 
     </span>
    </p>
   </div>
   <div class='ocr_carea' id='block_1_114' title="bbox 482 5863 3843 5939">
    <p class='ocr_par' dir='ltr' id='par_1_114' title="bbox 482 5863 3843 5939">
     <span class='ocr_line' id='line_1_114' title="bbox 482 5863 3843 5939; baseline 0 -17"><span class='ocrx_word' id='word_1_835' title='bbox 482 5863 590 5939; x_wconf 78' lang='lat' dir='ltr'><strong>nos</strong></span> <span class='ocrx_word' id='word_1_836' title='bbox 608 5863 1001 5939; x_wconf 72' lang='lat' dir='ltr'><strong>cancellarius,</strong></span> <span class='ocrx_word' id='word_1_837' title='bbox 1029 5863 1240 5939; x_wconf 61' lang='lat' dir='ltr'><strong>itaque</strong></span> <span class='ocrx_word' id='word_1_838' title='bbox 1267 5863 1651 5939; x_wconf 78' lang='lat' dir='ltr'><strong>explicationis</strong></span> <span class='ocrx_word' id='word_1_839' title='bbox 1678 5863 1865 5939; x_wconf 70' lang='lat' dir='ltr'><strong>&#39;causa</strong></span> <span class='ocrx_word' id='word_1_840' title='bbox 1906 5863 2047 5939; x_wconf 70' lang='lat' dir='ltr'><strong>p&#39;ene</strong></span> <span class='ocrx_word' id='word_1_841' title='bbox 2152 5868 2314 5929; x_wconf 82' lang='grc' dir='ltr'>λέως,</span> <span class='ocrx_word' id='word_1_842' title='bbox 2361 5872 2422 5922; x_wconf 87' lang='lat' dir='ltr'><strong>ut</strong></span> <span class='ocrx_word' id='word_1_843' title='bbox 2469 5865 2558 5922; x_wconf 87' lang='lat' dir='ltr'><strong>his</strong></span> <span class='ocrx_word' id='word_1_844' title='bbox 2602 5863 2751 5921; x_wconf 86' lang='lat' dir='ltr'><strong>libri</strong></span> <span class='ocrx_word' id='word_1_845' title='bbox 2765 5879 3011 5939; x_wconf 69' lang='lat' dir='ltr'><strong>persaepe</strong></span> <span class='ocrx_word' id='word_1_846' title='bbox 3045 5863 3418 5931; x_wconf 78' lang='lat' dir='ltr'><strong>nominantur,</strong></span> <span class='ocrx_word' id='word_1_847' title='bbox 3446 5863 3589 5923; x_wconf 66' lang='lat' dir='ltr'><strong>intra</strong></span> <span class='ocrx_word' id='word_1_848' title='bbox 3632 5863 3727 5926; x_wconf 74' lang='lat' dir='ltr'><strong>di:</strong></span> <span class='ocrx_word' id='word_1_849' title='bbox 3836 5930 3843 5935; x_wconf 92' lang='lat'>_</span> 
     </span>
    </p>
   </div>
   <div class='ocr_carea' id='block_1_115' title="bbox 489 5881 2041 6011">
    <p class='ocr_par' dir='ltr' id='par_1_115' title="bbox 489 5881 2041 6011">
     <span class='ocr_line' id='line_1_115' title="bbox 489 5881 2041 5939; baseline 0.001 -18"><span class='ocrx_word' id='word_1_850' title='bbox 489 5882 590 5922; x_wconf 85' lang='lat' dir='ltr'><strong>nos</strong></span> <span class='ocrx_word' id='word_1_851' title='bbox 608 5881 1001 5929; x_wconf 71' lang='lat' dir='ltr'><strong>hanceuartus,</strong></span> <span class='ocrx_word' id='word_1_852' title='bbox 1029 5881 1103 5920; x_wconf 84' lang='lat' dir='ltr'><strong>tta</strong></span> <span class='ocrx_word' id='word_1_853' title='bbox 1147 5882 1215 5923; x_wconf 86' lang='lat' dir='ltr'><strong>ue</strong></span> <span class='ocrx_word' id='word_1_854' title='bbox 1267 5881 1651 5936; x_wconf 78' lang='lat' dir='ltr'><strong>explicationis</strong></span> <span class='ocrx_word' id='word_1_855' title='bbox 1700 5884 1865 5923; x_wconf 73' lang='lat' dir='ltr'><strong>causa</strong></span> <span class='ocrx_word' id='word_1_856' title='bbox 1906 5884 2041 5939; x_wconf 84' lang='lat' dir='ltr'><strong>pene</strong></span> 
     </span>
     <span class='ocr_line' id='line_1_116' title="bbox 489 5881 2041 6011; baseline 0 -20"><span class='ocrx_word' id='word_1_857' title='bbox 489 5935 599 5992; x_wconf 85' lang='lat' dir='ltr'><strong>hoc</strong></span> <span class='ocrx_word' id='word_1_858' title='bbox 635 5935 861 5994; x_wconf 80' lang='lat' dir='ltr'><strong>verbum</strong></span> <span class='ocrx_word' id='word_1_859' title='bbox 889 5934 1085 6007; x_wconf 73' lang='lat' dir='ltr'><strong>adieci.</strong></span> <span class='ocrx_word' id='word_1_860' title='bbox 1106 5881 1223 6004; x_wconf 51' lang='lat' dir='ltr'><strong>(hui</strong></span> <span class='ocrx_word' id='word_1_861' title='bbox 1268 5937 1477 5993; x_wconf 74' lang='lat' dir='ltr'><strong>fuerint</strong></span> <span class='ocrx_word' id='word_1_862' title='bbox 1520 5938 1916 6009; x_wconf 84' lang='grc' dir='ltr'>μεσιτεύοντες,</span> <span class='ocrx_word' id='word_1_863' title='bbox 1949 5955 2041 6011; x_wconf 87' lang='grc' dir='ltr'>με-</span> 
     </span>
    </p>
   </div>
   <div class='ocr_carea' id='block_1_116' title="bbox 2140 5881 2329 6011">
    <p class='ocr_par' dir='ltr' id='par_1_116' title="bbox 2153 5881 2329 5993">
     <span class='ocr_line' id='line_1_117' title="bbox 2153 5881 2314 5929; baseline -0.006 -9"><span class='ocrx_word' id='word_1_864' title='bbox 2153 5881 2314 5929; x_wconf 75' lang='grc' dir='ltr'>λεως,</span> 
     </span>
     <span class='ocr_line' id='line_1_118' title="bbox 2154 5946 2329 5993; baseline 0 0"><span class='ocrx_word' id='word_1_865' title='bbox 2154 5946 2329 5993; x_wconf 83' lang='lat' dir='ltr'><strong>cetur.</strong></span> 
     </span>
    </p>
   </div>
  </div>
