4016 6478
467 437 574 502 4ι3

1655 435 1980 498 JOANNIS
2018 437 2545 498 CANTACUZENI

3632 436 3732 499 444

467 548 778 620 conspexit,
854 550 1191 620 paulumque
1243 551 1386 605 ultra
1437 567 1784 620 progressus,
1833 560 1888 606 et
1942 553 2056 621 ipse

2165 555 2298 618 όδοις
2349 555 2706 626 ἑγκαθίδρυσε
2762 557 2862 624 τὴν
2903 552 3180 622 στρατιάν.
3240 550 3518 614 Βασιλεὺς
3553 551 3608 605 δὲ
3632 553 3733 607 ἀπὺ

373 703 379 709 _
469 644 526 696 in
577 643 718 703 loco,
773 644 862 696 cui
919 643 1188 697 Pelecano
1242 657 1442 696 nomen
1491 652 1593 708 cst,
1647 650 1828 697 castra
1888 642 2054 707 fecit,

471 735 790 802 coactisque
827 734 1188 803 primoribus.
1236 733 1368 802 quid
1397 733 1541 787 facto
1569 749 1709 802 opus
1739 734 2054 801 exquisivit.

471 825 770 880 Sententia
812 825 913 878 fuit
955 841 1063 879 non
1112 840 1232 880 esse
1279 825 1512 879 ulterius
1551 825 2014 894 progrediendum
2041 865 2055 888 ,

476 928 589 970 tum
622 916 766 986 quod
798 917 973 970 Persa:
1011 917 1277 972 nomades
1303 916 1356 970 in
1384 932 1523 986 quos
1558 917 1876 980 tendebant,
1905 915 2056 970 velut

428 1058 432 1062 .
475 1007 532 1059 in
584 1007 851 1059 servitute
898 1006 1218 1074 abrepturi,
1274 1005 1328 1060 id
1379 1007 1681 1061 sentientes
1742 1007 2050 1076 fugerent:

474 1099 632 1165 211
685 1107 797 1151 tum
830 1098 954 1166 quia
998 1098 1154 1161 locis,
1209 1114 1307 1168 per
1348 1115 1470 1167 quae
1513 1109 1701 1155 essent
1737 1099 2053 1164 transituri,

477 1192 638 1242 inviis
681 1199 736 1242 et
777 1193 1042 1258 angustis.
1075 1190 1428 1260 pedestrique
1477 1201 1533 1245 et
1577 1191 1819 1260 equestri
1891 1206 2052 1246 excr-

473 1281 582 1336 citu
617 1293 808 1336 contra
841 1297 1163 1347 occursuro,
1212 1298 1322 1336 non
1359 1283 1652 1338 videbatur
1677 1284 2053 1338 necessarium

473 1375 628 1428 nullo
659 1391 784 1429 cum
819 1374 1002 1428 fructu
1041 1375 1195 1428 adire
1223 1375 1558 1444 periculum.
1589 1376 1669 1429 Ne
1696 1384 1878 1430 tamen
1906 1385 2052 1430 metu

473 1462 843 1518 Barbarorum
871 1465 1080 1532 regredi
1111 1473 1466 1533 putarentur,
1490 1466 1762 1534 postridie
1795 1466 2053 1521 matutini

473 1557 530 1609 in
567 1557 812 1624 planitie.
843 1557 994 1610 velut
1024 1558 1088 1612 ad
1115 1573 1351 1628 pugnam
1382 1557 1658 1627 dispertiti
1681 1558 1807 1625 viri,
1836 1558 2053 1628 disper-

471 1647 559 1702 titi
591 1649 837 1714 ordines,
870 1663 900 1702 e
945 1651 1176 1719 regione
1205 1650 1598 1705 consisterent.
1647 1650 1716 1705 Et
1754 1650 1798 1704 si
1828 1651 2052 1720 quidem

472 1739 665 1795 hostes
699 1755 731 1794 e
765 1741 906 1794 locis
950 1741 1138 1794 arduis
1184 1741 1437 1808 digressi,
1489 1757 1648 1811 aequo
1701 1756 1896 1812 campo
1925 1757 2050 1796 cum

473 1831 609 1900 ipsis
656 1832 864 1886 vellent
914 1845 1276 1896 concurrere.
1333 1832 1596 1888 virtutem
1648 1848 1804 1888 suam
1859 1843 2052 1888 contra

476 1931 862 1989 ostentarent;
890 1925 975 1979 sin
1004 1932 1210 1985 autem.
1244 1924 1564 1996 Byzantium
1591 1925 1734 1980 viam
1756 1923 2053 1980 ordinatim

475 2023 850 2082 capesserent,
888 2030 948 2070 re
981 2015 1262 2081 docentes,
1310 2031 1418 2071 non
1456 2016 1584 2087 quia
1630 2017 1913 2081 timerent,
1957 2017 2055 2074 sed

475 2107 605 2176 quia
637 2107 964 2176 quibuscum
1002 2118 1313 2179 pugnarent
1345 2125 1457 2164 non
1504 2109 1793 2175 haberent,
1832 2110 2055 2164 domum

477 2213 755 2252 reversos.
791 2199 907 2253 Hoc
933 2199 1010 2253 illi
1041 2200 1429 2266 decreverunt,
1460 2210 1517 2256 et
1545 2202 1690 2271 apud
1725 2201 2054 2258 Pelccanum

478 2300 901 2359 pernoctarunt.
945 2291 1304 2362 Posteaquam
1344 2293 1518 2362 pulsis
1574 2293 1816 2348 tenebris
1861 2293 2055 2348 diurna

477 2382 571 2436 lux
607 2384 835 2446 all‘ulsit,
875 2384 1132 2440 laudibus
1172 2387 1284 2439 Deo
1313 2383 1381 2440 de
1412 2400 1565 2440 more
1596 2385 1781 2451 dictis,
1817 2386 2055 2455 impera-

480 2482 567 2525 tur
597 2475 864 2528 militibus
899 2475 1031 2528 tuba
1059 2476 1276 2545 signum
1324 2476 1390 2529 ad
1439 2492 1590 2531 arma
1640 2477 1905 2547 capienda
1937 2477 2056 2532 dari

476 2565 662 2631 jussit.
711 2566 919 2618 Armati
974 2566 1162 2634 igitur,
1199 2567 1356 2636 juxta
1403 2567 1724 2621 hesternum
1775 2568 2056 2624 decretum

481 2662 672 2708 contra
719 2653 992 2708 Barbaros
1049 2654 1107 2708 in
1171 2656 1319 2710 acies
1362 2655 1646 2726 dispositi,
1686 2667 1944 2723 tanquam
1990 2660 2058 2715 ad

481 2745 727 2815 praelium
747 2743 1151 2799 conserendum
1183 2745 1514 2816 procedunt.
1541 2748 1620 2802 Eo
1640 2749 1760 2803 viso
1782 2749 2060 2807 Orchanes

483 2851 616 2890 suos
652 2837 780 2890 item
808 2835 1056 2900 instruit,
1087 2845 1410 2906 partemque
1440 2838 1494 2891 in
1522 2837 1742 2894 insidiis
1772 2841 2012 2896 occultat
2043 2860 2057 2896 :

484 2939 546 2982 nt
579 2929 621 2982 si
679 2929 908 2982 Romani
939 2927 1012 2996 {in
1069 2928 1172 2984 hos
1217 2931 1580 2999 prmvalentes
1633 2933 1932 3000 irruerent,
1982 2935 2061 2991 illi

483 3020 782 3091 derepente
807 3020 1182 3092 prosilientes',
1214 3038 1311 3078 eos
1334 3024 1853 3092 perterrefacerent,
1895 3036 2061 3098 atque

483 3111 540 3165 in
593 3112 774 3184 fugam
813 3113 1232 3182 compellerent.
1278 3115 1529 3186 Reliquis
1580 3116 1770 3187 itaque
1816 3119 1918 3174 sibi
1957 3119 2059 3174 ad-

2163 647 2497 716 Σκουταρίου
2544 646 2692 698 δυεῖν
2741 644 2967 716 ἡμερῶν
3014 644 3130 696 ὁδὸν
3172 642 3412 705 ἀνύσας,
3461 645 3529 712 τῇ
3582 643 3734 714 τρίτῃ

2161 738 2275 806 ἅμα
2303 738 2378 807 ’έῳ
2411 738 2536 791 ἐπεὶ
2575 738 2740 791 πάλιν
2786 739 2884 806 τῆς
2917 735 3088 804 αὐτῆς
3128 735 3343 804 εἴχοντο
3378 733 3528 798 ὁδοῦ,
3579 735 3668 795 καὶ
3703 737 3733 805 ἡ

2161 827 2407 898 Περσικὴ
2448 826 2676 897 στρατιά
2705 826 2878 896 ἐφάνη
2909 822 3129 878 ἄπωθεν
3163 824 3220 874 ἐν
3255 821 3490 891 χωρίοις
3523 820 3735 889 ὑψηλοῖς

2161 920 2627 989 ἐγκαθιδρυμένη.
2670 917 2880 985 Ὀλίγον
2927 916 2986 968 δέ
3036 913 3326 986 προελθὼν
3370 913 3402 965 δ
3449 911 3734 981 βασιλεὺς,

2160 1011 2620 1080 ἐστρατοπέδευσε
2649 1009 2743 1062 καὶ
2765 1008 2926 1072 αὐτὸς
2956 1009 3015 1061 ἐν
3042 1006 3228 1078 χωρίῳ
3257 1003 3563 1070 Πελεκάνῳ
3580 1020 3737 1072 προσο

2157 1104 2566 1172 αγορευομένῳο
2598 1101 2693 1154 καὶ
2733 1102 2862 1163 τοὺς
2907 1101 2968 1153 ἐν
3001 1099 3144 1152 τέλει
3195 1095 3559 1164 συναγαγὼν,
3590 1095 3737 1148 ἐϐου-

2161 1195 2381 1248 λεύοντο
2440 1197 2468 1250 ὅ
2503 1212 2556 1248 τι
2594 1195 2702 1247 δέοι
2743 1195 2938 1249 ποιεῖν.
2980 1191 3184 1245 Ἐδόκει
3211 1190 3282 1261 δὴ
3319 1188 3636 1259 περαιτέρω
3668 1187 3734 1256 μὴ

2157 1287 2499 1357 προϐαίνειν,
2536 1287 2654 1357 ἅμα
2691 1286 2792 1356 μὲν
2835 1286 2931 1340 καὶ
2960 1283 3050 1338 διὰ
3082 1284 3143 1336 τὸ
3175 1284 3309 1345 τοὺς
3336 1281 3582 1349 νομάδας
3610 1279 3739 1347 Πέρ-

2159 1391 2256 1438 σας
2285 1369 2367 1437 of;
2395 1375 2630 1447 ἐπῄεσαν
2657 1373 2734 1436 ὡς
2763 1371 3376 1445 ἐξανδραποδισόμενοι,
3412 1367 3512 1438 τὴν
3558 1367 3733 1436 ἔφοδον

2154 1465 2514 1536 αἰσθομένους
2554 1465 2858 1536 διαδράναι·
2899 1463 3015 1535 ἅμα
3065 1463 3111 1516 δ’
3141 1463 3224 1516 ὅτι
3271 1460 3388 1514 τῶν
3426 1477 3488 1512 τε
3523 1458 3731 1528 χωρίων

2153 1557 2435 1614 δυσϐάτων
2474 1558 2569 1612 καὶ
2597 1557 2800 1612 στενῶν
2827 1555 3002 1612 ὄντων
3039 1556 3111 1609 δι’
3140 1548 3215 1609 ὧν
3250 1552 3489 1624 ἔμελλον
3529 1551 3728 1613 διὶέναι,

2155 1651 2250 1706 καὶ
2285 1651 2546 1723 στρατιᾶς
2580 1645 3287 1720 ἀντιστρατοπεδευομένης
3340 1643 3520 1712 πεζῆς
3557 1659 3615 1695 τε
3647 1643 3731 1695 καὶ

2157 1744 2413 1816 ἱππικῆς,
2463 1743 2565 1797 οὐκ
2605 1743 2906 1810 ἀναγκαῖον
2943 1736 3380 1794 διακινδυνεύειν
3421 1735 3518 1789 ἐπὶ
3561 1733 3730 1802 κέρδει

2153 1835 2353 1891 οὐδενί.
2392 1835 2508 1889 Ἵνα
2537 1834 2594 1888 δέ
2629 1834 2706 1902 μὴ
2757 1833 2966 1887 δοκοῖεν
3015 1830 3095 1902 τῷ
3132 1830 3244 1884 δέει
3299 1828 3416 1882 τῶν
3451 1826 3729 1899 βαρϐάρων

2155 1929 2544 2000 ἀναστρέφειν,
2579 1928 2660 1991 είς
2686 1926 2788 1996 τὴν
2827 1923 3127 1994 ὑστεραίαν
3160 1923 3283 1992 ἅμα
3312 1921 3392 1990 έῳ
3436 1917 3727 1988 ὁπλισαμέ-

2157 2035 2282 2082 νους
2313 2020 2407 2072 ἐπὶ
2435 2017 2531 2071 τοῦ
2563 2018 2749 2072 πεδίου
2775 2015 3062 2070 κατέναντι
3087 2011 3198 2065 τῶν
3234 2009 3540 2082 βαρϐάρων
3565 2023 3727 2076 παρα-

2156 2109 2423 2178 τάξασθαι
2451 2110 2527 2172 ὡς
2567 2109 2650 2172 είς
2692 2108 2895 2179 μάχην.
2925 2105 3048 2160 Κάν
3075 2104 3173 2174 μὲν
3213 2102 3380 2155 αὐτοὶ
3411 2100 3514 2170 τῆς
3543 2100 3728 2168 δυσχω-

2160 2199 2284 2269 ρίας
2307 2199 2665 2262 ἀποστάντες,
2705 2197 2802 2250 ἐπὶ
2845 2194 2940 2248 τοῦ
2983 2192 3190 2263 ὁμαλοῦ
3237 2192 3522 2261 θελήσωσι
3550 2190 3730 2256 διαγω-

2159 2290 2411 2344 νίσασθαι
2443 2291 2653 2355 αὐτοῖς,
2691 2289 2784 2342 καὶ
2807 2287 2962 2341 αὐτοὶ
3001 2284 3381 2351 ἐπιδείξεσθαι
3413 2283 3512 2354 τὴν
3541 2279 3728 2334 οἰκείαν

2159 2383 2382 2453 ἀρετήν’
2415 2383 2510 2435 ἐὰν
2537 2382 2593 2435 δέ
2627 2381 2703 2452 μὴ
2735 2380 2890 2433 αὐτοὶ
2911 2379 3007 2448 τῆς
3035 2377 3351 2447 δυσχωρίας
3383 2374 3727 2444 ἀφιστῶνται,

2159 2475 2258 2542 τῆς
2297 2475 2376 2536 είς
2418 2473 2710 2537 Βυζάντιον
2760 2470 2982 2540 ἔχεσθαι
3029 2467 3314 2538 φερούσης
3370 2465 3726 2535 τεταγμένως·

2163 2565 2309 2636 ἔργῳ
2341 2564 2620 2628 δείξαντας
2650 2562 2724 2626 ὡς
2747 2562 2808 2614 οὐ
2839 2560 2928 2614 διά
2952 2559 3181 2622 δειλίαν,
3218 2558 3367 2612 ἀλλά
3400 2557 3462 2610 τὸ
3502 2555 3574 2626 μὴ
3601 2552 3729 2623 ἔχειν

2163 2652 2362 2710 οἷστισι
2423 2655 2816 2726 συμϐαλοῦσιν,
2884 2650 3180 2718 ἀνέζευξαν
3258 2651 3343 2713 είς
3398 2649 3496 2720 τὴν
3547 2647 3726 2699 οὶκίαν.

2164 2749 2323 2803 Οῦτω
2373 2750 2473 2820 μὲν
2522 2749 2585 2818 δὴ
2632 2748 2910 2800 ἐδέδοκτοο
2957 2745 3052 2798 καὶ
3095 2742 3402 2814 ηὐλίσαντο
3430 2741 3528 2812 τὴν
3579 2737 3728 2792 νύκτα

2165 2840 2383 2912 ἐκείνην
2410 2840 2551 2896 κατὰ
2576 2840 2664 2893 τὸν
2693 2837 3022 2892 Πελεκάνον.
3059 2835 3212 2905 Ἀμα
3247 2835 3309 2890 δὲ
3349 2834 3426 2906 ἓῳ
3459 2830 3596 2902 μετά
3620 2829 3726 2888 τοὺς

2165 2934 2421 2998 εἰωθότας
2453 2932 2659 3002 ὕμνους
2687 2929 2823 3003 πρὸς
2848 2931 3007 2996 Θεὸν,
3031 2932 3098 3000 τῇ
3129 2928 3408 2996 σάλπιγγι
3433 2925 3672 2979 ἐκέλευεν
3703 2922 3726 2972 ὁ

2168 3028 2424 3100 βασιλεὺς
2460 3030 2529 3099 τῇ
2554 3027 2783 3099 στρατιᾷ
2811 3025 2913 3097 τὴν
2939 3023 3229 3095 ἐφόπλισιν
3253 3021 3566 3094 σημαίνειν.
3597 3016 3726 3070 Ἐπέὶ

2165 3121 2223 3176 δὲ
2257 3120 2591 3184 ὡπλίσαντο,
2624 3119 2914 3173 κατέναντι
2946 3116 3056 3170 τῶν
3097 3115 3407 3187 βαρϐάρων
3435 3109 3615 3184 ἦλθον,
3641 3123 3729 3161 πα-

480 3202 711 3273 junctis,
775 3203 832 3258 in
905 3203 1126 3258 sublimi
1203 3206 1405 3262 stabat.
1459 3207 1703 3264 Secretis
1751 3225 1918 3281 porro
1949 3219 2061 3267 tre-

2169 3209 2564 3283 ρατεταγμένοι
2582 3209 2657 3272 ὡς
2678 3210 2736 3273 ἐς
2763 3208 2968 3279 μάχην,
2989 3202 3024 3280 ᾖ
3047 3207 3303 3261 ἐδέδοκτο
3325 3208 3392 3277 τῇ
3423 3200 3724 3276 προτεραίᾳ.

484 3300 658 3354 centis
683 3297 966 3368 equitibus
995 3297 1294 3369 sagittariis
1330 3299 1777 3370 pugnacissimis,
1823 3303 1878 3356 in
1906 3304 2067 3372 equis

483 3391 868 3454 velocissimis,
906 3388 1198 3459 imperavit
1241 3390 1325 3445 eis
1351 3431 1367 3458 ,
1407 3407 1476 3447 ne
1542 3393 1793 3448 cominus
1847 3404 1902 3448 et
1953 3405 2066 3450 sta-

488 3485 626 3536 taria
674 3497 877 3552 pugna,
906 3482 1004 3536 sed
1039 3498 1106 3537 ex
1135 3483 1363 3537 incursu
1412 3484 1736 3541 invadentes
1772 3487 1906 3557 (55),
1942 3504 2065 3542 cum

488 3573 750 3628 Romanis
797 3572 1196 3642 depugnarent,
1226 3588 1556 3644 rursumque
1582 3577 1856 3646 fugerent,
1880 3590 1933 3634 et
1964 3581 2068 3635 tela

489 3663 544 3716 in
593 3671 807 3731 tergum
849 3670 1172 3731 torquerent
1205 3661 1354 3732 (56);
1414 3663 1613 3717 deinde
1668 3667 1940 3732 conversi,
1985 3684 2072 3722 rc-

397 3741 406 3752 ’
491 3755 693 3820 (lirent,
748 3755 1078 3823 hostemque
1155 3753 1340 3810 denuo
1386 3755 1752 3813 lacesserent.
1827 3759 2070 3832 Contigit

493 3863 699 3914 autem,
719 3847 1040 3918 ut'spatium
1063 3849 1304 3904 medium
1327 3864 1525 3904 versus
1543 3850 1820 3906 Romanos
1838 3843 2067 3922 ecquale,

492 3951 549 4008 ct
579 3941 754 4011 equi‘ti
801 3941 1100 4006 idoneum;
1134 3956 1331 3997 versus
1366 3940 1558 3998 Persas
1588 3958 1698 3998 non
1746 3944 1951 3999 acclive
1979 3961 2071 4000 so-

492 4036 632 4096 lum,
667 4049 1005 4103 accessuque
1039 4033 1402 4098 laboriosum,
1438 4034 1534 4090 sed
1576 4043 1632 4090 et
1674 4035 1835 4092 fossis
1870 4039 2072 4094 nativis

495 4125 860 4195 undequaque
894 4124 1272 4193 interceptum
1309 4134 1476 4179 esset.
1527 4124 1642 4191 Qua
1679 4126 2072 4182 commoditate

491 4219 718 4273 Barbari
757 4218 1110 4287 potissimum
1141 4217 1391 4283 fidentes,
1419 4217 1474 4271 in
1505 4218 1782 4274 Romanos
1807 4219 2072 4276 audacius

492 4329 551 4368 se
583 4310 915 4366 inferebant.
961 4309 1058 4365 llis
1110 4309 1279 4380 igitur
1321 4309 1606 4377 trecentis,
1646 4319 1706 4365 ut
1753 4311 1858 4367 hoc
1909 4313 2073 4367 modo

493 4422 617 4460 cum
655 4404 917 4459 Romanis
949 4403 1301 4468 dimicarent,
1350 4403 1653 4470 mandavit,
1691 4404 1828 4459 alios
1861 4405 2010 4460 mille
2041 4421 2072 4460 a

497 4508 653 4566 tergo
682 4512 874 4553 eorum
912 4495 978 4549 ad
1007 4495 1182 4550 fossas
1229 4504 1286 4550 et
1313 4495 1620 4565 angustias,
1663 4496 1757 4566 qui
1794 4497 2073 4553 Romanos

2178 3304 2450 3374 Ὀρχάνης
2481 3303 2540 3356 δέ
2589 3305 2684 3357 καὶ
2722 3302 2887 3364 αὐτὸς
2935 3301 3062 3356 ἰδὼν
3089 3305 3182 3355 τὸν
3217 3300 3460 3372 βασιλέα
3503 3295 3726 3353 ἐπιόντα,

2165 3393 2600 3465 ἀντιπαρέταττε
2645 3393 2742 3448 καῖ⁸
2776 3393 2940 3458 αὐτὸς
2961 3394 3066 3465 τὴν
3098 3393 3393 3464 στρατιάν.
3439 3389 3545 3444 Καὶ
3582 3387 3730 3458 μέρος

2170 3490 2268 3556 μέν
2299 3504 2350 3540 τι
2391 3485 2742 3557 κατέκρυψεν
2773 3487 2829 3538 ἐν
2851 3484 3032 3555 λόχοις
3053 3500 3068 3515 ο
3115 3484 3192 3548 ὡς
3221 3483 3297 3538 ἂν
3330 3485 3380 3537 εί
3407 3482 3455 3535 οἱ
3491 3476 3730 3547 Ῥωμαῖοι

2167 3579 2538 3650 ὑπερσχόντες
2568 3577 2797 3631 ἐπίωσιν
2824 3578 3044 3644 αὐτοῖς,
3076 3578 3123 3630 οἱ
3155 3578 3215 3630 ἐν
3252 3578 3380 3640 ταῖς
3413 3575 3644 3642 ἐνέδραις
3676 3570 3730 3620 ἐκ

2169 3671 2261 3726 τοῦ
2293 3671 2566 3742 αἰφνιδίου
2589 3669 2907 3734 ἐπελθόντες
2929 3669 3248 3740 ἐκπλήξωσί
3279 3687 3341 3723 τε
3359 3669 3448 3722 διὰ
3470 3666 3528 3720 τὸ
3543 3667 3732 3731 ἀπροσ-

2140 3763 2416 3835 ’δόκητοη
2454 3763 2551 3817 καὶ
2577 3762 2888 3834 τρέψωνται
2918 3761 3139 3825 αὐτούς.
3166 3761 3286 3831 Τὴν
3321 3761 3367 3814 δ’
3409 3758 3574 3826 ἀλλην
3604 3754 3730 3809 ᾶπα-

2172 3874 2272 3911 σαν
2301 3856 2532 3926 δύναμιν
2569 3855 2878 3920 ἀναλαϐὼν,
2930 3853 3063 3923 ἐστη
3095 3853 3188 3905 ἐπὶ
3240 3851 3550 3922 μετεώρου.
3583 3848 3731 3915 Τρια-

2171 3949 2388 4011 κοσίους
2431 3947 2489 4000 δέ
2518 3945 2928 4014 ἀπολεξάμενος
2975 3943 3103 4006 τοὺς
3139 3942 3277 4012 παρ’
3310 3941 3460 4009 αὐτῷ
3492 3948 3728 4010 μαχιμω-

2170 4039 2366 4102 τάτους
2420 4038 2802 4104 ἱπποτοξότας,
2837 4037 3040 4098 ἵππους
3073 4034 3303 4106 ἔχοντας
3353 4033 3463 4087 τῶν
3517 4029 3730 4099 μάλιστα

2173 4131 2317 4184 θέειν
2343 4131 2586 4200 ἀγαθῶν,
2633 4130 2924 4202 ἐκέλευσεν
2963 4129 3148 4192 αὐτοῖς
3183 4128 3245 4180 οὐ
3293 4127 3436 4182 κατὰ
3463 4118 3728 4184 συστάδην.

2173 4224 2288 4278 ἀλλ’
2317 4225 2374 4290 ιε
2402 4224 2604 4292 ἐφόδων
2629 4221 3048 4294 συμπλέκεσθαι
3084 4223 3151 4292 τῇ
3191 4219 3468 4291 βασιλέως
3495 4207 3725 4282 στρατιᾷ·

2173 4317 2269 4370 καὶ
2308 4316 2561 4378 ἐπιόντας
2611 4315 2711 4384 μέν
2750 4314 2826 4385 μὴ
2870 4311 3194 4382 ὑπομένειν,
3248 4309 3390 4364 άλλά
3443 4303 3723 4375 φεύγοντας

2172 4409 2408 4474 τοξείαις
2433 4408 2694 4479 χρῆσθαι,
2725 4405 3078 4477 ἀναχωροῦσι
3105 4405 3163 4461 δὲ
3191 4403 3353 4466 αὖθις
3384 4391 3724 4477 ἐπιτίθεσθαι.

2174 4497 2501 4570 Συμῦἐϐηκε
2531 4497 2590 4552 δὲ
2628 4497 2691 4550 τὸ
2733 4496 2941 4566 μεταξὺ
2964 4494 3076 4548 τῶν
3104 4489 3530 4562 στρατευμάτων
3571 4481 3728 4570 ἀμφο-

493 4591 849 4659 insequentes
876 4587 1216 4657 exciperent,
1269 4595 1326 4642 et
1355 4587 1550 4641 eadem
1585 4586 1653 4642 de
1701 4603 1867 4643 causa
1921 4589 2061 4644 mille

2175 4590 2375 4661 τέρων,
2404 4589 2532 4644 ὅσον
2557 4588 2657 4659 μὲν
2682 4583 2751 4660 ἦν
2785 4587 2926 4640 κατά
2956 4587 3083 4649 τοὺς
3124 4581 3431 4653 Ῥωμαίους
3459 4569 3651 4644 ὁμαλόν
3677 4577 3726 4661 τε

495 4682 552 4736 in
591 4690 829 4748 utroque
861 4677 1038 4732 latere
1069 4677 1289 4732 locavit.
1323 4677 1630 4748 Imperator
1657 4678 1749 4733 ubi
1783 4679 1976 4734 Persas
2005 4679 2074 4736 de

495 4772 633 4826 colle
681 4770 1030 4825 descendisse
1068 4770 1382 4839 conspexit,
1433 4770 1600 4824 etiam
1644 4770 1763 4841 ipse
1800 4778 2075 4826 trecentos

497 4864 566 4918 de
600 4863 714 4918 suis
743 4862 927 4932 elegit,
961 4877 988 4916 a
1019 4862 1219 4932 quibus
1250 4862 1572 4932 stiparetur,
1623 4878 1827 4931 eosque
1875 4863 2077 4919 talibus

497 4955 686 5008 verbis
733 4953 989 5008 accendit
1033 4969 1047 5006 :
1103 4951 1277 5017 Quam
1339 4953 1594 5022 gloriam,
1653 4952 1880 5011 milites.
1929 4952 2076 5020 quod

499 5047 670 5100 decus
707 5045 939 5100 Romani
992 5045 1120 5100 inde
1157 5046 1222 5096 ah
1265 5043 1425 5099 initio
1471 5058 1538 5098 ex
1588 5059 1653 5098 eo
1703 5044 1808 5098 sibi
1852 5059 2078 5114 compa-

411 5157 428 5168 κ
499 5137 695 5198 rarint,
743 5136 888 5206 quod
931 5135 1185 5190 hostibus
1241 5134 1619 5190 formidabiles
1672 5135 1916 5198 fuerunt,
1977 5149 2080 5189 nec

498 5229 656 5283 vobis
690 5238 773 5283 est
799 5228 1069 5298 ignotum.
1101 5227 1165 5281 lli
1207 5227 1357 5281 enim
1410 5235 1560 5291 sunt,
1605 5227 1699 5296 qui
1735 5235 1909 5281 totutn
1939 5241 2078 5296 pene

2179 4652 2340 4744 εἶναι,
2361 4652 2472 4734 ’καὶ
2506 4652 2863 4752 praemia-arpi);
2895 4676 2996 4740 τάς
3030 4652 3390 4746 ίππηλασίας·
3420 4667 3480 4722 τὸ
3509 4665 3563 4717 δέ
3602 4652 3728 4752 κατὰ

2176 4775 2304 4837 τοὺς
2340 4748 2562 4842 Πέρσας
2575 4812 2592 4838 ,
2634 4772 2694 4826 οὐ
2735 4748 2897 4842 μόνον
2947 4769 3182 4830 ἄναντες
3230 4765 3325 4819 καὶ
3362 4748 3726 4826 δυσπρόσοδον,

2178 4865 2316 4920 ἀλλά
2348 4867 2442 4919 καὶ
2492 4865 2724 4936 τάφροις
2772 4863 3069 4929 αὐτοφυέσι
3122 4855 3432 4927 πανταχόσε
3462 4850 3730 4936 διατετμηο

2183 4956 2366 5028 μένον·
2401 4950 2444 5024 ᾧ
2476 4930 2806 5027 καὶνμᾶλλον
2831 4955 2880 5006 οἱ
2908 4953 3176 5024 βάρϐαροι
3218 4945 3535 5004 πεποιθότες
3576 4930 3726 5028 ὲπῂεο

2183 5065 2285 5102 σαν
2338 5047 2660 5116 Ῥωμαίοις.
2693 5045 2920 5108 Τούτοις
2959 5044 3056 5114 μὲν
3101 5042 3197 5096 οὖν
3247 5041 3360 5101 τοῖς
3415 5022 3727 5116 τριακοσίοις

2183 5138 2594 5208 προσετέτακτο
2613 5134 2706 5188 τὸν
2732 5134 2933 5204 τρόπον
2961 5132 3148 5185 τοῦτον
3171 5147 3233 5183 συ
3242 5120 3572 5208 μπλέκεσθαξ
3607 5111 3727 5164 Ῥω·

2185 5205 2391 5299 μαίοις.
2435 5225 2691 5298 Ἑτέρους
2719 5225 2775 5278 δὲ
2801 5222 3008 5294 χιλίους
3035 5220 3260 5275 ὕπισθεν
3285 5214 3461 5272 αὐτῶν
3481 5205 3726 5267 ἐπέστησε

1759 5365 1979 5426 Jacobi
2014 5365 2283 5428 Pontani
2320 5376 2506 5427 notae.
2577 5423 2580 5426 .

572 5499 684 5570 (55)
728 5500 859 5554 Tale
912 5512 1087 5568 genus
1145 5510 1344 5565 pugnae
1387 5492 1558 5546 habes
1610 5496 1750 5562 apud
1803 5491 2077 5545 Maronem

529 5573 577 5606 ιιι
631 5586 663 5606 ιι
1454 5579 1468 5594 ⁴

501 5569 598 5622 lib.
629 5569 687 5624 It.
1454 5579 1468 5594 ⁴

575 5639 664 5692 Bis
697 5639 882 5692 Thusri
916 5637 1139 5691 Rutulos
1159 5650 1312 5704 egere
1335 5634 1404 5686 ad
1437 5634 1626 5686 muenia
1659 5647 1855 5696 versos,

579 5708 666 5762 Bis
698 5709 878 5777 rejecti
907 5709 1072 5761 armis
1111 5711 1411 5771 respectant
1448 5712 1592 5777 terga
1621 5712 1849 5777 tegentes
1879 5717 1894 5754 :

583 5770 765 5832 Tertia'
794 5779 884 5830 sed
909 5770 1486 5847 postquam’congressi
1513 5775 1566 5826 in
1609 5770 1816 5841 pra’lia.
1839 5783 1944 5824 etc.

584 5867 698 5938 156)
726 5867 815 5922 Sic
840 5865 1026 5922 Parthi
1059 5879 1300 5937 pugnare
1331 5869 1753 5918 consueverant.
1789 5861 1942 5916 Unde
1977 5859 2084 5913 llo-

2184 5499 2290 5546 rat.
2320 5490 2435 5546 Ode
2469 5491 2558 5556 i9,
2590 5491 2691 5545 lib.
2719 5505 2756 5542 ι.

2261 5583 2333 5636 Et
2372 5584 2536 5636 versis
2575 5582 2877 5635 animosum
2907 5577 3054 5646 equis
3093 5572 3369 5628 Parthum.

2184 5695 2501 5766 “siem-35°
2563 5695 2811 5764 inquam.
2868 5708 2932 5748 ea
2976 5689 3134 5760 equis
3191 5679 3520 5758 pugnabant.
3567 5663 3718 5726 Virg!-

2185 5767 2292 5821 Iius
2325 5766 2597 5834 '5.Georg.
3509 5837 3518 5845 _
3550 5832 3580 5845 Α.

2209 5913 2216 5920 ,
2263 5857 2640 5926 Fidentemque
2669 5857 2792 5927 fuga
2825 5855 3099 5919 Part/mm,
3139 5853 3395 5919 versisque
3410 5842 3620 5908 εαθὶιηδ·
