4016 6424
291 476 394 539 MS

1452 464 2001 533 HiS’l‘OlilARUM
2042 465 2269 530 LIBER
2316 470 2395 529 II.

3452 421 3558 529 ι’ζιθ

304 593 441 645 κατά
468 589 573 654 τάς
617 568 859 660 τάφρους
913 589 1008 642 καὶ
1060 587 1159 649 τὰς
1209 586 1539 657 δυσχωρίας,
1575 585 1651 647 ὼς
1695 582 1761 635 ἂν
1817 581 1866 631 εἰ

1991 579 2188 648 irbem,
2218 584 2380 659 212
2408 598 2713 660 omnesque
2748 591 2941 655 gentes
2967 581 3306 652 subegerunt
3332 578 3468 652 (-57),
3495 590 3553 633 et

301 685 583 738 διώκοιντο
619 682 669 734 οἱ
701 681 1008 753 τριακόσιοι
1040 680 1177 750 πρὸς
1223 679 1331 732 τῶν
1370 676 1682 745 Ῥωμαίων,
1718 672 1878 724 αὐτοὶ

302 777 438 847 πρὸς
465 777 534 829 τὰ
566 777 731 829 στενά
762 776 998 838 ἑστῶτες
1034 773 1328 843 ’ἀμύνωτιν
1365 772 1572 832 αὐτοῖς·
1601 766 1879 836 ἑκατέρω-

150 852 165 861 .
254 914 263 923 .
302 867 394 921 θὲν
425 886 485 921 τε
515 867 697 920 αὐτῶν
737 866 942 937 χιλίους
988 867 1071 935 ἐφ’
1108 866 1327 934 ἑκάστῳ
1364 863 1522 935 μέρει
1571 859 1673 929 τῆς
1707 859 1879 923 αὐτῆς

303 958 470 1011 ἕνεκα
498 957 699 1021 αἰτίας.
739 956 1003 1019 Βασιλεὺς
1036 957 1092 1010 δὲ
1133 956 1256 1008 ἐπεὶ
1295 954 1444 1025 ἑώρα
1491 953 1618 1015 τοὺς
1657 947 1879 1022 Πέρσας

301 1048 413 1099 ἀπὸ
471 1046 566 1099 τοῦ
617 1047 783 1115 λόφου
841 1047 1152 1112 κατιόντας,
1193 1043 1546 1115 τριακοσίους
1587 1041 1684 1096 καὶ
1715 1039 1881 1105 αὐτὸς

304 1136 699 1205 ἐπιλεξάμενος
747 1138 813 1191 ἐκ
870 1137 982 1191 τῶν
1039 1137 1207 1202 ἰδίων,
1261 1135 1357 1191 καὶ
1395 1133 1881 1205 περιστησάμενος

304 1231 505 1299 ἑαυτῷ,
549 1229 809 1301 τοιαύτην
851 1231 974 1284 τινὰ
1026 1229 1354 1300 παραίνεσιν
1403 1226 1705 1296 ἐποιήσατο
1738 1225 1879 1296 πρὸς

304 1323 522 1386 αὐτούς’
554 1322 782 1390 ’Ἄνδρες
815 1322 1174 1399 στρατιῶται)
1228 1322 1329 1390 τὴν
1358 1321 1457 1391 μὲν
1494 1318 1750 1372 εὔκλειαν
1772 1317 1880 1371 τῶν

317 1412 614 1482 Ῥωμαίων
647 1415 871 1483 καὶτὴν
908 1413 1088 1479 δόξαν,
1129 1413 1201 1484 ἦν
1231 1413 1349 1466 ἀπὸ
1366 1412 1463 1466 τοῦ
1509 1411 1735 1482 φοϐεροὶ
1764 1412 1882 1475 τοῖς

302 1504 588 1576 πολεμίοις
641 1500 778 1559 εῖναι
827 1507 1134 1575 ἐκτήσαντο
1191 1506 1253 1571 ἐξ
1295 1505 1511 1577 ἀρχῆς,
1561 1505 1677 1560 οὐδ’
1725 1505 1884 1559 αὐτοὶ⁸

300 1598 573 1664 ἀγνοεῖτε·
593 1594 741 1653 οὗτοι
762 1599 873 1669 γάρ
896 1599 1035 1651 εἰσιν
1059 1599 1110 1652 oi
1132 1598 1332 1670 μικροῦ
1354 1599 1467 1652 δεῖν
1489 1599 1675 1652 πᾶσαν
1703 1614 1884 1670 παρα-

304 1688 641 1759 στησάμενοι
693 1689 792 1760 τὴν
826 1690 1181 1762 οἰκουμένην,
1215 1692 1310 1746 καὶ
1364 1692 1730 1761 πάνταίγένη
1787 1690 1885 1744 καὶ

301 1778 609 1849 Εὖρωπαῖα
657 1780 756 1834 καὶ
805 1781 877 1834 τά
926 1781 1022 1835 ἐπὶ
1065 1782 1164 1852 τῆς
1222 1781 1414 1845 Ἀσίας
1469 1783 1885 1850 ἀναγκάσαντες

303 1870 494 1936 αὐτοῖς
519 1870 819 1926 δοώεΰειψ
860 1873 942 1927 ὅτι
997 1874 1053 1927 δὲ
1086 1875 1237 1950 ἡμᾶς
1268 1873 1371 1927 οὐκ
1404 1874 1498 1927 ἐπὶ
1539 1873 1711 1927 πολύν
1758 1890 1883 1927 τινα

302 1963 501 2030 χρόνον
536 1963 638 2016 οὐκ
684 1963 842 2030 ὀλίγα
874 1964 999 2019 τινά
1043 1964 1153 2018 τῶν
1195 1965 1488 2035 βαρϐάρων
1528 1964 1883 2033 συμϐέϐηκεν

299 2053 692 2123 ἐλαττωθῆναι.
713 2055 774 2109 οὗ
796 2054 903 2125 χρὴ
930 2057 1018 2109 διὰ
1041 2056 1213 2109 ταῦτα
1239 2057 1336 2110 καὶ
1362 2057 1500 2127 πρὸς
1517 2057 1583 2110 τά
1608 2056 1885 2109 ὑπόλοιπα

300 2144 695 2214 ἀπαγορεύειν.
730 2146 866 2199 Οὐδὲ
912 2146 1023 2218 γὰρ
1069 2150 1214 2201 κατά
1246 2147 1345 2218 τὴν
1373 2148 1659 2219 ἡμετέραν
1685 2149 1885 2200 κακίαν

296 2232 365 2285 rb
399 2232 667 2302 ἡσσῆσθαι
700 2236 1099 2306 προσεγένετο·
1141 2237 1281 2292 ἀλλὰ
1323 2238 1421 2292 τοῦ
1448 2239 1588 2293 Θεοῦ
1623 2239 1763 2309 πρὸς
1795 2240 1887 2292 ἔκ.

298 2338 450 2374 τισιν
482 2317 557 2377 ὧν
584 2326 1118 2397 προσκεκρούκαμεν
1146 2328 1318 2399 αὐτῷ,
1345 2328 1433 2382 διὰ
1459 2329 1570 2381 τῶν
1593 2329 1886 2399 βαρϐάρων

300 2416 755 2483 τιμωρουμένου’
787 2418 849 2470 οὐ
880 2417 945 2488 δὴ
981 2418 1193 2472 δίκαιον
1236 2420 1369 2485 τοὺς
1402 2420 1501 2491 τὴν
1549 2420 1775 2492 γνώμην
1810 2421 1886 2494 μὴ

302 2502 453 2556 κατά
503 2503 706 2568 κράτος
763 2507 1115 2577 νικηθέντας,
1182 2509 1409 2579 ἔχοντας
1468 2511 1527 2564 δέ
1581 2530 1702 2568 τινα
1730 2509 1887 2577 αὖθις

303 2590 598 2660 κρείττονα
644 2593 837 2649 ἐλπίδα
884 2599 986 2668 τῆς
1019 2600 1311 2669 συμφορᾶς
1345 2603 1411 2669 τῇ
1453 2601 1721 2656 ἀποϐάσει
1774 2605 1886 2674 ἀμ-

314 2681 608 2738 ϐλύνεσθαι
628 2700 643 2715 ·
676 2687 895 2757 νομίσαι
926 2689 983 2744 δὲ
1016 2691 1077 2745 ἐν
1128 2693 1231 2758 μὶν
1280 2695 1401 2756 ταῖς
1450 2695 1715 2766 πράξεσιν
1744 2697 1890 2752 ἐνδέ-

277 2813 293 2817 ς
314 2775 848 2845 χισθαισφάλλεσθαι
870 2783 999 2846 τοὺς
1024 2784 1369 2854 ἀνθρώπους·
1396 2788 1516 2850 ταῖς
1545 2788 1602 2841 δὲ
1625 2788 1888 2857 γνώμαις

326 2869 417 2921 ἀεὶ
447 2875 561 2936 τοὺς
594 2875 796 2938 αὐτοὺς
831 2877 1114 2948 ἀνδρείους
1144 2880 1323 2945 ὀρθῶς
1347 2877 1511 2945 εῖναι,
1548 2884 1646 2936 καὶ
1695 2882 1774 2952 μὴ
1800 2882 1890 2937 διὰ

321 2962 426 3034 τὴν
450 2966 717 3037 προτέραν
737 2962 907 3040 ἧτταν
926 2969 1024 3024 τοῦ
1050 2970 1306 3041 ἀνδρείου
1343 2974 1636 3044 παρόντος,
1660 2975 1890 3040 εἰκότως

310 3054 384 3109 ἄν
410 3055 468 3109 ἐν
491 3074 598 3111 τινι
624 3059 829 3124 κακοὺς
862 3059 1119 3131 ὀφθῆναι.
1161 3063 1355 3132 Ὑμεῖς
1386 3065 1444 3117 δὲ
1471 3063 1595 3119 οὔτε
1623 3068 1892 3139 ἐμπειρίᾳ

306 3150 377 3219 τῇ
408 3148 545 3218 πρὸς
587 3151 687 3217 τάς
724 3153 908 3224 μάχας
957 3154 1213 3209 λείπεσθε
1243 3157 1354 3210 τῶν
1391 3157 1708 3229 βαρϐάρων,
1753 3159 1890 3214 ἀλλά

306 3243 409 3349 κτξὶ
434 3245 503 3315 τῇ
529 3243 701 3317 τόλμῃ
725 3246 864 3349 πολὺ
897 3249 1162 3349 προέχετε
1194 3249 1396 3303 αὐτῶν.
1427 3240 1624 3322 Ὄρᾶτε
1658 3251 1769 3323 γάρ
1794 3253 1890 3306 αὖ·
1916 3285 1962 3349 α

304 3333 438 3397 τοὺς
467 3336 883 3406 κατεπτηχότας
900 3338 993 3390 καὶ
1013 3341 1459 3409 καταδυομένους
1487 3342 1626 3413 πρὸς
1644 3345 1715 3396 τά
1734 3340 1889 3397 κοῖλα

306 3425 421 3478 τῶν
446 3426 614 3496 ὀρῶν,
644 3429 740 3482 καὶ
780 3429 1048 3498 μηδαμοῦ·
1080 3431 1178 3501 τῆς
1226 3433 1539 3503 δυσχωρίας
1583 3436 1891 3506 ἀποστῆναι

309 3514 697 3585 βουλομένους,
738 3522 875 3591 μηδὲ
907 3525 970 3574 ἐκ
1000 3521 1725 3593 τοῦ·ίσου,διαγωνίσασθαι
1760 3529 1894 3598 ἡμῖν

306 3608 658 3677 τολμῶντας.
689 3611 911 3666 Γίνεσθε
941 3614 1003 3683 δὴ
1051 3615 1248 3685 ἄνδρες
1293 3616 1510 3685 ἀγαθοὶ,
1546 3619 1641 3670 καὶ
1669 3619 1771 3686 τὴν
1794 3637 1895 3672 κα-

310 3700 664 3756 ταπεσοῦσαν
694 3705 794 3775 ἤδη
838 3705 1001 3770 δόξαν
1048 3708 1160 3760 τῶν
1210 3708 1498 3778 προγόνων
1539 3696 1893 3778 ἀνορθώσατε

312 3791 491 3845 αὐτοί·
526 3796 621 3849 καὶ
655 3797 731 3867 μὴ
782 3800 1045 3869 νομίσητε
1106 3801 1244 3870 ὑπὲρ
1301 3802 1472 3872 μηδὲν
1506 3805 1898 3876 προσηκούσης

312 3886 422 3954 γῆς
454 3885 586 3953 ὑμῖν
617 3887 1039 3956 διαγωνίζεσθαι
1059 3894 1197 3964 πρὸς
1226 3892 1352 3957 τοὺς
1390 3894 1740 3965 βαρϐάρους“,
1775 3895 1895 3949 ἀλλ’

318 3976 460 4046 ὑπὲρ
493 3975 811 4049 ἐλευθερίας
844 3983 1107 4051 μάλιστα,
1156 3985 1249 4038 καὶ
1282 3986 1383 4056 τῆς
1419 3986 1632 4049 οίκείας
1660 3986 1897 4051 ἕκαστος

316 4068 601 4138 πατρίδος.
648 4071 774 4135 Ἐὰν
805 4072 913 4143 γὰρ
955 4073 1192 4128 ἐνταῦθα
1246 4075 1414 4140 ἀξίως
1444 4077 1659 4130 ἑαυτῶν
1692 4078 1898 4144 ἀγωνι-

317 4161 539 4233 ζόμενοι
586 4166 906 4236 νικήσωμεν
952 4168 1188 4233 αὐτοὺς,
1240 4170 1381 4237 πρὸς
1427 4164 1510 4233 οἷς
1559 4171 1898 4241 ἀφῃρήμεθα

320 4254 594 4324 πρότερον
625 4253 718 4307 ὑπ’
751 4254 952 4320 αὐτῶν,
1002 4257 1099 4310 καὶ
1137 4256 1238 4328 τὴν
1282 4255 1452 4311 οὖσαν
1484 4257 1901 4327 καρπωσόμεθα

318 4343 518 4410 ἀδεῶς.
550 4346 693 4414 Πρὸς
717 4346 929 4411 τούτοις
959 4347 1039 4414 δὲ,
1088 4349 1139 4400 εί
1189 4348 1291 4417 μὲν
1320 4349 1419 4402 καὶ
1447 4349 1613 4413 αὐτὸς
1643 4328 1898 4419 συνηγω-

318 4439 553 4508 νιζόμην
574 4439 704 4509 ὑμῖν
741 4440 799 4493 ὲν
847 4439 928 4510 τῷ
956 4441 1210 4511 παρόντι,
1248 4442 1524 4513 πρόφασις
1562 4440 1630 4495 ἂν
1675 4437 1744 4512 ἦν
1789 4459 1899 4494 τινι

320 4529 481 4601 κακῷ
506 4530 764 4597 γενέσθαι
792 4532 982 4602 λήσειν
1017 4533 1273 4602 οἰομένῳ·
1316 4534 1441 4585 ἐπεὶ
1487 4533 1543 4586 δὲ
1597 4532 1762 4595 αὐτὸς
1792 4532 1901 4599 ἔξω

320 4619 532 4692 ἕστηκα
544 4620 654 4676 τῶν
674 4622 850 4678 ἀλλων
861 4622 1205 4705 ⁴βραϐευτὴς,
1227 4623 1407 4689 ἔξεστι
1427 4626 1656 4678 σκοπεῖν
1676 4624 1898 4694 ἑκάστῳ

1984 674 2217 743 Europae
2265 648 2516 744 Asiaque
2537 648 3165 745 iugumimposuerun-t.
3191 670 3346 737 Quod
3371 648 3557 724 autem

1980 779 2084 819 nos
2119 763 2273 819 brevi
2324 772 2574 833 tempore
2602 779 2711 818 non
2759 778 2934 833 pauca
2989 777 3019 816 a
3074 760 3329 815 Barbaris
3380 759 3559 815 detrio

1983 863 2166 909 ntenta
2202 854 2539 924 accepimus,
2572 869 2682 908 non
2715 861 3008 923 pmpterea
3034 851 3102 904 de
3130 859 3330 905 cmtero
3358 848 3561 903 animis

1981 944 2155 1014 frangi
2189 945 2478 1000 debemus.
2526 942 2682 998 Haud
2706 945 2854 998 enim
2911 940 3149 1013 ignavia,
3194 939 3289 995 sed
3318 939 3561 1009 peccatis

1980 1036 2210 1113 nostris,
2260 1036 2375 1091 Deo
2421 1050 2521 1090 nos
2577 1049 2678 1103 per
2723 1033 2996 1088 Barbaros
3049 1031 3369 1095 uleiscente,
3422 1029 3557 1084 victi

1983 1144 2194 1185 sumus.
2228 1128 2346 1184 Non
2388 1127 2554 1199 igitur
2584 1127 2666 1182 fas
2708 1136 2812 1191 est,
2843 1139 3078 1196 quorum
3127 1123 3357 1203 spiritus
3406 1122 3559 1176 nulla

1981 1225 2068 1279 vis
2097 1222 2321 1283 devicit.
2350 1233 2404 1277 et
2438 1236 2578 1291 quos
2622 1235 2843 1276 rursum
2893 1218 3088 1272 melior
3131 1232 3258 1285 spes
3312 1215 3432 1278 alit,
3463 1228 3560 1268 eos

1980 1321 2184 1369 eventu
2241 1312 2567 1367 calamitatis
2629 1309 2879 1364 hebetari
2950 1316 3116 1378 atque
3165 1307 3558 1376 languescere;

1944 1420 2109 1470 ,cum
2158 1406 2365 1459 rectius
2413 1403 2487 1457 sit
2530 1399 2809 1465 arbitrari,
2845 1398 2898 1452 in
2940 1397 3256 1453 actionibus
3307 1395 3562 1449 homines

1983 1494 2237 1551 frustrari
2285 1511 2348 1550 ac
2372 1492 2551 1563 decipi
2579 1533 2596 1560 ,
2623 1490 2826 1546 animis
2860 1503 2996 1544 vero
3024 1503 3244 1558 semper
3284 1502 3439 1555 aeque
3498 1501 3563 1540 ac

1981 1603 2113 1644 vere
2139 1600 2439 1659 generosos
2463 1599 2587 1641 esse
2616 1597 2817 1653 posse;
2853 1594 2957 1635 nec
2985 1578 3113 1650 quia
3161 1575 3316 1646 prius
3366 1588 3563 1629 manus

1983 1676 2259 1742 dederint,
2298 1675 2427 1730 ideo
2476 1673 2533 1727 in
2562 1682 2804 1742 prteseus
2836 1668 3037 1724 merito
3090 1663 3343 1720 imbelles
3385 1659 3563 1715 videri

1983 1770 2208 1825 debere.
2243 1769 2388 1835 Quin
2434 1781 2535 1821 vos
2580 1762 2837 1819 Barbaris
2887 1776 2991 1816 nec
3056 1774 3158 1813 usu
3198 1753 3421 1810 militari
3471 1767 3565 1808 ce-

1985 1862 2138 1926 ditis,
2185 1871 2238 1916 et
2266 1857 2523 1915 audendo
2572 1857 2808 1910 multum
2879 1847 3231 1907 antecellitis.
3292 1844 3560 1905 Cernit‘s,

1911 1946 2444 2027 Bquemadmodum
2516 1947 2856 2016 trepidantes
2908 1944 2964 1998 iu
3015 1956 3147 1997 cava
3198 1939 3471 1993 montiqu
3504 1951 3564 1990 se

1986 2048 2210 2110 abdant,
2243 2053 2299 2100 et
2340 2041 2412 2097 ab
2445 2041 2553 2095 illis
2587 2037 2927 2094 anfractibus
2959 2045 3125 2103 atque
3168 2029 3440 2100 angustiis
3482 2028 3568 2082 lo-

1985 2155 2175 2197 corum
2206 2138 2495 2209 seiungere
2529 2148 2589 2187 se
2637 2142 2911 2199 nusquam
2947 2125 3206 2188 audeant,
3267 2138 3367 2176 nec
3412 2134 3565 2187 a-quo

1986 2245 2182 2300 campo
2255 2226 2544 2281 nobiscum
2613 2219 2898 2291 congredi.
2954 2214 3324 2283 Quamobrem
3387 2219 3565 2266 estote

1984 2320 2088 2376 viri
2162 2318 2372 2381 f0rtes,
2437 2325 2495 2369 et
2554 2312 2849 2380 collapsam
2912 2308 3180 2376 majorum
3251 2312 3564 2358 vestrorum

1986 2412 2215 2486 gloriam
2265 2410 2571 2465 instaurate
2614 2423 2626 2458 :
2664 2418 2804 2458 neve
2858 2417 2981 2456 cum
3032 2397 3290 2454 Barbaris
3341 2412 3439 2465 pro
3475 2410 3565 2448 re-

1987 2483 2149 2572 gione
2181 2499 2249 2553 ad
2283 2512 2384 2551 vos
2415 2494 2555 2550 nihil
2591 2491 2884 2557 attinente,
2932 2492 3027 2545 sed
3084 2502 3186 2556 pro
3224 2486 3483 2540 libertate
3509 2483 3566 2538 in

1988 2591 2207 2663 primis,
2237 2594 2296 2643 et
2345 2597 2803 2654 unumquemque
2832 2595 2934 2651 pro
2975 2578 3149 2649 patria
3198 2591 3295 2631 sua
3335 2573 3568 2629 dimica-

1990 2695 2177 2742 turum
2210 2682 2603 2739 existimatote.
2634 2676 2691 2732 Si
2724 2676 2872 2731 enim
2910 2675 3024 2736 hic,
3062 2682 3125 2727 ut
3148 2670 3311 2726 nobis
3340 2669 3567 2738 dignum
3630 2728 3633 2733 λ

1989 2788 2095 2841 εει,
2137 2781 2444 2846 pugnantes
2477 2786 2574 2828 eos
2611 2765 3097 2829 debellaverimus,
3125 2775 3327 2833 praeter
3356 2776 3419 2815 ea
3446 2774 3568 2829 quae

1993 2871 2147 2938 prius
2187 2867 2292 2936 ipsi
2350 2863 2511 2919 nobis
2569 2860 2923 2917 abstulerunt
2976 2852 3338 2926 recuperata,
3402 2853 3570 2906 etiam

1992 2934 2177 3014 nostra
2215 2934 2462 3027 regione
2521 2962 2641 3007 tuto
2698 2951 2951 3005 fruemur
3009 2947 3148 3019 (58).
3198 2945 3281 2999 Ad
3314 2944 3464 3008 haec,
3522 2939 3569 2995 si
3636 2934 3637 2939 “

1991 3051 2213 3123 quidem
2243 3064 2347 3118 ego
2378 3061 2525 3102 nunc
2549 3043 2835 3100 vobiscum
2870 3055 2977 3094 una
3018 3040 3072 3093 in
3118 3037 3333 3092 hostem
3367 3049 3574 3115 pugna-

1993 3158 2131 3209 rem,
2161 3142 2392 3197 daretur
2418 3138 2628 3193 imbelli
2677 3133 2845 3190 alicui
2901 3129 3139 3196 occasio,
3164 3129 3295 3183 dum
3330 3141 3390 3182 se
3413 3138 3572 3193 posse

1994 3237 2165 3290 latere
2212 3232 2574 3289 existimaret.
2625 3226 2735 3282 Sed
2784 3223 3051 3295 quoniam
3111 3227 3269 3275 extra
3321 3215 3571 3287 pra-lium
3614 3260 3617 3265 .

1993 3328 2206 3383 arbiter
2257 3335 2315 3379 et
2355 3321 2527 3393 judex
2583 3317 2905 3375 certaminis
2960 3328 3085 3369 sum
3116 3351 3131 3374 ,
3166 3310 3298 3365 licet
3339 3305 3574 3378 quisque

1994 3434 2182 3475 secum
2216 3416 2444 3487 cogitet,
2501 3412 2545 3468 si
2601 3411 2833 3481 ignavus
2885 3405 3074 3468 fuerit,
3118 3418 3307 3473 poenas
3359 3400 3576 3454 debitas

1994 3504 2304 3578 luiturum,
2341 3517 2602 3563 strenuos
2682 3513 2863 3557 autem
2923 3499 3150 3570 paribus
3222 3496 3407 3549 virtuti
3463 3510 3576 3547 sine

1995 3605 2238 3679 praemiis
2266 3604 2599 3657 honoratum
2630 3597 2716 3651 iri.
2748 3595 2853 3651 Sed
2884 3610 2991 3664 qua
3033 3592 3244 3647 ratione
3273 3606 3395 3644 cum
3440 3590 3578 3642 ’Βετ-

1997 3700 2147 3755 baris
2196 3712 2375 3769 pugna
2436 3692 2725 3765 pugnanda
2779 3689 2874 3752 sit,
2918 3687 3022 3758 ipsi
3059 3687 3223 3741 etiam
3260 3698 3291 3739 a
3339 3680 3578 3752 pueritia

1996 3789 2211 3846 bellicis
2237 3784 2531 3841 assuefacti
2577 3781 2845 3852 operibus
2890 3795 2999 3832 non
3045 3776 3355 3844 ignoralis:
3394 3777 3578 3828 tanien

1998 3880 2328 3938 admonebo.
2363 3876 2418 3932 Si
2455 3876 2557 3946 ipsi
2589 3875 2643 3928 in
2676 3874 2826 3928 acies
2860 3870 3145 3926 distributi
3184 3868 3434 3938 praelium
3472 3865 3580 3920 ini-

2000 3978 2156 4040 bunt,
2194 3987 2295 4027 nos
2334 3984 2556 4040 quoque
2604 3966 2724 4022 acie
2765 3964 3019 4018 ordinata
3070 3961 3178 4015 illis
3221 3973 3580 4014 occurramus

1999 4080 2226 4124 necesse
2272 4072 2376 4119 est.
2421 4062 2560 4126 Quia
2596 4074 2746 4122 vero,
2781 4065 3048 4126 quantum
3099 4052 3420 4123 conjectura
3456 4064 3582 4120 pro-

1999 4161 2184 4222 video,
2222 4171 2333 4211 non
2359 4154 2582 4208 dextras
2627 4162 2944 4212 conserere,
2992 4146 3085 4201 sed
3130 4145 3313 4214 jacula
3361 4144 3581 4198 eminus

2001 4262 2283 4321 spargere,
2315 4254 2371 4300 et
2398 4242 2490 4299 ubi
2519 4243 2574 4297 in
2606 4254 2707 4294 nos
2731 4237 3086 4300 iucursarint,
3112 4251 3224 4290 non
3247 4232 3580 4296 subsistere,

2001 4342 2096 4399 scd
2126 4339 2194 4394 ad
2228 4338 2349 4391 loca
2376 4332 2666 4404 impedita,
2714 4329 3035 4397 ibidemque
3066 4326 3120 4381 in
3145 4323 3365 4380 insidiis
3396 4321 3583 4377 subsi-

2001 4437 2194 4492 dentes
2222 4429 2477 4500 refugere
2512 4426 2873 4483 meditantur,
2899 4431 2956 4477 et
2986 4436 3083 4476 vos
3113 4429 3266 4477 extra
3313 4416 3405 4470 teli
3446 4429 3584 4470 con-

1996 4532 2205 4602 jectum
2230 4522 2372 4583 sitis,
2409 4520 2673 4588 lenleque
2716 4513 2953 4571 servatis
2982 4511 3280 4567 ordinibus
3312 4507 3584 4564 incedatis

2007 4625 2247 4692 oportet.
2295 4613 2403 4671 Ubi
2459 4620 2642 4667 autem
2690 4607 2979 4680 propiores
3036 4604 3296 4671 fueritis,
3359 4615 3581 4659 onmem

1571 4769 1791 4832 Jacobi
1824 4769 2094 4831 Pontani
2132 4771 2322 4827 notas.

402 4892 737 4999 55;)nitijftl‘l:
772 4893 1081 4964 pollicitum
1122 4906 1268 4958 esse,
1295 4906 1328 4948 e
1370 4891 1627 4999 Troianis
1660 4890 1904 4946 nascitu-
1935 4891 1985 4951 D

329 4964 424 5021 ros
462 4964 759 5027 Romanos,

398 5034 504 5102 Qui
537 5053 701 5100 mare,
742 5036 833 5103 qui
870 5044 1041 5088 terra:
1066 5034 1212 5088 omni
1238 5032 1439 5086 dition'e
1472 5039 1733 5097 tenerent,

330 5129 407 5183 ait
444 5129 627 5185 Venus
658 5144 672 5183 ι
708 5128 924 5183 Αἳηεὶά.
946 5129 1140 5183 Postea
1162 5126 1380 5196 Jupiter
1405 5125 1474 5179 de
1497 5124 1785 5190 Romanis,

336 5221 431 5292 ili:
458 5239 551 5292 ego
584 5238 676 5276 nec
707 5230 873 5292 metas
896 5234 1216 5292 rerumne}:
1245 5226 1504 5292 tempora_
1517 5232 1652 5282 pono
1673 5229 1694 5271 :

335 5286 622 5355 Imperium
635 5295 748 5345 sine
771 5291 878 5359 ﬁne
909 5291 1046 5344 dedi.
1091 5289 1229 5353 Quin
1253 5304 1443 5356 aspera
1469 5286 1631 5350 Juno,

338 5360 464 5427 ρυω
488 5380 636 5417 mare
656 5355 795 5417 nunc
848 5372 1122 5429 terrasque
1162 5355 1328 5421 metu,
1360 5362 1651 5429 eteiu‘mque
1686 5355 1904 5428 fatigat,

337 5418 570 5501 consilia
596 5436 653 5487 in
682 5432 869 5486 melius
908 5418 1116 5501 referet,
1147 5418 1452 5498 mecumque
1481 5418 1674 5498 fovebit

336 5500 600 5557 Romanos
625 5519 801 5556 rerum
824 5503 1084 5560 dammas,
1109 5508 1419 5570 gentemque
1438 5509 1701 5567 togatam.

337 5570 426 5626 Sic
451 5573 703 5641 placitum
731 5590 746 5626 :
779 5576 945 5627 veniet
974 5570 1158 5641 [nstris
1193 5570 1489 5624 labentibus
1522 5572 1653 5641 α’ζᾳὲ
1678 5609 1690 5625 .

337 5638 468 5696 Cum
494 5645 676 5697 domus
701 5642 952 5698 Assaraci
983 5640 1218 5704 Pthiam,
1258 5640 1537 5706 clarasque
1562 5638 1812 5708 Mycenas

335 5710 561 5768 Servilio
588 5723 808 5783 premet,
843 5729 905 5767 ac
940 5712 1090 5765 vietis
1119 5712 1480 5764 dominabitur
1508 5713 1687 5778 Argis.

332 5804 470 5859 Vide
508 5820 627 5871 quae
648 5805 703 5858 in
736 5800 1316 5876 symbolisnoslrisad
1347 5802 1496 5856 hunc
1522 5800 1703 5876 locum
1734 5799 1906 5876 adn_o-

335 5869 595 5939 tavimus,
641 5877 692 5929 in
755 5869 960 5943 quibus
998 5873 1087 5928 illa
1113 5889 1177 5927 ex
1222 5872 1487 5927 Cicerone
1536 5869 1787 5943 Philipp.
1818 5870 1901 5943 »ὃς

339 5945 446 6002 Nos
467 5946 730 6017 principes
767 5941 1055 6010 terrarum,
1099 5943 1437 6013 tmnimnqne
1483 5942 1739 6012 gentium.
1772 5941 1903 5997 Phi-

2011 4889 2151 4959 lipp.
2174 4885 2208 4939 6
2241 4899 2259 4940 :
2288 4880 2481 4959 Populi
2508 4879 2733 4959 _Roma_ni
2758 4877 2989 4959 rictoris.
3011 4876 3322 4959 _d_omi_r_rique
3346 4878 3586 4959 omnium

2010 4947 2278 5030 géiitittm._
2298 4947 2424 5023 Agit
2446 4952 2615 5006 etiam
2643 4948 3127 5030 deititagu‘itudiue
3151 4947 3378 5030 liotnani
3407 4947 3585 5030 impe-

2010 5017 2073 5082 Fii
2140 5017 2463 5095 Appiaifus,
2527 5017 2849 5089 praefatione
2889 5018 3183 5095 Stmtegici
3257 5017 3582 5095 praeclare”:

2006 5087 2276 5152 Romanos
2306 5108 2473 5163 neque
2502 5087 2618 5163 rex,
2657 5106 2825 5158 neque
2851 5090 3062 5163 civitas,
3094 5104 3261 5158 neque
3306 5104 3432 5158 gens
3470 5087 3583 5141 ulla

1935 5182 1939 5186 '
2004 5166 2218 5233 imperii
2261 5159 2618 5232 amplitudine
2665 5162 2957 5231 superavit.
2995 5159 3106 5213 lmo
3131 5176 3224 5233 nec
3265 5165 3472 5212 tantum
3502 5168 3587 5211 at-

2004 5229 2205 5308 tingere
2256 5229 2492 5308 ungnam
2542 5229 2739 5301 potuit,
2782 5248 2879 5308 nec
2924 5240 2998 5282 tot
3031 5229 3349 5284 iaculorum
3402 5237 3585 5282 (etate:

2007 5303 2321 5363 ma'nsuram
2347 5303 2567 5371 ﬁrmare
2591 5303 2907 5370 potentiam,
2938 5314 3046 5354 etc.

2087 5378 2200 5448 (58)
2246 5367 2662 5448 Deinostllenica
2698 5372 2858 5448 plane
2893 5372 3198 5448 sententia,
3229 5385 3292 5448 ex
3325 5383 3359 5448 _t
3418 5367 3587 5448 ριξη-

2019 5437 2218 5503 ιίιῖειεά.
2257 5445 2400 5512 Πρὸς
2450 5438 2530 5506 οἷς
2571 5437 2908 5512 ἀφῃρήμεθα
2938 5443 3222 5512 πρότερον,
3246 5437 3339 5490 ὑπ’
3380 5437 3585 5512 αὐτῶν,

2018 5520 2110 5571 καὶ
2133 5519 2245 5586 ,τὴν
2274 5507 2439 5586 οὖσαν
2465 5507 2874 5586 καρπωσόμεθα
2901 5507 3327 5586 adﬁge-Valeat
3388 5507 3582 5586 eadem

2013 5576 2309 5652 sententia,
2368 5584 2478 5638 imo
2508 5576 2619 5638 tota
2664 5576 2857 5652 oratio
2891 5579 3212 5652 Olynthiaca
3255 5578 3364 5652 illa
3419 5576 3583 5652 hodie

2012 5638 2346 5728 magnopeie
2381 5656 2448 5708 ad
2475 5653 2822 5728 Christianos
2844 5650 2901 5728 iu
2922 5638 3160 5728 'l'nrcam
3182 5647 3581 5728 exhprtaudos,

2004 5742 2061 5784 et
2094 5718 2157 5785 é'a
2209 5718 2340 5783 usus
2385 5732 2471 5779 est
2495 5723 2624 5778 olim
2672 5724 2740 5777 ad
2774 5722 3048 5785 verbum,
3095 5721 3149 5775 iu
3193 5718 3388 5774 eodem
3420 5731 3583 5785 argu-

2007 5802 2224 5863 mento,
2259 5794 2507 5868 pauculis
2547 5808 2940 5868 noimunqnam
2987 5795 3053 5868 de
3110 5807 3212 5846 suo
3258 5787 3581 5868 interiectis,

2002 5857 2299 5925 Bessarioh
2352 5865 2656 5926 cardinalis
2729 5857 3143 5921 eruditissimus
3219 5875 3283 5917 ac
3329 5857 3579 5915 celeber-

2002 5939 2196 5995 rimus.
