4016 6490
472 466 580 528 4i?

1640 463 1971 525 JOANNIS
2003 459 2537 523 CAN'I‘ACUZENI

3670 457 3771 520 418

475 575 835 631 acrimoniam
869 585 928 632 et
957 569 1219 642 virtutem
1272 574 1441 632 animi
1475 577 1836 649 expromatis,
1886 577 2050 634 simul

2174 574 2232 636 ὒς
2263 573 2310 625 εἰ
2342 573 2442 642 μὲν
2474 571 2646 634 κακὸς
2667 567 3340 638 ὀφθείη,·κολασθήσεται
3372 570 3446 638 τῇ
3484 568 3772 640 πρεπούσῃ

473 667 714 735 spatium
772 666 826 720 in
883 667 1069 722 medio
1123 669 1536 732 contrahentes,
1589 683 1657 723 ne
1703 684 1802 738 per
1850 685 2057 724 moram

476 757 600 811 trlis
649 756 866 811 crebris
915 755 1243 812 feriamtni:
1289 758 1454 813 simul
1505 758 1772 814 Barbaros
1832 767 2058 828 receptu

473 848 856 916 prohibentes,
911 849 1072 920 213
1108 861 1161 904 et
1210 850 1361 920 ipsos
1407 851 1549 906 male
1607 852 1926 908 multantes.
1978 851 2061 906 Ne

475 955 638 1007 porro
689 940 794 994 illis
857 939 1195 1010 fugientibus
1261 943 1422 998 valde
1475 945 1674 1000 instate
1742 943 1879 1016 (59),
1921 959 2061 999 neve

471 1029 812 1084 confidentia
861 1031 1012 1094 elati,
1061 1032 1116 1086 in
1161 1033 1460 1092 discrimen
1513 1049 1609 1090 vos
1650 1035 1930 1106 conjicite,
1963 1036 2058 1092 sed

474 1132 768 1190 postquam
800 1122 868 1177 ad
899 1123 1117 1179 triarios
1151 1140 1249 1179 seu
1283 1126 1646 1181 subsidiarios
1671 1143 1867 1182 eorum
1898 1144 2060 1184 vene-

475 1213 618 1277 ritis,
651 1215 703 1267 in
731 1230 984 1284 campum
1041 1218 1408 1280 revertimini,
1447 1220 1794 1290 servatisque
1849 1221 2063 1276 ordini.

473 1307 596 1367 bus,
657 1320 753 1359 eos
800 1307 1148 1363 incursantes
1210 1311 1554 1379 prapulsate.
1607 1310 1702 1367 llis
1760 1313 2063 1385 imperator

474 1413 606 1451 suos
637 1399 911 1462 hortatus.
944 1410 1001 1456 et
1029 1417 1059 1456 a
1092 1403 1203 1457 Deo
1235 1404 1501 1460 auxilium
1552 1406 1688 1476 ipsis
1741 1409 2062 1462 victoriam-

472 1503 579 1558 que
630 1498 891 1558 precatus
923 1502 1024 1546 est.
1077 1491 1180 1559 Qui
1224 1494 1465 1549 vicissim
1511 1511 1639 1550 eum
1683 1499 1955 1562 venerati,
2007 1507 2064 1554 et

472 1593 529 1631 se
562 1588 659 1632 aut
691 1580 925 1636 honeste
972 1582 1220 1639 victuros
1251 1595 1348 1639 aut
1383 1601 1506 1642 cum
1556 1587 1721 1644 laude
1770 1591 2062 1645 accubitu-

477 1683 564 1722 ros
608 1667 721 1738 (60)
764 1671 1023 1740 professi,
1075 1673 1341 1744 signoque
1382 1674 1562 1730 crucis
1614 1676 1887 1730 obarmati
1925 1677 2061 1747 (Gl),

473 1759 526 1813 in
565 1761 776 1815 hostem
811 1762 964 1817 lento
995 1777 1158 1831 passu
1184 1775 1242 1819 et
1275 1767 1490 1832 ordine,
1527 1767 1841 1824 Exotrocho
1867 1785 2063 1840 magno

477 1856 842 1912 lnotaeriarcha
867 1857 1128 1926 ducente,
1184 1859 1581 1929 procedebant.
1632 1861 1894 1916 Similiter
1929 1863 2063 1917 Bar-

476 1947 593 2000 bari
626 1948 857 2019 gradum
892 1949 1227 2006 inferebant.
1252 1949 1388 2006 Cum
1421 1953 1733 2022 spatiojam
1764 1954 2058 2020 distarent,

477 2054 590 2106 quo
641 2040 808 2094 telum
867 2041 1028 2114 adjici
1086 2055 1290 2112 potest.
1330 2045 1562 2100 Romani
1613 2057 1674 2102 ut
1730 2047 2062 2117 imperatum

474 2137 616 2194 crat,
653 2130 917 2186 immissis
962 2134 1185 2203 penitus
1234 2135 1468 2194 habenis
1510 2151 1674 2205 quam
1711 2140 1982 2193 acerrime
2011 2140 2064 2194 in

475 2221 670 2277 Persas
701 2221 1081 2284 incurrebant.
1131 2223 1216 2283 Illi
1285 2228 1609 2299 aliquandiu
1679 2235 2066 2301 persistentes,

480 2315 584 2369 tela
617 2315 672 2369 in
709 2315 990 2374 Romanos
1019 2321 1488 2392 contorquebant,
1520 2334 1810 2393 sperantes
1857 2341 1917 2382 se
1950 2327 2071 2381 illo-

478 2420 600 2457 rum
631 2405 916 2463 incursum
961 2410 1037 2464 ita
1093 2426 1468 2481 repressuros.
1525 2413 1630 2469 Sed
1666 2416 1759 2469 ubi
1793 2431 1892 2470 eos
1938 2433 2070 2471 con—

477 2505 689 2550 stanter
722 2514 997 2567 premere,
1034 2502 1478 2574 sagittarumque
1526 2519 1756 2560 securos
1781 2506 2082 2574 viderunt,

479 2597 596 2641 tum
629 2589 684 2643 in
717 2590 902 2661 fugam
931 2608 991 2649 se
1016 2603 1400 2664 penetrarunt,
1439 2596 1492 2650 in
1525 2612 1629 2666 qua
1680 2598 1907 2653 circiter
1935 2615 2070 2668 qua-

479 2679 732 2750 dragiuta
763 2683 1085 2741 cecid‘crunt
1111 2703 1124 2740 :
1163 2687 1360 2757 reliqui
1394 2688 1462 2743 ad
1491 2690 1781 2760 angustias
1809 2690 2064 2755 locorum

480 2781 537 2824 et
569 2771 939 2830 subsidiarios
969 2785 1122 2832 retro
1171 2779 1472 2834 collocatos
1511 2790 1917 2849 pervenerunt;
1956 2782 2068 2836 Ro-

480 2879 776 2932 manorum
821 2882 986 2923 nemo
1037 2884 1221 2940 neque
1267 2871 1568 2940 occubuit,
1619 2888 1801 2944 neque
1871 2877 2070 2939 vulnus,

481 2956 726 3025 accepit;
762 2959 922 3026 pauci
957 2961 1086 3029 equi
1133 2963 1499 3019 consauciati.
1527 2965 1809 3036 Regressi,
1865 2966 1920 3026 in
1951 2969 2069 3037 pla-

489 3047 624 3103 uitie
659 3064 878 3106 rursum
934 3051 1169 3119 hostem,
1197 3056 1353 3124 quasi
1391 3055 1533 3111 intra
1583 3073 1839 3114 carceres
1873 3075 2070 3130 exspe-

476 3146 696 3196 ctantes
712 3141 1102 3200 constiterunt.
1129 3145 1314 3202 Persae
1334 3148 1742 3220 aliquantisper
1770 3151 1914 3209 inter
1936 3169 2070 3218 suos

2164 665 2362 735 {719.qu
2391 664 2440 716 oi
2474 662 2531 716 δέ
2562 661 2765 730 ἀγαθοὶ
2800 660 3206 731 τιμηθήσονται
3230 661 3359 723 τοῖς
3394 662 3773 731 προσήκουσιν

2161 757 2347 820 ἄθλοις
2380 758 2482 825 τῆς
2509 757 2734 827 ἀρετῆς.
2767 754 2880 824 Τὴν
2913 754 2970 808 δὲ
3003 751 3352 824 συμπλοκὴν
3412 751 3616 805 ὁποίαν
3662 756 3774 808 τινά

2164 848 2272 919 χρὴ
2306 849 2585 901 ποιεῖσθαι
2617 847 2758 918 πρὸς
2780 846 2908 909 τοὺς
2951 844 3309 915 βαρϐάρους,
3340 843 3448 897 καὶ
3486 844 3651 898 αὐτοὶ
3683 848 3774 914 μὲν

2164 943 2278 996 ἴστε
2329 943 2396 995 ἐκ
2456 939 2654 1004 παιδὸς
2707 941 2994 1009 πολεμίοις
3042 937 3233 1008 ἔργοις
3286 936 3769 1007 ἐντεθραμμένοι·

2163 1033 2486 1101 παραινέσω
2528 1033 2586 1086 δὲ
2631 1032 2726 1086 καὶ
2768 1032 2952 1094 αὑτός.
3002 1031 3069 1084 Εἰ
3127 1029 3231 1100 μὲν
3277 1029 3402 1098 γὰρ
3447 1030 3777 1099 τεταγμένοι

2164 1128 2307 1182 κατὰ
2347 1127 2632 1194 φάλαγγας
2667 1126 2732 1178 ἐκ
2767 1125 2860 1177 τοῦ
2889 1123 3086 1194 ὁμοίου
3130 1122 3229 1175 καὶ
3283 1121 3454 1174 αὐτοὶ
3507 1121 3776 1191 ἐμάχοντο

2166 1221 2320 1289 ἡμῖν,
2354 1214 2423 1287 ἦν
2441 1219 2742 1285 ἀναγκαῖον
2758 1216 2854 1269 καὶ
2886 1216 3040 1286 ἡμᾶς
3066 1212 3170 1284 τὴν
3191 1213 3363 1278 τάξιν
3395 1213 3773 1280 φυλάττοντας

2165 1312 2353 1369 αὐτοῖς
2387 1311 2624 1363 ἐπιέναι’
2681 1309 2802 1361 ἐπε)⁵
2835 1307 2912 1370 δέ,
2973 1307 3102 1359 ὅσον
3139 1304 3252 1357 ἀπὸ
3300 1303 3424 1358 τῶν
3471 1304 3775 1372 γινομένων

2166 1401 2314 1456 ἔστιν
2344 1402 2611 1466 εἰκάζειν,
2629 1401 2729 1453 οὐκ
2757 1400 2836 1462 εἰς
2854 1399 3046 1469 χεῖρας
3067 1397 3200 1467 ὑμῖν
3233 1395 3384 1448 ἰέναι
3403 1396 3771 1461 διανοοῦνται,

2164 1493 2280 1562 ἀλλ’
2305 1493 2531 1554 άπωθέν
2561 1509 2622 1544 τε
2659 1491 2901 1561 βάλλειν,
2951 1491 3051 1544 καὶ
3086 1489 3362 1552 ἐπιόντας
3401 1490 3508 1559 οὐχ
3545 1489 3768 1558 ὑφίστα-

2169 1586 2317 1650 σθαι,
2355 1586 2473 1642 ἀλλ’
2507 1586 2898 1654 ὑπαναχωρεῖν
2951 1584 3094 1652 πρὸς
3139 1582 3246 1645 τάς
3290 1582 3623 1652 δυσχωρίας
3682 1584 3766 1635 καὶ

2166 1681 2292 1742 τοὺς
2317 1683 2691 1747 τεταγμένους
2741 1679 2800 1730 ἐν
2845 1675 3061 1739 αὐταῖς,
3092 1674 3213 1727 δέον
3243 1676 3349 1728 καὶ
3400 1676 3578 1745 ὑμᾶς,
3612 1675 3765 1744 μέχρι

2169 1771 2269 1841 μὲν
2306 1769 2400 1823 τοῦ
2429 1774 2486 1824 ἐν
2513 1769 2723 1840 ἐφικτῷ
2755 1769 2864 1822 τῶν
2890 1768 3259 1838 τοξευμάτων
3281 1769 3575 1836 γίνεσθαι,
3609 1769 3764 1838 σχολῇ

2169 1861 2414 1932 βαδίζειν
2433 1861 2527 1914 καὶ
2555 1863 2935 1930 τεταγμένως⁸
2967 1860 3192 1922 ἐπειδὰν
3216 1861 3277 1914 δὲ
3303 1859 3555 1928 γένησθε
3587 1861 3762 1928 ἐγγὺς,

2165 1954 2392 2024 ὀξύτητι
2427 1955 2579 2025 πάσῃ
2627 1952 2865 2025 χρῆσθαι
2912 1954 3009 2007 καὶ
3046 1951 3308 2024 εὐψυχίᾳ,
3372 1951 3541 2021 Ἅμα
3583 1951 3678 2021 μὲν
3709 1953 3763 2004 τὸ

2171 2047 2504 2117 μεταίχμιον
2558 2045 2958 2117 συναιροῦντας
3015 2044 3091 2108 ὡς
3145 2044 3214 2098 ἂν
3276 2044 3361 2124 μὴ
3399 2043 3548 2098 κατὰ
3582 2042 3764 2114 σχολὴν

2169 2139 2441 2210 βάλλησθε
2481 2140 2595 2202 τοῖς
2621 2137 2808 2208 βέλεσι
2857 2141 3093 2207 συχνοῖς,
3130 2138 3254 2206 ἅμα
3306 2136 3357 2190 δ’
3407 2137 3501 2191 ἵνα
3533 2138 3629 2190 καὶ
3672 2125 3760 2206 τὴν

2170 2232 2526 2303 ἀναχώρησιν
2558 2232 2668 2285 τῶν
2692 2231 2983 2302 βαρϐάρων
3007 2231 3319 2299 φθάνοντες
3348 2231 3562 2294 αὖτοὺς
3589 2229 3761 2291 κακῶς

2172 2325 2388 2396 ποιῆτε.
2430 2325 2542 2395 Τὴν
2570 2323 2755 2389 δίωξιν
2791 2324 2848 2378 δέ
2883 2323 2958 2394 μὴ
2987 2324 3219 2376 ἐπιπολὺ
3281 2324 3595 2377 ποιεῖσθαι·
3634 2323 3758 2394 μηδέ

2172 2416 2478 2488 θρασύτητι
2497 2417 2924 2488 ἐπαιρομένους,
2958 2419 3192 2481 ἑαυτοὺς
3211 2419 3302 2482 εἰς
3332 2418 3467 2479 τοὺς
3490 2416 3760 2479 κινδύνους

2171 2511 2445 2564 εἰσωθείν·
2481 2510 2603 2563 ἀλλ’
2633 2510 2857 2564 ἐπειδὰν
2892 2510 2951 2564 ἐν
2989 2511 3102 2572 τοῖς
3124 2511 3503 2571 κέπιτάκτοις
3539 2505 3759 2578 γένησθε

2171 2599 2425 2662 ἐκείνοις,
2456 2599 2623 2652 πάλιν
2667 2597 3060 2668 ὑπαναχωρείν
3107 2596 3253 2666 πρὸς
3300 2598 3366 2650 τὸ
3419 2597 3639 2661 πεδίον,
3671 2595 3761 2665 τὴν

2171 2688 2330 2753 τάξιν
2363 2705 2423 2741 τε
2466 2686 2785 2756 φυλάττειν,
2842 2688 2936 2748 καὶ
2972 2687 3228 2750 ἐπιόντας
3267 2687 3592 2755 ἀμύνεσθαι
3645 2685 3755 2748 τοὺς

2173 2778 2509 2854 βαρϐάρους.
2543 2777 2788 2844 Τοιαῦτα
2821 2779 2920 2848 μὲν
2953 2780 2982 2832 ὀ
3011 2777 3274 2850 βασιλεὺς
3311 2777 3755 2851 παρεκεῖεύσατο

2170 2869 2287 2928 τοῖς
2324 2866 2718 2937 στρατιώταις,
2750 2867 2870 2937 ἅμα
2932 2867 3028 2919 καὶ
3085 2866 3356 2936 βοήθειαν
3410 2869 3514 2938 τὴν
3558 2869 3621 2921 ἐκ
3667 2864 3751 2919 τοῦ

2172 2963 2508 3034 κρείττονος,
2562 2965 2660 3014 καὶ
2708 2960 2867 3030 νίκην
2911 2960 3296 3029 ἐπευξάμενος
3336 2962 3550 3025 αὐτοῖς.
3608 2961 3668 3012 οἱ
3707 2959 3755 3012 δέ

2175 3048 2662 3121 προσκυνήσαντες
2699 3066 2760 3102 τε
2787 3047 3039 3118 βασιλέα,
3075 3047 3230 3118 καὶῆ
3275 3049 3468 3110 καλῶς
3503 3047 3750 3118 νικήσειν,

2175 3145 2208 3217 ἢ
2243 3143 2483 3208 εὐκλεῶς
2527 3142 2887 3214 τεθνήξεσθαι
2917 3141 3190 3207 εἰπόντες,
3227 3145 3464 3214 σταυρῷ
3513 3158 3574 3194 τε
3606 3139 3753 3194 καθο-

451 3232 700 3314 Vmorati,
723 3233 978 3302 pluribus
1008 3251 1173 3307 quam
1229 3242 1588 3310 oppetierant
1643 3246 1964 3316 assumptis,
2013 3249 2068 3304 in

2175 3238 2468 3303 πλῐσαντες
2503 3238 2758 3302 ἐαυτοῦς,
2811 3235 3058 3306 ἐχώρουν
3106 3234 3251 3288 κατὰ
3304 3235 3418 3288 τῶν
3478 3234 3753 3326 βαρϐάρων

483 3319 761 3378 liomauos
801 3323 985 3381 denuo
1014 3328 1242 3384 vadunt.
1265 3329 1373 3386 Sed
1405 3332 1512 3389 illis
1547 3349 1734 3403 parem
1767 3338 1942 3406 priori
1971 3339 2072 3397 ini-

482 3422 669 3479 petum
719 3417 1177 3490 alacritatemque
1207 3421 1622 3492 adhibentibus,
1651 3426 1849 3483 iterum
1882 3429 2064 3499 fugam

478 3505 778 3575 arripiunt,
823 3507 876 3562 in
915 3525 1023 3580 qua
1073 3510 1297 3566 circiter
1327 3513 1549 3583 triginta
1599 3516 1839 3584 cadunt;
1871 3519 2072 3576 Roma-

482 3611 682 3652 norum
733 3599 918 3655 nullus
971 3600 1338 3672 desideratus,
1397 3620 1498 3662 nec
1565 3609 1888 3668 vulneratus
1938 3621 2064 3678 est.

482 3689 758 3747 vulnerati
796 3700 977 3749 tamen
1009 3695 1136 3767 equi
1181 3696 1413 3768 aliq-uot.
1463 3698 1744 3757 Orchanes
1773 3719 1805 3759 e
1849 3705 2065 3762 tumulo

478 3796 616 3836 suos
637 3783 748 3854 jam
785 3782 872 3840 bis
899 3785 1074 3842 victos
1101 3789 1468 3860 conspiciens,
1489 3792 1709 3852 animos
1738 3795 1912 3864 addit,
1949 3815 2070 3854 ma-

485 3892 731 3946 numque
769 3877 1112 3936 auxiliariam
1149 3881 1445 3938 submittit.
1495 3884 1801 3958 imperator
1852 3906 2071 3961 quoque

480 3983 618 4024 suos
649 3969 718 4025 de
753 3972 1202 4042 magnanimitate
1229 3990 1295 4030 ac
1328 3975 1655 4034 fortitudine
1687 3983 2076 4052 commendat;

482 4059 850 4130 hortaturque
875 4076 946 4117 ne
969 4062 1100 4133 quid
1131 4063 1200 4120 de
1233 4081 1319 4134 ea,
1347 4076 1536 4139 utpote
1563 4087 1780 4142 semper
1819 4073 2080 4132 Barbaris

479 4152 807 4222 superiores
865 4153 1064 4222 futuri,
1119 4156 1484 4228 deminuam;
1547 4163 1827 4236 mittitque
1887 4179 2079 4224 contra

484 4243 610 4301 illos
689 4261 876 4318 parem
949 4249 1190 4320 copiam.
1239 4252 1310 4309 Ut
1369 4253 1472 4310 sibi
1535 4259 2076 4329 apprOpinquarunt,

486 4337 676 4397 Persas
724 4340 911 4399 denuo
967 4343 1159 4400 acrius
1211 4346 1513 4416 resistunt;
1549 4350 1644 4405 sed
1698 4350 2075 4410 Romanorum

2179 3332 2529 3403 τεταγμένως
2552 3331 2648 3384 καὶ
2671 3330 2813 3386 κατὰ
2844 3329 3068 3400 σχολήν.
3106 3329 3488 3399 Ἐστρατήγει
3508 3327 3566 3380 δέ
3591 3322 3755 3380 αὐτῶν

2191 3427 2525 3497 Ἐξὼτροχος
2569 3427 2596 3479 ὀ
2634 3423 2810 3493 μέγας
2861 3422 3281 3493 ἐταιρειάρχης’
3323 3422 3670 3492 ἀντεπῄεσαν
3705 3416 3754 3469 δὲ

2178 3521 2274 3583 καὶ
2303 3520 2353 3572 οἱ
2399 3518 2666 3590 βάρὸαροι
2721 3518 2906 3580 αὐτοῖς
2956 3514 3182 3587 ὁμοίως.
3249 3515 3483 3585 Ἐπειδὴ
3534 3513 3590 3567 δὲ
3630 3507 3754 3582 ἦσαν

2178 3611 2349 3680 ἐγγὺς
2376 3609 2628 3681 ἀλλήλων
2655 3609 2782 3669 ὅσον
2811 3607 3160 3678 ἐφικνεῖσθαι
3181 3607 3304 3671 τοῖς
3331 3606 3682 3676 τοξεύμασιν,
3712 3601 3754 3653 oi

2187 3704 2458 3774 Ῥωμαῖοι
2511 3702 2614 3771 μὲν
2664 3697 2700 3776 ᾗ
2742 3701 2929 3764 αὐτοῖς
2963 3699 3386 3770 προσετέτακτο
3426 3699 3563 3769 πρὸς
3614 3696 3754 3766 βασι-

2180 3793 2340 3862 λέως,
2392 3795 2548 3860 ὅλους
2593 3792 2818 3855 ἀνέντες
2877 3789 3156 3861 χαλινοὺς,
3217 3789 3353 3844 ὅσον
3415 3790 3546 3859 ἐνῆν
3602 3784 3753 3848 ὀξέως

2181 3889 2518 3958 ἐπεφέροντο
2551 3887 2666 3950 τοῖς
2700 3885 2963 3955 Πέρσαις·
2993 3882 3046 3936 οἱ
3100 3883 3375 3956 βάρσαροι
3403 3883 3464 3937 δέ
3495 3876 3751 3950 καρτερή·

2179 3998 2377 4043 σαντες
2409 3979 2510 4050 μὲν
2545 3979 2639 4032 ἐπὶ
2697 3977 2917 4049 μικρὸν,
2961 3978 3056 4031 καὶ
3108 3976 3240 4048 βέλη
3295 3975 3442 4031 κατὰ
3491 3974 3600 4026 τῶν
3638 3969 3754 4023 Ῥω-

2179 4076 2360 4148 μαίων
2390 4073 2626 4145 ἀφέντες
2685 4071 2929 4144 οἰόμενοι
2980 4070 3154 4133 οὕτως
3204 4069 3272 4125 ἂν
3329 4065 3634 4139 ἀποτρέψαι
3662 4063 3749 4129 τῆς

2175 4169 2381 4240 ὁρμῆς,
2419 4165 2546 4222 ἐπεὶ
2581 4165 2771 4238 ἐώρων
2805 4165 3006 4228 αὐτοὺς
3037 4162 3331 4234 ἀτρέπτως
3365 4161 3621 4220 ἐπιόντας
3663 4151 3748 4206 καὶ

2176 4260 2300 4315 οὐδὲ
2347 4260 2509 4328 ὀλίγα
2566 4256 2963 4328 φροντίζοντας
3013 4255 3123 4310 τῶν
3177 4255 3405 4320 οἰστῶν,
3454 4253 3534 4316 εἰς
3585 4243 3746 4318 φυγὴν

2178 4355 2483 4426 ἐτράποντο
2516 4349 2704 4414 εὐθύς.
2767 4350 2858 4403 Ἐν
2914 4348 2974 4403 δέ
3027 4349 3096 4418 τῇ
3152 4350 3301 4419 φυγῇ
3335 4346 3608 4402 ἀπέθανον
3631 4332 3745 4404 περὶ

1764 4539 1983 4602 Jacobi
2022 4543 2288 4604 Pontani
2316 4547 2508 4605 nota).

561 4714 675 4783 (59)
715 4709 1042 4765 Onosander
1092 4723 1217 4781 cap.
1274 4726 1336 4776 ιι,
1393 4711 1639 4766 Hostium
1701 4714 2063 4783 discessiones,
2099 4717 2146 4776 Ι)
2173 4730 2285 4770 non
2317 4713 2455 4784 vivit
2489 4712 2724 4769 honeste
2749 4753 2764 4776 ,
2790 4727 2905 4784 nec
2942 4713 3036 4784 qui
3069 4727 3128 4769 se
3165 4711 3595 4784 timorefractus
3611 4699 3739 4784 hosti

488 4785 696 4855 inquit,
726 4797 932 4855 semper
959 4789 1216 4855 suspecta:
1240 4821 1255 4846 ,
1286 4798 1383 4855 nec
1415 4798 1652 4855 unquam
1683 4801 1877 4854 susque
1901 4787 2070 4855 deque

486 4850 767 4926 habendae.
796 4850 890 4926 _Et
947 4851 1315 4926 considerandi
1371 4850 1547 4926 potius
1579 4850 1858 4926 iocorum,
1911 4850 2068 4926 quam

487 4925 720 4978 hostium
760 4923 936 4993 situs;
977 4937 1068 4975 nec
1097 4921 1270 4974 solum
1303 4939 1408 4993 qua
1439 4924 1524 4977 via
1555 4923 1786 4979 ducatur
1811 4921 2070 4981 exercitus

493 4992 916 5060 prospiciendum
937 4993 1071 5064 ,°_sed
1112 4993 1284 5064 etiam
1315 4992 1376 5047 rut
1425 4995 1612 5047 eadem
1665 4998 1842 5049 reduci
1886 5000 2074 5064 possit,

491 5064 901 5134 providendum.
941 5062 1008 5117 Et
1037 5062 1320 5134 velicopias
1346 5081 1450 5117 non
1483 5066 1774 5127 immittat,
1819 5062 1909 5120 sed
1935 5084 2078 5120 coer-

501 5143 626 5189 ceat
656 5133 1033 5208 ac_reprimat,
1058 5133 1140 5208 pel
1173 5136 1218 5186 si
1254 5134 1548 5208 immittat,
1581 5147 1762 5189 caveat
1797 5138 2079 5208 diligenter

489 5215 542 5260 et
572 5205 1140 5276 monti-urucacumina
1162 5243 1176 5264 ,
1207 5207 1685 5276 ungttstiarumque
1714 5205 1916 5276 fauces,
1949 5209 2079 5261 reli-

493 5278 591 5331 ctis
621 5273 946 5337 custodibus,
978 5275 1234 5345 occupqri
1263 5291 1295 5327 a
1328 5277 1438 5329 suis
1481 5273 1652 5340 curet,
1686 5273 1742 5329 ut
1777 5287 1952 5331 tutum
1979 5281 2080 5332 iter

493 5346 730 5417 receptui
780 5354 1082 5417 priestetur.
1110 5343 1116 5345 ⁷
1144 5343 1378 5399 δίαίιιθ.
1438 5346 1686 5415 Pyrrhus
1732 5347 2078 5417 Epirotarum

495 5415 621 5472 rex'
660 5415 960 5484 praecepit,
1003 5431 1115 5470 non
1167 5429 1293 5469 esse
1340 5417 1704 5484 pertinaciter
1762 5415 2080 5472 instandum

495 5488 646 5542 hosti
677 5485 910 5556 fugienti
935 5503 950 5551 ;
979 5501 1090 5539 non
1125 5486 1306 5539 solum
1341 5500 1408 5540 ne
1436 5489 1632 5541 fortius
1659 5502 1724 5541 ex
1753 5489 2083 5542 necessitate

496 5559 759 5621 resistat,
792 5556 888 5612 sed
918 5565 978 5610 ut
1012 5565 1206 5625 postea
1238 5570 1458 5622 quoque
1491 5556 1711 5611 facilius
1740 5557 1857 5611 acie
1892 5557 2082 5617 cedat,

498 5640 652 5681 ratus
677 5669 692 5694 ,
741 5642 851 5682 non
879 5642 1055 5695 usque
1084 5625 1152 5680 ad
1185 5625 1485 5694 perniciem
1522 5626 1863 5697 fugientibus
1909 5628 2079 5682 insta-

499 5709 556 5752 tu
567 5713 654 5752 res
685 5699 830 5752 victu
840 5712 948 5751 res.

573 5767 687 5832 (60)
729 5767 885 5833 Quod
915 5766 1267 5835 profitentur,
1292 5783 1349 5820 se
1374 5767 1605 5820 honeste
1639 5768 1907 5828 victuros.
1941 5766 2083 5821 indi-

495 5847 628 5890 cant
650 5878 663 5897 ,
702 5853 808 5891 non
839 5835 1134 5907 fugituros,
1181 5846 1235 5890 ct
1267 5838 1480 5891 hostem
1515 5848 1871 5906 superaturos
1898 5840 2083 5906 potius

499 5923 668 5976 quam
703 5923 761 5963 sc
817 5907 894 5963 illi
934 5907 1238 5964 dedituros.
1273 5908 1408 5963 Nam
1457 5909 1547 5978 qui
1584 5922 1608 5964 ι
1654 5909 1841 5980 praelii)
1905 5908 2082 5978 fugit,

2173 4769 2353 4840 dedit.
2405 4782 2666 4859 Instituto
2704 4769 2932 4852 quidem
2960 4769 2976 4784 ³
2997 4783 3536 4859 Lacedaemoniorum
3563 4817 3578 4841 ,
3611 4769 3738 4859 aptltl

2174 4839 2314 4924 quos
2369 4861 2466 4907 aut
2537 4839 2787 4924 vincere
2820 4854 3153 4924 oportebat.
3231 4861 3328 4908 aut
3380 4839 3572 4924 mori,
3617 4839 3739 4922 nihil

2173 4920 2410 4980 dabatur
2463 4923 2711 4978 tertium.
2767 4920 3312 4978 Laéedzemoniorum
3377 4920 3540 4992 igitur
3595 4920 3742 4982 spiri-

2175 5007 2263 5052 tus
2297 5007 2367 5068 et
2407 4995 2628 5068 animos
2680 4993 2884 5068 milites
2911 4993 2999 5068 isti
3033 4994 3343 5068 gerebant._
3536 5056 3547 5068 .

2255 5064 2366 5135 (fit)
2399 5063 2728 5135 Christianas
2752 5065 2971 5132 pietatis
2990 5049 3095 5124 est,
3116 5066 3310 5135 omnia
3331 5062 3382 5135 in
3406 5056 3618 5114 nomine
3649 5049 3738 5135 De:

2178 5130 2426 5201 mini,'et
2458 5149 2584 5186 cum
2624 5130 2825 5210 fiducia
2859 5135 3100 5188 cwlestis
3128 5134 3314 5210 auxilii
3342 5132 3520 5210 facere
3544 5143 3568 5210 ᾖ
3593 5130 3735 5210 (ξιξιξε

2179 5193 2480 5260 voluntatis
2513 5219 2580 5258 ac
2622 5203 2739 5273 spei
2773 5205 2991 5273 signum
3011 5213 3114 5266 est,
3141 5203 3433 5256 fortunatum
3471 5200 3520 5251 in
3547 5193 3732 5273 fronte:

2179 5286 2278 5332 aut
2311 5276 2366 5327 in
2403 5289 2532 5328 aere
2557 5267 2687 5329 ante
2723 5267 3112 5342 nos'expressa
3143 5289 3306 5326 manu
3339 5267 3734 5342 sanclaacructs

2181 5347 2395 5416 figura:
2431 5359 2529 5413 per
2587 5359 2750 5416 quam
2784 5333 2938 5416 bona'
2958 5345 3166 5408 omnia,
3197 5350 3255 5397 et
3298 5341 3444 5416 salus
3473 5333 3732 5416 nobisgfo

2183 5406 2391 5471 Filium
2429 5406 2460 5476 ἐι
2517 5406 2624 5484 Deo
2651 5415 2814 5468 Patre
2868 5406 3162 5482 impetrata
3206 5422 3318 5484 est.
3361 5406 3729 5484 Credoctia-ﬂ‘l

2186 5488 2293 5540 hos
2347 5474 2552 5538 milites
2601 5483 2774 5538 fuisse
2825 5473 3100 5538 memores
3138 5483 3320 5542 illius.
3375 5473 3597 5547 quodjn
3632 5473 3727 5547 illi!

2183 5539 2530 5612 constantiui
2571 5554 2804 5624 legimus
2829 5593 2844 5618 ,
2892 5554 2954 5607 In
2981 5555 3076 5607 hoc
3111 5558 3263 5623 signo
3309 5539 3726 5624 ain-res..Sunt_fg

2185 5627 2292 5681 alia
2324 5626 2594 5706 estenipla,
2624 5613 2889 5706 ct‘unu'm
2926 5624 3140 5680 illusue
3161 5613 3346 5677 sancti
3379 5613 3723 5706 Mitliﬂi:;afl""'

2188 5711 2313 5751 cum
2350 5684 2615 5748 timiditas
2663 5694 3022 5763 objiceretur,
3055 5703 3279 5763 propter
3321 5701 3474 5763 quam
3525 5684 3696 5763 militi?

2349 5747 2580 5830 peteret,
2601 5747 2752 5833 Ego:
2794 5747 2975 5861 inquit
3003 5747 3022 5826 ξ
3051 5747 3199 5833 signia
3231 5747 3414 5819 crudis,
3439 5747 3719 5861 ttgfnﬁirfzz:

2196 5846 2456 5861 ._....:....o,..-
2577 5845 2664 5861 ηυι
2726 5851 2786 5861 ι...
2822 5851 2876 5861 ﬂ...
2971 5835 3176 5861 .....s.'.....
3235 5845 3412 5861 ιουηρηι-
3575 5854 3586 5861 .

2193 5818 2456 5903 protectus
2486 5818 2522 5894 ,⁷
2566 5818 2692 5887 hut.
2721 5818 2898 5902 g'alea',
2951 5818 3178 5888 hostium
3231 5818 3412 5887 cuneos
3470 5818 3720 5892 penetraW

2193 5923 2426 5960 securus.
2464 5905 2752 5974 Sulpitius,
2789 5904 2843 5958 in
2876 5906 2995 5974 ejus
3034 5903 3175 5959 Vita.
