4016 6422
263 337 374 398 453

1421 335 1962 395 ΗῐὸΤΟΙῖΙᾹΗΠλὶ
2005 336 2238 395 LlBER
2281 338 2359 398 Π.

3417 342 3527 414 454

263 463 349 506 τες
377 445 468 497 τοῖ.
494 444 705 508 δέοντος
733 445 934 517 μᾶλλον
956 443 1312 514 φιλοπόλεμοι
1337 445 1428 498 καὶ
1449 441 1838 512 φιλοκερδεῖς).

1948 441 2036 495 illa
2068 443 2186 497 loca
2212 445 2548 510 deserentes,
2575 446 2629 500 in
2658 446 2884 517 planitie
2915 450 3208 520 conﬂigere
3236 453 3524 508 nobiscum

276 536 497 606 Ἐπειδὴ
527 537 581 589 δὲ
613 539 736 590 ὅσον
765 537 1034 592 οὑπωικαὶ
1062 539 1090 589 ὀ
1117 537 1268 607 ἥλιός
1297 539 1414 588 ἐστι
1443 536 1581 605 πρὸς
1610 534 1842 603 δυσμὰς.

264 628 489 697 ἄριστον
523 625 667 682 εἶναι
701 649 791 701 μοι
818 631 986 695 δοκεῖ,
1029 632 1108 692 είς
1153 631 1212 681 τὸ
1257 629 1621 700 στρατόπεδον
1664 627 1848 680 ἐλθόν-

267 739 388 786 τας,
438 722 767 776 αὐλίσασθαι
809 723 908 793 τὴν
939 723 1131 787 νύκτα,
1177 723 1272 775 καὶ
1319 725 1377 786 ἐς
1403 721 1502 792 τὴν
1551 719 1845 790 ὑστεραίαν

266 813 385 882 ἆμα
421 813 567 883 πρωῒ
595 817 662 867 τά
693 815 835 868 ὅπλα
865 813 1110 886 ἔχοντας,
1139 815 1492 884 τεταγμένως
1517 813 1615 885 τὴν
1652 817 1708 877 ἐς
1742 816 1846 866 Βυ-

267 905 484 968 ζάντιον
518 906 676 960 ἱέναι.
713 905 834 960 Κᾶν
866 906 966 976 μὲν
1001 907 1051 959 οἱ
1088 906 1356 978 βάρϐαροι
1398 906 1497 976 τῆς
1537 905 1847 975 δυσχωρίας

267 996 612 1060 ἀποστάντες
640 997 736 1050 ἐπὶ
759 995 852 1050 τοῦ
878 997 1064 1051 πεδίου
1093 997 1392 1068 ἐθελήσωσι
1415 998 1845 1066 διαγωνίσασθαι

268 1085 406 1154 πρὸς
451 1087 622 1156 ἡμᾶς,
677 1085 802 1156 Θεῷ
835 1087 1064 1157 μελήσει
1100 1087 1198 1157 τὴν
1249 1087 1408 1158 νίκην
1448 1089 1730 1157 ὁποτέροις
1779 1087 1847 1140 ἂν

267 1177 562 1246 παράσχοι.
601 1176 701 1229 ’Ἂν
731 1176 777 1230 δ’
809 1177 906 1231 ἐπὶ
928 1176 1022 1230 τοῦ
1049 1176 1214 1244 λόφου
1258 1175 1535 1246 μένοντες,
1567 1177 1848 1245 ἀπόσχων-

266 1284 355 1320 ται
385 1268 483 1336 τῆς
516 1266 696 1338 μάχης
723 1260 788 1338 (ᾧ
817 1268 911 1322 καί
963 1285 1054 1338 μοι
1085 1267 1286 1337 μᾶλλον
1318 1267 1499 1320 ἔπεισι
1529 1267 1846 1330 πείθεσθαι,

267 1359 342 1421 ὡς
373 1359 461 1412 διὰ
498 1360 686 1413 πεδίου
738 1359 1010 1431 μέλλομεν
1037 1361 1178 1414 ἰέναι
1207 1358 1624 1430 ἐνθυμουμένῳ)
1653 1401 1666 1425 ,
1704 1360 1846 1429 μετά

270 1451 548 1520 βελτίστου
580 1451 674 1505 τοῦ
721 1453 1003 1524 σχήματος
1046 1455 1079 1523 ή
1109 1453 1370 1516 ἐπάνοδος
1411 1454 1658 1507 κείσεται
1686 1454 1844 1524 ήμίν,

269 1545 662 1615 ἀμφοτέρωθεν
695 1544 882 1615 έχουσι
911 1544 1008 1615 τὴν
1032 1545 1218 1615 νίκην,
1253 1545 1316 1599 ἐκ
1341 1562 1401 1598 τε
1440 1539 1515 1598 ὧν
1549 1547 1614 1616 τῇ
1653 1562 1847 1616 προτε-

271 1638 403 1708 ραίᾳ
431 1637 835 1706 ἀγωνισάμενοι
867 1638 928 1690 τδ
972 1637 1134 1690 πλέον
1163 1639 1402 1710 ἔσχομεν
1430 1639 1630 1702 αὐτῶν,
1657 1639 1753 1690 καὶ
1784 1638 1844 1704 ἐξ

267 1721 344 1778 ὧν
375 1726 455 1788 εἰς
499 1725 599 1796 τὴν
625 1725 920 1796 ὑστεραίαν
971 1726 1126 1780 αὑτοὶ
1157 1725 1258 1797 μὲν
1306 1726 1453 1797 ἔργῳ
1497 1727 1842 1797 προύκαλού-

271 1817 413 1888 μεθα
464 1817 543 1880 εἰς
575 1817 776 1888 μάχηντ
824 1818 1026 1872 ἐκεῖνοι
1065 1817 1109 1872 δ’
1155 1818 1256 1872 οὐκ
1297 1819 1598 1889 ἀξιόχρεως
1644 1821 1841 1884 αὐτοὺς

267 1909 606 1976 νομίζοντες,
638 1908 862 1978 ἔμειναν
901 1911 1135 1973 ἑστῶτες
1171 1910 1264 1962 ἐπὶ
1293 1911 1402 1964 τῶν
1441 1913 1838 1982 ὀχυρωμάτων.

266 1999 504 2052 Τοιαῦτα
533 1997 627 2072 τοῦ
663 1999 903 2068 μεγάλου
931 1999 1252 2068 δομεστίκου
1301 2000 1737 2070 βουλευσαμένου
1768 2045 1782 2069 ,
1815 2003 1842 2055 ὅ

266 2107 326 2144 τε
359 2090 612 2159 βασιλεὺς
635 2089 883 2144 ἐπείθετο
915 2092 1137 2157 αὐτίκα,
1171 2095 1265 2145 καὶ
1296 2095 1411 2156 τοῖς
1435 2093 1615 2156 ἄλλοις
1645 2095 1843 2166 ἄριστα

269 2184 470 2235 ἐδόκει.
500 2183 607 2235 Καὶ
628 2182 734 2235 τῶν
761 2184 1005 2252 σημείων
1031 2185 1309 2254 ἀρθέντων
1332 2184 1447 2255 ἅμα
1477 2187 1569 2239 καὶ
1598 2187 1696 2256 τῆς
1719 2185 1844 2238 σάλ-

270 2291 470 2340 πιγγος
493 2273 779 2338 ἀνάζευξιν
818 2275 1169 2346 σημηνάσης,
1205 2275 1342 2345 πρὸς
1382 2278 1443 2330 τὸ
1479 2279 1842 2347 στρατόπεδον

269 2365 539 2435 ἐχώρουν,
594 2367 993 2431 παιωνίσαντες
1044 2368 1120 2431 ὡς
1167 2368 1262 2421 ἐπὶ
1310 2368 1459 2439 νίκῃ.
1488 2369 1749 2439 Ὀρχάνης
1783 2370 1842 2422 δὲ

270 2461 432 2522 αὐτὸς
466 2460 567 2522 μὲν
598 2459 812 2529 ἔμεινεν
840 2463 933 2514 ἐπὶ
968 2460 1060 2514 τοῦ
1091 2461 1255 2530 λόφου
1289 2461 1350 2514 τὸ
1376 2461 1512 2515 πολὺ
1547 2464 1647 2531 τῆς
1681 2480 1845 2533 στρα-

269 2552 394 2613 τιᾶς
424 2551 584 2620 ἔχων,
638 2553 806 2622 μέρος
835 2553 893 2606 δέ
934 2570 986 2606 τι
1033 2552 1280 2623 πέμψας,
1328 2553 1691 2624 παρέπεσθαι,
1726 2556 1846 2608 ἐκέ-

271 2642 433 2695 λευσε
475 2641 764 2711 Ῥωμαίοις
796 2643 926 2715 ἄχρι
949 2645 1337 2714 στρατοπέδου.
1377 2645 1470 2700 Ἐκ
1498 2645 1555 2699 δὲ
1579 2646 1680 2717 τῆς
1711 2644 1844 2699 Ῥω-

285 2733 454 2802 μαίων
482 2734 740 2804 στρατιᾶς
759 2735 810 2788 οι
839 2735 1076 2804 μάλιστα
1098 2735 1363 2807 ἡϐῶντες,
1395 2737 1457 2790 οὑ
1488 2736 1597 2790 τῶν
1625 2740 1842 2805 εὐγενε-

294 2825 486 2893 στέρων
514 2826 699 2896 μόνον,
749 2827 882 2880 ἀλλά
915 2828 1009 2881 καὶ
1053 2827 1157 2898 τῆς
1187 2827 1356 2896 ἄλλης
1402 2833 1687 2898 στρατιᾶς,
1718 2832 1844 2894 τοὺς

294 2915 500 2984 Πέρσας
544 2917 729 2982 αὑτοῖς
779 2919 1013 2990 ὀρῶντες
1059 2920 1390 2991 ἑπομένους,
1440 2916 1530 2974 οἷα
1581 2923 1692 2974 νέοι
1749 2924 1845 2975 καὶ

282 3008 634 3064 δυσκάθεκτοι
665 3013 788 3075 ταῖς
820 3014 1038 3083 ὁρμαῖς,
1078 3012 1190 3066 τῶν
1221 3011 1431 3078 τάξεων
1465 3011 1708 3078 ἐξιόντες
1734 3016 1844 3067 τῶν

278 3103 576 3170 σφετέρων,
626 3103 984 3158 ὑπελείποντο
1010 3104 1209 3172 ὀπίσω,
1243 3107 1337 3159 καὶ
1391 3107 1504 3169 τοῖς
1545 3104 1844 3176 βαρὸάροις
1872 3131 1914 3186 C

273 3192 666 3247 συνεπλέκοντο
709 3193 768 3259 ἐξ
817 3195 1045 3264 ἐφόδων.
1115 3196 1174 3249 '0
1224 3195 1398 3266 μέγας
1429 3196 1486 3249 δὲ
1518 3197 1840 3268 δομέστικος

269 3288 372 3357 τήν
417 3305 478 3340 τε
511 3289 766 3360 ἀκαιρίαν
813 3286 1160 3352 ὑποπτεύων,
1207 3287 1308 3359 ήδη
1340 3287 1450 3357 γάρ
1502 3287 1600 3358 ὀψὲ
1627 3282 1842 3358 ἦν,’καὶ

270 3381 462 3445 δεδιὼς
496 3382 621 3452 περὶ
651 3383 763 3445 τοῖς
794 3383 1156 3450 στρατιώταις
1192 3381 1267 3451 μή
1303 3398 1354 3434 τι
1387 3381 1501 3444 τοῖς
1543 3380 1843 3450 βαρϐάροις

271 3474 627 3545 κακουργηθῇ
679 3474 808 3546 περὶ
860 3474 1080 3540 αὑτοὺς,
1113 3471 1288 3536 ἄλλως
1334 3489 1393 3527 τε
1437 3475 1530 3525 καὶ
1573 3472 1640 3525 δι’
1672 3472 1843 3543 ὀργῆς

270 3567 477 3629 αὐτοὺς
521 3565 841 3636 ποιούμενος
873 3566 956 3619 ὅτι
985 3567 1121 3636 μήτε
1158 3564 1426 3636 βασιλέως
1469 3564 1840 3634 προστεταχό-

271 3639 386 3722 τος,
419 3656 545 3728 μήτ’
585 3657 771 3724 αὑτοῦ,
815 3659 915 3723 τῆς
937 3657 1230 3726 Ῥωμαίων
1278 3655 1574 3722 συμπάσης
1607 3671 1844 3724 στρατη-

269 3749 500 3819 γοῦντος
532 3751 811 3819 στρατιᾶς,
853 3749 1126 3813 ἀτάκτως,
1171 3748 1267 3800 καὶ
1296 3746 1642 3816 συνθήματος
1672 3745 1843 3815 χωρὶς

269 3846 387 3906 τοῖς
415 3842 712 3912 βαρϐάροις
746 3842 1155 3912 συμπλέκονται
1182 3840 1495 3908 λειπόμενοι
1523 3839 1719 3902 ὀπίσω,
1743 3839 1845 3908 τὴν

273 3933 376 4002 μὲν
427 3931 666 4001 σημαίαν
706 3931 802 3984 καὶ
849 3931 908 4005 το
937 3929 1128 4000 τάγμα
1173 3929 1234 3982 τὺ
1280 3929 1372 3981 ὑπ’
1399 3929 1566 3982 αὑτὶν
1608 3929 1690 3981 ἐνὶ
1732 3931 1844 3979 τῶν

272 4017 841 4090 ὑποστρατηγούντων
885 4016 1034 4087 αὑτῷ
1080 4016 1377 4089 παραδοὺς,
1411 4017 1493 4079 είς
1521 4015 1581 4069 τὺ
1621 4015 1846 4088 στρατό-

271 4113 440 4167 πεδον
458 4112 678 4165 ἐκέλευε
709 4112 933 4182 χωρεῖν·
960 4109 1124 4172 αὐτὸς
1150 4109 1208 4163 δὲ
1235 4109 1451 4178 ὀλίγους
1475 4107 1708 4176 λογάδας
1741 4123 1845 4159 πα-

273 4204 555 4274 ραλαϐὼν,
599 4203 796 4275 ἐχώρει
847 4203 986 4274 πρὸς
1025 4204 1155 4267 τοὺς
1200 4200 1543 4274 μαχομένους
1571 4201 1684 4263 τοῖς
1716 4198 1848 4268 βαρ-

273 4296 492 4366 ϐάροις,
522 4294 638 4365 ἀμα
676 4294 776 4365 μὲν
802 4294 902 4365 τῆς
950 4293 1131 4365 μάχης
1186 4292 1535 4362 ἀποστήσων,
1566 4291 1662 4344 καὶ
1701 4287 1846 4353 ἀξων

277 4387 403 4457 μεθ’
442 4386 636 4440 ἑαυτοῦ
665 4385 804 4456 πρὸς
853 4386 954 4456 τὴν
1003 4384 1290 4456 στρατιὰν,
1323 4385 1440 4454 ἅμα
1475 4383 1531 4436 δὲ
1563 4383 1663 4436 καὶ
1686 4381 1845 4450 δίκην

1946 529 2243 593 voluerint,
2282 533 2393 587 Deo
2418 550 2561 588 cura:
2587 536 2712 598 erit,
2743 538 2884 592 utris
2906 539 3191 594 victoriam
3230 542 3522 612 largiatur.

1947 620 2040 675 Sin
2080 632 2346 677 restantes
2385 626 2447 694 in.
2493 628 2739 691 tumulis,
2771 646 3005 698 pugnam
3031 631 3520 688 reformidaverint

1948 711 2113 781 (quod
2143 715 2312 782 magis
2337 717 2580 772 futurum
2611 721 2802 783 credo,
2830 721 2939 790 jam
2972 722 3247 778 incessum
3276 735 3524 780 nostrum

1948 819 2045 873 per
2081 819 2336 876 campum
2369 810 2704 878 cogitatione
2752 812 3118 884 concipiens),
3164 816 3328 886 216
3356 818 3527 872 hone-

1945 895 2182 952 stissima
2211 899 2370 952 nobis
2403 901 2733 969 relinquitur
2761 904 3030 968 reversio,
3075 905 3338 976 utrinque
3371 909 3526 963 scili-

1947 994 2032 1040 cet
2093 988 2392 1044 victoribus
2441 1008 2455 1044 :
2514 1001 2627 1045 tum
2670 994 2818 1062 quod
2853 995 3112 1050 hesterna
3157 997 3278 1052 luce
3324 1015 3524 1054 manus

1947 1093 2071 1132 cum
2125 1079 2260 1150 ipsis
2305 1095 2664 1138 conserentes
2712 1086 3034 1153 vicerimus,
3096 1098 3210 1144 tum
3248 1092 3395 1159 quod
3431 1108 3528 1161 po-

1947 1170 2140 1223 stridie
2164 1171 2231 1225 ad
2265 1181 2545 1227 certamen
2579 1191 2674 1229 eos
2705 1181 3213 1245 provocave‘ritnus,
3264 1181 3338 1235 illi
3383 1198 3517 1235 vero

1946 1276 2005 1315 se
2036 1262 2288 1342 impares
2325 1265 2660 1334 iudicantes,
2706 1269 2758 1322 in
2806 1270 2914 1324 illis
2959 1271 3206 1326 locorum
3263 1263 3523 1328 claustris

1950 1351 2164 1408 haerere
2192 1357 2553 1422 perrexerint.
2589 1355 2727 1412 Huic
2761 1361 2990 1414 consilio
3009 1362 3304 1430 imperator
3337 1365 3526 1418 statim

1946 1441 2222 1506 asscnsit,
2275 1445 2570 1512 exterique
2626 1454 2688 1500 ut
2733 1447 3002 1515 Optimum
3053 1451 3292 1519 amplexi
3354 1463 3522 1518 sunt;

1946 1530 2293 1601 sublatisque
2326 1532 2521 1602 signis,
2558 1550 2682 1588 cum
2729 1538 2870 1592 tub.e
2904 1540 3160 1609 clangore
3208 1542 3262 1596 in
3313 1553 3522 1606 castra,

1947 1619 2289 1689 triumphum
2359 1633 2626 1677 canentes
2683 1625 2988 1680 redierunt.
3055 1628 3338 1684 Orchanes
3395 1647 3522 1685 cum

1947 1728 2178 1780 corpore
2212 1715 2491 1769 exercitus
2529 1721 2586 1769 in
2643 1717 2880 1772 collibus
2931 1720 3258 1784 subsistens,
3309 1734 3520 1790 partem

1948 1804 2187 1872 aliquam
2255 1804 2485 1870 dimisit,
2541 1822 2663 1876 quae
2710 1809 2990 1866 Romanos
3030 1827 3203 1881 usque
3234 1813 3298 1867 ad
3340 1825 3525 1869 castra-

1948 1896 2337 1952 insectarctur.
2384 1898 2461 1953 Ex
2501 1899 2766 1954 Romanis
2811 1913 2994 1955 autem
3046 1906 3138 1973 qui
3172 1915 3332 1961 aetate
3367 1908 3523 1976 vige-

1944 1989 2071 2042 bant
2108 1989 2362 2055 maxime,
2396 2006 2502 2043 non
2539 1990 2606 2046 de
2636 1992 3013 2046 nobilioribus
3048 1995 3229 2063 modo,
3265 2012 3360 2050 seu
3398 2015 3520 2067 gre-

1945 2081 2114 2149 gariis
2162 2083 2351 2145 etiam,
2382 2083 2580 2138 Persas
2609 2087 2767 2154 sequi
2805 2088 3235 2156 conspicientes.
3269 2101 3329 2144 ut
3355 2092 3516 2161 juve-

1947 2186 2044 2224 nes
2073 2181 2128 2224 et
2162 2171 2493 2240 impotentes
2523 2176 2715 2239 animi,
2753 2177 3044 2232 ordinibus
3075 2180 3328 2244 desertis,
3364 2192 3512 2235 retro

1945 2276 2012 2314 ex
2068 2261 2265 2317 itinere
2312 2280 2440 2316 cum
2491 2266 2559 2320 iis
2593 2269 3017 2322 concurrebant.
3064 2269 3132 2322 At
3159 2286 3384 2340 magnus
3415 2273 3516 2324 ilo-

1945 2355 2229 2419 mesticus,
2260 2355 2332 2410 ob
2389 2365 2602 2427 tempus
2656 2359 3064 2415 incommodum
3114 2362 3321 2432 (serum
3371 2365 3518 2418 enim

1948 2444 2061 2498 diei
2112 2449 2254 2514 erat)
2293 2447 2620 2512 formidans,
2667 2465 2737 2504 ne
2786 2450 2918 2518 quid
2969 2451 3172 2505 milites
3203 2468 3233 2506 a
3265 2452 3524 2516 Barbaris

1945 2535 2260 2605 aeciperent
2312 2539 2470 2604 mali,
2507 2538 2678 2594 iratus
2704 2543 2950 2610 insuper,
2984 2542 3128 2612 quod
3153 2558 3327 2612 neque
3353 2545 3526 2612 impe-

1947 2629 2172 2693 ratoris,
2200 2645 2378 2699 neque
2409 2646 2530 2694 sua,
2566 2632 2659 2701 qui
2685 2640 2858 2686 totum
2889 2633 3194 2689 Romanum
3220 2631 3526 2690 exercitum

1945 2719 2195 2788 duceret,
2243 2723 2594 2791 auctoritate,
2628 2725 2858 2781 confuse
2904 2735 2958 2780 et
2993 2729 3357 2798 incomposite
3395 2747 3520 2784 cum

1946 2813 2206 2870 Barbaris
2263 2825 2413 2870 retro
2458 2816 2822 2874 subsistentes
2870 2819 3235 2886 dimicarent,
3262 2821 3526 2876 vexillum

1945 2915 2000 2961 et
2052 2923 2245 2978 agmen
2303 2924 2462 2962 suum
2517 2911 2612 2964 uni
2654 2911 2756 2966 sub
2806 2926 2865 2966 se
2919 2911 3122 2968 ducum
3173 2913 3418 2978 tradens,
3465 2915 3524 2968 in

1947 3007 2126 3052 castra
2161 3009 2218 3052 ut
2247 3009 2498 3071 pergeret
2529 3000 2847 3066 mandavit;
2897 3003 3017 3070 ipse
3043 3019 3168 3058 cum
3193 3007 3386 3074 paucis
3419 3006 3519 3060 de-

1947 3088 2103 3143 lectis
2132 3089 2198 3142 ad
2233 3104 2330 3144 eos
2358 3091 2450 3159 qui
2485 3105 2610 3143 cum
2658 3089 2918 3146 Barbaris
2963 3094 3282 3162 pugnabant
3313 3111 3527 3165 prope-

1950 3182 2111 3248 ravit,
2166 3193 2217 3236 et
2253 3190 2312 3236 ut
2357 3191 2538 3252 coepto
2585 3192 2873 3238 revocatos
2907 3198 3093 3238 secum
3129 3184 3196 3240 ad
3241 3187 3517 3256 reliquunt

1949 3274 2252 3328 exercitum
2298 3275 2612 3340 reduceret,
2654 3283 2712 3329 et
2756 3285 2816 3329 ut
2861 3292 3078 3345 pcenain
3127 3277 3383 3332 ordinum
3427 3280 3531 3334 de-

1950 3365 2260 3420 sertoribus
2304 3367 2547 3421 debitam
2610 3368 2940 3437 imponeret.
2999 3368 3200 3424 Eadem
3264 3371 3522 3440 cogitatio

1952 3455 2302 3526 imperatoris
2342 3456 2466 3522 fuit,
2503 3458 2625 3527 qui,
2663 3474 2793 3514 suas
2817 3459 3072 3514 cohortes
3099 3469 3156 3514 et
3181 3461 3394 3532 signum
3422 3463 3526 3517 im-

1950 3547 2156 3616 periale
2214 3547 2447 3602 Manucli
2507 3549 2693 3616 Asani,
2730 3551 3028 3606 Andronici
3087 3553 3239 3620 tilio,
3289 3566 3531 3626 cognato

1951 3655 2052 3693 suo
2075 3638 2184 3709 (65)
2217 3640 2590 3705 committens,
2621 3649 2675 3694 et
2704 3641 2759 3695 in
2795 3653 2972 3697 castra
3007 3645 3527 3716 abducerejubens,

1953 3731 2068 3801 ipse
2096 3731 2348 3785 similiter
2377 3747 2499 3785 cum
2534 3733 2758 3788 selectis
2795 3735 3009 3804 aliquot
3039 3743 3188 3790 retro
3217 3740 3515 3792 concessit.

1955 3825 2028 3878 Ita
2061 3825 2311 3892 contigit,
2343 3835 2403 3878 ut
2429 3825 2569 3880 alter
2605 3825 2661 3880 in
2699 3825 2931 3882 alterum
2966 3827 3256 3893 incideret,
3289 3839 3348 3885 et
3369 3845 3524 3885 eam-

1952 3916 2075 3971 dem
2105 3917 2207 3972 sibi
2240 3927 2390 3972 retro
2411 3917 2680 3973 redeundi
2711 3933 2934 3975 causam
2955 3918 3128 3976 fuisse
3153 3921 3526 3990 intelligerent

1952 4011 2268 4081 factumque
2318 4013 2636 4081 probarent,
2690 4013 2758 4067 ad
2810 4023 3122 4084 pugnantes
3175 4015 3530 4082 accederent,

1950 4115 2155 4171 eosque
2199 4103 2611 4168 abstrahentes,
2660 4103 2766 4172 ipsi
2812 4105 3070 4172 quamvis
3111 4105 3530 4186 nolentes’cum

1951 4193 2210 4248 Barbaris
2243 4195 2648 4264 praeliarentur.
2692 4194 2828 4248 Nam
2865 4195 3110 4262 Barbari,
3147 4211 3289 4251 cum-
3310 4200 3525 4252 exerci-

1952 4295 2068 4342 tum
2095 4289 2402 4342 Romanum
2427 4287 2539 4358 jam
2569 4304 2676 4348 non
2717 4286 2935 4342 modico
2972 4289 3041 4343 ab
3068 4289 3202 4358 ipsis
3237 4289 3534 4344 intervallo

1953 4379 2248 4434 distantem
2277 4387 2592 4444 cernerent,
2621 4388 2678 4434 et
2709 4380 2936 4435 relictos
2973 4394 3094 4434 esse
3129 4395 3361 4449 paucos,
3391 4397 3523 4464 cen-

273 4481 552 4551 ἐπιθήσων
575 4480 672 4550 τὴν
697 4480 1084 4552 προσήκουσαν
1104 4480 1218 4542 τοῖς
1245 4477 1522 4540 ἀτάκτοις.
1552 4477 1680 4538 Τοῖς
1710 4474 1845 4538 ἴσοις

1953 4483 2246 4544 serentque
2275 4483 2552 4527 maturum
2599 4486 2722 4526 esse
2751 4486 2847 4527 eos
2887 4471 3147 4526 invadere
3175 4482 3232 4526 et
3264 4469 3523 4538 mactare,

271 4574 328 4626 δὲ
391 4573 671 4642 λογισμοῖς
722 4573 1074 4643 χρησάμενος
1127 4570 1224 4624 καὶ
1271 4569 1548 4640 βισιλεῦς,
1597 4567 1660 4620 τὸ
1711 4566 1842 4619 ίδιον

229 4680 232 4681 ⁷
272 4667 462 4736 τάγμα
506 4665 601 4719 καὶ
644 4667 806 4728 αὐτὸς
836 4665 931 4718 καὶ
972 4663 1072 4734 τὴν
1122 4662 1364 4735 σημαίαν
1407 4660 1507 4730 τὴν
1553 4658 1841 4728 βασιλικὴν

290 4759 496 4829 Ἀσάνῃ
534 4756 791 4828 Μανουὴλ
818 4756 896 4826 τῷ
930 4755 1267 4826 Ἀνδρονίκου
1297 4752 1396 4822 υἱῷ
1421 4751 1698 4821 ἐξαδέλφῳ
1729 4751 1843 4803 ὅντι

274 4850 444 4905 αὑτοῦ
488 4849 784 4919 παραδοὺς,
831 4847 925 4901 καὶ
957 4849 1156 4919 χωρεῖν
1199 4845 1334 4916 πρὸς
1365 4844 1425 4897 τὸ
1478 4843 1846 4914 στρατόπεδον

274 4943 561 5005 κελεύσας,
592 4941 819 5008 λογάδας
848 4941 943 4994 καὶ
965 4941 1126 4998 αὐτὸς
1155 4937 1489 5009 παραλαϐών
1514 4952 1690 5001 τινας,
1723 4934 1848 4987 ἐϐά-

275 5041 422 5102 διζεν
451 5035 647 5088 ὀπίσω.
683 5034 838 5088 Οὕτω
866 5035 922 5088 δὲ
971 5033 1211 5103 συμϐὰν,
1263 5033 1550 5101 γενόμενοι
1591 5027 1847 5098 ἀλλήλοις

279 5135 335 5184 ἐν
361 5133 565 5206 ταύτῷ,
593 5127 684 5183 καὶ
710 5128 808 5197 τὴν
831 5127 1010 5181 αἰτίαν
1039 5126 1135 5197 τῆς
1169 5124 1518 5193 ὑποστροφῆς
1546 5119 1848 5188 πυθόμενοι

280 5222 417 5280 εἶναι
445 5227 546 5298 τὴν
573 5224 764 5293 αὐτὴν,
793 5221 912 5273 ἐπεὶ
957 5217 1177 5272 ἐδόκουν
1207 5216 1442 5298 καιρίως
1475 5210 1841 5282 πεποιῆσθαι,

1951 4567 2096 4635 quod
2121 4577 2178 4620 et
2207 4564 2310 4634 ipsi
2341 4563 2529 4618 selecti
2559 4573 2762 4629 essent,
2790 4573 2845 4618 et
2873 4563 3083 4632 aliquot
3117 4563 3285 4619 tantis
3312 4564 3532 4632 plures,

1952 4661 2009 4716 in
2035 4676 2310 4716 summum
2361 4661 2485 4716 illos
2533 4659 2833 4714 discrimen
2883 4657 3252 4713 adduxerunt.
3304 4658 3530 4727 Magnus

1953 4754 2155 4823 quippe
2183 4753 2542 4812 domesticus.
2577 4766 2720 4820 equo
2743 4751 2798 4805 in
2837 4760 2916 4804 tot
2950 4751 3212 4805 cursibus
3247 4760 3303 4804 et
3335 4766 3528 4806 recur-

1952 4849 2106 4904 sibus
2135 4847 2530 4921 praecipitante,
2565 4844 2739 4899 ferme
2765 4843 3038 4916 periisset,
3071 4843 3172 4896 nisi
3198 4843 3267 4897 ab
3297 4843 3536 4912 impera-
3607 4881 3614 4890 ,

1952 4948 2088 5000 tore,
2138 4938 2369 5010 aliisque
2397 4936 2668 5008 proximis
2719 4937 2772 4989 in
2805 4935 2972 4989 alium
3015 4949 3218 5004 equum
3255 4934 3525 4989 continuo

1949 5031 2197 5086 sublatus
2229 5030 2437 5108 fuisset.
2465 5030 2625 5098 217
2659 5029 2728 5082 Et
2779 5028 3134 5096 imperatoris
3185 5026 3406 5096 quidem
3437 5029 3538 5097 juo

1950 5121 2378 5174 mentumtlicet
2438 5118 2634 5172 letbali
2696 5117 3014 5172 confossum
3083 5116 3340 5178 vulnere,
3415 5133 3526 5171 non

1949 5221 2132 5266 tamen
2163 5210 2387 5277 cecidit,
2420 5209 2604 5280 quoad
2656 5223 2686 5264 a
2719 5207 2981 5263 Barbaris
3009 5221 3068 5271 se
3093 5207 3357 5278 eriperet.
3407 5208 3529 5263 Ac-

1542 5351 1757 5414 Jacobi
1790 5351 2054 5413 Pontani
2097 5362 2287 5428 notae.

349 5491 457 5560 (65)
495 5488 755 5556 Quamvis
782 5485 966 5542 Graece
1009 5485 1081 5539 sit
1111 5479 1416 5547 ἐξαδέλῳῳ,
1447 5475 1592 5560 quod
1628 5483 1843 5560 patrue-

279 5544 390 5616 Ιετῖιί
414 5544 875 5628 interpretantur,
899 5565 1088 5628 tamen
1139 5544 1502 5628 certum—est,
1535 5544 1840 5628 illanuclem

279 5615 580 5687 Andronici
639 5615 1092 5690 Asanis'filium,
1150 5617 1496 5694 imperatoris
1546 5615 1840 5694 huju’spa-

279 5702 509 5756 truclem
562 5698 790 5752 minime
822 5696 1026 5760 fuisse;
1084 5694 1185 5748 nisi
1227 5689 1349 5764 ipse
1395 5689 1603 5764 Asanes
1656 5689 1840 5764 senior

277 5755 559 5828 Michaelis
607 5768 784 5838 patris
829 5755 1184 5834 imperatoris
1220 5755 1390 5814 frater
1441 5755 1626 5810 fuerit.
1671 5755 1834 5824 Atqui

1952 5490 2061 5528 non
2099 5473 2222 5528 fult.
2261 5471 2652 5550 verumtamen
2686 5487 2811 5550 cum
2841 5470 3192 5550 {Andronicus
3216 5468 3423 5550 Asanes
3462 5485 3530 5550 es

1950 5559 2144 5618 sorore
2190 5544 2427 5618 senioris
2481 5543 2784 5618 Andronici
2817 5541 3206 5618 _imperatoris_
3248 5547 3411 5618 natus
3457 5541 3532 5592 sit

1950 5613 2242 5684 (siquidem
2281 5615 2324 5666 is
2369 5615 2514 5676 θεῖος
2551 5615 2671 5684 ejus
2722 5609 3207 5684 dieitur),M_anuel
3262 5609 3348 5684 hic
3401 5623 3538 5660 cum

1948 5679 2161 5756 minore
2191 5684 2528 5747 Andronico,
2552 5679 2613 5737 ut
2650 5691 2815 5753 patet,
2841 5680 3171 5756 cognatione
3200 5679 3542 5749 coniunctus

1947 5752 2080 5810 fuit.
