  <div class='ocr_page' id='page_1' title='image "/cluster/home/n/w/nwhite01/storage/ocr_20150623/153:no.1/coo.31924054870583/235.png"; bbox 0 0 4016 6510; ppageno 0'>
   <div class='ocr_carea' id='block_1_1' title="bbox 456 400 562 460">
    <p class='ocr_par' dir='ltr' id='par_1_1' title="bbox 456 400 562 460">
     <span class='ocr_line' id='line_1_1' title="bbox 456 400 562 460; baseline 0 0"><span class='ocrx_word' id='word_1_1' title='bbox 456 400 562 460; x_wconf 72' lang='grc'><strong>455</strong></span> 
     </span>
    </p>
   </div>
   <div class='ocr_carea' id='block_1_2' title="bbox 1619 374 2522 450">
    <p class='ocr_par' dir='ltr' id='par_1_2' title="bbox 1619 374 2522 450">
     <span class='ocr_line' id='line_1_2' title="bbox 1619 374 2522 450; baseline -0.009 0"><span class='ocrx_word' id='word_1_2' title='bbox 1619 387 1944 450; x_wconf 62' lang='lat' dir='ltr'><strong>JOANNIS</strong></span> <span class='ocrx_word' id='word_1_3' title='bbox 1987 374 2522 444; x_wconf 65' lang='lat' dir='ltr'><strong>CANTACUZENI</strong></span> 
     </span>
    </p>
   </div>
   <div class='ocr_carea' id='block_1_3' title="bbox 3609 373 3708 436">
    <p class='ocr_par' dir='ltr' id='par_1_3' title="bbox 3609 373 3708 436">
     <span class='ocr_line' id='line_1_3' title="bbox 3609 373 3708 436; baseline 0.03 -3"><span class='ocrx_word' id='word_1_4' title='bbox 3609 373 3708 436; x_wconf 71' lang='grc'>456</span> 
     </span>
    </p>
   </div>
   <div class='ocr_carea' id='block_1_4' title="bbox 455 484 2057 580">
    <p class='ocr_par' dir='ltr' id='par_1_4' title="bbox 455 500 2032 580">
     <span class='ocr_line' id='line_1_4' title="bbox 455 500 2032 580; baseline -0.009 -16"><span class='ocrx_word' id='word_1_5' title='bbox 455 510 602 580; x_wconf 73' lang='lat' dir='ltr'><strong>repit</strong></span> <span class='ocrx_word' id='word_1_6' title='bbox 632 509 797 562; x_wconf 89' lang='lat' dir='ltr'><strong>etiam</strong></span> <span class='ocrx_word' id='word_1_7' title='bbox 829 506 1168 562; x_wconf 88' lang='lat' dir='ltr'><strong>luculentam</strong></span> <span class='ocrx_word' id='word_1_8' title='bbox 1201 504 1414 574; x_wconf 79' lang='lat' dir='ltr'><strong>plagam</strong></span> <span class='ocrx_word' id='word_1_9' title='bbox 1461 501 1760 556; x_wconf 86' lang='lat' dir='ltr'><strong>fortissime</strong></span> <span class='ocrx_word' id='word_1_10' title='bbox 1807 516 1930 553; x_wconf 87' lang='lat' dir='ltr'><strong>cum</strong></span> <span class='ocrx_word' id='word_1_11' title='bbox 1965 500 2032 551; x_wconf 90' lang='lat' dir='ltr'><strong>iis</strong></span> 
     </span>
    </p>
   </div>
   <div class='ocr_carea' id='block_1_5' title="bbox 2159 484 3711 580">
    <p class='ocr_par' dir='ltr' id='par_1_5' title="bbox 2159 484 3711 569">
     <span class='ocr_line' id='line_1_5' title="bbox 2159 484 3711 569; baseline -0.048 44"><span class='ocrx_word' id='word_1_12' title='bbox 2159 501 2267 569; x_wconf 59' lang='grc' dir='ltr'><strong>ἱκρι</strong></span> <span class='ocrx_word' id='word_1_13' title='bbox 2297 497 2404 549; x_wconf 60' lang='grc' dir='ltr'><strong>τῶν</strong></span> <span class='ocrx_word' id='word_1_14' title='bbox 2454 495 2785 566; x_wconf 58' lang='grc' dir='ltr'><strong>μαχομένων</strong></span> <span class='ocrx_word' id='word_1_15' title='bbox 2817 485 3003 562; x_wconf 57' lang='grc' dir='ltr'><strong>ἦλθον</strong></span> <span class='ocrx_word' id='word_1_16' title='bbox 3047 488 3141 540; x_wconf 60' lang='grc' dir='ltr'><strong>καὶ</strong></span> <span class='ocrx_word' id='word_1_17' title='bbox 3167 489 3272 556; x_wconf 72' lang='grc' dir='ltr'><strong>τῆς</strong></span> <span class='ocrx_word' id='word_1_18' title='bbox 3308 484 3584 555; x_wconf 71' lang='grc' dir='ltr'>συμϐολῆς</span> <span class='ocrx_word' id='word_1_19' title='bbox 3619 488 3711 555; x_wconf 81' lang='grc' dir='ltr'>μὲν</span> 
     </span>
    </p>
   </div>
   <div class='ocr_carea' id='block_1_6' title="bbox 455 594 2038 670">
    <p class='ocr_par' dir='ltr' id='par_1_6' title="bbox 455 594 2038 670">
     <span class='ocr_line' id='line_1_6' title="bbox 455 594 2038 670; baseline -0.007 -15"><span class='ocrx_word' id='word_1_20' title='bbox 455 603 733 655; x_wconf 82' lang='lat' dir='ltr'><strong>dimicans</strong></span> <span class='ocrx_word' id='word_1_21' title='bbox 789 600 1110 670; x_wconf 76' lang='lat' dir='ltr'><strong>imperator,</strong></span> <span class='ocrx_word' id='word_1_22' title='bbox 1146 597 1342 652; x_wconf 81' lang='lat' dir='ltr'><strong>adacto</strong></span> <span class='ocrx_word' id='word_1_23' title='bbox 1385 612 1480 666; x_wconf 87' lang='lat' dir='ltr'><strong>per</strong></span> <span class='ocrx_word' id='word_1_24' title='bbox 1530 597 1709 649; x_wconf 88' lang='lat' dir='ltr'><strong>femur</strong></span> <span class='ocrx_word' id='word_1_25' title='bbox 1742 594 1885 657; x_wconf 89' lang='lat' dir='ltr'><strong>telo;</strong></span> <span class='ocrx_word' id='word_1_26' title='bbox 1939 608 2038 644; x_wconf 88' lang='lat' dir='ltr'><strong>ve-</strong></span> 
     </span>
    </p>
   </div>
   <div class='ocr_carea' id='block_1_7' title="bbox 458 682 2034 761">
    <p class='ocr_par' dir='ltr' id='par_1_7' title="bbox 458 682 2034 761">
     <span class='ocr_line' id='line_1_7' title="bbox 458 682 2034 761; baseline -0.008 -14"><span class='ocrx_word' id='word_1_27' title='bbox 458 708 582 747; x_wconf 88' lang='lat' dir='ltr'><strong>rum</strong></span> <span class='ocrx_word' id='word_1_28' title='bbox 641 694 759 745; x_wconf 89' lang='lat' dir='ltr'><strong>sine</strong></span> <span class='ocrx_word' id='word_1_29' title='bbox 808 690 1076 761; x_wconf 82' lang='lat' dir='ltr'><strong>periculo,</strong></span> <span class='ocrx_word' id='word_1_30' title='bbox 1127 698 1251 759; x_wconf 88' lang='lat' dir='ltr'><strong>post</strong></span> <span class='ocrx_word' id='word_1_31' title='bbox 1300 689 1570 742; x_wconf 80' lang='lat' dir='ltr'><strong>decimum</strong></span> <span class='ocrx_word' id='word_1_32' title='bbox 1622 699 1857 752; x_wconf 87' lang='lat' dir='ltr'><strong>namque</strong></span> <span class='ocrx_word' id='word_1_33' title='bbox 1890 682 2034 737; x_wconf 87' lang='lat' dir='ltr'><strong>diem</strong></span> 
     </span>
    </p>
   </div>
   <div class='ocr_carea' id='block_1_8' title="bbox 459 779 2036 848">
    <p class='ocr_par' dir='ltr' id='par_1_8' title="bbox 459 779 2036 848">
     <span class='ocr_line' id='line_1_8' title="bbox 459 779 2036 848; baseline -0.006 -11"><span class='ocrx_word' id='word_1_34' title='bbox 459 782 753 838; x_wconf 89' lang='lat' dir='ltr'><strong>consanuit</strong></span> <span class='ocrx_word' id='word_1_35' title='bbox 811 781 1031 846; x_wconf 90' lang='lat' dir='ltr'><strong>femur,</strong></span> <span class='ocrx_word' id='word_1_36' title='bbox 1095 791 1157 834; x_wconf 88' lang='lat' dir='ltr'><strong>ut</strong></span> <span class='ocrx_word' id='word_1_37' title='bbox 1228 781 1272 835; x_wconf 91' lang='lat' dir='ltr'><strong>si</strong></span> <span class='ocrx_word' id='word_1_38' title='bbox 1341 794 1623 848; x_wconf 84' lang='lat' dir='ltr'><strong>nunquam</strong></span> <span class='ocrx_word' id='word_1_39' title='bbox 1685 779 2036 830; x_wconf 85' lang='lat' dir='ltr'><strong>vulneratum</strong></span> 
     </span>
    </p>
   </div>
   <div class='ocr_carea' id='block_1_9' title="bbox 459 866 2041 949">
    <p class='ocr_par' dir='ltr' id='par_1_9' title="bbox 459 866 2041 949">
     <span class='ocr_line' id='line_1_9' title="bbox 459 866 2041 949; baseline -0.005 -22"><span class='ocrx_word' id='word_1_40' title='bbox 459 873 676 927; x_wconf 91' lang='lat' dir='ltr'><strong>fuisset.</strong></span> <span class='ocrx_word' id='word_1_41' title='bbox 729 874 848 927; x_wconf 82' lang='lat' dir='ltr'><strong>Jam</strong></span> <span class='ocrx_word' id='word_1_42' title='bbox 898 888 1030 949; x_wconf 71' lang='lat' dir='ltr'><strong>vero</strong></span> <span class='ocrx_word' id='word_1_43' title='bbox 1087 885 1210 926; x_wconf 85' lang='lat' dir='ltr'><strong>cum</strong></span> <span class='ocrx_word' id='word_1_44' title='bbox 1263 870 1496 924; x_wconf 77' lang='lat' dir='ltr'><strong>viriliter</strong></span> <span class='ocrx_word' id='word_1_45' title='bbox 1535 882 1908 939; x_wconf 83' lang='lat' dir='ltr'><strong>generoseque</strong></span> <span class='ocrx_word' id='word_1_46' title='bbox 1949 866 2041 920; x_wconf 89' lang='lat' dir='ltr'><strong>de—</strong></span> 
     </span>
    </p>
   </div>
   <div class='ocr_carea' id='block_1_10' title="bbox 463 958 2040 1034">
    <p class='ocr_par' dir='ltr' id='par_1_10' title="bbox 463 958 2040 1034">
     <span class='ocr_line' id='line_1_10' title="bbox 463 958 2040 1034; baseline -0.005 -16"><span class='ocrx_word' id='word_1_47' title='bbox 463 973 791 1026; x_wconf 81' lang='lat' dir='ltr'><strong>certassent,</strong></span> <span class='ocrx_word' id='word_1_48' title='bbox 836 973 892 1018; x_wconf 87' lang='lat' dir='ltr'><strong>et</strong></span> <span class='ocrx_word' id='word_1_49' title='bbox 925 978 1130 1034; x_wconf 86' lang='lat' dir='ltr'><strong>paucos</strong></span> <span class='ocrx_word' id='word_1_50' title='bbox 1185 960 1406 1031; x_wconf 88' lang='lat' dir='ltr'><strong>quidem</strong></span> <span class='ocrx_word' id='word_1_51' title='bbox 1453 961 1746 1023; x_wconf 84' lang='lat' dir='ltr'><strong>Barbaros,</strong></span> <span class='ocrx_word' id='word_1_52' title='bbox 1796 958 2040 1012; x_wconf 82' lang='lat' dir='ltr'><strong>illustres</strong></span> 
     </span>
    </p>
   </div>
   <div class='ocr_carea' id='block_1_11' title="bbox 463 1051 2035 1118">
    <p class='ocr_par' dir='ltr' id='par_1_11' title="bbox 463 1051 2035 1118">
     <span class='ocr_line' id='line_1_11' title="bbox 463 1051 2035 1118; baseline -0.004 -11"><span class='ocrx_word' id='word_1_53' title='bbox 463 1066 648 1109; x_wconf 88' lang='lat' dir='ltr'><strong>tamen</strong></span> <span class='ocrx_word' id='word_1_54' title='bbox 678 1055 1032 1118; x_wconf 89' lang='lat' dir='ltr'><strong>occidissent,</strong></span> <span class='ocrx_word' id='word_1_55' title='bbox 1071 1055 1222 1108; x_wconf 91' lang='lat' dir='ltr'><strong>nullo</strong></span> <span class='ocrx_word' id='word_1_56' title='bbox 1256 1055 1592 1108; x_wconf 89' lang='lat' dir='ltr'><strong>obturbante</strong></span> <span class='ocrx_word' id='word_1_57' title='bbox 1625 1051 1691 1104; x_wconf 90' lang='lat' dir='ltr'><strong>ad</strong></span> <span class='ocrx_word' id='word_1_58' title='bbox 1727 1051 2035 1104; x_wconf 77' lang='lat' dir='ltr'><strong>exercitum</strong></span> 
     </span>
    </p>
   </div>
   <div class='ocr_carea' id='block_1_12' title="bbox 465 1143 2044 1211">
    <p class='ocr_par' dir='ltr' id='par_1_12' title="bbox 465 1143 2044 1211">
     <span class='ocr_line' id='line_1_12' title="bbox 465 1143 2044 1211; baseline -0.005 -11"><span class='ocrx_word' id='word_1_59' title='bbox 465 1148 775 1211; x_wconf 84' lang='lat' dir='ltr'><strong>redierunt,</strong></span> <span class='ocrx_word' id='word_1_60' title='bbox 807 1156 864 1200; x_wconf 91' lang='lat' dir='ltr'><strong>et</strong></span> <span class='ocrx_word' id='word_1_61' title='bbox 893 1147 958 1200; x_wconf 92' lang='lat' dir='ltr'><strong>ad</strong></span> <span class='ocrx_word' id='word_1_62' title='bbox 1018 1159 1196 1200; x_wconf 82' lang='lat' dir='ltr'><strong>castra</strong></span> <span class='ocrx_word' id='word_1_63' title='bbox 1227 1146 1602 1206; x_wconf 77' lang='lat' dir='ltr'><strong>ambularunt,</strong></span> <span class='ocrx_word' id='word_1_64' title='bbox 1627 1145 1807 1199; x_wconf 69' lang='lat' dir='ltr'><strong>Persze</strong></span> <span class='ocrx_word' id='word_1_65' title='bbox 1843 1143 2044 1196; x_wconf 82' lang='lat' dir='ltr'><strong>Roma-</strong></span> 
     </span>
    </p>
   </div>
   <div class='ocr_carea' id='block_1_13' title="bbox 467 1236 2041 1308">
    <p class='ocr_par' dir='ltr' id='par_1_13' title="bbox 467 1236 2041 1308">
     <span class='ocr_line' id='line_1_13' title="bbox 467 1236 2041 1308; baseline -0.004 -16"><span class='ocrx_word' id='word_1_66' title='bbox 467 1240 554 1294; x_wconf 86' lang='lat' dir='ltr'><strong>nis</strong></span> <span class='ocrx_word' id='word_1_67' title='bbox 594 1239 832 1308; x_wconf 79' lang='lat' dir='ltr'><strong>amplius</strong></span> <span class='ocrx_word' id='word_1_68' title='bbox 869 1255 978 1292; x_wconf 92' lang='lat' dir='ltr'><strong>non</strong></span> <span class='ocrx_word' id='word_1_69' title='bbox 1007 1239 1182 1308; x_wconf 82' lang='lat' dir='ltr'><strong>magis</strong></span> <span class='ocrx_word' id='word_1_70' title='bbox 1206 1252 1371 1307; x_wconf 89' lang='lat' dir='ltr'><strong>quam</strong></span> <span class='ocrx_word' id='word_1_71' title='bbox 1424 1237 1535 1307; x_wconf 90' lang='lat' dir='ltr'><strong>igni</strong></span> <span class='ocrx_word' id='word_1_72' title='bbox 1569 1236 2041 1306; x_wconf 83' lang='lat' dir='ltr'><strong>appropinquare,</strong></span> 
     </span>
    </p>
   </div>
   <div class='ocr_carea' id='block_1_14' title="bbox 465 1326 2045 1398">
    <p class='ocr_par' dir='ltr' id='par_1_14' title="bbox 465 1326 2045 1398">
     <span class='ocr_line' id='line_1_14' title="bbox 465 1326 2045 1398; baseline -0.003 -15"><span class='ocrx_word' id='word_1_73' title='bbox 465 1344 672 1397; x_wconf 84' lang='lat' dir='ltr'><strong>eosque</strong></span> <span class='ocrx_word' id='word_1_74' title='bbox 705 1339 933 1398; x_wconf 83' lang='lat' dir='ltr'><strong>tangere</strong></span> <span class='ocrx_word' id='word_1_75' title='bbox 970 1329 1088 1382; x_wconf 83' lang='lat' dir='ltr'><strong>ausi</strong></span> <span class='ocrx_word' id='word_1_76' title='bbox 1117 1338 1266 1383; x_wconf 87' lang='lat' dir='ltr'><strong>sunt.</strong></span> <span class='ocrx_word' id='word_1_77' title='bbox 1325 1327 1500 1382; x_wconf 89' lang='lat' dir='ltr'><strong>Porro</strong></span> <span class='ocrx_word' id='word_1_78' title='bbox 1527 1326 1754 1396; x_wconf 87' lang='lat' dir='ltr'><strong>quidam</strong></span> <span class='ocrx_word' id='word_1_79' title='bbox 1788 1326 2045 1381; x_wconf 87' lang='lat' dir='ltr'><strong>Sebaslo—</strong></span> 
     </span>
    </p>
   </div>
   <div class='ocr_carea' id='block_1_15' title="bbox 466 1419 2046 1492">
    <p class='ocr_par' dir='ltr' id='par_1_15' title="bbox 466 1419 2046 1492">
     <span class='ocr_line' id='line_1_15' title="bbox 466 1419 2046 1492; baseline -0.003 -18"><span class='ocrx_word' id='word_1_80' title='bbox 466 1421 629 1492; x_wconf 87' lang='lat' dir='ltr'><strong>polus</strong></span> <span class='ocrx_word' id='word_1_81' title='bbox 661 1421 772 1490; x_wconf 77' lang='grc'><strong>(64)</strong></span> <span class='ocrx_word' id='word_1_82' title='bbox 823 1421 1143 1490; x_wconf 86' lang='lat' dir='ltr'><strong>imperatori</strong></span> <span class='ocrx_word' id='word_1_83' title='bbox 1163 1433 1414 1490; x_wconf 58' lang='lat' dir='ltr'><strong>,parens,</strong></span> <span class='ocrx_word' id='word_1_84' title='bbox 1439 1435 1637 1490; x_wconf 85' lang='lat' dir='ltr'><strong>genere</strong></span> <span class='ocrx_word' id='word_1_85' title='bbox 1668 1419 1891 1480; x_wconf 68' lang='lat' dir='ltr'><strong>Moesus,</strong></span> <span class='ocrx_word' id='word_1_86' title='bbox 1935 1427 2046 1471; x_wconf 87' lang='lat' dir='ltr'><strong>tre—</strong></span> 
     </span>
    </p>
   </div>
   <div class='ocr_carea' id='block_1_16' title="bbox 466 1511 2045 1580">
    <p class='ocr_par' dir='ltr' id='par_1_16' title="bbox 466 1511 2045 1580">
     <span class='ocr_line' id='line_1_16' title="bbox 466 1511 2045 1580; baseline -0.002 -12"><span class='ocrx_word' id='word_1_87' title='bbox 466 1523 757 1569; x_wconf 65' lang='lat' dir='ltr'><strong>centorum</strong></span> <span class='ocrx_word' id='word_1_88' title='bbox 812 1514 1070 1577; x_wconf 88' lang='lat' dir='ltr'><strong>militum,</strong></span> <span class='ocrx_word' id='word_1_89' title='bbox 1102 1528 1208 1566; x_wconf 91' lang='lat' dir='ltr'><strong>non</strong></span> <span class='ocrx_word' id='word_1_90' title='bbox 1245 1511 1403 1566; x_wconf 82' lang='lat' dir='ltr'><strong>valde</strong></span> <span class='ocrx_word' id='word_1_91' title='bbox 1452 1520 1813 1576; x_wconf 88' lang='lat' dir='ltr'><strong>armatorum,</strong></span> <span class='ocrx_word' id='word_1_92' title='bbox 1866 1526 2045 1580; x_wconf 77' lang='lat' dir='ltr'><strong>neque</strong></span> 
     </span>
    </p>
   </div>
   <div class='ocr_carea' id='block_1_17' title="bbox 467 1603 2048 1674">
    <p class='ocr_par' dir='ltr' id='par_1_17' title="bbox 467 1603 2048 1674">
     <span class='ocr_line' id='line_1_17' title="bbox 467 1603 2048 1674; baseline -0.001 -15"><span class='ocrx_word' id='word_1_93' title='bbox 467 1605 642 1659; x_wconf 87' lang='lat' dir='ltr'><strong>bonos</strong></span> <span class='ocrx_word' id='word_1_94' title='bbox 674 1617 850 1674; x_wconf 84' lang='lat' dir='ltr'><strong>equos</strong></span> <span class='ocrx_word' id='word_1_95' title='bbox 895 1603 1215 1659; x_wconf 82' lang='lat' dir='ltr'><strong>habentium</strong></span> <span class='ocrx_word' id='word_1_96' title='bbox 1250 1603 1565 1674; x_wconf 73' lang='lat' dir='ltr'><strong>praefectus,</strong></span> <span class='ocrx_word' id='word_1_97' title='bbox 1599 1612 1653 1658; x_wconf 91' lang='lat' dir='ltr'><strong>et</strong></span> <span class='ocrx_word' id='word_1_98' title='bbox 1698 1604 1750 1657; x_wconf 86' lang='lat' dir='ltr'><strong>in</strong></span> <span class='ocrx_word' id='word_1_99' title='bbox 1798 1613 2048 1658; x_wconf 75' lang='lat' dir='ltr'><strong>extremo</strong></span> 
     </span>
    </p>
   </div>
   <div class='ocr_carea' id='block_1_18' title="bbox 474 1691 2049 1766">
    <p class='ocr_par' dir='ltr' id='par_1_18' title="bbox 474 1691 2049 1766">
     <span class='ocr_line' id='line_1_18' title="bbox 474 1691 2049 1766; baseline -0.003 -16"><span class='ocrx_word' id='word_1_100' title='bbox 474 1696 697 1766; x_wconf 79' lang='lat' dir='ltr'><strong>agmine</strong></span> <span class='ocrx_word' id='word_1_101' title='bbox 731 1711 956 1756; x_wconf 83' lang='lat' dir='ltr'><strong>curans,</strong></span> <span class='ocrx_word' id='word_1_102' title='bbox 989 1695 1253 1749; x_wconf 89' lang='lat' dir='ltr'><strong>omnibus</strong></span> <span class='ocrx_word' id='word_1_103' title='bbox 1303 1696 1420 1749; x_wconf 85' lang='lat' dir='ltr'><strong>suis</strong></span> <span class='ocrx_word' id='word_1_104' title='bbox 1452 1695 1777 1764; x_wconf 84' lang='lat' dir='ltr'><strong>assumptis,</strong></span> <span class='ocrx_word' id='word_1_105' title='bbox 1814 1701 1870 1746; x_wconf 89' lang='lat' dir='ltr'><strong>et</strong></span> <span class='ocrx_word' id='word_1_106' title='bbox 1896 1691 2049 1762; x_wconf 87' lang='lat' dir='ltr'><strong>pedi-</strong></span> 
     </span>
    </p>
   </div>
   <div class='ocr_carea' id='block_1_19' title="bbox 475 1783 2046 1856">
    <p class='ocr_par' dir='ltr' id='par_1_19' title="bbox 475 1783 2046 1856">
     <span class='ocr_line' id='line_1_19' title="bbox 475 1783 2046 1856; baseline -0.001 -18"><span class='ocrx_word' id='word_1_107' title='bbox 475 1788 625 1842; x_wconf 88' lang='lat' dir='ltr'><strong>tibus</strong></span> <span class='ocrx_word' id='word_1_108' title='bbox 659 1787 870 1856; x_wconf 87' lang='lat' dir='ltr'><strong>aliquot</strong></span> <span class='ocrx_word' id='word_1_109' title='bbox 903 1786 957 1839; x_wconf 92' lang='lat' dir='ltr'><strong>in</strong></span> <span class='ocrx_word' id='word_1_110' title='bbox 999 1785 1264 1839; x_wconf 77' lang='lat' dir='ltr'><strong>auxilium</strong></span> <span class='ocrx_word' id='word_1_111' title='bbox 1297 1784 1508 1848; x_wconf 84' lang='lat' dir='ltr'><strong>ascitis,</strong></span> <span class='ocrx_word' id='word_1_112' title='bbox 1549 1785 1766 1853; x_wconf 88' lang='lat' dir='ltr'><strong>reliquo</strong></span> <span class='ocrx_word' id='word_1_113' title='bbox 1795 1783 2046 1838; x_wconf 78' lang='lat' dir='ltr'><strong>exercitu</strong></span> 
     </span>
    </p>
   </div>
   <div class='ocr_carea' id='block_1_20' title="bbox 471 1872 2052 1942">
    <p class='ocr_par' dir='ltr' id='par_1_20' title="bbox 471 1872 2052 1942">
     <span class='ocr_line' id='line_1_20' title="bbox 471 1872 2052 1942; baseline -0.006 -6"><span class='ocrx_word' id='word_1_114' title='bbox 471 1880 715 1942; x_wconf 89' lang='lat' dir='ltr'><strong>deserto,</strong></span> <span class='ocrx_word' id='word_1_115' title='bbox 749 1879 952 1934; x_wconf 87' lang='lat' dir='ltr'><strong>cursim</strong></span> <span class='ocrx_word' id='word_1_116' title='bbox 982 1881 1034 1934; x_wconf 89' lang='lat' dir='ltr'><strong>in</strong></span> <span class='ocrx_word' id='word_1_117' title='bbox 1068 1879 1264 1934; x_wconf 86' lang='lat' dir='ltr'><strong>Persas</strong></span> <span class='ocrx_word' id='word_1_118' title='bbox 1299 1872 1581 1931; x_wconf 81' lang='lat' dir='ltr'><strong>tendebat.</strong></span> <span class='ocrx_word' id='word_1_119' title='bbox 1612 1875 1692 1929; x_wconf 79' lang='grc' dir='ltr'>ιιιί</span> <span class='ocrx_word' id='word_1_120' title='bbox 1733 1875 1875 1929; x_wconf 91' lang='lat' dir='ltr'><strong>hanc</strong></span> <span class='ocrx_word' id='word_1_121' title='bbox 1913 1873 2052 1928; x_wconf 82' lang='lat' dir='ltr'><strong>inci-</strong></span> 
     </span>
    </p>
   </div>
   <div class='ocr_carea' id='block_1_21' title="bbox 478 1964 2052 2039">
    <p class='ocr_par' dir='ltr' id='par_1_21' title="bbox 478 1964 2052 2039">
     <span class='ocr_line' id='line_1_21' title="bbox 478 1964 2052 2039; baseline -0.003 -15"><span class='ocrx_word' id='word_1_122' title='bbox 478 1971 746 2025; x_wconf 86' lang='lat' dir='ltr'><strong>tationem</strong></span> <span class='ocrx_word' id='word_1_123' title='bbox 813 1969 881 2031; x_wconf 87' lang='lat' dir='ltr'><strong>ad</strong></span> <span class='ocrx_word' id='word_1_124' title='bbox 928 1984 1083 2024; x_wconf 84' lang='lat' dir='ltr'><strong>suam</strong></span> <span class='ocrx_word' id='word_1_125' title='bbox 1132 1967 1438 2039; x_wconf 77' lang='lat' dir='ltr'><strong>perniciem</strong></span> <span class='ocrx_word' id='word_1_126' title='bbox 1492 1966 1775 2036; x_wconf 81' lang='lat' dir='ltr'><strong>pertinere</strong></span> <span class='ocrx_word' id='word_1_127' title='bbox 1826 1964 1951 2027; x_wconf 78' lang='lat' dir='ltr'><strong>rati,</strong></span> <span class='ocrx_word' id='word_1_128' title='bbox 1995 1973 2052 2019; x_wconf 93' lang='lat' dir='ltr'><strong>et</strong></span> 
     </span>
    </p>
   </div>
   <div class='ocr_carea' id='block_1_22' title="bbox 474 2059 2052 2132">
    <p class='ocr_par' dir='ltr' id='par_1_22' title="bbox 474 2059 2052 2132">
     <span class='ocr_line' id='line_1_22' title="bbox 474 2059 2052 2132; baseline -0.004 -16"><span class='ocrx_word' id='word_1_129' title='bbox 474 2062 694 2132; x_wconf 80' lang='lat' dir='ltr'><strong>longius</strong></span> <span class='ocrx_word' id='word_1_130' title='bbox 726 2077 822 2117; x_wconf 88' lang='lat' dir='ltr'><strong>cos</strong></span> <span class='ocrx_word' id='word_1_131' title='bbox 850 2062 918 2115; x_wconf 90' lang='lat' dir='ltr'><strong>ab</strong></span> <span class='ocrx_word' id='word_1_132' title='bbox 953 2061 1200 2117; x_wconf 82' lang='lat' dir='ltr'><strong>exercitu</strong></span> <span class='ocrx_word' id='word_1_133' title='bbox 1247 2061 1497 2116; x_wconf 84' lang='lat' dir='ltr'><strong>volentes</strong></span> <span class='ocrx_word' id='word_1_134' title='bbox 1527 2059 1876 2122; x_wconf 87' lang='lat' dir='ltr'><strong>abstrahere,</strong></span> <span class='ocrx_word' id='word_1_135' title='bbox 1918 2073 2052 2128; x_wconf 80' lang='lat' dir='ltr'><strong>per-</strong></span> 
     </span>
    </p>
   </div>
   <div class='ocr_carea' id='block_1_23' title="bbox 479 2149 2054 2222">
    <p class='ocr_par' dir='ltr' id='par_1_23' title="bbox 479 2149 2054 2222">
     <span class='ocr_line' id='line_1_23' title="bbox 479 2149 2054 2222; baseline -0.004 -15"><span class='ocrx_word' id='word_1_136' title='bbox 479 2157 606 2208; x_wconf 84' lang='lat' dir='ltr'><strong>inde</strong></span> <span class='ocrx_word' id='word_1_137' title='bbox 636 2164 696 2208; x_wconf 90' lang='lat' dir='ltr'><strong>ut</strong></span> <span class='ocrx_word' id='word_1_138' title='bbox 722 2155 850 2208; x_wconf 87' lang='lat' dir='ltr'><strong>victi</strong></span> <span class='ocrx_word' id='word_1_139' title='bbox 883 2153 1068 2222; x_wconf 79' lang='lat' dir='ltr'><strong>fugam</strong></span> <span class='ocrx_word' id='word_1_140' title='bbox 1102 2153 1440 2208; x_wconf 87' lang='lat' dir='ltr'><strong>simulabant</strong></span> <span class='ocrx_word' id='word_1_141' title='bbox 1477 2151 1610 2220; x_wconf 78' lang='lat'><strong>(65).</strong></span> <span class='ocrx_word' id='word_1_142' title='bbox 1653 2149 2054 2218; x_wconf 86' lang='lat' dir='ltr'><strong>Sebastopulus</strong></span> 
     </span>
    </p>
   </div>
   <div class='ocr_carea' id='block_1_24' title="bbox 478 2239 2056 2314">
    <p class='ocr_par' dir='ltr' id='par_1_24' title="bbox 478 2239 2056 2314">
     <span class='ocr_line' id='line_1_24' title="bbox 478 2239 2056 2314; baseline -0.005 -14"><span class='ocrx_word' id='word_1_143' title='bbox 478 2257 686 2300; x_wconf 84' lang='lat' dir='ltr'><strong>temere</strong></span> <span class='ocrx_word' id='word_1_144' title='bbox 741 2255 795 2299; x_wconf 93' lang='lat' dir='ltr'><strong>ct</strong></span> <span class='ocrx_word' id='word_1_145' title='bbox 831 2244 1152 2299; x_wconf 85' lang='lat' dir='ltr'><strong>inconsulto</strong></span> <span class='ocrx_word' id='word_1_146' title='bbox 1179 2245 1513 2314; x_wconf 87' lang='lat' dir='ltr'><strong>insequitur.</strong></span> <span class='ocrx_word' id='word_1_147' title='bbox 1548 2242 1688 2297; x_wconf 89' lang='lat' dir='ltr'><strong>Tum</strong></span> <span class='ocrx_word' id='word_1_148' title='bbox 1723 2240 1948 2295; x_wconf 74' lang='lat' dir='ltr'><strong>Barbari</strong></span> <span class='ocrx_word' id='word_1_149' title='bbox 1988 2239 2056 2292; x_wconf 88' lang='lat' dir='ltr'><strong>de</strong></span> 
     </span>
    </p>
   </div>
   <div class='ocr_carea' id='block_1_25' title="bbox 479 2329 2054 2404">
    <p class='ocr_par' dir='ltr' id='par_1_25' title="bbox 479 2329 2054 2404">
     <span class='ocr_line' id='line_1_25' title="bbox 479 2329 2054 2404; baseline -0.005 -14"><span class='ocrx_word' id='word_1_150' title='bbox 479 2335 779 2404; x_wconf 86' lang='lat' dir='ltr'><strong>improviso</strong></span> <span class='ocrx_word' id='word_1_151' title='bbox 835 2336 1107 2396; x_wconf 87' lang='lat' dir='ltr'><strong>converti,</strong></span> <span class='ocrx_word' id='word_1_152' title='bbox 1163 2335 1317 2388; x_wconf 70' lang='lat' dir='ltr'><strong>laetos</strong></span> <span class='ocrx_word' id='word_1_153' title='bbox 1358 2334 1632 2387; x_wconf 87' lang='lat' dir='ltr'><strong>clamores</strong></span> <span class='ocrx_word' id='word_1_154' title='bbox 1664 2331 1876 2393; x_wconf 90' lang='lat' dir='ltr'><strong>tollere,</strong></span> <span class='ocrx_word' id='word_1_155' title='bbox 1911 2340 1966 2383; x_wconf 90' lang='lat' dir='ltr'><strong>et</strong></span> <span class='ocrx_word' id='word_1_156' title='bbox 2000 2329 2054 2383; x_wconf 92' lang='lat' dir='ltr'><strong>in</strong></span> 
     </span>
    </p>
   </div>
   <div class='ocr_carea' id='block_1_26' title="bbox 481 2421 2058 2490">
    <p class='ocr_par' dir='ltr' id='par_1_26' title="bbox 481 2421 2058 2490">
     <span class='ocr_line' id='line_1_26' title="bbox 481 2421 2058 2490; baseline -0.001 -16"><span class='ocrx_word' id='word_1_157' title='bbox 481 2421 758 2476; x_wconf 76' lang='lat' dir='ltr'><strong>Romanos</strong></span> <span class='ocrx_word' id='word_1_158' title='bbox 791 2423 1059 2476; x_wconf 82' lang='lat' dir='ltr'><strong>violenter</strong></span> <span class='ocrx_word' id='word_1_159' title='bbox 1089 2424 1329 2477; x_wconf 54' lang='lat' dir='ltr'><strong>irrui-re.</strong></span> <span class='ocrx_word' id='word_1_160' title='bbox 1363 2423 1472 2488; x_wconf 85' lang='lat' dir='ltr'><strong>Qui</strong></span> <span class='ocrx_word' id='word_1_161' title='bbox 1508 2421 1922 2490; x_wconf 87' lang='lat' dir='ltr'><strong>impressionem</strong></span> <span class='ocrx_word' id='word_1_162' title='bbox 1948 2435 2058 2472; x_wconf 90' lang='lat' dir='ltr'><strong>non</strong></span> 
     </span>
    </p>
   </div>
   <div class='ocr_carea' id='block_1_27' title="bbox 480 2502 2058 2583">
    <p class='ocr_par' dir='ltr' id='par_1_27' title="bbox 480 2502 2058 2583">
     <span class='ocr_line' id='line_1_27' title="bbox 480 2502 2058 2583; baseline -0.004 -13"><span class='ocrx_word' id='word_1_163' title='bbox 480 2516 825 2570; x_wconf 87' lang='lat' dir='ltr'><strong>sustinentes</strong></span> <span class='ocrx_word' id='word_1_164' title='bbox 885 2515 940 2568; x_wconf 91' lang='lat' dir='ltr'><strong>in</strong></span> <span class='ocrx_word' id='word_1_165' title='bbox 1001 2513 1184 2583; x_wconf 89' lang='lat' dir='ltr'><strong>fugam</strong></span> <span class='ocrx_word' id='word_1_166' title='bbox 1242 2531 1302 2568; x_wconf 88' lang='lat' dir='ltr'><strong>se</strong></span> <span class='ocrx_word' id='word_1_167' title='bbox 1362 2513 1704 2567; x_wconf 77' lang='lat' dir='ltr'><strong>en‘udcrunt.</strong></span> <span class='ocrx_word' id='word_1_168' title='bbox 1775 2502 2058 2565; x_wconf 73' lang='lat' dir='ltr'><strong>Trucidati</strong></span> 
     </span>
    </p>
   </div>
   <div class='ocr_carea' id='block_1_28' title="bbox 483 2603 2060 2675">
    <p class='ocr_par' dir='ltr' id='par_1_28' title="bbox 483 2603 2060 2675">
     <span class='ocr_line' id='line_1_28' title="bbox 483 2603 2060 2675; baseline -0.002 -15"><span class='ocrx_word' id='word_1_169' title='bbox 483 2607 701 2674; x_wconf 87' lang='lat' dir='ltr'><strong>equites</strong></span> <span class='ocrx_word' id='word_1_170' title='bbox 744 2607 1036 2674; x_wconf 85' lang='lat' dir='ltr'><strong>plusquam</strong></span> <span class='ocrx_word' id='word_1_171' title='bbox 1073 2621 1240 2675; x_wconf 89' lang='lat' dir='ltr'><strong>supra</strong></span> <span class='ocrx_word' id='word_1_172' title='bbox 1271 2603 1490 2675; x_wconf 77' lang='lat' dir='ltr'><strong>viginti,</strong></span> <span class='ocrx_word' id='word_1_173' title='bbox 1518 2603 1734 2673; x_wconf 85' lang='lat' dir='ltr'><strong>pedites</strong></span> <span class='ocrx_word' id='word_1_174' title='bbox 1777 2604 2006 2658; x_wconf 89' lang='lat' dir='ltr'><strong>totidem</strong></span> <span class='ocrx_word' id='word_1_175' title='bbox 2045 2620 2060 2657; x_wconf 91' lang='lat'><strong>:</strong></span> 
     </span>
    </p>
   </div>
   <div class='ocr_carea' id='block_1_29' title="bbox 484 2693 2062 2764">
    <p class='ocr_par' dir='ltr' id='par_1_29' title="bbox 484 2693 2062 2764">
     <span class='ocr_line' id='line_1_29' title="bbox 484 2693 2062 2764; baseline -0.001 -16"><span class='ocrx_word' id='word_1_176' title='bbox 484 2704 714 2749; x_wconf 68' lang='lat' dir='ltr'><strong>caeteros</strong></span> <span class='ocrx_word' id='word_1_177' title='bbox 751 2695 998 2749; x_wconf 87' lang='lat' dir='ltr'><strong>subitum</strong></span> <span class='ocrx_word' id='word_1_178' title='bbox 1057 2709 1159 2749; x_wconf 92' lang='lat' dir='ltr'><strong>nec</strong></span> <span class='ocrx_word' id='word_1_179' title='bbox 1182 2695 1440 2764; x_wconf 82' lang='lat' dir='ltr'><strong>exiguum</strong></span> <span class='ocrx_word' id='word_1_180' title='bbox 1470 2696 1536 2748; x_wconf 89' lang='lat' dir='ltr'><strong>ab</strong></span> <span class='ocrx_word' id='word_1_181' title='bbox 1563 2693 1806 2751; x_wconf 77' lang='lat' dir='ltr'><strong>exercitu</strong></span> <span class='ocrx_word' id='word_1_182' title='bbox 1834 2693 2062 2747; x_wconf 87' lang='lat' dir='ltr'><strong>missum</strong></span> 
     </span>
    </p>
   </div>
   <div class='ocr_carea' id='block_1_30' title="bbox 485 2785 2061 2855">
    <p class='ocr_par' dir='ltr' id='par_1_30' title="bbox 485 2785 2061 2855">
     <span class='ocr_line' id='line_1_30' title="bbox 485 2785 2061 2855; baseline 0.001 -16"><span class='ocrx_word' id='word_1_183' title='bbox 485 2787 790 2840; x_wconf 90' lang='lat' dir='ltr'><strong>subsidium</strong></span> <span class='ocrx_word' id='word_1_184' title='bbox 827 2788 1201 2840; x_wconf 49' lang='lat' dir='ltr'><strong>conservavit.</strong></span> <span class='ocrx_word' id='word_1_185' title='bbox 1242 2786 1545 2855; x_wconf 87' lang='lat' dir='ltr'><strong>Imperator</strong></span> <span class='ocrx_word' id='word_1_186' title='bbox 1593 2801 1812 2839; x_wconf 80' lang='lat' dir='ltr'><strong>rursum</strong></span> <span class='ocrx_word' id='word_1_187' title='bbox 1855 2786 1908 2838; x_wconf 90' lang='lat' dir='ltr'><strong>in</strong></span> <span class='ocrx_word' id='word_1_188' title='bbox 1954 2785 2061 2840; x_wconf 89' lang='lat' dir='ltr'><strong>Pe-</strong></span> 
     </span>
    </p>
   </div>
   <div class='ocr_carea' id='block_1_31' title="bbox 486 2875 2065 2949">
    <p class='ocr_par' dir='ltr' id='par_1_31' title="bbox 486 2875 2065 2949">
     <span class='ocr_line' id='line_1_31' title="bbox 486 2875 2065 2949; baseline 0.001 -20"><span class='ocrx_word' id='word_1_189' title='bbox 486 2875 681 2930; x_wconf 87' lang='lat' dir='ltr'><strong>lecano</strong></span> <span class='ocrx_word' id='word_1_190' title='bbox 713 2887 1161 2942; x_wconf 63' lang='lat' dir='ltr'><strong>castranietatus,</strong></span> <span class='ocrx_word' id='word_1_191' title='bbox 1197 2878 1489 2931; x_wconf 83' lang='lat' dir='ltr'><strong>confestim</strong></span> <span class='ocrx_word' id='word_1_192' title='bbox 1521 2877 1839 2949; x_wconf 82' lang='lat' dir='ltr'><strong>Byzantium</strong></span> <span class='ocrx_word' id='word_1_193' title='bbox 1875 2887 2065 2947; x_wconf 88' lang='lat' dir='ltr'><strong>proto-</strong></span> 
     </span>
    </p>
   </div>
   <div class='ocr_carea' id='block_1_32' title="bbox 487 2967 2065 3034">
    <p class='ocr_par' dir='ltr' id='par_1_32' title="bbox 487 2967 2065 3034">
     <span class='ocr_line' id='line_1_32' title="bbox 487 2967 2065 3034; baseline 0.001 -13"><span class='ocrx_word' id='word_1_194' title='bbox 487 2967 712 3021; x_wconf 85' lang='lat' dir='ltr'><strong>stratori</strong></span> <span class='ocrx_word' id='word_1_195' title='bbox 752 2977 872 3021; x_wconf 88' lang='lat' dir='ltr'><strong>acta</strong></span> <span class='ocrx_word' id='word_1_196' title='bbox 920 2969 1238 3022; x_wconf 89' lang='lat' dir='ltr'><strong>nuntiatum</strong></span> <span class='ocrx_word' id='word_1_197' title='bbox 1283 2969 1454 3030; x_wconf 89' lang='lat' dir='ltr'><strong>misit,</strong></span> <span class='ocrx_word' id='word_1_198' title='bbox 1498 2985 1621 3023; x_wconf 92' lang='lat' dir='ltr'><strong>cum</strong></span> <span class='ocrx_word' id='word_1_199' title='bbox 1655 2969 1950 3034; x_wconf 88' lang='lat' dir='ltr'><strong>mandatis,</strong></span> <span class='ocrx_word' id='word_1_200' title='bbox 1985 2969 2065 3024; x_wconf 92' lang='lat' dir='ltr'><strong>uti</strong></span> 
     </span>
    </p>
   </div>
   <div class='ocr_carea' id='block_1_33' title="bbox 491 3058 2067 3130">
    <p class='ocr_par' dir='ltr' id='par_1_33' title="bbox 491 3058 2067 3130">
     <span class='ocr_line' id='line_1_33' title="bbox 491 3058 2067 3130; baseline 0.002 -15"><span class='ocrx_word' id='word_1_201' title='bbox 491 3074 658 3115; x_wconf 84' lang='lat' dir='ltr'><strong>naves</strong></span> <span class='ocrx_word' id='word_1_202' title='bbox 708 3058 775 3113; x_wconf 89' lang='lat' dir='ltr'><strong>ad</strong></span> <span class='ocrx_word' id='word_1_203' title='bbox 829 3059 1297 3114; x_wconf 88' lang='lat' dir='ltr'><strong>transducendum</strong></span> <span class='ocrx_word' id='word_1_204' title='bbox 1352 3072 1476 3130; x_wconf 89' lang='lat' dir='ltr'><strong>post</strong></span> <span class='ocrx_word' id='word_1_205' title='bbox 1530 3077 1697 3115; x_wconf 91' lang='lat' dir='ltr'><strong>unum</strong></span> <span class='ocrx_word' id='word_1_206' title='bbox 1763 3062 2067 3118; x_wconf 83' lang='lat' dir='ltr'><strong>alterumve</strong></span> 
     </span>
    </p>
   </div>
   <div class='ocr_carea' id='block_1_34' title="bbox 489 3151 2060 3220">
    <p class='ocr_par' dir='ltr' id='par_1_34' title="bbox 489 3151 2060 3220">
     <span class='ocr_line' id='line_1_34' title="bbox 489 3151 2060 3220; baseline 0.001 -15"><span class='ocrx_word' id='word_1_207' title='bbox 489 3152 636 3205; x_wconf 92' lang='lat' dir='ltr'><strong>diem</strong></span> <span class='ocrx_word' id='word_1_208' title='bbox 669 3151 972 3204; x_wconf 74' lang='lat' dir='ltr'><strong>exercitum</strong></span> <span class='ocrx_word' id='word_1_209' title='bbox 1000 3159 1204 3220; x_wconf 70' lang='lat' dir='ltr'><strong>paratre</strong></span> <span class='ocrx_word' id='word_1_210' title='bbox 1229 3161 1436 3205; x_wconf 84' lang='lat' dir='ltr'><strong>essent.</strong></span> <span class='ocrx_word' id='word_1_211' title='bbox 1487 3151 1555 3206; x_wconf 86' lang='lat' dir='ltr'><strong>Et</strong></span> <span class='ocrx_word' id='word_1_212' title='bbox 1595 3167 1719 3207; x_wconf 90' lang='lat' dir='ltr'><strong>cum</strong></span> <span class='ocrx_word' id='word_1_213' title='bbox 1750 3162 2060 3218; x_wconf 85' lang='lat' dir='ltr'><strong>vereretur,</strong></span> 
     </span>
    </p>
   </div>
   <div class='ocr_carea' id='block_1_35' title="bbox 492 3241 2065 3312">
    <p class='ocr_par' dir='ltr' id='par_1_35' title="bbox 492 3241 2065 3312">
     <span class='ocr_line' id='line_1_35' title="bbox 492 3241 2065 3312; baseline 0.001 -15"><span class='ocrx_word' id='word_1_214' title='bbox 492 3259 560 3297; x_wconf 89' lang='lat' dir='ltr'><strong>ne</strong></span> <span class='ocrx_word' id='word_1_215' title='bbox 601 3243 771 3312; x_wconf 83' lang='lat' dir='ltr'><strong>(quod</strong></span> <span class='ocrx_word' id='word_1_216' title='bbox 807 3241 1032 3304; x_wconf 84' lang='lat' dir='ltr'><strong>accidit)</strong></span> <span class='ocrx_word' id='word_1_217' title='bbox 1078 3243 1182 3296; x_wconf 90' lang='lat' dir='ltr'><strong>alia</strong></span> <span class='ocrx_word' id='word_1_218' title='bbox 1221 3257 1387 3312; x_wconf 88' lang='lat' dir='ltr'><strong>quam</strong></span> <span class='ocrx_word' id='word_1_219' title='bbox 1428 3259 1528 3312; x_wconf 91' lang='lat' dir='ltr'><strong>pro</strong></span> <span class='ocrx_word' id='word_1_220' title='bbox 1571 3260 1703 3297; x_wconf 90' lang='lat' dir='ltr'><strong>vero</strong></span> <span class='ocrx_word' id='word_1_221' title='bbox 1731 3243 1799 3297; x_wconf 86' lang='lat' dir='ltr'><strong>de</strong></span> <span class='ocrx_word' id='word_1_222' title='bbox 1835 3245 2065 3299; x_wconf 83' lang='lat' dir='ltr'><strong>vulnere</strong></span> 
     </span>
    </p>
   </div>
   <div class='ocr_carea' id='block_1_36' title="bbox 492 3334 2066 3403">
    <p class='ocr_par' dir='ltr' id='par_1_36' title="bbox 492 3334 2066 3403">
     <span class='ocr_line' id='line_1_36' title="bbox 492 3334 2066 3403; baseline 0.001 -16"><span class='ocrx_word' id='word_1_223' title='bbox 492 3348 595 3388; x_wconf 87' lang='lat' dir='ltr'><strong>suo</strong></span> <span class='ocrx_word' id='word_1_224' title='bbox 627 3336 765 3387; x_wconf 81' lang='lat' dir='ltr'><strong>fama</strong></span> <span class='ocrx_word' id='word_1_225' title='bbox 789 3334 1187 3403; x_wconf 84' lang='lat' dir='ltr'><strong>divulgarctur,</strong></span> <span class='ocrx_word' id='word_1_226' title='bbox 1223 3336 1289 3388; x_wconf 88' lang='lat' dir='ltr'><strong>de</strong></span> <span class='ocrx_word' id='word_1_227' title='bbox 1337 3350 1404 3389; x_wconf 92' lang='lat' dir='ltr'><strong>eo</strong></span> <span class='ocrx_word' id='word_1_228' title='bbox 1443 3350 1665 3403; x_wconf 83' lang='lat' dir='ltr'><strong>quoque</strong></span> <span class='ocrx_word' id='word_1_229' title='bbox 1698 3345 2066 3403; x_wconf 85' lang='lat' dir='ltr'><strong>protostrato-</strong></span> 
     </span>
    </p>
   </div>
   <div class='ocr_carea' id='block_1_37' title="bbox 493 3425 2067 3495">
    <p class='ocr_par' dir='ltr' id='par_1_37' title="bbox 493 3425 2067 3495">
     <span class='ocr_line' id='line_1_37' title="bbox 493 3425 2067 3495; baseline 0.002 -17"><span class='ocrx_word' id='word_1_230' title='bbox 493 3441 610 3478; x_wconf 88' lang='lat' dir='ltr'><strong>rem</strong></span> <span class='ocrx_word' id='word_1_231' title='bbox 637 3427 929 3479; x_wconf 88' lang='lat' dir='ltr'><strong>certiorem</strong></span> <span class='ocrx_word' id='word_1_232' title='bbox 967 3439 1090 3479; x_wconf 85' lang='lat' dir='ltr'><strong>esse</strong></span> <span class='ocrx_word' id='word_1_233' title='bbox 1126 3425 1321 3482; x_wconf 86' lang='lat' dir='ltr'><strong>voluit.</strong></span> <span class='ocrx_word' id='word_1_234' title='bbox 1355 3427 1707 3481; x_wconf 83' lang='lat' dir='ltr'><strong>vulneratum</strong></span> <span class='ocrx_word' id='word_1_235' title='bbox 1753 3441 1810 3479; x_wconf 90' lang='lat' dir='ltr'><strong>se</strong></span> <span class='ocrx_word' id='word_1_236' title='bbox 1843 3426 2067 3495; x_wconf 81' lang='lat' dir='ltr'><strong>quidem</strong></span> 
     </span>
    </p>
   </div>
   <div class='ocr_carea' id='block_1_38' title="bbox 494 3492 2069 3585">
    <p class='ocr_par' dir='ltr' id='par_1_38' title="bbox 494 3492 2069 3585">
     <span class='ocr_line' id='line_1_38' title="bbox 494 3492 2069 3585; baseline 0.002 -17"><span class='ocrx_word' id='word_1_237' title='bbox 494 3514 552 3568; x_wconf 86' lang='lat' dir='ltr'><strong>in</strong></span> <span class='ocrx_word' id='word_1_238' title='bbox 583 3513 813 3577; x_wconf 88' lang='lat' dir='ltr'><strong>femore,</strong></span> <span class='ocrx_word' id='word_1_239' title='bbox 854 3524 908 3568; x_wconf 89' lang='lat' dir='ltr'><strong>at</strong></span> <span class='ocrx_word' id='word_1_240' title='bbox 935 3529 1043 3568; x_wconf 91' lang='lat' dir='ltr'><strong>non</strong></span> <span class='ocrx_word' id='word_1_241' title='bbox 1069 3515 1401 3584; x_wconf 89' lang='lat' dir='ltr'><strong>periculose,</strong></span> <span class='ocrx_word' id='word_1_242' title='bbox 1439 3532 1620 3585; x_wconf 90' lang='lat' dir='ltr'><strong>neque</strong></span> <span class='ocrx_word' id='word_1_243' title='bbox 1652 3516 1860 3570; x_wconf 84' lang='lat' dir='ltr'><strong>idcirco</strong></span> <span class='ocrx_word' id='word_1_244' title='bbox 1893 3535 1948 3570; x_wconf 86' lang='lat' dir='ltr'><strong>se</strong></span> <span class='ocrx_word' id='word_1_245' title='bbox 1985 3492 2069 3571; x_wconf 75' lang='lat' dir='ltr'><strong>re-</strong></span> 
     </span>
    </p>
   </div>
   <div class='ocr_carea' id='block_1_39' title="bbox 495 3604 2068 3674">
    <p class='ocr_par' dir='ltr' id='par_1_39' title="bbox 495 3604 2068 3674">
     <span class='ocr_line' id='line_1_39' title="bbox 495 3604 2068 3674; baseline 0.003 -15"><span class='ocrx_word' id='word_1_246' title='bbox 495 3607 637 3668; x_wconf 88' lang='lat' dir='ltr'><strong>dire,</strong></span> <span class='ocrx_word' id='word_1_247' title='bbox 687 3604 782 3659; x_wconf 84' lang='lat' dir='ltr'><strong>sed</strong></span> <span class='ocrx_word' id='word_1_248' title='bbox 834 3606 981 3674; x_wconf 89' lang='lat' dir='ltr'><strong>quod</strong></span> <span class='ocrx_word' id='word_1_249' title='bbox 1031 3606 1196 3659; x_wconf 89' lang='lat' dir='ltr'><strong>etiam</strong></span> <span class='ocrx_word' id='word_1_250' title='bbox 1238 3617 1364 3659; x_wconf 90' lang='lat' dir='ltr'><strong>ante</strong></span> <span class='ocrx_word' id='word_1_251' title='bbox 1414 3608 1614 3661; x_wconf 87' lang='lat' dir='ltr'><strong>vulnus</strong></span> <span class='ocrx_word' id='word_1_252' title='bbox 1663 3607 1735 3660; x_wconf 88' lang='lat' dir='ltr'><strong>ita</strong></span> <span class='ocrx_word' id='word_1_253' title='bbox 1774 3624 1804 3661; x_wconf 92' lang='lat' dir='ltr'><strong>e</strong></span> <span class='ocrx_word' id='word_1_254' title='bbox 1857 3625 1913 3662; x_wconf 91' lang='lat' dir='ltr'><strong>re</strong></span> <span class='ocrx_word' id='word_1_255' title='bbox 1951 3609 2068 3663; x_wconf 87' lang='lat' dir='ltr'><strong>fore</strong></span> 
     </span>
    </p>
   </div>
   <div class='ocr_carea' id='block_1_40' title="bbox 497 3693 2066 3764">
    <p class='ocr_par' dir='ltr' id='par_1_40' title="bbox 497 3693 2066 3764">
     <span class='ocr_line' id='line_1_40' title="bbox 497 3693 2066 3764; baseline 0.003 -14"><span class='ocrx_word' id='word_1_256' title='bbox 497 3695 801 3750; x_wconf 83' lang='lat' dir='ltr'><strong>statuisset.</strong></span> <span class='ocrx_word' id='word_1_257' title='bbox 853 3693 1078 3764; x_wconf 80' lang='lat' dir='ltr'><strong>Magnus</strong></span> <span class='ocrx_word' id='word_1_258' title='bbox 1124 3709 1256 3750; x_wconf 88' lang='lat' dir='ltr'><strong>vero</strong></span> <span class='ocrx_word' id='word_1_259' title='bbox 1289 3695 1625 3750; x_wconf 87' lang='lat' dir='ltr'><strong>domesticus</strong></span> <span class='ocrx_word' id='word_1_260' title='bbox 1654 3699 1940 3753; x_wconf 83' lang='lat' dir='ltr'><strong>commode</strong></span> <span class='ocrx_word' id='word_1_261' title='bbox 1974 3716 2066 3754; x_wconf 78' lang='lat' dir='ltr'><strong>ca-</strong></span> 
     </span>
    </p>
   </div>
   <div class='ocr_carea' id='block_1_41' title="bbox 499 3788 2069 3857">
    <p class='ocr_par' dir='ltr' id='par_1_41' title="bbox 499 3788 2069 3857">
     <span class='ocr_line' id='line_1_41' title="bbox 499 3788 2069 3857; baseline 0.001 -14"><span class='ocrx_word' id='word_1_262' title='bbox 499 3788 634 3843; x_wconf 85' lang='lat' dir='ltr'><strong>stris</strong></span> <span class='ocrx_word' id='word_1_263' title='bbox 661 3788 1000 3848; x_wconf 86' lang='lat' dir='ltr'><strong>constitutis.</strong></span> <span class='ocrx_word' id='word_1_264' title='bbox 1038 3789 1273 3857; x_wconf 86' lang='lat' dir='ltr'><strong>sumptis</strong></span> <span class='ocrx_word' id='word_1_265' title='bbox 1305 3799 1439 3857; x_wconf 92' lang='lat' dir='ltr'><strong>quot</strong></span> <span class='ocrx_word' id='word_1_266' title='bbox 1484 3788 1658 3842; x_wconf 86' lang='lat' dir='ltr'><strong>voluit</strong></span> <span class='ocrx_word' id='word_1_267' title='bbox 1690 3790 1974 3854; x_wconf 85' lang='lat' dir='ltr'><strong>militibus,</strong></span> <span class='ocrx_word' id='word_1_268' title='bbox 2016 3792 2069 3845; x_wconf 91' lang='lat' dir='ltr'><strong>in</strong></span> 
     </span>
    </p>
   </div>
   <div class='ocr_carea' id='block_1_42' title="bbox 497 3881 2074 3951">
    <p class='ocr_par' dir='ltr' id='par_1_42' title="bbox 497 3881 2074 3951">
     <span class='ocr_line' id='line_1_42' title="bbox 497 3881 2074 3951; baseline 0.002 -17"><span class='ocrx_word' id='word_1_269' title='bbox 497 3896 690 3934; x_wconf 89' lang='lat' dir='ltr'><strong>eorum</strong></span> <span class='ocrx_word' id='word_1_270' title='bbox 731 3881 880 3934; x_wconf 89' lang='lat' dir='ltr'><strong>aditu</strong></span> <span class='ocrx_word' id='word_1_271' title='bbox 936 3889 1134 3934; x_wconf 89' lang='lat' dir='ltr'><strong>natura</strong></span> <span class='ocrx_word' id='word_1_272' title='bbox 1189 3882 1419 3950; x_wconf 88' lang='lat' dir='ltr'><strong>pulchre</strong></span> <span class='ocrx_word' id='word_1_273' title='bbox 1484 3892 1734 3951; x_wconf 85' lang='lat' dir='ltr'><strong>angusto.</strong></span> <span class='ocrx_word' id='word_1_274' title='bbox 1767 3893 1821 3937; x_wconf 91' lang='lat' dir='ltr'><strong>et</strong></span> <span class='ocrx_word' id='word_1_275' title='bbox 1872 3883 2074 3937; x_wconf 58' lang='lat' dir='ltr'><strong>islhnlt)</strong></span> 
     </span>
    </p>
   </div>
   <div class='ocr_carea' id='block_1_43' title="bbox 499 3971 2075 4043">
    <p class='ocr_par' dir='ltr' id='par_1_43' title="bbox 499 3971 2075 4043">
     <span class='ocr_line' id='line_1_43' title="bbox 499 3971 2075 4043; baseline 0 -17"><span class='ocrx_word' id='word_1_276' title='bbox 499 3972 688 4033; x_wconf 89' lang='lat' dir='ltr'><strong>simili,</strong></span> <span class='ocrx_word' id='word_1_277' title='bbox 721 3972 832 4025; x_wconf 89' lang='lat' dir='ltr'><strong>lato</strong></span> <span class='ocrx_word' id='word_1_278' title='bbox 865 3971 1160 4025; x_wconf 85' lang='lat' dir='ltr'><strong>admodum</strong></span> <span class='ocrx_word' id='word_1_279' title='bbox 1191 3973 1457 4027; x_wconf 85' lang='lat' dir='ltr'><strong>interiore</strong></span> <span class='ocrx_word' id='word_1_280' title='bbox 1490 3973 1687 4042; x_wconf 83' lang='lat' dir='ltr'><strong>spatio,</strong></span> <span class='ocrx_word' id='word_1_281' title='bbox 1730 3989 1828 4043; x_wconf 90' lang='lat' dir='ltr'><strong>per</strong></span> <span class='ocrx_word' id='word_1_282' title='bbox 1859 3986 2075 4028; x_wconf 86' lang='lat' dir='ltr'><strong>noctem</strong></span> 
     </span>
    </p>
   </div>
   <div class='ocr_carea' id='block_1_44' title="bbox 501 4085 916 4155">
    <p class='ocr_par' dir='ltr' id='par_1_44' title="bbox 501 4085 916 4155">
     <span class='ocr_line' id='line_1_44' title="bbox 501 4085 916 4155; baseline -0.005 -14"><span class='ocrx_word' id='word_1_283' title='bbox 501 4087 761 4141; x_wconf 62' lang='lat' dir='ltr'><strong>exi-ubias</strong></span> <span class='ocrx_word' id='word_1_284' title='bbox 787 4085 916 4155; x_wconf 81' lang='lat' dir='ltr'><strong>egit.</strong></span> 
     </span>
    </p>
   </div>
   <div class='ocr_carea' id='block_1_45' title="bbox 2137 579 3712 657">
    <p class='ocr_par' dir='ltr' id='par_1_45' title="bbox 2137 579 3712 657">
     <span class='ocr_line' id='line_1_45' title="bbox 2137 579 3712 657; baseline -0.008 -15"><span class='ocrx_word' id='word_1_285' title='bbox 2137 591 2456 657; x_wconf 80' lang='grc' dir='ltr'>ἀπέστησαν</span> <span class='ocrx_word' id='word_1_286' title='bbox 2505 587 2785 646; x_wconf 77' lang='grc' dir='ltr'>ἐκείνουςο</span> <span class='ocrx_word' id='word_1_287' title='bbox 2842 584 2997 637; x_wconf 78' lang='grc' dir='ltr'>αὐτοὶ</span> <span class='ocrx_word' id='word_1_288' title='bbox 3057 581 3115 633; x_wconf 88' lang='grc' dir='ltr'><strong>δέ</strong></span> <span class='ocrx_word' id='word_1_289' title='bbox 3169 580 3270 632; x_wconf 83' lang='grc' dir='ltr'>καὶ</span> <span class='ocrx_word' id='word_1_290' title='bbox 3323 579 3558 640; x_wconf 77' lang='grc' dir='ltr'>ἄκοντες</span> <span class='ocrx_word' id='word_1_291' title='bbox 3606 580 3712 641; x_wconf 84' lang='grc' dir='ltr'>τοῖς</span> 
     </span>
    </p>
   </div>
   <div class='ocr_carea' id='block_1_46' title="bbox 2139 669 3716 753">
    <p class='ocr_par' dir='ltr' id='par_1_46' title="bbox 2139 669 3716 753">
     <span class='ocr_line' id='line_1_46' title="bbox 2139 669 3716 753; baseline -0.008 -18"><span class='ocrx_word' id='word_1_292' title='bbox 2139 675 2442 753; x_wconf 73' lang='grc' dir='ltr'>βαρϐάροις</span> <span class='ocrx_word' id='word_1_293' title='bbox 2479 679 2894 732; x_wconf 76' lang='grc' dir='ltr'><strong>συνεπλέκοντο.</strong></span> <span class='ocrx_word' id='word_1_294' title='bbox 2930 676 2994 726; x_wconf 80' lang='lat' dir='ltr'><strong>Oi</strong></span> <span class='ocrx_word' id='word_1_295' title='bbox 3040 675 3149 744; x_wconf 84' lang='grc' dir='ltr'><strong>γάρ</strong></span> <span class='ocrx_word' id='word_1_296' title='bbox 3179 671 3465 742; x_wconf 76' lang='grc' dir='ltr'>βάρϐαροι</span> <span class='ocrx_word' id='word_1_297' title='bbox 3494 670 3593 738; x_wconf 81' lang='grc' dir='ltr'>τὴν</span> <span class='ocrx_word' id='word_1_298' title='bbox 3622 669 3716 739; x_wconf 85' lang='grc' dir='ltr'><strong>μέν</strong></span> 
     </span>
    </p>
   </div>
   <div class='ocr_carea' id='block_1_47' title="bbox 2141 764 3720 845">
    <p class='ocr_par' dir='ltr' id='par_1_47' title="bbox 2141 764 3720 845">
     <span class='ocr_line' id='line_1_47' title="bbox 2141 764 3720 845; baseline -0.009 -17"><span class='ocrx_word' id='word_1_299' title='bbox 2141 774 2403 845; x_wconf 74' lang='grc' dir='ltr'>στρατιὰν</span> <span class='ocrx_word' id='word_1_300' title='bbox 2440 772 2676 843; x_wconf 83' lang='grc' dir='ltr'>ὁρῶντες</span> <span class='ocrx_word' id='word_1_301' title='bbox 2735 770 2836 840; x_wconf 66' lang='grc' dir='ltr'><strong>1ἢδη</strong></span> <span class='ocrx_word' id='word_1_302' title='bbox 2877 770 2979 822; x_wconf 76' lang='grc' dir='ltr'><strong>οὐκ</strong></span> <span class='ocrx_word' id='word_1_303' title='bbox 3016 767 3200 834; x_wconf 80' lang='grc' dir='ltr'>ὀλίγον</span> <span class='ocrx_word' id='word_1_304' title='bbox 3250 765 3442 816; x_wconf 84' lang='grc' dir='ltr'>αὐτῶν</span> <span class='ocrx_word' id='word_1_305' title='bbox 3491 764 3720 831; x_wconf 80' lang='grc' dir='ltr'>ἀφεστη-</span> 
     </span>
    </p>
   </div>
   <div class='ocr_carea' id='block_1_48' title="bbox 2139 853 3723 931">
    <p class='ocr_par' dir='ltr' id='par_1_48' title="bbox 2139 853 3723 931">
     <span class='ocr_line' id='line_1_48' title="bbox 2139 853 3723 931; baseline -0.009 -11"><span class='ocrx_word' id='word_1_306' title='bbox 2139 870 2321 930; x_wconf 70' lang='grc' dir='ltr'>κυῖαν,</span> <span class='ocrx_word' id='word_1_307' title='bbox 2341 866 2464 928; x_wconf 72' lang='grc' dir='ltr'>τοὺς</span> <span class='ocrx_word' id='word_1_308' title='bbox 2500 861 2962 931; x_wconf 69' lang='grc' dir='ltr'><strong>ὑπολειπομένους</strong></span> <span class='ocrx_word' id='word_1_309' title='bbox 2993 860 3046 912; x_wconf 74' lang='grc' dir='ltr'>δὲ</span> <span class='ocrx_word' id='word_1_310' title='bbox 3077 857 3322 926; x_wconf 76' lang='grc' dir='ltr'><strong>ὀλίγους,</strong></span> <span class='ocrx_word' id='word_1_311' title='bbox 3351 856 3448 908; x_wconf 75' lang='grc' dir='ltr'><strong>καὶ</strong></span> <span class='ocrx_word' id='word_1_312' title='bbox 3475 853 3723 924; x_wconf 87' lang='grc' dir='ltr'>νομίσαν-</span> 
     </span>
    </p>
   </div>
   <div class='ocr_carea' id='block_1_49' title="bbox 2140 949 3720 1030">
    <p class='ocr_par' dir='ltr' id='par_1_49' title="bbox 2140 949 3720 1030">
     <span class='ocr_line' id='line_1_49' title="bbox 2140 949 3720 1030; baseline -0.009 -18"><span class='ocrx_word' id='word_1_313' title='bbox 2140 978 2233 1024; x_wconf 86' lang='grc' dir='ltr'><strong>τες</strong></span> <span class='ocrx_word' id='word_1_314' title='bbox 2284 960 2473 1030; x_wconf 75' lang='grc' dir='ltr'>καιρὸν</span> <span class='ocrx_word' id='word_1_315' title='bbox 2530 954 2669 1010; x_wconf 80' lang='grc' dir='ltr'>εἶναι</span> <span class='ocrx_word' id='word_1_316' title='bbox 2718 956 2902 1018; x_wconf 84' lang='grc' dir='ltr'>αὐτοῖς</span> <span class='ocrx_word' id='word_1_317' title='bbox 2955 951 3322 1022; x_wconf 73' lang='grc' dir='ltr'><strong>ἐπιθεμένους</strong></span> <span class='ocrx_word' id='word_1_318' title='bbox 3374 949 3720 1018; x_wconf 85' lang='grc' dir='ltr'>διαφθεῖραι,</span> 
     </span>
    </p>
   </div>
   <div class='ocr_carea' id='block_1_50' title="bbox 2143 1040 3727 1120">
    <p class='ocr_par' dir='ltr' id='par_1_50' title="bbox 2143 1040 3727 1120">
     <span class='ocr_line' id='line_1_50' title="bbox 2143 1040 3727 1120; baseline -0.008 -16"><span class='ocrx_word' id='word_1_319' title='bbox 2143 1052 2368 1120; x_wconf 78' lang='grc' dir='ltr'>λογάδες</span> <span class='ocrx_word' id='word_1_320' title='bbox 2416 1047 2508 1103; x_wconf 55' lang='grc' dir='ltr'>ιιι</span> <span class='ocrx_word' id='word_1_321' title='bbox 2560 1048 2621 1114; x_wconf 81' lang='grc' dir='ltr'><strong>ἐξ</strong></span> <span class='ocrx_word' id='word_1_322' title='bbox 2665 1047 2866 1113; x_wconf 74' lang='grc' dir='ltr'>αὐτῶν,</span> <span class='ocrx_word' id='word_1_323' title='bbox 2901 1047 2995 1099; x_wconf 76' lang='grc' dir='ltr'><strong>καὶ</strong></span> <span class='ocrx_word' id='word_1_324' title='bbox 3037 1043 3309 1106; x_wconf 76' lang='grc' dir='ltr'>πολλάκις</span> <span class='ocrx_word' id='word_1_325' title='bbox 3373 1043 3514 1095; x_wconf 86' lang='grc' dir='ltr'>τόσοι</span> <span class='ocrx_word' id='word_1_326' title='bbox 3550 1040 3727 1092; x_wconf 80' lang='grc' dir='ltr'>ἐπιθέ-</span> 
     </span>
    </p>
   </div>
   <div class='ocr_carea' id='block_1_51' title="bbox 2146 1134 3725 1214">
    <p class='ocr_par' dir='ltr' id='par_1_51' title="bbox 2146 1134 3725 1214">
     <span class='ocr_line' id='line_1_51' title="bbox 2146 1134 3725 1214; baseline -0.009 -16"><span class='ocrx_word' id='word_1_327' title='bbox 2146 1162 2343 1214; x_wconf 81' lang='grc' dir='ltr'>μενοι,</span> <span class='ocrx_word' id='word_1_328' title='bbox 2388 1145 2448 1195; x_wconf 87' lang='grc' dir='ltr'><strong>ἐν</strong></span> <span class='ocrx_word' id='word_1_329' title='bbox 2485 1143 2607 1212; x_wconf 83' lang='grc' dir='ltr'>χρῷ</span> <span class='ocrx_word' id='word_1_330' title='bbox 2657 1143 3003 1209; x_wconf 76' lang='grc' dir='ltr'><strong>κατέστησαν</strong></span> <span class='ocrx_word' id='word_1_331' title='bbox 3061 1134 3296 1198; x_wconf 81' lang='grc' dir='ltr'>αύτοὺς’</span> <span class='ocrx_word' id='word_1_332' title='bbox 3314 1134 3600 1188; x_wconf 83' lang='grc' dir='ltr'>κινδύνου.</span> <span class='ocrx_word' id='word_1_333' title='bbox 3640 1136 3725 1185; x_wconf 91' lang='grc' dir='ltr'><strong>Δο-</strong></span> 
     </span>
    </p>
   </div>
   <div class='ocr_carea' id='block_1_52' title="bbox 2149 1227 3726 1311">
    <p class='ocr_par' dir='ltr' id='par_1_52' title="bbox 2149 1227 3726 1311">
     <span class='ocr_line' id='line_1_52' title="bbox 2149 1227 3726 1311; baseline -0.011 -18"><span class='ocrx_word' id='word_1_334' title='bbox 2149 1238 2406 1311; x_wconf 83' lang='grc' dir='ltr'>μέστικός</span> <span class='ocrx_word' id='word_1_335' title='bbox 2442 1255 2500 1290; x_wconf 88' lang='grc' dir='ltr'><strong>τε</strong></span> <span class='ocrx_word' id='word_1_336' title='bbox 2538 1236 2650 1306; x_wconf 91' lang='grc' dir='ltr'><strong>γάρ</strong></span> <span class='ocrx_word' id='word_1_337' title='bbox 2684 1237 2713 1288; x_wconf 85' lang='grc' dir='ltr'><strong>ό</strong></span> <span class='ocrx_word' id='word_1_338' title='bbox 2756 1238 2932 1304; x_wconf 81' lang='grc' dir='ltr'>μέγας</span> <span class='ocrx_word' id='word_1_339' title='bbox 2971 1232 3067 1284; x_wconf 79' lang='grc' dir='ltr'><strong>τοῦ</strong></span> <span class='ocrx_word' id='word_1_340' title='bbox 3107 1231 3284 1283; x_wconf 79' lang='grc' dir='ltr'>ἵππου</span> <span class='ocrx_word' id='word_1_341' title='bbox 3333 1227 3491 1298; x_wconf 77' lang='grc' dir='ltr'>αὐτῷ</span> <span class='ocrx_word' id='word_1_342' title='bbox 3522 1228 3582 1279; x_wconf 87' lang='grc' dir='ltr'><strong>ἐν</strong></span> <span class='ocrx_word' id='word_1_343' title='bbox 3613 1227 3726 1286; x_wconf 79' lang='grc' dir='ltr'>ταῖς</span> 
     </span>
    </p>
   </div>
   <div class='ocr_carea' id='block_1_53' title="bbox 2145 1315 3724 1399">
    <p class='ocr_par' dir='ltr' id='par_1_53' title="bbox 2145 1315 3724 1399">
     <span class='ocr_line' id='line_1_53' title="bbox 2145 1315 3724 1399; baseline -0.01 -16"><span class='ocrx_word' id='word_1_344' title='bbox 2145 1331 2437 1399; x_wconf 73' lang='grc' dir='ltr'><strong>ἐκδρομαῖς</strong></span> <span class='ocrx_word' id='word_1_345' title='bbox 2510 1327 2606 1381; x_wconf 76' lang='grc' dir='ltr'>καὶ</span> <span class='ocrx_word' id='word_1_346' title='bbox 2675 1327 3044 1396; x_wconf 66' lang='grc' dir='ltr'><strong>ἀναστροφαῖς</strong></span> <span class='ocrx_word' id='word_1_347' title='bbox 3121 1321 3396 1382; x_wconf 80' lang='grc' dir='ltr'><strong>πεσόντος</strong></span> <span class='ocrx_word' id='word_1_348' title='bbox 3445 1357 3463 1383; x_wconf 88' lang='grc'><strong>,</strong></span> <span class='ocrx_word' id='word_1_349' title='bbox 3536 1315 3724 1386; x_wconf 81' lang='grc' dir='ltr'><strong>μικροῦ</strong></span> 
     </span>
    </p>
   </div>
   <div class='ocr_carea' id='block_1_54' title="bbox 2151 1408 3723 1490">
    <p class='ocr_par' dir='ltr' id='par_1_54' title="bbox 2151 1408 3723 1490">
     <span class='ocr_line' id='line_1_54' title="bbox 2151 1408 3723 1490; baseline -0.011 -14"><span class='ocrx_word' id='word_1_350' title='bbox 2151 1423 2372 1490; x_wconf 77' lang='grc' dir='ltr'><strong>ἐδέησεν</strong></span> <span class='ocrx_word' id='word_1_351' title='bbox 2414 1421 2742 1483; x_wconf 83' lang='grc' dir='ltr'>ἀποθανεῖν,</span> <span class='ocrx_word' id='word_1_352' title='bbox 2800 1420 2849 1471; x_wconf 79' lang='grc' dir='ltr'>εἰ</span> <span class='ocrx_word' id='word_1_353' title='bbox 2913 1417 2988 1487; x_wconf 79' lang='grc' dir='ltr'>μὴ</span> <span class='ocrx_word' id='word_1_354' title='bbox 3048 1414 3327 1487; x_wconf 80' lang='grc' dir='ltr'>βασιλέως</span> <span class='ocrx_word' id='word_1_355' title='bbox 3365 1412 3464 1465; x_wconf 71' lang='grc' dir='ltr'><strong>καὶ</strong></span> <span class='ocrx_word' id='word_1_356' title='bbox 3498 1409 3601 1463; x_wconf 82' lang='grc' dir='ltr'>τῶν</span> <span class='ocrx_word' id='word_1_357' title='bbox 3635 1408 3723 1463; x_wconf 78' lang='grc' dir='ltr'>ἀλ·</span> 
     </span>
    </p>
   </div>
   <div class='ocr_carea' id='block_1_55' title="bbox 2146 1499 3727 1585">
    <p class='ocr_par' dir='ltr' id='par_1_55' title="bbox 2146 1499 3727 1585">
     <span class='ocr_line' id='line_1_55' title="bbox 2146 1499 3727 1585; baseline -0.013 -15"><span class='ocrx_word' id='word_1_358' title='bbox 2146 1516 2256 1570; x_wconf 71' lang='grc' dir='ltr'><strong>λων</strong></span> <span class='ocrx_word' id='word_1_359' title='bbox 2331 1515 2707 1585; x_wconf 80' lang='grc' dir='ltr'>περιστάντων</span> <span class='ocrx_word' id='word_1_360' title='bbox 2787 1511 2876 1579; x_wconf 81' lang='grc' dir='ltr'>ἐφ’</span> <span class='ocrx_word' id='word_1_361' title='bbox 2958 1511 3146 1578; x_wconf 74' lang='grc' dir='ltr'>ἕτερον</span> <span class='ocrx_word' id='word_1_362' title='bbox 3220 1505 3564 1576; x_wconf 83' lang='grc' dir='ltr'>ἀνηνέχθη.</span> <span class='ocrx_word' id='word_1_363' title='bbox 3625 1499 3727 1555; x_wconf 75' lang='grc' dir='ltr'>Καὶ</span> 
     </span>
    </p>
   </div>
   <div class='ocr_carea' id='block_1_56' title="bbox 2148 1599 3727 1678">
    <p class='ocr_par' dir='ltr' id='par_1_56' title="bbox 2148 1599 3727 1678">
     <span class='ocr_line' id='line_1_56' title="bbox 2148 1599 3727 1678; baseline -0.011 -14"><span class='ocrx_word' id='word_1_364' title='bbox 2148 1612 2240 1664; x_wconf 81' lang='grc' dir='ltr'>τὸν</span> <span class='ocrx_word' id='word_1_365' title='bbox 2301 1608 2565 1678; x_wconf 88' lang='grc' dir='ltr'>βασιλέως</span> <span class='ocrx_word' id='word_1_366' title='bbox 2599 1607 2767 1660; x_wconf 81' lang='grc' dir='ltr'>ἰππον</span> <span class='ocrx_word' id='word_1_367' title='bbox 2819 1605 3064 1675; x_wconf 75' lang='grc' dir='ltr'><strong>ἔτρωσαν</strong></span> <span class='ocrx_word' id='word_1_368' title='bbox 3127 1603 3230 1672; x_wconf 73' lang='grc' dir='ltr'><strong>μὲν</strong></span> <span class='ocrx_word' id='word_1_369' title='bbox 3277 1599 3570 1670; x_wconf 80' lang='grc' dir='ltr'>τραύμασι</span> <span class='ocrx_word' id='word_1_370' title='bbox 3618 1611 3727 1648; x_wconf 72' lang='lat' dir='ltr'><strong>xci-</strong></span> 
     </span>
    </p>
   </div>
   <div class='ocr_carea' id='block_1_57' title="bbox 2150 1688 3725 1772">
    <p class='ocr_par' dir='ltr' id='par_1_57' title="bbox 2150 1688 3725 1772">
     <span class='ocr_line' id='line_1_57' title="bbox 2150 1688 3725 1772; baseline -0.007 -20"><span class='ocrx_word' id='word_1_371' title='bbox 2150 1703 2313 1772; x_wconf 82' lang='grc' dir='ltr'>ρίοις,</span> <span class='ocrx_word' id='word_1_372' title='bbox 2356 1703 2597 1770; x_wconf 72' lang='grc' dir='ltr'>ἐπέζησε</span> <span class='ocrx_word' id='word_1_373' title='bbox 2631 1700 2688 1753; x_wconf 86' lang='grc' dir='ltr'><strong>δέ</strong></span> <span class='ocrx_word' id='word_1_374' title='bbox 2743 1701 2869 1753; x_wconf 84' lang='grc' dir='ltr'>ὅσον</span> <span class='ocrx_word' id='word_1_375' title='bbox 2901 1696 3214 1761; x_wconf 79' lang='grc' dir='ltr'>ἀπαλλάξαι</span> <span class='ocrx_word' id='word_1_376' title='bbox 3266 1690 3389 1748; x_wconf 83' lang='grc' dir='ltr'>τῶν</span> <span class='ocrx_word' id='word_1_377' title='bbox 3420 1688 3725 1762; x_wconf 76' lang='grc' dir='ltr'>βαρϐάρων.</span> 
     </span>
    </p>
   </div>
   <div class='ocr_carea' id='block_1_58' title="bbox 2163 1783 3726 1866">
    <p class='ocr_par' dir='ltr' id='par_1_58' title="bbox 2163 1783 3726 1866">
     <span class='ocr_line' id='line_1_58' title="bbox 2163 1783 3726 1866; baseline -0.01 -17"><span class='ocrx_word' id='word_1_378' title='bbox 2163 1795 2414 1866; x_wconf 75' lang='grc' dir='ltr'>Ἐτρὼθη</span> <span class='ocrx_word' id='word_1_379' title='bbox 2445 1795 2504 1849; x_wconf 83' lang='grc' dir='ltr'>δὲ</span> <span class='ocrx_word' id='word_1_380' title='bbox 2538 1796 2636 1847; x_wconf 79' lang='grc' dir='ltr'>καὶ</span> <span class='ocrx_word' id='word_1_381' title='bbox 2684 1797 2712 1847; x_wconf 84' lang='grc' dir='ltr'><strong>ό</strong></span> <span class='ocrx_word' id='word_1_382' title='bbox 2743 1791 3000 1862; x_wconf 75' lang='grc' dir='ltr'>βασιλεὺς</span> <span class='ocrx_word' id='word_1_383' title='bbox 3039 1790 3190 1859; x_wconf 75' lang='grc' dir='ltr'>βέλει</span> <span class='ocrx_word' id='word_1_384' title='bbox 3232 1787 3333 1840; x_wconf 77' lang='grc' dir='ltr'>τὸν</span> <span class='ocrx_word' id='word_1_385' title='bbox 3365 1783 3569 1856; x_wconf 71' lang='grc' dir='ltr'>μηρὸν,</span> <span class='ocrx_word' id='word_1_386' title='bbox 3599 1783 3726 1848; x_wconf 85' lang='grc' dir='ltr'>ἀγαν</span> 
     </span>
    </p>
   </div>
   <div class='ocr_carea' id='block_1_59' title="bbox 2157 1870 3725 1958">
    <p class='ocr_par' dir='ltr' id='par_1_59' title="bbox 2157 1870 3725 1958">
     <span class='ocr_line' id='line_1_59' title="bbox 2157 1870 3725 1958; baseline -0.011 -17"><span class='ocrx_word' id='word_1_387' title='bbox 2157 1887 2410 1958; x_wconf 73' lang='grc' dir='ltr'>εὐψύχως</span> <span class='ocrx_word' id='word_1_388' title='bbox 2469 1887 2784 1958; x_wconf 86' lang='grc' dir='ltr'>μαχόμενος</span> <span class='ocrx_word' id='word_1_389' title='bbox 2831 1887 2947 1947; x_wconf 83' lang='grc' dir='ltr'>τοῖς</span> <span class='ocrx_word' id='word_1_390' title='bbox 2993 1880 3346 1954; x_wconf 76' lang='grc' dir='ltr'>βαρϐάροις·</span> <span class='ocrx_word' id='word_1_391' title='bbox 3405 1877 3505 1931; x_wconf 77' lang='grc' dir='ltr'><strong>καὶ</strong></span> <span class='ocrx_word' id='word_1_392' title='bbox 3554 1870 3725 1942; x_wconf 77' lang='grc' dir='ltr'>διῆλθε</span> 
     </span>
    </p>
   </div>
   <div class='ocr_carea' id='block_1_60' title="bbox 2153 1961 3725 2046">
    <p class='ocr_par' dir='ltr' id='par_1_60' title="bbox 2153 1961 3725 2046">
     <span class='ocr_line' id='line_1_60' title="bbox 2153 1961 3725 2046; baseline -0.008 -18"><span class='ocrx_word' id='word_1_393' title='bbox 2153 1975 2216 2029; x_wconf 81' lang='grc' dir='ltr'>τὸ</span> <span class='ocrx_word' id='word_1_394' title='bbox 2244 1977 2398 2046; x_wconf 82' lang='grc' dir='ltr'>βέλος</span> <span class='ocrx_word' id='word_1_395' title='bbox 2426 1976 2746 2046; x_wconf 84' lang='grc' dir='ltr'>ἀμφοτέρας</span> <span class='ocrx_word' id='word_1_396' title='bbox 2778 1974 2876 2037; x_wconf 78' lang='grc' dir='ltr'>τὰς</span> <span class='ocrx_word' id='word_1_397' title='bbox 2909 1972 3265 2042; x_wconf 85' lang='grc' dir='ltr'>ἐπιφανείας.</span> <span class='ocrx_word' id='word_1_398' title='bbox 3297 1967 3569 2022; x_wconf 79' lang='grc' dir='ltr'>Κίνδυνον</span> <span class='ocrx_word' id='word_1_399' title='bbox 3596 1964 3649 2018; x_wconf 80' lang='grc' dir='ltr'><strong>δέ</strong></span> <span class='ocrx_word' id='word_1_400' title='bbox 3673 1961 3725 2014; x_wconf 63' lang='lat' dir='ltr'><strong>rb</strong></span> 
     </span>
    </p>
   </div>
   <div class='ocr_carea' id='block_1_61' title="bbox 2153 2055 3725 2140">
    <p class='ocr_par' dir='ltr' id='par_1_61' title="bbox 2153 2055 3725 2140">
     <span class='ocr_line' id='line_1_61' title="bbox 2153 2055 3725 2140; baseline -0.003 -18"><span class='ocrx_word' id='word_1_401' title='bbox 2153 2069 2379 2140; x_wconf 82' lang='grc' dir='ltr'>τραῦμα</span> <span class='ocrx_word' id='word_1_402' title='bbox 2429 2069 2622 2122; x_wconf 78' lang='grc' dir='ltr'>οὐδένα</span> <span class='ocrx_word' id='word_1_403' title='bbox 2672 2065 2922 2133; x_wconf 80' lang='grc' dir='ltr'>ὑπενόει,</span> <span class='ocrx_word' id='word_1_404' title='bbox 2977 2062 3118 2118; x_wconf 85' lang='grc' dir='ltr'><strong>ἀλλά</strong></span> <span class='ocrx_word' id='word_1_405' title='bbox 3173 2060 3323 2133; x_wconf 86' lang='grc' dir='ltr'><strong>μετά</strong></span> <span class='ocrx_word' id='word_1_406' title='bbox 3373 2060 3612 2128; x_wconf 75' lang='grc' dir='ltr'>δεκάτην</span> <span class='ocrx_word' id='word_1_407' title='bbox 3640 2055 3725 2125; x_wconf 79' lang='grc' dir='ltr'><strong>τῆς</strong></span> 
     </span>
    </p>
   </div>
   <div class='ocr_carea' id='block_1_62' title="bbox 2156 2144 3725 2228">
    <p class='ocr_par' dir='ltr' id='par_1_62' title="bbox 2156 2144 3725 2228">
     <span class='ocr_line' id='line_1_62' title="bbox 2156 2144 3725 2228; baseline -0.01 -18"><span class='ocrx_word' id='word_1_408' title='bbox 2156 2157 2378 2227; x_wconf 82' lang='grc' dir='ltr'>πληγῆς</span> <span class='ocrx_word' id='word_1_409' title='bbox 2411 2158 2625 2228; x_wconf 80' lang='grc' dir='ltr'>ἡμέραν</span> <span class='ocrx_word' id='word_1_410' title='bbox 2669 2151 2831 2217; x_wconf 82' lang='grc' dir='ltr'>αὖθις</span> <span class='ocrx_word' id='word_1_411' title='bbox 2853 2153 3014 2224; x_wconf 75' lang='grc' dir='ltr'>ὑγιὴς</span> <span class='ocrx_word' id='word_1_412' title='bbox 3045 2147 3138 2224; x_wconf 76' lang='grc' dir='ltr'>ἦν,</span> <span class='ocrx_word' id='word_1_413' title='bbox 3172 2151 3254 2214; x_wconf 84' lang='grc' dir='ltr'>ὡς</span> <span class='ocrx_word' id='word_1_414' title='bbox 3282 2149 3355 2203; x_wconf 85' lang='grc' dir='ltr'><strong>ἀν</strong></span> <span class='ocrx_word' id='word_1_415' title='bbox 3384 2149 3436 2201; x_wconf 85' lang='grc' dir='ltr'><strong>εί</strong></span> <span class='ocrx_word' id='word_1_416' title='bbox 3485 2145 3618 2217; x_wconf 81' lang='grc' dir='ltr'>μηδὲ</span> <span class='ocrx_word' id='word_1_417' title='bbox 3642 2144 3725 2212; x_wconf 78' lang='grc' dir='ltr'>τὴν</span> 
     </span>
    </p>
   </div>
   <div class='ocr_carea' id='block_1_63' title="bbox 2159 2238 3728 2319">
    <p class='ocr_par' dir='ltr' id='par_1_63' title="bbox 2159 2238 3728 2319">
     <span class='ocr_line' id='line_1_63' title="bbox 2159 2238 3728 2319; baseline -0.011 -15"><span class='ocrx_word' id='word_1_418' title='bbox 2159 2250 2337 2319; x_wconf 77' lang='grc' dir='ltr'>ἀρχὴν</span> <span class='ocrx_word' id='word_1_419' title='bbox 2365 2247 2606 2318; x_wconf 85' lang='grc' dir='ltr'>ἐτρώθη.</span> <span class='ocrx_word' id='word_1_420' title='bbox 2638 2245 2785 2317; x_wconf 78' lang='grc' dir='ltr'>Πλὴν</span> <span class='ocrx_word' id='word_1_421' title='bbox 2815 2243 3070 2314; x_wconf 77' lang='grc' dir='ltr'>εὐψύχως</span> <span class='ocrx_word' id='word_1_422' title='bbox 3111 2241 3207 2295; x_wconf 78' lang='grc' dir='ltr'>καὶ</span> <span class='ocrx_word' id='word_1_423' title='bbox 3239 2240 3516 2310; x_wconf 78' lang='grc' dir='ltr'>γενναίως</span> <span class='ocrx_word' id='word_1_424' title='bbox 3543 2238 3728 2304; x_wconf 81' lang='grc' dir='ltr'>ἀγωνι-</span> 
     </span>
    </p>
   </div>
   <div class='ocr_carea' id='block_1_64' title="bbox 2161 2333 3728 2412">
    <p class='ocr_par' dir='ltr' id='par_1_64' title="bbox 2161 2333 3728 2412">
     <span class='ocr_line' id='line_1_64' title="bbox 2161 2333 3728 2412; baseline -0.011 -16"><span class='ocrx_word' id='word_1_425' title='bbox 2161 2343 2414 2412; x_wconf 86' lang='grc' dir='ltr'>σάμενοι,</span> <span class='ocrx_word' id='word_1_426' title='bbox 2462 2339 2556 2394; x_wconf 83' lang='grc' dir='ltr'><strong>καὶ</strong></span> <span class='ocrx_word' id='word_1_427' title='bbox 2599 2338 2940 2410; x_wconf 75' lang='grc' dir='ltr'>βαρϐάρους,</span> <span class='ocrx_word' id='word_1_428' title='bbox 2972 2336 3191 2403; x_wconf 80' lang='grc' dir='ltr'>ὀλίγους</span> <span class='ocrx_word' id='word_1_429' title='bbox 3235 2335 3364 2405; x_wconf 73' lang='grc' dir='ltr'>μὲν,</span> <span class='ocrx_word' id='word_1_430' title='bbox 3411 2333 3522 2385; x_wconf 85' lang='grc' dir='ltr'><strong>τῶν</strong></span> <span class='ocrx_word' id='word_1_431' title='bbox 3550 2333 3728 2396; x_wconf 74' lang='grc' dir='ltr'>ἐπιφα-</span> 
     </span>
    </p>
   </div>
   <div class='ocr_carea' id='block_1_65' title="bbox 2161 2419 3730 2497">
    <p class='ocr_par' dir='ltr' id='par_1_65' title="bbox 2161 2419 3730 2497">
     <span class='ocr_line' id='line_1_65' title="bbox 2161 2419 3730 2497; baseline -0.011 -10"><span class='ocrx_word' id='word_1_432' title='bbox 2161 2435 2270 2488; x_wconf 82' lang='grc' dir='ltr'>νῶν</span> <span class='ocrx_word' id='word_1_433' title='bbox 2297 2435 2354 2487; x_wconf 83' lang='grc' dir='ltr'>δὲ</span> <span class='ocrx_word' id='word_1_434' title='bbox 2383 2433 2693 2497; x_wconf 86' lang='grc' dir='ltr'>ἀνελόντες,</span> <span class='ocrx_word' id='word_1_435' title='bbox 2727 2431 2822 2484; x_wconf 78' lang='grc' dir='ltr'>καὶ</span> <span class='ocrx_word' id='word_1_436' title='bbox 2843 2428 3198 2489; x_wconf 81' lang='grc' dir='ltr'>διαλυθέντες</span> <span class='ocrx_word' id='word_1_437' title='bbox 3235 2427 3334 2481; x_wconf 84' lang='grc' dir='ltr'>ἀπ’</span> <span class='ocrx_word' id='word_1_438' title='bbox 3376 2421 3641 2491; x_wconf 76' lang='grc' dir='ltr'>ἀλλήλων,</span> <span class='ocrx_word' id='word_1_439' title='bbox 3689 2419 3730 2470; x_wconf 82' lang='lat' dir='ltr'><strong>oi</strong></span> 
     </span>
    </p>
   </div>
   <div class='ocr_carea' id='block_1_66' title="bbox 2167 2512 3732 2596">
    <p class='ocr_par' dir='ltr' id='par_1_66' title="bbox 2167 2512 3732 2596">
     <span class='ocr_line' id='line_1_66' title="bbox 2167 2512 3732 2596; baseline -0.01 -17"><span class='ocrx_word' id='word_1_440' title='bbox 2167 2525 2267 2596; x_wconf 87' lang='grc' dir='ltr'><strong>μέν</strong></span> <span class='ocrx_word' id='word_1_441' title='bbox 2296 2525 2660 2578; x_wconf 74' lang='grc' dir='ltr'>ἀπελείποντο</span> <span class='ocrx_word' id='word_1_442' title='bbox 2686 2523 2884 2588; x_wconf 88' lang='grc' dir='ltr'>ὀπίσω,</span> <span class='ocrx_word' id='word_1_443' title='bbox 2918 2522 3111 2587; x_wconf 77' lang='grc' dir='ltr'>ὥσπερ</span> <span class='ocrx_word' id='word_1_444' title='bbox 3137 2537 3212 2572; x_wconf 86' lang='grc' dir='ltr'><strong>πυ</strong></span> <span class='ocrx_word' id='word_1_445' title='bbox 3224 2520 3321 2592; x_wconf 76' lang='grc' dir='ltr'><strong>ρδς</strong></span> <span class='ocrx_word' id='word_1_446' title='bbox 3345 2512 3732 2590; x_wconf 76' lang='grc' dir='ltr'>τῆςῬωμαίων</span> 
     </span>
    </p>
   </div>
   <div class='ocr_carea' id='block_1_67' title="bbox 2164 2609 3732 2685">
    <p class='ocr_par' dir='ltr' id='par_1_67' title="bbox 2164 2609 3732 2685">
     <span class='ocr_line' id='line_1_67' title="bbox 2164 2609 3732 2685; baseline -0.004 -17"><span class='ocrx_word' id='word_1_447' title='bbox 2164 2616 2500 2685; x_wconf 80' lang='grc' dir='ltr'>ἀπεχόμενοι</span> <span class='ocrx_word' id='word_1_448' title='bbox 2541 2616 2824 2685; x_wconf 82' lang='grc' dir='ltr'>στρατιᾶς,</span> <span class='ocrx_word' id='word_1_449' title='bbox 2869 2617 2963 2667; x_wconf 71' lang='grc' dir='ltr'><strong>καὶ</strong></span> <span class='ocrx_word' id='word_1_450' title='bbox 3006 2613 3134 2682; x_wconf 79' lang='grc' dir='ltr'>μηδ’</span> <span class='ocrx_word' id='word_1_451' title='bbox 3159 2613 3339 2680; x_wconf 79' lang='grc' dir='ltr'>ἐγγὺς</span> <span class='ocrx_word' id='word_1_452' title='bbox 3384 2609 3732 2678; x_wconf 78' lang='grc' dir='ltr'>ὑπομένοντες</span> 
     </span>
    </p>
   </div>
   <div class='ocr_carea' id='block_1_68' title="bbox 2166 2692 3730 2772">
    <p class='ocr_par' dir='ltr' id='par_1_68' title="bbox 2166 2692 3730 2772">
     <span class='ocr_line' id='line_1_68' title="bbox 2166 2692 3730 2772; baseline -0.008 -15"><span class='ocrx_word' id='word_1_453' title='bbox 2166 2703 2444 2772; x_wconf 86' lang='grc' dir='ltr'>γενέσθαι.</span> <span class='ocrx_word' id='word_1_454' title='bbox 2474 2703 2740 2764; x_wconf 80' lang='grc' dir='ltr'>Βασιλεὺς</span> <span class='ocrx_word' id='word_1_455' title='bbox 2771 2703 2828 2754; x_wconf 85' lang='grc' dir='ltr'><strong>δέ</strong></span> <span class='ocrx_word' id='word_1_456' title='bbox 2855 2702 2952 2755; x_wconf 71' lang='grc' dir='ltr'>καὶ</span> <span class='ocrx_word' id='word_1_457' title='bbox 2979 2702 3028 2754; x_wconf 78' lang='lat' dir='ltr'><strong>oi</strong></span> <span class='ocrx_word' id='word_1_458' title='bbox 3057 2697 3194 2769; x_wconf 81' lang='grc' dir='ltr'>ἀμφ’</span> <span class='ocrx_word' id='word_1_459' title='bbox 3247 2698 3444 2760; x_wconf 81' lang='grc' dir='ltr'>αὑτὸν,</span> <span class='ocrx_word' id='word_1_460' title='bbox 3470 2692 3730 2764; x_wconf 77' lang='grc' dir='ltr'>ἐνοχλοῦν·</span> 
     </span>
    </p>
   </div>
   <div class='ocr_carea' id='block_1_69' title="bbox 2166 2780 3732 2864">
    <p class='ocr_par' dir='ltr' id='par_1_69' title="bbox 2166 2780 3732 2864">
     <span class='ocr_line' id='line_1_69' title="bbox 2166 2780 3732 2864; baseline -0.017 -6"><span class='ocrx_word' id='word_1_461' title='bbox 2166 2811 2258 2858; x_wconf 81' lang='grc' dir='ltr'>τος</span> <span class='ocrx_word' id='word_1_462' title='bbox 2308 2793 2561 2864; x_wconf 75' lang='grc' dir='ltr'>μηδενὸς,</span> <span class='ocrx_word' id='word_1_463' title='bbox 2620 2791 2756 2862; x_wconf 79' lang='grc' dir='ltr'>πρὸς</span> <span class='ocrx_word' id='word_1_464' title='bbox 2811 2791 2873 2844; x_wconf 77' lang='grc' dir='ltr'><strong>τὸ</strong></span> <span class='ocrx_word' id='word_1_465' title='bbox 2928 2790 3254 2858; x_wconf 79' lang='grc' dir='ltr'>στράτευμα</span> <span class='ocrx_word' id='word_1_466' title='bbox 3301 2788 3607 2856; x_wconf 84' lang='grc' dir='ltr'>γενόμενοι,</span> <span class='ocrx_word' id='word_1_467' title='bbox 3647 2780 3732 2850; x_wconf 80' lang='grc' dir='ltr'>τὴν</span> 
     </span>
    </p>
   </div>
   <div class='ocr_carea' id='block_1_70' title="bbox 2168 2875 3725 2956">
    <p class='ocr_par' dir='ltr' id='par_1_70' title="bbox 2168 2875 3725 2956">
     <span class='ocr_line' id='line_1_70' title="bbox 2168 2875 3725 2956; baseline -0.008 -16"><span class='ocrx_word' id='word_1_468' title='bbox 2168 2887 2262 2940; x_wconf 82' lang='grc' dir='ltr'>ἐπὶ</span> <span class='ocrx_word' id='word_1_469' title='bbox 2301 2887 2360 2939; x_wconf 76' lang='grc' dir='ltr'>τὸ</span> <span class='ocrx_word' id='word_1_470' title='bbox 2391 2885 2758 2956; x_wconf 89' lang='grc' dir='ltr'>στρατόπεδον</span> <span class='ocrx_word' id='word_1_471' title='bbox 2793 2881 3058 2952; x_wconf 84' lang='grc' dir='ltr'>ἐχώρουν.</span> <span class='ocrx_word' id='word_1_472' title='bbox 3097 2879 3550 2938; x_wconf 78' lang='grc' dir='ltr'>Σεϐαστόπουλος</span> <span class='ocrx_word' id='word_1_473' title='bbox 3571 2875 3624 2928; x_wconf 84' lang='grc' dir='ltr'><strong>δέ</strong></span> <span class='ocrx_word' id='word_1_474' title='bbox 3656 2887 3725 2934; x_wconf 79' lang='grc' dir='ltr'><strong>τις</strong></span> 
     </span>
    </p>
   </div>
   <div class='ocr_carea' id='block_1_71' title="bbox 2167 2964 3730 3043">
    <p class='ocr_par' dir='ltr' id='par_1_71' title="bbox 2167 2964 3730 3043">
     <span class='ocr_line' id='line_1_71' title="bbox 2167 2964 3730 3043; baseline -0.01 -13"><span class='ocrx_word' id='word_1_475' title='bbox 2167 2976 2278 3030; x_wconf 86' lang='grc' dir='ltr'>τῶν</span> <span class='ocrx_word' id='word_1_476' title='bbox 2324 2975 2782 3043; x_wconf 84' lang='grc' dir='ltr'>ὑποτεταγμένων</span> <span class='ocrx_word' id='word_1_477' title='bbox 2833 2972 3066 3042; x_wconf 82' lang='grc' dir='ltr'>βασιλεῖ,</span> <span class='ocrx_word' id='word_1_478' title='bbox 3115 2973 3176 3025; x_wconf 71' lang='grc' dir='ltr'><strong>τδ</strong></span> <span class='ocrx_word' id='word_1_479' title='bbox 3209 2971 3382 3040; x_wconf 82' lang='grc' dir='ltr'>γένος</span> <span class='ocrx_word' id='word_1_480' title='bbox 3415 2969 3512 3040; x_wconf 80' lang='grc' dir='ltr'>μὲν</span> <span class='ocrx_word' id='word_1_481' title='bbox 3543 2964 3730 3024; x_wconf 77' lang='grc' dir='ltr'>Μυσὸς,</span> 
     </span>
    </p>
   </div>
   <div class='ocr_carea' id='block_1_72' title="bbox 2169 3056 3728 3142">
    <p class='ocr_par' dir='ltr' id='par_1_72' title="bbox 2169 3056 3728 3142">
     <span class='ocr_line' id='line_1_72' title="bbox 2169 3056 3728 3142; baseline -0.01 -18"><span class='ocrx_word' id='word_1_482' title='bbox 2169 3071 2502 3142; x_wconf 83' lang='grc' dir='ltr'>τριακοσίων</span> <span class='ocrx_word' id='word_1_483' title='bbox 2535 3069 2594 3121; x_wconf 73' lang='grc' dir='ltr'>δὲ</span> <span class='ocrx_word' id='word_1_484' title='bbox 2640 3069 2825 3138; x_wconf 79' lang='grc' dir='ltr'>ἄρχων</span> <span class='ocrx_word' id='word_1_485' title='bbox 2857 3064 3237 3137; x_wconf 81' lang='grc' dir='ltr'>στρατιωτῶν,</span> <span class='ocrx_word' id='word_1_486' title='bbox 3285 3065 3347 3117; x_wconf 82' lang='grc' dir='ltr'><strong>ού</strong></span> <span class='ocrx_word' id='word_1_487' title='bbox 3382 3064 3524 3117; x_wconf 82' lang='grc' dir='ltr'>πάνυ</span> <span class='ocrx_word' id='word_1_488' title='bbox 3578 3056 3728 3113; x_wconf 78' lang='grc' dir='ltr'>ὠπλι-</span> 
     </span>
    </p>
   </div>
   <div class='ocr_carea' id='block_1_73' title="bbox 2094 3147 3730 3260">
    <p class='ocr_par' dir='ltr' id='par_1_73' title="bbox 2094 3147 3730 3260">
     <span class='ocr_line' id='line_1_73' title="bbox 2094 3147 3730 3260; baseline -0.009 -43"><span class='ocrx_word' id='word_1_489' title='bbox 2094 3201 2138 3260; x_wconf 73' lang='lat' dir='ltr'>C</span> <span class='ocrx_word' id='word_1_490' title='bbox 2173 3163 2411 3234; x_wconf 85' lang='grc' dir='ltr'>σμένων,</span> <span class='ocrx_word' id='word_1_491' title='bbox 2434 3161 2558 3214; x_wconf 79' lang='grc' dir='ltr'><strong>ούδέ</strong></span> <span class='ocrx_word' id='word_1_492' title='bbox 2593 3160 2783 3222; x_wconf 80' lang='grc' dir='ltr'>ἵπποις</span> <span class='ocrx_word' id='word_1_493' title='bbox 2821 3158 3124 3229; x_wconf 81' lang='grc' dir='ltr'>χρωμένων</span> <span class='ocrx_word' id='word_1_494' title='bbox 3175 3156 3436 3225; x_wconf 81' lang='grc' dir='ltr'>ἀγαθοῖς,</span> <span class='ocrx_word' id='word_1_495' title='bbox 3466 3153 3619 3260; x_wconf 35' lang='grc' dir='ltr'>ἀλλά,</span> <span class='ocrx_word' id='word_1_496' title='bbox 3646 3147 3730 3216; x_wconf 81' lang='grc' dir='ltr'>τὴν</span> 
     </span>
    </p>
   </div>
   <div class='ocr_carea' id='block_1_74' title="bbox 2169 3245 3728 3327">
    <p class='ocr_par' dir='ltr' id='par_1_74' title="bbox 2169 3245 3728 3327">
     <span class='ocr_line' id='line_1_74' title="bbox 2169 3245 3728 3327; baseline -0.01 -18"><span class='ocrx_word' id='word_1_497' title='bbox 2169 3259 2407 3327; x_wconf 84' lang='grc' dir='ltr'>ἐσχάτην</span> <span class='ocrx_word' id='word_1_498' title='bbox 2442 3253 2628 3326; x_wconf 84' lang='grc' dir='ltr'>χώραν</span> <span class='ocrx_word' id='word_1_499' title='bbox 2668 3253 2979 3322; x_wconf 87' lang='grc' dir='ltr'>ἐπεχόντων</span> <span class='ocrx_word' id='word_1_500' title='bbox 3026 3255 3084 3305; x_wconf 89' lang='grc' dir='ltr'><strong>ἐν</strong></span> <span class='ocrx_word' id='word_1_501' title='bbox 3133 3247 3203 3322; x_wconf 79' lang='grc' dir='ltr'>τῇ</span> <span class='ocrx_word' id='word_1_502' title='bbox 3243 3251 3501 3320; x_wconf 79' lang='grc' dir='ltr'>στρατιᾷ,</span> <span class='ocrx_word' id='word_1_503' title='bbox 3529 3245 3650 3307; x_wconf 87' lang='grc' dir='ltr'>τούς</span> <span class='ocrx_word' id='word_1_504' title='bbox 3678 3259 3728 3294; x_wconf 84' lang='grc' dir='ltr'><strong>τε</strong></span> 
     </span>
    </p>
   </div>
   <div class='ocr_carea' id='block_1_75' title="bbox 2173 3343 3732 3417">
    <p class='ocr_par' dir='ltr' id='par_1_75' title="bbox 2173 3343 3732 3417">
     <span class='ocr_line' id='line_1_75' title="bbox 2173 3343 3732 3417; baseline -0.01 -15"><span class='ocrx_word' id='word_1_505' title='bbox 2173 3349 2339 3412; x_wconf 76' lang='grc' dir='ltr'>ἰδίους</span> <span class='ocrx_word' id='word_1_506' title='bbox 2367 3349 2484 3402; x_wconf 84' lang='grc' dir='ltr'>ὅσοι</span> <span class='ocrx_word' id='word_1_507' title='bbox 2515 3344 2654 3417; x_wconf 82' lang='grc' dir='ltr'>ἦσαν</span> <span class='ocrx_word' id='word_1_508' title='bbox 2693 3343 3051 3414; x_wconf 75' lang='grc' dir='ltr'>παραλαϐὼν,</span> <span class='ocrx_word' id='word_1_509' title='bbox 3081 3346 3178 3398; x_wconf 76' lang='grc' dir='ltr'><strong>καὶ</strong></span> <span class='ocrx_word' id='word_1_510' title='bbox 3214 3344 3427 3408; x_wconf 80' lang='grc' dir='ltr'>πεζοὺς</span> <span class='ocrx_word' id='word_1_511' title='bbox 3459 3354 3732 3407; x_wconf 84' lang='grc' dir='ltr'>προσεται-</span> 
     </span>
    </p>
   </div>
   <div class='ocr_carea' id='block_1_76' title="bbox 2173 3424 3730 3508">
    <p class='ocr_par' dir='ltr' id='par_1_76' title="bbox 2173 3424 3730 3508">
     <span class='ocr_line' id='line_1_76' title="bbox 2173 3424 3730 3508; baseline -0.009 -19"><span class='ocrx_word' id='word_1_512' title='bbox 2173 3435 2470 3508; x_wconf 87' lang='grc' dir='ltr'>ρισάμενός</span> <span class='ocrx_word' id='word_1_513' title='bbox 2522 3450 2696 3498; x_wconf 89' lang='grc' dir='ltr'>τινας,</span> <span class='ocrx_word' id='word_1_514' title='bbox 2756 3432 2856 3503; x_wconf 83' lang='grc' dir='ltr'><strong>τὴν</strong></span> <span class='ocrx_word' id='word_1_515' title='bbox 2911 3431 3084 3502; x_wconf 85' lang='grc' dir='ltr'>ἀλλην</span> <span class='ocrx_word' id='word_1_516' title='bbox 3137 3432 3414 3504; x_wconf 83' lang='grc' dir='ltr'>στρατιὰν</span> <span class='ocrx_word' id='word_1_517' title='bbox 3469 3424 3730 3484; x_wconf 83' lang='grc' dir='ltr'>ἀπολιπὼν</span> 
     </span>
    </p>
   </div>
   <div class='ocr_carea' id='block_1_77' title="bbox 2167 3517 3731 3598">
    <p class='ocr_par' dir='ltr' id='par_1_77' title="bbox 2167 3517 3731 3598">
     <span class='ocr_line' id='line_1_77' title="bbox 2167 3517 3731 3598; baseline -0.006 -18"><span class='ocrx_word' id='word_1_518' title='bbox 2167 3527 2355 3598; x_wconf 86' lang='grc' dir='ltr'>δρόμῳ</span> <span class='ocrx_word' id='word_1_519' title='bbox 2386 3527 2529 3580; x_wconf 85' lang='grc' dir='ltr'><strong>κατά</strong></span> <span class='ocrx_word' id='word_1_520' title='bbox 2554 3524 2784 3595; x_wconf 86' lang='grc' dir='ltr'>Περσῶν</span> <span class='ocrx_word' id='word_1_521' title='bbox 2816 3521 3036 3594; x_wconf 83' lang='grc' dir='ltr'>ἐχώρει.</span> <span class='ocrx_word' id='word_1_522' title='bbox 3083 3525 3412 3588; x_wconf 82' lang='grc' dir='ltr'>Συνιδόντες</span> <span class='ocrx_word' id='word_1_523' title='bbox 3442 3523 3500 3578; x_wconf 87' lang='grc' dir='ltr'><strong>δέ</strong></span> <span class='ocrx_word' id='word_1_524' title='bbox 3527 3522 3573 3574; x_wconf 77' lang='grc' dir='ltr'>οἱ</span> <span class='ocrx_word' id='word_1_525' title='bbox 3610 3517 3731 3584; x_wconf 84' lang='grc' dir='ltr'>Πέρ-</span> 
     </span>
    </p>
   </div>
   <div class='ocr_carea' id='block_1_78' title="bbox 2171 3611 3729 3688">
    <p class='ocr_par' dir='ltr' id='par_1_78' title="bbox 2171 3611 3729 3688">
     <span class='ocr_line' id='line_1_78' title="bbox 2171 3611 3729 3688; baseline -0.009 -16"><span class='ocrx_word' id='word_1_526' title='bbox 2171 3637 2263 3672; x_wconf 90' lang='grc' dir='ltr'><strong>σαι</strong></span> <span class='ocrx_word' id='word_1_527' title='bbox 2285 3618 2358 3684; x_wconf 86' lang='grc' dir='ltr'><strong>ὡς</strong></span> <span class='ocrx_word' id='word_1_528' title='bbox 2391 3619 2484 3672; x_wconf 70' lang='grc' dir='ltr'><strong>ἐπὶ</strong></span> <span class='ocrx_word' id='word_1_529' title='bbox 2521 3616 2679 3688; x_wconf 82' lang='grc' dir='ltr'>κακῷ</span> <span class='ocrx_word' id='word_1_530' title='bbox 2704 3615 2785 3688; x_wconf 84' lang='grc' dir='ltr'>τῷ</span> <span class='ocrx_word' id='word_1_531' title='bbox 2817 3617 3069 3687; x_wconf 78' lang='grc' dir='ltr'>σφετέρῳ</span> <span class='ocrx_word' id='word_1_532' title='bbox 3104 3617 3204 3686; x_wconf 84' lang='grc' dir='ltr'>τὴν</span> <span class='ocrx_word' id='word_1_533' title='bbox 3235 3617 3438 3686; x_wconf 74' lang='grc' dir='ltr'>ἔφοδον</span> <span class='ocrx_word' id='word_1_534' title='bbox 3469 3611 3729 3667; x_wconf 80' lang='grc' dir='ltr'>ποιοῦνται</span> 
     </span>
    </p>
   </div>
   <div class='ocr_carea' id='block_1_79' title="bbox 2173 3705 3732 3779">
    <p class='ocr_par' dir='ltr' id='par_1_79' title="bbox 2173 3705 3732 3779">
     <span class='ocr_line' id='line_1_79' title="bbox 2173 3705 3732 3779; baseline -0.005 -18"><span class='ocrx_word' id='word_1_535' title='bbox 2173 3710 2424 3779; x_wconf 71' lang='grc' dir='ltr'>ταυτηνὶ,</span> <span class='ocrx_word' id='word_1_536' title='bbox 2458 3708 2553 3761; x_wconf 75' lang='grc' dir='ltr'><strong>καὶ</strong></span> <span class='ocrx_word' id='word_1_537' title='bbox 2613 3707 2924 3778; x_wconf 82' lang='grc' dir='ltr'>ἀποστῆσαι</span> <span class='ocrx_word' id='word_1_538' title='bbox 2959 3709 3058 3774; x_wconf 77' lang='grc' dir='ltr'>τῆς</span> <span class='ocrx_word' id='word_1_539' title='bbox 3119 3710 3392 3777; x_wconf 78' lang='grc' dir='ltr'>στρατιᾶς</span> <span class='ocrx_word' id='word_1_540' title='bbox 3439 3705 3732 3776; x_wconf 81' lang='grc' dir='ltr'>βουλόμενοι</span> 
     </span>
    </p>
   </div>
   <div class='ocr_carea' id='block_1_80' title="bbox 2175 3798 3732 3874">
    <p class='ocr_par' dir='ltr' id='par_1_80' title="bbox 2175 3798 3732 3874">
     <span class='ocr_line' id='line_1_80' title="bbox 2175 3798 3732 3874; baseline -0.004 -19"><span class='ocrx_word' id='word_1_541' title='bbox 2175 3803 2430 3868; x_wconf 80' lang='grc' dir='ltr'>ἐπιπολὺ,</span> <span class='ocrx_word' id='word_1_542' title='bbox 2466 3804 2564 3873; x_wconf 77' lang='grc' dir='ltr'>τὴν</span> <span class='ocrx_word' id='word_1_543' title='bbox 2590 3798 2763 3874; x_wconf 79' lang='grc' dir='ltr'>ἦττάν</span> <span class='ocrx_word' id='word_1_544' title='bbox 2797 3819 2857 3855; x_wconf 90' lang='grc' dir='ltr'><strong>τε</strong></span> <span class='ocrx_word' id='word_1_545' title='bbox 2896 3803 3356 3872; x_wconf 77' lang='grc' dir='ltr'>προσεποιοῦντο,</span> <span class='ocrx_word' id='word_1_546' title='bbox 3405 3806 3499 3856; x_wconf 76' lang='grc' dir='ltr'>καὶ</span> <span class='ocrx_word' id='word_1_547' title='bbox 3532 3799 3732 3869; x_wconf 77' lang='grc' dir='ltr'>φεύγειν</span> 
     </span>
    </p>
   </div>
   <div class='ocr_carea' id='block_1_81' title="bbox 2177 3887 3732 3964">
    <p class='ocr_par' dir='ltr' id='par_1_81' title="bbox 2177 3887 3732 3964">
     <span class='ocr_line' id='line_1_81' title="bbox 2177 3887 3732 3964; baseline -0.006 -15"><span class='ocrx_word' id='word_1_548' title='bbox 2177 3897 2398 3950; x_wconf 77' lang='grc' dir='ltr'>ἐδόκουν</span> <span class='ocrx_word' id='word_1_549' title='bbox 2423 3909 2438 3925; x_wconf 88' lang='grc'><strong>·</strong></span> <span class='ocrx_word' id='word_1_550' title='bbox 2470 3897 2519 3947; x_wconf 81' lang='lat' dir='ltr'><strong>oi</strong></span> <span class='ocrx_word' id='word_1_551' title='bbox 2553 3895 2598 3947; x_wconf 86' lang='grc' dir='ltr'>δ’</span> <span class='ocrx_word' id='word_1_552' title='bbox 2634 3893 2926 3961; x_wconf 82' lang='grc' dir='ltr'>ἐφείποντο</span> <span class='ocrx_word' id='word_1_553' title='bbox 2957 3894 3222 3964; x_wconf 81' lang='grc' dir='ltr'>ἀνοήτως.</span> <span class='ocrx_word' id='word_1_554' title='bbox 3268 3891 3385 3950; x_wconf 75' lang='grc' dir='ltr'><strong>Εἶτ’</strong></span> <span class='ocrx_word' id='word_1_555' title='bbox 3412 3893 3665 3963; x_wconf 78' lang='grc' dir='ltr'>αἰφνίδιον</span> <span class='ocrx_word' id='word_1_556' title='bbox 3690 3887 3732 3939; x_wconf 79' lang='lat' dir='ltr'><strong>oi</strong></span> 
     </span>
    </p>
   </div>
   <div class='ocr_carea' id='block_1_82' title="bbox 2181 3981 3731 4061">
    <p class='ocr_par' dir='ltr' id='par_1_82' title="bbox 2181 3981 3731 4061">
     <span class='ocr_line' id='line_1_82' title="bbox 2181 3981 3731 4061; baseline -0.007 -17"><span class='ocrx_word' id='word_1_557' title='bbox 2181 3990 2452 4061; x_wconf 74' lang='grc' dir='ltr'>βάρϐαροι</span> <span class='ocrx_word' id='word_1_558' title='bbox 2495 3987 2924 4057; x_wconf 85' lang='grc' dir='ltr'>συστραφέντες,</span> <span class='ocrx_word' id='word_1_559' title='bbox 2959 3986 3058 4058; x_wconf 79' lang='grc' dir='ltr'>βοῇ</span> <span class='ocrx_word' id='word_1_560' title='bbox 3105 4005 3163 4039; x_wconf 91' lang='grc' dir='ltr'><strong>τε</strong></span> <span class='ocrx_word' id='word_1_561' title='bbox 3202 3987 3451 4058; x_wconf 78' lang='grc' dir='ltr'>ἐχρῶντο</span> <span class='ocrx_word' id='word_1_562' title='bbox 3485 3985 3578 4038; x_wconf 80' lang='grc' dir='ltr'><strong>καὶ</strong></span> <span class='ocrx_word' id='word_1_563' title='bbox 3617 3981 3731 4034; x_wconf 77' lang='grc' dir='ltr'>ἀλα-</span> 
     </span>
    </p>
   </div>
   <div class='ocr_carea' id='block_1_83' title="bbox 2181 4070 3731 4152">
    <p class='ocr_par' dir='ltr' id='par_1_83' title="bbox 2181 4070 3731 4152">
     <span class='ocr_line' id='line_1_83' title="bbox 2181 4070 3731 4152; baseline -0.004 -16"><span class='ocrx_word' id='word_1_564' title='bbox 2181 4083 2436 4152; x_wconf 85' lang='grc' dir='ltr'>λαγμοῖς.</span> <span class='ocrx_word' id='word_1_565' title='bbox 2470 4082 2707 4144; x_wconf 73' lang='grc' dir='ltr'>καὶτοῖς</span> <span class='ocrx_word' id='word_1_566' title='bbox 2744 4080 3042 4146; x_wconf 79' lang='grc' dir='ltr'>Ῥωμαίοις</span> <span class='ocrx_word' id='word_1_567' title='bbox 3075 4081 3423 4152; x_wconf 81' lang='grc' dir='ltr'>ἐπεφέροντο</span> <span class='ocrx_word' id='word_1_568' title='bbox 3459 4081 3655 4146; x_wconf 75' lang='grc' dir='ltr'>ὀξέως·</span> <span class='ocrx_word' id='word_1_569' title='bbox 3689 4070 3731 4124; x_wconf 69' lang='grc' dir='ltr'><strong>οἱ</strong></span> 
     </span>
    </p>
   </div>
   <div class='ocr_carea' id='block_1_84' title="bbox 500 4169 3731 4250">
    <p class='ocr_par' dir='ltr' id='par_1_84' title="bbox 500 4169 3731 4250">
     <span class='ocr_line' id='line_1_84' title="bbox 500 4169 3731 4250; baseline -0.003 -16"><span class='ocrx_word' id='word_1_570' title='bbox 500 4181 557 4235; x_wconf 83' lang='grc' dir='ltr'>δὲ</span> <span class='ocrx_word' id='word_1_571' title='bbox 589 4181 665 4249; x_wconf 80' lang='grc' dir='ltr'>μὴ</span> <span class='ocrx_word' id='word_1_572' title='bbox 699 4181 1022 4246; x_wconf 85' lang='grc' dir='ltr'>ἐνεγκόντες</span> <span class='ocrx_word' id='word_1_573' title='bbox 1047 4181 1157 4231; x_wconf 78' lang='grc' dir='ltr'>τῶν</span> <span class='ocrx_word' id='word_1_574' title='bbox 1208 4179 1503 4247; x_wconf 79' lang='grc' dir='ltr'>βαρϐάρων</span> <span class='ocrx_word' id='word_1_575' title='bbox 1533 4180 1634 4247; x_wconf 85' lang='grc' dir='ltr'>τὴν</span> <span class='ocrx_word' id='word_1_576' title='bbox 1677 4181 1878 4250; x_wconf 80' lang='grc' dir='ltr'>ὁρμὴν,</span> <span class='ocrx_word' id='word_1_577' title='bbox 1941 4180 2248 4250; x_wconf 84' lang='grc' dir='ltr'>ἐτράποντό</span> <span class='ocrx_word' id='word_1_578' title='bbox 2304 4197 2363 4232; x_wconf 87' lang='grc' dir='ltr'><strong>τε</strong></span> <span class='ocrx_word' id='word_1_579' title='bbox 2433 4179 2528 4232; x_wconf 79' lang='grc' dir='ltr'>καὶ</span> <span class='ocrx_word' id='word_1_580' title='bbox 2593 4177 2942 4244; x_wconf 80' lang='grc' dir='ltr'>κατέστησαν</span> <span class='ocrx_word' id='word_1_581' title='bbox 2972 4179 3053 4238; x_wconf 83' lang='grc' dir='ltr'><strong>είς</strong></span> <span class='ocrx_word' id='word_1_582' title='bbox 3081 4179 3302 4248; x_wconf 75' lang='grc' dir='ltr'>φυγήν·</span> <span class='ocrx_word' id='word_1_583' title='bbox 3330 4179 3425 4230; x_wconf 78' lang='grc' dir='ltr'><strong>καὶ</strong></span> <span class='ocrx_word' id='word_1_584' title='bbox 3458 4178 3622 4228; x_wconf 72' lang='grc' dir='ltr'>εἴκοσι</span> <span class='ocrx_word' id='word_1_585' title='bbox 3644 4169 3731 4240; x_wconf 68' lang='grc' dir='ltr'>μιν</span> 
     </span>
    </p>
   </div>
   <div class='ocr_carea' id='block_1_85' title="bbox 500 4253 3728 4344">
    <p class='ocr_par' dir='ltr' id='par_1_85' title="bbox 500 4269 3728 4344">
     <span class='ocr_line' id='line_1_85' title="bbox 500 4269 3728 4344; baseline -0.001 -19"><span class='ocrx_word' id='word_1_586' title='bbox 500 4273 774 4325; x_wconf 81' lang='grc' dir='ltr'>ἀπέθανον</span> <span class='ocrx_word' id='word_1_587' title='bbox 803 4273 864 4322; x_wconf 85' lang='grc' dir='ltr'><strong>ἐκ</strong></span> <span class='ocrx_word' id='word_1_588' title='bbox 894 4269 1004 4323; x_wconf 83' lang='grc' dir='ltr'>τῶν</span> <span class='ocrx_word' id='word_1_589' title='bbox 1038 4271 1269 4336; x_wconf 82' lang='grc' dir='ltr'>ἱππέων,</span> <span class='ocrx_word' id='word_1_590' title='bbox 1303 4274 1464 4324; x_wconf 81' lang='grc' dir='ltr'>πέντε</span> <span class='ocrx_word' id='word_1_591' title='bbox 1521 4274 1576 4325; x_wconf 78' lang='grc' dir='ltr'>δὲ</span> <span class='ocrx_word' id='word_1_592' title='bbox 1637 4275 1732 4325; x_wconf 72' lang='grc' dir='ltr'><strong>καὶ</strong></span> <span class='ocrx_word' id='word_1_593' title='bbox 1761 4273 1941 4343; x_wconf 79' lang='grc' dir='ltr'>ἕτεροι</span> <span class='ocrx_word' id='word_1_594' title='bbox 1989 4274 2234 4327; x_wconf 83' lang='grc' dir='ltr'>τοσοῦτοι</span> <span class='ocrx_word' id='word_1_595' title='bbox 2302 4273 2487 4337; x_wconf 77' lang='grc' dir='ltr'>πεζοί.</span> <span class='ocrx_word' id='word_1_596' title='bbox 2554 4274 2614 4325; x_wconf 82' lang='grc' dir='ltr'>Οί</span> <span class='ocrx_word' id='word_1_597' title='bbox 2681 4272 2726 4324; x_wconf 82' lang='grc' dir='ltr'>δ’</span> <span class='ocrx_word' id='word_1_598' title='bbox 2765 4271 2918 4324; x_wconf 67' lang='grc' dir='ltr'>ἄλλοι</span> <span class='ocrx_word' id='word_1_599' title='bbox 2967 4271 3312 4344; x_wconf 85' lang='grc' dir='ltr'>διεσώθησαν</span> <span class='ocrx_word' id='word_1_600' title='bbox 3341 4275 3407 4325; x_wconf 77' lang='grc' dir='ltr'>ἐκ</span> <span class='ocrx_word' id='word_1_601' title='bbox 3443 4272 3540 4340; x_wconf 84' lang='grc' dir='ltr'>τῆς</span> <span class='ocrx_word' id='word_1_602' title='bbox 3581 4279 3728 4334; x_wconf 70' lang='grc' dir='ltr'>στραο</span> 
     </span>
    </p>
   </div>
   <div class='ocr_carea' id='block_1_86' title="bbox 499 4361 3724 4436">
    <p class='ocr_par' dir='ltr' id='par_1_86' title="bbox 499 4361 3724 4436">
     <span class='ocr_line' id='line_1_86' title="bbox 499 4361 3724 4436; baseline -0.002 -19"><span class='ocrx_word' id='word_1_603' title='bbox 499 4365 622 4426; x_wconf 64' lang='lat' dir='ltr'><strong>ma;</strong></span> <span class='ocrx_word' id='word_1_604' title='bbox 658 4363 872 4417; x_wconf 83' lang='grc' dir='ltr'>πολλῶν</span> <span class='ocrx_word' id='word_1_605' title='bbox 903 4365 1092 4434; x_wconf 57' lang='grc' dir='ltr'><strong>⁴ὀξέως</strong></span> <span class='ocrx_word' id='word_1_606' title='bbox 1147 4363 1666 4434; x_wconf 58' lang='grc' dir='ltr'>ἐπιϐοηθησάντων</span> <span class='ocrx_word' id='word_1_607' title='bbox 1722 4365 1980 4434; x_wconf 76' lang='grc' dir='ltr'>βασιλεὺς</span> <span class='ocrx_word' id='word_1_608' title='bbox 2021 4366 2066 4418; x_wconf 86' lang='grc' dir='ltr'>δ’</span> <span class='ocrx_word' id='word_1_609' title='bbox 2106 4368 2234 4421; x_wconf 81' lang='grc' dir='ltr'>ἐπεὶ</span> <span class='ocrx_word' id='word_1_610' title='bbox 2291 4365 2832 4436; x_wconf 82' lang='grc' dir='ltr'>ἐστρατοπεδεύσατο</span> <span class='ocrx_word' id='word_1_611' title='bbox 2870 4367 3036 4419; x_wconf 74' lang='grc' dir='ltr'>πάλιν</span> <span class='ocrx_word' id='word_1_612' title='bbox 3099 4367 3246 4420; x_wconf 77' lang='grc' dir='ltr'>κατὰ</span> <span class='ocrx_word' id='word_1_613' title='bbox 3288 4369 3384 4422; x_wconf 83' lang='grc' dir='ltr'>τὸν</span> <span class='ocrx_word' id='word_1_614' title='bbox 3425 4361 3724 4420; x_wconf 77' lang='grc' dir='ltr'>Πελεκάνον,</span> 
     </span>
    </p>
   </div>
   <div class='ocr_carea' id='block_1_87' title="bbox 503 4454 3728 4532">
    <p class='ocr_par' dir='ltr' id='par_1_87' title="bbox 503 4454 3728 4532">
     <span class='ocr_line' id='line_1_87' title="bbox 503 4454 3728 4532; baseline -0.002 -22"><span class='ocrx_word' id='word_1_615' title='bbox 503 4461 582 4518; x_wconf 82' lang='grc' dir='ltr'>εἰς</span> <span class='ocrx_word' id='word_1_616' title='bbox 606 4456 901 4520; x_wconf 76' lang='grc' dir='ltr'>Βυζάντιον</span> <span class='ocrx_word' id='word_1_617' title='bbox 926 4457 1087 4519; x_wconf 78' lang='grc' dir='ltr'>εὐθὺς</span> <span class='ocrx_word' id='word_1_618' title='bbox 1115 4460 1238 4520; x_wconf 75' lang='grc' dir='ltr'>τοὺς</span> <span class='ocrx_word' id='word_1_619' title='bbox 1280 4459 1624 4526; x_wconf 83' lang='grc' dir='ltr'>μηνύσοντας</span> <span class='ocrx_word' id='word_1_620' title='bbox 1688 4459 1909 4528; x_wconf 76' lang='grc' dir='ltr'>ἔπεμπε</span> <span class='ocrx_word' id='word_1_621' title='bbox 1949 4462 2406 4532; x_wconf 73' lang='grc' dir='ltr'>πρωτοστράτορι</span> <span class='ocrx_word' id='word_1_622' title='bbox 2476 4461 2547 4512; x_wconf 87' lang='grc' dir='ltr'><strong>τά</strong></span> <span class='ocrx_word' id='word_1_623' title='bbox 2619 4459 3020 4528; x_wconf 78' lang='grc' dir='ltr'>γεγεννημένα,</span> <span class='ocrx_word' id='word_1_624' title='bbox 3083 4459 3307 4516; x_wconf 74' lang='grc' dir='ltr'>ἐκέλευέ</span> <span class='ocrx_word' id='word_1_625' title='bbox 3337 4477 3398 4514; x_wconf 80' lang='grc' dir='ltr'><strong>τε</strong></span> <span class='ocrx_word' id='word_1_626' title='bbox 3441 4457 3570 4520; x_wconf 80' lang='grc' dir='ltr'>ναῦς</span> <span class='ocrx_word' id='word_1_627' title='bbox 3599 4454 3728 4524; x_wconf 76' lang='grc' dir='ltr'>ἔχειν</span> 
     </span>
    </p>
   </div>
   <div class='ocr_carea' id='block_1_88' title="bbox 505 4551 3726 4628">
    <p class='ocr_par' dir='ltr' id='par_1_88' title="bbox 505 4551 3726 4628">
     <span class='ocr_line' id='line_1_88' title="bbox 505 4551 3726 4628; baseline -0.002 -11"><span class='ocrx_word' id='word_1_628' title='bbox 505 4551 1038 4621; x_wconf 58' lang='grc' dir='ltr'>παρεσκευασμένας</span> <span class='ocrx_word' id='word_1_629' title='bbox 1064 4553 1200 4621; x_wconf 78' lang='grc' dir='ltr'>πρὸς</span> <span class='ocrx_word' id='word_1_630' title='bbox 1235 4551 1326 4604; x_wconf 84' lang='grc' dir='ltr'><strong>τὸν</strong></span> <span class='ocrx_word' id='word_1_631' title='bbox 1357 4551 1548 4620; x_wconf 82' lang='grc' dir='ltr'>πόρον,</span> <span class='ocrx_word' id='word_1_632' title='bbox 1610 4552 1683 4615; x_wconf 87' lang='grc' dir='ltr'>ὼς</span> <span class='ocrx_word' id='word_1_633' title='bbox 1717 4554 1818 4622; x_wconf 74' lang='grc' dir='ltr'>τῆς</span> <span class='ocrx_word' id='word_1_634' title='bbox 1885 4558 2149 4626; x_wconf 83' lang='grc' dir='ltr'>στρατιᾶς</span> <span class='ocrx_word' id='word_1_635' title='bbox 2191 4556 2332 4626; x_wconf 87' lang='grc' dir='ltr'><strong>μετά</strong></span> <span class='ocrx_word' id='word_1_636' title='bbox 2384 4555 2516 4625; x_wconf 76' lang='grc' dir='ltr'>μίαν</span> <span class='ocrx_word' id='word_1_637' title='bbox 2554 4555 2831 4627; x_wconf 78' lang='grc' dir='ltr'>ἡμέρανῆ</span> <span class='ocrx_word' id='word_1_638' title='bbox 2875 4554 3139 4625; x_wconf 82' lang='grc' dir='ltr'>δευτέραν</span> <span class='ocrx_word' id='word_1_639' title='bbox 3196 4553 3726 4628; x_wconf 77' lang='grc' dir='ltr'>περαιωθησομένηςο</span> 
     </span>
    </p>
   </div>
   <div class='ocr_carea' id='block_1_89' title="bbox 1775 4691 2526 4756">
    <p class='ocr_par' dir='ltr' id='par_1_89' title="bbox 1775 4691 2526 4756">
     <span class='ocr_line' id='line_1_89' title="bbox 1775 4691 2526 4756; baseline -0.003 -3"><span class='ocrx_word' id='word_1_640' title='bbox 1775 4693 1990 4754; x_wconf 84' lang='lat' dir='ltr'><strong>Jacobi</strong></span> <span class='ocrx_word' id='word_1_641' title='bbox 2035 4691 2302 4756; x_wconf 86' lang='lat' dir='ltr'><strong>Pontani</strong></span> <span class='ocrx_word' id='word_1_642' title='bbox 2339 4701 2526 4754; x_wconf 67' lang='lat' dir='ltr'><strong>noue.</strong></span> 
     </span>
    </p>
   </div>
   <div class='ocr_carea' id='block_1_90' title="bbox 581 4837 2057 4911">
    <p class='ocr_par' dir='ltr' id='par_1_90' title="bbox 581 4837 2057 4911">
     <span class='ocr_line' id='line_1_90' title="bbox 581 4837 2057 4911; baseline 0.004 -17"><span class='ocrx_word' id='word_1_643' title='bbox 581 4840 692 4911; x_wconf 69' lang='grc'><strong>(64)</strong></span> <span class='ocrx_word' id='word_1_644' title='bbox 733 4837 964 4905; x_wconf 85' lang='lat' dir='ltr'><strong>Quidam</strong></span> <span class='ocrx_word' id='word_1_645' title='bbox 1014 4838 1276 4895; x_wconf 88' lang='lat' dir='ltr'><strong>Sebastus</strong></span> <span class='ocrx_word' id='word_1_646' title='bbox 1324 4841 1582 4904; x_wconf 87' lang='lat' dir='ltr'><strong>nomine,</strong></span> <span class='ocrx_word' id='word_1_647' title='bbox 1615 4857 1742 4898; x_wconf 87' lang='lat' dir='ltr'><strong>nam</strong></span> <span class='ocrx_word' id='word_1_648' title='bbox 1777 4845 1996 4908; x_wconf 75' lang='grc' dir='ltr'>πουλος,</span> <span class='ocrx_word' id='word_1_649' title='bbox 2019 4860 2057 4900; x_wconf 65' lang='lat' dir='ltr'><strong>e‘</strong></span> 
     </span>
    </p>
   </div>
   <div class='ocr_carea' id='block_1_91' title="bbox 2159 4837 3726 4911">
    <p class='ocr_par' dir='ltr' id='par_1_91' title="bbox 2181 4837 3726 4901">
     <span class='ocr_line' id='line_1_91' title="bbox 2181 4837 3726 4901; baseline -0.012 0"><span class='ocrx_word' id='word_1_650' title='bbox 2181 4847 2313 4901; x_wconf 83' lang='lat' dir='ltr'><strong>Tale</strong></span> <span class='ocrx_word' id='word_1_651' title='bbox 2359 4854 2546 4898; x_wconf 85' lang='lat' dir='ltr'><strong>narrat</strong></span> <span class='ocrx_word' id='word_1_652' title='bbox 2577 4843 2822 4898; x_wconf 86' lang='lat' dir='ltr'><strong>Zonaras</strong></span> <span class='ocrx_word' id='word_1_653' title='bbox 2850 4851 3003 4896; x_wconf 74' lang='lat' dir='ltr'><strong>tonio</strong></span> <span class='ocrx_word' id='word_1_654' title='bbox 3048 4841 3111 4895; x_wconf 86' lang='grc' dir='ltr'><strong>ιιι</strong></span> <span class='ocrx_word' id='word_1_655' title='bbox 3152 4842 3350 4896; x_wconf 76' lang='lat' dir='ltr'><strong>Annal.</strong></span> <span class='ocrx_word' id='word_1_656' title='bbox 3383 4841 3437 4893; x_wconf 89' lang='lat' dir='ltr'><strong>in</strong></span> <span class='ocrx_word' id='word_1_657' title='bbox 3483 4837 3726 4892; x_wconf 75' lang='lat' dir='ltr'><strong>Constan-</strong></span> 
     </span>
    </p>
   </div>
   <div class='ocr_carea' id='block_1_92' title="bbox 512 4911 2057 4980">
    <p class='ocr_par' dir='ltr' id='par_1_92' title="bbox 512 4911 2057 4980">
     <span class='ocr_line' id='line_1_92' title="bbox 512 4911 2057 4980; baseline 0.003 -15"><span class='ocrx_word' id='word_1_658' title='bbox 512 4912 711 4965; x_wconf 84' lang='grc' dir='ltr'>πουλον</span> <span class='ocrx_word' id='word_1_659' title='bbox 769 4911 990 4980; x_wconf 74' lang='lat' dir='ltr'><strong>syllaba:</strong></span> <span class='ocrx_word' id='word_1_660' title='bbox 1039 4921 1167 4964; x_wconf 89' lang='lat' dir='ltr'><strong>sunt</strong></span> <span class='ocrx_word' id='word_1_661' title='bbox 1220 4911 1512 4977; x_wconf 76' lang='lat' dir='ltr'><strong>adjectitia:</strong></span> <span class='ocrx_word' id='word_1_662' title='bbox 1570 4913 1871 4967; x_wconf 87' lang='lat' dir='ltr'><strong>recentium</strong></span> <span class='ocrx_word' id='word_1_663' title='bbox 1919 4915 2057 4970; x_wconf 61' lang='lat' dir='ltr'><strong>Grae-</strong></span> 
     </span>
    </p>
   </div>
   <div class='ocr_carea' id='block_1_93' title="bbox 2159 4911 3725 4980">
    <p class='ocr_par' dir='ltr' id='par_1_93' title="bbox 2187 4911 3725 4980">
     <span class='ocr_line' id='line_1_93' title="bbox 2187 4911 3725 4980; baseline -0.008 -9"><span class='ocrx_word' id='word_1_664' title='bbox 2187 4922 2302 4971; x_wconf 82' lang='lat' dir='ltr'><strong>tino</strong></span> <span class='ocrx_word' id='word_1_665' title='bbox 2328 4955 2342 4977; x_wconf 88' lang='lat'><strong><em>.</em></strong></span> <span class='ocrx_word' id='word_1_666' title='bbox 2372 4913 2694 4980; x_wconf 86' lang='lat' dir='ltr'><strong>Constantio</strong></span> <span class='ocrx_word' id='word_1_667' title='bbox 2720 4955 2735 4979; x_wconf 93' lang='lat'><strong>,</strong></span> <span class='ocrx_word' id='word_1_668' title='bbox 2772 4921 2829 4967; x_wconf 89' lang='lat' dir='ltr'><strong>et</strong></span> <span class='ocrx_word' id='word_1_669' title='bbox 2861 4913 3162 4967; x_wconf 87' lang='lat' dir='ltr'><strong>Constante</strong></span> <span class='ocrx_word' id='word_1_670' title='bbox 3207 4912 3471 4966; x_wconf 80' lang='lat' dir='ltr'><strong>fratribus</strong></span> <span class='ocrx_word' id='word_1_671' title='bbox 3515 4911 3725 4972; x_wconf 74' lang='lat' dir='ltr'><strong>impera-</strong></span> 
     </span>
    </p>
   </div>
   <div class='ocr_carea' id='block_1_94' title="bbox 508 4965 3718 5054">
    <p class='ocr_par' dir='ltr' id='par_1_94' title="bbox 508 4965 3718 5054">
     <span class='ocr_line' id='line_1_94' title="bbox 508 4965 3718 5054; baseline -0.004 -17"><span class='ocrx_word' id='word_1_672' title='bbox 508 4991 740 5054; x_wconf 68' lang='lat' dir='ltr'><strong>‘corutn,</strong></span> <span class='ocrx_word' id='word_1_673' title='bbox 770 4965 1075 5054; x_wconf 73' lang='lat' dir='ltr'><strong>idquetam</strong></span> <span class='ocrx_word' id='word_1_674' title='bbox 1126 4980 1180 5054; x_wconf 83' lang='lat' dir='ltr'><strong>in</strong></span> <span class='ocrx_word' id='word_1_675' title='bbox 1231 4965 1617 5054; x_wconf 67' lang='lat' dir='ltr'><strong>appellativis,</strong></span> <span class='ocrx_word' id='word_1_676' title='bbox 1643 4965 2072 5054; x_wconf 52' lang='grc' dir='ltr'>φωέιῑρτοῖήᾗε</span> <span class='ocrx_word' id='word_1_677' title='bbox 2182 4965 2735 5054; x_wconf 40' lang='lat' dir='ltr'><strong>ib&#39;éi’b&#39;ufiiih‘iﬁ&#39;ui</strong></span> <span class='ocrx_word' id='word_1_678' title='bbox 2765 4965 2927 5036; x_wconf 74' lang='lat' dir='ltr'><strong>missi</strong></span> <span class='ocrx_word' id='word_1_679' title='bbox 2956 4965 3125 5037; x_wconf 83' lang='lat' dir='ltr'><strong>erant</strong></span> <span class='ocrx_word' id='word_1_680' title='bbox 3139 4965 3194 5054; x_wconf 47' lang='lat' dir='ltr'><strong>_(a</strong></span> <span class='ocrx_word' id='word_1_681' title='bbox 3212 4965 3518 5054; x_wconf 83' lang='lat' dir='ltr'><strong>Constante</strong></span> <span class='ocrx_word' id='word_1_682' title='bbox 3549 4965 3718 5054; x_wconf 69' lang='lat' dir='ltr'><strong>contra</strong></span> 
     </span>
    </p>
   </div>
   <div class='ocr_carea' id='block_1_95' title="bbox 511 5050 3724 5124">
    <p class='ocr_par' dir='ltr' id='par_1_95' title="bbox 511 5050 3724 5124">
     <span class='ocr_line' id='line_1_95' title="bbox 511 5050 3724 5124; baseline -0.003 -17"><span class='ocrx_word' id='word_1_683' title='bbox 511 5051 866 5124; x_wconf 82' lang='lat' dir='ltr'><strong>numinibus,</strong></span> <span class='ocrx_word' id='word_1_684' title='bbox 911 5050 1047 5124; x_wconf 79' lang='lat' dir='ltr'><strong>nihil</strong></span> <span class='ocrx_word' id='word_1_685' title='bbox 1099 5051 1492 5124; x_wconf 79' lang='lat' dir='ltr'><strong>significantes.</strong></span> <span class='ocrx_word' id='word_1_686' title='bbox 1539 5050 1697 5119; x_wconf 81' lang='lat' dir='ltr'><strong>Apud</strong></span> <span class='ocrx_word' id='word_1_687' title='bbox 1743 5050 1883 5121; x_wconf 77' lang='lat' dir='ltr'><strong>quos</strong></span> <span class='ocrx_word' id='word_1_688' title='bbox 1931 5050 2077 5122; x_wconf 86' lang='lat' dir='ltr'><strong>legas</strong></span> <span class='ocrx_word' id='word_1_689' title='bbox 2183 5053 2607 5111; x_wconf 87' lang='lat' dir='ltr'><strong>Constantinum</strong></span> <span class='ocrx_word' id='word_1_690' title='bbox 2634 5050 2670 5117; x_wconf 73' lang='grc'>,“</span> <span class='ocrx_word' id='word_1_691' title='bbox 2703 5054 2795 5122; x_wconf 87' lang='lat' dir='ltr'><strong>qui</strong></span> <span class='ocrx_word' id='word_1_692' title='bbox 2828 5064 3077 5124; x_wconf 88' lang='lat' dir='ltr'><strong>paterna</strong></span> <span class='ocrx_word' id='word_1_693' title='bbox 3133 5050 3423 5124; x_wconf 84' lang='lat' dir='ltr'><strong>partitione</strong></span> <span class='ocrx_word' id='word_1_694' title='bbox 3472 5061 3572 5100; x_wconf 89' lang='lat' dir='ltr'><strong>non</strong></span> <span class='ocrx_word' id='word_1_695' title='bbox 3608 5052 3724 5124; x_wconf 43' lang='lat' dir='ltr'><strong>om}:</strong></span> 
     </span>
    </p>
   </div>
   <div class='ocr_carea' id='block_1_96' title="bbox 510 5119 2057 5194">
    <p class='ocr_par' dir='ltr' id='par_1_96' title="bbox 510 5119 2056 5194">
     <span class='ocr_line' id='line_1_96' title="bbox 510 5119 2056 5194; baseline 0.001 -18"><span class='ocrx_word' id='word_1_696' title='bbox 510 5121 817 5194; x_wconf 76' lang='grc' dir='ltr'>ἀετόπουλα</span> <span class='ocrx_word' id='word_1_697' title='bbox 863 5135 960 5194; x_wconf 78' lang='lat' dir='ltr'><strong>pro</strong></span> <span class='ocrx_word' id='word_1_698' title='bbox 999 5119 1171 5184; x_wconf 66' lang='grc' dir='ltr'>ἀετοὶ,</span> <span class='ocrx_word' id='word_1_699' title='bbox 1210 5124 1640 5194; x_wconf 83' lang='grc' dir='ltr'>ἀρχοντόπουλον</span> <span class='ocrx_word' id='word_1_700' title='bbox 1689 5119 1788 5190; x_wconf 80' lang='lat' dir='ltr'><strong>pro</strong></span> <span class='ocrx_word' id='word_1_701' title='bbox 1817 5119 2056 5194; x_wconf 54' lang='grc' dir='ltr'>ᾣχοντα</span> 
     </span>
    </p>
   </div>
   <div class='ocr_carea' id='block_1_97' title="bbox 2159 5119 3718 5194">
    <p class='ocr_par' dir='ltr' id='par_1_97' title="bbox 2187 5119 3718 5194">
     <span class='ocr_line' id='line_1_97' title="bbox 2187 5119 3718 5194; baseline -0.011 -14"><span class='ocrx_word' id='word_1_702' title='bbox 2187 5135 2404 5187; x_wconf 88' lang='lat' dir='ltr'><strong>tentus,</strong></span> <span class='ocrx_word' id='word_1_703' title='bbox 2437 5124 2626 5177; x_wconf 82' lang='lat' dir='ltr'><strong>fratris</strong></span> <span class='ocrx_word' id='word_1_704' title='bbox 2681 5119 2996 5194; x_wconf 73' lang='lat' dir='ltr'><strong>provincias</strong></span> <span class='ocrx_word' id='word_1_705' title='bbox 3041 5119 3355 5188; x_wconf 75' lang='lat' dir='ltr'><strong>invadebat)</strong></span> <span class='ocrx_word' id='word_1_706' title='bbox 3386 5131 3506 5173; x_wconf 90' lang='lat' dir='ltr'><strong>cum</strong></span> <span class='ocrx_word' id='word_1_707' title='bbox 3547 5119 3718 5194; x_wconf 51' lang='lat' dir='ltr'><strong>partiti}</strong></span> 
     </span>
    </p>
   </div>
   <div class='ocr_carea' id='block_1_98' title="bbox 512 5189 2057 5263">
    <p class='ocr_par' dir='ltr' id='par_1_98' title="bbox 512 5189 2056 5263">
     <span class='ocr_line' id='line_1_98' title="bbox 512 5189 2056 5263; baseline 0.001 -18"><span class='ocrx_word' id='word_1_708' title='bbox 512 5191 990 5263; x_wconf 83' lang='grc' dir='ltr'>στρατηγόπουλος</span> <span class='ocrx_word' id='word_1_709' title='bbox 1020 5207 1120 5263; x_wconf 75' lang='lat' dir='ltr'><strong>pro</strong></span> <span class='ocrx_word' id='word_1_710' title='bbox 1146 5189 1474 5263; x_wconf 71' lang='grc' dir='ltr'>στρατηγὸς,</span> <span class='ocrx_word' id='word_1_711' title='bbox 1499 5189 1924 5263; x_wconf 57' lang='grc' dir='ltr'>τουρκόπουλός,</span> <span class='ocrx_word' id='word_1_712' title='bbox 1949 5196 2056 5260; x_wconf 81' lang='grc' dir='ltr'>οὐμ</span> 
     </span>
    </p>
   </div>
   <div class='ocr_carea' id='block_1_99' title="bbox 2159 5189 3720 5263">
    <p class='ocr_par' dir='ltr' id='par_1_99' title="bbox 2188 5189 3720 5263">
     <span class='ocr_line' id='line_1_99' title="bbox 2188 5189 3720 5263; baseline 0.003 -14"><span class='ocrx_word' id='word_1_713' title='bbox 2188 5212 2217 5249; x_wconf 89' lang='lat' dir='ltr'><strong>a</strong></span> <span class='ocrx_word' id='word_1_714' title='bbox 2250 5195 2613 5250; x_wconf 84' lang='lat' dir='ltr'><strong>Constantino</strong></span> <span class='ocrx_word' id='word_1_715' title='bbox 2654 5189 2929 5255; x_wconf 84' lang='lat' dir='ltr'><strong>abessent,</strong></span> <span class='ocrx_word' id='word_1_716' title='bbox 2960 5193 3188 5248; x_wconf 84' lang='lat' dir='ltr'><strong>insidias</strong></span> <span class='ocrx_word' id='word_1_717' title='bbox 3219 5194 3422 5252; x_wconf 74' lang='lat' dir='ltr'><strong>locant,</strong></span> <span class='ocrx_word' id='word_1_718' title='bbox 3457 5189 3720 5263; x_wconf 61' lang='lat' dir='ltr'><strong>908&#39;)“qu</strong></span> 
     </span>
    </p>
   </div>
   <div class='ocr_carea' id='block_1_100' title="bbox 509 5259 2057 5332">
    <p class='ocr_par' dir='ltr' id='par_1_100' title="bbox 509 5259 2052 5332">
     <span class='ocr_line' id='line_1_100' title="bbox 509 5259 2052 5332; baseline 0.001 -18"><span class='ocrx_word' id='word_1_719' title='bbox 509 5259 876 5332; x_wconf 75' lang='grc' dir='ltr'>ϐερτόπουλος</span> <span class='ocrx_word' id='word_1_720' title='bbox 908 5275 1006 5329; x_wconf 87' lang='lat' dir='ltr'><strong>pro</strong></span> <span class='ocrx_word' id='word_1_721' title='bbox 1022 5259 1292 5331; x_wconf 28' lang='grc' dir='ltr'>ίτοῦρκος,</span> <span class='ocrx_word' id='word_1_722' title='bbox 1321 5259 1375 5314; x_wconf 88' lang='lat' dir='ltr'><strong>et</strong></span> <span class='ocrx_word' id='word_1_723' title='bbox 1411 5259 1737 5332; x_wconf 78' lang='grc' dir='ltr'>ούμϐἐρτος.</span> <span class='ocrx_word' id='word_1_724' title='bbox 1791 5263 1882 5318; x_wconf 88' lang='lat' dir='ltr'><strong>Sic</strong></span> <span class='ocrx_word' id='word_1_725' title='bbox 1910 5259 2052 5318; x_wconf 72' lang='lat' dir='ltr'><strong>eum</strong></span> 
     </span>
    </p>
   </div>
   <div class='ocr_carea' id='block_1_101' title="bbox 2159 5259 3720 5332">
    <p class='ocr_par' dir='ltr' id='par_1_101' title="bbox 2191 5259 3720 5332">
     <span class='ocr_line' id='line_1_101' title="bbox 2191 5259 3720 5332; baseline -0.012 -14"><span class='ocrx_word' id='word_1_726' title='bbox 2191 5265 2321 5319; x_wconf 88' lang='lat' dir='ltr'><strong>inita</strong></span> <span class='ocrx_word' id='word_1_727' title='bbox 2353 5264 2534 5331; x_wconf 77' lang='lat' dir='ltr'><strong>fugam</strong></span> <span class='ocrx_word' id='word_1_728' title='bbox 2561 5263 2846 5317; x_wconf 90' lang='lat' dir='ltr'><strong>simulant.</strong></span> <span class='ocrx_word' id='word_1_729' title='bbox 2888 5263 3036 5328; x_wconf 85' lang='lat' dir='ltr'><strong>Quos</strong></span> <span class='ocrx_word' id='word_1_730' title='bbox 3086 5263 3216 5317; x_wconf 90' lang='lat' dir='ltr'><strong>dum</strong></span> <span class='ocrx_word' id='word_1_731' title='bbox 3249 5259 3582 5332; x_wconf 68' lang='lat' dir='ltr'><strong>Constantini</strong></span> <span class='ocrx_word' id='word_1_732' title='bbox 3616 5259 3720 5332; x_wconf 36' lang='lat' dir='ltr'><strong>fult-</strong></span> 
     </span>
    </p>
   </div>
   <div class='ocr_carea' id='block_1_102' title="bbox 511 5327 3718 5403">
    <p class='ocr_par' dir='ltr' id='par_1_102' title="bbox 511 5327 3718 5403">
     <span class='ocr_line' id='line_1_102' title="bbox 511 5327 3718 5403; baseline -0.005 -16"><span class='ocrx_word' id='word_1_733' title='bbox 511 5327 794 5403; x_wconf 41' lang='lat' dir='ltr'><strong>no&#39;pulus,</strong></span> <span class='ocrx_word' id='word_1_734' title='bbox 823 5327 1235 5400; x_wconf 82' lang='lat' dir='ltr'><strong>Francopulus,</strong></span> <span class='ocrx_word' id='word_1_735' title='bbox 1282 5343 1391 5386; x_wconf 89' lang='lat' dir='ltr'><strong>etc.</strong></span> <span class='ocrx_word' id='word_1_736' title='bbox 1419 5330 1493 5403; x_wconf 83' lang='lat' dir='ltr'><strong>_A</strong></span> <span class='ocrx_word' id='word_1_737' title='bbox 1533 5327 1771 5385; x_wconf 76' lang='grc' dir='ltr'>πέλεσθαι</span> <span class='ocrx_word' id='word_1_738' title='bbox 1825 5334 2084 5388; x_wconf 88' lang='lat' dir='ltr'><strong>videntur</strong></span> <span class='ocrx_word' id='word_1_739' title='bbox 2189 5335 2316 5389; x_wconf 82' lang='lat' dir='ltr'><strong>lites</strong></span> <span class='ocrx_word' id='word_1_740' title='bbox 2363 5327 2790 5402; x_wconf 67' lang='lat' dir='ltr'><strong>persequuntur,</strong></span> <span class='ocrx_word' id='word_1_741' title='bbox 2841 5335 2933 5402; x_wconf 89' lang='lat' dir='ltr'><strong>qui</strong></span> <span class='ocrx_word' id='word_1_742' title='bbox 2981 5334 3032 5385; x_wconf 91' lang='lat' dir='ltr'><strong>in</strong></span> <span class='ocrx_word' id='word_1_743' title='bbox 3073 5333 3286 5388; x_wconf 87' lang='lat' dir='ltr'><strong>insidiis</strong></span> <span class='ocrx_word' id='word_1_744' title='bbox 3328 5327 3568 5403; x_wconf 79' lang='lat' dir='ltr'><strong>collocati</strong></span> <span class='ocrx_word' id='word_1_745' title='bbox 3601 5327 3718 5403; x_wconf 52' lang='lat' dir='ltr'><strong>itit:</strong></span> 
     </span>
    </p>
   </div>
   <div class='ocr_carea' id='block_1_103' title="bbox 507 5393 3715 5474">
    <p class='ocr_par' dir='ltr' id='par_1_103' title="bbox 507 5393 3715 5474">
     <span class='ocr_line' id='line_1_103' title="bbox 507 5393 3715 5474; baseline -0.004 -15"><span class='ocrx_word' id='word_1_746' title='bbox 507 5393 673 5458; x_wconf 69' lang='lat' dir='ltr'><strong>ducta</strong></span> <span class='ocrx_word' id='word_1_747' title='bbox 699 5393 861 5455; x_wconf 82' lang='lat' dir='ltr'><strong>ambo</strong></span> <span class='ocrx_word' id='word_1_748' title='bbox 891 5440 905 5465; x_wconf 93' lang='lat'><strong>,</strong></span> <span class='ocrx_word' id='word_1_749' title='bbox 955 5412 1009 5454; x_wconf 84' lang='lat' dir='ltr'><strong>et</strong></span> <span class='ocrx_word' id='word_1_750' title='bbox 1039 5393 1139 5470; x_wconf 72' lang='lat' dir='ltr'><strong>pro</strong></span> <span class='ocrx_word' id='word_1_751' title='bbox 1179 5393 1339 5466; x_wconf 62' lang='grc' dir='ltr'>πόλος</span> <span class='ocrx_word' id='word_1_752' title='bbox 1379 5401 1511 5455; x_wconf 88' lang='lat' dir='ltr'><strong>dici.</strong></span> <span class='ocrx_word' id='word_1_753' title='bbox 1567 5403 1706 5455; x_wconf 77' lang='lat' dir='ltr'><strong>l’ura</strong></span> <span class='ocrx_word' id='word_1_754' title='bbox 1755 5403 2083 5458; x_wconf 84' lang='lat' dir='ltr'><strong>seholiastes</strong></span> <span class='ocrx_word' id='word_1_755' title='bbox 2192 5414 2316 5458; x_wconf 90' lang='lat' dir='ltr'><strong>rant</strong></span> <span class='ocrx_word' id='word_1_756' title='bbox 2343 5393 2380 5466; x_wconf 83' lang='grc'>,’</span> <span class='ocrx_word' id='word_1_757' title='bbox 2419 5419 2448 5456; x_wconf 87' lang='lat' dir='ltr'><strong>a</strong></span> <span class='ocrx_word' id='word_1_758' title='bbox 2490 5393 2643 5473; x_wconf 74' lang='lat' dir='ltr'><strong>tergo</strong></span> <span class='ocrx_word' id='word_1_759' title='bbox 2696 5393 2984 5457; x_wconf 69' lang='lat' dir='ltr'><strong>invadunt.</strong></span> <span class='ocrx_word' id='word_1_760' title='bbox 3045 5404 3136 5458; x_wconf 81' lang='lat' dir='ltr'><strong>Sic</strong></span> <span class='ocrx_word' id='word_1_761' title='bbox 3194 5399 3520 5474; x_wconf 82' lang='lat' dir='ltr'><strong>fugientibus</strong></span> <span class='ocrx_word' id='word_1_762' title='bbox 3567 5393 3715 5474; x_wconf 55' lang='grc' dir='ltr'><strong>ριξεξξη</strong></span> 
     </span>
    </p>
   </div>
   <div class='ocr_carea' id='block_1_104' title="bbox 2185 5463 3716 5532">
    <p class='ocr_par' dir='ltr' id='par_1_104' title="bbox 2185 5463 3716 5532">
     <span class='ocr_line' id='line_1_104' title="bbox 2185 5463 3716 5532; baseline -0.018 -2"><span class='ocrx_word' id='word_1_763' title='bbox 2185 5463 2506 5532; x_wconf 78' lang='lat' dir='ltr'><strong>conversis.</strong></span> <span class='ocrx_word' id='word_1_764' title='bbox 2564 5463 2618 5526; x_wconf 80' lang='grc' dir='ltr'>ιῖι</span> <span class='ocrx_word' id='word_1_765' title='bbox 2667 5475 2851 5528; x_wconf 86' lang='lat' dir='ltr'><strong>medio</strong></span> <span class='ocrx_word' id='word_1_766' title='bbox 2898 5475 3132 5528; x_wconf 86' lang='lat' dir='ltr'><strong>duorum</strong></span> <span class='ocrx_word' id='word_1_767' title='bbox 3188 5463 3517 5527; x_wconf 65' lang='lat' dir='ltr'><strong>exErcituum</strong></span> <span class='ocrx_word' id='word_1_768' title='bbox 3567 5463 3716 5532; x_wconf 63' lang='lat' dir='ltr'><strong>inter-</strong></span> 
     </span>
    </p>
   </div>
   <div class='ocr_carea' id='block_1_105' title="bbox 2183 5524 3712 5615">
    <p class='ocr_par' dir='ltr' id='par_1_105' title="bbox 2183 5524 3712 5615">
     <span class='ocr_line' id='line_1_105' title="bbox 2183 5524 3712 5615; baseline -0.011 -16"><span class='ocrx_word' id='word_1_769' title='bbox 2183 5524 2378 5615; x_wconf 60' lang='lat' dir='ltr'><strong>cepti</strong></span> <span class='ocrx_word' id='word_1_770' title='bbox 2395 5524 2617 5612; x_wconf 46' lang='lat' dir='ltr'><strong>iam;</strong></span> <span class='ocrx_word' id='word_1_771' title='bbox 2636 5524 2719 5615; x_wconf 56' lang='grc' dir='ltr'><strong>οἱ</strong></span> <span class='ocrx_word' id='word_1_772' title='bbox 2733 5524 2941 5615; x_wconf 54' lang='lat' dir='ltr'><strong>&#39;{s&#39;mf</strong></span> <span class='ocrx_word' id='word_1_773' title='bbox 2962 5524 3340 5613; x_wconf 40' lang='lat' dir='ltr'><strong>agitauisse</strong></span> <span class='ocrx_word' id='word_1_774' title='bbox 3384 5535 3539 5592; x_wconf 77' lang='lat' dir='ltr'><strong>etiam</strong></span> <span class='ocrx_word' id='word_1_775' title='bbox 3568 5524 3712 5615; x_wconf 44' lang='lat' dir='ltr'><strong>fit}:</strong></span> 
     </span>
    </p>
   </div>
   <div class='ocr_carea' id='block_1_106' title="bbox 2182 5600 3714 5680">
    <p class='ocr_par' dir='ltr' id='par_1_106' title="bbox 2182 5600 3714 5680">
     <span class='ocr_line' id='line_1_106' title="bbox 2182 5600 3714 5680; baseline -0.008 -11"><span class='ocrx_word' id='word_1_776' title='bbox 2182 5600 2423 5669; x_wconf 65' lang='lat' dir='ltr'><strong>stantino</strong></span> <span class='ocrx_word' id='word_1_777' title='bbox 2477 5600 2788 5669; x_wconf 63' lang='lat' dir='ltr'><strong>initerfectd.</strong></span> <span class='ocrx_word' id='word_1_778' title='bbox 2849 5614 2981 5670; x_wconf 85' lang='lat' dir='ltr'><strong>Vide</strong></span> <span class='ocrx_word' id='word_1_779' title='bbox 3042 5615 3096 5668; x_wconf 90' lang='lat' dir='ltr'><strong>in</strong></span> <span class='ocrx_word' id='word_1_780' title='bbox 3155 5600 3260 5668; x_wconf 68' lang='lat' dir='ltr'><strong>hoc</strong></span> <span class='ocrx_word' id='word_1_781' title='bbox 3305 5618 3496 5680; x_wconf 60' lang='lat' dir='ltr'><strong>genere</strong></span> <span class='ocrx_word' id='word_1_782' title='bbox 3538 5600 3714 5680; x_wconf 44' lang='lat' dir='ltr'><strong>Sll‘ﬂf‘</strong></span> 
     </span>
    </p>
   </div>
   <div class='ocr_carea' id='block_1_107' title="bbox 2181 5672 3709 5809">
    <p class='ocr_par' dir='ltr' id='par_1_107' title="bbox 2181 5672 3709 5809">
     <span class='ocr_line' id='line_1_107' title="bbox 2181 5672 3709 5809; baseline -0.033 -43"><span class='ocrx_word' id='word_1_783' title='bbox 2181 5701 2338 5809; x_wconf 55' lang='grc' dir='ltr'><strong>ᾕῖιηα</strong></span> <span class='ocrx_word' id='word_1_784' title='bbox 2369 5685 2581 5756; x_wconf 70' lang='lat' dir='ltr'><strong>Gorgiae</strong></span> <span class='ocrx_word' id='word_1_785' title='bbox 2631 5695 2825 5741; x_wconf 86' lang='lat' dir='ltr'><strong>contra</strong></span> <span class='ocrx_word' id='word_1_786' title='bbox 2859 5687 3184 5741; x_wconf 75' lang='lat' dir='ltr'><strong>thdibam</strong></span> <span class='ocrx_word' id='word_1_787' title='bbox 3213 5672 3358 5754; x_wconf 73' lang='lat' dir='ltr'><strong>apu&#39;d</strong></span> <span class='ocrx_word' id='word_1_788' title='bbox 3409 5672 3709 5740; x_wconf 63' lang='grc' dir='ltr'>νοιγςεηυιιι,</span> 
     </span>
     <span class='ocr_line' id='line_1_108' title="bbox 2205 5772 2378 5809; baseline -0.006 0"><span class='ocrx_word' id='word_1_789' title='bbox 2205 5773 2216 5808; x_wconf 92' lang='lat' dir='ltr'><strong>l</strong></span> <span class='ocrx_word' id='word_1_790' title='bbox 2265 5796 2277 5809; x_wconf 91' lang='lat'><strong>.</strong></span> <span class='ocrx_word' id='word_1_791' title='bbox 2317 5772 2378 5808; x_wconf 88' lang='grc' dir='ltr'><strong>ΙΙ.</strong></span> 
     </span>
    </p>
   </div>
   <div class='ocr_carea' id='block_1_108' title="bbox 2183 5758 2378 5809">
    <p class='ocr_par' dir='ltr' id='par_1_108' title="bbox 2183 5758 2378 5809">
     <span class='ocr_line' id='line_1_109' title="bbox 2183 5758 2378 5809; baseline -0.005 0"><span class='ocrx_word' id='word_1_792' title='bbox 2183 5758 2277 5809; x_wconf 89' lang='lat' dir='ltr'><strong>lib.</strong></span> <span class='ocrx_word' id='word_1_793' title='bbox 2317 5772 2378 5808; x_wconf 92' lang='grc' dir='ltr'><strong>ιι.</strong></span> 
     </span>
    </p>
   </div>
   <div class='ocr_carea' id='block_1_109' title="bbox 506 5475 876 5530">
    <p class='ocr_par' dir='ltr' id='par_1_109' title="bbox 506 5475 876 5530">
     <span class='ocr_line' id='line_1_110' title="bbox 506 5475 876 5530; baseline -0.008 0"><span class='ocrx_word' id='word_1_794' title='bbox 506 5475 585 5530; x_wconf 78' lang='lat' dir='ltr'><strong>Cu</strong></span> <span class='ocrx_word' id='word_1_795' title='bbox 596 5475 744 5530; x_wconf 81' lang='lat' dir='ltr'><strong>rooal</strong></span> <span class='ocrx_word' id='word_1_796' title='bbox 755 5495 778 5524; x_wconf 67' lang='grc' dir='ltr'><strong>ιι</strong></span> <span class='ocrx_word' id='word_1_797' title='bbox 789 5483 876 5527; x_wconf 78' lang='lat' dir='ltr'><strong>ue.</strong></span> 
     </span>
    </p>
   </div>
   <div class='ocr_carea' id='block_1_110' title="bbox 579 5544 2086 5615">
    <p class='ocr_par' dir='ltr' id='par_1_110' title="bbox 579 5544 2086 5615">
     <span class='ocr_line' id='line_1_111' title="bbox 579 5544 2086 5615; baseline -0.001 -17"><span class='ocrx_word' id='word_1_798' title='bbox 579 5544 694 5615; x_wconf 77' lang='lat'><strong>(65)</strong></span> <span class='ocrx_word' id='word_1_799' title='bbox 736 5545 929 5601; x_wconf 84' lang='lat' dir='ltr'><strong>Genus</strong></span> <span class='ocrx_word' id='word_1_800' title='bbox 955 5544 1067 5602; x_wconf 85' lang='lat' dir='ltr'><strong>doli</strong></span> <span class='ocrx_word' id='word_1_801' title='bbox 1100 5545 1381 5609; x_wconf 89' lang='lat' dir='ltr'><strong>militaris,</strong></span> <span class='ocrx_word' id='word_1_802' title='bbox 1411 5560 1521 5613; x_wconf 87' lang='lat' dir='ltr'><strong>quo</strong></span> <span class='ocrx_word' id='word_1_803' title='bbox 1555 5544 1636 5600; x_wconf 92' lang='lat' dir='ltr'><strong>usi</strong></span> <span class='ocrx_word' id='word_1_804' title='bbox 1673 5554 1802 5598; x_wconf 89' lang='lat' dir='ltr'><strong>sunt</strong></span> <span class='ocrx_word' id='word_1_805' title='bbox 1825 5544 2086 5598; x_wconf 71' lang='lat' dir='ltr'><strong>Israelita-1</strong></span> 
     </span>
    </p>
   </div>
   <div class='ocr_carea' id='block_1_111' title="bbox 507 5615 2086 5686">
    <p class='ocr_par' dir='ltr' id='par_1_111' title="bbox 507 5615 2086 5686">
     <span class='ocr_line' id='line_1_112' title="bbox 507 5615 2086 5686; baseline -0.002 -17"><span class='ocrx_word' id='word_1_806' title='bbox 507 5627 701 5669; x_wconf 82' lang='lat' dir='ltr'><strong>contra</strong></span> <span class='ocrx_word' id='word_1_807' title='bbox 732 5617 1062 5686; x_wconf 79' lang='lat' dir='ltr'><strong>Benjamitas</strong></span> <span class='ocrx_word' id='word_1_808' title='bbox 1098 5615 1197 5670; x_wconf 92' lang='lat' dir='ltr'><strong>lib.</strong></span> <span class='ocrx_word' id='word_1_809' title='bbox 1242 5617 1495 5671; x_wconf 84' lang='lat' dir='ltr'><strong>Judicum</strong></span> <span class='ocrx_word' id='word_1_810' title='bbox 1532 5632 1655 5683; x_wconf 87' lang='lat' dir='ltr'><strong>cap.</strong></span> <span class='ocrx_word' id='word_1_811' title='bbox 1706 5631 1797 5668; x_wconf 81' lang='lat' dir='ltr'><strong>xx.</strong></span> <span class='ocrx_word' id='word_1_812' title='bbox 1831 5615 1964 5668; x_wconf 85' lang='lat' dir='ltr'><strong>Nam</strong></span> <span class='ocrx_word' id='word_1_813' title='bbox 1999 5617 2086 5667; x_wconf 78' lang='lat' dir='ltr'><strong>fu-</strong></span> 
     </span>
    </p>
   </div>
   <div class='ocr_carea' id='block_1_112' title="bbox 509 5687 2084 5753">
    <p class='ocr_par' dir='ltr' id='par_1_112' title="bbox 509 5687 2084 5753">
     <span class='ocr_line' id='line_1_113' title="bbox 509 5687 2084 5753; baseline 0.001 -17"><span class='ocrx_word' id='word_1_814' title='bbox 509 5701 632 5753; x_wconf 84' lang='lat' dir='ltr'><strong>gam</strong></span> <span class='ocrx_word' id='word_1_815' title='bbox 663 5697 779 5740; x_wconf 83' lang='lat' dir='ltr'><strong>arte</strong></span> <span class='ocrx_word' id='word_1_816' title='bbox 831 5688 1177 5749; x_wconf 85' lang='lat' dir='ltr'><strong>simulantes,</strong></span> <span class='ocrx_word' id='word_1_817' title='bbox 1210 5687 1503 5742; x_wconf 85' lang='lat' dir='ltr'><strong>consilium</strong></span> <span class='ocrx_word' id='word_1_818' title='bbox 1546 5687 1827 5750; x_wconf 86' lang='lat' dir='ltr'><strong>inierunt,</strong></span> <span class='ocrx_word' id='word_1_819' title='bbox 1874 5694 1932 5739; x_wconf 84' lang='lat' dir='ltr'><strong>ut</strong></span> <span class='ocrx_word' id='word_1_820' title='bbox 1960 5688 2084 5738; x_wconf 81' lang='lat' dir='ltr'><strong>abs-</strong></span> 
     </span>
    </p>
   </div>
   <div class='ocr_carea' id='block_1_113' title="bbox 513 5755 2081 5824">
    <p class='ocr_par' dir='ltr' id='par_1_113' title="bbox 513 5755 2081 5824">
     <span class='ocr_line' id='line_1_114' title="bbox 513 5755 2081 5824; baseline 0 -18"><span class='ocrx_word' id='word_1_821' title='bbox 513 5757 794 5808; x_wconf 77' lang='lat' dir='ltr'><strong>traliereut</strong></span> <span class='ocrx_word' id='word_1_822' title='bbox 838 5774 933 5812; x_wconf 89' lang='lat' dir='ltr'><strong>eos</strong></span> <span class='ocrx_word' id='word_1_823' title='bbox 993 5759 1061 5812; x_wconf 87' lang='lat' dir='ltr'><strong>de</strong></span> <span class='ocrx_word' id='word_1_824' title='bbox 1125 5759 1346 5812; x_wconf 82' lang='lat' dir='ltr'><strong>civitate</strong></span> <span class='ocrx_word' id='word_1_825' title='bbox 1409 5756 1638 5823; x_wconf 84' lang='lat' dir='ltr'><strong>(Gabaa)</strong></span> <span class='ocrx_word' id='word_1_826' title='bbox 1685 5766 1741 5810; x_wconf 89' lang='lat' dir='ltr'><strong>et</strong></span> <span class='ocrx_word' id='word_1_827' title='bbox 1787 5755 1944 5824; x_wconf 82' lang='lat' dir='ltr'><strong>quasi</strong></span> <span class='ocrx_word' id='word_1_828' title='bbox 1998 5756 2081 5807; x_wconf 61' lang='lat' dir='ltr'><strong>fu:</strong></span> 
     </span>
    </p>
   </div>
   <div class='ocr_carea' id='block_1_114' title="bbox 511 5824 2073 5897">
    <p class='ocr_par' dir='ltr' id='par_1_114' title="bbox 511 5824 2073 5897">
     <span class='ocr_line' id='line_1_115' title="bbox 511 5824 2073 5897; baseline 0.003 -23"><span class='ocrx_word' id='word_1_829' title='bbox 511 5824 722 5892; x_wconf 78' lang='lat' dir='ltr'><strong>gientes</strong></span> <span class='ocrx_word' id='word_1_830' title='bbox 746 5865 760 5888; x_wconf 92' lang='lat'><strong>,</strong></span> <span class='ocrx_word' id='word_1_831' title='bbox 790 5829 853 5880; x_wconf 90' lang='lat' dir='ltr'><strong>ad</strong></span> <span class='ocrx_word' id='word_1_832' title='bbox 896 5830 1242 5897; x_wconf 83' lang='lat' dir='ltr'><strong>supradictas</strong></span> <span class='ocrx_word' id='word_1_833' title='bbox 1273 5826 1495 5882; x_wconf 86' lang='lat' dir='ltr'><strong>semitas</strong></span> <span class='ocrx_word' id='word_1_834' title='bbox 1527 5826 1896 5896; x_wconf 83' lang='lat' dir='ltr'><strong>perducerent</strong></span> <span class='ocrx_word' id='word_1_835' title='bbox 1921 5867 1935 5890; x_wconf 93' lang='lat'><strong>,</strong></span> <span class='ocrx_word' id='word_1_836' title='bbox 1965 5835 2073 5880; x_wconf 86' lang='lat' dir='ltr'><strong>etc.</strong></span> 
     </span>
    </p>
   </div>
  </div>
