4016 6424
252 369 353 438 457
1408 365 1780 428 HISTORIA
1793 368 1835 428 Β

1936 367 1960 426 l
2000 365 2235 427 LIBER
2283 366 2355 425 ΙΙ.
3407 380 3512 445 45v;

252 491 443 554 Δείσας
493 487 549 542 δέ
587 487 684 559 μὴ,
712 488 848 558 ὅπερ
896 485 1140 566 ἐγένετο,
1175 483 1308 556 περὶ
1362 484 1458 538 τοῦ
1508 483 1832 555 τραύματος
1876 482 2044 536 αὑτοῦ
2082 482 2358 554 ἐτέρωςῆ
2420 484 2495 547 ὡς
2557 483 2672 554 ἔχει
2717 485 2990 558 φημισθῇ,
3024 488 3209 559 ἐδήλου
3254 494 3347 547 καὶ
3383 499 3515 566 περὶ

250 581 441 648 αὐτοῦ,
489 580 566 644 ὡς
597 578 836 651 τρωθείη
875 579 974 649 μὲν
1014 563 1339 648 τὸν’μηρὺν,
1377 575 1642 646 οὐδεμίαν
1690 575 1838 630 δὲτὸ
1875 575 2102 646 τραῦμα
2155 575 2303 647 ἔχειν
2335 575 2592 646 ὑποψίαν,
2634 579 2754 632 οὐδὲ
2821 580 2909 634 διά
2936 581 3095 636 τοῦτο
3127 585 3227 654 τὴν
3253 563 3515 644 ἐπάνοδον

251 676 549 738 ποιεῖσθαι,
583 672 704 726 ἀλλ’
731 671 879 725 οὕτω
901 671 1061 736 δόξαν
1115 671 1420 725 λυσιτελεῖν
1477 671 1575 724 καὶ
1635 671 1771 742 πρὶν
1826 673 2132 742 τρωθῆναι.
2177 673 2236 727 '0
2286 675 2458 744 μέγας
2507 676 2567 729 δὲ
2621 677 2970 748 δορέστικος,
2997 681 3120 735 ἐπεὶ
3150 682 3222 736 τά
3247 688 3376 757 περὶ
3415 688 3516 756 τὴν

258 765 680 834 στρατοπεδείαν
741 766 1117 834 κατεστήσατο
1173 762 1380 826 καλῶς,
1431 764 1593 826 ὅσους
1646 763 1826 830 ἔδοξεν
1867 763 2019 834 αὐτῷ
2054 767 2153 836 τῆς
2217 769 2480 837 στρατιᾶς
2549 770 2910 840 παραλαϐὼν,
2949 773 3092 826 κατά
3124 775 3223 845 τὴν
3263 777 3517 848 είσϐολήν

251 861 345 912 τοῦ
397 859 788 930 στρατοπέδου,
834 861 960 913 ἐπεὶ
1012 859 1279 927 ἐπεφύκει
1327 858 1511 923 καλῶς
1573 858 1828 929 καθάπερ
1871 859 2066 929 ἰσθμὸς
2139 859 2274 914 οὖσα
2341 864 2528 936 στενὴ,
2565 863 2658 916 τού
2718 865 2932 921 ἔνδοθεν
2971 868 3206 922 ἐπιπολὺ
3247 871 3518 925 πλατυνοο

255 953 443 1020 μένου,
488 950 755 1021 ηὐλίσατο
808 953 908 1024 τὴν
963 953 1158 1019 νύκτα,
1200 952 1454 1023 φυλακῆς
1506 953 1696 1006 ἕνεκεν
1768 952 1870 1022 τῆς
1909 955 2194 1024 στρατιᾶς.
3048 950 3055 957 ’

1580 1095 1748 1166 218
1782 1093 2012 1153 CAPUT
2055 1099 2189 1155 Vlll.

255 1215 467 1272 Laudat
505 1231 600 1286 pro
633 1216 880 1269 concione
926 1215 1192 1286 Romanos
1249 1213 1520 1286 Ore/iane:
1564 1215 1647 1270 uel
1676 1215 1871 1282 hostis;
1901 1217 1955 1271 in
2002 1215 2175 1274 locum
2219 1224 2466 1277 tutiorem
2507 1224 2887 1280 abscedéndum
2939 1226 3144 1280 suadet.
3202 1225 3518 1280 Dissuadent

319 1284 569 1364 senes,“
599 1287 946 1364 quaratione
984 1287 1038 1338 in
1073 1285 1254 1364 eodem
1285 1284 1396 1338 loco
1431 1287 1754 1364 manendum
1809 1289 1901 1364 sit,
1925 1289 2170 1364 edocent.
2214 1291 2423 1362 Duplex
2457 1296 2523 1347 de
2576 1296 2898 1364 imperatore
2936 1312 3028 1364 per
3057 1305 3234 1350 castra
3265 1312 3444 1349 rumor
3469 1305 3517 1349 rt

322 1357 553 1430 militum
594 1356 918 1430 trepidatio;
970 1370 1194 1430 quorum
1229 1355 1411 1430 fugam
1463 1357 1774 1430 domesticus
1822 1357 2060 1411 inhibere
2109 1355 2312 1430 nequit;
2376 1355 2754 1430 Imperatorem
2807 1355 2972 1418 lemb'o
3014 1375 3216 1419 vectum
3259 1366 3522 1421 Constan-

321 1425 582 1549 tinlopoitin
628 1422 831 1494 frustra
873 1422 1084 1494 quairit.
1133 1422 1406 1478 Exercitus
1453 1427 1655 1497 fugiens
1701 1428 1756 1480 in
1785 1437 2016 1496 quatuor
2052 1422 2247 1500 oppida
2300 1449 2354 1487 se
2396 1422 2658 1504 dispertit.
2700 1435 2855 1504 Apud
2891 1434 3237 1490 Philocrenen
3305 1443 3519 1503 accepta

321 1514 384 1549 ca
412 1514 516 1549 amr
546 1513 622 1549 as.
3484 1515 3492 1526 ι

319 1513 622 1550 εαιαιηιιαε.
3484 1515 3492 1526 ¹

336 1640 610 1709 Ὀρχάνης
643 1637 721 1703 δέ,
758 1638 883 1692 ἐπεὶ
916 1639 1218 1694 ἐπελάϐετο
1247 1642 1281 1712 ή
1307 1641 1424 1707 νὺξ.
1461 1647 1586 1704 τοὺς
1619 1639 1710 1694 ὑπ’
1739 1641 1834 1695 αὺ-

2005 1637 2315 1706 Orcbanes,
2369 1654 2662 1716 postquam
2698 1648 3140 1714 contenebravit,
3177 1652 3385 1706 coactis
3429 1667 3522 1706 sa-

251 1733 346 1784 τὸν
393 1732 680 1800 σατράπας
709 1731 920 1793 πάντας
952 1731 1305 1799 συναγαγὼν,
1342 1733 1454 1804 Τὴν
1498 1733 1599 1802 μὲν
1639 1734 1834 1802 ἐμπει-

257 1823 399 1893 ρίαν,
435 1818 576 1883 εἶπε,
603 1823 699 1874 καὶ
732 1823 830 1890 τὴν
859 1821 1064 1890 τόλμαν
1094 1821 1204 1873 τῶν
1244 1823 1537 1891 Ῥωμαίων
1561 1824 1662 1893 τὴν
1690 1822 1832 1876 κατά

257 1913 356 1976 τὰς
392 1913 596 1982 μάχας,
647 1912 842 1968 οὐδένα
876 1913 1120 1984 σήμερον
1154 1912 1313 1982 ὑμῶν
1357 1913 1544 1983 οῐομαι
1569 1916 1835 1984 ὴγνοηκέ-

255 2023 368 2060 ναι.
391 2005 545 2058 Δσκῶ
573 2005 626 2058 δέ
653 2022 745 2074 μοι
777 2006 870 2058 καὶ
894 2005 1094 2069 αὐτοὺς
1127 2005 1194 2059 ἂν
1219 2007 1343 2075 ἐμοὶ
1371 2005 1830 2077 συνομολογῆσαι,

252 2095 326 2157 ὼς
359 2095 475 2149 οὔτ’
499 2095 584 2164 ἐφ’
607 2095 786 2166 ήμῶν,
816 2095 928 2150 οὔτ’
953 2096 1046 2150 ἐπὶ
1078 2095 1188 2150 τῶν
1227 2097 1514 2170 ἡμετέρων
1549 2098 1834 2167 προγόνων

254 2189 434 2256 ἕτεροί
469 2205 618 2252 τινες
654 2186 943 2258 Ῥωμαίων
969 2187 1144 2252 οὕτως
1171 2189 1414 2253 εὐκλεῶς
1459 2189 1602 2258 ἄγαν
1632 2190 1835 2259 ἠγωνί-

258 2299 422 2335 σαντο
458 2281 556 2335 καὶ
591 2281 732 2351 μετά
771 2282 956 2351 πάσης
988 2282 1309 2352 ἐμπειρίας.
1357 2281 1460 2336 Διά
1490 2281 1678 2352 πάσης
1723 2273 1833 2353 γὰρ

258 2373 480 2442 ἡμέρας
521 2374 700 2442 ήμῶν,
745 2373 778 2442 ἢ
814 2373 1023 2445 ἀπάτῃ,
1070 2372 1102 2444 ἢ
1147 2371 1433 2443 ἐκπλήξει,
1468 2373 1502 2443 ἢ
1555 2374 1700 2444 ὁρμῇ
1737 2373 1835 2426 καὶ

255 2464 562 2533 θρασύτητι
585 2464 903 2534 παραϐόλῳ,
926 2463 958 2534 ἢ
988 2464 1070 2517 ἐν).
1089 2464 1152 2532 γέ
1185 2481 1262 2534 τῳ
1285 2464 1471 2534 τρόπῳ
1494 2464 1575 2527 είς
1605 2462 1834 2528 ἀταξίαν

259 2553 457 2615 αὐτοὺς
487 2555 844 2623 πειρωμένων
891 2554 1176 2623 ἐμϐαλεῖν,
1211 2555 1261 2606 oi
1313 2553 1358 2606 δ’
1412 2553 1564 2607 οὐδὲν
1631 2553 1834 2623 μᾶλλον

262 2645 599 2715 ἐκινήθησαν
658 2643 753 2696 τοῦ
809 2646 1189 2714 προσήκοντος
1234 2645 1586 2716 φρονήματος
1621 2644 1833 2712 αὐτοῖς,

270 2735 379 2788 ἀλλ’
407 2735 668 2806 ἐμπειρίᾳ
714 2735 813 2805 μὲν
856 2735 1130 2803 ἐφύλαξαν
1169 2736 1268 2806 τήν
1314 2735 1496 2803 τάξιν,
1529 2737 1727 2808 ἀνδρίᾳ
1775 2737 1832 2790 δὲ

281 2827 376 2879 καὶ
401 2829 622 2898 εὐψυχίᾳ
653 2827 941 2900 κρείττους
985 2830 1074 2882 ἀεὶ
1119 2829 1439 2897 φαινόμενοι
1472 2829 1656 2898 ήμῶν,
1688 2829 1830 2882 ἀπέ-

278 2935 490 2973 κτειναν
536 2921 638 2990 μὲν
685 2920 914 2983 πολλοὺς
945 2921 1108 2992 ήμῶν
1134 2936 1146 2950 ·
1183 2920 1410 2975 ἐκείνων
1451 2920 1508 2973 δὲ
1556 2918 1856 2976 ἀπέθανον

1936 1733 2110 1802 trapis
2139 1735 2274 1800 suis,
2307 1737 2435 1791 talia
2467 1739 2636 1794 verba
2667 1739 2934 1796 disseruit
2965 1760 2979 1798 :
3025 1743 3200 1808 Quam
3249 1745 3360 1798 sint
3391 1743 3518 1798 belli

1935 1823 2197 1890 scientes,
2226 1842 2503 1898 manuque
2543 1831 2781 1900 prompti
2826 1831 3085 1897 Remani,
3121 1833 3400 1887 neminem
3428 1847 3522 1886 ve-

1935 1923 2111 1969 strum
2143 1916 2308 1974 hodie
2337 1922 2555 1976 nescire
2586 1923 2808 1992 opinor,
2852 1923 3091 1993 noviqne
3132 1940 3234 1994 pro
3259 1933 3434 1990 cerw.
3463 1937 3520 1979 οι
3596 1972 3603 1976 -

1935 2020 2034 2063 vos
2065 2008 2200 2064 mihi
2233 2026 2580 2081 assensurus,
2607 2030 2789 2084 neque
2830 2016 3038 2072 nostris
3061 2058 3076 2083 ,
3112 2033 3295 2087 neque
3343 2020 3520 2088 majo-

1934 2113 2060 2154 rum
2074 2110 2390 2157 nostrorum
2410 2106 3087 2177 saeculisRomanosjalios
3108 2123 3174 2163 cu
3184 2125 3233 2162 m
3255 2118 3404 2164 tanta
3421 2127 3521 2165 no-

1935 2191 2100 2247 minis
2119 2192 2204 2248 sui
2223 2195 2416 2265 gloria,
2438 2205 2662 2267 tamque
2681 2199 2944 2267 singulari
2960 2200 3156 2268 peritia
3177 2201 3515 2258 deeertasse.

1934 2278 2072 2335 Cum
2112 2283 2260 2337 enim
2286 2299 2384 2354 per
2404 2295 2578 2340 totum
2606 2287 2748 2341 diem
2774 2299 2870 2342 aut
2889 2289 3130 2355 fallacia,
3163 2301 3258 2352 aut
3277 2299 3516 2357 terrore,

1933 2379 2030 2425 aut
2068 2372 2275 2443 impetu
2317 2375 2510 2431 audaci
2557 2391 2620 2431 ac
2657 2379 2971 2448 repentino,
3019 2390 3115 2434 aut
3141 2380 3249 2436 alio
3276 2381 3518 2452 denique

1936 2462 2099 2517 modo
2114 2465 2337 2521 ordines
2356 2481 2546 2521 eorum
2569 2468 2884 2524 disturbare
2903 2485 3258 2533 conaremur,
3282 2471 3384 2540 ipsi
3415 2487 3518 2526 nec

1938 2555 2216 2610 tantillum
2249 2572 2278 2610 a
2309 2559 2534 2627 propria
2587 2559 2694 2613 sibi
2735 2560 3032 2615 altitudine
3077 2561 3247 2615 animi
3279 2562 3520 2617 deﬂexe—

1915 2652 2088 2720 .runt,
2119 2645 2214 2700 sed
2232 2661 2338 2716 qua
2358 2648 2542 2702 valent
2562 2648 2878 2718 disciplina,
2904 2649 3171 2706 stationes
3204 2663 3520 2706 servarunt.
3557 2683 3562 2688 -

1933 2734 2260 2791 fortitudine
2284 2745 2470 2792 autem
2502 2738 2786 2808 animique
2823 2740 3140 2808 prmstantia
3168 2755 3388 2810 semper
3426 2757 3526 2795 ne-

1934 2828 2022 2883 bis
2052 2829 2331 2895 meliores,
2361 2832 2680 2901 complures
2712 2843 2962 2888 nostrum
2980 2831 3124 2890 Orco
3155 2834 3520 2902 demiserunt,

1934 2935 2007 2976 ne
2058 2921 2254 2990 paucis
2287 2923 2512 2992 quidem
2554 2926 2622 2978 de
2655 2939 2850 2980 eorum
2884 2941 3119 2981 numero
3166 2927 3518 2984 desideratis.

266 3011 389 3065 οὐδὲ
413 3011 579 3080 ὀλίγοι
598 3029 611 3042 ·
642 3015 739 3066 καὶ
769 3012 828 3066 τὸ
858 3013 925 3082 δή
951 3012 1424 3084 θαυμαστότερον,
1451 3014 1534 3066 ὅτι
1560 3014 1658 3068 καὶ
1693 3015 1834 3084 μετά

1937 3011 2208 3082 Quodque
2253 3013 2566 3070 mirabilius
2611 3025 2716 3079 est,
2747 3015 2912 3071 etiam
2964 3017 3018 3070 in
3065 3029 3244 3073 castra
3280 3034 3342 3074 se
3376 3023 3556 3076 reci».

262 3103 363 3174 τὴν
402 3104 692 3169 ἀνάζευξιν
743 3105 838 3174 τῆς
895 3105 1158 3175 στρατιᾶς
1189 3104 1390 3174 ὀλίγων
1441 3105 1606 3159 τινῶν
1652 3105 1832 3160 ὀπίσω

262 3195 725 3266 ύπολιπομένων,
778 3195 1221 3259 πολλαπλασίους
1276 3197 1342 3250 ὲκ
1398 3198 1507 3251 τῶν
1543 3197 1834 3270 ἡμετέρων

265 3290 581 3358 ἐπιθέμενοι
631 3289 836 3352 αὐτοῖς,
871 3288 932 3341 οὐ
971 3290 1132 3358 μόνον
1177 3290 1238 3341 οὐ
1289 3289 1674 3360 περιεγένοντο
1733 3290 1834 3344 αύ-

262 3383 392 3448 τῶν,
429 3381 568 3437 ἀλλά
613 3382 708 3436 καὶ
738 3381 847 3434 τῶν
900 3381 1120 3435 οἰκείων
1151 3381 1431 3435 ἀπέϐαλον
1461 3384 1590 3446 τοὺς
1636 3383 1833 3456 ἀνδρίᾳ

263 3476 500 3544 μάλιστα
530 3475 860 3544 προέχοντας
918 3475 1013 3526 καὶ
1063 3474 1274 3544 τόλμῃ·
1332 3475 1428 3527 καὶ
1462 3475 1582 3544 μετ’
1631 3476 1833 3540 αὐτοὺς

258 3565 426 3618 πάλιν
454 3564 678 3634 ἐτέρων,
719 3564 964 3631 καίτοιγε
989 3563 1254 3634 ἀνοήτως,
1285 3564 1714 3632 προσϐαλόντων
1737 3567 1833 3618 καὶ

259 3656 486 3724 φαύλως
516 3654 966 3724 ἀγωνισαμένων,
996 3654 1058 3707 τὸ
1083 3655 1288 3722 δοκεῖν,
1318 3655 1393 3719 ὡς
1425 3656 1527 3725 ἐμὲ
1579 3657 1834 3728 οίηθῆναι

263 3749 470 3808 πάντας
494 3748 690 3809 αὐτοὺς
733 3746 1054 3817 διαφθερεῖν
1083 3747 1254 3816 ἡμᾶς,
1283 3747 1434 3814 ὅμως
1462 3747 1603 3819 πλὴν
1635 3747 1833 3814 ὀλίγων

260 3841 372 3894 τῶν
396 3841 695 3906 πεσόντων,
737 3840 787 3893 oi
835 3839 986 3894 ἄλλοι
1027 3840 1230 3904 πάντες
1260 3841 1412 3912 παρὰ
1457 3842 1617 3909 δόξαν
1646 3843 1836 3897 διεσώ-

260 3933 460 4003 θησαν.
497 3925 597 3984 Ὧν
639 3949 732 4003 μοι
765 3930 862 3985 καὶ
883 3931 1034 3985 δοκεῖ
1063 3931 1155 3986 τὸν
1184 3933 1492 4003 στρατηγὸν
1518 3935 1546 3986 ὀ
1578 3935 1836 4003 βασιλεὺς

260 4028 356 4091 τῆς
393 4025 621 4088 ἀταξίας
647 4023 814 4077 ἕνεκα
844 4026 926 4086 εἰς
947 4023 1047 4092 τὴν
1076 4025 1356 4095 σωτηρίαν
1387 4023 1714 4095 ζημιώσειν.
1737 4026 1835 4080 Ἐκ

259 4118 446 4171 τοίνυν
467 4116 673 4170 τούτων
713 4115 933 4169 πάντων
960 4115 1108 4179 είκδς
1138 4116 1232 4170 τὸν
1264 4116 1493 4186 βασιλέα
1519 4118 1730 4171 οίεσθαι
1752 4120 1836 4182 είς

257 4212 360 4282 τήν
393 4210 692 4281 ὑστεραίαν
726 4209 929 4279 μᾶλλον
963 4208 996 4270 ἢ
1043 4209 1315 4279 πρότερον
1360 4207 1670 4279 θαρροῦντα
1700 4211 1834 4280 ήμῖν

1939 3102 2127 3170 piente
2171 3102 2440 3168 exercitu,
2477 3117 2604 3156 cum
2655 3104 2803 3158 baud
2855 3105 2930 3160 ita
2983 3105 3143 3161 multi
3189 3107 3520 3172 rediissem.

1940 3209 2151 3265 eosque
2185 3195 2252 3250 de
2279 3196 2437 3250 nobis
2457 3196 2630 3250 multo
2682 3197 2868 3266 plures
2903 3198 3257 3266 invasissent,
3306 3210 3519 3255 tantum

1939 3289 2122 3356 abest,
2157 3297 2216 3344 ut
2267 3304 2364 3345 cos
2415 3290 2677 3356 vicerint,
2713 3299 2772 3344 ut
2819 3291 2984 3345 etiam
3026 3291 3096 3346 de
3146 3293 3263 3346 suis
3315 3294 3520 3348 virtute

1940 3391 1995 3436 et
2043 3381 2328 3436 alacritate
2393 3381 2556 3451 longe
2628 3382 2942 3453 praecipuos
3009 3383 3335 3438 amiserunt.
3391 3385 3524 3440 Post

1936 3488 2171 3528 eoscum
2195 3473 2545 3537 alii,tametsi
2569 3474 2968 3544 imprudenter,
3021 3475 3074 3528 in
3121 3491 3223 3530 nos
3261 3476 3523 3531 incurris-

1938 3576 2059 3620 sent
2105 3566 2474 3636 infausteque,
2500 3575 2560 3620 ut
2589 3567 2907 3636 apparebat,
2935 3579 3269 3638 pugnassent
3292 3571 3378 3640 (ut
3404 3583 3524 3624 cre-

1937 3655 2174 3718 diderim
2240 3673 2433 3712 onmes
2493 3657 2558 3712 ad
2617 3673 2788 3711 unum
2869 3657 3126 3713 manibus
3187 3659 3393 3713 nostris
3441 3658 3525 3711 in-

1935 3749 2226 3804 terfectum
2277 3750 2392 3816 iri),
2419 3758 2600 3803 tamen
2631 3750 2866 3819 demptis
2895 3766 3004 3804 non
3055 3750 3128 3804 ita
3168 3751 3377 3818 multis,
3414 3765 3522 3805 caa-

1936 3839 2038 3893 teri
2072 3855 2264 3894 omnes
2291 3855 2489 3908 praeter
2527 3840 2848 3909 opinionem
2893 3849 3230 3894 evaserunt:
3282 3855 3519 3910 quorum

1936 3933 2102 3987 etiam
2136 3933 2329 3987 ducem
2363 3934 2684 4002 imperator,
2714 3943 2940 4004 pmpter
2971 3933 3222 3988 ordinem
3251 3947 3359 3987 non
3399 3947 3518 3987 ser-

1936 4032 2145 4091 vatum,
2191 4024 2507 4079 salutariter
2543 4025 2872 4080 multaturus
2907 4025 3142 4080 videtur.
3185 4026 3260 4078 Ex
3289 4024 3376 4079 bis
3428 4040 3523 4079 ve-

1937 4117 2168 4170 risimile
2215 4115 2294 4179 ﬁt,
2334 4116 2488 4168 illum
2536 4116 2843 4185 majoribus
2890 4130 3056 4185 quam
3101 4127 3260 4170 antea
3315 4117 3523 4185 spiriti-

1938 4203 2043 4258 bus
2076 4205 2198 4260 luce
2230 4203 2468 4258 crastina
2507 4219 2612 4258 nos
2643 4219 3056 4275 aggressurum.
3089 4220 3187 4259 nos
3211 4216 3394 4260 autem
3432 4217 3522 4260 ut-

258 4303 717 4374 ἐπιστρατεύσειν
743 4320 756 4335 ·
789 4303 936 4372 ἡμᾶς
988 4301 1043 4355 δὲ
1076 4301 1152 4372 μὴ
1200 4301 1536 4370 δυναμένους
1565 4301 1699 4374 πρὸς
1734 4302 1832 4373 τὴν

1941 4306 2068 4367 pote
2089 4297 2157 4352 ad
2181 4298 2546 4352 resistendum
2597 4298 2900 4353 imbecilles
2933 4308 2989 4352 et
3019 4299 3216 4363 victos,
3257 4297 3518 4353 illiberali

261 4398 451 4467 μάχην
486 4396 781 4465 ἀντισχεῖν,
817 4394 1042 4463 φεύγειν
1095 4392 1311 4462 ἀνάγκη
1359 4391 1698 4461 ἡττηθέντας
1745 4393 1834 4445 ai-

258 4487 444 4558 σχρῶς
481 4488 575 4540 καί
609 4485 876 4556 ἀγεννῶς.
911 4485 973 4537 Ei
1004 4483 1060 4536 δὲ
1109 4483 1287 4554 παρὸν
1315 4482 1622 4546 ἀκινδύνως
1667 4481 1838 4547 σώζε-

257 4580 411 4641 σθαι,
469 4579 563 4630 καὶ
601 4578 825 4646 προσέτι
882 4575 981 4628 καὶ
1013 4574 1113 4644 τήν
1148 4574 1212 4626 ἐκ
1257 4575 1357 4642 τῆς
1403 4574 1576 4644 ἥττης
1616 4573 1836 4639 ἀδοξίαν

252 4669 569 4736 διαφυγεῖν,
607 4668 804 4738 (οὐδεὶς
833 4668 942 4739 γὰρ
973 4668 1039 4720 ἂν
1073 4669 1208 4736 ήμίν
1252 4665 1532 4736 μέμψαιτο
1562 4667 1672 4719 τῶν
1712 4667 1836 4722 νοῦν

253 4763 495 4831 ἐχόντων
522 4761 612 4814 τὸν
659 4760 940 4830 προῦπτον
992 4760 1505 4830 παραιτησαμένοις
1538 4759 1834 4830 κίνδυνον),

250 4853 440 4906 ἔπειθ’
477 4853 580 4906 ὑπὸ
620 4851 957 4920 φιλονεικίας
1003 4853 1084 4913 είς
1128 4851 1258 4914 τοὺς
1299 4849 1564 4920 ἐσχάτους
1610 4852 1834 4915 ἑαυτοὺς

252 4948 685 5015 καταστήσομεν
714 4942 1022 5006 κινδύνους,
1061 4942 1162 4996 οὐκ
1188 4942 1298 5012 ἄρα
1332 4941 1558 5012 δόξομεν
1579 4943 1838 5013 ἀνοηταί-

251 5057 371 5093 νειν
404 5039 501 5093 καὶ
533 5034 904 5090 ἐπιϐουλεύειν
941 5035 1188 5100 ἐαυτοῖς;
1218 5033 1312 5088 Διδ
1331 5033 1394 5104 δή
1428 5051 1518 5104 μοι
1551 5035 1643 5088 καὶ
1663 5034 1834 5102 δοκεῖ,

256 5132 415 5186 τουτὶ
465 5129 566 5199 μὲν
608 5129 669 5182 τὸ
722 5125 1088 5196 στρατόπεδον
1133 5125 1482 5190 καταλιπεῖν,
1536 5126 1735 5196 ἐτέρας
1780 5127 1838 5181 δὲ,

261 5225 465 5286 πολλάς
511 5220 893 5291 ἀναχωρήσεις
918 5219 1275 5289 ὀχυρωτάτας
1306 5218 1404 5270 καὶ
1433 5217 1838 5287 δυσπροσόδους

264 5317 480 5387 ἔχοντος
506 5314 602 5368 τοῦ
636 5313 830 5376 τόπου,
859 5310 939 5373 εἷς
984 5324 1110 5363 τινα
1141 5309 1322 5363 αὐτῶν
1353 5307 1548 5374 ἐλθεῖν,
1589 5315 1753 5362 κακεῖ
1775 5309 1838 5362 τὸ

257 5410 683 5479 ἀποϐησόμενον
717 5403 1060 5474 περιμένειν.
1101 5401 1324 5454 Βέλτιον
1350 5401 1458 5471 γὰρ
1491 5401 1630 5471 μετὰ
1652 5401 1838 5466 ἀδείας

253 5501 593 5570 ἀναχωρεῖν,
648 5497 680 5568 ἢ
744 5495 972 5564 φεύγειν
1008 5493 1118 5547 τῶν
1163 5493 1452 5563 Ῥωμαίων
1505 5493 1831 5548 διωκόντων.

252 5593 504 5647 Τοιαῦτα
536 5586 925 5661 μὲνὌρχάνης
954 5586 1090 5656 μετά
1122 5584 1232 5639 τῶν
1261 5586 1319 5638 ἐν
1353 5585 1496 5637 τέλει
1520 5581 1837 5640 ἐϐουλεύετο

1941 4403 2005 4443 ae
2041 4387 2188 4458 turpi
2221 4387 2347 4458 fuga
2400 4389 2634 4442 salutem
2687 4388 2932 4443 volentes
2973 4388 3334 4457 nolentesque
3376 4390 3520 4459 peti-

1943 4489 2116 4535 turos.
2148 4479 2302 4545 Quod
2335 4479 2405 4543 si,
2448 4494 2572 4533 cum
2607 4479 2778 4534 vitato
2824 4479 3148 4534 discrimine
3187 4479 3354 4534 salvis
3399 4496 3520 4535 esse

1937 4580 1992 4628 et
2024 4572 2322 4642 ignominia
2352 4587 2469 4641 quae
2492 4571 2668 4626 vietos
2698 4571 2970 4641 sequitur,
2991 4588 3180 4629 carere
3210 4572 3370 4627 liceat
3397 4573 3518 4645 (ne-

1938 4681 2030 4720 mo
2062 4664 2335 4733 siquidem
2359 4663 2714 4734 prudcntium
2740 4665 3130 4733 reprehendet,
3159 4665 3204 4720 si
3225 4667 3517 4734 praevisum

1937 4753 2244 4824 periculum
2275 4767 2305 4806 a
2335 4752 2498 4806 nobis
2530 4753 2913 4822 detestcmur),
2939 4767 3006 4807 ex
3041 4753 3391 4807 :emulatioue
3427 4769 3525 4806 cx-

1938 4855 2114 4902 trema
2141 4844 2391 4915 pericula
2424 4845 2699 4900 nobismet
2730 4846 3124 4909 creaveiilnus,
3163 4860 3229 4898 an
3275 4860 3383 4908 non
3427 4847 3522 4900 de-

1940 4942 2146 5012 sipere,
2169 4949 2226 4994 et
2249 4940 2354 5008 ipsi
2379 4938 2656 5007 capitibus
2685 4938 2892 4992 nostris
2916 4947 3123 5007 pestem
3146 4947 3364 4992 struere
3391 4953 3517 4992 ceu-

1940 5032 2184 5089 sebimur
2205 5031 2227 5084 ?
2249 5031 2413 5102 219
2436 5030 2804 5097 Quamobrem
2838 5030 2968 5085 hinc
3011 5031 3429 5094 discedendum,
3463 5035 3521 5086 et”

1939 5123 2201 5196 quoniam
2255 5123 2407 5194 regio
2431 5123 2568 5177 alios
2604 5122 2941 5193 complures,
2977 5122 3512 5193 munitissimosque,

1939 5225 1994 5269 et
2024 5212 2324 5282 impervios
2356 5228 2612 5268 recessus
2632 5213 2822 5279 habet,
2845 5213 3084 5284 aliquem
3105 5215 3514 5284 occupandum,

1938 5313 1996 5359 et
2037 5304 2150 5359 illic
2197 5311 2455 5359 eventum
2508 5305 2944 5374 exspectandum
3010 5305 3220 5375 judico.
3287 5305 3517 5374 impune

1939 5397 2110 5460 enim,
2153 5407 2362 5452 etcum
2417 5398 2715 5452 securitate
2769 5399 3050 5464 recedere,
3111 5414 3273 5468 quam
3336 5413 3517 5467 perse-

1938 5487 2237 5559 quentibus
2260 5489 2526 5546 Romanis
2553 5489 2757 5560 fugere,
2782 5499 3005 5559 prastat
3035 5491 3243 5559 utique.
3274 5488 3400 5547 litec
3417 5488 3516 5544 Or—

1944 5584 2152 5639 chanes
2179 5581 2244 5636 ad
2284 5583 2478 5638 Persas
2510 5597 2768 5652 proceres
2800 5600 2814 5636 :
2849 5598 2971 5653 quae
3005 5593 3063 5635 ut
3089 5592 3238 5636 recta
3283 5582 3436 5635 valde
3460 5593 3516 5636 et

253 5685 510 5756 Περσῶν,
538 5682 634 5735 καὶ
679 5680 852 5732 ἐδόκει
893 5679 1094 5748 ἄριστα
1134 5673 1278 5731 εἶναι
1320 5677 1416 5732 καὶ
1447 5677 1835 5732 λυσιτελοῦντα

1948 5677 2102 5732 utilia
2129 5677 2374 5730 omnium
2405 5674 2682 5744 suﬂ‘ragiis
2707 5673 3195 5728 conﬁrmabantur.
3246 5671 3516 5728 Caeterum

253 5776 496 5842 ἑαυτοῖς,
546 5773 643 5826 καὶ
677 5771 1081 5841 ἐπεψήφιζοντο
1139 5770 1364 5834 πάντες.
1422 5768 1743 5840 Κολαούςης
1781 5770 1838 5822 δὲ

477 5850 748 5931 Pauor.
802 5868 918 5926 Cm.
959 5863 1162 5925 cun.

1944 5769 2204 5826 Colauses
2236 5766 2554 5838 Salingaris,
2582 5764 2976 5834 etCattegialus
3004 5765 3340 5820 Pachaturcs
3358 5775 3519 5821 actate

3094 5859 3166 5917 15
