4016 6454
332 368 433 431 εει

1484 373 2027 435 HISTORIARUM
2069 373 2304 435 LIBER
2347 376 2455 436 11..

3483 385 3589 447 4132

334 488 569 538 πλεῖστα
607 486 735 549 τούς
770 506 828 541 τε
861 488 1154 559 πολεμίους
1201 490 1527 560 δυνήσονται
1555 490 1788 561 βλάψαι,
1822 492 1897 545 κα¹

2025 487 2134 543 tius
2163 490 2421 554 evenire;
2464 490 2752 546 victoriam
2813 492 2957 557 enim
3007 494 3157 549 nullo
3214 496 3400 553 labore
3449 499 3590 558 inte-

326 580 462 640 τοὺς
493 578 681 646 φίλους
711 581 1013 649 ὠφελῆσαι.
1041 581 1164 636 Εἰδ’
1189 584 1295 652 ἄρα
1319 582 1575 637 τοσοῦτον
1605 585 1910 652 ἐκστήσον-

335 686 420 720 ται
467 670 575 722 τῶν
623 672 803 740 ὀρθῶς
857 674 1089 743 ἑχόντων
1140 674 1442 744 λογισμῶν,
1484 675 1618 730 ὥσθ’
1678 677 1907 740 ἑαυτοὺς

335 761 581 829 θρασέως
619 764 822 817 οὑτωσὶ
851 767 945 819 καὶ
976 767 1298 837 παραϐόλως
1326 769 1421 823 ἐπὶ
1440 767 1511 821 τὰ
1540 768 1772 839 κρημνά
1799 768 1909 821 τῶν

327 853 477 922 ὀρῶν
505 855 599 907 καὶ
628 857 728 920 τὰς
765 859 1043 930 χαράδρας
1081 862 1350 920 είσευθεῖν,
1383 860 1528 914 τοῦτ’
1555 858 1622 913 ἂν
1663 859 1906 928 μάλιστα

335 944 666 1014 βουλοίμεθα
694 948 873 1019 ἡμεῖς,
909 951 1003 1004 καὶ
1032 952 1200 1021 εὐχῆς
1225 951 1292 1005 ἂν
1325 951 1487 1022 ἔργον
1518 953 1649 1005 ἰδεῖν
1679 933 1917 1021 γεγενηί

335 1034 500 1103 μένον
520 1036 627 1106 εἴη.
649 1038 762 1107 Τὴν
791 1041 948 1112 νίκην
971 1042 1079 1114 γὰρ
1114 1043 1245 1112 ἡμῖν
1275 1042 1695 1114 παραδώσουσιν
1726 1043 1903 1095 ἁπον-

332 1128 423 1194 nsi.
485 1128 900 1200 διαφθαρέντες.
926 1112 1099 1187 Τοῦτο
1128 1135 1228 1204 μὲν
1257 1112 1627 1189 οὗν-τοιοῦτον
1656 1133 1737 1198 δν,
1779 1133 1906 1188 οὐδὲ

332 1217 529 1281 αὐτοὺς
556 1219 783 1290 οἰόμεθα
813 1223 1112 1293 ἀγνοῆσαι,
1158 1226 1358 1291 πεῖραν
1389 1224 1465 1288 ὡς
1493 1223 1713 1296 ὁρῶμεν
1742 1224 1907 1277 πολε-

333 1310 475 1377 μίων
508 1310 688 1381 ἔργων
714 1312 955 1383 ἔχοντας,
989 1315 1255 1370 Δείπεται
1292 1318 1355 1386 δὴ
1388 1317 1780 1387 περιελθόντας
1804 1315 1905 1384 τὴν

328 1402 508 1471 ἄκραν
573 1403 684 1456 τῶν
747 1405 894 1476 ὀρῶν
924 1406 988 1461 ἐκ
1027 1408 1264 1478 θατέρου
1304 1411 1509 1478 μέρους
1568 1408 1906 1477 προσϐαλεῖν

280 1508 299 1531 ³
326 1495 482 1563 ἡμῖν,
526 1497 747 1551 πεδινοῦ
771 1516 828 1552 τε
865 1500 1038 1564 ὄντος,
1078 1503 1173 1554 καὶ
1218 1502 1407 1572 ῥᾳδίαν
1432 1501 1769 1572 παρέχοντος
1798 1501 1907 1571 τὴν

324 1589 675 1660 ἐπιχείρησιν
699 1592 904 1654 αὐτοῖς.
933 1584 1304 1662 Στοχάζεσθαι
1330 1592 1388 1646 δὲ
1416 1592 1593 1657 ἔξεστι
1626 1594 1794 1646 stati/si.
1821 1593 1901 1662 τῷ

326 1678 666 1750 βουλομένῳ,
700 1681 777 1746 ὡς
825 1683 988 1753 ἄχρις
1027 1685 1096 1739 ἂν
1145 1685 1331 1748 αὐτοῖς
1362 1687 1395 1755 ἡ
1450 1686 1570 1747 ὀδδς
1612 1684 1897 1755 διανυσθῇ,

323 1771 553 1826 δυνατὸν
584 1775 718 1845 ἡμῖν
773 1776 880 1840 ἔξω
936 1794 994 1830 τε
1051 1777 1317 1831 κινδύνων
1350 1780 1444 1832 καὶ
1492 1778 1660 1847 φόϐου
1694 1780 1899 1842 παντὸς

2017 587 2281 647 remptos,
2331 581 2486 649 quasi
2533 581 2586 635 in
2614 596 2836 636 manum
2892 585 3211 640 tradituros.
3255 587 3379 643 Haec
3411 592 3482 645 ita
3526 609 3587 649 se

2015 668 2238 731 habere,
2272 686 2340 725 ne
2375 672 2497 726 illos
2536 672 2683 742 ipsos
2711 674 2931 743 quidem
2969 677 3264 744 Romanos,
3306 697 3408 737 usu
3455 684 3583 741 belli

2011 760 2206 814 doctos
2257 759 2431 816 videri
2487 763 2763 832 ignorare.
2818 766 3077 836 Relinqui
3127 768 3316 838 igitur,
3377 782 3435 826 ut
3491 776 3587 829 ubi

2013 851 2283 905 montium
2318 848 2631 922 crepidines
2662 870 2757 911 seu
2782 866 3025 913 extrema
3050 859 3394 926 circuierint,
3416 880 3482 920 ex
3509 868 3588 921 al-

2013 947 2127 994 tera
2162 950 2340 1010 parte.
2377 958 2485 1011 qua
2520 945 2775 1013 planities
2814 959 2918 1015 est,
2969 960 3024 1004 et
3056 951 3123 1005 ad
3155 953 3582 1022 aggrediendum

2011 1031 2397 1094 commoditas,
2420 1034 2706 1090 invadant.
2735 1037 2899 1107 220
2919 1038 3240 1111 Conjcctare
3268 1052 3449 1097 autem
3470 1046 3591 1099 cui—

2010 1122 2094 1177 vis
2122 1123 2311 1186 licere,
2346 1124 2394 1178 si
2423 1125 2593 1192 volet,
2631 1126 2811 1183 donec
2838 1130 2912 1183 illi
2937 1131 3277 1196 circuierint,
3306 1151 3465 1203 posse
3490 1153 3587 1192 eos

2009 1217 2075 1271 ad
2105 1219 2470 1276 munitissima
2509 1224 2630 1277 loca
2683 1222 2907 1278 interim
2935 1224 3280 1289 secedentes,
3311 1226 3462 1279 omni
3495 1242 3588 1281 va-

2008 1321 2135 1363 care
2189 1312 2387 1366 timore
2431 1323 2597 1383 atque
2628 1313 2899 1383 periculo.
2956 1315 3231 1370 Accedere
3256 1316 3360 1371 hoc
3389 1317 3582 1382 etiam,

2008 1402 2153 1471 quod
2194 1417 2301 1456 non
2338 1403 2557 1458 illorum
2616 1404 2812 1459 timore
2849 1406 3085 1474 perculsi
3148 1407 3335 1476 fugere
3367 1408 3586 1478 (inquo

2007 1505 2222 1547 summa
2249 1495 2382 1549 insit
2411 1496 2713 1565 turpitudo)
2742 1499 2837 1551 sed
2871 1498 3067 1566 peritia
3102 1499 3255 1552 ducis
3285 1500 3390 1563 usi,
3431 1515 3587 1554 secu-

2008 1584 2229 1640 ritatem
2278 1587 2395 1642 suis
2429 1603 2680 1658 quaerere
2715 1590 3076 1644 videbuntur.
3116 1590 3262 1656 Quos
3290 1606 3421 1645 vero
3450 1606 3584 1645 cen-

2006 1684 2123 1732 tum
2177 1687 2438 1748 tanquam
2482 1681 2536 1734 in
2591 1683 2816 1750 specula
2868 1694 3015 1736 stare
3073 1683 3276 1737 debere
3320 1682 3580 1745 dixerint.

2008 1768 2396 1838 imperatorem
2430 1771 2558 1826 dum
2583 1773 2873 1828 accederet
2894 1774 3286 1840 observantes,
3319 1784 3585 1845 tumque—

323 1867 556 1930 ἑαυτοὺς
583 1841 852 1940 διαθιστᾷν
886 1869 1026 1941 πρὸς
1070 1870 1138 1923 τά
1170 1841 1565 1942 καρτερώτατα
1614 1873 1897 1942 ἀναχωρή-

2006 1877 2113 1930 que
2148 1854 2295 1930 ipsos
2316 1878 2513 1919 secure
2545 1880 2883 1929 secessuros,
2909 1859 3048 1935 quos
3077 1875 3134 1921 ut
3166 1868 3271 1922 levi
3300 1879 3581 1924 armatura

326 1973 555 2024 σαντας,
587 1962 684 2013 καὶ
706 1961 935 2032 προσέτι
966 1962 1273 2031 προσέσται
1301 1963 1366 2015 τὸ
1407 1962 1481 2034 μὴ
1511 1963 1601 2017 διὰ
1633 1966 1732 2032 τὴν
1756 1963 1901 2016 ὲκεί-

320 2069 433 2106 νων
489 2052 761 2123 ὀρρωδίαν
795 2053 1020 2123 φεύγειν
1065 2055 1268 2121 δοκεῖν,
1304 2058 1363 2108 ὲν
1412 2049 1457 2123 ᾧ
1508 2056 1745 2127 μάλιστά
1780 2058 1897 2111 ἐστι

317 2143 385 2197 τὺ
417 2146 666 2214 αἰσχρὸν,
700 2145 819 2198 ἀλλ’
847 2148 1112 2220 ἐμπειρίᾳ
1163 2149 1493 2219 στρατηγῶν
1552 2148 1895 2219 χρωμένους,

317 2235 422 2304 τὴν
460 2236 769 2306 ἀσφάλειαν
799 2239 911 2301 τοῖς
933 2239 1167 2302 οἰκείοις.
1194 2240 1534 2307 ἐκπορίζειν.
1571 2240 1679 2303 υῦς
1713 2241 1897 2310 μέντοι

318 2326 537 2397 ἔφημεν
564 2328 753 2399 ὥσπερ
784 2332 1018 2395 σκοποὺς
1047 2333 1269 2387 ἑστάναι
1292 2335 1508 2399 ἑκατὸν,
1545 2334 1634 2387 τὸν
1674 2333 1897 2402 βασιλέα

318 2421 751 2491 περιμείναντας
778 2424 939 2493 ἄχρις
967 2425 1033 2478 ἂν
1063 2426 1231 2492 ἐγγὺς
1277 2424 1504 2494 γένηται
1554 2423 1758 2488 αὐτῶν,
1786 2424 1896 2478 τότ’

316 2512 426 2583 ἤδη
476 2516 572 2569 καὶ
602 2513 800 2576 αὐτοὺς
850 2514 1110 2586 ἀσφαλῶς
1165 2517 1502 2587 ἀποχωρεῖν,
1560 2514 1777 2579 οὐδενὸς
1828 2516 1897 2570 ἂν

314 2606 721 2676 ἀπίθησομένου
749 2607 841 2661 διὰ
876 2608 939 2662 sb
973 2607 1259 2671 εὐσταλεῖς
1311 2604 1455 2661 εἶναι
1504 2608 1598 2662 καὶ
1632 2607 1894 2675 κούφους,

323 2698 421 2752 καὶ
450 2699 637 2763 ἵπποις
673 2700 915 2772 χρῆσθαι
961 2699 1212 2770 ἀγαθοῖς.
1259 2699 1501 2755 Τοιαῦτα
1541 2699 1651 2753 τῶν
1687 2700 1899 2770 βαρϐά-

330 2808 439 2862 ρων
471 2791 946 2863 βουλευσαμένων,
998 2793 1287 2866 Ὀρχάνης’
1321 2809 1383 2846 τε
1427 2793 1679 2847 ἐπείθετο
1720 2795 1814 2847 καὶ
1845 2795 1896 2846 οἱ

337 2883 485 2938 ἄλλοι
503 2899 515 2913 ·
542 2883 636 2938 καὶ
665 2884 913 2938 ἐδέδοκτο
941 2887 1124 2956 μένειν
1155 2885 1232 2948 ὡς
1276 2887 1336 2949 ὲς
1362 2885 1465 2953 τὴν
1496 2885 1795 2954 ὑστεραίαν
1826 2885 1896 2938 τὰ

334 2972 730 3045 βεϐουλευμένα
778 2975 1188 3040 ἑκτελέσοντας.
1242 2975 1340 3038 Εἰς
1386 2975 1442 3028 δὲ
1487 2975 1549 3028 τὸ
1602 2975 1896 3045 Ῥωμαίων

321 3066 686 3136 στρατόπεδον
742 3065 881 3138 διῄει
939 3068 1119 3139 φήμη,
1187 3066 1264 3131 ὡς
1322 3066 1585 3136 βασιλεὺς
1642 3068 1752 3122 ἀπὺ
1797 3067 1893 3121 τοῦ

313 3159 640 3228 τραύματος
693 3159 952 3229 πονήρως
1001 3159 1137 3229 ἔχει,
1169 3159 1403 3232 καιρίως
1446 3159 1700 3231 πληγείς.
1734 3158 1891 3212 Ὅσοι
1919 3170 1964 3230 c

310 3252 372 3305 δὲ
409 3247 555 3322 ἦσαν
593 3252 676 3306 Est
717 3255 816 3308 xui,
863 3250 943 3322 τῷ
983 3251 1342 3322 πρεσϐυτέρῳ
1380 3250 1595 3322 βασιλεῖ
1635 3249 1894 3320 προσκεί-

315 3359 474 3411 μενοι
532 3343 633 3406 τάς
691 3343 940 3414 γνώμας,
988 3342 1331 3414 διεφήμισαν
1380 3343 1457 3406 ὡς
1495 3342 1893 3413 τεθνηξόμενον

308 3439 443 3490 ὅσον
476 3436 690 3492 οὐδέπω
734 3436 1003 3507 βασιλέαο
1037 3434 1150 3488 εἴτε
1206 3434 1264 3488 δὲ
1313 3437 1410 3489 καὶ
1449 3433 1672 3505 ἀληθῶς
1715 3432 1890 3495 οὕτως

309 3530 461 3599 ἐχειν
511 3530 809 3599 οἰηθέντες,
858 3529 968 3582 εἴτε
1000 3530 1097 3583 καὶ¹
1137 3527 1271 3599 πρὸς
1302 3526 1506 3598 ἔχθραν
1546 3527 1613 3581 τὰ
1658 3526 1892 3580 τοιαῦτα

307 3621 698 3693 διεθρύλησαν,
736 3621 796 3675 ὲν
842 3622 1026 3693 ἀδήλῳ
1068 3619 1421 3690 κατελείφθη,
1472 3617 1566 3671 τοῦ
1620 3616 1891 3689 βασιλέως

310 3714 551 3784 ὕστερον
575 3712 661 3767 διὰ
684 3713 746 3766 τὸ
776 3713 851 3783 μὴ
874 3713 1053 3766 δοκεῖν
1091 3711 1193 3781 τῆς
1237 3711 1319 3774 εἰς
1351 3709 1447 3763 τὸν
1474 3709 1704 3765 πάππον
1725 3708 1891 3762 ἕνεκα

308 3808 535 3871 εὐνοίας
570 3806 873 3877 ἀμύνεσθαι
901 3806 1098 3869 αὐτοὺς
1139 3805 1513 3858 ἀϐασάνιστον
1554 3802 1889 3856 καταλιπόν-

308 3918 407 3965 τος
434 3901 495 3953 τὸ
526 3900 791 3955 τοιοῦτονζ
825 3900 976 3962 Τέως
1000 3893 1092 3953 οὖν
1120 3895 1449 3969 διεθρυλήθη
1501 3895 1636 3967 παρ’
1664 3895 1844 3949 αὐτῶν
1871 3910 1886 3925 ·

310 3991 412 4044 καὶ
458 3991 575 4053 τοῖς
602 3990 666 4042 ἐκ
719 3988 1017 4054 Βυζαντίου
1050 3986 1414 4059 στρατιώταις
1472 3985 1886 4052 συνεϐούλευον,

306 4082 410 4136 τοῦ
445 4080 812 4151 στρατοπέδου
850 4080 989 4151 πρὸς
1014 4080 1117 4143 τὰς
1146 4079 1566 4159 παρακειμένας
1598 4078 1700 4146 τῆς
1729 4072 1890 4131 Βιθυ-

308 4175 434 4240 νίας
498 4176 806 4246 ἀναχωρεῖν
868 4173 1094 4239 πόλεις·
1154 4174 1232 4236 ὡς
1265 4172 1318 4226 ei
1349 4188 1401 4224 τι
1458 4171 1705 4240 συμϐαίη
1759 4174 1888 4240 περὶ

312 4269 542 4341 βασιλέα
594 4270 814 4324 πάντων
866 4268 1047 4321 αὐτῶν
1098 4265 1206 4321 ὑπὸ
1242 4267 1472 4338 Περσῶν
1517 4264 1886 4336 διαφθαρησο-

296 4365 497 4434 ιμένων
518 4378 535 4396 ο
576 4360 710 4416 ἔνιοι
738 4361 794 4416 δὲ
842 4361 1045 4426 αὐτῶν,
1086 4359 1181 4414 καὶ
1215 4359 1355 4431 πρὸς
1383 4359 1477 4413 τὸν
1521 4360 1698 4428 μέγαν
1725 4357 1886 4429 δομέ-

312 4475 501 4511 στικον
532 4456 802 4520 ξλθύντες,
828 4450 917 4508 οἷα
944 4454 1009 4524 δὴ
1046 4447 1194 4508 εὖνοι
1243 4452 1631 4506 συνεϐούλευον
1659 4453 1884 4520 ἀπαγα-

2004 1952 2288 2021 praeditos,
2310 1962 2368 2008 et
2395 1954 2448 2007 in
2487 1955 2645 2024 equis
2689 1957 2963 2025 expeditis
2999 1973 3163 2013 nemo
3197 1959 3271 2013 sit
3298 1974 3586 2030 aggressu-

2004 2060 2119 2097 rus.
2142 2046 2255 2098 Hac
2288 2045 2534 2100 oratione
2555 2046 2795 2102 Orchani
2857 2047 3180 2117 (ueterisque
3209 2049 3468 2105 manendi
3487 2065 3584 2105 vo-

1996 2135 2184 2190 luntas
2206 2135 2402 2206 injecta
2420 2146 2527 2197 est,
2564 2137 3042 2208 decreveruntque
3065 2134 3163 2194 die
3180 2141 3431 2209 sequenti
3451 2156 3584 2196 con-

2000 2227 2143 2281 sulta
2169 2237 2454 2296 praestare.
2491 2228 2700 2285 Interea
2747 2229 3120 2285 Romanorum
3163 2241 3348 2286 castra
3390 2248 3583 2288 rumor

2001 2319 2262 2385 pervasit,
2304 2320 2690 2389 imperatorem
2729 2336 2795 2376 ex
2826 2321 3015 2376 lethali
3042 2322 3271 2378 vulnere
3300 2324 3582 2381 laborare.

1999 2409 2330 2479 Quicunque
2357 2420 2538 2465 autem
2568 2411 2751 2467 adhuc
2804 2413 3010 2469 seniori
3046 2414 3324 2482 favetant,
3355 2417 3578 2489 jamjam

2001 2499 2242 2553 animam
2272 2501 2657 2556 exbalaturum
2687 2502 3034 2561 dictitabant.
3064 2505 3146 2558 An
3173 2500 3306 2574 quia
3347 2509 3426 2561 sic
3457 2522 3581 2562 esse

1998 2600 2281 2662 putarent,
2307 2608 2375 2648 an
2408 2608 2478 2649 ex
2530 2593 2657 2651 odio
2698 2595 2900 2650 famam
2944 2596 3104 2650 istam
3140 2607 3487 2669 spargerent,
3522 2600 3579 2653 in

2000 2683 2261 2754 ambiguo
2300 2686 2536 2752 mansit;
2589 2702 2713 2740 nam
2759 2687 3058 2752 imperator
3102 2690 3475 2758 postmodum,
3510 2709 3581 2748 ne

1998 2775 2147 2844 quod
2191 2792 2295 2831 avo
2335 2777 2476 2832 bene
2526 2779 2730 2833 vellent
2777 2793 2873 2833 eos
2906 2780 3187 2848 punivisse
3239 2780 3584 2838 existimare-

2000 2877 2112 2933 tur,
2156 2884 2270 2923 rem
2324 2869 2691 2925 indiscussam
2737 2871 2982 2941 reliquit.
3020 2871 3155 2926 Dum
3198 2873 3316 2927 haec
3357 2890 3454 2940 per
3484 2888 3579 2929 ora

2000 2958 2375 3022 volverentur,
2407 2959 2576 3019 etiam
2604 2959 2936 3031 Byzantinos
2973 2961 3179 3018 milites
3210 2964 3577 3033 impulerunt,

1999 3048 2080 3102 uti
2113 3064 2144 3103 e
2195 3051 2396 3105 castris
2422 3052 2474 3104 in
2516 3051 2682 3106 urbes
2722 3050 2991 3123 Bithyniae
3026 3052 3238 3108 vicinas
3270 3069 3331 3109 se
3360 3055 3579 3109 confer-

2000 3148 2167 3193 rent:
2205 3139 2430 3210 alioqui,
2460 3140 2504 3193 si
2544 3141 2674 3210 quid
2719 3140 3039 3196 humanitus
3070 3142 3392 3211 imperatori
3432 3147 3580 3200 acci-

1998 3231 2169 3285 disset
2206 3230 2341 3302 (68),
2376 3246 2568 3286 omnes
2597 3248 2627 3286 a
2649 3231 2833 3288 Persis
2867 3234 3204 3288 trucidandi.
3237 3235 3475 3300 Quidam
3494 3236 3577 3290 in-

1997 3338 2163 3394 super
2189 3325 2349 3380 amici
2379 3325 2445 3380 ad
2480 3341 2738 3395 magnum
2761 3325 3123 3381 domesticum
3155 3327 3422 3385 adeuntes
3448 3330 3577 3384 lior-

1997 3417 2273 3481 tabantur,
2311 3418 2541 3473 militem
2590 3417 2646 3471 in
2678 3417 2882 3488 oppida
2911 3419 3220 3489 propinqua
3250 3420 3572 3489 deduceret,

1998 3516 2258 3576 tanquam
2286 3508 2451 3561 malis
2494 3508 2707 3562 nuntiis
2760 3490 3150 3573 conterritum,
3199 3520 3256 3566 et
3302 3512 3451 3568 illico
3491 3522 3579 3567 tu-

1996 3600 2421 3654 multuaturum.
2484 3599 2798 3655 Domestica
2844 3614 2948 3656 eos
3008 3602 3329 3671 repellente,
3384 3607 3575 3661 multis

1994 3695 2258 3767 precibus
2286 3711 2480 3766 rogare
2514 3695 2856 3764 institerunt,
2890 3696 2968 3751 uti
2999 3700 3333 3753 sententiam
3377 3716 3569 3756 eorum

1995 3802 2122 3841 cum
2154 3786 2487 3858 imperatore
2529 3789 2979 3851 communicaret,
3005 3789 3271 3860 ﬁeretque
3300 3795 3446 3861 quod
3492 3795 3572 3849 illi

1994 3880 2313 3950 placuisset.
2337 3878 2453 3936 Hoc
2472 3880 2853 3946 obtinuerunt,
2879 3880 3102 3951 quando
3125 3893 3180 3936 et
3214 3882 3305 3937 ille
3334 3885 3573 3955 impera-

1995 3980 2168 4026 torem
2197 3970 2330 4040 quid
2361 3981 2635 4042 ageretur,
2661 3971 2886 4027 omnino
2909 3973 3241 4027 monendum
3273 3976 3569 4032 sentiebat.

1992 4066 2251 4121 Protinus
2305 4066 2472 4127 vadit,
2527 4074 2585 4120 ut
2645 4064 2694 4119 ei
2757 4066 2996 4130 nuntiet,
3035 4068 3163 4135 quid
3210 4069 3504 4137 optimates
3536 4088 3569 4127 e

1993 4158 2273 4226 republica
2301 4156 2547 4212 futurum
2583 4156 2944 4211 arbitrentur.
2970 4158 3275 4227 Imperator
3302 4160 3355 4213 id
3384 4162 3566 4230 ipsum

1991 4251 2111 4307 fore
2125 4250 2610 4306 damnosissimum
2635 4253 2665 4303 ιι
2676 4263 2861 4316 ucere,
2875 4263 2977 4304 nec
2994 4251 3096 4304 levi
3108 4258 3191 4304 ter
3206 4253 3564 4319 stomachari,

1992 4359 2055 4398 ac
2081 4344 2380 4414 praecipere
2416 4342 2821 4413 quamprimum
2851 4356 2911 4396 se
2925 4340 2992 4395 ad
3014 4351 3231 4411 portam
3256 4352 3563 4402 castrorum

1989 4437 2282 4509 obiiceret,
2329 4436 2535 4491 milites
2563 4433 2869 4500 cohiberet,
2896 4448 2960 4488 ac
3005 4433 3324 4503 neutiquam
3363 4436 3569 4492 tumul-

311 4553 431 4619 γεῖν
457 4550 556 4618 τὴν
583 4550 846 4618 στρατιὰν
870 4548 1008 4618 πρδς
1037 4545 1137 4610 τάς
1167 4545 1402 4613 πλησίον
1441 4544 1627 4608 πόλεις
1674 4544 1749 4608 ὡς
1780 4544 1882 4615 ἤδη

2000 4530 2136 4586 tuari
2189 4528 2485 4597 omniaque
2508 4525 2773 4582 confundi
2800 4525 3028 4587 sineret,
3065 4541 3134 4579 ne
3167 4526 3289 4584 sine
3313 4528 3571 4584 hoStibus

309 4641 726 4713 τεταραγμένην
757 4640 864 4695 ὑπὸ
907 4639 1009 4709 τῆς
1057 4640 1270 4709 φήμης,
1298 4641 1395 4693 καὶ
1443 4636 1567 4691 ὅσον
1596 4635 1752 4691 οὔπω
1786 4636 1883 4690 καὶ

310 4735 509 4808 ἀταξίᾳ
533 4736 879 4806 χρησομένην
910 4734 972 4791 ’0
997 4732 1056 4788 δὲ
1083 4731 1302 4788 ἀνένευέ
1325 4748 1383 4783 τε
1409 4730 1547 4802 πρὸς
1574 4729 1666 4784 τὸν
1697 4727 1879 4797 λόγον,

310 4830 406 4884 καὶ
445 4829 523 4900 μὴ
559 4826 939 4881 λυσιτελοῦντα
987 4826 1195 4895 ἔφασκε
1239 4821 1596 4893 βουλεύεσθαι
1658 4819 1882 4881 αὐτούς.

1994 4622 2100 4694 ipsi
2125 4619 2449 4691 semetipsos
2467 4618 2781 4688 perderent.
2808 4616 2991 4672 Ubiad
3013 4617 3222 4673 aditum
3257 4628 3567 4675 castrorum

1990 4724 2146 4779 venit
2177 4721 2348 4792 (venit
2381 4727 2589 4781 autem,
2634 4717 2713 4771 uti
2747 4716 3067 4771 mandatum
3113 4726 3251 4783 erat,
3279 4718 3567 4786 festinus‘,

1990 4822 2168 4871 totum
2201 4812 2506 4867 exercitum
2538 4808 2603 4863 ad
2642 4808 2821 4878 fugam
2869 4807 2925 4863 in
2960 4809 3125 4864 urbes
3156 4809 3568 4865 incumbentem

318 4922 411 4987 Ὠς
459 4899 518 4976 δὲ
550 4922 650 4976 οὐκ
699 4919 920 4974 ἔπειθον
967 4917 1143 4972 πολλὰ
1192 4916 1463 4987 δεόμενοι,
1517 4916 1612 4969 καὶ
1674 4914 1890 4985 βασιλεῖ

2000 4905 2218 4962 invenit.
2252 4902 2387 4958 Nam
2413 4899 2700 4973 Byzantini
2736 4914 2802 4954 ne
2837 4909 3161 4969 exspectato
3205 4901 3425 4971 quidem
3448 4903 3569 4974 ,ejns

313 5015 624 5072 κοινοῦσθαι
651 5016 751 5086 τὴν
780 5011 1008 5085 γνώμην
1036 5009 1376 5075 ὑπετίθεντο,
1404 5008 1482 5071 ὡς
1502 5008 1530 5060 ὃ
1558 5025 1609 5060 τι
1642 5008 1707 5061 ἂν
1733 5006 1886 5078 αὐτῷ

2000 5001 2164 5057 fodito
2184 4999 2253 5054 ab
2277 4998 2606 5066 imperatore
2627 4996 2807 5066 (quem
2834 4991 3036 5047 obiisse
3066 4993 3386 5064 putabant),
3404 4997 3563 5066 221

312 5110 498 5182 δοκοίη
548 5105 1029 5180 πραχθησομένου.
1066 5099 1240 5155 Τοῦτο
1281 5098 1381 5171 μὲν
1414 5098 1478 5170 δὴ
1532 5097 1747 5153 ἔπειθον
1781 5098 1888 5151 οἰό-

2000 5094 2355 5151 μοιιετηιιοιιιίε
2414 5105 2539 5145 cum
2565 5090 2716 5143 omni
2782 5087 3151 5143 instrumento
3201 5089 3452 5155 sublatis,
3496 5092 3567 5144 ad

1545 5243 1765 5307 Jacobi
1812 5243 2077 5306 Pontani
2109 5245 2292 5302 nota).

1995 5395 2170 5436 mana!
2222 5377 2511 5442 conditio,
2573 5385 2634 5429 ut
2682 5390 2715 5449 7a
2753 5381 2931 5449 mor_te
2968 5386 3247 5449 nunquam
3304 5368 3564 5449 tutaJsit.

1985 5453 2165 5508 Habet
2197 5464 2330 5517 ergo
2357 5453 2585 5501 verbum
2622 5448 2818 5517 πὰσγω
2844 5443 3057 5517 Cra-eis
3097 5442 3259 5517 modo
3291 5442 3563 5509 optativo,

1986 5511 2287 5593 particulis
2333 5511 2967 5593 et_si'_pr:ecedentibus
3006 5511 3335 5593 singularem
3371 5523 3570 5593 quam-

378 5398 491 5469 (68)
553 5398 978 5469 Demosthenes,
1034 5392 1093 5469 ei
1146 5389 1342 5469 παθεῖν
1396 5389 1447 5443 τί
1515 5404 1609 5455 μοι
1629 5385 1881 5469 ⁵σμνέϐη,

311 5471 356 5524 si
381 5457 509 5543 quid
528 5469 661 5543 inihi
686 5466 1008 5543 contigisset,
1040 5462 1231 5543 idest,
1264 5462 1307 5516 si
1345 5472 1597 5543 mortuus
1626 5457 1880 5543 tulissem,

311 5525 583 5610 quomodo
617 5547 673 5591 et
718 5525 911 5591 Cicéro
943 5525 1225 5607 loquitur,
1260 5546 1362 5600 pro
1393 5530 1594 5586 Milone
1625 5543 1641 5608 ι
1668 5525 1734 5609 δὲ.
1760 5525 1887 5595 quid

309 5613 434 5666 mihi
467 5608 721 5665 acciderit
746 5606 1107 5674 priustquam
1138 5603 1232 5656 hoc
1272 5608 1482 5674 tantum
1511 5595 1642 5674 πιιιίι
1685 5597 1886 5674 videro.

2000 5525 2275 5579 sarticulis
2333 5525 2386 5570 εί
2410 5525 2484 5568 τι”
2522 5525 2967 5585 priscedenttbus
3006 5525 3335 5591 Singularem
3371 5525 3562 5577 quam-

2000 5584 2113 5674 ἔπη
2171 5589 2420 5674 estisne
2441 5658 2451 5669 .
2474 5586 2933 5674 5‘15."‘.‘.‘?33.‘.°P?!‘l
2960 5581 3562 5674 --__"i:‘.e!',.°55-131°":E'I':

311 5653 974 5750 Et";'-"53'i'iv?et3Si
1006 5653 1166 5750 tua"
1190 5653 1394 5750 ιίδξιῖέυο
1435 5653 1738 5750 “eidem-
1767 5664 1840 5750 .'.'!
1872 5679 1888 5717 ι
1988 5653 2692 5750 ³η,ιγ,ε,υ1ἓ[ί,¹ξίξιῖὲἱί,ξ¹ἒξξξξ
2714 5653 3565 5750 3.,5.‘t’f."’{.i’i‘ki3.939313%.51’23

520 5718 885 5815 ι’
1162 5718 1894 5815 ηἶίίιῗνίιιιηιῖιπίιιιεἀτεὶᾳίε-
1991 5731 2170 5815 ultimo
2188 5727 2715 5815 pur‘atpquemoriur‘.
2737 5718 2885 5780 Et’in
2915 5722 3207 5777 Manili-ina
3227 5718 3245 5774 Ξ
3257 5718 3314 5776 Si
3346 5718 3471 5792 quid
3502 5732 3565 5781 eo

306 5800 500 5892 seti-tl
522 5800 643 5887 est,
670 5800 747 5870 ἰὶι
791 5800 1037 5870 ιιοωὶιιί.’
1054 5814 1129 5868 Ea
1161 5802 1244 5868 est
1292 5819 1472 5868 autem
1498 5882 1503 5885 μ
1529 5815 1741 5863 natura:
1790 5804 1893 5859 bu—
1995 5802 2298 5908 (Pompeio)
2336 5800 2532 5869 factum
2572 5803 2722 5849 esset.
