4016 6434
510 319 618 381 463

1686 317 2009 382 JOANNIS
2047 316 2581 381 CANTACUZENI

3624 335 3714 401 £64

510 434 679 488 urbes
713 446 851 501 quas
899 428 1141 485 diximus
1189 428 1298 485 iter
1343 426 1725 499 capessebant.
1783 430 1904 494 Quo
1949 440 2083 480 con-

2191 428 2341 496 μενοι
2382 427 2476 480 καὶ
2522 427 2687 480 αὐτὸν
2735 428 3038 505 ἀναγκαῖον
3089 433 3158 488 τά
3203 427 3455 507 γινόμενα
3481 445 3715 514 γνωρίσαι

512 535 720 596 specto,
755 524 845 578 alii
899 539 969 579 ne
997 523 1100 593 ipsi
1143 521 1369 593 quidem
1422 536 1644 577 manere
1687 528 1962 590 poterant,
1993 518 2088 574 sed

514 617 702 671 cuncti
734 615 846 685 jam
883 615 1067 684 fugam
1116 612 1512 669 moliebantur.
1559 612 1793 681 Magnus
1827 609 2090 666 domesti—

510 724 613 764 cus
632 709 710 761 rei
736 706 1117 777 indignitatem
1142 705 1333 774 iniquo
1353 719 1546 775 passus
1571 704 1784 767 animo,
1808 701 2089 771 principes

512 800 782 870 fugitores
824 797 892 852 ad
940 796 1268 852 reditionem
1321 795 1587 850 inducere
1627 792 1925 848 nitebatur.
1950 790 2088 846 Cum

513 891 654 946 nihil
686 888 962 944 obtineret
988 876 1184 959 (totum
1209 888 1413 957 quippe
1444 901 1637 956 agmen
1672 884 1784 956 jam
1812 883 2088 939 seditione

518 982 817 1051 fervebat),
853 981 1065 1050 reliqua
1098 980 1151 1035 in
1180 979 1477 1050 postremis
1504 993 1745 1047 ponens,
1794 976 1945 1033 omni
1975 984 2091 1031 stu-

516 1074 609 1129 dio
641 1087 884 1142 curaque
940 1072 1008 1127 ad
1059 1072 1291 1131 salutem
1346 1070 1702 1141 imperatoris
1759 1084 1819 1123 se
1854 1068 1984 1134 dat;
2035 1076 2092 1122 et

518 1182 683 1237 quam
715 1165 1008 1220 celerrime
1040 1172 1247 1233 potest,
1279 1162 1345 1217 ad
1380 1164 1508 1237 ejus
1539 1161 1953 1217 tabernaculum
1999 1175 2091 1215 ac-

515 1271 748 1312 currens
774 1271 901 1309 eum
933 1270 1042 1309 non
1069 1256 1295 1324 reperit,
1329 1253 1476 1323 quod
1497 1253 1759 1315 ministri,
1783 1254 1913 1308 dum
1935 1268 2091 1307 exer-

512 1349 680 1403 eitum
735 1346 800 1399 ad
858 1345 1041 1415 fugam
1083 1343 1292 1410 efferri,
1353 1352 1537 1398 castra
1586 1342 1862 1407 deserere,
1910 1341 2087 1411 ipsum

513 1452 740 1508 propter
768 1437 978 1490 illatum
1008 1436 1205 1489 vulnus
1225 1451 1368 1503 equo
1393 1434 1631 1489 insidere
1660 1449 1768 1488 non
1789 1448 1951 1503 posse
1972 1447 2091 1488 cer-

514 1536 735 1593 nerent,
755 1528 874 1596 ejus
897 1526 1058 1581 saluti
1093 1533 1422 1589 metuentes,
1454 1525 1622 1594 tapeti
1656 1524 1997 1594 impositum,
2025 1537 2090 1577 ac

510 1617 697 1674 lembo
727 1616 868 1671 forte
900 1614 1120 1669 fortuna
1146 1613 1463 1670 occurrenti
1497 1614 1795 1669 creditum.
1823 1599 2090 1668 Constan—

512 1709 783 1778 tinopolin
816 1706 1228 1778 pervcbendum
1275 1715 1623 1762 curaverant.
1670 1707 1941 1761 Reversus
1969 1707 2088 1776 ipse

2195 516 2428 588 βασιλεῖ.
2466 520 2575 572 Καὶ
2603 519 2669 591 δὴ
2699 521 2838 590 πρὸς
2865 521 3097 592 βασιλέα
3128 527 3396 593 ἀπελθὼν.
3422 533 3717 605 ἀπήγγειλεν

2191 607 2290 661 ὅσα
2320 608 2370 660 οἱ
2403 610 2460 659 ἐν
2479 608 2624 663 τέλει
2648 606 2804 663 εἶπον
2833 615 2962 683 περὶ
2985 615 3081 668 τοῦ
3111 616 3407 675 λυσιτελεῖν
3443 623 3718 691 δοκοῦντος.

2193 698 2457 763 Βασιλεὺς
2476 701 2554 754 ’δὲ
2585 703 3059 773 ἀσυμφορώτατόν
3095 726 3154 762 τε
3180 712 3385 779 ἠγεῖτο,
3412 714 3499 766 καὶ
3528 716 3724 787 ἐδυσχέ-

2194 807 2379 894 ραινεν
2411 792 2473 845 οὒ
2516 795 2776 865 μετρίως.
2833 797 3085 853 Ἐκέλευέ
3132 818 3192 855 τε
3224 803 3305 856 ὅτι
3341 803 3563 875 τάχιστα
3604 810 3724 880 πρὸς

2189 887 2286 936 τοῦ
2324 887 2693 955 στρατοπέδου
2750 889 2850 959 τὴν
2900 891 3155 963 εἰσϐολὴν
3202 894 3444 960 ἐλθόντα,
3496 900 3725 969 κατέχειν

2190 977 2293 1046 τὴν
2328 977 2613 1048 στρατιὰν,
2651 980 2746 1033 καὶ
2795 983 3066 1053 μηδαμῶς
3104 987 3364 1040 ἀτακτεῖν
3396 991 3488 1061 ὲᾷν
3519 990 3587 1054 ὡς
3612 993 3727 1046 ἄνευ

2193 1069 2474 1136 πολεμίων
2524 1071 2728 1135 αὐτοὺς
2772 1074 2859 1142 ἐφ’
2910 1076 3140 1141 ἑαυτοὺς
3187 1077 3728 1152 διαφθαρησομένονς.

2194 1162 2368 1216 Τοῦτο
2409 1162 2507 1233 μὲν
2535 1160 2629 1219 οὖν
2729 1166 3136 1236 προσετέτακτο
3187 1171 3358 1224 ἐποίει
3400 1171 3536 1225 κατὰ
3565 1172 3730 1242 τάχος.
3828 1206 3833 1211 -

2207 1250 2409 1304 Ἐλθὼν
2459 1252 2517 1305 δὲ
2568 1254 2721 1323 παρά
2771 1256 2870 1326 τὴν
2898 1257 3169 1326 εἰσϐολὴν,
3212 1258 3311 1329 τὴν
3345 1261 3595 1331 στρατιὰν
3622 1256 3732 1334 εὗρε

2194 1345 2377 1397 πᾶσαν
2402 1345 2502 1415 ἤδη
2536 1344 2881 1418 ὡρμημένην
2909 1350 3051 1419 πρὸς
3083 1351 3179 1413 τάς
3214 1350 3397 1414 πόλεις
3432 1354 3658 1421 φεύγειν.
3678 1357 3732 1408 Ol

2194 1436 2305 1505 γάρ
2335 1437 2398 1489 ὲκ
2440 1435 2768 1503 Βυζαντίου,
2797 1440 2933 1510 μηδὲ
2963 1440 3063 1510 τὴν
3089 1443 3154 1494 ὲκ
3201 1441 3464 1512 βασιλέως
3501 1445 3733 1499 ἐπάνοδον

2195 1528 2617 1598 ’περιμείναντες
2646 1531 2837 1597 αὑτοῦ,
2874 1533 3012 1586 ἀλλά
3059 1536 3386 1604 νομίσαντες
3442 1537 3733 1607 τεθνηκέναι

2196 1620 2652 1693 βασιλέα,σκηνάς
2670 1641 2731 1678 τε
2750 1627 2844 1678 καὶ
2862 1626 2998 1680 ἄλλα
3010 1628 3110 1681 ὅσα
3128 1629 3457 1700 ἐπεφέροντο
3475 1631 3729 1701 ἀράμενοι,

2194 1714 2436 1783 ἐχώρουν
2496 1714 2635 1786 πρὸς
2676 1718 2778 1781 τὰς
2817 1720 3124 1789 εἰρημένας
3155 1720 3363 1786 πόλεις.
3405 1723 3652 1794 Ὀρῶντες
3685 1724 3733 1801 δὲ

510 1773 734 1872 quoque
782 1773 1149 1855 Pthilocrenen
1184 1799 1478 1854 concessit.
1524 1798 1583 1853 In
1631 1806 1869 1868 quatuor
1903 1773 2083 1854 autem

2225 1773 2255 1782 ..
2311 1773 2322 1783 .
2541 1773 2552 1786 .
2614 1773 2630 1780 -
2757 1773 2774 1781 -
2871 1773 2883 1788 .
2930 1773 2963 1789 ..
3101 1773 3121 1784 .
3269 1773 3362 1786 κ.-
3431 1773 3651 1794 ππ--.

2193 1808 2286 1861 καὶ
2308 1810 2355 1860 οἱ
2385 1808 2582 1871 λοιποὶ,
2616 1810 2805 1864 οὐκέτι
2842 1810 3031 1881 μένειν
3072 1813 3195 1867 οὐδὲ
3218 1814 3381 1868 αὐτοὶ
3398 1815 3637 1869 ἐδύναντο
3656 1817 3733 1869 ἐπὶ

506 1895 727 1962 agmina
747 1894 939 1950 divisis
956 1892 1247 1958 militibus,
1266 1906 1436 1946 unum
1453 1890 1837 1954 Pbilocrenen,
1853 1891 2088 1946 alterum

507 1985 871 2053 Nicetiatum,
899 1986 1122 2040 tertium
1145 1983 1504 2047 Diacibizam,
1526 1992 1784 2054 quartum
1806 1983 2088 2038 Rhitzium

506 2077 787 2133 discessit.
821 2076 1108 2133 Orchanes
1154 2076 1353 2131 horum
1381 2075 1626 2129 omnium
1652 2074 1878 2145 ignarus
1905 2074 2080 2130 nihilo

506 2169 705 2229 minus,
746 2170 1028 2225 Parzalum
1083 2168 1308 2223 fratrem
1349 2183 1475 2224 cum
1518 2166 1704 2224 Persis
1732 2168 1944 2235 aliquot
1983 2168 2084 2233 ire,

504 2260 927 2328 exercitumque
974 2259 1324 2328 imperatoris
1376 2258 1651 2329 speculari
1695 2258 1906 2329 jussit;
1957 2272 2084 2310 nam

502 2365 605 2408 eos
633 2366 704 2407 ne
734 2366 989 2406 somnum
1022 2349 1251 2420 quidem
1301 2349 1579 2418 placatum
1610 2362 1676 2403 ea
1733 2355 1897 2403 nocte
1936 2347 2086 2402 visu-

501 2459 625 2505 ros.
662 2443 758 2499 sed
795 2445 863 2518 a‘d
913 2443 1126 2496 cladem
1160 2441 1409 2510 ipsorum
1461 2439 1745 2509 quippiam
1799 2438 2084 2494 machina-

503 2545 659 2591 turos
684 2534 1037 2607 opinabatur.
1064 2532 1163 2588 llle
1193 2531 1438 2587 tenebris
1471 2545 1637 2600 quam
1658 2532 1894 2586 maxime
1918 2530 2086 2584 daba-

501 2632 596 2680 tur
645 2633 844 2691 tectus,
885 2634 944 2680 et
995 2622 1195 2677 castris
1227 2623 1463 2687 vicinus,
1502 2621 1593 2676 ubi
1624 2622 1827 2677 milites
1858 2622 2089 2677 turbare

502 2717 706 2783 sensit,
737 2732 770 2771 e
804 2716 1037 2785 vestigio
1085 2715 1340 2770 nuntium
1379 2714 1448 2768 ad
1485 2715 1714 2768 fratrem
1746 2714 1944 2780 mittit;
1973 2728 2086 2783 quo

502 2809 599 2865 ille
629 2808 827 2863 nuntio
874 2822 1191 2878 percussus,
1238 2789 1423 2861 motus
1462 2806 1625 2860 hosce
1661 2806 1799 2860 nihil
1842 2806 1960 2860 suis
1986 2820 2084 2876 ap-

502 2908 728 2970 portare
754 2898 888 2953 boni
928 2906 1016 2953 est
1044 2905 1366 2967 auguratus.
1399 2897 1567 2951 Paulo
1596 2906 1722 2966 post
1764 2911 1864 2967 per
1885 2910 2084 2952 secun-

505 2994 637 3046 dum
678 2991 938 3045 nuntium
974 3005 1103 3059 eum
1140 2989 1305 3044 docet
1339 2987 1617 3044 llomanos
1665 2988 1987 3059 perturbate
2017 3004 2084 3044 ac

2190 1898 2287 1951 τοῦ
2309 1900 2700 1971 στρατοπέδου,
2724 1902 2857 1956 ἀλλὰ
2872 1904 3131 1974 κεκίνητο
3148 1905 3254 1976 ἤδη
3272 1908 3423 1960 πᾶσα
3441 1908 3571 1980 πρὸς
3582 1906 3733 1981 φυγὴν

2191 1990 2225 2060 ἡ
2251 1993 2502 2060 στρατιά.
2520 1992 2580 2045 '0
2599 1994 2771 2064 μέγας
2788 1995 2845 2048 δὲ
2862 1995 3184 2063 δομέστικος
3204 1999 3264 2052 ὲν
3284 1998 3444 2071 δεινῷ
3472 2000 3568 2069 μὲν
3586 2002 3643 2054 τὰ
3664 2018 3734 2069 γι-

2191 2083 2394 2153 νόμενα
2410 2084 2666 2149 ἐποιεῖτο,
2693 2090 2785 2141 καὶ
2800 2087 3034 2158 ὥρμητο
3046 2091 3172 2150 τοὺς
3200 2090 3451 2159 πρώτους
3476 2092 3567 2161 τῆς
3579 2090 3733 2160 φυγῆς

2188 2177 2532 2248 ἀρξαμένους
2555 2181 2920 2251 ἀναστρέφειν
2941 2199 2954 2212 ·
2987 2181 3063 2246 ὡς
3080 2182 3138 2236 δὲ
3152 2183 3309 2239 οὐδὲν
3338 2186 3445 2239 τῶν
3465 2184 3734 2257 προσηκδν-

2187 2287 2296 2323 των
2355 2271 2511 2340 ἴσχυε
2565 2272 2828 2343 πράττειν
2885 2273 3060 2344 (πᾶσα
3099 2275 3208 2346 γὰρ
3265 2277 3367 2348 ἤδη
3421 2276 3657 2349 κεκίνητο
3705 2276 3735 2344 ἠ

2187 2361 2470 2430 στρατιὰ),
2503 2363 2612 2416 τῶν
2643 2363 2820 2418 ἄλλων
2844 2363 3149 2435 ἀμελήσας,
3179 2366 3276 2425 διὰ
3307 2370 3539 2440 σπουδῆς
3566 2369 3739 2423 ἐποιεῖ-

2185 2467 2249 2511 το
2305 2451 2490 2521 πάσης
2544 2454 2639 2506 καὶ
2681 2453 2969 2522 φροντίδος
3010 2456 3111 2536 τὴν
3145 2456 3417 2527 βασιλέως
3448 2460 3733 2532 σωτηρίαν·

2189 2543 2287 2596 καὶ
2335 2538 2629 2617 ᾖτάχιστα
2685 2543 2823 2615 εἶχε,
2886 2547 3026 2618 πρὸς
3086 2548 3187 2621 τὴν
3252 2551 3521 2618 βασιλέως
3559 2552 3738 2624 σκηνὴν

2186 2634 2381 2698 ἀλοῶν,
2421 2636 2614 2689 τοῦτον
2652 2636 2752 2705 μὲν
2810 2639 2909 2708 οὐχ
2965 2635 3159 2710 εὗρεν.
3185 2641 3254 2695 Ἦ
3287 2643 3398 2713 γάρ
3425 2646 3674 2717 θεραπεία
3708 2645 3737 2715 ὴ

2187 2727 2319 2796 περὶ
2360 2726 2548 2794 αὑτὸν,
2589 2729 2689 2799 τὴν
2727 2729 2828 2799 μὲν
2858 2734 3123 2803 στρατιὰν
3170 2735 3280 2808 ἤδη
3313 2739 3494 2793 πᾶσαν
3531 2738 3734 2811 δρῶντες

2185 2820 2525 2891 ὡρμημένην
2555 2822 2693 2892 πρὸς
2726 2824 2904 2896 φυγὴν
2935 2826 3033 2879 καὶ
3060 2826 3123 2880 τὸ
3157 2832 3529 2899 στρατόπεδον
3556 2832 3734 2902 ἔρημον

2186 2914 2576 2981 καταλειφθὲν,
2603 2915 2697 2969 τόν
2724 2934 2784 2970 τε
2818 2917 3049 2988 βασιλέα
3072 2921 3361 2985 ἀδυνάτως
3383 2926 3571 2996 έχοντα
3593 2924 3673 2980 διὰ
3688 2925 3735 2976 τὸ

2186 3006 2410 3076 τραῦμα
2448 3007 2599 3078 ἵππῳ
2624 3009 2885 3080 χρῆσθαι,
2916 3011 3194 3078 δείσαντες
3224 3018 3363 3091 περὶ
3391 3018 3558 3089 αὐτῷ,
3590 3018 3735 3089 ἄραν-

502 3083 709 3138 mistim
752 3082 948 3137 castris
983 3081 1417 3143 consurrexisse,
1453 3095 1555 3136 nec
1602 3081 1949 3151 Byzantium,
1984 3079 2082 3136 sed

2186 3116 2277 3162 τες
2322 3099 2415 3153 ἐπὶ
2447 3079 2717 3169 τάπητος,
2766 3103 2853 3155 ἑνὶ
2895 3104 3006 3157 τῶν
3051 3079 3487 3181 παρατυχόντων
3509 3079 3734 3164 ένέόαλον

500 3190 701 3232 versus
745 3174 1093 3245 supradictas
1140 3172 1308 3229 urbes
1351 3172 1652 3243 aufugisse.
1676 3172 1798 3239 Quo
1840 3172 2080 3243 cognito,

501 3271 608 3326 sub
639 3284 898 3325 auroram
934 3267 1052 3337 ipse
1082 3281 1305 3336 quoque
1346 3266 1511 3320 motis
1541 3264 1763 3327 castris,
1798 3263 1943 3319 circa
1986 3263 2085 3318 bo-

502 3378 622 3417 ram
654 3362 725 3416 ab
743 3371 866 3415 orto
912 3358 1028 3413 sole
1056 3357 1377 3423 secundam,
1400 3356 1762 3417 Philocrenen
1783 3356 1952 3410 venit.
1979 3354 2086 3412 Ro-

502 3454 676 3516 mani,
706 3452 800 3522 qui
842 3465 910 3505 eo
935 3465 996 3506 se
1025 3457 1373 3519 receperant,
1409 3448 1667 3515 quoniam
1700 3448 1883 3501 claves
1916 3454 2084 3516 portae

503 3562 631 3603 casu
665 3545 895 3615 perditae
946 3542 1200 3607 fuerant,
1235 3541 1463 3596 conluse
1508 3556 1632 3594 cum
1687 3540 1973 3596 calonibus
2028 3551 2086 3597 et

501 3639 651 3700 lixis,
683 3650 814 3691 vasa
843 3642 901 3690 et
939 3648 1107 3688 onera
1139 3631 1494 3699 portantibus
1542 3639 1775 3694 stantes,
1807 3646 1931 3685 cum
1969 3630 2083 3702 jam

500 3730 681 3786 Persae
709 3737 863 3783 certo
903 3727 959 3781 in
1005 3726 1163 3794 ipsos
1199 3723 1583 3794 graderentur,
1616 3723 1671 3777 in
1700 3721 1953 3778 ordinem
1992 3736 2083 3776 re-

501 3821 617 3892 digi
646 3820 712 3875 ad
741 3816 1110 3874 resistendum
1145 3830 1255 3871 non
1289 3823 1565 3886 poterant,
1609 3829 1642 3869 a
1674 3814 1874 3884 bajulis
1903 3812 2081 3869 servi-

502 3916 707 3985 tiisque
750 3913 882 4015 illis
912 3910 1241 3967 intermistis
1271 3909 1547 3980 impediti.
1582 3909 1688 3966 Ubi
1718 3909 1964 3964 clavibus
2001 3909 2085 3962 in-

499 4008 682 4064 ventis
714 3998 888 4077 poi-tae
926 4004 1212 4075 patefacta
1250 4013 1402 4069 sunt,
1439 4002 1626 4073 plures
1659 4001 1949 4057 confertim
1998 4000 2085 4054 in-

501 4108 589 4155 tro
625 4099 976 4168 rumpebant.
1008 4094 1260 4165 Cumque
1288 4110 1347 4151 se
1393 4094 1449 4148 in
1482 4093 1603 4163 ipso
1650 4092 1884 4148 introitu
1920 4091 2083 4147 vebe-

499 4206 745 4263 mentius
772 4201 1188 4266 eontruderent,
1247 4215 1312 4256 ac
1349 4210 1605 4255 mutuum
1652 4196 2083 4268 comprimerent

499 4307 556 4358 et
601 4299 1017 4359 couculcarent,
1064 4305 1180 4350 tres
1205 4293 1421 4361 obtriti,
1452 4292 1616 4361 222
1649 4290 1784 4347 foris
1813 4298 1996 4346 autem
2048 4306 2081 4347 a

500 4392 758 4448 Barbaris
806 4388 918 4444 duo
946 4396 1002 4457 et
1047 4387 1274 4457 triginta
1327 4383 1474 4439 ferro
1524 4383 1794 4453 perempti
1838 4392 2002 4448 sunt;
2047 4395 2080 4436 e

501 4484 708 4555 quibus
739 4482 853 4537 duo
883 4480 1151 4538 illustres.
1194 4476 1410 4531 Manuel
1456 4476 1848 4543 Tarchaniota,
1877 4484 1935 4531 et
1984 4476 2080 4534 Ni-

500 4582 775 4645 cephorus
816 4572 1257 4633 Cantacuzenus,
1289 4569 1448 4623 ambo
1486 4568 1704 4639 cognati
1744 4569 1927 4639 magni
1979 4570 2076 4623 do-

502 4666 749 4729 mestici;
785 4663 929 4733 capti
962 4663 1094 4717 item
1120 4671 1342 4716 centum
1366 4660 1784 4731 quinquaginta,
1815 4662 2078 4731 majorem

502 4764 715 4827 partem
750 4754 896 4808 servi
941 4751 1205 4809 militum.
1259 4751 1400 4820 Equi
1446 4751 1613 4807 ablati
1668 4751 2078 4821 quadringenti.

452 4836 464 4845 ’
503 4845 719 4915 Reliqui
741 4844 883 4900 facto
913 4843 1074 4915 globo
1097 4858 1220 4897 cum
1241 4842 1500 4897 Barbaris
1523 4842 1910 4909 conflixerunt,
1937 4853 1992 4901 et
2012 4859 2081 4899 ex

503 4940 610 4996 illis
645 4939 809 5010 paulo
852 4939 1038 4993 minus
1088 4937 1359 4992 ducentos
1407 4935 1752 4991 occiderunt.
1798 4935 2079 4991 Orchancs

499 5047 733 5088 cernens
755 5031 1030 5086 Romanos
1058 5031 1167 5100 jam
1203 5046 1262 5085 se
1288 5028 1609 5094 defendere,
1640 5044 1765 5084 cum
1793 5028 1939 5084 aliud
1967 5044 2074 5083 non

499 5134 711 5196 posset,
757 5125 946 5194 copias
996 5138 1027 5177 a
1079 5123 1357 5177 moenibus
1384 5120 1668 5176 abducens
1723 5120 1779 5174 in
1824 5121 2076 5190 proximo

498 5224 678 5274 castra
718 5215 872 5271 fecit.
899 5215 1005 5282 Qui
1056 5214 1224 5285 igitur
1254 5213 1370 5268 illic
1397 5211 1596 5282 partim
1654 5211 1844 5277 occisi,
1879 5212 2073 5281 partim

499 5310 648 5382 capti
678 5314 832 5374 sunt,
867 5314 1101 5362 numero
1147 5315 1228 5361 tot
1260 5305 1507 5361 fuerunt.
1546 5303 1819 5360 Postridie
1858 5302 1983 5372 (09)
2018 5303 2073 5357 in

2188 3191 2416 3262 λέμϐῳ·
2454 3194 2548 3245 καὶ
2594 3194 2848 3250 ἐκέλευον
2893 3198 3009 3262 τοῖς
3063 3198 3298 3267 ναύταις
3344 3205 3425 3269 είς
3474 3204 3735 3268 Βυζάντιον

2185 3283 2456 3339 ἐλαύνειν.
2502 3285 2881 3357 ’Δναστρέψας
2933 3289 2992 3343 δὲ
3050 3291 3255 3366 ἐχώρει
3333 3301 3429 3352 καὶ
3480 3301 3631 3363 αὐτὸς
3669 3302 3737 3359 είς

2184 3375 2547 3448 Φιλοκρήνην.
2590 3378 2684 3439 Εἰς
2714 3380 2957 3452 τέτταρα
2991 3383 3047 3436 δὲ
3070 3386 3103 3456 ἡ
3130 3388 3372 3457 στρατιὰ
3407 3390 3734 3462 διαιρεθεῖσα,

2185 3467 2246 3520 τὸ
2279 3469 2381 3536 μέν
2410 3468 2585 3539 αὐτῆς
2617 3470 2902 3544 ἐχώρησεν
2941 3476 3021 3539 είς
3061 3476 3414 3553 Φιλοκρήνην
3436 3499 3452 3516 θ
3491 3484 3566 3548 είς
3590 3482 3739 3552 Νικη-

2180 3557 2375 3615 ,τιάτου
2430 3558 2487 3612 δὲ
2540 3560 2601 3613 τὸ
2630 3560 2851 3618 λοιπόν*
2886 3567 2969 3628 εἰς
3022 3568 3334 3634 Δακίὸιζαν
3372 3573 3427 3627 δὲ
3471 3575 3528 3627 τὸ
3553 3573 3737 3646 τρίτον,

2185 3651 2283 3702 καὶ
2321 3651 2383 3704 τὸ
2414 3650 2676 3724 τέταρτον
2724 3656 2806 3719 sl;
2834 3657 2895 3709 τὸ
2936 3657 3197 3725 Ῥιτζίου.
3235 3663 3514 3738 Ὀρχάνης
3547 3665 3601 3720 δὲ
3648 3664 3739 3717 τῶν

2163 3741 2493 3810 ,γινομένων
2522 3743 2693 3813 μηδὲν
2718 3745 2898 3812 εἰδὼς,
2928 3747 3079 3819 ὅμως
3121 3752 3454 3824 Παρζαλοῦν
3490 3758 3578 3811 τὸν
3602 3754 3737 3810 ἀδελ·

2185 3831 2285 3898 φδν
2319 3832 2460 3901 μετά
2483 3849 2652 3888 τινων
2692 3835 2923 3907 Περσῶν
2957 3838 3162 3909 ὀλίγων
3216 3846 3512 3904 ἐκέλευσεν
3539 3849 3739 3902 ἐλθόντα

2186 3923 2649 3994 κατασκέψασθαι
2706 3926 2806 3999 τὴν
2838 3928 3114 4000 βασιλέως
3147 3940 3441 4006 στρατιάν.
3475 3942 3624 4013 ᾬετο
3647 3940 3738 4008 γὰρ

2184 4015 2384 4079 αὐτοὺς
2435 4018 2556 4071 οὐδὲ
2614 4018 2713 4089 τὴν
2767 4020 2941 4077 νύκτα
2995 4027 3362 4100 καθευδήσειν
3421 4033 3736 4103 ἀμερίμνως.

2181 4107 2299 4160 ἀλλ’
2330 4110 2713 4181 ἐπιχειρήσειν
2764 4132 2820 4169 τι
2877 4117 3015 4187 πρὸς
3067 4121 3323 4187 κάκωσιν
3375 4127 3575 4182 αὐτῶν.
3615 4125 3669 4177 '0
3698 4122 3738 4176 δ’

2183 4202 2289 4257 ὑπὸ
2320 4201 2381 4256 τὸ
2418 4204 2611 4269 σκότος
2646 4204 2720 4268 ὡς
2752 4206 2881 4278 ἐνῆν
2911 4209 3151 4279 μάλιστα
3180 4213 3392 4283 λαθὼν,
3423 4220 3516 4272 καὶ
3534 4216 3737 4289 γενόμε-

2182 4310 2270 4357 νος
2300 4294 2469 4363 ἐγγὺς
2496 4295 2592 4360 τοῦ
2619 4299 2985 4368 στρατοπέδου
3019 4305 3143 4356 ἐπεὶ
3171 4306 3445 4377 ᾐσθάνετο
3474 4308 3568 4379 τὴν
3593 4322 3739 4378 στρα-

2182 4384 2304 4438 τιάν
2334 4387 2730 4459 κεκινημένην,
2760 4392 2971 4461 ταχέως
3011 4394 3247 4466 Ὀρχάνῃ
3286 4397 3365 4468 τῷ
3394 4397 3598 4469 ἀδελφῷ
3626 4396 3735 4463 ἐδή-

2181 4477 2298 4532 λου.
2364 4478 2456 4548 Τῷ
2493 4479 2538 4532 δ’
2592 4480 2769 4533 ὲδὸκει
2817 4483 2916 4551 μὲν
2960 4484 3123 4550 εὐθὺς
3156 4489 3256 4541 οὐκ
3311 4490 3401 4544 ἐπ’
3438 4484 3638 4559 ’ἀγαθῷ
3666 4485 3734 4556 τῷ

2180 4569 2435 4640 σφετέρῳ
2465 4569 2680 4640 κίνησις
2704 4572 2804 4643 τῆς
2834 4577 3118 4645 στρατιᾶς,
3147 4580 3243 4632 καὶ
3274 4581 3603 4635 διεσέσειστο
3621 4579 3732 4639 τοὺς

2176 4659 2500 4730 λογισμοὺς,
2529 4662 2667 4732 μετά
2694 4664 2893 4734 μικρὸν
2916 4664 2993 4729 δὲ,
3022 4667 3345 4738 Πσρζαλοῦν
3381 4672 3477 4726 καὶ
3497 4671 3732 4741 δεύτερον

2178 4752 2404 4822 πέμψας
2452 4753 2710 4821 ἄγγελον,
2749 4749 2942 4823 ἐδήλου
3000 4758 3098 4826 τὴν
3137 4757 3426 4830 Ῥωμαίων
3490 4759 3733 4833 στρατιὰν

2179 4842 2437 4907 ἀτάκτως
2466 4846 2561 4898 καὶ
2593 4847 2965 4917 πεφυρμένως
3005 4849 3325 4905 ἀναστᾶσαν
3355 4855 3423 4905 ὲκ
3464 4855 3554 4907 τοῦ
3582 4868 3733 4917 στρα-

2178 4935 2408 4989 τοπέδου
2448 4937 2525 5007 μὴ
2554 4936 2652 5007 τὴν
2681 4939 2762 5001 εἰς
2802 4937 3102 5003 Βυζάντιον
3123 4943 3455 5013 τραπέσθαι,
3487 4943 3617 4997 ἀλλά
3642 4940 3733 5009 τὴν

2178 5028 2317 5097 πρὸς
2347 5027 2445 5091 τὰς
2479 5026 2778 5098 είρημένας
2813 5031 2911 5100 τῆς
2942 5030 3200 5095 Βιθυνίας
3226 5033 3435 5098 πόλεις.
3472 5034 3528 5088 Ὀ
3556 5032 3599 5085 δ’
3620 5031 3733 5082 ἐπεὶ

2177 5120 2432 5183 ἐπύθετο,
2468 5121 2592 5173 ἐπεὶ
2625 5128 2721 5174 καὶ
2756 5125 2889 5194 περὶ
2917 5122 3117 5194 ὄρθρον
3150 5119 3221 5196 ἦν
3266 5126 3299 5195 ἡ
3342 5125 3459 5190 νὺξ.
3490 5124 3625 5194 ἄρας
3648 5119 3734 5174 καὶ

2176 5210 2339 5271 αὐτὸς
2390 5215 2761 5286 πανστρατιᾷ,
2824 5210 2990 5285 ἦλθεν
3058 5219 3138 5277 είς
3201 5217 3560 5287 Φιλοκρήνην,
3613 5210 3733 5281 περὶ

2175 5303 2327 5374 ὥραν
2355 5305 2454 5374 τῆς
2508 5306 2722 5378 ἡμέρας
2783 5307 3026 5378 μάλιστα
3060 5310 3345 5381 δευτέραν.
3382 5307 3637 5378 Ῥωμαῖοι
3678 5302 3732 5356 δε

1747 5416 1965 5479 Jacobi
1996 5419 2257 5480 Pontani
2291 5427 2481 5481 notua.

574 5550 687 5621 (69)
743 5549 925 5621 Codex
969 5548 1193 5621 Graecus
1238 5547 1442 5611 habet,
1490 5549 1557 5621 τῇ
1609 5546 1696 5621 *δὲ*
1747 5544 2070 5621 προτεραίᾳ,

501 5615 692 5691 pridie.
753 5620 858 5675 Sed
906 5620 1129 5691 quando
1162 5619 1287 5691 ihuc
1320 5615 1574 5691 venerint
1608 5616 1698 5670 isti
1751 5615 1978 5691 equites
2004 5627 2070 5670 ac

503 5686 740 5757 pedites,
769 5698 827 5743 et
851 5705 880 5743 a
915 5686 1118 5760 quibus
1154 5689 1407 5760 Barbaris
1450 5686 1765 5754 interempti
1799 5686 2069 5760 sint,_n_o_n

503 5752 651 5825 queo
679 5752 992 5836 cuttjiceré;
1043 5769 1191 5814 certe
1231 5758 1511 5812 Orchanes
1554 5752 1712 5810 mane
1741 5753 1894 5810 venit
1939 5752 2069 5808 Phi-

2177 5544 2459 5618 locrenen.
2518 5547 2653 5603 hora
2698 5550 2873 5606 altera
2906 5558 3028 5618 post
3072 5559 3261 5604 ortum
3297 5546 3450 5603 solis.
3473 5542 3731 5618 Existimo

2175 5615 2296 5670 loco
2334 5620 2416 5689 τῇ
2462 5619 2519 5671 δὲ
2552 5621 2855 5689 προτεραίᾳ
2876 5613 3226 5689 ,Ὶιξεοιιόιιιιι
3272 5622 3340 5686 τῇ
3370 5618 3428 5670 δὲ
3462 5613 3729 5686 ὑστεραίᾳ.

2175 5687 2379 5756 postrid
2402 5704 2429 5741 ε
2454 5702 2559 5759 pro
2592 5687 2793 5759 pridie.
2826 5687 3159 5746 Consideret
3190 5690 3384 5745 lector.
