4016 6428
331 447 432 510 465

1475 402 2028 504 mS'rcmARUM
2062 444 2297 508 LIBER
2335 446 2421 506 II.

3466 444 3572 505 465

333 560 381 612 ul.
411 559 491 622 είς
518 556 691 628 αὐτὴν
719 555 989 621 ἐλθόντες,
1021 555 1147 609 ἐπεὶ
1185 554 1388 626 συνέὃη
1422 556 1483 610 τὸ
1517 553 1770 627 κλεῖθρον
1798 553 1902 623 τῆς

2037 572 2189 628 μυεηο
2217 557 2435 627 equites
2478 571 2542 612 ac
2577 556 2793 626 pedites
2823 556 2985 611 simul
3011 573 3200 613 mnues
3240 569 3447 627 septem
3480 577 3579 615 su-

336 649 508 721 πύλης
530 648 857 713 ἀπολέσθαι,
886 648 1093 718 ἀναμὶξ
1123 647 1358 709 ἑστῶτες
1387 646 1526 717 μετά
1563 645 1677 699 τῶν
1709 663 1902 700 σκευο-

336 744 535 812 φόρων,
561 741 640 805 ὥς
662 743 713 795 οἱ
745 742 955 811 Πέρσαι
1000 741 1103 812 ἤδη
1131 738 1428 808 κατάδηλοι
1457 734 1602 809 ἦσαν
1625 739 1899 804 ἐπιόντες,

338 835 525 904 πρῶτα
569 835 669 904 μὲν
712 834 813 887 οὐκ
857 833 1209 902 ἠδυνήθησαν
1248 833 1327 896 είς
1356 831 1512 897 τάξιν
1558 830 1903 898 καταστῆναι

341 927 431 982 καὶ
456 925 771 995 ἀμύνασθαι
799 928 928 990 τοὺς
954 925 1295 996 βαρϐάρους,
1332 924 1670 993 κωλυόμενοι
1703 923 1814 977 ὑπό
1842 940 1904 976 τε

341 1017 448 1071 τῶν
466 1016 792 1086 ἀχθοφόρων
823 1016 922 1069 καὶ
948 1014 1045 1068 τοῦ
1078 1014 1241 1069 άλλου
1271 1011 1548 1068 οίκετικοῢ
1572 1013 1908 1084 ἀναπεφυρ-

345 1108 504 1180 μένου
544 1108 746 1170 αὐτοῖς.
790 1107 946 1161 Ἐπεὶ
991 1106 1049 1161 δὲ
1094 1107 1206 1161 τῶν
1243 1106 1517 1177 κλείθρων
1556 1104 1906 1178 εὑρημένων,

344 1199 693 1271 ἀνεῴχθησαν
723 1200 780 1252 αἱ
812 1199 999 1264 πύλαι,
1041 1201 1094 1253 oi
1147 1198 1369 1263 πλείους
1419 1199 1606 1270 ἀθρόοι
1636 1199 1910 1270 ὥρμησαν

347 1293 495 1355 ἐντὸς
527 1290 723 1346 ἐλθεῖν.
771 1291 1071 1360 Γενομένου
1105 1290 1161 1344 δὲ
1215 1289 1465 1361 ὠθισμοῦ
1514 1289 1713 1345 πολλοῦ
1763 1290 1912 1344 κατά

344 1384 443 1453 τὴν
470 1383 693 1446 εἴσοδον,
746 1384 842 1436 καὶ
884 1382 1326 1452 συνθλιϐομένων
1382 1384 1477 1438 ὑπ’
1528 1384 1779 1455 ἀλλήλων
1815 1381 1911 1436 καὶ

348 1473 843 1544 συμπατουμένων,
872 1473 1145 1528 ἀπέθανον
1178 1475 1279 1545 μὲν
1304 1477 1457 1544 τρεῖς
1486 1476 1627 1530 κατά
1658 1474 1758 1539 τὰς
1806 1474 1915 1529 πύ-

347 1567 465 1629 λας,
495 1566 603 1618 τῶν
644 1564 820 1620 ἀλλων
853 1566 1232 1630 εἰσελθόντων,
1266 1566 1372 1632 ἔξω
1398 1567 1456 1621 δὲ
1500 1567 1606 1621 ὑπὸ
1632 1566 1743 1620 τῶν
1773 1566 1915 1638 βαρ-

2003 663 2102 719 pra
2151 648 2514 720 quadraginta
2578 650 3002 713 occubuerunt,
3066 659 3123 704 et
3150 650 3218 703 ad
3270 658 3579 706 extremum

2003 756 2235 811 magnus
2263 740 2624 796 betteriarcha
2657 741 3026 806 Exotrochus,
3055 757 3218 810 quem
3253 759 3362 797 non
3395 758 3425 797 a
3465 744 3590 798 bar-

2004 834 2160 898 baro,
2202 834 2296 889 sed
2330 831 2578 889 Romano
2638 834 2824 905 aliquo
2875 835 3043 889 ictum
3099 834 3429 901 ferebatur;
3466 837 3586 891 sive

2006 924 2154 996 quod
2190 940 2315 980 eum
2348 941 2460 981 non
2501 935 2825 996 agnosceret
2873 927 3002 996 (jam
3031 927 3178 982 enim
3209 943 3319 980 nox
3345 929 3587 983 interve-

2005 1019 2211 1087 uerat),
2246 1019 2362 1074 sive
2396 1019 2544 1089 quod
2590 1020 2660 1074 ob
2691 1019 2980 1075 dissidium
3008 1020 3196 1075 nescio
3225 1022 3386 1090 quale
3417 1036 3475 1076 se
3507 1021 3592 1074 ul-

2008 1110 2140 1165 cisci
2164 1111 2351 1173 vellet,
2379 1110 2623 1166 tenebris
2646 1112 2974 1167 maleﬁcium
3029 1113 3459 1168 occultantibus.
3485 1113 3593 1168 Su-
3622 1108 3635 1128 '

2010 1202 2187 1272 Spieio
2218 1203 2325 1258 fuit
2345 1218 2373 1257 a
2405 1202 2654 1257 Romano
2684 1203 3058 1264 vulneratum.
3096 1205 3224 1274 quia
3250 1205 3434 1260 Persa:
3471 1215 3586 1260 tum

2014 1301 2382 1357 recesserant,
2419 1291 2644 1362 quando
2674 1293 2793 1363 ipse
2827 1302 2991 1363 caput
3028 1294 3208 1364 gladio
3242 1293 3502 1353 diffissus.
3527 1282 3591 1347 ac

2014 1384 2246 1440 cerebro
2280 1393 2526 1454 patente,
2558 1383 2860 1439 etiamnum
2890 1386 2944 1438 in
2985 1401 3150 1454 equo,
3184 1386 3303 1441 sine
3331 1401 3466 1440 voce
3504 1386 3591 1439 in-

2015 1484 2211 1532 ventus
2234 1483 2341 1542 est,
2374 1491 2477 1531 nec
2503 1476 2596 1531 diu
2619 1476 2995 1546 postanimam
3029 1477 3323 1532 exhalavit.
3350 1478 3456 1532 Per
3491 1478 3598 1533 alia
3646 1553 3649 1556 ρ

2017 1582 2185 1638 porro
2217 1566 2416 1636 oppida
2448 1566 2732 1636 dispersus
2760 1566 3041 1621 Romanus
3073 1565 3370 1629 exercitus,
3399 1563 3597 1620 eodem

348 1658 532 1727 ὀάρων
590 1657 684 1711 δύο
731 1658 833 1729 μὲν
889 1659 1163 1714 ἀπέθανον
1205 1661 1301 1714 καὶ
1339 1661 1634 1737 τριάκοντα
1660 1675 1677 1692 ο
1734 1660 1796 1726 ἐξ
1842 1654 1919 1715 ὧν

2037 1660 2106 1715 lie
2124 1660 2349 1715 velutex
2368 1658 2671 1728 composito
2683 1658 3041 1712 Philocrenen
3063 1657 3342 1721 convenit,
3360 1655 3602 1726 indeque

346 1746 489 1820 ἦσαν
510 1750 604 1805 δύο
629 1751 741 1806 τῶν
769 1753 1080 1823 ἐπιφανῶν,
1103 1753 1365 1825 Μανουὴλ
1398 1757 1428 1808 ὁ
1468 1753 1916 1825 Ταρχανειώτης,

351 1842 446 1894 καὶ
472 1842 502 1894 ὁ
526 1842 976 1914 Καντακουζηνδς
999 1844 1337 1916 Νικηφόρος,
1367 1845 1462 1899 τοῦ
1493 1845 1730 1914 μεγάλου
1755 1845 1918 1915 δομε-

2017 1766 2130 1808 non
2159 1751 2351 1821 procul
2381 1765 2410 1804 a
2431 1749 2630 1805 castris
2667 1749 2943 1804 Orcbanis
2984 1756 3355 1807 transeuntes.
3400 1746 3600 1802 Scuta-

2023 1846 2164 1900 rium
2194 1851 2567 1903 accesserunt.
2599 1853 2654 1896 et
2679 1842 2999 1913 Byzantium
3031 1842 3202 1897 libere
3236 1841 3597 1908 traiecerunt,

354 1930 541 1984 στίκου
562 1932 655 1985 καὶ
678 1901 977 2004 ἀμφότεροι
1002 1901 1365 2007 τυγχάνοντες
1394 1901 1606 2006 ἀνείξιιοί
1628 1953 1642 1967 ’
1674 1901 1923 1991 ἑάλωσαν

2037 1935 2175 1992 unde
2205 1936 2271 1990 ad
2296 1950 2425 1990 suos
2441 1934 2674 2004 quisque
2698 1935 2842 1991 lares
2866 1933 3152 1989 remeavit.
3174 1933 3481 2002 Imperator
3502 1946 3598 1985 eos

350 2022 409 2076 δὲ
431 2025 526 2078 καὶ
548 2023 750 2087 ζῶντες
795 2026 1135 2095 πεντήκοντα
1153 2031 1249 2082 καὶ
1271 2029 1466 2081 ἑκατόν
1488 2043 1504 2060 ο
1529 2023 1605 2081 ὧν
1630 2028 1681 2082 οἱ
1704 2026 1922 2091 πλείους

2037 2027 2123 2098 [ιυί
2146 2026 2216 2082 de
2247 2035 2422 2081 morte
2450 2040 2551 2080 sua
2576 2026 2631 2080 in
2662 2025 2861 2080 castris
2884 2024 3124 2081 fabulam
3151 2024 3601 2082 disseminarant,

355 2112 421 2164 ὲκ
444 2112 553 2166 τῶν
577 2113 1000 2185 ὑπηρετούντων
1026 2120 1140 2180 τοῖς
1168 2117 1531 2187 στρατιώταις
1562 2113 1924 2187 ἦσαν.Ἷπποι

2037 2118 2279 2175 criminis
2291 2117 2585 2172 damnabat
2606 2117 2698 2172 ille
2711 2117 2954 2187 quidem,
2975 2131 3416 2187 magnopereque
3438 2130 3535 2168 acc
3546 2130 3607 2167 u-

274 2214 277 2215 '
351 2203 493 2258 δέδί
537 2207 931 2277 ἀφαιρεθέντες
994 2209 1249 2279 ἐγένοντο
1294 2211 1371 2273 ώς
1414 2211 1789 2282 τετρακόσιοι.
1834 2211 1926 2263 'E-

2037 2210 2209 2275 sabat,
2239 2223 2349 2264 non
2380 2218 2562 2262 tamen
2602 2223 2701 2278 pro
2721 2207 2918 2262 merito
2950 2208 3235 2275 multabat,
3263 2207 3470 2263 veritus
3505 2205 3611 2261 sci-

355 2311 519 2349 πειτα
543 2297 593 2351 οἱ
623 2297 773 2352 ἄλλοι
800 2302 1230 2372 συστραφέντες,
1263 2303 1684 2373 συνεπλάκησάν
1720 2320 1781 2357 τε
1811 2305 1927 2366 τοῖς

2037 2302 2181 2368 licet,
2211 2316 2281 2357 ue
2318 2300 2448 2357 odio
2470 2301 2555 2357 avi
2581 2301 2634 2356 id
2662 2300 2844 2356 facere
2876 2302 3180 2356 videretur.
3310 2362 3313 2365 _

356 2387 681 2458 βαρϐάροις,
711 2390 807 2444 καὶ
843 2391 1179 2448 ἀπέκτειναν
1209 2393 1268 2461 ἐξ
1303 2393 1488 2448 αὐτῶν
1554 2393 1727 2464 ὀλίγῳ
1782 2394 2000 2483 δέοντας
2039 2392 2358 2448 διακοσίων.
2399 2394 2668 2463 Ὀρχάνης
2699 2392 2756 2445 δὲ
2802 2394 2948 2463 δρῶν
2994 2394 3099 2465 ἤδη
3132 2391 3261 2456 τοὺς
3303 2388 3611 2460 Ῥωμαίους

357 2476 774 2546 ἀμυνομένους,’
800 2480 876 2551 μὴ
913 2481 1214 2552 δυνάμενός
1242 2501 1296 2537 τι
1335 2485 1534 2556 δράσαι
1565 2483 1750 2548 πλέον,
1786 2476 2048 2555 ἀπήγαγέ
2075 2501 2134 2538 τε
2169 2484 2274 2556 τὴν
2341 2484 2606 2555 στρατιάν
2667 2483 2772 2553 τῆς
2812 2484 3156 2555 Φιλοκρήνης
3181 2524 3197 2550 ,
3266 2481 3364 2535 καὶ
3412 2484 3613 2552 ἐστρα-

358 2571 685 2628 τοπέδευσεν
712 2576 848 2628 ἐκεῖ.
886 2576 1147 2632 Τοσοῦτοι
1199 2579 1300 2650 μὲν
1343 2580 1618 2657 ἀπέθανον
1646 2581 1792 2633 κατά
1830 2580 1930 2650 τὴν
1967 2578 2311 2650 Φιλοκρήνην
2356 2578 2452 2631 καὶ
2524 2576 2775 2632 ἑάλωσαν
2851 2576 3076 2642 ζῶντες.
3111 2577 3191 2648 Τῇ
3223 2572 3527 2645 προτεραίᾳ
3556 2571 3615 2625 δὲ

363 2667 505 2719 κατά
527 2665 624 2729 τάς
657 2669 840 2737 μάχας
866 2669 916 2722 οί
958 2669 1282 2741 σύμπαντες
1323 2671 1600 2727 ἀπέθανον
1672 2674 1861 2735 ἱππεῖς
1902 2688 1962 2725 τε
2002 2673 2098 2725 καὶ
2163 2670 2341 2737 πεζοὶ,
2398 2671 2545 2725 ἐπτά
2589 2671 2685 2725 καὶ
2714 2672 3135 2741 τεσσαράκοντα
3161 2689 3175 2703 ·
3234 2671 3328 2724 καὶ
3362 2670 3391 2721 ὁ
3437 2669 3616 2739 μέγας

367 2759 748 2832 ἐταιρειάρχης
813 2759 1150 2833 Ἐξώτροχος
1223 2764 1368 2819 κατά
1429 2764 1533 2836 τὴν
1601 2764 1921 2819 τελευταίαν
1962 2765 2289 2835 συμπλοκήν
2313 2781 2327 2796 ο
2360 2764 2421 2829 ὃς
2487 2767 2582 2820 καὶ
2641 2763 2863 2833 ἐλέγετο
2891 2764 2991 2835 οὐχ
3019 2763 3125 2817 ὑπὸ
3159 2762 3466 2834 βαρϐάρου,
3498 2758 3615 2815 ἀλλ’

375 2851 473 2903 ὑπὸ
531 2850 809 2923 Ῥωμαίου
871 2853 1016 2919 τινὸς
1062 2856 1360 2926 πληγῆναι,
1430 2856 1543 2910 εἴτε
1602 2857 1975 2928 ἀγνοήσαντος
2014 2857 2178 2912 αὐτὸν
2231 2857 2355 2929 (ήδη
2391 2856 2503 2929 γάρ
2554 2856 2858 2912 ἐπελάϐετο
2902 2859 2935 2926 ή
2989 2855 3136 2926 νὺξ),
3198 2856 3310 2910 εἴτε
3345 2854 3442 2909 καὶ
3473 2853 3618 2907 κατά

377 2958 490 2996 τινα
511 2943 775 3014 διαφορὰν
803 2946 1179 3016 ἀμυνομένου,
1215 2947 1308 3001 τοῦ
1349 2949 1579 3012 σκότους
1628 2950 2170 3021 ουνεπικρύπτοντος
2234 2949 2337 3019 τὴν
2401 2949 2765 3019 κακουργίαν.
2817 2937 3190 3019 ’Υπωπτειῖθη
3229 2948 3286 3002 δὲ
3331 2946 3439 3000 ὑπὸ
3477 2945 3619 2999 Ῥω-

370 3037 527 3108 μαίου
554 3039 851 3111 πληγῆναι,
883 3042 966 3096 ὅτι
991 3041 1486 3113 ἀνακεχωρηκότες
1510 3041 1611 3113 ήδη
1672 3042 1723 3096 oi
1791 3043 2002 3112 Πέρσαι
2036 3036 2201 3112 ἦσαν,
2239 3041 2330 3095 ὅτε
2354 3042 2562 3105 ἐκεῖνος
2592 3042 2691 3113 τὴν
2715 3042 2966 3114 κεφαλὴν
2999 3040 3198 3125 εὑρέθη
3226 3038 3619 3109 πεπληγμένος

365 3137 532 3206 ξίφει,
558 3136 793 3206 ἔφιππος
822 3136 903 3189 ἔτι
937 3136 1034 3192 ὥν.
1078 3136 1320 3208 Ἀφωνίᾳ
1359 3136 1418 3190 δὲ
1491 3137 1830 3209 κατεσχέθη,
1878 3137 1977 3193 τοῦ
2016 3135 2326 3207 ἐγκεφάλου
2360 3136 2654 3208 ἁψαμένης
2722 3137 2823 3206 τῆς
2862 3136 3104 3208 πληγῆς,
3146 3138 3239 3190 καὶ
3295 3135 3620 3204 ἐτελεύτησε

364 3230 509 3296 μετά
547 3227 764 3300 μικρόν.
820 3227 889 3281 Ἦ
927 3227 1112 3299 μέντοι
1158 3227 1305 3282 κατά
1355 3226 1458 3292 τὰς
1509 3227 1681 3292 ἄλλας
1743 3227 1934 3292 πόλεις
1973 3227 2406 3298 διεσκεδασμένη
2472 3227 2707 3298 στρατιά
2760 3227 3053 3297 Ῥωμαίων
3077 3228 3177 3297 τῆς
3209 3228 3382 3296 αὐτῆς
3407 3227 3622 3297 ἡμέρας

359 3324 555 3394 ῶσπερ
583 3323 648 3377 ἐκ
716 3321 1064 3394 συνθήματος
1127 3322 1209 3385 είς
1246 3320 1591 3392 Φιλοκρήνην
1634 3322 2009 3389 συνελθόντες,
2051 3320 2265 3375 ἐκεῖθέν
2294 3337 2353 3373 τε
2374 3320 2436 3374 οὐ
2465 3320 2600 3374 πολὺ
2632 3319 2856 3375 ἄπωθεν
2876 3318 2972 3373 τοῦ
2998 3321 3365 3390 στρατοπέδου
3382 3320 3624 3390 ὐρχάνη

363 3420 678 3490 παριόντες,
701 3412 868 3488 ἦλθον
893 3418 972 3480 είς
1000 3418 1362 3488 Σκουτάριον,
1387 3417 1483 3470 καὶ
1511 3417 1936 3489 ἐπεραιώθησαν
1976 3417 2058 3483 είς
2125 3414 2425 3481 Βυζάντιον
2495 3413 2690 3479 ἀδεῶς,
2735 3413 2947 3467 ἐκεῖθέν
2987 3428 3047 3465 τε
3087 3408 3448 3482 ἀνεχώρησαν
3488 3408 3625 3461 ἐκα-

368 3528 499 3578 στος
527 3513 614 3569 ἐπ’
644 3514 818 3570 οἴκου.
853 3511 1122 3578 Βασιλεὺς
1168 3512 1227 3568 δὲ
1255 3513 1501 3576 τοὺξείς
1546 3510 1611 3566 τὺ
1662 3512 2033 3582 στρατόπεδον
2092 3509 2600 3581 διαθρυλλήσαντας
2654 3506 2732 3572 ὡς
2802 3506 3121 3576 ἐτεθνήκει,
3175 3507 3233 3558 ἐν
3288 3503 3492 3565 αἰτίαις
3524 3502 3626 3571 μὲν

363 3609 663 3679 ἐποιήσατο
718 3608 817 3662 καὶ
868 3609 1219 3681 κατηγόρησε
1277 3609 1473 3675 πολλὰ,
1530 3606 1716 3663 οὐκέτι
1770 3607 1829 3662 δὲ
1885 3608 1982 3661 καὶ
2021 3607 2410 3677 ἐτιμωρήσατο
2468 3602 2636 3667 ἀξίως
2682 3602 2784 3673 τῆς
2843 3598 3190 3677 κακουργίας
3245 3595 3483 3664 ἑαυτῶν,
3514 3595 3627 3651 δέει

365 3700 466 3756 τοῦ
523 3700 600 3772 μή
649 3700 828 3756 δοκεῖν
879 3701 958 3772 τῷ
990 3702 1125 3774 πρὸς
1167 3701 1261 3757 τὸν
1292 3702 1522 3759 πάππον
1578 3702 1675 3777 καὶ
1709 3701 1939 3773 βασιλέα
1977 3699 2126 3775 ἔχθει
2158 3696 2467 3767 ἀμύνεσθαι
2498 3694 2719 3759 αὐτούς.

1816 3848 2044 3927 CAPUT
2083 3848 2176 3908 IX.

365 3963 538 4018 Amor
568 3965 899 4038 imperatoris
931 3964 986 4018 in
1017 3982 1268 4037 magnum
1303 3967 1643 4038 domesticum
1680 3964 2003 4022 incredibilis
2043 3969 2361 4038 exprimitur
2404 3970 2601 4025 denuo.
2652 3968 2881 4022 Ducetur
2915 3967 3246 4038 quantopere
3276 3960 3627 4038 contfmdefif.

444 4041 501 4108 ut
529 4032 647 4088 eunt
676 4033 883 4103 imperii
906 4032 1196 4108 consortem
1221 4034 1469 4101 haberet;
1503 4054 1656 4108 quem
1685 4046 1863 4090 tamen
1889 4032 2141 4091 honorent
2183 4037 2275 4093 ille
2305 4050 2612 4094 constanter
2637 4041 2790 4093 toties
2814 4032 3142 4107 repudiavit,
3187 4055 3306 4091 cum
3338 4032 3539 4105 alioqui
3572 4047 3627 4089 re

441 4107 557 4178 ipsa
598 4120 789 4178 partmt
815 4106 1031 4178 omnino
1074 4106 1137 4159 ab
1170 4106 1796 4178 imperatorejdilferret,
1830 4108 2260 4178 quandoquidem
2294 4125 2450 4177 penes
2482 4126 2600 4162 eum
2645 4117 2760 4162 erat
2791 4117 2904 4178 tota
2952 4108 3161 4175 imperii
3207 4108 3626 4160 administratio.

445 4174 550 4249 Sed
579 4176 727 4228 certis
752 4174 815 4227 de
839 4176 1010 4228 causis
1035 4192 1069 4249 ᾳ
1101 4175 1310 4249 nomine
1333 4188 1380 4232 et
1410 4176 1699 4249 insignibus
1746 4174 2037 4243 abstinuit;
2060 4174 2190 4248 'qua:
2230 4174 2433 4248 tanien,
2475 4188 2532 4233 ut
2567 4179 2851 4233 videbimus
2883 4174 3231 4243 libro'tertio,
3259 4178 3422 4230 etiam
3452 4185 3629 4230 certas

446 4245 507 4298 ob
538 4259 725 4299 causas
763 4252 944 4312 postea
975 4245 1210 4299 admisit.

459 4364 681 4433 Ὀλίγας
738 4366 795 4420 δέ
840 4365 1197 4437 ἐνδιατρίψας
1225 4365 1444 4438 ἡμέρας
1492 4365 1795 4437 Βυζαντίῳ,
1822 4367 1931 4421 ἐπε

2130 4368 2335 4423 Diebus
2365 4384 2474 4423 non
2530 4367 2671 4422 adeo
2710 4367 2899 4422 multis
2952 4364 3198 4436 Byzantii
3230 4373 3628 4429 commoratus,

373 4457 475 4512 καὶ
499 4459 530 4511 ό
560 4458 732 4527 μηρὸς
774 4457 925 4527 αὑτῷ
959 4457 1065 4511 ἀπὸ
1099 4456 1194 4510 τοῦ
1227 4457 1541 4529 τραύματος
1568 4456 1716 4529 εἶχεν
1745 4457 1944 4528 ὑγιῶς,

374 4551 611 4618 ἐξελθὼν
632 4548 796 4622 ἦλθεν
823 4551 905 4613 είς
934 4550 1319 4620 Διδυμότειχον
1340 4552 1439 4605 καὶ
1461 4552 1529 4607 τὰ
1552 4555 1684 4622 περὶ
1726 4552 1949 4622 Ἀδρια-

375 4643 492 4697 νοῦ.
530 4641 830 4710 Διατρίϐων
888 4639 947 4694 δὲ
1009 4641 1162 4708 ἐκεῖ,
1211 4640 1306 4694 καὶ
1344 4640 1574 4695 πάντοτε
1629 4640 1730 4711 μὲν
1777 4639 1949 4710 ἡδέως

374 4729 493 4804 εἶχε
527 4732 604 4804 τῷ
638 4732 861 4803 μεγάλῳ
883 4731 1192 4802 δομεστίκῳ
1228 4733 1468 4786 συνεῖναι
1499 4731 1594 4786 καὶ
1618 4731 1853 4802 ὁμιλεῖν,
1872 4730 1950 4794 ὡς

375 4828 478 4880 καὶ.
507 4824 854 4895 διημερεύειν
881 4823 1079 4887 αὐτοὺς
1102 4823 1361 4888 πολλάκις
1392 4824 1484 4877 καὶ
1502 4824 1950 4894 διανυκτερεύειν

377 4921 442 4972 ἐν
467 4920 589 4981 ταῖς
618 4916 880 4987 ὁμιλίαιςο
912 4917 1006 4970 καὶ
1037 4916 1160 4971 τότε
1187 4916 1244 4970 δὲ
1293 4915 1500 4986 ὁμιλῶν
1532 4916 1684 4987 αὐτῷ
1721 4917 1823 4987 τῆς
1848 4918 1951 4990 ἀρ-

376 5010 537 5080 χαίας
559 5026 619 5062 τε
651 5008 1061 5079 ἀνεμίμνησκεν
1088 5007 1252 5062 αὐτὸν
1281 5008 1418 5078 πρὸς
1437 5007 1705 5079 ἀλλήλους
1741 5009 1948 5077 φιλίας,

375 5103 477 5156 καὶ
520 5103 620 5172 τῆς
673 5101 958 5170 κατάκρας
993 5099 1312 5168 συναφείας,
1371 5099 1472 5153 οὐκ
1545 5102 1604 5153 ἐν
1660 5098 1948 5171 παρέργῳ,

375 5194 516 5248 ἀλλὰ
566 5193 703 5263 μετά
752 5209 898 5256 τινος
951 5192 1235 5262 φροντίδος
1287 5191 1385 5245 καὶ
1440 5191 1677 5262 σπουδῆς
1706 5230 1721 5255 ,
1752 5192 1845 5247 καὶ
1875 5187 1951 5248 ὧν

379 5286 566 5359 μικρῷ
595 5284 833 5356 πρόσθεν
859 5285 1077 5356 εἰρήκει
1112 5285 1250 5355 πρὸς
1296 5285 1485 5350 αὑτὸν,
1520 5286 1611 5339 ὅτε
1642 5285 1774 5357 περὶ
1817 5287 1953 5357 Συρ-

375 5383 575 5451 γιάννη
606 5381 779 5434 ἐδεῖτο
824 5379 926 5448 τῆς
978 5379 1208 5451 εἱρκτῆς
1240 5378 1610 5449 ἀπολυθῆναι,
1640 5380 1717 5443 ώς
1741 5378 1856 5433 οὒτ’
1883 5379 1953 5434 ἀν

374 5473 464 5544 εἴη
489 5491 545 5527 τι
571 5472 681 5525 τῶν
717 5471 934 5525 πάντων
963 5470 992 5524 δ
1019 5470 1162 5525 κατὰ
1186 5470 1417 5540 γνώμην
1447 5470 1599 5542 αὐτῷ
1632 5472 1951 5543 πραχθῆναι

372 5565 437 5618 ὃν
481 5565 650 5619 αὑτὸν
686 5562 946 5633 ἐθελῆσαι
983 5562 1050 5619 ἀν
1097 5579 1232 5617 ποτε
1276 5563 1543 5629 κωλύσαι,
1581 5562 1718 5617 ἀλλά
1748 5580 1954 5633 συγκα-

372 5656 747 5729 τεργάσεσθαι
803 5656 953 5728 πάσῃ
1010 5657 1247 5729 σπονδῇσι
1280 5654 1407 5711 οὔτε
1459 5657 1507 5710 εί
1555 5658 1696 5710 κατά
1728 5656 1791 5727 δή
1828 5675 1952 5711 τινα

284 5801 295 5807 ,
371 5748 583 5819 τρόπον
632 5747 834 5813 δόξειεν
897 5748 1046 5818 αὐτῷ
1099 5751 1201 5820 τῆς
1258 5748 1441 5814 οίκίας
1489 5749 1809 5803 ἀποστάντα
1854 5750 1950 5803 καὶ

371 5840 654 5911 φιλτάτων
678 5841 773 5896 καὶ
793 5841 1075 5911 γυναικὸς,
1108 5842 1204 5895 καὶ
1246 5841 1581 5912 συμπάντων
1607 5841 1785 5895 εἰπεῖν
1812 5856 1951 5912 χρη-

2056 4460 2267 4517 femore
2293 4460 2405 4531 jam
2447 4468 2740 4530 persanato
2774 4457 3217 4530 Didymotiebum
3252 4465 3305 4511 et
3363 4456 3635 4512 Adriano-

2058 4551 2211 4621 poliu
2243 4550 2511 4606 excurrit.
2537 4550 2635 4615 lbi,
2673 4564 2799 4605 cum
2833 4558 2993 4604 antea
3021 4563 3237 4617 semper
3281 4563 3405 4602 cum
3434 4563 3631 4618 magno

2058 4641 2362 4698 domestico
2398 4652 2505 4696 tam
2529 4640 2775 4714 jucunde
2810 4640 2864 4694 iu
2893 4654 3150 4696 sermone
3174 4639 3377 4696 versari
3405 4641 3632 4705 soleret,

2060 4744 2120 4790 ut
2148 4734 2308 4805 223
2338 4748 2483 4804 sape
2511 4733 2651 4799 dies,
2683 4748 2827 4804 saepe
2855 4740 3045 4789 noctes
3065 4730 3470 4789 eonfabulando
3504 4750 3637 4789 cou-

2061 4835 2435 4891 sumerentur,
2463 4826 2593 4880 dum
2624 4826 2978 4883 collocutioni
3012 4837 3235 4893 vacant,
3270 4829 3477 4883 veteris
3499 4828 3636 4882 ami—

2059 4917 2202 4974 citiae
2225 4928 2281 4973 et
2300 4917 2625 4973 arctissimse
2648 4917 3077 4988 eonjunctionis,
3113 4933 3221 4972 non
3252 4933 3351 4989 per
3388 4928 3639 4974 transen-

2060 5027 2209 5076 nam,
2237 5010 2332 5067 sed
2360 5010 2615 5080 cogitato,
2660 5019 2718 5063 et
2746 5008 2813 5063 de
2841 5008 3115 5064 industria
3156 5023 3284 5064 eum
3317 5025 3636 5065 commone—

2061 5103 2227 5169 facit;
2277 5101 2501 5157 illorum
2553 5109 2840 5170 praeterea,
2882 5115 3007 5170 quae
3039 5086 3361 5170 nuperrime
3384 5118 3482 5172 pro
3506 5102 3638 5175 Syr-

2059 5198 2259 5268 gianne
2283 5211 2315 5251 e
2345 5208 2569 5250 carcere
2591 5193 2877 5248 liberanda
2907 5194 3115 5263 roganti
3138 5193 3519 5263 responderat,
3553 5198 3636 5249 ni-

2062 5289 2139 5345 bil
2159 5287 2378 5357 penitus
2408 5286 2525 5341 fore
2552 5285 2788 5349 scilicet,
2822 5284 2970 5356 quod
3012 5285 3057 5341 si
3087 5285 3176 5341 ille
3209 5285 3412 5340 factum
3444 5287 3630 5350 vellet,

2058 5394 2169 5434 non
2192 5378 2336 5435 idem
2360 5378 2481 5448 ipse
2504 5377 2703 5443 vellet,
2725 5385 2781 5432 et
2810 5379 2865 5432 in
2889 5392 2999 5447 quo
3022 5376 3308 5433 efﬁciendo
3334 5393 3445 5432 non
3467 5378 3633 5432 etiam

2059 5470 2211 5527 omni
2241 5470 2426 5526 studio
2470 5470 2798 5535 elaboraret,
2831 5483 3011 5538 neque
3040 5471 3085 5525 si
3116 5484 3227 5540 quo
3257 5468 3420 5522 modo
3443 5467 3632 5523 relicta

2058 5564 2260 5630 patria,
2296 5579 2493 5629 uxore,
2518 5562 2743 5637 iliberis,
2780 5571 2837 5619 et
2888 5572 2945 5616 ut
2999 5563 3171 5617 semel
3210 5562 3413 5622 dicam,
3467 5560 3635 5614 rebus

2059 5655 2336 5723 omnibus,
2367 5655 2423 5711 in
2456 5655 2571 5711 solo
2603 5655 2894 5726 peregrino
2949 5670 3124 5708 aevum
3159 5654 3443 5709 traducere
3475 5652 3636 5708 insti-

2061 5753 2262 5809 ωσι-ει,
2291 5762 2448 5817 posse
2476 5762 2720 5818 unquam
2750 5748 2819 5804 ab
2841 5762 2908 5802 eo
2937 5745 3146 5811 divelli,
3180 5744 3275 5800 sed
3318 5745 3472 5814 prius
3499 5760 3628 5799 cum

2059 5839 2375 5905 doctarum,
2405 5856 2568 5911 quam
2620 5839 2674 5896 id
2723 5838 3109 5910 intempestive
3138 5847 3302 5909 atque
3334 5838 3636 5895 insolenter
