4016 6428
325 431 435 498 ἆδθ

1489 422 2158 490 ΗΙΞΤΟΒΙΑΚῙΙΜἹᾸ
2172 427 2319 486 BER
2362 427 2450 489 Il.

3491 423 3600 486 470

333 545 531 602 Καίτοι
587 542 751 599 τοῦτο
794 541 946 609 δόξαι
996 543 1095 614 μὲν
1142 541 1208 598 ἂν
1240 545 1352 607 τοῖς
1398 542 1601 611 ἔξωθεν
1632 541 1912 612 ὑπερφυὲς

2030 539 2088 593 ib
2121 538 2287 610 224
2328 537 2571 595 amicitia
2610 543 2793 602 autem
2835 542 2890 589 et
2941 532 3290 589 voluntatum
3323 532 3607 604 ςοηεῃῑειςν-

329 637 523 706 ὥσπερ
573 635 708 705 δῆτα
754 637 845 688 καὶ
891 636 1031 695 ἔστι,
1080 637 1207 706 τῇδε
1243 636 1455 690 ἔνδοθεν
1517 635 1659 706 πρὸς
1707 636 1768 688 σέ
1804 650 1906 703 μου

332 726 578 780 διαθέσει
639 725 942 780 διαϐάλλων
1004 743 1112 792 τις,
1178 725 1495 798 ἡττώμενον
1545 727 1773 798 εὑρήσει
1806 743 1912 778 πα-

341 817 569 889 ραπολύ.
604 817 680 869 Τὸ
737 818 838 885 μὲν
868 818 977 888 γὰρ
1012 817 1273 872 κοινωνὸν
1321 817 1546 871 ἑλέσθαι
1577 819 1676 887 τῆς
1729 817 1910 890 ἀρχῆς

338 907 435 958 καὶ
470 905 573 974 τῆς
601 905 848 970 εὐδοξίας
883 908 1235 976 μεταδρῦναι,
1291 910 1386 963 καὶ
1421 908 1607 972 ἄλλοις
1652 909 1720 963 ἄν
1766 925 1911 962 τισιν

339 993 493 1064 εὖροι
537 1011 620 1058 τις
666 998 1031 1066 εἰργασμένον
1073 998 1180 1066 πρὸ
1201 1000 1379 1070 ἡμῶν·
1429 1003 1497 1071 τῇ
1540 1001 1599 1055 δὲ
1630 1000 1786 1071 φιλίᾳ
1817 1000 1916 1054 καὶ

338 1086 407 1154 τῇ
444 1085 720 1156 συμπνοίᾳ
745 1126 760 1149 ,
811 1088 880 1159 ἦν
915 1092 972 1142 ὲν
1018 1088 1272 1159 ἀλλήλοις
1323 1092 1683 1162 ἐκτησάμεθα
1721 1093 1911 1162 ἡμεῖς,

341 1175 439 1229 καὶ.
475 1176 602 1238 τοὺς
638 1178 792 1247 παρὰ
820 1182 1075 1250 πῖιηταίς
1103 1182 1201 1235 καὶ
1233 1182 1649 1252 συγγραφεῦσιν
1698 1184 1792 1236 ἐπὶ
1824 1201 1914 1252 φι-

345 1267 489 1331 λίαις
518 1269 900 1340 ὑμνουμένους
931 1273 1031 1326 οὐκ
1066 1275 1154 1327 ἐπ’
1181 1273 1367 1342 ὀλίγον
1394 1275 1601 1344 νομίζω
1634 1292 1917 1345 παρηκον-

343 1357 582 1413 τικέναι.
613 1359 778 1413 Ὅθεν
802 1360 856 1413 ετ
888 1379 940 1414 τι
963 1363 1061 1415 καὶ
1091 1363 1199 1417 τῶν
1232 1363 1561 1435 Θαυμασίων
1591 1365 1742 1420 δοκεῖ
1775 1362 1919 1435 εἶναι

2016 631 2164 686 tione
2185 632 2350 686 etiam
2383 647 2413 684 a
2447 629 2627 700 poetis
2662 625 3060 696 historicisque
3110 623 3460 695 pra-dicatos.
3493 638 3603 675 non

2017 740 2212 796 parum
2247 740 2277 780 a
2312 725 2472 779 nobis
2522 728 2812 791 superatos
2859 718 3078 788 opinor.
3136 714 3400 783 Quamvis
3436 713 3605 784 igitur

2018 819 2141 874 aliis
2195 819 2456 873 omnibus
2491 816 2766 875 mirabile.
2817 812 2954 866 mihi
2994 819 3177 865 tamen
3214 806 3494 862 mediocre
3548 814 3605 858 et
3692 864 3699 871 ,

2019 910 2276 980 exiguum
2306 908 2565 978 quiddam
2592 915 2853 976 apparet;
2883 918 2990 957 non
3010 903 3185 956 solum
3211 899 3340 969 quia
3367 895 3602 952 maxime

2022 996 2356 1058 tibi'volo,et
2375 995 2706 1063 iditanquam
2727 1006 2954 1062 parvum
2974 988 3191 1057 aliquod
3212 987 3608 1041 documentum

2023 1086 2310 1143 intrinsoci
2341 1085 2655 1154 summique
2711 1082 2921 1137 amoris
2947 1095 3076 1149 erga
3113 1088 3165 1133 te
3189 1078 3296 1132 mei
3326 1075 3607 1135 existimo,

2024 1179 2120 1235 sed
2151 1178 2319 1232 etiam
2351 1177 2481 1246 quia
2518 1176 2572 1231 id
2610 1175 2871 1232 Romanae
2902 1170 3219 1242 reipublicae
3252 1169 3515 1238 majorem
3552 1166 3611 1219 in

2025 1268 2250 1324 modum
2285 1267 2552 1338 proderit.
2593 1264 2687 1319 llis
2742 1262 3050 1318 rationibus
3112 1261 3418 1329 imperator
3477 1271 3565 1309 ma

2025 1374 2194 1432 gnum
2227 1360 2593 1414 domesticum
2620 1370 2946 1427 promovere
2977 1353 3279 1416 nitebatur,
3304 1358 3363 1404 ut
3390 1345 3608 1416 imperii

344 1447 457 1507 τοῖς
508 1446 690 1510 ἄλλοις
741 1449 912 1513 πᾶσι,
959 1435 1097 1503 τῶν¹
1119 1453 1360 1521 μετρίων
1417 1452 1609 1522 ἔμοιγε
1667 1455 1921 1522 φαίνεται

2030 1452 2238 1522 collega
2275 1450 2438 1506 simul
2469 1450 2535 1504 ad
2571 1449 2784 1504 clavum
2812 1446 3048 1501 sederet.
3084 1444 3179 1499 llle
3213 1457 3345 1498 vero
3378 1440 3520 1493 idem
3551 1453 3612 1492 se

346 1539 445 1590 καὶ
487 1537 709 1605 ὀλίγων,
759 1539 821 1592 οὐ
894 1540 984 1594 διὰ
1037 1541 1100 1595 τὸ
1146 1541 1381 1610 μάλιστα
1427 1544 1716 1615 βούλεσθαι
1760 1549 1922 1616 μόνον

2030 1558 2255 1616 prorsus
2286 1543 2496 1597 sentire
2538 1538 2846 1609 respondit,
2878 1548 2931 1593 et
2960 1528 3219 1607 magnum
3254 1530 3516 1603 quiddam
3547 1545 3612 1583 ac

346 1628 448 1681 καὶ
482 1628 672 1699 ὥσπερ
717 1646 771 1683 τι
807 1629 1009 1701 δεῖγμα
1047 1634 1256 1688 οἴεσθαι
1310 1638 1509 1705 μικρὸν
1562 1637 1665 1706 τῆς
1707 1638 1922 1697 ἔνδοθεν

2033 1633 2467 1705 suspiciendum“
2484 1646 2606 1688 esse
2637 1630 2929 1701 imperium
2960 1630 3269 1686 Romanum
3303 1641 3400 1695 per
3436 1639 3517 1685 se.
3555 1631 3616 1677 et

350 1721 591 1789 στοργῆς
629 1722 729 1791 τῆς
782 1724 912 1792 περὶ
964 1723 1045 1790 σὲ,
1092 1725 1208 1778 ἀλλ’
1256 1727 1338 1780 ὅτι
1382 1727 1478 1781 καὶ
1520 1727 1827 1799 Ῥωμαίους
1861 1733 1923 1785 οὐ

2032 1726 2155 1781 aliis
2175 1725 2538 1780 humanarum
2565 1722 2886 1777 felicitatum
2910 1721 3066 1792 quasi
3084 1717 3404 1774 coronideui
3423 1730 3618 1785 quam-

353 1811 554 1881 μικρὸν
584 1812 665 1876 είς
693 1814 760 1867 τὰ
787 1815 1092 1886 πράγματα
1117 1815 1489 1889 λυσιτελήσει.
1519 1820 1788 1885 Βασιλεὺς
1828 1822 1927 1892 μὲν

2033 1816 2160 1871 dam
2218 1824 2275 1871 et
2311 1814 2589 1884 fastigium
2631 1812 2910 1884 quoddam
2943 1810 3156 1875 videri;
3191 1809 3234 1863 si
3266 1817 3452 1863 tamen
3485 1821 3617 1860 cum

347 1898 447 1956 οὖν
501 1904 567 1956 ὲκ
627 1904 835 1959 τούτων
886 1908 1167 1978 ἐπεχείρει
1224 1910 1317 1964 τὸν
1369 1910 1563 1981 μέγαν.
1603 1890 1927 1983 δομέστικον

2036 1923 2231 1963 eorum
2287 1916 2479 1962 mutua
2537 1906 2813 1963 charitate
2851 1901 3193 1966 conferatur,
3232 1915 3336 1955 nec
3376 1898 3616 1953 admira-

355 1993 573 2047 πείθειν
618 1996 766 2064 αὐτῷ
824 1997 1255 2068 συμϐασιλεύειν
1314 2003 1409 2055 καὶ
1467 2003 1774 2057 συνδιέπειν
1825 2004 1929 2075 τὴν

347 2083 566 2153 ἀρχήνο
618 2087 645 2138 ὁ
681 2087 737 2138 δὲ
779 2087 877 2139 καὶ
935 2088 1101 2154 αὐτὸς
1159 2091 1259 2159 μὲν
1305 2091 1461 2160 ἔλεγε
1515 2094 1613 2163 τὴν
1662 2096 1785 2167 ίσην
1833 2098 1929 2150 καὶ

348 2175 551 2243 ὁμοίαν
573 2175 719 2246 ἔχειν
762 2178 896 2247 περὶ
922 2180 983 2232 τὸ
1011 2182 1248 2252 πρᾶγμα
1280 2182 1462 2247 δόξανο
1497 2186 1594 2238 καὶ
1636 2186 1782 2256 μέγα
1830 2188 1929 2256 μὲν

350 2266 563 2322 οἴεσθαι
596 2268 690 2323 καὶ
721 2269 1040 2339 θαυμαστὸν
1077 2275 1198 2329 καθ’
1232 2277 1399 2330 ἑαυτό
1431 2295 1490 2330 τε
1537 2274 1680 2333 εἶναι
1717 2280 1815 2333 καὶ
1844 2281 1932 2335 δο-

353 2358 477 2410 κεῖν
529 2360 637 2422 τοῖς
666 2360 851 2426 ἄλλοις
883 2361 1077 2435 ὥσπερ
1114 2382 1199 2428 τις
1237 2369 1468 2437 κορωνὶς
1500 2368 1612 2423 τῶν
1637 2371 1695 2424 ἐν
1717 2371 1930 2443 ἀνθρὼ-

356 2464 485 2511 ποις
515 2450 911 2522 εὐτυχημάτων
939 2454 1020 2522 ὃν,
1057 2461 1124 2529 τῇ
1165 2457 1320 2528 φιλίᾳ
1356 2459 1412 2513 δὲ
1440 2462 1619 2516 αὐτῶν
1643 2464 1932 2533 παραϐαλ-

353 2539 589 2610 λόμενον
612 2545 680 2612 τῇ
717 2544 856 2613 πρὸς
902 2547 1191 2617 ἀλλήλους,
1244 2551 1399 2604 οὐδὲν
1445 2553 1554 2606 τῶν
1604 2554 1929 2625 θαυμασίων

358 2628 523 2699 εἶναι,
573 2634 695 2687 οὐδὲ
744 2627 856 2689 τῶν
909 2638 1138 2703 εἰκότως
1186 2641 1254 2695 ἂν
1285 2643 1559 2713 ἐκπλῆξαι
1588 2644 1927 2718 δυναμένων.

370 2724 431 2777 '0
460 2726 569 2798 γὰρ
598 2727 698 2798 τὴν
729 2728 897 2783 αὐτοῦ
935 2729 1084 2803 ζωὴν
1114 2735 1214 2803 τῆς
1243 2734 1456 2799 οἰκείας
1490 2739 1795 2807 προτιθεὶς,
1835 2744 1932 2798 καὶ

371 2816 482 2883 μεθ’
514 2817 648 2886 ὅσης
687 2818 754 2872 ἂν
790 2820 987 2891 ἡδονῆς
1029 2823 1111 2876 τὸ.
1145 2824 1289 2893 ὑπὲρ
1347 2826 1514 2881 αὑτοῦ
1568 2830 1934 2903 ἀνθελόμενος

372 2906 655 2993 αποθανεῖν
748 2910 803 2964 τί
862 2912 1184 2983 θαυμαστὸν
1227 2917 1278 2970 εί
1318 2919 1413 2972 καὶ
1449 2919 1730 2990 βασιλείας
1764 2942 1933 2993 μεταη

366 2992 499 3064 δοίη,
527 2999 559 3067 ἢ
598 2997 655 3050 εί
678 3014 824 3063 τινος
853 3002 947 3054 καὶ
979 3003 1171 3077 τούτου
1206 3005 1702 3080 θαυμασιωτέρου;
1744 2992 1844 3084 τῆς
1873 3015 1933 3070 δὲ

362 3085 690 3183 εὐεργεσίας
718 3090 882 3144 ἕνεκα
923 3097 1159 3165 ταυτησὶ
1192 3097 1395 3173 πολλὰς
1438 3101 1537 3168 μὲν
1566 3101 1803 3171 ὀφείλειν
1834 3106 1933 3177 κά-

368 3193 523 3245 ριτας
558 3180 896 3251 ’ὁμολογεῐν,
938 3187 1034 3238 καὶ
1087 3185 1265 3255 λόγοις
1304 3206 1366 3242 τε
1418 3191 1653 3248 καθόσον
1710 3191 1823 3253 οἷόν
1868 3217 1930 3254 τε

356 3269 636 3361 τὴνᾼὺπὲρ
678 3273 853 3343 αὐτῆς
910 3268 1073 3346 χάριν
1113 3278 1399 3347 ἁφοσιοῦν,
1432 3281 1620 3353 ἔργοις
1666 3303 1725 3340 τε
1770 3289 1931 3361 ἀμεί-

356 3355 556 3452 ϐεσθαι
593 3362 706 3425 τοῖς
757 3362 919 3429 ίσοις,
974 3367 1075 3437 τὴν
1128 3370 1323 3439 ὁμοίαν
1373 3374 1469 3427 καὶ
1512 3376 1676 3440 αὐτὸν
1728 3355 1932 3452 ἐκντῆς

358 3449 594 3546 καρδίας
631 3452 782 3546 αὐτῷ
808 3457 1162 3527 προσάγοντα
1194 3464 1291 3516 καί
1320 3466 1507 3533 φιλίαν
1537 3471 1633 3524 καὶ
1670 3449 1928 3546 στοργήν.

365 3542 433 3595 *ο
467 3542 525 3594 δὲ
589 3545 739 3616 αὐτῷ
787 3551 1118 3619 προστάττει
1155 3553 1250 3607 νῦν
1287 3556 1539 3627 δέχεσθαί
1593 3578 1676 3627 τε,
1722 3542 1814 3618 Xal-
1858 3542 1934 3631 ὧς

359 3634 746 3729 τετελεσμένον
780 3642 1024 3710 νομίζειν
1052 3645 1153 3717 ἤδη
1185 3662 1200 3678 ο
1246 3647 1307 3700 τὸ
1336 3650 1446 3721 γὰρ
1483 3653 1566 3716 είς
1588 3655 1753 3709 αὐτὸν
1775 3651 1930 3729 ἧκον,

363 3726 517 3820 aestv
537 3727 806 3785 ἐλλείπειν
832 3733 927 3786 τοῦ
954 3736 1298 3807 πεπρᾶχθαν
1325 3739 1472 3812 ἔργῳ
1499 3744 1556 3797 δὲ
1584 3745 1762 3800 τελεῖν
1793 3726 1934 3820 μήτε

359 3818 625 3876 δύνασθαι
661 3827 797 3895 μήτε
819 3832 960 3882 κατὰ
995 3830 1226 3902 γνώμην
1261 3834 1411 3904 αὐτῷ
1439 3832 1607 3905 εἶναι,
1637 3845 1777 3911 μήτε
1798 3818 1934 3897 καθ’

358 3912 580 3983 ἡδονήν.
603 3914 693 3975 Διὸ
712 3916 879 3971 αὐτόν
911 3936 971 3973 τε
1001 3921 1285 3977 παύεσθαι
1312 3926 1528 3981 πείθειν
1550 3930 1935 4002 ἐπιχειροῦντα

365 4005 497 4073 περὶ
529 4005 745 4074 τούτου,
766 4012 862 4063 καὶ
883 4012 1031 4083 αὐτῷ
1060 4019 1488 4088 παραιτουμένῳ
1506 4023 1931 4091 συγγινώσκειν.

359 4094 625 4159 Βασιλεὺς
653 4098 712 4150 δὲ
759 4100 861 4171 οὐχ
884 4101 1060 4166 οὕτως
1086 4103 1330 4174 ἔφασκεν
1359 4111 1803 4181 ἀπροφασίστως
1827 4136 1934 4171 πα-

362 4188 673 4256 ραιτεῖσθαι
740 4191 960 4261 χρῆναι·
1020 4194 1160 4249 ἀλλὰ
1219 4198 1320 4261 τὰς
1389 4201 1573 4266 αἰτίας
1637 4205 1933 4270 διδάξαντα

360 4277 599 4344 πρῶτον,
637 4281 732 4333 καὶ
763 4280 861 4353 τὴν
903 4283 1131 4348 ἀξίωσιν
1161 4280 1432 4343 πείσαντα
1470 4291 1546 4355 ὡς
1592 4294 1930 4366 παράλογον,

233 4383 238 4387 ”
330 4366 538 4433 ,οὕτως
590 4371 690 4441 ἤδη
744 4373 1085 4430 ἀπολύεσθαι
1152 4379 1374 4441 αἰτίας·
1435 4386 1570 4455 πρὶν
1636 4385 1694 4438 δὲ
1759 4391 1932 4444 ταῦτα

358 4462 537 4513 ποιεῖν
588 4463 649 4516 οὐ
702 4464 945 4530 συνετὸν,
992 4468 1103 4523 οὐδ’
1136 4469 1278 4541 ἄγαν
1314 4472 1606 4541 φιλοῦντος
1652 4477 1828 4542 οὕτως
1871 4481 1930 4547 ἐξ

2036 1999 2166 2066 bile,
2182 2014 2284 2055 nec
2306 1999 2505 2054 merito
2528 1994 3030 2066 obstupescendum
3057 2009 3200 2049 esse.
3235 1991 3338 2058 Qui
3363 1991 3514 2046 enim
3540 1990 3621 2044 al-

2039 2089 2211 2144 terius
2265 2088 2435 2142 vitam
2469 2101 2583 2141 suae
2614 2086 2891 2151 antetulit,
2926 2094 2982 2140 et
3034 2098 3138 2154 pro
3172 2082 3365 2138 eodem
3399 2094 3616 2137 summa

2037 2196 2162 2236 cum
2186 2180 2469 2248 voluptate
2502 2179 2675 2233 emori
2724 2178 2912 2249 elegit,
2954 2175 3085 2248 quid
3126 2176 3350 2239 mirum,
3376 2165 3432 2228 ‘si
3484 2187 3614 2227 cum

2036 2274 2145 2329 hoc
2168 2272 2480 2342 imperium,
2507 2280 2604 2326 aut
2629 2270 2675 2325 si
2705 2270 2835 2339 quid
2867 2269 3113 2338 imperio.
3129 2265 3479 2338 praestantius
3502 2273 3611 2332 est,

2039 2366 2282 2422 dividat?
2315 2364 2390 2419 De
2421 2363 2526 2418 hac
2554 2371 2738 2416 autem
2782 2358 3144 2415 beneﬁcentia
3173 2357 3407 2412 multum
3450 2371 3509 2412 se
3537 2356 3616 2410 illi

2039 2456 2267 2521 debere,
2323 2454 2493 2523 idque
2545 2452 2784 2521 ingenue
2814 2449 3092 2514 confiteri,
3126 2457 3182 2504 et
3226 2449 3407 2503 verbis
3449 2462 3616 2518 quam

2015 2545 2458 2619 religiosissime
2482 2545 2657 2614 possit
2681 2542 2883 2613 gratias
2908 2557 3071 2612 agere
3089 2583 3103 2606 ,
3136 2556 3195 2596 re
3233 2540 3348 2611 ipsa
3380 2540 3614 2606 referre,

2037 2655 2164 2697 cum
2213 2638 2399 2695 animo
2427 2636 2678 2692 eamdem
2727 2634 2805 2688 illi
2859 2632 3259 2688 benevolentiae
3303 2632 3618 2701 amorisque

2012 2721 2015 2724 ’
2040 2729 2474 2803 magnitudinem
2503 2726 2847 2783 remetiatur.
2867 2724 3021 2792 Quod
3046 2739 3177 2780 vero
3207 2739 3356 2778 nunc
3377 2722 3484 2779 sibi
3515 2723 3618 2789 im-

2038 2832 2226 2896 ponat,
2257 2821 2311 2878 id
2335 2837 2396 2877 se
2428 2820 2739 2883 admittere,
2765 2829 2821 2874 et
2853 2832 2951 2888 pro
2983 2815 3238 2872 confecto
3263 2817 3467 2871 ducere
3498 2811 3617 2887 [75]

2041 2916 2214 2988 (quod
2245 2916 2395 2971 enim
2421 2912 2490 2967 ad
2512 2926 2573 2967 se
2602 2911 2857 2976 attineat,
2904 2909 3045 2964 nihil
3073 2910 3288 2971 deesse,
3320 2908 3618 2978 quominus

2038 3007 2353 3064 confectum
2380 3004 2500 3068 sit),
2534 3017 2594 3057 re
2642 3009 2825 3056 tamen
2849 3000 3079 3070 nequire
3111 2997 3400 3068 perﬁcere,
3434 3012 3617 3067 neque

2040 3100 2381 3155 allubescere
2412 3095 2538 3161 sibi,
2569 3108 2749 3164 neque
2778 3092 2946 3147 ullam
2965 3091 3369 3162 iucunditatem
3397 3104 3611 3159 parere.

2040 3194 2411 3263 Quamobrem
2431 3188 2625 3259 emptis
2646 3186 2895 3252 desistat,
2914 3186 3127 3255 sibique
3142 3185 3418 3239 recusanti
3436 3185 3619 3254 ignos-

2035 3295 2142 3344 cat.
2182 3284 2323 3339 Tum
2356 3282 2658 3351 imperator
2693 3296 2707 3333 :
2741 3277 2858 3333 Non
2910 3278 2983 3337 ita
3038 3275 3294 3346 prmcise,
3350 3275 3619 3345 nulloque

1994 3422 2003 3428 .
2038 3382 2303 3448 praetextu
2328 3370 2719 3435 recusandum,
2766 3383 2959 3424 verum
2987 3381 3184 3422 causas
3208 3365 3537 3432 afferendas,
3559 3375 3618 3421 et

2035 3466 2181 3537 quod
2201 3463 2529 3536 postuletur,
2551 3476 2676 3517 cum
2690 3461 2907 3515 ratione
2928 3473 3037 3514 non
3060 3471 3366 3529 congruere
3390 3456 3619 3512 demon-

2012 3556 2349 3619 strandum,
2377 3564 2541 3624 atque
2568 3555 2645 3608 ita
2677 3552 2899 3608 demum
2930 3548 3149 3620 culpam
3183 3548 3253 3602 ab
3273 3563 3334 3604 se
3357 3562 3618 3603 amoven-
3694 3614 3700 3622 .

2036 3650 2163 3705 dam
2188 3663 2202 3701 ε
2227 3645 2430 3716 alioqui
2451 3659 2554 3699 nec
2574 3642 2884 3714 prudentis,
2908 3656 3012 3697 nec
3033 3639 3188 3695 valde
3208 3640 3441 3695 amantis
3466 3653 3614 3705 esse,

2036 3754 2353 3796 asseverare
2373 3737 2716 3807 simpliciter,
2750 3749 3032 3804 nunquam
3060 3732 3162 3787 sibi
3178 3746 3504 3803 persuasum
3525 3733 3616 3787 iri.

2036 3832 2116 3887 Ac
2141 3831 2187 3885 si
2207 3845 2318 3886 non
2344 3829 2516 3892 aliud,
2550 3829 2654 3883 hoc
2676 3842 2850 3882 unum
2878 3837 3051 3894 certe,
3081 3826 3226 3895 quod
3256 3839 3474 3896 semper
3505 3840 3621 3894 pra:

2038 3938 2098 3980 se
2130 3923 2292 3987 ferat,
2318 3920 2463 3975 nihil
2493 3934 2616 3975 esse
2646 3928 2754 3973 tam
2779 3934 3010 3988 parvum
3038 3927 3130 3973 aut
3162 3932 3446 3990 magnum,
3470 3918 3618 3988 quod

2037 4031 2106 4073 eo
2141 4016 2356 4069 volente
2386 4027 2495 4067 non
2530 4012 2602 4067 sit
2629 4010 2894 4076 facturus,
2921 4010 3047 4081 jure
3079 4010 3146 4064 ad
3176 4010 3386 4065 dandas
3423 4024 3619 4064 manus

2037 4122 2199 4181 posse
2218 4103 2570 4174 compellere.
2598 4100 2656 4156 Si
2685 4100 2848 4154 aliter
2872 4099 2949 4161 ﬁt,
2985 4114 3083 4168 par
3113 4114 3251 4163 esse,
3297 4109 3357 4154 ut
3385 4099 3618 4155 demon-

2037 4208 2195 4264 stret,
2227 4213 2340 4268 quo
2373 4212 2434 4252 se
2464 4196 2734 4249 hactenus
2769 4192 2914 4247 dolis
2941 4191 3229 4246 ductatum
3258 4191 3428 4249 fuisse
3460 4193 3621 4248 intel-

2034 4294 2185 4363 ligat.
2218 4290 2358 4345 Tum
2401 4300 2629 4357 magnus
2655 4282 2991 4339 domesticus
3018 4299 3031 4336 :
3060 4282 3181 4337 Non
3210 4284 3369 4337 aliter
3397 4299 3539 4349 esse,
3562 4293 3620 4354 et

2035 4398 2253 4453 semper
2282 4393 2405 4436 sese
2432 4376 2705 4433 allirmare
2743 4376 3016 4431 iacturum
3048 4389 3175 4445 qure
3216 4375 3306 4429 ille
3335 4376 3467 4431 velit
3500 4391 3619 4433 om-

2034 4482 2147 4547 nia,
2179 4489 2236 4535 et
2265 4478 2323 4532 in
2354 4490 2597 4546 praesens
2623 4474 2799 4529 nihilo
2845 4474 3027 4529 minus
3054 4473 3124 4529 ad
3175 4474 3279 4529 hoc
3311 4472 3490 4544 ipsum
3523 4490 3618 4545 pa-

358 4552 621 4653 οὐδεμιξς
663 4557 844 4653 αἰτίας
887 4560 1260 4631 ἰσχυρίζεσθαι
1312 4563 1374 4617 τὸ
1410 4567 1486 4636 μὴ
1531 4569 1820 4641 πεισθῆναι
1860 4573 1927 4627 ἄν

2037 4584 2215 4628 ratum
2239 4566 2676 4625 esse.'Caeterum
2710 4566 2860 4635 quod
2890 4564 3065 4623 modo»
3091 4580 3122 4618 a
3167 4579 3227 4620 se
3257 4572 3488 4619 conetur
3516 4566 3617 4619 im-

360 4658 514 4698 ποτε.
566 4646 827 4715 Καίτοιγε
861 4650 909 4703 εί
959 4649 1034 4722 μή
1079 4667 1134 4704 τι
1165 4651 1329 4716 ἄλλο,
1366 4654 1429 4709 τὸ
1460 4657 1591 4724 γοῦν
1620 4659 1711 4711 ἀεὶ
1741 4661 1927 4717 διασε-

358 4732 648 4789 6αιοῦσθαι
690 4737 859 4807 μηδὲν
897 4734 1038 4793 εἶναι
1072 4741 1210 4813 μήτε
1249 4744 1436 4813 μεῖζον
1479 4747 1618 4818 μήτε
1645 4747 1869 4805 ἔλαττον
1901 4752 1930 4807 ὃ

356 4825 688 4895 θελήσαντος
717 4830 951 4893 ἐκείνου,
990 4831 1069 4901 μὴ
1112 4832 1180 4886 ἂν
1208 4835 1289 4897 είς
1331 4836 1508 4905 πέρας
1551 4839 1784 4908 ἀγαγεῖν
1834 4844 1934 4897 αὐ-

353 4917 448 4970 τὸν
489 4917 638 4985 ἄξιον
674 4922 1119 4988 καταναγκάζειν
1157 4923 1443 4979 πείθεσθαι
1480 4928 1651 4998 αὐτῷ.
1677 4931 1738 4983 Ei
1762 4930 1809 4983 δ’
1831 4935 1932 5005 οὐχ

359 5006 534 5072 οὕτως
580 5008 749 5080 ἔχεις,
784 5012 996 5079 δίκαιον
1039 5015 1318 5072 διδάσκειν
1353 5018 1429 5081 ὡς
1484 5019 1551 5073 ἂν
1592 5023 1800 5094 εἰδείην
1839 5026 1931 5081 τὸν

362 5102 630 5173 πρότερον
686 5106 1043 5176 ὴπατημένος
1088 5111 1305 5180 χρόνον.
1365 5111 1555 5177 Οὕτως
1603 5113 1847 5186 ἔφασκεν
1897 5121 1927 5172 ὁ

1965 4702 1979 4719 .
2035 4672 2277 4737 petrare,
2320 4661 2377 4715 in
2411 4675 2478 4715 eo
2507 4673 2619 4712 non
2663 4657 2773 4713 dici
2805 4658 3166 4713 cohaerentia.
3207 4656 3371 4728 225
3419 4655 3615 4713 Omnia

2034 4757 2183 4812 enim
2209 4761 2432 4824 propter
2457 4765 2545 4805 me
2575 4758 2977 4805 exsecuturum»
2999 4750 3259 4815 dixerim,
3291 4750 3495 4820 inquit,
3516 4751 3614 4806 sed

2033 4855 2260 4916 propter
2308 4853 2360 4898 te
2393 4844 2543 4898 (iant.
2566 4841 2704 4898 Cum
2746 4857 2917 4912 porro
2966 4842 3043 4909 id,
3079 4844 3148 4899 de
3177 4859 3289 4914 quo
3323 4857 3469 4898 nunc
3501 4858 3617 4898 ser-

2032 4951 2249 4993 monem
2278 4936 2565 4997 habemus,
2600 4942 2828 5003 propter
2861 4949 2948 4988 me
2982 4936 3061 5001 tit,
3092 4948 3275 5005 neque
3299 4933 3515 5005 justitia
3542 4933 3616 4988 si-

2031 5027 2133 5095 nit,
2160 5041 2341 5097 neque
2364 5026 2666 5081 necessitas
2691 5023 2896 5095 ﬂagitat
2917 5025 3218 5095 quidquam
3242 5034 3295 5080 te
3318 5025 3612 5080 verborum

2032 5120 2268 5190 amplius
2312 5116 2690 5188 persuasionis
2736 5131 2867 5186 ergo
2897 5114 3175 5186 proloqui.
3206 5114 3343 5170 Nam
3371 5117 3501 5186 quia
3552 5126 3610 5171 tu

1585 5237 1800 5301 Jacobi
1836 5240 2108 5304 Pontani
2139 5248 2329 5303 nolm.

356 5338 640 5409 respondit
660 5378 684 5419 ,_
707 5351 1088 5419 praestaturum
1124 5361 1201 5419 se
1224 5363 1317 5413 ea,
1373 5349 1418 5404 si
1473 5352 1749 5406 secundus
1793 5353 1921 5419 sibi,

355 5424 467 5462 non
522 5423 622 5489 par
660 5410 1069 5489 ‘haberinvelit.
1111 5410 1382 5489 Caeterum
1430 5436 1627 5489 nempe
1656 5410 1921 5477 mundum

352 5493 517 5558 posse
547 5480 1015 5558 duobus_solibus
1043 5487 1156 5558 regi
1187 5527 1201 5552 ,
1261 5503 1441 5558 neque
1489 5480 1681 5545 orbem
1715 5492 1930 5547 summa

349 5549 468 5672 ldnuo
496 5564 667 5672 ἱρείη
717 5553 870 5608 salvo
899 5564 1047 5621 statu
1088 5549 1366 5613 tErrarum
1400 5560 1629 5615 habere;
1676 5561 1932 5617 Justinus

376 5635 430 5672 ID
496 5635 558 5673 ιι.

380 5757 392 5770 _
419 5688 540 5770 _(73)
585 5688 890 5770 Pugnantia
921 5693 1141 5770 videtur
1165 5697 1341 5770 loqui,
1378 5700 1423 5755 si
1465 5684 1753 5770 sequentia
1790 5716 1925 5756 con-

348 5756 596 5841 siderea.
646 5756 754 5815 S'ed
813 5763 943 5841 bace
972 5765 1045 5841 ad
1096 5756 1341 5822 animum
1370 5811 1385 5835 ,
1422 5756 1559 5840 (μιαί
1588 5781 1924 5841 sequuntur,

348 5827 419 5883 ad
448 5826 723 5899 habitum,
751 5842 808 5888 et
839 5833 1096 5907 insignia,
1128 5847 1183 5893 et
1230 5826 1769 5911 nomen'pertinént,
1804 5826 1926 5913 quae

2032 5353 2137 5407 sibi
2164 5354 2241 5408 ait
2291 5368 2399 5407 non
2437 5351 2804 5423 allubesccre,
2849 5364 3028 5423 neque
3084 5348 3249 5423 ullam
3295 5349 3613 5423 jucundita—
3690 5348 3705 5355 ’“

2035 5432 2141 5477 tein
2168 5440 2383 5493 parere.
2411 5422 2646 5477 Adbibet
2665 5424 2828 5475 etiam
2850 5420 2951 5474 ista
2978 5420 3323 5493 recusatione
3343 5421 3607 5493 argutias.

2038 5489 2269 5548 Dem-um
2325 5493 2506 5559 inira,
2561 5508 2625 5546 ex
2677 5492 2814 5553 illis,
2871 5495 3127 5543 exteriore
3167 5490 3376 5558 quidem
3417 5489 3610 5544 habitu

2033 5565 2340 5635 vestituque
2378 5580 2480 5617 non
2520 5579 2598 5617 eo.
2629 5571 2734 5635 etc.
2759 5602 2773 5627 ,
2817 5571 2986 5631 pitet,
3032 5578 3141 5615 non
3179 5572 3288 5615 tam
3334 5559 3508 5614 ofﬁcia
3542 5575 3609 5615 ac

2034 5633 2265 5689 munera
2327 5633 2683 5703 imperatoria
2742 5646 3071 5696 recusasse,
3144 5646 3310 5702 quam
3370 5639 3608 5703 propter

2031 5714 2318 5774 externam
2372 5700 2521 5758 illam
2562 5702 2968 5774 maiestatem,
3016 5700 3318 5774 cum—non
3348 5700 3610 5774 deessent

2031 5773 2351 5854 Andronico
2410 5773 2596 5838 liberi,
2648 5770 2751 5829 etsi
2800 5771 3148 5842 impuberes,
3211 5770 3473 5826 invidiam
3520 5771 3606 5826 fu-

2028 5860 2192 5913 gtssc.
