4016 6460
395 411 498 478 471

1587 419 1830 481 JOANN
1840 420 1914 480 IS
1953 423 2454 488 CANTACUZEN
2464 426 2491 484 Ι

3552 421 3663 485 472

397 524 472 579 ita
504 524 732 579 allectus
761 541 819 580 es
849 541 977 595 erga
1025 542 1131 592 me,
1176 537 1234 583 ut
1276 545 1378 599 ego
1425 545 1558 598 erga
1607 541 1680 595 te,
1735 541 1788 587 et
1835 531 1974 586 idem

2099 535 2262 604 ιέγας
2299 536 2620 607 δομέστικος
2663 535 2830 606 ἔχειν,
2875 536 2973 590 καὶ
3003 536 3089 590 ἀεί
3122 553 3180 590 τε
3222 532 3660 604 διῖσχυρίζεσθαι

397 614 544 683 quod
593 631 695 684 ego
753 617 1044 686 proﬁteris,
1081 634 1190 673 non
1243 629 1326 674 est
1366 621 1667 675 secundum
1715 623 1978 677 rationem

397 707 736 771 existimare,
764 709 1068 762 orationem
1101 721 1246 764 tuatu
1271 713 1413 781 apud
1439 729 1524 766 tne
1543 714 1725 768 valere
1758 714 1977 779 debere,

398 812 580 854 meam
613 799 755 868 apud
798 810 848 854 te
876 817 986 854 non
1020 802 1170 856 item.
1207 803 1262 856 Si
1294 804 1459 870 igitur
1487 806 1538 856 in
1573 817 1805 874 utroque
1831 821 1982 860 cam-

403 886 530 941 dem
564 889 674 942 vim
707 889 871 944 habet
903 890 1159 962 idemque
1202 894 1366 956 valet,
1401 893 1557 948 decet
1586 903 1644 947 ut
1673 903 1726 947 tu
1759 909 1980 964 quoque

405 981 552 1049 quod
587 995 689 1048 ego
711 981 896 1034 malim
939 982 992 1036 id
1018 994 1263 1052 praestes,
1297 999 1421 1038 eum
1457 985 1758 1054 praesertim
1789 985 1857 1039 de
1893 1000 1980 1040 me

405 1071 479 1124 sit
507 1070 807 1140 negotium.
838 1071 953 1135 His,
977 1082 1030 1127 et
1057 1075 1307 1142 pluribus
1341 1077 1486 1130 ultro
1511 1079 1762 1145 citroque
1799 1077 1981 1140 dictis,

403 1162 741 1231 imperatore
797 1164 851 1218 id
887 1178 1101 1235 agente,
1139 1179 1342 1222 uteum
1374 1168 1444 1222 ad
1502 1169 1720 1237 itnperii
1753 1169 1985 1224 societa-

403 1263 514 1306 tem
540 1255 930 1323 capessendam
961 1257 1270 1324 induceret,
1295 1275 1494 1328 magno
1520 1277 1646 1314 vero
1680 1261 1984 1316 domestico

401 1361 630 1414 prorsus
673 1349 973 1412 abnuente,
1009 1349 1064 1403 in
1097 1366 1340 1419 praesens
1371 1351 1596 1422 digressi
1626 1360 1755 1406 sunt
1787 1369 1802 1406 :
1858 1367 1982 1408 cum

402 1451 506 1490 nec
538 1437 632 1491 ille
661 1454 810 1508 spem
859 1441 1086 1495 omnino
1143 1443 1428 1512 abjieeret,
1481 1457 1580 1498 nec
1628 1443 1719 1499 hic
1772 1453 1982 1498 tantum

403 1531 610 1585 valeret
662 1541 721 1586 ut
778 1551 806 1588 a
839 1536 1108 1589 sententia
1142 1535 1293 1590 illum
1345 1537 1719 1608 detorqueret.
1779 1539 1986 1594 Videas

402 1637 535 1693 ergo
563 1633 700 1678 adeo
735 1627 1124 1680 retractat-ium
1163 1629 1479 1698 imperator,
1511 1629 1653 1686 alios
1678 1632 1902 1700 insuper
1929 1631 1984 1684 in

403 1728 614 1783 partem
659 1719 864 1773 laboris
910 1721 1073 1790 hujus
1109 1738 1304 1777 vocare
1351 1725 1565 1786 statuit,
1621 1724 1670 1778 si
1707 1723 1850 1778 forte
1885 1739 1986 1792 per

405 1824 502 1861 eos
527 1810 670 1878 quod
703 1812 916 1866 volebat
951 1823 1398 1884 Consequeretur.
1449 1814 1822 1869 Andronicum
1853 1815 1987 1868 Asa-

405 1918 555 1969 nem,
587 1905 761 1974 ipsius
783 1922 1061 1974 socerum,
1083 1920 1136 1964 et
1156 1919 1610 1980 protostratorem
1633 1909 1984 1980 Synadenum
2015 1891 2059 1944 Β

404 1997 658 2057 assumit.
695 1999 1116 2068 domesticoque
1148 2018 1334 2056 coram
1374 2011 1666 2072 praesente,
1697 2012 1984 2072 postquam

407 2103 575 2155 super
609 2089 731 2144 aliis
767 2092 1050 2147 nonnullis
1069 2109 1167 2148 eos
1192 2095 1562 2165 compellavit,
1593 2109 1706 2148 rem
1731 2093 1986 2163 proposi-

408 2189 518 2232 tam
550 2194 780 2234 exorsus
808 2190 912 2237 est.
939 2183 1287 2239 Domestieus
1310 2184 1566 2239 divinans
1595 2199 1705 2254 quo
1733 2184 1801 2239 de
1828 2200 1990 2255 argu-

407 2281 596 2324 mento
628 2282 909 2328 texeretur
955 2275 1158 2339 oratio,
1210 2291 1241 2330 e
1276 2275 1512 2331 concilio
1574 2275 1987 2345 imperatorem,

407 2378 472 2416 ac
500 2362 544 2415 si
579 2365 842 2432 quiddam
877 2369 1249 2422 necessarium
1283 2367 1510 2423 haberet
1541 2368 1748 2434 dicere,
1773 2379 1989 2436 evocat;

407 2466 463 2509 et
488 2456 759 2511 seducens
779 2473 931 2522 eum,
956 2473 1054 2526 per
1079 2459 1248 2513 Deum
1289 2458 1620 2522 obtestatur,
1650 2474 1718 2512 ne
1747 2460 1874 2528 quid
1897 2476 1992 2514 eo-

410 2560 530 2598 rum
556 2561 680 2614 quae
709 2546 1048 2602 decrevisset
1075 2553 1140 2602 att
1166 2557 1465 2618 praesentes
1491 2549 1780 2618 proterret,
1801 2559 1990 2619 utpote

409 2638 648 2693 utilitate
688 2640 837 2693 nulla
893 2640 1019 2694 inde
1073 2651 1462 2696 consecutura.
1513 2642 1652 2696 Nam
1698 2644 1742 2697 si
1775 2643 1842 2696 ab
1878 2642 1991 2696 ullo

410 2731 730 2808 mortalium
751 2748 817 2786 eo
848 2734 1074 2802 perpelli
1101 2735 1388 2802 potuisset,
1410 2735 1478 2789 ab
1496 2734 1616 2804 ipso
1639 2733 1901 2804 potuisse.
1925 2736 1994 2790 Et

412 2823 540 2890 quia
573 2824 762 2878 multis
783 2825 1129 2894 assiduisque
1151 2827 1538 2895 congressibus
1557 2836 1740 2882 actum
1765 2829 1989 2896 egisset,

327 2955 330 2959 ε
413 2917 599 2970 mirari
640 2932 722 2982 se,
785 2920 1063 2986 quomodo
1108 2919 1243 2974 alios
1289 2919 1344 2975 id
1394 2919 1497 2975 sibi
1551 2919 1842 2975 effecturos
1872 2936 1996 2990 spe-

413 3009 640 3063 raverit.
695 3008 1017 3078 Imperator,
1075 3011 1336 3080 quoniam
1381 3019 1639 3066 conatum
1672 3026 1834 3067 suum
1874 3013 1992 3067 fore

413 3103 632 3155 inanem
679 3103 964 3167 cernebat,
1011 3116 1209 3172 magno
1257 3101 1313 3156 in
1347 3101 1536 3156 dolore
1563 3117 1659 3171 per
1692 3102 1810 3157 dies
1845 3117 1994 3158 com-

2089 629 2267 682 πάντα
2299 629 2562 699 πράττειν
2595 629 2825 692 ἐθέλειν,
2883 629 3020 682 ama
3065 630 3133 682 ἃν
3179 627 3427 698 βούλοιτο
3469 629 3659 692 αὐτὸς,

2083 719 2176 771 καὶ
2212 719 2306 772 νῦν
2346 720 2500 773 οὐδὲν
2536 715 2702 790 ἦττον
2744 721 2881 789 πρὸς
2925 719 3088 773 τοῦτο
3137 719 3663 790 παρεσκευασμένος

2084 808 2248 865 εἶναι.
2299 811 2417 880 Ἐφ’
2448 804 2509 864 οὗ
2543 811 2601 863 δὲ
2633 811 2844 864 πείθειν
2875 813 2970 864 νῦν
2997 811 3329 881 ἐπιχειρεῖς,
3359 811 3421 862 οὐ
3463 809 3663 872 σώζειν

2083 904 2183 971 τὴν
2218 901 2540 956 ἀκολουθίαν
2577 903 2668 956 τὸν
2706 903 2886 972 λόγον.
2932 903 3051 956 Πᾶν
3090 902 3204 972 γὰρ
3250 900 3457 954 ἐθέλειν
3487 902 3664 952 ποιεῖν

2085 995 2254 1063 φαίην
2281 996 2371 1058 ἂν,
2402 994 2430 1046 ὃ
2457 994 2518 1047 οὐ
2559 995 2625 1047 δι’
2667 995 2767 1065 ἐμὲ
2797 993 2863 1048 ἂν
2891 995 3154 1063 γίγνοιτο,
3195 994 3284 1046 διὰ
3312 993 3372 1046 σὲ
3405 993 3480 1046 δέ.
3524 990 3664 1061 Περὶ

2084 1078 2146 1138 οὗ
2183 1085 2240 1138 δὲ
2293 1085 2390 1140 νῦν
2442 1087 2471 1140 ό
2527 1087 2683 1155 λόγος
2722 1087 2800 1156 δι’⁴
2840 1087 2941 1156 ἐμὲ
2976 1085 3152 1150 δντος,
3189 1086 3248 1138 οὐ
3292 1084 3505 1137 δίκαιον
3549 1083 3665 1135 οὐδ’

2085 1180 2386 1247 ἀναγκαῖον
2415 1182 2493 1244 είς
2537 1180 2712 1233 πειθὼ
2758 1181 2836 1250 τῷ
2884 1180 3029 1250 λόγῳ
3084 1177 3345 1248 χρῆσθαι·
3381 1175 3560 1238 ἄλλως
3600 1191 3665 1227 τε

2087 1273 2182 1326 καὶ
2217 1275 2380 1326 αὑτὸν
2409 1273 2677 1338 ὡσαύτως
2716 1273 3064 1342 διακείμενον
3100 1271 3231 1341 περὶ
3263 1270 3388 1340 ἐμὲ,
3425 1269 3666 1331 καὶτοῖς

2087 1367 2297 1436 ὁμοίοις
2351 1367 2446 1420 καὶ
2499 1366 2665 1420 αὑτὸν
2714 1365 3008 1437 χρώμενον
3042 1363 3250 1431 λόγοις,
3285 1362 3387 1415 οὐκ
3439 1358 3667 1428 εὔλογον

2089 1458 2225 1527 πρὸς
2268 1458 2369 1528 ἐμὲ
2411 1459 2510 1529 μὲν
2549 1460 2775 1529 ίσχυρὸν
2807 1459 2899 1513 τὸν
2930 1458 3092 1527 λόγον
3129 1456 3408 1527 ἡγεῖσθαι,
3438 1457 3575 1524 πρὸς
3605 1455 3667 1508 σὲ

2086 1547 2144 1601 δὲ
2183 1548 2259 1618 μὴ
2303 1547 2567 1602 δύνασθαι
2600 1547 2671 1601 τά
2707 1547 2818 1603 ῐσα.
2849 1549 2915 1602 El
2949 1549 2992 1600 δ’
3025 1549 3083 1600 ὲν
3109 1546 3445 1616 ἀμφοτέροις
3471 1543 3668 1612 ὁμοίαν

2087 1639 2199 1708 ἔχει
2229 1637 2328 1708 τὴν
2362 1639 2537 1708 ίσχὺν,
2569 1639 2782 1695 δίκαιον
2828 1639 2926 1692 καὶ
2974 1638 3058 1702 σὲ,
3097 1636 3127 1690 ὃ
3159 1636 3360 1708 μᾶλλον
3391 1633 3502 1704 ἐγὼ
3541 1633 3669 1705 βού-

2087 1729 2252 1801 λομαι
2293 1731 2544 1800 ποιῆσαι,
2575 1730 2754 1793 ἄλλως
2797 1747 2858 1782 τε
2891 1731 2987 1784 καὶ
3014 1728 3142 1797 περί
3175 1727 3314 1797 ἐμοῦ
3341 1727 3434 1780 τοῦ
3465 1726 3667 1794 ζητουο

2092 1825 2254 1893 μένου
2304 1823 2479 1887 ὄντος.
2529 1823 2805 1877 Τοιούτων
2834 1824 2898 1894 δή
2933 1837 3096 1876 τινων
3125 1821 3222 1874 καὶ
3250 1819 3516 1872 πλειόνων
3547 1817 3668 1869 ἑτέ-

2090 1933 2199 1988 ρων
2231 1918 2368 1988 πρὸς
2413 1916 2682 1986 ἀλλήλους
2731 1915 3062 1986 εἰρημένων,
3118 1913 3380 1984 βασιλέως
3413 1911 3512 1980 μὲν
3538 1911 3667 1961 ἑπι-

2089 2009 2404 2081 χειροῦντος
2466 2010 2678 2063 πείθειν
2729 2008 2981 2079 δέχεσθαι
3036 2007 3138 2076 τὴν
3191 2005 3508 2076 βασιλείαν,
3565 2002 3665 2056 τοῦ

2092 2103 2330 2170 μεγάλου
2364 2103 2688 2172 δομεστίκου
2723 2101 2780 2156 δὲ
2803 2104 2939 2172 μήτε
2960 2100 3290 2170 βουλομένου
3315 2100 3449 2169 μήτε
3479 2097 3669 2150 πειθο-

2091 2197 2284 2264 μένου,
2316 2194 2376 2246 τὸ
2407 2193 2502 2247 νῦν
2536 2194 2635 2262 μὲν
2666 2192 2814 2262 ἔχον,
2839 2192 3189 2262 διελύθησαν,
3218 2189 3331 2243 οὒτ’
3356 2187 3673 2258 ἀπαγορεύ-

2093 2299 2292 2344 σαντος
2337 2282 2415 2344 είς
2451 2283 2604 2343 τέλος
2648 2280 2940 2350 βασιλέως,
2982 2279 3108 2332 οὔτε
3156 2278 3250 2332 τοῦ
3307 2277 3546 2346 μεγάλου
3579 2278 3671 2328 δο-

2093 2373 2358 2442 μεστίκου
2389 2372 2736 2441 ἀποσχέσθαι
2766 2370 2862 2424 τοῦ
2896 2371 3226 2441 πράγματος
3267 2370 3456 2422 πεῖσαι
3506 2366 3671 2436 δυνη-

2092 2469 2281 2530 θέντος
2335 2466 2588 2536 βασιλέα.
2626 2464 2890 2527 Βασιλεὺς
2921 2463 2978 2516 δὲ
3011 2463 3176 2518 αὑτὸν
3204 2461 3377 2523 οὕτως
3410 2458 3674 2513 ἀνθιστά-

2096 2575 2258 2628 μενον
2317 2557 2482 2630 ὀρῶν,
2517 2558 2630 2612 δεῖν
2669 2558 2814 2625 ἔγνω
2871 2558 2968 2612 καὶ
3030 2557 3251 2625 ἑτέρους
3308 2555 3446 2626 πρὸς
3495 2553 3677 2607 πειθὼ

2094 2651 2466 2719 παραλαϐεῖν,
2517 2652 2690 2714 είπως
2739 2650 2998 2720 δυνηθείη
3035 2649 3103 2702 δι’
3147 2648 3329 2701 αὐτῶν
3372 2650 3562 2700 πεῖσαι
3589 2647 3676 2701 δέ·

2097 2737 2292 2802 ξασθαι
2325 2738 2427 2804 τὴν
2467 2737 2776 2806 βασιλείαν,
2824 2739 2918 2790 καὶ
2953 2735 3290 2808 παραλαϐὼν
3329 2735 3676 2805 Ἀνδρόνικον

2095 2832 2186 2884 τὸν
2237 2829 2495 2902 Ἀσάνην,
2536 2830 2666 2884 ὂντα
2697 2832 2792 2884 τοῦ
2838 2829 3076 2900 μεγάλου
3107 2829 3430 2898 δομεστίκου
3465 2828 3675 2882 πενθε-

2098 2922 2214 2993 ρὺν,
2246 2925 2341 2975 καὶ
2371 2923 2463 2976 τὸν
2501 2923 2970 2993 πρωτοστράτορα
3013 2921 3344 2992 Συναδηνὸν,
3374 2921 3469 2974 καὶ
3507 2920 3672 2975 αὐτοῦ

2100 3013 2339 3084 μεγάλου
2373 3013 2706 3083 δομεστίκου
2733 3013 3031 3083 παρόντος,
3068 3013 3208 3083 μετὰ
3235 3012 3296 3064 τὸ
3323 3011 3674 3082 διαλεχθῆναι

2097 3106 2229 3175 περί
2278 3123 2443 3158 τινων
2477 3104 2682 3176 ἐτέρων
2714 3103 2854 3174 πρὸς
2902 3103 3128 3169 αὐτοὺς,
3160 3102 3262 3174 ήδη
3296 3103 3392 3154 καὶ
3415 3101 3547 3171 περὶ
3575 3102 3672 3154 τοῦ

415 3191 602 3261 plures
634 3191 758 3255 fuit,
805 3193 984 3262 deque
1038 3194 1218 3262 magni
1268 3193 1558 3249 domestici
1623 3193 1990 3249 inobedientia

2101 3194 2468 3262 προκειμένου
2500 3190 3028 3262 προοιμιαζομένου,
3059 3193 3088 3243 ὁ
3140 3191 3318 3260 μέγας
3351 3189 3675 3258 δομέστικος

416 3292 472 3335 et
499 3297 690 3352 parum
729 3283 960 3337 honesta
1000 3283 1304 3350 pertinacia
1340 3282 1742 3352 querimoniam
1776 3283 1991 3336 habuit.

412 3373 810 3430 Verumtamen
863 3376 1120 3444 precibus
1145 3376 1464 3442 obsecutus,
1519 3375 1587 3429 de
1615 3390 1676 3430 re
1709 3383 1996 3443 tantopere

416 3465 604 3533 cupita
629 3465 917 3520 conticuit.
961 3465 1044 3521 illi
1067 3465 1181 3531 alii,
1223 3465 1355 3535 quid
1385 3466 1685 3535 imperator
1713 3466 1994 3533 voluisset,

417 3571 528 3610 non
552 3556 686 3612 satis
706 3555 1046 3620 norant,nisi
1064 3555 1209 3625 quod
1227 3555 1598 3612 verisimiliter
1616 3557 2000 3628 coniectabant

417 3647 490 3700 de
518 3648 707 3702 arduis
731 3648 971 3717 negotiis
997 3663 1120 3702 cum
1155 3648 1289 3717 ipsis
1325 3655 1598 3714 acturum,
1627 3664 1656 3702 a
1692 3647 1999 3703 domestico

419 3740 746 3808 impeditum
780 3740 956 3795 fuisse
995 3755 1010 3794 :
1047 3755 1212 3809 quam
1261 3755 1377 3794 rem
1417 3741 1467 3794 ei
1504 3741 1640 3795 vitio
1693 3742 1998 3808 vertebant,

420 3846 720 3902 secumque
767 3831 1116 3901 iniquissime
1153 3843 1334 3887 actum
1369 3833 1796 3889 contendebant.
1831 3834 2000 3891 Porro

420 3938 596 3977 nemo.
626 3924 720 3992 qui
752 3923 857 3977 ista
896 3924 1073 3991 audit,
1099 3923 1249 3977 nullo
1283 3933 1609 3994 argumento
1639 3924 1867 3994 probata
1901 3933 2002 3982 ms

421 4016 671 4071 scribere
707 4031 771 4070 ac
799 4015 1025 4070 mentiri
1085 4025 1261 4086 putet,
1293 4017 1438 4087 quod
1474 4017 1593 4072 haec
1633 4033 1806 4088 usque
1837 4019 2001 4074 hodie

421 4122 533 4162 non
568 4107 786 4177 publice
813 4108 1190 4162 innotuerunt.
1225 4107 1396 4178 226
1427 4107 1622 4164 Testor
1641 4108 1788 4163 enim
1819 4109 2002 4164 omnia

422 4200 821 4269 inspectantem
846 4210 901 4254 et
936 4199 1208 4254 universis
1237 4215 1359 4267 qua:
1376 4210 1505 4255 sunt
1527 4215 1743 4270 semper
1764 4215 2004 4270 praesen-

422 4297 532 4342 tem
563 4288 1013 4357 incertorumque
1043 4295 1098 4342 et
1131 4288 1470 4343 occultorum
1499 4288 1640 4342 nihil
1663 4289 2002 4344 nescientem

421 4379 621 4444 Deum,
655 4394 740 4434 me
771 4393 955 4448 neque
984 4378 1038 4432 in
1062 4378 1278 4434 caeteris
1300 4379 1584 4441 omnibus,
1612 4395 1734 4448 qua:
1757 4380 2002 4442 narravi.

423 4473 510 4529 vel
541 4473 746 4538 odium,
771 4473 858 4526 vel
890 4472 1141 4542 gratiam,
1166 4470 1254 4524 vel
1279 4471 1423 4525 aliud
1456 4470 1758 4539 quidquam
1784 4469 2004 4524 veritati

2100 3285 2230 3354 napi.
2274 3278 2349 3337 ὧν
2381 3283 2592 3337 ἔσοιντο
2633 3284 2684 3335 οί
2719 3283 2869 3349 λόγοι
2899 3281 3223 3353 συμϐαλὼν,
3259 3281 3454 3352 ἀνίστη
3497 3296 3557 3333 τε
3583 3281 3676 3336 τὸν

2102 3375 2330 3446 βασιλέα
2363 3375 2460 3429 τοῦ
2493 3373 2794 3444 συνεδρίου,
2823 3373 2900 3436 ῶς
2924 3373 3214 3444 περίτινος
3231 3373 3530 3441 ἀναγκαίου
3558 3373 3678 3442 μέλα

2099 3464 2210 3516 λων
2245 3462 2616 3528 διαλέξεσθαι·
2652 3464 2748 3516 καὶ
2775 3462 2936 3533 μόνον
2964 3452 3323 3532 παραλαϐὼν,
3360 3459 3565 3531 ὥρκιζε
3585 3459 3678 3513 τὸν

2101 3556 2259 3620 Θεὸν,
2299 3555 2469 3625 μηδὲν
2495 3556 2633 3626 πρὸς
2664 3555 2789 3616 τοὺς
2813 3552 3148 3626 ,εἰρημένους
3173 3555 3302 3622 περὶ
3331 3545 3406 3607 ὧν
3439 3551 3682 3623 βούλοιτο

2102 3645 2306 3707 εἰπεῖν,
2347 3643 2423 3706 ὡς
2453 3642 2724 3710 ὠφελείας
2751 3643 3011 3711 οὐδεμιᾶς
3043 3643 3107 3694 ὲκ
3137 3642 3248 3695 τῶν
3279 3641 3452 3711 λόγων
3480 3641 3678 3712 ἐσομέ-

2103 3754 2224 3807 νης.
2259 3737 2322 3789 El
2353 3737 2464 3807 γὰρ
2499 3735 2630 3805 ὲνῆν
2670 3736 2780 3789 ὑπό
2819 3753 2986 3790 τινων
3025 3734 3346 3804 πεισθῆναι,
3377 3735 3583 3804 μᾶλλον
3609 3734 3676 3788 ἂν

2103 3824 2212 3878 τῶν
2250 3825 2426 3878 ἄλλων
2460 3823 2680 3878 πάντων
2737 3823 2986 3878 ἐπείθετο
3043 3823 3216 3894 αὐτῷ.
3267 3822 3444 3876 Αὑτοῦ
3500 3823 3566 3893 δὴ
3614 3825 3679 3877 ἐκ

2107 3915 2320 3970 πολλῶν
2345 3916 2438 3970 καὶ⁸
2470 3915 2713 3986 συνεχῶν
2737 3914 2967 3985 ὁμιλιῶν
3002 3913 3166 3968 πλέον
3204 3913 3472 3985 ἠνυκότος
3503 3913 3680 3980 οὐδὲν,

2108 4009 2413 4080 θαυμάζειν
2448 4009 2497 4061 εί
2537 4008 2750 4077 ἑτέροις
2783 4006 2926 4061 τισὶν
2960 4005 3162 4076 ιΙιλπισε
3206 4003 3367 4058 τοῦτο
3420 4005 3677 4074 γενέσθαι

2105 4100 2352 4156 δυνατόν.
2385 4099 2654 4162 Βασιλεὺς
2707 4098 2764 4152 δὲ
2801 4098 3018 4168 ήλγησε
3070 4099 3170 4167 μὲν
3203 4098 3304 4150 οὑκ
3356 4097 3446 4151 ἐπ’
3478 4099 3682 4166 ὀλίγον,

2109 4193 2254 4262 ὀρῶν
2291 4193 2393 4263 ἤδη
2438 4192 2536 4262 τὴν
2570 4191 2919 4262 ἐπιχείρησιν
2952 4191 3053 4244 οὐκ
3080 4191 3349 4261 ἐσομένην
3383 4192 3684 4260 ἀνυσθῆναι

2107 4287 2365 4356 δυνατήν.
2408 4287 2517 4339 Καὶ
2559 4284 2862 4338 διετέλεσεν
2909 4284 3126 4354 ἡμέρας
3185 4283 3287 4337 οὐκ
3329 4283 3543 4353 ὀλίγας,
3597 4284 3686 4336 ἀλ-

2108 4378 2222 4444 γῶν
2257 4393 2318 4429 τε
2357 4377 2452 4430 καὶ
2482 4375 2655 4430 πολλά
2689 4375 2782 4428 τὸν
2825 4375 3002 4444 μέγαν
3044 4373 3367 4445 δομέστικον
3397 4393 3688 4446 καταμεμ-

2109 4472 2345 4540 φόμενος
2392 4471 2493 4539 τῆς
2545 4467 2829 4531 ἀπειθείας
2869 4469 2966 4523 καὶ
2996 4468 3096 4537 τῆς
3142 4470 3206 4522 οὐ
3240 4469 3410 4538 καλῆς
3446 4470 3686 4538 φιλονει-

425 4564 817 4634 praeposuisse,
850 4573 905 4618 et
931 4577 1078 4617 nunc
1102 4578 1214 4616 rem
1240 4571 1446 4632 gestam
1480 4571 1541 4616 ut
1565 4569 1718 4630 gesta
1741 4570 1826 4615 est
1845 4561 1996 4616 vobis

2112 4565 2259 4627 κῑας.
2292 4564 2485 4632 Ὅμως
2539 4561 2726 4631 μέντοι
2756 4562 2868 4622 τοῖς
2907 4560 3120 4614 ἐκείνου
3149 4560 3476 4631 πειθόμενος
3505 4561 3687 4629 λόγοις

427 4653 746 4709 tradidisse.
774 4653 964 4722 Neque
1017 4667 1150 4707 vero
1181 4651 1372 4716 semel,
1411 4650 1565 4704 bisve
1592 4657 1876 4718 quaterve,
1911 4651 2006 4705 sed

425 4747 630 4816 Saepius
655 4745 1002 4801 Andronicus
1030 4745 1219 4814 junior
1244 4743 1540 4812 imperator
1564 4739 2006 4796 Cantacuzenum

425 4855 683 4909 magnum
717 4838 1078 4893 domesticum
1110 4844 1223 4890 toto
1245 4841 1470 4902 pectore
1508 4841 1564 4886 et
1626 4832 1777 4887 omni
1806 4844 2006 4889 conatu

426 4930 763 4985 ornamentis
787 4927 1159 4998 imperatoriis
1182 4926 1573 4984 condecorare,
1592 4923 1810 4992 sibique
1833 4938 2010 4980 asses-

429 5038 612 5079 sorem
641 5032 698 5077 et
731 5021 1000 5091 collegam
1031 5027 1291 5088 cooptare
1323 5015 1628 5071 contendit.
1663 5015 1780 5082 Quo
1810 5017 2008 5072 nimio-

429 5131 560 5187 pere
593 5117 952 5179 detrectante,
977 5111 1467 5179 eontirmanteque,
1501 5124 1610 5179 quo
1650 5125 1736 5164 res
1771 5125 2009 5180 eumque

430 5210 674 5270 caderet,
704 5221 981 5274 nunquam
1009 5219 1067 5258 se
1096 5202 1628 5271 obtemperaturum,
1653 5201 1746 5255 diu
1780 5204 1834 5256 in
1858 5203 2005 5271 gravi

436 5295 759 5369 aegrimonia
799 5303 1055 5349 versatus
1078 5303 1180 5357 est,
1220 5304 1276 5348 et
1302 5293 1647 5348 immodicam
1691 5294 1811 5364 ejus
1841 5293 2011 5348 obsti-

433 5391 716 5446 nationem
739 5388 792 5442 in
812 5384 1243 5456 reprehensione
1259 5386 1462 5456 posuit.
1482 5385 1769 5440 Exteriore
1789 5384 2010 5454 quidem

431 5481 624 5534 habitu
656 5471 972 5547 vestituque
1019 5493 1124 5532 non
1151 5493 1214 5532 eo
1247 5479 1558 5545 incedebat,
1583 5494 1693 5548 quo
1713 5479 2010 5548 imperator

435 5573 770 5640 postulabat,
803 5571 1236 5629 sedaetionibus
1259 5571 1659 5642 prepemodum
1687 5571 1913 5626 nihilab
1943 5585 2011 5624 eo

434 5662 751 5719 diﬂerebat.
783 5663 918 5718 Nam
954 5673 1008 5718 et
1043 5679 1225 5718 rerum
1261 5671 1373 5718 tota
1403 5662 1812 5718 administratio
1845 5676 2012 5731 penes

433 5753 589 5806 illum
624 5764 762 5819 erat,
797 5765 854 5810 et
877 5755 1071 5809 edictis
1101 5755 1475 5824 imperatoriis
1500 5770 1655 5823 mque
1680 5763 1739 5808 ut
1765 5754 1882 5822 ipse
1907 5753 2010 5806 im-

431 5852 654 5916 perator
687 5851 855 5906 m‘nio
892 5864 988 5904 seu
1013 5845 1698 5903 rinnabarisubscribebat
1733 5863 1745 5900 :
1779 5861 1901 5916 qum
1926 5861 2012 5916 ,ue

2111 4652 2386 4720 ἀπέσχετο
2434 4647 2528 4702 τοῦ
2581 4648 2765 4718 λέγειν
2806 4650 2938 4718 περὶ
2981 4641 3057 4701 ὧν
3107 4645 3338 4718 ὥρμητο
3381 4647 3520 4716 πρὸς
3561 4649 3686 4710 τοὺς

2111 4742 2454 4813 εἰρημένους.
2485 4743 2594 4796 Καὶ
2637 4742 2791 4796 αὐτοὶ
2839 4741 2896 4794 δὲ
2949 4741 2975 4794 ὅ
3007 4758 3059 4793 τι
3094 4740 3195 4811 μὲν
3245 4739 3472 4811 ἔμελλεν
3519 4742 3686 4810 ἐρεῖν,

2111 4837 2210 4889 οὐκ
2251 4835 2474 4905 ᾔδεισαν
2521 4831 2787 4904 ἀκριϐῶς,
2822 4833 2850 4884 ό
2895 4831 3178 4902 βασιλεὺς,
3211 4831 3362 4901 ὅμως
3392 4831 3451 4885 δὲ
3485 4831 3549 4883 ὲκ
3577 4829 3689 4883 τῶν

2113 4925 2343 4980 εἰκότων
2380 4923 2778 4994 στοχαζόμενοι
2803 4922 2880 4986 ὡς
2911 4922 3042 4993 περί
3072 4938 3238 4975 τινων
3274 4921 3537 4991 μεγάλων
3574 4922 3692 4974 δια-

2117 5017 2372 5083 λέξεσθαι
2407 5017 2697 5088 μέλλοντος
2732 5016 2941 5079 αὐτοῖς,
2984 5015 3090 5067 ὑπὸ
3122 5012 3218 5067 τοῦ
3252 5014 3495 5084 μεγάλου
3529 5014 3694 5081 δομε-

2114 5111 2302 5166 ότίκου
2329 5109 2627 5180 κωλυθείη,
2660 5111 2720 5162 ὲν
2747 5107 2955 5171 αἰτίαις
2972 5124 3031 5160 τε
3055 5107 3217 5160 αὐτὸν
3256 5107 3562 5171 ἐποιοῦντο,
3593 5106 3690 5160 καὶ

2111 5205 2182 5260 τά
2203 5205 2409 5275 ἔσχατα
2438 5201 2733 5275 ἠδικῆσθαι
2765 5201 3096 5255 διετείνοντο
3130 5200 3220 5253 ὑπ’
3265 5198 3456 5254 αὑτοῦ.
3484 5199 3693 5267 Μηδεὶς

2112 5298 2171 5352 δὲ
2232 5296 2386 5350 ταῦτ’
2438 5295 2678 5360 ἀκούων,
2737 5293 3104 5361 ἀνεξέλεγκτα
3146 5291 3345 5345 οἰέσθω
3396 5289 3692 5360 ψεύδεσθαι

2111 5392 2263 5461 ἡμᾶς
2293 5390 2384 5444 διὰ
2421 5391 2482 5443 τὸ
2515 5389 2591 5461 μὴ
2627 5388 2764 5441 πᾶσι
2816 5387 2981 5458 μέχρι
3018 5380 3112 5439 νῦν
3155 5385 3225 5438 τὰ
3257 5383 3488 5438 τοιαῦτα
3523 5381 3692 5436 κατά-

2113 5483 2251 5553 δηλα
2290 5482 2571 5552 γενέσθαι.
2605 5482 2771 5535 Ἰστω
2820 5479 2931 5551 γὰρ
2975 5479 3108 5540 Θεὸς
3154 5477 3184 5530 ό
3242 5477 3423 5532 πάντα
3455 5475 3687 5545 ἐφορῶν,

2114 5575 2210 5629 καὶ
2238 5576 2378 5628 πᾶσι
2425 5575 2540 5637 τοῖς
2570 5573 2882 5643 γινομένοις
2913 5571 3001 5625 ἀεὶ
3034 5569 3248 5641 παρὼν,
3284 5570 3380 5623 καὶ
3417 5568 3526 5621 τῶν
3563 5567 3693 5636 ἀδήο

2114 5663 2221 5715 λων
2272 5662 2380 5715 καὶ·
2409 5661 2814 5731 κεκρυμμένων
2857 5658 3071 5726 ἀγνοῶν
3124 5657 3323 5727 μηδὲν,
3360 5656 3434 5719 ὡς
3462 5653 3574 5707 οὔτ’
3599 5653 3692 5705 ἐπὶ

2116 5756 2228 5816 τοῖς
2288 5753 2471 5816 ἄλλοις
2533 5753 2647 5814 τοῖς
2705 5749 3228 5820 συγγεγραμμένοις
3284 5747 3526 5810 ἅπασιν,
3578 5740 3693 5796 οὔτ’

2118 5842 2319 5916 ἔχθραν
2355 5841 2479 5896 οὕτε
2537 5841 2744 5912 φιλίαν,
2797 5839 2908 5895 οὔτ’
2943 5838 3076 5894 ἄλλο
3116 5839 3224 5894 τῶν
3269 5837 3488 5892 πάντων
3540 5831 3701 5889 οὐδὲν.
