4016 6422
301 418 406 486 473
1455 414 1890 475 ΗΙΞΤΟΒΙΛΗ

1991 417 1997 474 l
2041 416 2274 479 LIBER
2316 418 2401 479 II.
3445 422 3550 484 474

298 539 401 607 τῆς
427 533 686 605 ἀληθείας
724 530 1089 603 προεθέμεθα,
1130 529 1227 586 νῦν
1249 547 1309 585 τε
1337 530 1509 594 οὕτως
1541 531 1617 596 ὡς
1647 531 1869 600 ἐγένετο

2000 547 2095 600 pse
2126 533 2468 603 protulisset,
2503 529 2734 602 perinde
2767 530 3177 602 accipiebantur
3216 543 3380 605 atque
3401 539 3450 592 si
3479 541 3548 594 ab

299 631 434 700 περ)⁸
487 627 581 682 τοῦ
644 625 969 696 πράγματος
1026 624 1128 694 τὴν
1188 623 1444 694 διήγησιν
1499 622 1872 692 ἀποδιδόαμεν

1991 640 2073 680 )re
2093 624 2441 694 imperatoris
2461 624 2817 695 prodiissent,
2839 634 2893 680 et
2919 627 3126 696 reliqua
3151 625 3369 704 demum
3394 645 3550 698 qua:-

301 723 454 792 ὐμίν,
486 721 564 784 ὡς
600 721 698 791 οὐχ
730 717 878 783 ἀπαξ
903 717 1028 770 οὑδέ
1061 717 1145 779 δὶς
1165 716 1262 770 καὶ
1289 715 1572 787 τετράκις,
1604 714 1741 768 ἀλλά
1776 715 1873 769 καὶ

1991 732 2216 786 :umque
2267 717 2568 787 imperator
2603 716 2828 782 laceret,
2879 717 3072 771 eadem
3128 718 3233 787 ipsi
3285 719 3546 776 licebant.

309 813 574 874 πολλάκις
623 811 880 882 βασιλεὺς
921 808 1264 880 Ἀνδρόνικος
1315 809 1344 860 ὁ
1379 809 1499 870 νέος
1551 808 1879 860 Καντακου-

1991 813 2113 870 Nam
2145 821 2202 868 et
2239 813 2292 867 in
2338 813 2457 880 eius
2499 811 2738 882 stragula
2777 818 2932 864 veste
2976 825 3228 864 somnum
3276 811 3549 879 capiebat,

305 907 469 976 ζηνδν
518 904 609 956 τὸν
657 903 832 972 μέγαν
879 901 1201 970 δομέστικον
1243 899 1340 970 ὅλῃ
1369 897 1563 967 γνώμῃ
1597 898 1692 950 καὶ
1722 897 1874 970 πάσῃ

1991 905 2025 960 si
2057 905 2278 975 quando
2311 904 2365 958 in
2402 903 2751 974 expeditione
2798 901 3116 970 contigisset
3153 899 3432 954 ministros
3463 914 3556 954 su-

308 996 513 1064 σπουδῇ
549 996 664 1056 τοῖς
695 992 990 1063 βασιλικοῖς
1019 991 1256 1061 ἠθέλησε
1305 989 1586 1060 κοσμῆσαι
1621 990 1877 1060 παρασή-

1991 995 2330 1064 pellectilem,
2347 1010 2444 1048 seu
2467 993 2856 1064 impedimenta
2877 1001 3161 1061 portantes
3183 1006 3292 1044 non
3319 991 3510 1044 adesse
3535 1007 3549 1044 :

308 1102 452 1154 μοις,
492 1086 586 1136 καὶ
640 1081 1012 1151 συγκάθεδρον
1053 1081 1201 1152 αὐτῷ
1251 1080 1349 1135 καὶ
1401 1081 1875 1149 συμϐασιλεύοντα

1991 1097 2038 1142 et
2073 1087 2124 1140 in
2161 1087 2446 1158 grabatulo
2475 1087 2722 1156 ejusdem
2749 1085 2916 1157 (quod
2952 1099 3055 1139 nec
3091 1084 3202 1138 lilio
3252 1091 3308 1138 et
3331 1082 3552 1153 quidem
3639 1085 3651 1097 '

279 1174 608 1241 .ἀποδείξαι.
666 1174 840 1228 Αὑτοῦ
883 1175 942 1228 δέ
994 1175 1443 1245 παραιτουμένου
1490 1176 1751 1246 ἰσχυρῶς,
1783 1177 1879 1230 καὶ

313 1267 436 1336 μηδ’
475 1267 541 1320 ἂν
575 1265 630 1320 ετ
673 1284 722 1322 τι
773 1267 981 1334 γένοιτο
1021 1267 1417 1336 πεισθήσεσθαι
1455 1267 1877 1339 ἰσχυριζομένου

307 1358 517 1429 ἤλγησέ
557 1376 616 1412 τε
667 1358 914 1428 σφοδρῶς
973 1361 1000 1412 ό
1054 1359 1310 1429 βασιλεὺς
1359 1362 1614 1428 ἐπιπολὺ,
1647 1362 1879 1432 καὶτῆς

309 1450 542 1521 ἀκαίρου
571 1451 972 1521 κατεμέμψατο
1009 1453 1372 1522 φιλονεικίας.
1407 1453 1497 1524 Τῷ
1526 1454 1628 1524 μὲν
1651 1455 1714 1527 δὴ
1745 1455 1880 1523 ἐξω-

313 1542 406 1594 θεν
451 1541 687 1610 σχήματι
727 1544 821 1594 καὶ
866 1544 931 1612 τῇ
967 1542 1260 1614 περιϐολῇ,
1297 1542 1398 1614 οὐχ
1496 1544 1651 1613 ⁴ίιξίου
1693 1545 1881 1613 ἐγεγό-

306 1647 388 1682 νει
421 1632 447 1683 ὁ
477 1629 750 1700 βασιλεὺς,
780 1633 962 1702 ἔργοις
1001 1631 1058 1684 δὲ
1100 1633 1250 1687 οὐδὲν
1272 1629 1341 1706 ἦν
1368 1634 1558 1704 σχεδὸν
1603 1635 1880 1705 διαφέρων

309 1720 594 1789 βασιλέως.
659 1721 729 1774 ’11
785 1739 845 1775 τε
894 1723 1003 1793 γὰρ
1056 1724 1326 1794 διοίκησις
1377 1727 1486 1781 τῶν
1537 1727 1880 1797 πραγμάτων

1982 1271 2100 1342 ipse
2137 1273 2440 1334 liberrime.
2493 1272 2659 1340 idque
2687 1285 2752 1324 eo
2785 1279 2890 1324 tam
2926 1274 3219 1338 praesente,
3259 1282 3423 1336 quam
3453 1267 3554 1320 ab-

1983 1373 2139 1420 sente
2171 1363 2566 1418 meridiahatur
2591 1377 2604 1414 :
2633 1369 2689 1416 et
2723 1360 2766 1414 si
2801 1359 3022 1429 quando
3041 1357 3201 1412 simul
3233 1367 3554 1427 pernoctaso

1982 1465 2125 1522 sent,
2159 1457 2450 1511 cothurnis
2477 1457 2596 1523 ejus
2626 1453 2885 1508 licentius
2915 1465 3078 1520 quam
3113 1450 3232 1504 suis
3271 1448 3552 1511 utebatur,

1983 1550 2291 1618 agebatque
2313 1545 2662 1616 imperatorio
2687 1544 2895 1607 omnia,
2920 1541 3290 1610 utimperator
3315 1539 3555 1599 intuens,

1981 1641 2339 1694 vehementer
2360 1649 2412 1694 et
2451 1641 2593 1694 ultra
2622 1651 2782 1706 quam
2813 1634 2916 1689 dici
2954 1641 3131 1702 potest
3166 1631 3465 1690 laetaretur,
3501 1636 3559 1682 et

1983 1731 2242 1798 gaudium
2271 1745 2430 1784 suum
2463 1743 2564 1783 nec
2597 1725 2740 1797 apud
2776 1725 2915 1780 alios
2945 1722 3167 1777 tacitum
3198 1720 3402 1773 habere
3428 1733 3560 1788 pos-

1985 1832 2087 1876 set.
2118 1821 2230 1876 Nec
2259 1821 2360 1875 ista
2384 1820 2594 1874 Annam
2622 1817 3027 1888 impcratriccm
3047 1815 3296 1869 latebant
3323 1813 3380 1866 in
3402 1813 3560 1884 cujus

1984 1923 2283 1983 conspectu
2318 1913 2506 1966 eadem
2565 1927 2706 1980 sa'pe
2756 1909 3015 1971 iaciebat,
3053 1917 3112 1962 ut
3154 1906 3461 1975 imperator
3508 1903 3562 1957 ei

1987 2019 2382 2073 nonnunquam
2423 2003 2635 2057 diceret
2666 2019 2680 2056 :
2725 1999 2866 2067 Quid
2902 2000 3122 2054 tandem
3152 1998 3292 2052 foret
3334 1997 3484 2061 mali,
3514 1996 3562 2049 si

307 1816 456 1866 πᾶσα
495 1813 584 1866 ὑπ’
608 1813 759 1884 αὐτῷ
791 1810 880 1885 ἦν,
917 1816 1012 1868 καὶ
1041 1817 1112 1868 τὰ
1150 1815 1416 1886 βασιλέως
1448 1817 1876 1886 προστάγματα,

306 1906 408 1974 οὐχ
439 1899 602 1977 ἦττον
651 1905 683 1977 ἢ
724 1907 886 1971 αὐτὸς
944 1907 1228 1976 βασιλεὺς,
1271 1909 1537 1980 ἐρυθραῖς
1566 1910 1880 1980 ὑπεσημαί-

307 2013 430 2048 νετο
464 1997 848 2068 ὑπογραφαῖς·
889 1999 986 2052 καὶ
1037 1998 1072 2053 ἃ
1123 2001 1414 2071 ἐξεφέρετο
1464 2001 1595 2067 παρ’
1650 2001 1878 2068 ἐαυτοῦ,

305 2088 409 2158 τὴν
461 2089 582 2158 ίσην
628 2093 723 2145 καὶ
780 2091 974 2161 ὁμοίαν
1007 2091 1244 2158 δύναμιν
1285 2095 1400 2157 τοῖς
1436 2093 1702 2163 βασιλέως
1744 2091 1877 2164 εἶχε·

1991 2112 2103 2168 quae
2139 2095 2394 2162 privatim
2417 2094 2554 2163 agis,
2596 2093 2814 2162 publice
2844 2092 3058 2154 tierent,
3084 2099 3558 2157 noscerenturque

306 2181 406 2232 καὶ
456 2180 624 2235 τάλλα
670 2181 772 2234 ὅσα
807 2183 1075 2252 βασιλέως
1130 2185 1270 2255 ἔργα
1302 2181 1391 2255 ἦν,
1425 2185 1524 2238 καὶ
1553 2185 1705 2256 αὺτῷ
1733 2185 1881 2257 ἐξῆν.

1991 2191 2050 2244 ab
2079 2187 2378 2253 omnibus?
2415 2186 2510 2239 llle
2539 2185 2713 2240 nihilo
2743 2187 2950 2250 minus,
3001 2191 3062 2236 ut
3101 2196 3322 2250 semper
3349 2181 3558 2232 renite-

309 2270 608 2340 Στρώμασί
664 2290 724 2325 τε
763 2272 874 2344 γάρ
931 2274 1256 2344 ἐφύπνωττε
1319 2274 1634 2346 βασιλέως,
1694 2278 1885 2331 εἴποτε

1991 2282 2166 2343 batur,
2202 2279 2567 2349 praesentibus
2595 2293 2654 2332 se
2688 2285 3015 2332 contentum
3047 2283 3364 2329 autumans.
3393 2271 3472 2326 Ac
3495 2271 3564 2324 de

311 2365 733 2436 στρατευομένῳ
787 2367 1078 2420 συνέϐαινε
1131 2369 1246 2431 τοῖς
1293 2367 1462 2422 αὑτοῦ
1529 2369 1884 2439 σκευοφόροις

1991 2372 2072 2425 his
2095 2371 2319 2441 quidem
2353 2369 2605 2424 veritatis
2653 2367 3011 2424 testiﬁcanda:
3033 2381 3199 2422 causa
3223 2372 3436 2417 tantum
3478 2362 3568 2415 di-

312 2452 390 2521 μὴ
440 2455 718 2523 παρεῖναι.
761 2457 874 2510 Καὶ
910 2460 977 2528 τῇ
1017 2458 1286 2528 βασιλέως
1342 2459 1506 2532 κλίνῃ
1610 2461 1749 2531 μηδὲ
1783 2462 1887 2532 υἱῷ

1991 2465 2133 2520 xisse
2169 2461 2430 2517 sufficiat.

307 2545 406 2598 καὶ
463 2545 696 2615 βασιλεῖ,
749 2551 800 2603 εί
841 2551 916 2621 μὴ
970 2552 1325 2622 ἐπιτραπείη,
1397 2553 1608 2620 ἔξεστιν
1639 2593 1654 2618 ,
1713 2555 1883 2618 αὐτὸς
1923 2556 2236 2609 ἀνεκλίνετο
2287 2554 2588 2618 ἀκωλύτως
2636 2553 2838 2624 ὁμοίως
2913 2570 2972 2606 τε
3029 2549 3264 2609 ἀπόντος
3332 2547 3428 2601 καὶ
3456 2562 3567 2599 παι

317 2641 498 2708 ράντος
554 2641 843 2710 βασιλέως.
921 2645 1156 2714 Ἐμϐάσι
1229 2663 1291 2699 τε
1363 2648 1564 2718 ἐχρῆτο
1620 2651 1743 2711 ταῖς
1796 2649 2105 2719 βασιλικαῖς
2170 2651 2494 2720 ἀδεέστερον
2541 2651 2664 2711 ταῖς
2733 2649 2916 2711 ἰδίαις,
2977 2646 3138 2698 ὁπότε
3197 2639 3569 2696 συνδιενυκτέ-

321 2749 440 2804 ρευε
520 2733 756 2802 βασιλεῖ,
792 2737 889 2790 καὶ
946 2737 1130 2791 πάντα
1203 2738 1441 2809 ἔπραττε
1517 2741 1843 2811 βασιλικῶς,
1879 2743 1954 2805 ὡς
1995 2746 2090 2794 καὶ
2157 2742 2386 2811 βασιλέα
2433 2741 2650 2812 ὁρῶντα
2698 2741 2766 2794 τὰ
2805 2739 3030 2792 τοιαῦτα
3061 2735 3289 2808 ἥδεσθαί
3333 2752 3394 2787 τε
3426 2734 3568 2803 άγαν

327 2827 630 2896 ὑπερφυῶς,
694 2830 789 2885 καλ⁵
850 2834 960 2894 τοῖς
1019 2832 1204 2896 ἀλλοις
1256 2834 1639 2888 ἐνδείκνυσθαι
1679 2835 1757 2898 ὡς
1797 2837 1885 2906 εῐη
1925 2834 2078 2906 αὐτῷ
2117 2835 2491 2902 καθ”ἠδονήν.
2567 2835 2650 2887 Τὰ
2682 2833 2914 2888 τοιαῦτα
2946 2833 3003 2885 δέ
3051 2830 3174 2884 οὐδέ
3227 2833 3295 2899 τῇ
3333 2828 3568 2899 βασιλίδι

249 2939 253 2941 ·
331 2922 489 2992 Ἀννῃ
531 2923 787 2990 ἄγνωστα
839 2920 951 2994 ἦν,
1003 2925 1144 2981 ἀλλὰ
1201 2926 1492 2994 παρούσης
1541 2930 1637 2982 καὶ
1695 2929 1869 2996 αὐτῆς
1932 2930 2239 2998 ἐπράττετο
2307 2928 2610 2992 πολλάκις,
2660 2927 2736 2989 ὡς
2805 2925 2903 2978 καὶ
2967 2922 3199 2993 βασιλέα
3269 2922 3407 2992 πρὸς
3477 2924 3571 2975 τὸν

319 3019 490 3088 μέγαν
527 3020 844 3090 δομέστικον
888 3020 1098 3087 λέγειν,
1177 3021 1259 3074 δτι
1305 3020 1371 3073 Τί
1415 3021 1462 3074 δ’
1493 3020 1560 3075 ἂν
1626 3023 1712 3088 εῐη
1753 2998 1949 3088 δεινὸν,
1990 3025 2038 3074 εί
2088 3021 2126 3076 ἃ
2169 3022 2295 3094 ίδίᾳ,
2347 3023 2524 3076 ταῦτα
2573 3023 2670 3074 καὶ
2704 3021 2942 3092 δημοσίᾳ
2991 3018 3285 3090 πραχθείη,
3322 3019 3418 3071 καὶ
3457 3022 3603 3083 τοῖς

315 3118 447 3170 πᾶσι
476 3118 683 3189 γένοιτο
750 3117 1078 3187 καταφανῆ;
1117 3116 1177 3172 '0
1237 3117 1283 3170 δ’
1314 3116 1468 3170 οὐδὲν
1495 3112 1660 3188 ἦττον
1723 3117 1757 3188 ἢ
1825 3120 2092 3188 πρότερον
2131 3118 2461 3182 ἀπεωθεῖτο,
2518 3118 2808 3190 ἀρκεῖσθαι
2836 3120 2952 3182 τοῖς
3013 3115 3253 3187 παροῦσι
3319 3115 3569 3183 φάσκων.

313 3210 479 3267 una
512 3214 640 3285 περὶ
673 3213 773 3285 μὲν
803 3213 1036 3282 τούτων,
1064 3213 1164 3285 τῆς
1193 3213 1455 3284 ἀληθείας
1475 3214 1667 3279 ἕνεκα,
1695 3213 1938 3268 τοσαῦτα
1965 3216 2182 3285 εἴρηται
2209 3217 2367 3287 ἡμῖν.

1664 3358 1826 3428 227
1865 3358 2090 3415 CAPUT
2128 3359 2197 3414 Χ.

313 3478 588 3546 Quomodo
620 3475 926 3531 Benedictus
961 3473 1261 3546 Zacharias
1293 3471 1608 3546 Genuensis.
1630 3475 1948 3546 posterique
1977 3473 2166 3528 Chium
2199 3474 2434 3546 insulam
2464 3474 2562 3529 sibi
2597 3471 2875 3542 propriam
2904 3471 3141 3546 fecerint.
3171 3469 3304 3541 Ejus
3340 3487 3571 3546 recupe-

384 3550 567 3604 randa
594 3549 915 3601 occasionem
946 3545 1251 3599 Calothetus
1287 3545 1515 3614 dynasta
1545 3542 1733 3611 Chius,
1767 3553 1938 3596 matre
1974 3547 2154 3614 magni
2201 3545 2484 3614 _d0meslici
2516 3551 2794 3604 conventa,
2821 3543 3074 3614 ostendit;
3139 3558 3172 3594 a
3211 3558 3316 3614 qua
3349 3543 3490 3614 filius
3518 3550 3570 3596 et

381 3621 674 3689 imperator
700 3616 1123 3685 Didymotichum
1160 3616 1220 3666 σὺ
1264 3610 1342 3666 Μ’
1374 3612 1629 3689 Bgzantio
1669 3610 2140 3689 evocantur._C_urn
2185 3612 2460 3689 Colat/telo
2508 3620 2793 3689 praesentes
2837 3610 3231 3689 colloquuntur.
3275 3611 3568 3674 Consilium

384 3682 564 3761 magni
593 3682 884 3753 domestici,
917 3701 1018 3756 quo
1059 3693 1212 3744 pacto
1247 3699 1366 3736 cum
1399 3683 1655 3746 Martius,
1685 3685 1776 3753 qui
1814 3692 1926 3736 tum
1957 3683 2148 3738 Chium
2189 3685 2478 3746 obtinebat,
2509 3682 2781 3753 agendum
2816 3683 2902 3736 sit.
3245 3758 3248 3762 ι

389 3802 464 3856 Οὐ
518 3800 734 3862 πολλοῖς
791 3799 848 3852 δέ
896 3797 1042 3852 ἔτεσι
1079 3798 1372 3868 πρότερον,
1411 3797 1692 3868 Ζαχαρίας
1724 3797 1878 3851 Mns-

2059 3800 2178 3854 Non
2209 3800 2397 3854 multis
2432 3809 2559 3854 ante
2583 3800 2744 3855 annis
2767 3797 3103 3854 Benedictus
3131 3797 3430 3852 Zacharias
3460 3798 3571 3869 (74)

317 3895 470 3958 νέτος
499 3897 526 3948 ὁ
564 3895 626 3947 ἐκ
655 3891 917 3954 Γεννούας
953 3893 1021 3961 τῇ
1068 3891 1186 3959 Χίῳ
1226 3889 1553 3960 ἐπιθέμενος
1587 3890 1890 3960 ἐκράτησεν

1997 3891 2310 3947 Genuensis
2359 3891 2561 3946 Chium
2612 3891 2900 3958 invadens,
2948 3907 3013 3946 ea
3058 3890 3264 3960 potitus
3303 3899 3389 3946 est
3436 3889 3572 3962 (75).

317 3986 513 4055 αὐτῆς.
560 3985 780 4038 Βασιλεῖ
821 3983 880 4037 δὲ
924 3982 1215 4052 Ῥωμαίων
1253 3981 1333 4051 τῷ
1365 3981 1742 4052 πρεσϐυτέρῳ.
1768 3982 1890 4035 Ἀν-

1996 3981 2134 4037 Cum
2164 3998 2298 4037 vero
2357 3983 2563 4037 seniori
2606 3983 2924 4037 Andronico
2957 3995 3182 4050 propter
3227 3981 3574 4051 frequentes,

315 4077 570 4148 δρονίκῳ,
609 4077 695 4132 διὰ
719 4076 813 4138 τὰς
851 4075 1052 4145 συχνὰς
1087 4073 1312 4143 ἐφόδους
1348 4074 1458 4128 τῶν
1487 4073 1718 4144 Περσῶν
1753 4074 1890 4127 κατὰ

1995 4083 2051 4129 et
2099 4072 2328 4128 infestas
2353 4073 2645 4128 Persarum
2696 4074 2752 4127 in
2787 4073 2949 4128 urbes
2981 4073 3275 4127 orientales
3306 4073 3581 4128 Romano-

315 4168 428 4223 τῶν
465 4169 600 4240 πρὸς
643 4169 720 4224 ἕω
765 4170 879 4230 τοῖς
915 4166 1208 4237 Ῥωμαίοις
1260 4166 1522 4237 ὑπηκόων
1570 4165 1799 4230 πόλεων,
1827 4165 1888 4218 οὐ

1995 4182 2116 4220 rum
2153 4163 2498 4220 incursiones
2538 4163 2760 4219 dillicile
2786 4171 2935 4219 esset
2966 4163 3576 4240 insulamqrecuperare,

1555 4303 1775 4365 Jacobi
1812 4304 2084 4367 Pontani
2127 4311 2312 4366 notae.

397 4439 507 4510 (74)
548 4436 781 4506 Propria
819 4434 958 4510 solet
1006 4441 1373 4510 postponere,
1411 4431 1576 4510 quod_
1608 4432 1752 4510 apud
1795 4449 1896 4488 nos
1994 4435 2405 4510 intercedebant,
2433 4431 2761 4510 singularem
2817 4431 3254 4510 benevolentiam,
3312 4441 3359 4486 et
3402 4437 3580 4510 animi

1982 1179 2329 1249 imperatori,
2369 1178 2476 1234 nisi
2519 1177 2572 1232 id
2606 1177 2657 1231 ei
2711 1192 2911 1247 parens
2961 1175 3224 1240 deferret,
3275 1173 3358 1230 fas
3411 1173 3550 1241 erat)
3659 1208 3669 1215 -

325 4501 787 4564 inusitatum'est.
844 4501 1033 4571 Itaque
1073 4501 1175 4572 pro
1217 4503 1511 4572 Zacharias
1542 4501 1894 4570 Benedictus,

321 4579 514 4649 scripsi
534 4577 866 4649 Benedictus
884 4571 1196 4649 Zacharias.
1225 4571 1353 4649 l_S_ra_t
1382 4580 1565 4649 autem
1591 4573 1894 4649 Μπένετος.

321 4641 598 4705 Becentes
653 4647 799 4701 enim
855 4645 908 4696 in
955 4641 1269 4712 ltujusmodi
1321 4642 1523 4697 Italicis
1576 4649 1638 4712 et
1689 4642 1898 4698 Latinis

318 4718 553 4772 vocibus
577 4757 591 4780 ,
630 4725 690 4770 ut
733 4723 828 4770 est.
869 4711 1168 4782 Benedetto
1193 4752 1207 4774 ,
1261 4726 1362 4782 pro
1399 4713 1581 4766 littera
1622 4711 1649 4763 b
1686 4725 1901 4782 ponunt

322 4806 401 4853 π,
440 4798 496 4840 et
526 4785 746 4855 quidem
804 4780 1024 4854 praeﬁxa
1070 4783 1119 4837 ei
1160 4781 1366 4855 u._Hic
1396 4797 1498 4851 pro
1544 4780 1899 4855 Benedictus,

323 4852 578 4912 scribunt
633 4852 1025 4925 μπενεόίκτους
1051 4891 1092 4925 ,_
1117 4859 1172 4904 et
1205 4852 1390 4925 AB_ea_to
1426 4853 1768 4925 exprimitur
1810 4853 1897 4906 his

323 4928 525 4981 litteris
550 4965 566 4988 ,
606 4921 842 4994 μπεάτο.
874 4923 1014 4994 Lege
1053 4921 1276 4994 Henriei
1320 4921 1586 4994 Stephani
1621 4923 1896 4994 libellum,

324 4997 392 5050 de
434 4991 618 5049 inﬁdis
648 4993 847 5049 Graeca:
873 4993 1074 5062 linguae
1101 4991 1416 5062 magistris,
1457 5008 1579 5062 pag.
1629 4993 1752 5046 157.
1797 4993 1900 5048 Hic

326 5075 506 5119 autem
551 5080 619 5118 ex
661 5059 1057 5132 μπενεδίκτόυς
1092 5059 1298 5115 factum
1339 5059 1640 5132 depravata
1695 5063 1899 5133 μπένε-

326 5151 416 5197 τος
439 5177 452 5192 .
487 5149 596 5188 non
628 5133 842 5188 dubito.

1997 4508 2395 4574 propensionem
2428 4506 2482 4556 in
2521 4502 2742 4574 Ligures
2773 4503 3067 4571 manifestis
3113 4505 3439 4571 argumentis
3471 4520 3580 4566 pra:

1995 4573 2051 4628 se
2073 4576 2296 4644 ferebat.
2327 4574 2394 4627 Et
2420 4589 2536 4626 cum
2568 4573 2792 4644 multum
2823 4574 3124 4644 reipublicae
3152 4576 3440 4644 interesset,
3469 4583 3580 4626 tant

1999 4641 2226 4715 potentis
2258 4645 2512 4714 principis
2539 4645 2592 4715 in
2610 4641 2857 4715 Oriente,
2892 4641 2962 4697 ad
2987 4645 3352 4715 navigationes
3376 4643 3580 4698 Atticas

1999 4713 2407 4782 conﬁciendum,
2459 4713 2696 4784 amicitia
2748 4715 3131 4784 atque-favore
3181 4713 3450 4784 adjuvari,
3485 4715 3579 4766 sub

2000 4781 2210 4838 initium
2245 4784 2475 4854 proximi
2499 4785 2627 4836 anni
2647 4781 2884 4854 Iordane
2915 4781 3222 4854 Raqaluengo
3241 4781 3348 4836 cive
3369 4783 3582 4837 Astensi

2001 4851 2254 4923 pratore,
2289 4867 2502 4908 senatus
2563 4854 2774 4906 nomine
2829 4851 3118 4908 Gulielmus
3160 4851 3502 4923 'vicecomes,
3531 4861 3581 4905 et

2001 4922 2338 4988 Guarnerus,
2367 4923 2558 4991 judex,
2610 4924 3013 4992 prudentissimi
3049 4931 3208 4992 atque
3252 4922 3582 4992 integerrimi

1998 4995 2100 5047 viri
2119 5035 2134 5058 ,
2164 4997 2458 5062 optimeque
2484 4994 2547 5044 de
2580 4991 2758 5060 patria
2789 5008 2996 5061 semper
3028 4991 3226 5050 meriti.
3258 4993 3326 5044 ad
3358 5008 3475 5044 eum
3503 4991 3581 5044 le-

1998 5065 2110 5132 gati
2144 5065 2287 5118 missi
2311 5073 2453 5127 sunt,
2472 5078 2696 5131 quorum
2715 5079 2875 5131 opera
2911 5071 3071 5131 atque
3098 5063 3363 5114 industria
3392 5078 3578 5130 respu.

1926 5149 1978 5208 D
2005 5133 2163 5208 blica
2187 5143 2426 5208 assecuta
2459 5142 2557 5208 est,
2595 5141 2650 5208 u_t
2701 5132 2832 5208 inito
2871 5133 3156 5208 cumhipso.
3199 5133 3391 5199 {cedere
3423 5145 3582 5201 atque

398 5203 509 5274 (75)
537 5204 667 5270 Quae
692 5204 948 5272 deinceps
967 5201 1048 5274 de_
1076 5199 1254 5256 insula
1279 5199 1419 5274 Chio
1440 5217 1478 5274 7a
1511 5201 1900 5258 Gcnuensibus
1930 5199 1970 5208 ⁷
2009 5205 2268 5269 amicitia,
2297 5220 2381 5274 res
2403 5201 2688 5274 orientales
2720 5201 2872 5272 longe
2904 5201 3106 5274 meliori
3136 5202 3268 5274 loco,
3299 5218 3461 5274 quam
3483 5199 3584 5274 au-

330 5271 424 5344 per
456 5271 565 5328 vim
595 5271 968 5341 oecupata,’et
1001 5271 1320 5344 vi_reteu_ta,
1347 5273 1416 5324 ab
1438 5273 1544 5327 hoc
1576 5285 1766 5344 nostro
1789 5289 1900 5328 mc-

333 5341 633 5406 inorantur,
662 5345 1014 5396 vehementer
1037 5341 1441 5412 discordantab
1467 5344 1535 5396 iis
1560 5359 1683 5412 qua:
1705 5343 1898 5398 Petrus

326 5415 555 5468 Bizaeus
583 5415 860 5466 memoria:
890 5411 1131 5480 prodidit
1162 5411 1257 5466 lih.
1284 5426 1336 5465 tv
1359 5411 1612 5467 Historiae
1643 5413 1898 5468 Genuen-

328 5487 428 5547 sis,
473 5494 527 5537 et
563 5491 687 5550 post
735 5497 862 5535 eum
902 5483 1140 5537 Ubertus
1175 5481 1415 5548 Folieta,
1471 5483 1568 5537 lib.
1617 5500 1710 5546 vn,
1762 5482 1895 5537 dum

328 5551 616 5622 Smyrnam
658 5561 711 5604 et
753 5551 948 5606 Chium
991 5568 1022 5605 a
1071 5552 1329 5622 Michaele
1364 5552 1382 5622 l
1439 5552 1743 5622 Palaeologo
1793 5553 1898 5607 Ge-

326 5621 631 5678 nuensibus
648 5622 874 5674 donatas
893 5637 1012 5677 esse
1033 5621 1322 5676 allirmant.
1356 5621 1560 5676 Locum
1579 5624 1645 5677 ad
1665 5621 1894 5677 verbum

326 5692 702 5762 adscribemus
748 5708 771 5762 ιγ
795 5690 948 5762 Circa
983 5694 1092 5744 hwc
1137 5701 1376 5761 tempora
1429 5692 1611 5762 (1261)
1658 5692 1892 5746 Michael

324 5759 672 5832 Palwologus
695 5760 910 5814 orientis
949 5761 1224 5826 imperium
1244 5759 1533 5816 obtinebat.
1562 5759 1665 5827 Qui
1696 5766 1758 5832 ob
1785 5765 1897 5832 pri.

329 5842 480 5887 ratas
512 5831 803 5886 simultates
829 5839 874 5883 et
907 5832 1228 5899 inimicitias,
1258 5848 1372 5902 qua:
1400 5832 1480 5888 illi
1530 5851 1647 5887 cum
1691 5831 1894 5890 Venetis

2008 5284 2092 5326 teu
2133 5285 2316 5329 essent.
2357 5272 2475 5342 Ipse
2530 5273 2712 5333 etiam,
2761 5270 2823 5325 ut
2868 5270 3272 5342 aliquoﬂrecenti
3327 5272 3579 5342 beneﬁcio

2003 5345 2103 5398 sibi
2122 5340 2500 5413 rempublicam
2533 5343 2753 5405 arctius,
2775 5354 2829 5394 ut
2853 5340 3123 5394 nonnullis
3139 5341 3349 5413 “placet,
3389 5340 3582 5413 Chium

2004 5413 2142 5468 Ionii
2169 5409 2336 5468 maris
2367 5414 2598 5468 insulam
2627 5413 2762 5465 dono
2795 5414 2959 5473 dedit,
2993 5421 3103 5465 etc.
3132 5409 3187 5465 Si
3213 5412 3415 5464 donata
3447 5409 3584 5464 fuis—‘

2003 5493 2106 5549 set,
2140 5485 2304 5539 credo
2327 5483 2608 5554 equidem,
2640 5481 2988 5536 Andronicus
3009 5482 3130 5554 ejus
3159 5481 3322 5554 (ilius,
3341 5481 3584 5554 Michae-

1999 5555 2086 5625 lis,
2137 5552 2393 5625 inquam.
2425 5570 2532 5608 non
2585 5554 2916 5623 postulasset
2946 5569 3068 5625 qua:
3120 5552 3212 5625 hic
3271 5552 3600 5625 postulasse-

1995 5622 2229 5695 legilur,
2241 5642 2342 5681 nec
2357 5627 2474 5695 ipse
2493 5622 2666 5695 nepos
2688 5625 2996 5692 istacontra
3010 5623 3102 5695 jus
3125 5623 3314 5691 fasque
3334 5622 3594 5695 fecisset-

1997 5691 2168 5820 Libro
2197 5691 2390 5766 tertio,
2422 5691 2690 5766 cap._95,
2749 5691 2948 5750 iterum
2981 5694 3201 5762 capitur
3245 5707 3275 5746 a
3321 5691 3596 5750 Genuen-

1997 5781 2042 5820 St
2087 5781 2174 5820 us.

1996 5781 2174 5821 SlDIlS.
