4016 6438
441 786 449 798 .
526 742 877 802 tributarius,
907 751 1117 795 tantum
1144 737 1769 807 utiusula-impcratoris
1792 748 2100 803 vocaretur,

1472 380 1503 397 ﬁ

519 449 631 514 475
1728 442 2055 505 JOANNIS
2098 439 2629 502 CANTACUZENI
3647 445 3732 508 476

526 572 717 630 pacem
754 573 879 612 cum
910 556 1173 613 Zacliaria
1205 555 1533 625 composuit,
1564 554 1667 609 sub
1694 569 1757 609 ea
1784 554 2102 609 conditione

2214 552 2410 624 ῥᾳδίως
2441 551 2623 621 ἔχοντι
2654 549 2875 620 πολέμῳ
2898 550 2999 620 τὴν
3020 550 3185 621 νῆσον
3221 550 3506 621 Ῥωμαίοις
3531 553 3732 608 ἀνακτᾶ-

526 664 588 706 ut
639 653 684 705 is
724 652 920 704 Chium
964 651 1229 705 retineret
1285 665 1381 718 per
1407 648 1759 711 decennium,
1822 663 1923 702 nec
1957 656 2104 702 esset

2214 645 2354 706 σθαι.
2412 643 2559 708 ἔδοξε
2610 643 2909 696 λυσιτελεῖν
2971 643 3255 717 είρηνικᾶς
3320 644 3451 715 πρὸς
3491 647 3732 715 Ζαχαρίαν

2210 732 2441 794 σπονδὰς
2489 730 2701 797 θέσθαι,
2755 728 2898 782 ὥστε
2947 732 3077 784 Χίον
3135 732 3233 801 μὲν
3271 732 3362 783 ἐπὶ
3418 731 3541 785 δέκα
3609 734 3736 787 ἔτεσι

2207 822 2538 892 κατέχεσθαι
2570 822 2702 891 παρ’
2728 821 2917 889 αὐτοῦ,
2962 824 3056 877 καὶ
3107 823 3310 893 μηδένα.
3353 821 3559 892 βασιλεῖ
3588 824 3738 892 παρέ-

2206 910 2323 984 χειν
2355 914 2543 984 φόρον,
2597 912 2968 983 ὀνομάζεσθαι
3024 914 3079 967 δὲ
3140 915 3299 984 μόνον
3352 914 3622 984 βασιλέως,
3659 920 3741 967 καὶ

2209 1006 2453 1076 σημαίας
2504 1006 2600 1059 ἐπὶ
2673 1007 2783 1059 τῶν
2839 1006 3033 1076 τειχῶν
3092 1005 3391 1075 ἀνάγεσθαι
3448 1005 3737 1076 βασιλικάς·

2213 1096 2352 1166 μετὰ
2379 1097 2436 1150 δὲ
2470 1097 2570 1167 τὴν
2599 1098 2909 1163 δεκαετίαν,
2939 1098 3104 1150 πάλιν
3140 1097 3431 1166 Ῥωμαίοις
3472 1097 3564 1167 τὴν
3598 1099 3742 1165 νῆσον

2208 1189 2540 1245 ἀποδιδόναι.
2601 1190 2872 1252 Τοιαύτας
2931 1191 3030 1256 μὲν
3090 1189 3343 1259 βασιλεὺς
3399 1189 3491 1251 τὰς
3548 1184 3748 1258 πρώταξ

2213 1281 2449 1345 σπονδὰς
2488 1281 2641 1335 έθετο
2693 1283 2831 1351 πρὶς
2882 1281 3199 1352 Ζαχαρίαν·
3246 1283 3307 1334 ἐν
3355 1281 3464 1342 τοῖς
3494 1282 3664 1342 αὐτοῖς
3696 1280 3744 1332 δὲ

2210 1373 2389 1427 ἐτεσιν
2440 1374 2605 1437 αὐτὸς
2654 1374 2960 1443 περιεποίει
3008 1389 3066 1426 τε
3098 1371 3196 1443 τὴν
3230 1372 3396 1442 νῆσον
3420 1369 3589 1439 ἑαυτῷ
3625 1371 3743 1422 ὑπο-

2212 1463 2536 1532 ποιούμενος
2567 1464 2694 1524 τοὺς
2726 1463 2915 1525 Χίους,
2956 1462 3051 1515 καὶ
3096 1461 3325 1532 Ὠχύρου
3370 1459 3466 1531 τὴν
3502 1461 3665 1523 πόλιν,
3687 1461 3747 1514 τά

2210 1571 2270 1607 τε
2320 1556 2676 1623 πεπονηκότα
2720 1552 3116 1622 ἀνοικοδομῶν,
3169 1552 3266 1605 καὶ
3307 1553 3463 1606 εἵπου
3489 1550 3613 1615 δέοι,
3650 1551 3747 1612 soi;

2209 1644 2448 1714 τείχεσιν
2482 1645 2615 1713 ὕψος
2641 1643 2978 1714 προστιθείς·
3006 1644 3102 1696 καὶ
3126 1642 3373 1713 τάφρους
3400 1658 3459 1694 τε
3486 1640 3577 1693 καὶ
3602 1639 3746 1692 τᾶλλα

528 846 584 889 et
617 836 671 888 in
695 833 866 888 muris
890 834 1044 902 signa
1071 833 1191 900 ejus
1217 830 1535 901 ﬁgerentur;
1562 845 1627 884 eo
1653 839 1898 899 tempore
1924 829 2099 893 linito,

528 927 789 980 Romanis
844 928 1249 980 restitueretur.
1299 923 1412 977 Hoc.
1447 923 1626 979 foedus
1682 923 1920 993 primum
1977 920 2103 975 cum

528 1018 794 1071 Zacltaria
830 1018 1100 1086 percussit
1130 1016 1447 1085 imperator.
1475 1016 1623 1068 Intra
1661 1014 1885 1070 eosdem
1928 1026 2105 1067 annos

529 1106 847 1173 Zacharias,
878 1105 1031 1160 Chiis
1064 1108 1327 1172 subactis,
1362 1106 1597 1158 insulam
1634 1106 1718 1159 sui
1769 1105 1909 1174 juris
1946 1102 2104 1169 fecit;

531 1197 804 1266 chyrum
827 1197 1113 1264 oppidum,
1138 1204 1195 1249 et
1223 1195 1328 1248 alia
1356 1205 1628 1249 vetusxate
1655 1184 2105 1249 ruinosaiustﬁu-

537 1290 729 1353 ravit;
786 1297 842 1340 et
886 1287 1076 1341 sicubi
1137 1301 1275 1355 opus
1318 1295 1480 1349 erat,
1525 1302 1716 1341 muros
1759 1287 1813 1341 in
1865 1284 2108 1339 altitudi-

533 1393 659 1431 rem
697 1379 958 1447 majorem
989 1377 1209 1442 eduxit;
1242 1377 1416 1432 fossas
1462 1378 1591 1432 item
1646 1388 1702 1432 et
1733 1379 1835 1432 alia
1872 1378 2108 1433 adorna-

532 1472 634 1535 vit,
671 1486 793 1540 qua:
820 1472 1171 1536 usuiessent,
1204 1472 1249 1527 si
1276 1471 1419 1527 bello
1446 1481 1744 1541 peteretur.
1776 1472 1975 1545 Elapso
2003 1473 2107 1528 hoc

531 1565 801 1617 deccnnio
829 1579 952 1618 cum
989 1562 1201 1618 videret
1232 1563 1536 1633 imperator
1568 1563 1768 1619 Cliium
1797 1563 1876 1619 sic
1922 1563 2107 1617 muni-

533 1663 645 1708 tam
697 1654 844 1709 haud
885 1655 1005 1709 sine
1037 1669 1237 1723 magno
1276 1655 1466 1709 labore
1501 1669 1662 1724 posse
1695 1656 1894 1724 recipi,
1937 1664 1993 1708 et
2018 1669 2111 1708 ae-

532 1746 795 1802 cessisset
826 1753 1092 1814 prmlerea
1128 1746 1329 1816 legatio
1372 1760 1400 1798 a
1426 1744 1712 1810 Zacliaria,
1742 1761 1849 1815 qua
1879 1746 2110 1814 rogaba-

2214 1731 2604 1803 ἐξαρτυόμενος
2634 1730 2668 1785 ἂ
2700 1730 2897 1801 ἔμελλε
2940 1730 3316 1797 λυσιτελήσειν
3347 1731 3394 1782 εί
3435 1726 3746 1794 καστασταίη

535 1845 648 1900 tur,
699 1852 768 1891 ne
818 1836 922 1891 sibi
948 1845 1173 1906 propter
1219 1837 1456 1891 insulam
1481 1838 1762 1907 negotium
1787 1838 2103 1901 exhiberet,

2214 1824 2350 1891 πρὸς
2402 1822 2493 1874 τὸν
2527 1823 2791 1891 πόλεμον.
2827 1820 2987 1875 Μετὰ
3016 1820 3076 1874 δὲ
3106 1821 3316 1883 ταύτας
3347 1820 3444 1881 τὰς
3471 1817 3746 1878 δεκαετείς,

2214 1914 2270 1941 ιη’.
2330 1913 2515 1941 ιι..ιι....
2570 1912 2713 1941 ἰηιὲ...
2765 1913 2792 1941 Δ
2858 1912 3111 1941 οηριὶρὲιλ
3164 1913 3265 1941 -.ἓ-ι.
3306 1907 3615 1941 puni-7-0L."
3663 1908 3746 1941 οἶ»-

535 1929 975 1998 quinquennium
1017 1930 1122 1984 sub
1161 1929 1353 1983 iisdem
1408 1929 1819 1985 conditionibus
1882 1930 2104 2000 adjecit,

2214 1914 2271 1964 οὐ
2325 1913 2515 1984 ῥᾳδίαν
2569 1912 2713 1982 δρῶν
2763 1913 2792 1964 δ
2856 1912 3111 1981 βασιλεὺς
3164 1913 3265 1980 τὴν
3306 1907 3615 1980 παράληψιν
3663 1908 3749 1975 τῆς

535 2035 868 2089 rursumque
933 2021 1082 2075 aliud
1138 2021 1599 2090 quinquennium.
1640 2021 1899 2075 Zacliaria
1958 2022 2106 2075 enim

2214 2005 2348 2057 Χίου
2379 2004 2470 2056 διὰ
2512 2003 2574 2056 τὸ
2612 2002 2969 2073 ὠχυρῶσθαι,
3023 2002 3201 2064 ἄλλως
3255 2018 3315 2054 τε
3363 1998 3460 2053 καὶ
3508 1995 3748 2100 Ζαχαρίομ

536 2087 790 2178 mortuo,
833 2112 930 2167 lilii
957 2114 1098 2183 ejus,
1137 2087 1197 2168 ut
1223 2087 1370 2176 Chii,
1410 2113 1483 2167 ita
1511 2123 1753 2183 paterna:
1790 2113 2110 2168 calliditatis

2214 2094 2513 2165 πρεσὸείαν
2559 2093 2899 2163 πέμψαντος,
2945 2093 3043 2145 καὶ
3089 2090 3359 2162 βασιλέως
3394 2087 3639 2157 δεομένου
3687 2087 3761 2172 μὴ.

537 2204 804 2270 haeredes,
839 2214 894 2259 et
941 2206 1325 2273 imperatorem
1379 2206 1553 2259 instar
1581 2205 1733 2274 pueri
1787 2214 2107 2270 tractantes,

537 2294 851 2319 ..κεκοιμηιηηι
886 2296 1014 2319 Α..μὲ
1049 2296 1290 2319 ---,.---ε
1330 2295 1624 2319 n-_:_-_.-._
1696 2292 2072 2319 -12Α-”..-,.2---

2214 2187 2345 2257 περὶ
2390 2187 2491 2256 τῆς
2526 2186 2696 2257 νήσου
2747 2184 3011 2254 ἐνοχλεῖν,
3048 2184 3245 2253 ἐτέρας
3278 2182 3436 2236 ἔθετο
3470 2182 3750 2235 πενταετεῐς

2216 2279 2311 2319 lteri
2344 2279 2454 2319 ad:
2504 2277 2642 2319 [ante
2690 2276 2789 2319 καὶ
2819 2275 3047 2319 ducitur-
3083 2276 3179 2319 καὶ
3213 2274 3336 2319 μετ’
3369 2271 3552 2319 αὑτὰς.
3583 2266 3750 2319 ἑτέρας

535 2294 853 2363 priusquam
886 2296 1015 2350 anni
1046 2296 1290 2352 concessi
1330 2295 1644 2363 (inirentur,
1695 2292 2108 2364 alios'pacisce-

535 2387 738 2435 bantur
770 2404 785 2435 ι
814 2398 869 2435 et
898 2404 1024 2435 eum
1060 2403 1120 2435 re
1152 2388 1375 2435 uiridem
1425 2388 1528 2435 insi
1563 2387 1739 2435 insula
1770 2387 2107 2435 fruerentur.

2216 2279 2311 2331 ἐπὶ
2344 2279 2454 2339 τοῖς
2504 2277 2642 2339 ῐσοις
2690 2276 2789 2330 καὶ
2819 2275 3049 2345 ὁμοίοις,
3083 2276 3179 2326 καὶ
3212 2274 3336 2342 μετ’
3369 2271 3552 2334 αὑτὰς,
3583 2271 3752 2335 ἑτέρας

2214 2369 2399 2424 πὸιλιν⁸
2434 2369 2529 2422 καὶ
2572 2366 3029 2435 τετελευτηκότος
3072 2367 3377 2435 Ζαχαρίου,
3407 2365 3504 2434 τῆς
3534 2378 3591 2414 τε
3640 2358 3753 2412 Χίου

533 2387 738 2442 bantur
770 2404 785 2442 :
814 2398 869 2442 et
898 2404 1024 2444 cum
1060 2403 1120 2441 re
1152 2388 1375 2457 quidem
1425 2388 1528 2457 ipsi
1563 2387 1740 2441 insula
1770 2387 2108 2453 fruerentur,

2214 2380 2399 2424 παλιν⁶
2434 2380 2529 2422 καὶ
2572 2380 3029 2435 τετελευτηκότος
3072 2380 3377 2435 ιαχαριου,
3407 2380 3504 2434 της

537 2476 656 2530 solo
684 2476 906 2531 nomine
942 2475 1335 2545 imperatorem
1371 2491 1497 2532 esse
1520 2476 1803 2529 dominum
1834 2476 2108 2530 sinebant.

2214 2460 2308 2513 ml.
2340 2462 2440 2529 τῆς
2466 2459 2810 2529 πανουργίας
2852 2458 2903 2510 oi
2944 2457 3133 2520 παῖδες
3158 2455 3616 2523 καταλειφθέντες
3639 2448 3756 2516 κλη-

534 2563 657 2618 Jam
708 2561 888 2619 fcedus
918 2539 1123 2630 exibat,
1163 2580 1287 2619 cum
1321 2566 1644 2620 Calothetus
1693 2580 1835 2619 unus
1861 2566 1927 2619 de
1958 2565 2110 2620 Chiis

2215 2550 2471 2621 ρονόμοι,
2503 2548 2648 2601 οὕτω
2680 2548 3154 2616 διεπαιδαγώγουν
3199 2548 3451 2617 βασιλέα,
3501 2543 3625 2613 πρὶν
3671 2539 3757 2599 τὰς

536 2652 784 2722 dynastis
819 2655 1179 2708 maximarum
1212 2670 1405 2723 opum,
1447 2655 1537 2708 cui
1572 2670 1696 2709 cum
1737 2655 1902 2709 domo
1928 2655 2110 2725 magni

2214 2641 2380 2705 οὔσας
2438 2640 2720 2707 ἐξικέσθαι
2781 2641 2974 2709 ἑτέρας
3035 2641 3338 2709 τιθέμενον
3371 2642 3462 2692 καὶ
3511 2637 3646 2706 ἔργῳ
3674 2631 3756 2745 μὲν

539 2739 830 2797 domestici
893 2750 1055 2797 vetus
1099 2752 1157 2797 et
1204 2758 1417 2797 summa
1448 2757 1566 2799 erat
1617 2743 1969 2798 necessitudo
2002 2744 2110 2814 (avi

2214 2735 2368 2788 αὐτοὶ
2407 2732 2778 2803 καρπούμενοι
2809 2732 2908 2801 τὴν
2956 2731 3108 2797 Χίον,
3163 2731 3299 2801 ψιλῇ
3352 2730 3407 2783 δὲ
3443 2718 3755 2797 προσηγορίᾳ

537 2833 688 2885 enim
742 2832 883 2902 ejus,
915 2832 1217 2889 domestici
1265 2835 1567 2904 majoribus
1595 2834 1936 2901 amicissimi,
1983 2852 2115 2890 con-

538 2921 983 2993 ’unctissimique
1015 2922 1256 2990 fuerant,
1288 2935 1347 2978 ut
1391 2935 1446 2979 et
1496 2925 1610 2993 ipse
1638 2925 1987 2993 domestico),
2023 2926 2114 2980 hic

540 3012 709 3081 igitur
742 3012 1066 3068 Calatlietus
1099 3014 1166 3068 ad
1200 3024 1428 3068 matrem
1482 3014 1623 3084 ejus,
1659 3030 1754 3084 per
1786 3016 1837 3070 id
1899 3026 2110 3085 tempus

2216 3006 2370 3070 θετος
2424 3006 2531 3058 τῶν
2580 3004 2731 3073 παρὰ
2786 3004 2940 3064 Χίοις
2992 3003 3238 3058 δυνατῶν
3270 3006 3303 3056 ὁ
3331 3002 3562 3071 μάλιστα
3588 2995 3754 3060 διαφο-

541 3102 907 3175 Didymotichi
941 3114 1252 3159 manentem
1281 3104 1438 3170 adiit,
1477 3103 1798 3161 Latinorum
1846 3107 2027 3161 scelus
2061 3107 2110 3161 ei

2219 3097 2483 3168 ρὼτατος,
2521 3095 2598 3165 τῷ
2630 3094 2874 3163 μεγάλου
2905 3093 3234 3163 δομεστίκου
3267 3094 3409 3163 οἴκῳ
3441 3097 3758 3175 προσῳκειω-

548 3192 833 3259 indicavit,
893 3193 986 3263 qui
1030 3195 1309 3249 Romanos
1338 3194 1514 3250 insula
1560 3195 1905 3264 spoliassent,
1945 3211 2109 3265 quam

548 3298 644 3327 nm-
702 3283 956 3327 frzmdpm
1009 3284 1198 3327 lnm‘lin
1253 3293 1628 3327 nentmarpnl!
1683 3293 1740 3327 nt
1793 3300 1907 3327 rem
1965 3286 2108 3327 haud

2221 3191 2380 3258 μένος
2440 3189 2503 3240 ὲκ
2563 3186 2775 3239 πολλῶν
2830 3185 2968 3238 ἑτῶν
2998 3185 3262 3255 (πατέρες
3326 3202 3385 3238 τε
3442 3183 3547 3250 γὰρ
3576 3175 3756 3231 ἐκείνου

2218 3278 2334 3327 τοῖς
2385 3275 2622 3327 μεγάλου
2679 3274 3006 3327 δομεστίκου
3048 3275 3420 3327 πατράσινιὲς
3453 3272 3520 3324 τὰ
3552 3267 3758 3327 μάλιστα

542 3298 644 3352 per
701 3283 956 3339 fraudem
1009 3284 1198 3340 tandiu
1253 3293 1630 3353 occuparent;
1683 3293 1740 3338 et
1793 3300 1907 3337 rem
1965 3286 2110 3340 baud

2218 3278 2334 3336 τοῖς
2384 3275 2622 3344 μεγάλου
2679 3275 3006 3343 δομεστίκου
3048 3275 3420 3343 πατράσινκὲς
3453 3275 3520 3324 τὰ
3552 3275 3668 3339 μὰλι

539 3376 1023 3442 contemnendam,
1084 3393 1263 3446 neque
1311 3390 1518 3434 temere
1554 3396 1585 3434 e
1635 3380 1887 3435 manibus
1926 3380 2110 3434 dimit-

2216 3363 2357 3437 ἦσαν
2388 3367 2533 3433 φίλοι
2560 3366 2654 3419 καὶ
2688 3368 2903 3429 οἰκεῖοι,
2942 3366 3034 3420 καὶ
3064 3366 3228 3429 αὐτὸς
3259 3366 3455 3436 αὐτῷ),
3485 3356 3632 3422 οὗτος
3655 3357 3711 3425 δὴ
3735 3354 3760 3405 δ

541 3465 761 3520 tendam
785 3466 984 3533 videri,
1001 3482 1123 3520 cum
1153 3470 1207 3520 in
1233 3484 1406 3524 annos
1432 3470 1674 3539 singulos
1702 3471 1868 3539 228
1895 3481 2110 3525 centum

2218 3462 2533 3524 Καλόθετος
2563 3464 2628 3532 τῇ
2683 3460 2778 3513 τοῦ
2819 3462 3058 3532 μεγάλου
3100 3462 3432 3532 δομεστίκου
3466 3456 3628 3530 μητρὶ
3659 3456 3763 3503 τότε

544 3554 737 3622 viginti
798 3569 1092 3609 aureorum
1141 3557 1313 3611 millia
1366 3560 1623 3627 peusitet.
1674 3561 2110 3615 Bcnevolentiam

2218 3552 2532 3620 προσελθὼν
2572 3554 2942 3624 Διδυμοτείχλρ
2984 3553 3411 3625 ὲνδιατριϐοὐσῃ
3432 3593 3447 3619 ,
3483 3548 3574 3603 καὶ
3603 3544 3693 3614 τήν
3716 3554 3766 3591 τι

541 3657 764 3712 quoque
793 3658 947 3698 suam
975 3652 1031 3699 et
1080 3646 1522 3715 conjunctionem
1553 3647 1967 3701 consuetudinis
1989 3664 2110 3702 cum

2220 3646 2560 3715 κακουργίαν
2625 3645 2733 3699 τῶν
2783 3646 3032 3700 Λατίνων
3065 3647 3418 3713 ἀπαγγείλας
3460 3635 3763 3715 ᾗχρώμενοι

543 3733 683 3802 ipsa,
717 3740 773 3787 et
828 3734 948 3805 ejus
995 3732 1108 3789 ﬁlio
1162 3734 1219 3788 in
1270 3736 1509 3790 medium
1539 3738 1742 3802 attulit,
1780 3753 1843 3792 ac
1897 3739 2110 3792 tandem

2219 3736 2611 3805 ἀπεστέρησαν
2667 3754 2727 3789 τε
2764 3736 3073 3805 Ῥωμαίους
3125 3740 3224 3807 τῆς
3272 3738 3410 3791 Χίου
3462 3733 3559 3802 τὴν
3588 3724 3761 3796 ἀρχὴν·

545 3832 738 3877 auctor
759 3820 863 3877 luit
889 3832 948 3877 ut
974 3824 1019 3878 si
1051 3832 1235 3893 posset
1266 3826 1569 3896 imperator
1597 3828 1823 3881 classem
1845 3828 2110 3883 subsidia-

2220 3826 2314 3876 καὶ
2349 3823 2444 3877 νῦν
2500 3825 2593 3876 ἐπὶ
2654 3824 2910 3878 τοσοῦτον
2964 3826 3293 3895 κατέχουσιν
3361 3819 3763 3892 ἐξαπατῶντες.

545 3915 683 3968 riam
723 3914 780 3968 in
835 3913 1033 3970 Chium
1070 3916 1349 3982 mitteret;
1407 3918 1524 3988 ipse
1557 3934 1689 3973 vero
1747 3919 1841 3988 qui
1907 3934 2005 3988 per
2056 3935 2110 3974 se

2221 3912 2452 3982 πρᾶγμα
2478 3914 2579 3964 οὐκ
2610 3913 3118 3984 εὐκαταφρόνητον,
3158 3914 3271 3967 οὐδ’
3296 3910 3408 3967 οἷον
3445 3909 3635 3982 ῥᾳδίως
3656 3899 3763 3955 τινά

545 4003 843 4072 plurimum
875 4005 1073 4074 opibus
1098 4015 1155 4059 et
1179 4010 1349 4076 gratia
1385 4008 1613 4075 valeret,
1644 4009 1954 4079 multosque
1979 4009 2110 4063 alios

2220 4009 2353 4060 αὐτὸ
2415 4005 2855 4075 καταπροέσθαι·
2903 4006 2997 4059 δύο
3029 4007 3138 4075 γὰρ
3189 4007 3331 4075 πρδς
3359 4006 3481 4067 ταῖς
3519 4002 3641 4055 δέκα
3668 4010 3760 4065 μυ·

518 4104 664 4150 'tum
696 4097 903 4150 amicos
929 4105 1042 4151 tum
1067 4107 1329 4168 cognatos
1353 4099 1765 4155 adsocietatem
1798 4108 2110 4170 aggregatu-

2221 4098 2370 4168 ριάσι
2416 4098 2638 4168 χρυσίου
2691 4098 2940 4167 ἐτησίους
2994 4096 3139 4149 τελεῖ
3167 4096 3393 4167 φόρους,
3458 4098 3557 4165 τήν
3593 4106 3647 4142 τε
3687 4081 3763 4136 εὖ·

546 4203 642 4244 rus
662 4198 827 4252 esset,
857 4189 922 4244 ad
962 4190 1192 4245 insulam
1223 4190 1612 4245 vindicandam
1644 4194 1790 4246 vires
1823 4207 1950 4246 suas
1982 4208 2110 4246 con-

2218 4207 2368 4242 νοιαν
2407 4190 2572 4242 αὐτοῦ
2602 4188 2701 4259 τὴν
2734 4188 2969 4258 ἀρχαίαν
3000 4187 3097 4241 καὶ
3126 4187 3225 4258 τὴν
3258 4187 3555 4256 συνήθειαν
3592 4181 3685 4248 τήν
3713 4189 3764 4225 τε

539 4279 817 4351 jungeret.
843 4281 1165 4336 Praeclaram
1186 4292 1367 4336 autem
1393 4284 1737 4336 occasionem
1765 4282 1892 4337 belli
1925 4297 2110 4338 contra

2219 4282 2355 4349 πρὸς
2410 4281 2585 4349 αὐτὴν
2632 4280 2730 4332 καὶ
2761 4278 2854 4331 τὸν
2890 4278 3026 4341 υἱὸν,
3059 4279 3377 4331 τελευταῖον
3403 4269 3766 4329 συνεϐούλευεν

542 4370 836 4426 Martinum
887 4369 1027 4439 fore,
1086 4382 1198 4427 tum
1247 4373 1393 4443 quod
1450 4373 1676 4430 foederis
1736 4382 1950 4445 tempus
2002 4376 2110 4444 jam

2218 4372 2291 4435 ὡς
2332 4374 2380 4425 εί
2427 4371 2513 4440 εἴη
2541 4370 2765 4423 δυνατὸν
2785 4368 3013 4440 βασιλέα
3050 4370 3225 4441 στόλῳ
3262 4372 3345 4432 είς
3366 4370 3468 4439 τὴν
3496 4366 3625 4419 Χίον
3660 4359 3769 4429 βων

544 4464 871 4531 exspiraret,
907 4473 1019 4518 tum
1049 4466 1195 4531 quod
1233 4467 1567 4537 imperatore
1598 4468 1793 4529 inscio,
1833 4481 2011 4520 arcem
2047 4467 2110 4520 ad

2222 4465 2407 4533 θῆσαι,
2444 4463 2610 4516 αὑτὸν
2654 4462 2725 4515 τὰ
2757 4463 2992 4532 μέγιστα
3033 4460 3100 4515 ἂν
3154 4460 3497 4533 συνάρασθαι
3544 4469 3673 4523 προς
3716 4448 3769 4499 τὸ

540 4554 737 4609 Chium
790 4556 845 4609 vi
878 4556 1275 4626 subjugandam
1310 4569 1641 4612 exstrueret.
1674 4556 1878 4611 Orabat
1929 4566 2108 4610 tamen

2220 4556 2632 4625 ἀνακτήσασθαι
2661 4555 2760 4625 τὴν
2800 4557 2987 4625 νῆσον,
3025 4557 3095 4607 τὰ
3138 4556 3332 4624 πρῶτά
3380 4571 3441 4605 τε
3485 4549 3766 4637 δυνάμενον

542 4645 715 4709 illam,
750 4650 1029 4718 negotium
1066 4648 1220 4717 prius
1276 4649 1645 4720 perpenderet
1685 4648 1996 4716 diligenter,
2047 4662 2110 4703 ne

2220 4651 2373 4719 παρὰ
2408 4651 2562 4713 Χίοις
2611 4648 2983 4710 καὶπολλοὺς
3032 4647 3256 4717 ἑτέρους
3289 4636 3771 4717 προσεταιρισάμε-

542 4741 661 4809 ipse
700 4751 863 4812 caput
927 4751 983 4797 et
1016 4742 1264 4799 fortunas
1295 4760 1423 4797 suas
1458 4744 1511 4796 in
1543 4742 1843 4812 periculum
1878 4743 2110 4798 adduce-

2219 4759 2307 4797 vov
2338 4743 2432 4795 καὶ
2474 4741 2584 4793 τῶν
2615 4740 2787 4809 φίλων
2815 4741 2909 4792 καὶ
2939 4740 3049 4792 τῶν
3088 4738 3392 4807 συγγενῶν.
3419 4733 3572 4790 Εἶναι
3605 4731 3657 4784 δὲ
3684 4723 3768 4779 καὶ

544 4838 649 4895 ret,
681 4830 728 4886 si
766 4832 1069 4901 imperator
1097 4849 1221 4887 cum
1254 4833 1431 4902 capiis
1472 4849 1579 4889 non
1605 4834 1770 4903 justis
1798 4850 1862 4887 eo
1890 4834 2110 4887 adnavi-

2220 4832 2478 4904 ἀφορμὰς
2517 4833 2619 4885 οὐκ
2650 4832 2895 4899 ἀγεννεῖς
2922 4833 3017 4883 τοῦ
3054 4831 3191 4899 πρὸς
3216 4831 3496 4901 Μαρτῖνον
3521 4822 3766 4889 πολέμου,

540 4933 714 4991 garet.
741 4922 857 4979 Sibi
883 4924 1105 4992 quidem
1130 4923 1266 4976 nihil
1300 4937 1421 4978 esse
1446 4923 1706 4991 Optatius,
1737 4939 1897 4994 quam
1916 4923 2110 4979 Chium

2218 4926 2342 4979 τότε
2397 4925 2535 4996 πρὸς
2575 4919 2755 4989 ἔξοδον
2807 4923 2907 4994 ήδη
2962 4919 3103 4975 εἶναι
3152 4921 3253 4983 τὰς
3308 4918 3562 4979 σπονδὰς,
3597 4913 3683 4965 καὶ
3714 4904 3769 4958 τὸ

539 5029 759 5084 quoque
792 5030 899 5069 non
934 5015 1289 5070 mediocriter
1325 5024 1662 5070 Iructuosam
1694 5018 1794 5072 sub
1834 5018 2110 5073 Romano-

2222 5018 2490 5092 βασιλέως
2537 5016 2864 5084 ἀγνοοῦντος
2921 5014 3221 5086 ἀκρόπολιν
3274 5014 3371 5065 ἐπὶ
3422 5009 3502 5080 τῷ
3534 5005 3661 5059 Χίον
3688 4997 3770 5092 βίᾳ

2218 2824 2431 2894 βασιλεῖ
2458 2822 2794 2892 παρέχοντες
2824 2822 2994 2890 αὐτῆς
3044 2824 3224 2891 κυρίῳ
3259 2818 3424 2875 εἶναι.
3465 2817 3578 2871 Τῶν
3608 2826 3755 2866 autv-

2214 2916 2320 2969 δῶν
2363 2914 2421 2967 δὲ
2454 2914 2636 2974 αὐτοῖς
2672 2913 2795 2964 τότε
2842 2911 2978 2981 πρὸς
3007 2911 3186 2975 ἔξοδον
3237 2913 3344 2983 ἢδη
3381 2908 3573 2971 οὐσῶν,
3602 2900 3747 2957 Καλό-

540 5121 663 5160 rum
703 5104 967 5160 ditionem
999 5105 1339 5172 succedere;
1380 5107 1741 5163 nihilominus
1800 5124 1859 5164 se
1888 5111 1993 5165 sibi
2049 5126 2116 5165 ac

539 5198 866 5267 propinquis
917 5200 1034 5253 suis
1064 5200 1397 5267 prospicere.
1449 5200 1505 5256 Si
1555 5216 1791 5273 namque
1832 5218 1920 5257 res
1959 5218 2117 5258 secus

541 5290 852 5353 evenirent,
885 5303 1008 5342 cum
1037 5300 1147 5345 tota
1169 5291 1339 5360 stirpe
1366 5292 1473 5346 vita
1504 5303 1559 5348 et
1612 5293 1962 5349 facultatibus
1984 5309 2117 5349 exu-

540 5393 657 5436 tum
690 5382 781 5446 iri,
810 5396 1008 5451 nempe
1035 5382 1247 5438 Latinis
1270 5386 1692 5441 rescisceutibus
1720 5388 1839 5458 ejus
1878 5387 2117 5457 impulsu

542 5476 933 5543 imperatorem
976 5489 1100 5529 cum
1145 5476 1331 5531 hostili
1391 5479 1565 5532 classe
1624 5479 1939 5534 advenisse.
1987 5478 2116 5533 Ideo

540 5580 710 5633 porro
760 5580 820 5621 se
873 5566 979 5636 ipsi
1019 5579 1145 5623 ante
1185 5584 1379 5625 omnes
1415 5583 1649 5627 mentem
1685 5587 1841 5627 suam
1876 5570 2115 5641 aperire,

540 5655 690 5725 quod
722 5655 1020 5727 imperator
1041 5675 1140 5730 per
1166 5663 1350 5716 omnia
1382 5679 1447 5718 ex
1471 5664 1591 5734 ejus
1628 5663 1840 5735 judicio
1860 5662 2117 5717 arbitrio-

545 5762 660 5815 que
686 5758 910 5805 acturus
938 5741 1191 5808 sitalltec
1226 5755 1388 5808 matri
1423 5755 1600 5825 magni
1655 5754 1943 5810 domestici
1975 5755 2114 5810 clam

542 5837 616 5896 de
639 5840 777 5900 Chio
801 5845 1150 5916 Calotlietus;
1194 5862 1316 5917 quae
1353 5848 1608 5905 stimulos
1636 5849 1685 5905 ei
1717 5848 1955 5921 majores
1985 5850 2117 5907 sub-

2218 5090 2517 5179 κατασχεῖν
2560 5110 2892 5178 οἰκοδομεῖν,
2951 5105 3124 5160 ἐδεῖτό
3154 5123 3216 5158 τε
3264 5103 3440 5170 αὐτῆς
3480 5090 3771 5163 σκέψασθαι

2221 5207 2350 5275 περὶ
2382 5204 2548 5257 αὐτοῦ
2588 5203 2856 5273 πρότερον
2884 5200 3091 5263 καλῶς,
3117 5199 3268 5262 ὅπως
3302 5197 3378 5266 μὴ
3408 5189 3557 5258 αὑτῷ
3585 5180 3770 5283 texi?-

2218 5299 2375 5352 δυνον
2395 5296 2465 5350 τὰ
2509 5296 2812 5364 πράγματα
2844 5293 3111 5364 χωρήσει,
3142 5287 3407 5360 βασιλέως
3437 5284 3498 5337 οὐ
3527 5276 3659 5349 μετὰ
3682 5276 3771 5364 τῆς

2219 5360 2940 5460 προσηκούσηςγδυνάμεως
2967 5360 3086 5437 ἐκεῖ
3123 5381 3393 5442 ἐλθόντος.
3446 5372 3580 5444 Περὶ
3635 5360 3773 5460 πλεί-

2222 5456 2349 5537 στου
2393 5456 2503 5553 μὲν
2548 5456 2661 5551 γὰρ
2707 5478 2985 5532 ποιεῖσθαι
3041 5477 3139 5529 καὶ
3187 5476 3248 5528 τὸ
3298 5472 3434 5526 Χίον
3485 5456 3765 5556 Ῥωμαίοις

2219 5574 2619 5647 προσχωρῆσαι
2664 5570 2939 5642 ὠφέλειαν
2986 5567 3335 5636 παρέξουσαν
3366 5561 3428 5615 οὐ
3459 5558 3557 5626 τὴν
3583 5561 3763 5647 τυχρυῖ

2221 5638 2343 5718 σαν.
2368 5638 2543 5717 ὖὺδὲν
2573 5663 2629 5715 δὲ
2665 5638 2831 5732 ἧττον
2882 5660 2978 5712 καὶ
3031 5654 3230 5711 ἑαυτοῦ
3284 5651 3381 5706 καὶ
3429 5648 3539 5701 τῶν
3565 5638 3766 5732 οίκείιθν

2220 5756 2591 5829 προνοεῖσθαι,
2613 5726 2701 5817 ὡς·
2720 5755 2767 5807 εί
2798 5752 2874 5823 μὴ
2901 5750 3045 5806 κατὰ
3079 5747 3308 5819 γνώμην
3338 5739 3487 5810 αὐτῷ
3514 5736 3581 5829 τᾷ
3610 5726 3775 5829 “Ph:

2224 5811 2372 5921 ματα
2426 5811 2708 5919 χωρήσειῠ,
2768 5811 3104 5916 πανοικεσίᾳ·
3143 5811 3308 5911 διαιρθ
3330 5827 3683 5905 αρησομένου,
3734 5811 3780 5867 ει
