4016 6462
334 448 452 514 »ΕΠ

1502 450 2047 515 HISTORIARUM
2077 450 2312 512 LIBER
2352 451 2432 513 1f.

3497 448 3611 512 ιτε

347 565 649 637 κατάδηλον
678 564 888 635 γένοιτο
933 565 1207 630 Λατίνοις,
1243 567 1326 620 ὅτι
1360 566 1528 620 αὑτοῦ
1586 568 1899 638 πράττοντα

2021 566 2173 637 jecit,
2194 567 2511 636 bonumque
2538 572 2592 620 et
2614 564 2751 621 utile
2776 570 2887 618 tum
2916 560 3181 619 Romanis
3238 570 3349 616 tum
3378 562 3607 618 sibimet

350 661 788 730 ἐπεστράτευσεν
849 661 1034 723 αὐτοῖς
1094 660 1120 713 ό
1180 661 1454 731 βασιλεύς.
1505 655 1582 714 Ob
1638 661 1702 730 δὴ
1754 660 1921 713 ἕνεκα

353 753 495 824 αὐτῇ
548 754 650 823 τήν
708 752 936 822 γνώμην
968 753 1251 807 ἀναθεῖναι
1307 754 1502 823 πρώτῃ
1542 752 1619 814 ὡς
1680 752 1822 806 ἆττα
1853 750 1922 804 ἂν

353 846 496 916 αὐτῇ
536 846 967 917 δοκοίη,ἐκείνου
1003 847 1468 916 διαπραξρμένου.
1526 845 1764 898 Τοιαῦτα
1818 843 1918 912 μὲν

349 939 380 990 ό
434 937 744 999 Καλόθετος
792 942 861 1009 τῇ
902 938 1077 1009 μητρί
1133 939 1227 991 τοῦ
1293 937 1534 1008 μεγάλου
1591 934 1918 1005 δομεστίκου

348 1028 539 1098 κρύφα
571 1030 699 1101 περί
745 1027 874 1083 Χίου
908 1030 1199 1100 διειλέχθηο
1232 1031 1265 1099 ἡ
1289 1030 1344 1082 δὲ
1376 1028 1656 1100 ἐπέρῤωσέ
1685 1045 1744 1081 τε
1780 1026 1935 1119 μᾶλ-Ι

347 1119 440 1172 λον
497 1119 636 1188 πρὸς
671 1121 734 1174 τὺ
783 1121 946 1191 ἔργον
991 1120 1177 1185 αὐτὸν,
1212 1120 1307 1173 καί
1342 1119 1524 1181 καλῶς
1570 1119 1778 1187 ἔφασκε
1820 1121 1916 1172 καὶ

340 1210 768 1276 λυσιτελούντως
823 1212 1213 1282 βεὸουλεῦσθαι
1274 1213 1369 1266 καὶ
1438 1209 1734 1279 Ῥωμαίοις
1818 1211 1913 1264 καὶ

339 1300 544 1369 ἐαυτῷ.
601 1302 756 1356 Ἐπεὶ
807 1302 864 1356 δὲ
900 1304 1043 1374 αὐτῇ
1084 1301 1180 1373 τὴν
1212 1302 1415 1372 πρᾶξιν
1443 1302 1672 1373 ἀναθείη
1719 1302 1914 1374 πρώτῃ

336 1392 428 1444 διὰ
478 1393 582 1460 τὴν
639 1394 871 1463 ἀρχαίαν
929 1394 1242 1464 οἰκειότητα
1293 1388 1413 1446 καῖ’
1442 1395 1540 1465 τὴν
1596 1392 1810 1447 εὔνοιαν
1843 1394 1912 1464 ἦν

333 1482 575 1553 ἔσχηκεν
632 1485 699 1537 ἐκ
753 1485 986 1539 παλαιοῦ
1047 1486 1187 1550 πρὸς
1246 1485 1421 1553 αὐτὴν
1455 1486 1551 1538 καὶ
1600 1483 1735 1550 υἱὸν,
1768 1484 1908 1552 αὐτὴ

333 1577 432 1629 καὶ
471 1577 837 1646 διαπράξεται
873 1577 1023 1637 ὅπως
1067 1578 1267 1645 ἄριστα
1315 1576 1466 1646 αὐτῷ
1512 1575 1646 1643 ἕξει.
1692 1575 1906 1647 Ἐκείνη

337 1668 435 1736 μὲν
467 1668 562 1721 οὖν
613 1669 840 1722 τοιαῦτα
873 1666 1017 1722 sim-2'
1054 1669 1323 1740 πέμψασα
1377 1669 1433 1722 δὲ
1484 1671 1550 1721 ἐκ
1607 1668 1905 1733 Βυζαντίου

334 1758 566 1824 βασιλέα
616 1761 710 1814 καὶ
750 1760 842 1814 τὸν
882 1761 997 1815 υἱὸν
1041 1762 1119 1824 εἰς
1150 1760 1536 1831 Διδυμότειχον
1589 1760 1795 1823 ἐκάλει,
1830 1763 1907 1824 ὡς

2028 673 2249 728 quoque
2282 658 2568 712 consilium
2602 656 2818 711 dedisse
2844 654 3156 710 afﬁrmavit.
3194 654 3263 709 Et
3294 653 3422 724 quia
3445 654 3511 708 ad
3539 669 3600 708 se

2025 751 2266 821 primum
2306 763 2407 819 pro
2433 749 2653 817 antiqua
2687 747 3058 802 familiaritate
3112 761 3176 800 ac
3205 745 3599 817 benevolentia

2023 858 2147 912 qua:
2173 842 2253 896 illi
2287 857 2496 906 secum,
2544 826 2754 896 et‘cum
2787 840 2900 896 ﬁlio
2943 839 3071 913 inde
3101 854 3132 892 a
3166 838 3468 910 majoribus
3507 839 3597 893 in-

2023 931 2389 995 tercessisset,
2430 929 2778 985 referendum
2825 929 3148 1000 putavisset,
3179 943 3238 983 se
3266 942 3379 981 rem
3402 942 3598 997 quam-

2021 1023 2227 1092 optimc
2274 1024 2668 1079 confecturam.
2706 1023 2831 1078 Hrec
2875 1022 2987 1076 illa.
3030 1020 3159 1075 lude
3204 1020 3594 1089 imperatorem

2018 1123 2075 1168 et
2108 1114 2277 1167 ﬁlium
2312 1115 2570 1186 Byzantio
2598 1114 3064 1184 Didymotichum,
3097 1111 3243 1166 utde
3264 1110 3594 1166 necessariis

2017 1204 2343 1273 quibusdam
2364 1221 2487 1259 cum
2520 1204 2653 1271 ipsis
2677 1200 2887 1270 actura,
2913 1204 3181 1269 accersit;
3211 1203 3446 1272 quizmox
3471 1202 3594 1258 aliis

2016 1295 2370 1364 posthabitis,
2412 1296 2468 1350 in
2514 1296 2663 1350 viam
2723 1311 2781 1349 se
2832 1295 3123 1350 dederunt.
3164 1294 3365 1349 Audita
3420 1309 3590 1349 causa

2016 1388 2086 1443 ob
2107 1404 2270 1458 quam
2302 1396 2486 1442 essent
2512 1386 2748 1451 evocati,
2785 1387 3028 1441 laetitiam
3066 1396 3333 1455 ceperunt
3360 1386 3591 1439 bellum-

2013 1493 2121 1548 que
2173 1494 2273 1547 pro
2315 1476 2452 1533 Chio
2487 1486 2546 1532 ut
2596 1492 2711 1531 rem
2748 1477 3004 1547 przccipui
3039 1477 3300 1531 momenti
3339 1483 3590 1545 prompte

2014 1569 2444 1639 comparandum
2477 1570 2864 1624 decreverunt.
2897 1569 3151 1623 Accitum
3174 1570 3408 1637 quoque
3428 1567 3588 1623 Calo-

2012 1663 2223 1715 tltetum
2279 1661 2464 1717 verbis
2510 1660 2827 1715 efﬁcacibus
2885 1660 2939 1714 in
2977 1659 3261 1729 proposito
3300 1658 3595 1713 conﬁrmed

2011 1762 2159 1816 runt,
2186 1762 2242 1808 et
2288 1769 2389 1823 pro
2431 1753 2697 1824 dignitate
2723 1766 2821 1806 sua
2870 1751 3187 1805 humaniter
3204 1760 3586 1815 munerarunt;

334 1852 654 1919 ἀναγκαίων
703 1853 834 1923 πέρι
873 1854 1250 1924 διαλεξομένη.
1286 1830 1360 1907 VO!
1400 1856 1446 1908 δ’
1480 1853 1643 1916 εὐθὺς
1676 1854 1784 1908 τῶν
1815 1855 1899 1909 ἄλ-

2016 1845 2270 1915 datisque
2297 1846 2603 1915 promissis,
2649 1860 2708 1901 se
2748 1845 2851 1915 ipsi
2898 1853 2954 1899 et
2981 1844 3169 1914 generi
3200 1858 3300 1898 suo
3329 1830 3588 1899 benefac-

333 1918 463 1995 λων
510 1918 911 2014 ἀμελήσαντες,
962 1918 1175 2017 silicum
1217 1918 1339 2001 όδοῦ
1365 1964 1380 1981 ·
1419 1948 1704 2018 γενόμενοι
1754 1948 1810 2000 δὲ
1849 1949 1899 2000 ἐν

2015 1940 2187 1997 turos,
2227 1931 2423 1986 Chium
2454 1932 2803 1997 dimiserunt,
2838 1940 2899 1986 ut
2939 1933 3140 2002 quibus
3173 1947 3314 2003 opus
3349 1933 3491 1987 foret
3517 1934 3585 1988 ad

328 2036 739 2108 Διδυμοτείχῳ,
792 2039 917 2092 ἐπεὶ
971 2039 1236 2093 ἐπύθοντο
1295 2041 1426 2106 περὶ
1476 2035 1552 2094 ὧν
1609 2042 1904 2105 καλοῖντο»,

292 2203 299 2209 _
332 2129 518 2198 ήδέως
549 2146 608 2182 τε
638 2130 889 2195 ἐδέξαντο
927 2133 1055 2195 τοὺς
1103 2132 1320 2200 λόγους,
1353 2132 1451 2186 καὶ
1484 2133 1658 2185 ἐδόκει
1686 2132 1797 2185 δεῖν
1832 2133 1910 2195 ὡς

327 2222 464 2290 περὶ
496 2223 804 2290 ἀναγκαίου
831 2225 928 2294 τῆς
959 2225 1091 2277 Χίου
1120 2225 1650 2296 παρασκευάζεσθαι
1676 2229 1744 2279 τὰ
1771 2225 1908 2295 πρὸς

327 2317 423 2368 τὸν
478 2315 719 2386 πόλεμον
782 2316 1103 2386 προθύμως.
1164 2318 1269 2371 Τόν
1321 2336 1382 2372 τε
1427 2319 1736 2373 Καλόθετον
1797 2316 1906 2389 ἰδίᾳ

334 2404 861 2474 μετακαλεσάμενοι,
895 2405 1155 2475 ἑκάτερος
1187 2405 1369 2458 αὐτῶν
1412 2406 1594 2474 λόγοις
1636 2423 1695 2458 τε
1740 2405 1908 2477 ἐπέρ-

334 2498 524 2565 ῥωσαν
555 2495 690 2562 πρὸς
724 2496 785 2548 τὸ
817 2495 980 2567 ἔργον
1026 2497 1362 2565 ἐπαγωγοῖς,
1396 2500 1492 2551 καί
1524 2499 1719 2565 δώροις
1752 2498 1903 2566 φιλοι

334 2587 741 2655 φρονησάμενοι
766 2587 931 2652 ἀξίως
968 2587 1208 2651 ἑαυτῶν,
1241 2588 1321 2642 ἔτι
1354 2588 1410 2642 δέ
1440 2588 1906 2660 ἐπαγγειλάμενοι

336 2676 501 2730 αὐτόν
541 2695 605 2729 τε
651 2681 747 2732 καὶ
783 2679 946 2747 γένος
994 2674 1054 2732 εὖ
1091 2679 1361 2751 ποιήσειν,
1390 2679 1723 2755 ’ἐξέπεμψαν
1769 2680 1905 2750 πρὸς

341 2768 468 2822 Χίον
512 2769 586 2833 ὡς
627 2765 701 2823 ὧν
737 2770 805 2824 ἂν
837 2772 1013 2826 δέοιτο
1043 2775 1605 2844 παρασκευασάμενον
1667 2776 1800 2845 πρὸς
1844 2776 1907 2828 τδ

351 2857 606 2921 Λατίνοις,
640 2859 711 2929 ἢν
747 2860 861 2931 δέῃ,
900 2863 1212 2918 ἐπιθέσθαι.
1261 2864 1432 2918 Αὐτοὶ
1489 2866 1545 2920 δὲ
1585 2867 1666 2929 εἰς
1699 2865 1907 2929 Βυζάν-

348 2963 457 3000 τιον
504 2949 1031 3020 ἰπαναστρέψαντες,
1083 2955 1328 3024 τριήρεις
1390 2972 1449 3008 τε
1528 2956 1907 3025 ἐναυπηγοῦν-

339 3050 420 3099 το,
478 3037 571 3089 καὶ
627 3039 799 3091 τᾶλλα
869 3043 1347 3110 παρεσκευάζοντο
1401 3045 1475 3107 ὡς
1507 3044 1903 3113 πλευσούμενοι

332 3128 391 3189 ἐς
451 3128 601 3184 Χίον.
654 3131 1052 3203 Σκεπτομένοις
1103 3135 1162 3189 δὲ
1219 3136 1403 3198 αὐτοῖς
1447 3136 1643 3205 ἥντινα
1682 3137 1901 3202 ἐξέσται

2008 2022 2236 2079 Latinos
2288 2024 2343 2078 in
2401 2033 2647 2093 tempore
2696 2024 3039 2079 adoriundos
3079 2033 3442 2094 praepararet;
3483 2025 3586 2094 ipsi

2008 2111 2328 2184 Byzantium
2361 2114 2590 2179 reversi,
2640 2116 2893 2171 triremes
2925 2115 3276 2171 fabricandos
3306 2115 3581 2179 locarunt,

2007 2217 2064 2264 et
2102 2218 2298 2267 caetera
2345 2222 2602 2281 tanquam
2654 2213 2852 2269 Chium
2889 2213 3192 2284 navigaturi
3220 2220 3578 2268 curaverunt.

2008 2301 2146 2356 Dum
2206 2318 2338 2357 vero
2369 2304 2885 2374 circumspicerent,
2925 2315 2981 2359 et
3021 2305 3315 2359 honestum
3358 2304 3585 2374 aliquod

2010 2396 2138 2451 belli
2168 2399 2505 2470 principium
2552 2408 2884 2478 quaererent,
2929 2415 3161 2471 magnus
3206 2399 3372 2470 229
3397 2400 3587 2456 dome-

2007 2489 2200 2554 sticus,
2254 2491 2508 2547 triremes
2562 2501 2619 2546 et
2674 2506 2825 2546 arma
2868 2492 3177 2547 necessaria
3205 2490 3580 2559 conﬁcienda,

2007 2583 2333 2654 copiamque
2380 2585 2652 2651 navalem,
2687 2595 2745 2639 et
2769 2585 2952 2655 gravis
2992 2595 3286 2641 armaturae
3325 2585 3581 2652 militem,

2006 2673 2100 2742 qui
2133 2675 2562 2739 conscenderet,
2608 2675 2981 2747 colligendum
3015 2676 3307 2732 suadebat.
3340 2678 3409 2730 Et
3447 2692 3584 2747 quo-

2007 2767 2152 2820 niam
2185 2766 2411 2823 foederis
2445 2783 2571 2823 cum
2597 2767 2830 2823 Martino
2863 2769 3135 2824 terminus
3163 2769 3400 2834 adesset,
3437 2771 3583 2838 ipse-

2005 2872 2113 2926 que
2141 2859 2455 2915 inconsulto
2491 2860 2826 2930 imperatore
2853 2875 3038 2916 arcem
3071 2860 3141 2915 ad
3194 2859 3433 2917 insulam
3471 2876 3586 2916 ser-

2006 2951 2176 3004 vitute
2210 2951 2630 3020 opprimendam
2682 2951 3075 3019 exmdiﬁcaret,
3130 2953 3452 3008 mandatum
3501 2954 3582 3009 illi

2004 3041 2357 3109 mittendum,
2389 3058 2501 3112 quo
2528 3053 2642 3097 tum
2684 3043 2754 3098 de
2805 3043 2951 3099 facto
2995 3045 3366 3110 incusaretur,
3396 3053 3455 3100 et
3481 3060 3581 3101 ex-

1998 3131 2306 3187 structione
2325 3131 2598 3202 desistere
2612 3131 2936 3201 iuberetur;
2959 3141 3072 3187 tum
3094 3131 3140 3185 si
3162 3131 3270 3186 find
3280 3146 3344 3187 us
3370 3146 3577 3185 novum

329 3218 425 3272 τοῦ
458 3220 702 3290 πολέμου
760 3225 1126 3295 εὐπρόσωπον
1180 3228 1354 3299 ἀρχὴν
1408 3229 1617 3292 λαϐεῖν,
1653 3231 1681 3281 ό
1724 3229 1899 3299 μέγας

2007 3231 2256 3292 cuperet,
2287 3223 2470 3293 priore
2499 3224 2610 3294 jam
2642 3232 2859 3290 exacto,
2892 3224 3216 3294 Byzantium
3245 3225 3435 3278 venire
3459 3238 3578 3277 mo-

322 3311 649 3382 ὼμέττικος
694 3316 1050 3370 συνεϐούλευε
1101 3320 1202 3383 τὰς
1251 3321 1355 3390 μὲν
1394 3324 1644 3391 τριήρεις
1688 3337 1901 3389 ναυπη-

322 3401 563 3468 γεῖσθαι,
595 3402 781 3460 καὶτὰ
819 3403 960 3457 ὅπλα
998 3400 1074 3459 ὧν
1105 3408 1316 3462 δέονται
1344 3409 1897 3479 παρασκευάζεσθαι,

324 3495 420 3547 καὶ
465 3495 720 3549 ναυτικὸν
764 3496 1049 3569 συλλέγειν
1096 3499 1148 3552 οῖ
1190 3492 1567 3571 ἐπιϐήσονται,
1598 3501 1705 3554 καὶ*
1737 3500 1898 3553 ὁπλί-

324 3603 447 3648 τας.
496 3586 649 3640 Ἐπεὶ
686 3587 743 3641 δὲ
785 3589 846 3642 αῖ
886 3606 948 3643 τε
999 3592 1226 3645 σπονδαὶ
1255 3592 1333 3661 τῷ
1360 3594 1625 3664 Μαρτίμρ
1650 3595 1706 3645 ἐν
1732 3592 1898 3662 ἐξόδῳ

319 3677 468 3730 εἰσὶν
506 3677 628 3748 ἤδη,
680 3681 775 3732 καὶ
822 3680 1001 3752 ἄκραν
1049 3682 1320 3751 βασιλέως
1365 3684 1442 3752 μὴ
1492 3684 1895 3755 ἐπιτρέψαντος

316 3764 605 3833 οἰκοδομεῖ
670 3766 762 3819 ἐπὶ
813 3767 893 3837 τῷ
958 3768 1473 3823 καταδουλώσασθαι
1546 3773 1647 3841 τὴν
1710 3772 1893 3841 νῆσον,

319 3856 663 3926 πρόσταγμα
718 3857 854 3928 πρὸς
904 3859 1118 3913 ἐκεῖνον
1165 3860 1334 3913 αὐτοῦ
1387 3861 1732 3931 πεμφθῆναι,
1776 3861 1896 3931 ἅμα

322 3948 424 4013 μὲν
474 3946 638 3998 αὐτὸν
692 3949 1024 4018 αἰτιωμένου
1082 3949 1157 4013 ὡς
1215 3950 1316 4021 τήν
1366 3951 1545 4021 ἄκραν
1596 3952 1762 4006 αὑτοῦ
1817 3954 1893 4023 μὴ

316 4041 626 4104 συνειδότος
660 4042 996 4115 οἰκοδομοίη,
1039 4043 1355 4109 κελεύοντός
1392 4063 1455 4099 τε
1487 4047 1550 4100 τὸ
1580 4049 1893 4118 οἰκοδομεῖν

315 4128 437 4198 ἐᾷν,
471 4130 565 4183 καὶ
598 4131 906 4202 περαιτέρω
940 4131 1015 4203 μή
1047 4134 1366 4204 προϐαίνειν
1386 4152 1401 4167 ⁸
1438 4136 1557 4207 ἅμα
1583 4139 1640 4191 δὲ
1666 4139 1762 4192 καὶ
1793 4140 1892 4202 τὰς

316 4215 557 4278 σπονδάς
606 4217 682 4281 ὡς
712 4220 763 4272 εί
788 4218 1035 4289 βούλοιτο
1086 4223 1283 4292 ἐτέρας
1320 4224 1515 4279 θέσθάι
1565 4227 1677 4279 τῶν
1710 4227 1893 4280 οὐσῶν

312 4303 420 4373 ήδη
476 4303 806 4373 ἐξηκουσῶν,
869 4307 950 4367 εἰς
1006 4307 1305 4373 Βυζάντιον
1381 4310 1560 4365 ἐλθεῖν
1589 4323 1604 4343 ⁸
1635 4312 1740 4366 κᾶν
1791 4313 1893 4383 μὲν

312 4394 599 4463 παύσηταί
627 4411 686 4448 τε
716 4396 1039 4468 οἰκοδομεῖν,
1074 4401 1168 4453 καὶ
1195 4401 1489 4471 γενόμενος
1514 4404 1572 4456 ἐν
1606 4404 1890 4472 Βυζαντίῳ

311 4486 449 4554 περὶ
483 4486 685 4557 ἐτέρων
710 4487 882 4541 δέοιτο
924 4491 1190 4554 σπονδῶν,
1219 4493 1248 4546 ὃ
1273 4509 1328 4545 τι
1371 4491 1439 4547 ἂν
1481 4495 1570 4564 εἴη
1611 4495 1892 4565 σκεψαμέ-

2008 3323 2254 3370 neretur.
2307 3315 2362 3371 Si
2397 3315 2672 3371 aediﬁcare
2703 3316 2949 3380 cessarit,
2977 3325 3035 3371 et
3078 3315 3400 3386 Byzantium
3437 3330 3574 3385 pro-

1982 3406 2199 3470 .fectus,
2259 3416 2418 3476 pacta
2475 3417 2745 3463 conventa
2782 3422 2924 3462 nova
2968 3410 3262 3478 rogaverit,
3312 3408 3462 3477 quod
3514 3423 3577 3463 re

1999 3499 2346 3555 considerata
2377 3500 2574 3555 melius
2597 3499 2934 3565 censebitur,
2967 3513 3025 3554 se
3057 3499 3322 3554 facturos.
3354 3499 3573 3554 Etenim

1999 3591 2323 3661 autjustum
2345 3606 2491 3656 esse,
2519 3608 2628 3646 non
2652 3591 2762 3661 pati
2791 3589 2860 3645 de
2889 3582 3089 3646 caetero
3111 3590 3406 3645 Martinum
3433 3591 3573 3646 Chio

1934 3689 1940 3695 ”
1996 3682 2291 3750 imperare,
2325 3683 2421 3736 sed
2450 3682 2557 3736 alio
2585 3682 2749 3737 modo
2778 3682 2846 3736 de
2880 3682 2975 3736 illo
3000 3682 3141 3737 bene
3172 3682 3394 3748 mereri,
3424 3683 3575 3737 insu-

1995 3773 2216 3843 lamque
2262 3774 2527 3829 Romanis
2561 3790 2754 3844 parere
2787 3793 2801 3830 :
2837 3784 2933 3830 aut
2984 3773 3166 3831 foedus
3215 3790 3326 3829 non
3379 3775 3433 3828 in
3480 3789 3577 3830 eas

1970 3864 2365 3931 conditiones,
2403 3865 2459 3919 in
2489 3880 2627 3934 quas
2652 3873 2838 3930 antea,
2872 3865 2968 3921 sed
3008 3865 3212 3935 quibus
3239 3864 3372 3934 ipsis
3395 3864 3575 3920 libue-

1994 3954 2087 4017 rit,
2114 3955 2436 4022 ineundum,
2459 3972 2665 4027 nempe
2696 3966 2756 4011 ut
2792 3957 3062 4013 Martinus
3094 3972 3314 4013 rursum
3338 3957 3404 4012 ad
3439 3967 3578 4011 tem-

1993 4060 2097 4116 pus
2122 4056 2336 4101 ecrtum
2364 4047 2548 4115 prtesit
2576 4064 2591 4101 :
2622 4056 2678 4102 et
2707 4047 2752 4102 si
2775 4063 2956 4118 neque
2981 4049 3255 4104 aediﬁcare
3277 4049 3575 4113 destiterit,

1991 4154 2173 4209 neque
2201 4139 2404 4195 foedera
2439 4154 2580 4194 nova
2611 4138 2913 4209 quaesierit,
2944 4154 3009 4194 ac
3034 4139 3080 4194 si
3102 4141 3215 4210 jam
3246 4140 3405 4194 ﬁrma
3432 4139 3576 4195 διιεῖ

1992 4240 2049 4286 et
2080 4231 2295 4285 stabilis
2326 4230 2520 4285 insulae
2573 4231 2874 4300 possessio,
2939 4240 3054 4285 tum
3088 4220 3372 4286 instructis
3406 4230 3571 4285 trire-

1964 4360 1967 4363 -
1992 4321 2175 4377 mibus
2201 4321 2382 4391 primo
2412 4334 2632 4390 quoque
2660 4329 2906 4388 tempore
2933 4319 3064 4374 illuc
3088 4320 3569 4386 contendendum;

1991 4412 2402 4482 mittendasque
2431 4413 2659 4482 insuper
2688 4412 2922 4476 litteras,
2953 4426 3076 4481 quae
3115 4410 3284 4465 Chios
3310 4410 3368 4465 in
3397 4409 3571 4466 aedili-

1991 4505 2169 4559 cando
2212 4518 2442 4573 pergere
2466 4513 2671 4569 vetent,
2705 4511 2766 4558 ut
2810 4502 2919 4557 hac
2947 4502 3169 4557 ratione
3220 4509 3317 4556 aut
3363 4501 3572 4556 invitus

309 4595 429 4640 νοις
460 4579 669 4650 βέλτιον
719 4583 916 4637 ποιεῖν.
955 4583 1028 4635 Ἦ
1070 4583 1181 4652 γὰρ
1210 4584 1408 4653 μηκέτι
1447 4585 1583 4640 Χίου
1607 4588 1887 4657 Μαρτῖνον

1998 4593 2231 4659 desinat,
2269 4594 2337 4649 ab
2370 4594 2556 4664 operis
2584 4594 2871 4661 desertus;
2905 4606 3003 4650 aut
3033 4596 3081 4650 si
3115 4594 3281 4649 etiam
3315 4594 3570 4649 nolentes

307 4670 509 4740 ἄρχειν
555 4671 764 4724 δίκαιον
796 4673 917 4743 ἐᾷν,
946 4672 1062 4727 ἀλλ’
1091 4673 1285 4745 ἕτερον
1322 4677 1524 4746 τρόπον
1568 4677 1628 4730 εὖ
1664 4680 1839 4732 ποιεῖν
1865 4695 1881 4711 ο

250 4816 255 4819 λ
305 4762 416 4832 τὴν
443 4762 607 4832 νῆσον
648 4764 707 4818 δέ
729 4765 925 4818 στελεῖν
961 4765 1066 4819 ὑπὸ
1105 4767 1492 4839 ⁹Ρωμαίους,ή
1535 4771 1771 4834 σπονδὰς
1820 4771 1882 4824 οὐ

306 4853 460 4908 κατὰ
494 4855 597 4918 τὰς
642 4857 937 4925 προτέρας,
979 4858 1095 4912 ἀλλ’
1136 4856 1341 4941 ἐφξοίς
1366 4860 1432 4914 ἂν
1461 4862 1645 4925 αὐτοῖς
1674 4862 1884 4933 βέλτιον

303 4945 495 5016 δοκοίη
529 4946 798 5013 τίθεσθαι,
825 4947 968 5001 ὥστε
1022 4945 1181 5014 αὖθις
1214 4952 1493 5021 Μαρτῖνον
1518 4953 1652 5007 Χίου
1691 4954 1885 5026 ἄρχειν

304 5033 407 5086 ἐπὶ
466 5034 661 5104 χρόνον
717 5037 841 5091 τινὰ
900 5039 1066 5109 ῥητόν
1098 5057 1111 5071 ·
1161 5039 1257 5094 ἐὰν
1320 5041 1378 5095 δὲ
1437 5043 1578 5114 μήτε
1641 5046 1883 5115 παύηται

305 5125 634 5195 οἰκοδομῶν,
668 5129 914 5183 σπονδῶν
957 5147 1018 5183 τε
1070 5133 1147 5202 μὴ
1199 5133 1373 5188 δέοιτο
1403 5136 1630 5207 ἐτέρων,
1665 5136 1741 5201 ὡς
1778 5139 1878 5209 ήδη

308 5217 547 5287 βεϐαίως
570 5219 670 5290 τῆς
706 5222 872 5291 νήσου
911 5224 1200 5297 ἐχομένης,
1246 5230 1371 5282 τότε
1418 5233 1878 5302 παρεσκευασμέ-

306 5327 418 5364 νων
464 5311 577 5364 τῶν
613 5313 887 5382 τριήρεων
931 5316 1128 5383 οὐσῶν,
1152 5319 1256 5387 τὴν
1287 5319 1552 5391 ταχίστην
1582 5322 1837 5376 ἐπιπλεῖν
1859 5341 1874 5356 ο

302 5402 552 5469 πέμπειν
578 5402 637 5455 δὲ
673 5408 768 5457 καὶ
799 5405 965 5476 ἔτερα
1013 5409 1325 5479 γράμματα
1364 5412 1543 5477 Χίοις,
1577 5415 1877 5469 κελεύοντα
1930 5440 1933 5445 ·

305 5496 403 5546 καὶ
430 5496 614 5558 αὐτοῖς
637 5496 976 5566 ἀποσχέσθαι
1007 5498 1102 5552 τοῦ
1132 5503 1458 5571 οἰκοδομεῖν,
1479 5506 1554 5569 ὡς
1585 5506 1618 5578 ἢ
1648 5508 1878 5562 παύοιτο

302 5588 405 5639 καὶ
422 5586 572 5640 ἄκων
594 5588 696 5641 οὐκ
714 5586 854 5657 ἔχων
875 5590 1003 5652 τοὺς
1026 5593 1475 5663 συναιρομένους,
1498 5597 1529 5666 ἦ
1556 5599 1605 5650 εἰ
1633 5598 1878 5668 βιάζοιτο

300 5680 395 5729 καὶ
445 5677 703 5744 ἄκοντας,
756 5680 957 5748 μᾶλλον
999 5683 1441 5752 ἐκπολεμωθεῖεν
1491 5690 1630 5758 πρὸς
1684 5691 1873 5745 αὐτόν.

298 5769 459 5823 Οὕτω
512 5769 967 5841 βουλευσαμένοις
1001 5775 1175 5837 ἐδόκει
1221 5778 1336 5833 δεῖν
1367 5780 1435 5833 τά
1473 5798 1533 5833 τε
1564 5783 1872 5852 γράμματα

296 5864 385 5925 εἰς
447 5861 582 5915 Χίον
637 5862 894 5932 πέμπειν,
948 5869 1042 5920 καὶ
1097 5870 1350 5943 τριήρεις
1421 5873 1518 5936 τάς
1589 5891 1647 5927 τε
1706 5875 1874 5940 οὔσας

1991 4689 2255 4757 coegerit,
2287 4687 2394 4742 sibi
2440 4686 2776 4744 infensiores
2801 4689 3018 4743 reddat.
3054 4689 3245 4759 Itaque
3274 4688 3570 4743 consilium

1989 4786 2274 4850 ceperunt,
2304 4788 2364 4834 ut
2394 4778 2549 4834 Chiis
2577 4781 2911 4846 scriberent,
2944 4790 3002 4837 et
3034 4796 3156 4852 qua:
3196 4791 3383 4837 essent
3408 4795 3571 4850 para-

1990 4879 2061 4927 tae
2113 4872 2390 4938 triremes,
2432 4887 2528 4928 eas
2569 4884 2872 4937 armarent,
2897 4874 3144 4944 aliasque
3190 4888 3361 4928 novas
3400 4873 3571 4929 addc-

1986 4970 2132 5015 rent.
2161 4960 2241 5016 Ac
2267 4960 2497 5030 epistola
2525 4962 2749 5031 quidem
2781 4962 3129 5032 imperatoris
3166 4964 3407 5018 Martino
3439 4964 3570 5018 red~

1987 5054 2101 5108 dita
2156 5053 2362 5107 frustra
2391 5052 2529 5108 fuit:
2560 5069 2624 5109 ea
2655 5055 2930 5125 siquidem
2987 5056 3150 5122 lecta,
3198 5058 3353 5127 operi
3387 5056 3565 5127 magis

1986 5144 2204 5210 institit,
2232 5160 2445 5202 summa
2485 5161 2590 5217 ope
2635 5148 2854 5203 enitens
2918 5160 2980 5204 ut
3011 5165 3109 5204 arx
3143 5150 3564 5217 absolveretur;

1984 5247 2040 5292 et
2070 5246 2130 5292 ut
2155 5238 2358 5308 quibus
2388 5250 2534 5294 esset
2566 5254 2727 5309 opus,
2760 5240 2830 5296 iis
2861 5240 3158 5296 adventum
3187 5242 3563 5311 imperatoris,

1983 5344 2148 5398 quem
2168 5329 2280 5400 jam
2305 5330 2618 5400 suspicione
2647 5341 2704 5386 et
2749 5330 2867 5401 ipse
2898 5331 3272 5402 praecipiebat,
3303 5340 3561 5388 antever-

1986 5426 2144 5473 teret.
2170 5418 2503 5475 Benedictus
2525 5435 2694 5491 porro
2725 5435 2851 5476 cum
2884 5420 3119 5477 Martino
3138 5419 3306 5476 fratre
3338 5421 3561 5489 litigans

1983 5511 2053 5565 de
2094 5526 2192 5566 sex
2219 5526 2514 5567 aureorum
2547 5511 2811 5577 millibus,
2848 5527 2971 5583 quae
3007 5512 3110 5567 sibi
3145 5512 3198 5566 in
3230 5524 3406 5564 annos
3440 5510 3560 5565 sin-

1980 5603 2138 5673 gulos
2160 5604 2510 5660 haereditario
2544 5605 2671 5677 jure
2703 5604 2771 5661 de
2801 5605 3038 5676 publicis
3069 5603 3430 5672 vectigalibus
3457 5602 3565 5657 de-

1982 5696 2273 5759 bebantur,
2309 5698 2623 5767 quibusque
2661 5697 2731 5753 ab
2773 5697 2971 5753 eodem
3003 5696 3288 5749 fraudatus
3319 5704 3459 5761 erat,
3487 5693 3557 5748 ad

1980 5785 2371 5856 imperatorem
2412 5804 2471 5843 se
2496 5789 2756 5854 contulit,
2792 5788 2979 5842 fratris
3011 5785 3361 5857 iniquitatem
3393 5800 3563 5841 accu-

1979 5895 2106 5934 satis
2164 5890 2217 5935 et
2272 5863 2842 5950 assilittmsﬁagitan:
2877 5896 2890 5933 :
2926 5877 3056 5949 quin
3113 5877 3279 5934 etiam
3338 5875 3565 5934 litteras
