4016 6424
345 339 442 406 481

1497 308 2044 381 HISTORIAIIUM
2084 308 2317 372 LIBER
2360 309 2382 370 Ι
2394 308 2436 367 Ι.

3498 298 3609 369 482

343 452 686 515 ὀκτακοσίοις
731 448 829 513 οὓς
866 443 1004 517 εἷχε,
1054 441 1398 516 φραξάμενοι
1445 438 1681 510 ἀνῆλθον
1734 435 1817 499 είς
1851 432 1922 486 τὰ

2041 428 2338 500 igebantur
2367 446 2379 481 :
2407 422 2566 496 quasi
2597 421 2779 478 insula
2804 420 2874 477 ab
2898 434 2965 476 eo
2991 428 3143 476 certo
3166 418 3278 491 jam
3307 419 3602 490 acquisita,

343 550 523 618 τείχη.
554 546 630 608 ὡς
658 540 1029 613 ἀμυνούμενοι
1073 535 1300 590 ἐπιόντα
1327 531 1577 604 βασιλέα.
1623 528 1766 597 Ἤδη
1813 524 1924 618 γάρ

276 636 288 648 ’
346 615 666 695 ἀνθίσταντο
734 630 1056 701 ἀναφανδόν.
1120 629 1229 681 Καὶ
1300 624 1423 679 οὺδέ
1498 620 1742 693 σημαίας
1825 615 1925 679 τὰς

350 729 634 804 βασιλικὰς
672 726 916 795 ἠξίωσαν
962 720 1258 790 ἁναἾαγεῖν
1290 719 1384 772 ἐπὶ
1421 719 1492 770 τά
1526 715 1709 804 τείχη,
1732 711 1924 804 ώσπερ

347 802 413 896 ἦν
463 823 611 887 ἔθος,
664 819 803 874 ἀλλά
858 816 956 879 τὰς
1015 811 1297 883 Μαρτίνου
1332 808 1522 880 μόνας,
1562 805 1639 867 ώς
1691 802 1926 873 βεϐαίως

348 918 447 989 ήδη
480 915 582 984 τῆς
637 911 814 981 νήσου·
865 907 1161 979 ἐχομένης.
1207 902 1517 963 Καλόθετος
1562 897 1607 951 δ’
1650 896 1771 989 ,ἅμα
1814 896 1933 989 τοῖς

351 983 484 1078 περὶ
524 983 713 1065 αὑτὸν,
745 1000 933 1063 ὅπλοις
975 998 1076 1068 μὲν
1129 996 1230 1049 οὐκ
1279 992 1526 1062 ἐτόλμων
1570 987 1812 1078 χρῆσθαι
1849 983 1927 1078 τῷ

350 1074 457 1154 δέει
502 1097 615 1151 τῶν
658 1093 944 1148 Λατίνων·
987 1082 1506 1157 παρεσκευασμένοι
1560 1080 1617 1134 δὲ
1654 1074 1801 1149 ἦσαν
1850 1074 1927 1138 ώς

354 1188 740 1257 ἐπιθησόμενοι
770 1185 978 1246 αὐτοῖς,
1016 1179 1241 1234 ἐπειδάν
1272 1180 1301 1230 δ
1338 1173 1592 1244 βασιλεὺς
1635 1173 1716 1233 εἰς
1757 1186 1931 1238 τειχο-

356 1282 556 1354 μαχίαν
581 1278 854 1345 καταστῇ.
881 1274 1159 1343 Μαρτϊνος
1189 1270 1289 1338 μὲν
1321 1262 1416 1320 οὖν
1437 1263 1582 1319 οὕτω
1614 1263 1728 1324 τοῖς
1760 1260 1929 1354 δκτα-

352 1352 556 1434 κοσίοις
599 1366 898 1431 πεποιθὼς,
929 1360 1295 1431 ἀντικατέστη
1354 1356 1494 1428 πρὸς
1553 1354 1654 1424 τὴν
1717 1352 1925 1422 μάχην.

239 1452 248 1463 ’
354 1461 616 1523 Βασιλεὺς
653 1458 711 1511 δὲ
765 1459 830 1527 τῇ
861 1456 1009 1525 νήσῳ
1065 1453 1142 1515 ώς
1189 1450 1515 1521 προσέσχεν,
1558 1444 1833 1499 ἀπόϐασίν
1868 1458 1929 1494 τε

358 1554 619 1616 ἐποιεῖτο,
667 1549 766 1616 τῆς
796 1547 904 1617 γῆς
965 1544 1127 1608 εὐθὺς
1178 1540 1420 1612 κρατῶν,
1473 1539 1570 1593 καὶ
1617 1537 1716 1608 τήν
1765 1536 1931 1589 ίππον

358 1645 571 1712 ἐξάγων
644 1636 1091 1709 παρεσκευάζετο
1162 1634 1301 1703 πρὸς
1375 1633 1476 1704 τήν
1544 1627 1928 1701 τειχομαχίαν.

354 1728 639 1792 Μπενὲτος
686 1728 743 1780 δὲ
789 1728 818 1779 ὁ
863 1722 1144 1795 Μαρτίνου
1186 1721 1417 1791 ἀδελφδς
1454 1717 1715 1790 φρούριόν
1748 1734 1803 1769 τι
1833 1715 1930 1768 καὶ

352 1821 519 1884 αὐτὸς
588 1818 841 1888 κατέχων
911 1817 973 1871 οὐ
1057 1815 1278 1887 μακρὰν
1338 1814 1439 1883 τῆς
1499 1811 1672 1880 ἄλλης
1719 1807 1930 1870 πόλεως

349 1910 798 1985 ᾠκοδομημένον,
856 1907 976 1962 ἀλλ’
1034 1908 1160 1962 ὅσον
1211 1907 1306 1976 ἀφ’
1346 1907 1614 1976 ἐκατέρου
1679 1902 1819 1971 πρὸς
1869 1900 1931 1952 τδ

348 2006 542 2076 ἕτερον
586 2000 725 2072 λίθῳ
769 1999 958 2070 σχεδὸν
1000 1999 1350 2067 ἐξικνεῖσθαι,
1376 1997 1712 2069 ἐνεχείρισεν
1758 1992 1932 2047 ἐλθὼν

348 2093 429 2164 τῷ
471 2092 701 2164 βασιλεῖ,
740 2089 910 2144 πολλὰ
952 2088 1048 2142 τοῦ
1083 2088 1319 2157 ἀδελφοῦ
1370 2085 1703 2156 κατηγορῶν
1729 2085 1804 2147 ώς
1835 2081 1932 2135 καὶ

348 2180 559 2249 ἀνόητα
592 2177 688 2233 καὶ
715 2177 877 2233 ἄδικα
905 2176 1171 2246 πράττειν
1210 2174 1518 2243 ἐγνωκότος
1547 2190 1562 2203 ⁶
1596 2172 1758 2226 τοῦτο
1805 2171 1929 2241 μὲν,

347 2273 400 2325 εί
442 2271 584 2341 πρὸς
626 2268 901 2338 τοσαύτην
942 2266 1176 2337 δύναμιν
1224 2265 1809 2337 ἀντισχήσεινλήλπισε
1854 2262 1933 2335 μὴ

352 2362 522 2424 αὐτὸς
552 2360 610 2427 ἐξ
643 2360 767 2431 ίσης
820 2359 1145 2429 ὁρμώμενος
1180 2359 1541 2428 παρασκευῆς
1567 2374 1582 2390 ·
1618 2357 1837 2410 ἀδικίαν
1873 2357 1934 2410 δέ

355 2450 768 2517 κατεγίνωσκεν
802 2446 993 2514 αὐτοῦ,
1026 2449 1075 2501 εί
1104 2447 1276 2501 πολλά
1307 2447 1442 2518 πρὸς
1471 2446 1738 2516 βασιλέως
1777 2448 1937 2516 εὐερ-

354 2544 636 2614 γετηθεὶς,
671 2543 803 2596 Χίον
833 2541 1082 2611 διενοήθη
1125 2540 1293 2595 αὐτοῦ
1333 2539 1734 2609 ἀποστερῆσαι.
1775 2537 1934 2592 Βασι-

352 2635 485 2698 λεὺς
536 2632 637 2704 μὲν
684 2632 781 2686 οὖν
839 2635 919 2691 είς
962 2630 1025 2683 τὸ
1067 2631 1331 2702 φρούριον
1376 2631 1615 2700 εἰσῆλθε,
1651 2630 1934 2684 Μπενέτον

360 2727 455 2795 τῆς
482 2727 562 2790 είς
601 2724 764 2779 αὐτὸν
796 2723 1012 2789 εὐνοίας
1057 2723 1384 2784 ἐπαινέσας.
1416 2723 1528 2776 Καὶ
1562 2723 1700 2791 μετά
1739 2724 1937 2792 μικρὸν

370 2816 593 2882 ἐξελθὼν
619 2816 898 2884 διεκόσμει
923 2814 1022 2889 τὴν
1053 2815 1318 2886 στρατιὰν
1350 2814 1425 2875 ώς
1456 2815 1517 2877 ἐς
1546 2813 1932 2885 τειχομαχίαν.

372 2909 633 2979 Μαρτίνος
681 2910 741 2962 δέ
800 2910 936 2978 πρός
984 2924 1044 2961 τε
1082 2908 1181 2978 τὴν
1215 2907 1484 2978 βασιλέως
1532 2907 1797 2974 στρατιὰν
1831 2905 1935 2975 ήδη

366 2999 551 3052 ἑαυτὸν
609 2999 708 3051 οὐκ
752 2996 1055 3067 ἀξιόμαχον
1091 2996 1257 3065 ὁρῶν,
1285 2994 1352 3047 ἐκ
1389 3010 1449 3045 τε
1495 2993 1604 3046 τῶν
1631 2994 1783 3046 Χίων
1812 2994 1935 3044 ἐπι-

360 3086 586 3157 κουρίαν
640 3085 897 3155 οὐδεμίαν
955 3083 1274 3155 προσδοκῶν
1355 3082 1444 3136 διά
1500 3081 1562 3134 τὸ
1619 3081 1718 3150 οὐχ
1769 3072 1940 3150 ἦσσον

357 3178 529 3231 αὑτοῦ
566 3176 938 3246 ἀφεστηκέναι
967 3177 1088 3240 ταῖς
1118 3173 1373 3244 γνώμαις
1401 3173 1434 3243 ἢ
1470 3172 1593 3226 καθ’
1634 3173 1761 3226 ὅσον
1791 3169 1940 3224 εὖνοι

296 3276 302 3281 ’
356 3264 504 3339 ἦσαν
536 3266 745 3338 βασιλεῖ
781 3264 1225 3329 ὑπωπτευκέναι,
1253 3263 1431 3325 ἄλλως
1452 3278 1513 3314 τε
1544 3261 1637 3313 καὶ
1655 3248 1941 3313 Μπενέτου

357 3359 883 3432 προσχωρήσαντος,
915 3357 1010 3412 καὶ
1041 3356 1102 3410 τὸ
1130 3355 1393 3426 φρούριον
1417 3352 1757 3424 παραδόντος
1781 3352 1809 3405 δ
1843 3351 1944 3404 οὐκ

359 3454 588 3508 ἔλαττον
625 3451 856 3521 ἠδύνατο
902 3446 1296 3518 ἀποτειχισμοῦ
1326 3444 1473 3500 οὕτω
1525 3444 1753 3516 πλησίον
1800 3444 1946 3515 (fixo:

357 3543 693 3614 δομημέιον,
726 3541 972 3610 σφοδρῶς
1012 3556 1074 3592 τε
1109 3538 1445 3608 ἐθορυϐεῖτο,
1473 3537 1571 3591 καὶ
1602 3538 1701 3600 τὰς
1739 3534 1948 3601 σωζού-

362 3653 467 3700 σας
527 3634 908 3702 ἀπεγίνωσκεν
954 3632 1197 3694 ἐλπίδας.
1228 3631 1388 3685 Ἐπεὶ
1417 3631 1475 3684 δέ
1508 3630 1578 3684 τά
1626 3647 1686 3684 τε
1740 3631 1945 3699 σημεῖα

364 3729 466 3799 ήδη
501 3728 666 3798 ᾔρετο
705 3728 798 3781 καὶ
828 3721 1000 3796 ἦρχον
1037 3724 1217 3797 μάχης
1250 3724 1620 3795 οί-Ῥωμαίοι,
1643 3722 1947 3793 πρεσϐείαν

365 3820 596 3889 πέμψας
650 3820 679 3872 δ
732 3820 1030 3888 Μαρτίνος,
1063 3819 1233 3872 ἐδεῖτο
1292 3817 1561 3889 βασιλέως
1612 3814 1947 3886 συγγνώμης

362 3914 575 3982 τυχεῖν,
608 3911 702 3964 καὶ.
736 3909 873 3978 πρὸς
913 3892 1223 3978 συμϐάσεις
1252 3909 1503 3979 χωρῆσαι
1535 3907 1655 3971 οἵας
1702 3905 1768 3960 ἂν
1812 3905 1945 3977 δοκῇ

367 4002 605 4075 βασιλεῖ.
636 4000 900 4065 Βασιλεὺς
944 4001 1001 4054 δὲ
1050 4000 1344 4055 ἀπεώσατο
1381 4016 1443 4054 τε
1489 3998 1588 4071 τήν
1623 3996 1944 4069 πρεσϐείαν,

366 4095 464 4150 καὶ
496 4094 600 4147 οὒκ
632 4093 840 4163 ἔφασκε
870 4092 981 4146 δεῖν
1017 4092 1116 4161 τῆς
1149 4093 1411 4162 στρατιᾶς
1442 4091 1579 4161 πρὸς
1627 4091 1725 4159 τήν
1765 4089 1948 4159 μάχην

367 4185 892 4256 παρατεταγμένης,
961 4184 1314 4254 διαλέγεσθαι
1390 4183 1521 4254 περὶ
1598 4181 1946 4253 συμϐάσεων.

367 4279 644 4348 Πρότερον
693 4278 802 4346 γάρ
849 4276 1001 4345 αὐτῷ
1031 4276 1162 4347 ἐξῆν
1209 4279 1344 4348 πρὶν
1381 4275 1570 4329 ἐνθάδε
1599 4275 1779 4346 ἣκειν,
1814 4291 1949 4342 συγ-

365 4370 601 4440 γνώμην
635 4385 692 4420 τε
720 4370 914 4433 αίτείν,
943 4369 1037 4422 καὶ
1079 4368 1316 4432 σπονδάς
1356 4366 1604 4422 τίθεσθαι
1633 4366 1946 4438 είρηνικὰς,

2027 532 2083 578 et
2127 517 2402 588 mancipio
2448 515 2676 571 obtenta
2721 520 2889 569 esset.
2931 511 3229 568 Calotheus
3285 525 3411 565 cum
3442 511 3601 580 231

2030 611 2147 666 suis
2193 608 2519 663 Latinorum
2569 613 2719 661 metu
2772 604 3053 674 corripere
3103 617 3257 657 arma
3302 602 3450 656 ultro
3493 617 3605 656 non

2030 703 2335 770 audebant,
2361 702 2457 758 sed
2486 701 2554 756 ad
2593 715 2817 770 operam
2850 697 3242 768 prmstandam,
3261 695 3356 752 ubi
3377 697 3611 765 impera-

2030 806 2118 852 tor
2145 811 2472 867 oppugnare
2504 795 2696 849 urbem
2725 792 3006 862 ctepissel,
3040 790 3217 860 parati
3252 797 3428 844 erant.
3471 787 3612 842 Mar-

2035 892 2185 946 tinus
2222 889 2560 959 octingentis
2599 888 2710 943 illis
2737 886 2999 946 conﬁsus,
3030 900 3088 939 se
3122 883 3418 938 defendere
3454 880 3614 936 insti-

2032 983 2242 1051 tuebat.
2265 982 2574 1050 Imperator
2591 979 2656 1056 ad
2675 979 2832 1034 littus
2856 978 3145 1049 appulsus,
3175 983 3232 1030 et
3250 973 3612 1029 execensione

2029 1074 2195 1138 facta,
2242 1082 2389 1128 terra
2438 1073 2627 1127 statim
2662 1070 2893 1141 potitus,
2946 1069 3220 1140 producto
3256 1066 3512 1137 equitatu
3542 1064 3613 1118 ad

2031 1165 2499 1235 oppugnationem
2544 1164 2960 1233 accingebatnr.
3006 1161 3343 1216 Benedictus
3391 1157 3612 1213 Martini

2030 1271 2329 1319 germanus
2368 1255 2656 1310 castellum
2689 1254 2841 1324 jaetu
2884 1253 3083 1323 lapidis
3116 1253 3186 1309 ab
3218 1251 3423 1322 oppido
3453 1249 3615 1305 dissi-

2035 1357 2151 1403 tum
2192 1360 2386 1402 tenens
2429 1346 2603 1411 venit,
2657 1347 2904 1415 illudque
2954 1344 3272 1415 imperatori
3325 1343 3512 1407 tradit,
3557 1350 3614 1396 et

1985 1451 1996 1463 '
2030 1437 2263 1492 fratrem
2305 1446 2366 1491 ut
2418 1436 2690 1507 injustum
2731 1450 2795 1490 ac
2826 1434 3086 1490 stolidum
3120 1445 3384 1498 accusat,
3407 1432 3451 1486 si
3481 1431 3611 1501 qui-

2032 1529 2156 1585 dem
2200 1538 2469 1600 apparatu
2513 1529 2688 1584 multo
2734 1529 2989 1591 inferior,
3040 1527 3210 1582 tantis
3257 1526 3432 1596 copiis
3477 1524 3618 1580 resi-

2031 1631 2182 1677 stere
2211 1636 2271 1676 se
2312 1634 2480 1691 posse
2507 1620 2866 1691 speravisset,
2899 1628 2955 1675 et
2979 1620 3232 1688 pluribus
3274 1618 3342 1671 ab
3374 1618 3618 1684 impera-

2036 1721 2155 1768 tore
2209 1713 2491 1767 beneliciis
2552 1712 2871 1783 obligatus,
2935 1711 3078 1766 Chio
3137 1712 3315 1780 ipsum
3379 1708 3618 1779 Spoliare

2035 1807 2332 1862 meditatus
2374 1813 2542 1861 esset.
2600 1805 2913 1875 Imperator
2947 1804 3233 1860 castellum
3281 1802 3615 1874 ingreditur,

2035 1898 2400 1953 Benedictum
2427 1900 2496 1954 de
2537 1897 2719 1953 oliicio
2755 1876 3108 1952 commendat
3142 1915 3156 1950 :
3189 1896 3459 1965 pauloque
3494 1908 3619 1966 pust

2034 1994 2341 2047 exercitum
2395 1991 2462 2047 ad
2515 1990 2940 2062 oppugnandam
2995 1992 3188 2046 urbem
3248 1992 3492 2057 ordinat,
3553 2005 3620 2046 ac
3700 2020 3707 2023 -

2036 2083 2306 2153 disponit.
2351 2083 2625 2138 Martinus
2651 2084 2763 2154 jam
2814 2098 2874 2137 se
2914 2083 2991 2137 illi
3021 2083 3286 2154 imparem
3323 2082 3618 2153 aspiciens,

2035 2184 2092 2231 et
2134 2177 2347 2232 nullum
2395 2192 2426 2231 a
2476 2175 2632 2231 Chiis
2680 2175 2993 2231 subsidium
3050 2183 3419 2246 exspectans,
3471 2174 3619 2246 quod

2035 2284 2228 2338 eorum
2261 2268 2479 2323 animos
2532 2282 2643 2322 non
2690 2266 2875 2322 minus
2907 2283 2938 2322 a
2982 2280 3042 2322 se
3089 2281 3337 2331 aversos,
3364 2281 3530 2336 quam
3563 2265 3621 2320 in

2037 2362 2428 2431 imperatorem
2487 2374 2787 2414 conversos
2836 2352 3204 2429 coniectabat,
3267 2373 3394 2413 enm
3452 2357 3622 2412 etiam

2036 2454 2370 2509 Benedictus
2403 2451 2687 2507 deditione
2731 2451 2945 2506 castelli
2989 2451 3134 2506 facta
3181 2450 3351 2521 (quod
3396 2449 3621 2519 quidem

2040 2560 2200 2601 muro
2242 2544 2432 2600 valido
2472 2545 2719 2599 cinctum
2766 2555 2822 2599 et
2867 2544 3171 2609 ﬁrmatum,
3220 2543 3460 2613 urbique
3492 2542 3626 2597 rici-

2036 2655 2195 2704 num,
2224 2654 2381 2709 aaque
2411 2638 2671 2692 resistere
2706 2637 2969 2705 poterat),
3002 2637 3121 2708 ejus
3163 2635 3288 2690 lidci
3337 2640 3626 2705 potestati-

2037 2746 2148 2802 que
2195 2744 2256 2786 se
2304 2730 2671 2800 permisisset,
2728 2729 3050 2785 medullitus
3101 2727 3490 2788 conturbatus.
3545 2728 3614 2781 de

2041 2837 2140 2895 spe
2192 2838 2307 2893 qua
2348 2838 2406 2878 se
2434 2822 2617 2877 adhuc
2645 2812 3057 2881 Consolabatur,
3091 2819 3318 2875 decidit.
3350 2818 3486 2873 Cum
3521 2817 3630 2871 Ro-

2042 2913 2189 2967 mani
2225 2914 2337 2984 jam
2370 2914 2524 2983 signa
2569 2913 2860 2975 vellerent,
2890 2927 3245 2981 pugnamque
3280 2910 3624 2974 ordirentur,

2041 3003 2229 3059 missis
2262 3004 2457 3074 legatis
2486 3004 2759 3058 Martinus
2803 3003 3019 3058 veniam
3064 3003 3303 3072 precari,
3334 3013 3390 3057 et
3430 3004 3625 3072 pactis,

2044 3111 2167 3165 quae
2202 3095 2369 3151 vellet
2401 3096 2707 3165 imperator
2741 3110 2801 3150 se
2833 3105 3108 3150 staturum
3144 3096 3491 3163 promittere.
3534 3094 3629 3148 Ille

2047 3186 2256 3256 legatos
2281 3185 2597 3255 repudiare,
2633 3200 2696 3239 ac
2726 3184 2937 3248 dicere,
2965 3190 3146 3238 stante
3171 3183 3282 3253 jam
3326 3183 3377 3236 in
3403 3184 3630 3253 procin-

2047 3287 2136 3333 ctu
2170 3278 2374 3338 milite,
2408 3277 2790 3352 importunum
2819 3292 2942 3331 esse
2963 3275 3030 3331 de
3061 3276 3236 3347 pactis
3268 3290 3452 3345 agere,
3482 3275 3631 3332 inte-

2047 3386 2205 3441 grum
2236 3371 2286 3427 ei
2318 3370 2488 3424 fuisse
2515 3379 2812 3440 antequam
2855 3369 2966 3423 huc
2993 3370 3170 3425 iretur
3192 3377 3249 3422 ct
3285 3368 3504 3422 veniam
3542 3384 3635 3423 ro-

2048 3476 2197 3531 gare,
2232 3468 2287 3513 et
2316 3461 2384 3514 de
2420 3474 2552 3529 pace
2582 3475 2769 3516 secum
2795 3460 3121 3516 convenire.
3160 3458 3322 3513 Nunc
3356 3459 3539 3514 facere
3571 3474 3632 3514 se

2048 3550 2199 3621 quod
2251 3551 2476 3615 liberet,
2531 3552 2755 3622 quando
2808 3552 2928 3622 ipse
2976 3567 3074 3608 sua
3133 3553 3309 3607 fretus
3360 3551 3629 3618 potentia,

2050 3647 2245 3695 contra
2295 3658 2352 3696 se
2391 3656 2547 3696 arma
2579 3657 2781 3712 capere
2829 3656 2941 3695 non
2988 3639 3320 3695 dubitasset.
3365 3639 3635 3695 Martinus

2049 3728 2201 3787 omni
2232 3734 2344 3804 jam
2377 3749 2475 3803 spe
2522 3733 2808 3803 deperdita
2844 3734 3044 3790 timens
3087 3748 3158 3786 ne
3192 3734 3420 3802 insuper
3468 3730 3634 3785 morti

2050 3825 2386 3889 dederetur,
2431 3824 2571 3881 urbe
2613 3841 2891 3896 egressus,
2944 3840 3152 3895 seque,
3212 3826 3634 3894 exercitumque

2048 3930 2209 3970 suum
2256 3914 2577 3984 imperatori
2612 3914 2910 3969 transdidit
2937 3953 2953 3968 .
2997 3914 3118 3968 Chii
3157 3914 3439 3968 hominem
3485 3926 3637 3966 nunc

2049 4011 2118 4066 ad
2164 4009 2367 4080 captivi
2407 4010 2687 4064 fortunam
2734 4010 3026 4064 redactum
3082 4017 3402 4072 cernentes,
3453 4007 3638 4062 insur-

2050 4117 2203 4173 gere,
2252 4112 2314 4157 ut
2343 4116 2470 4158 eum
2504 4113 2632 4157 ante
2678 4101 2870 4159 oculos
2901 4101 3255 4171 imperatoris
3300 4106 3632 4154 mactarent.

2050 4195 2122 4247 At
2183 4211 2417 4263 magnus
2457 4195 2802 4251 domesticus
2847 4209 2908 4251 se
2954 4194 3215 4265 pessimis
3269 4191 3449 4245 modis
3508 4190 3637 4247 illos

2050 4293 2410 4354 accepturum
2461 4288 2856 4350 comminatus,
2906 4285 2953 4340 si
3002 4283 3139 4354 quid
3185 4282 3237 4339 ei
3288 4282 3634 4348 nocuissent,

2050 4378 2238 4432 vivum
2317 4362 2769 4449 incolumemque
2844 4377 3109 4445 servavit.
3174 4376 3484 4446 Imperator
3566 4374 3636 4428 de

366 4463 467 4516 νῦν
496 4462 555 4514 δὲ
607 4462 754 4525 ὅπως
792 4461 858 4515 ἂν
904 4461 1054 4532 αὐτῷ
1093 4462 1226 4533 δοκῇ
1274 4463 1474 4520 ποιεῖν.
1530 4459 1656 4514 ἐπεὶ
1700 4461 1769 4529 τῇ
1810 4474 1939 4526 σφε-

2052 4470 2293 4534 amentia
2336 4470 2712 4540 objurgatum,
2760 4469 2899 4525 nulli
2939 4470 3211 4539 supplicio
3242 4467 3495 4537 subjecit,
3538 4466 3636 4521 sed

365 4553 509 4623 τέρᾳ
557 4549 834 4615 πεποιθὼς
875 4551 1102 4623 δυνάμει
1134 4553 1277 4607 ὅπλα
1329 4551 1483 4621 αὐτῷ
1527 4551 1757 4621 ἀντῆρε.
1790 4550 1951 4603 Βασι-

365 4646 497 4710 λεὺς
541 4644 643 4715 μὶν
668 4641 763 4698 οὗν
785 4643 1014 4699 τοιαῦτα
1040 4639 1165 4697 εἷπε
1184 4659 1199 4675 ο
1227 4645 1505 4713 Μαρτίνος
1536 4643 1594 4696 δὲ
1626 4643 1729 4714 ήδη
1765 4643 1951 4696 πᾶσαν

367 4736 564 4791 ἐλπίδα
611 4732 1018 4807 περιῃρημένος
1062 4736 1362 4805 σωτηρίας,
1397 4735 1584 4798 δείσας
1636 4734 1713 4806 μὴ
1748 4734 1844 4789 καὶ
1889 4733 1949 4786 τὸ

367 4829 476 4900 ζῇν
498 4828 852 4900 ἀφαιρεθείη,
889 4828 1087 4881 ἑαυτὸν
1127 4826 1433 4898 ἐνεχείρισε
1474 4827 1685 4897 βασιλεί
1724 4825 1821 4879 καὶ
1849 4825 1950 4896 τὴν

365 4920 635 4990 στρατιὰν
683 4921 782 4990 τῆς
837 4919 1049 4983 πόλεως
1106 4920 1367 4986 ἐξελθών.
1401 4921 1464 4973 Οί
1498 4920 1622 4973 Χῖοι
1674 4919 1731 4972 δὲ
1782 4912 1949 4971 αὑτὸν

365 5012 611 5083 δρῶντες
642 5013 742 5085 ήδη
780 5014 916 5081 πρὸς
951 5013 1303 5085 αἰχμαλώτου
1352 5013 1524 5084 τύχην
1571 5015 1946 5077 καταστάντα,

366 5105 644 5176 ὥρμησαν
688 5106 762 5170 ώς
803 5107 897 5158 ἐπὶ
941 5104 1035 5159 τοῦ
1069 5104 1338 5176 βασιλέως
1383 5104 1837 5169 ἀποκτενοῦντες.
1891 5106 1951 5158 'U

372 5197 553 5267 μέγας
577 5197 636 5251 δὲ
660 5196 985 5267 δομέστικος
1016 5199 1326 5270 ἀπειλήσας
1345 5198 1548 5262 αὐτοὺς
1575 5198 1642 5252 τὰ
1661 5199 1951 5252 δεινότατα

369 5287 656 5358 διαθήσειν
711 5288 766 5342 εῐ
813 5306 867 5343 τι
919 5289 1304 5359 νεωτερίζοιεν
1351 5290 1482 5359 περὶ
1525 5291 1729 5363 αὐτὸν,
1758 5290 1949 5361 ἀπαθῆ

367 5377 669 5451 διετήρησε
709 5379 925 5437 κακῶν.
969 5381 1237 5446 Βασιλεὺς
1270 5382 1328 5436 δέ
1367 5382 1533 5435 αὑτὸν
1584 5381 1759 5436 πολλὰ
1784 5399 1954 5437 κατα-

372 5470 738 5542 μεμψάμενος
767 5466 866 5541 τῆς
893 5470 1175 5539 ἀϐουλίας,
1199 5472 1354 5544 ὅμως
1379 5472 1441 5527 οὐ
1490 5472 1748 5543 διέθηκεν
1785 5473 1952 5527 αὑτὸν

366 5552 750 5626 κακῶς,’άλλά
789 5565 889 5634 τὴν
934 5564 1034 5634 μὲν
1065 5569 1309 5634 γυναῖκα
1353 5565 1522 5620 αὐτοῦ
1553 5566 1813 5620 ἐκέλευσε
1855 5565 1952 5619 καὶ

367 5655 597 5720 παῖδας,
632 5657 715 5711 ἔτι
741 5656 799 5710 δὲ
840 5659 938 5712 καὶ
964 5660 1363 5730 θεραπαινίδας
1405 5661 1530 5713 ὅσαι
1569 5656 1737 5732 ἦσαν,
1780 5660 1954 5722 αὐτάς

370 5746 480 5816 μὲν
524 5749 993 5819 ἐπιφορτίσασθαι
1035 5751 1161 5807 ὅσον
1204 5748 1402 5807 άνῦσαι
1448 5753 1676 5808 δυνατὸν
1723 5754 1786 5806 ἐκ
1844 5753 1954 5808 τῶν

2053 4578 2303 4626 uxorem,
2338 4563 2567 4631 liberos,
2599 4572 2656 4619 et
2685 4564 2919 4619 famulas
2946 4570 3222 4634 quotquot
3255 4568 3414 4616 erant
3445 4559 3637 4613 tollere

2047 4652 2212 4723 jussit
2243 4662 2512 4722 quantum
2545 4653 2689 4709 ferre
2717 4655 2881 4725 232
2910 4665 3133 4724 possent
3166 4655 3234 4709 de
3269 4653 3419 4708 illius
3446 4653 3633 4713 rebus,

2050 4746 2403 4813 pretiosaque
2456 4745 2843 4815 supellectile:
2875 4746 3113 4801 famulos
3172 4756 3357 4798 autem
3407 4744 3634 4808 toralia,

2052 4845 2284 4906 tapetes,
2325 4852 2390 4892 ac
2433 4837 2645 4907 reliqua
2682 4837 2869 4892 omnia
2915 4838 2982 4891 ad
3033 4846 3359 4892 nocturnam
3391 4838 3635 4906 quietem

2051 4926 2340 4998 requisita,
2389 4936 2444 4983 et
2494 4928 2635 4984 Chio
2684 4930 3015 4985 excedentes
3071 4929 3174 4987 ire.
3224 4942 3335 4996 quo
3382 4926 3639 4981 voluntas

2052 5020 2302 5085 duceret,
2339 5018 2638 5075 Martinum
2687 5028 2870 5074 autem
2903 5020 2958 5074 in
2987 5019 3205 5072 vincula
3239 5018 3387 5072 duci.
3420 5016 3489 5071 Et
3519 5018 3638 5074 haec

2053 5112 2275 5184 quidem
2332 5113 2440 5167 hoc
2484 5112 2648 5167 modo
2678 5121 2894 5183 patrata
2941 5120 3090 5179 sunt,
3126 5127 3190 5171 ac
3232 5111 3407 5166 ferme
3450 5111 3637 5166 omnia

2054 5221 2176 5276 quae
2205 5206 2470 5261 Martinus
2495 5205 2758 5271 habebat,
2791 5203 3056 5260 ministrae
3105 5212 3163 5259 et
3186 5218 3326 5258 uxor
3358 5203 3414 5256 in
3440 5203 3637 5256 hume-

2054 5312 2147 5352 ros
2197 5296 2410 5351 sublata
2462 5296 2808 5351 extulerunt.
2858 5296 3218 5365 Octingentos
3266 5301 3451 5347 autem
3488 5292 3634 5354 illos,

2056 5388 2149 5460 qui
2174 5387 2354 5443 eidem
2390 5387 2723 5451 militabant,
2752 5388 2912 5443 venia
2933 5398 2990 5442 et
3022 5388 3349 5457 impunitate
3376 5385 3638 5456 dignatus

2057 5489 2178 5547 est;
2228 5480 2324 5535 tali
2379 5482 2603 5551 optione
2654 5481 2803 5545 data,
2859 5487 2921 5532 ut
2972 5479 3069 5548 qui
3123 5478 3348 5544 vellent,
3397 5493 3523 5534 cum
3576 5493 3637 5533 re

2045 5571 2317 5627 'familiari
2364 5587 2463 5629 sua
2495 5572 2672 5628 libere
2720 5572 2901 5626 insula
2936 5571 3348 5642 demigrarent;
3383 5570 3476 5641 qui
3523 5586 3639 5625 ma-

2056 5678 2191 5731 nere
2222 5663 2470 5733 mallent,
2492 5664 2561 5721 iis
2585 5680 2749 5719 nemo
2769 5672 2919 5745 esset
2938 5664 3224 5728 molestus,
3256 5672 3312 5717 et
3346 5664 3640 5733 imperato-

2058 5754 2138 5810 ris
2183 5755 2438 5811 militiam
2473 5755 2755 5813 -mercede
2811 5756 3133 5813 tolerarent.
3185 5756 3384 5812 Paucis
3434 5755 3635 5811 Chium
