4016 6432
472 313 583 377 i£83
1652 325 1981 387 JOANNIS
2019 325 2550 390 CANTACUZENI
3615 334 3720 399 κει

465 422 880 487 deserentibus,
911 423 1095 479 cmteri
1121 440 1313 481 omnes
1342 436 1439 482 aut
1467 427 1671 485 ibidem
1702 447 1806 486 aera
1833 448 2036 488 merere

2153 436 2350 506 ἐκείνῳ
2380 437 2696 507 προσόντων
2725 436 3023 509 χρημάτων
3059 456 3117 492 τε
3152 440 3247 493 καὶ
3279 441 3457 495 ἄλλων
3473 443 3723 499 ἐπίπλων

473 523 888 585 perrexerunt,
937 524 1032 570 aut
1090 517 1145 571 in
1200 518 1485 576 ministros
1533 523 1652 591 ejus
1709 523 2036 579 domesticos

2148 529 2243 581 καὶ
2277 530 2490 583 σκευῶν
2524 530 2854 595 πολυτελῶν,
2883 532 3011 591 τοὺς
3054 532 3111 585 δὲ
3145 533 3390 598 δούλους,
3419 534 3725 606 στρώματά

473 605 627 659 relati
666 614 815 659 sunt.
849 605 963 660 Hac
991 610 1203 664 ratione
1230 609 1403 666 Chius
1440 612 1494 665 in
1528 613 1906 669 Romanorum
1952 617 2036 686 jus

2147 638 2206 674 τε
2236 624 2330 675 καὶ
2358 625 2607 694 τάπητας
2640 621 2794 694 ἆραι,
2830 626 2925 678 καὶ
2952 626 3087 679 ἄλλα
3117 628 3218 681 ὅσα
3257 628 3544 698 ἐπιτήδεια
3586 628 3726 697 πρὸς

474 696 921 767 mancipiumque
963 698 1148 755 rediit.
1194 701 1499 770 Imperator
1529 694 1732 759 deinde
1779 716 1834 761 ct
1875 705 2048 759 Bene-

472 787 626 843 dicto
657 806 757 859 pro
793 800 985 845 navata
1020 791 1402 872 benevolentia
1462 810 1528 849 ac
1566 807 1814 866 prompta
1850 799 2045 851 volun-

478 887 608 943 tate,
638 888 694 932 et
734 878 996 934 Chiorum
1042 883 1388 952 principibus
1464 887 1785 955 p0puloque
1814 889 2040 957 gratiam

476 970 702 1038 rependi
727 985 944 1039 aequum
965 972 1253 1041 judicavit.
1279 973 1384 1040 Qui
1409 991 1721 1045 quanquam
1750 978 1816 1032 ad
1843 979 2041 1032 bellum

472 1069 669 1113 contra
696 1060 990 1116 Martinam
1028 1052 1165 1117 nihil
1203 1065 1595 1130 contulissent,
1634 1079 1813 1121 tamen
1846 1069 1893 1121 is
1925 1078 2044 1123 erat

473 1165 665 1204 eorum
708 1168 906 1208 sensus
937 1164 1100 1225 atque
1144 1157 1380 1224 animus,
1428 1168 1485 1213 ut
1531 1162 1860 1217 necessitate
1893 1163 2044 1233 ﬂagi-

456 1250 646 1305 tante,
698 1259 918 1300 omnem
983 1262 1209 1316 operam
1260 1249 1327 1304 ad
1383 1250 1770 1319 imperatorem
1817 1262 2041 1308 strenue

468 1334 835 1404 adjuvandum
881 1338 1134 1394 collaturi
1177 1339 1405 1411 fuerint.
1448 1332 1629 1409 Quare
1670 1352 1727 1397 et
1785 1343 2043 1399 Calothe-

471 1435 610 1490 tum,
630 1435 686 1481 et
712 1442 886 1496 genus
901 1430 1022 1499 ejus
1050 1438 1163 1485 tum
1186 1432 1254 1486 iis
1282 1449 1402 1501 quzr
1427 1434 1569 1502 apud
1599 1434 2040 1506 Didymotirhum
2066 1446 2073 1455 '

462 1516 539 1571 de
570 1516 710 1572 Chio
740 1519 1087 1575 clandestino
1116 1538 1303 1578 secum
1353 1524 1648 1579 disserenti
1690 1527 2038 1591 promiserat,

468 1620 588 1662 tum
649 1609 773 1664 aliis
836 1623 1101 1679 praeterea
1157 1614 1411 1682 pluribus
1474 1627 1855 1672 remuneratus
1908 1628 2036 1684 est;

462 1709 634 1769 atque
653 1700 793 1755 alios
815 1701 980 1757 donis
1004 1712 1058 1759 et
1089 1704 1395 1759 honoribus
1420 1707 1592 1771 auxit,
1624 1709 1883 1778 populum
1907 1724 2039 1765 vero

2144 712 2207 765 τὸ
2269 714 2554 767 καθεύδειν
2609 717 2708 786 τῆς
2768 710 2999 781 νυκτὸς.“
3035 718 3130 772 καὶ
3191 718 3510 783 ἐξελθόντας
3559 721 3720 786 Χίου,

2148 804 2478 873 πορεύεσθαι
2529 808 2651 861 ὅποι
2706 809 2773 863 ἂν
2825 811 2980 881 δοκῇ.
3011 812 3289 881 Μαρτίνον
3333 812 3392 864 δὲ
3427 813 3721 866 ἐκέλευσεν

2145 897 2454 966 εἱρχθῆναι.
2490 900 2598 954 Καὶ
2632 899 2792 954 τοῦτο
2826 902 2927 969 μὲν
2966 900 3159 954 τοῦτον
3192 902 3445 973 ἐπράχθη
3478 902 3571 955 τὸν
3595 905 3724 973 τρό-

2145 1001 2271 1047 πον,
2304 987 2399 1039 καὶ
2426 989 2616 1057 σχεδὸν
2645 990 2742 1043 ὅσα
2776 991 3041 1062 Μαρτίνῳ
3068 988 3208 1062 ἦσαν
3245 994 3302 1045 αἱ
3333 991 3720 1061 θεραπαινίδες

2145 1078 2262 1146 ἅμα
2293 1082 2515 1146 γυναικὶ
2539 1082 2992 1153 ὲπεφορτίσαντο.
3022 1084 3162 1145 Τοὺς
3189 1083 3451 1148 συνόντας
3486 1084 3543 1137 δὲ
3565 1083 3721 1155 αὐτῷ

2143 1171 2523 1235 ὀκτακοσίους,
2568 1171 2903 1244 συγγνώμης
2963 1192 3022 1227 τε
3078 1175 3316 1245 ἠξίωσεν
3360 1177 3389 1228 ὁ
3434 1175 3715 1245 βασιλεὺς.

2143 1262 2411 1333 ἀδικήσας
2473 1264 2675 1334 μηδέν·
2730 1269 2828 1321 καὶ
2888 1265 3204 1336 προῦθηκεν
3263 1267 3476 1337 αἵρεσιν
3530 1267 3720 1328 αὐτοῖς

2142 1350 2423 1420 τοιαύτην,
2489 1352 2630 1405 ὥστε
2677 1355 2789 1417 τοῖς
2827 1369 2887 1407 τε
2923 1353 3276 1424 βουλομένοις
3322 1355 3391 1408 τὰ
3437 1355 3569 1407 ὄντα
3625 1355 3721 1407 λα-

2142 1441 2335 1504 ὀόντας
2370 1443 2569 1508 ἐξεῖναι
2601 1445 2910 1514 άναχωμῖν
2936 1462 2950 1474 ·
2984 1448 3097 1509 τοῖς
3134 1462 3194 1498 τε
3237 1446 3421 1514 μένειν
3457 1444 3713 1497 ἐθέλουσι

2146 1534 2352 1603 μηδένα
2415 1534 2698 1603 ἐνοχλεῖν·
2747 1535 2882 1589 ἀλλὰ
2941 1534 3042 1605 τὴν
3096 1533 3440 1605 μισθοφοράν
3494 1533 3717 1603 λαμϐά-

2143 1641 2355 1689 νοντας,
2399 1623 2674 1679 δουλεύειν
2711 1625 2948 1695 βασιλεῖ.
2975 1626 3179 1694 Ὀλίγοι
3229 1628 3329 1695 μὲν
3358 1621 3453 1679 οὖν
3489 1625 3717 1679 ἐκείνων

2144 1714 2369 1783 ἀπῆραν
2415 1716 2482 1768 ἐκ
2523 1717 2623 1783 τῆς
2653 1715 2810 1782 Χίου,
2840 1717 2891 1769 oi
2929 1716 3109 1770 λοιποὶ
3138 1717 3220 1781 δὲ,
3255 1718 3306 1769 ot
3339 1718 3439 1786 μὲν
3490 1715 3719 1786 ἔμειναν

465 1793 802 1848 tributorum
859 1809 1064 1859 onere,
1125 1812 1236 1868 quo
1301 1799 2036 1873 gravissimepremebatur

2143 1803 2203 1855 ἐν
2237 1770 2354 1872 Χίῳ
2383 1802 2540 1866 αὖθις
2575 1770 3056 1874 μισθοφοροῦντες,
3088 1806 3137 1857 oi
3186 1770 3242 1857 δὲ
3302 1770 3415 1867 τθίς
3449 1770 3718 1874 βασιλέως

460 1882 690 1942 levavit.

2148 1896 2644 1967 συνηριθμήθησαν
2706 1898 2970 1958 οἰκέταις.
3033 1897 3164 1960 Χίος
3220 1896 3323 1967 μέν
3383 1892 3479 1950 οὖν
3535 1892 3717 1957 οὕτως

460 1974 620 2044 αὖθις
642 1980 867 2051 γέγονεν
898 1982 1002 2037 ὐπὸ
1026 1982 1322 2054 Ῥωμαίοις
1345 2001 1359 2016 ο
1423 1986 1681 2055 βασιλεὺς
1706 1987 1761 2042 δὲ
1821 1990 2108 2043 Μπενέτον
2145 2006 2205 2042 τε
2233 1990 2444 2043 δίκαιον
2471 1990 2688 2059 ἔκρινεν
2723 1991 3054 2057 ἀμείόεσθαι
3078 1993 3176 2062 τῆς
3207 1990 3424 2054 εὐνοίας
3477 1989 3574 2043 καὶ
3616 1989 3720 2056 τῆς

463 2077 774 2148 προθυμίας
796 2078 898 2149 τῆς
925 2081 1007 2143 είς
1044 2079 1243 2133 αὐτόν’
1276 2082 1371 2134 καὶ
1400 2082 1510 2134 τῶν
1543 2084 1690 2137 Χίων
1750 2084 1883 2151 τοὺς
1940 2084 2202 2149 δυνατοὺς
2233 2086 2329 2138 καὶ
2387 2083 2480 2139 τδν
2514 2086 2707 2155 δῆμον.
2748 2086 2811 2139 El
2842 2087 2951 2155 γὰρ
3017 2086 3112 2139 καὶ
3146 2085 3315 2156 μηδὲν
3345 2085 3427 2147 είς
3457 2083 3552 2136 τὸν
3575 2081 3719 2151 πρὸς

461 2168 741 2236 Μαρτίνον
806 2172 1043 2241 πόλεμον
1084 2173 1427 2243 ,εἰσήνεγκαν
1481 2175 1655 2239 αὐτοὶ,
1716 2176 1855 2229 ἀλλὰ
1906 2178 2030 2237 ταῖς
2069 2177 2319 2245 γνώμαις
2378 2174 2554 2239 οὕτως
2598 2172 2741 2247 ἦσαν
2781 2177 3321 2246 παρεσκευασμένοι,
3381 2173 3459 2236 ὡς
3496 2172 3562 2245 ἢν
3591 2171 3714 2243 δέῃ,

460 2264 647 2314 πὶσαν
694 2263 1092 2333 ἐπιδειξόμενοι
1137 2266 1377 2336 σπουδὴν
1415 2268 1508 2320 καὶ
1580 2271 1895 2338 προθυμίαν
1962 2270 2102 2339 ὑπὲρ
2143 2269 2434 2339 βασιλέως,
2475 2270 2565 2321 Διὸ
2599 2272 2695 2323 καὶ
2742 2271 3048 2325 Καλόθετον
3078 2272 3177 2339 μὲν
3216 2270 3310 2323 καὶ
3340 2268 3520 2340 γένος,
3553 2271 3623 2323 τά
3655 2286 3717 2322 τε

462 2355 522 2405 ἐν
572 2355 941 2426 Διδυμοτείχῳ
1000 2360 1523 2429 προεπηγγελμένα,
1572 2363 1660 2414 ὅτε
1721 2363 1848 2431 περὶ
1928 2364 2063 2415 Χίου
2141 2364 2325 2433 κρύφα
2372 2362 2681 2434 διειλέχθη,
2739 2366 2831 2416 καὶ
2890 2364 3117 2437 προσέτι
3175 2362 3347 2418 πλείω
3397 2363 3714 2432 εὐηργέτει.

460 2449 573 2501 Καὶ
598 2450 727 2513 τοὺς
757 2450 954 2514 ἄλλους
984 2454 1078 2507 καὶ
1104 2456 1295 2524 τιμαῖς
1330 2455 1593 2525 ἠμείϐετο
1633 2456 1725 2509 καί⁸
1766 2457 2017 2528 δωρεαῖς.
2062 2456 2167 2509 Τὸν
2201 2457 2369 2528 δῆμον
2409 2457 2466 2511 δὲ
2501 2459 2610 2511 τῶν
2638 2457 2939 2540 δημοσίων,
2978 2459 3180 2530 ἀνῆκεν
3243 2457 3537 2528 εἰσφορῶν,
3592 2458 3717 2511 ὅσαι

465 2542 705 2612 μάλιστα
742 2542 979 2606 ἐπίεζον.

786 2660 798 2693 ι
1734 2642 1749 2655 ’
1900 2638 2123 2707 CAPUT
2164 2639 2281 2696 xu.

458 2731 763 2803 Imperator
802 2732 870 2786 ad
903 2734 1134 2799 gratiam
1165 2731 1444 2787 Benedicto
1471 2733 1823 2803 referendam.
1849 2734 1964 2789 Chii
1985 2736 2300 2803 prazfeclura
2326 2733 2478 2788 illum
2509 2750 2704 2787 ornare
2730 2735 2858 2798 vult,
2882 2752 2998 2789 cum
3050 2735 3301 2789 reditibus
3345 2735 3709 2803 amplissimis.

532 2749 543 2782 ι
584 2749 763 2786 erator
802 2749 868 2786 aa
903 2749 1134 2799 gratiam
1165 2749 1444 2787 benedicta
1471 2749 1823 2803 referendam.
1849 2749 1964 2789 um
1985 2749 2300 2803 prwjecmra
2326 2749 2478 2788 tuum
2509 2750 2704 2787 ornare
2730 2749 2858 2798 vult,
2882 2752 2998 2789 cum
3050 2749 3301 2789 reditibus
3345 2749 3707 2803 amplissimis.

532 2749 703 2872 [gemo
729 2818 945 2867 auarus,
999 2812 1046 2855 et
1093 2805 1399 2856 ambitiosus
1447 2808 1614 2857 totum
1662 2807 1890 2858 insulam
1926 2822 2021 2872 pro
2058 2805 2262 2871 peculio
2290 2806 2447 2857 (iudet
2479 2815 2671 2872 petere.
2722 2805 2959 2858 Conatur
2990 2821 3107 2858 eum
3155 2819 3349 2858 sanare
3396 2807 3707 2872 imperator.

530 2868 707 2945 Datur
728 2874 960 2945 spatium
993 2875 1061 2926 ad
1089 2873 1505 2945 deliberandum.
1535 2874 1707 2926 Manet
1750 2878 1804 2928 in
1832 2868 2095 2945 seu-tentia
2146 2868 2506 2943 pertinaciter.
2551 2874 2804 2928 Calatam
2846 2876 3082 2945 triremes
3105 2876 3251 2941 petit,
3284 2891 3418 2943 quas
3444 2868 3526 2928 illi
3553 2886 3709 2945 negat

531 2943 844 3014 imperator.
880 2942 1081 2996 lterum
1103 2945 1336 3014 spatium
1370 2944 1696 3014 deliberandi
1723 2945 1906 3008 datur,
1936 2954 1983 2997 et
2012 2942 2325 2997 Benedictus
2352 2961 2447 3013 pro
2480 2946 2626 3012 futuo
2653 2946 2893 2997 Imbelur.
2926 2944 3209 3014 Consilium
3243 2945 3421 3014 magni
3439 2942 3707 2998 domestici

531 3012 597 3064 de
619 3012 845 3081 infamia
878 3014 1185 3080 imperatori
1214 3013 1526 3082 effugienda.
1569 3014 1609 3065 A
1659 3012 1970 3066 Latinorum
2011 3025 2269 3065 conventu
2321 3014 2632 3066 Benedittus
2678 3029 2771 3081 pro
2804 3016 2988 3065 insano
3019 3012 3343 3067 damnatur.
3365 3013 3596 3067 Honores
3624 3014 3707 3067 illi

529 3084 943 3153 exquisitissimi,
976 3098 1092 3135 cum
1128 3084 1312 3150 uiginti
1343 3099 1628 3137 nureorunt
1669 3085 1905 3138 millibus
1935 3086 2315 3153 promittuntur
2343 3099 2358 3138 .'
2389 3087 2591 3153 spernit
2617 3084 2820 3136 omnia.
2848 3083 3191 3152 Imperatoris
3214 3083 3380 3135 virtus
3410 3083 3663 3138 laudatur
3689 3099 3707 3137 :

526 3151 837 3206 Benedictus
875 3153 1129 3206 Catulum
1167 3155 1404 3221 navigat.

529 3243 868 3319 Accersitum
895 3258 1115 3313 quoque
1143 3244 1500 3300 Benedictum
1549 3245 1769 3300 Martini
1804 3245 2032 3302 fratrem

2207 3246 2489 3299 Μπένετον
2550 3244 2607 3298 δὲ
2675 3242 3195 3313 μετακαλεσάμενος
3261 3242 3356 3295 τδν
3421 3244 3706 3316 Μαρτίνου

442 3337 827 3403 accusationis
867 3337 1149 3399 admonet,
1178 3352 1342 3406 quam
1374 3339 1423 3391 ei
1453 3339 1769 3408 Byzantium
1807 3338 2036 3392 veniens

462 3430 778 3484 intenderat
810 3429 880 3483 de
909 3442 1001 3482 sex
1032 3444 1323 3484 aureorum
1355 3430 1619 3493 millibus,
1657 3446 1777 3499 qua:
1812 3444 1911 3497 pro
1936 3444 2034 3499 pa-

460 3529 616 3572 terna
673 3527 822 3572 sorte
870 3517 938 3571 de
987 3517 1224 3586 publicis
1299 3518 1424 3574 Chii
1484 3519 1757 3575 reditibus
1836 3532 2035 3587 capere

458 3608 764 3673 debuisset,
803 3607 873 3662 ab
915 3608 1006 3662 illo
1037 3617 1243 3674 autem,
1288 3611 1380 3679 qui
1432 3612 1667 3666 insulam
1703 3610 1809 3665 sibi
1847 3598 2036 3664 vendi-

458 3708 661 3762 casset,
696 3698 946 3769 privatus
981 3699 1196 3754 fuisset.
1235 3700 1303 3754 Et
1333 3716 1444 3770 quo
1469 3710 1629 3769 pacto
1662 3702 1956 3767 auxilium,
1986 3702 2032 3757 si

458 3789 608 3859 quod
646 3796 856 3859 posset,
885 3788 1068 3844 aﬂerri
1102 3789 1424 3859 petivisset;
1454 3805 1575 3859 qua:
1605 3789 1720 3860 ipse
1751 3792 2035 3859 promisis-

458 3888 567 3947 set,
591 3880 752 3953 233
774 3895 938 3951 quam
973 3896 1164 3936 severe
1189 3882 1451 3936 nimirum
1486 3882 1540 3934 in
1570 3881 1766 3935 Chium
1797 3883 2033 3949 delatus,

455 3984 513 4029 et
543 3975 670 4039 sibi,
704 3985 761 4030 et
791 3975 868 4028 illi
904 3973 1161 4045 injuriam
1202 3976 1405 4029 illatam
1432 3975 1653 4028 ulturus
1678 3978 1839 4030 l'oret.
1872 3976 2032 4042 Quod

456 4065 719 4135 quoniam
774 4065 1030 4132 feliciter,
1075 4075 1239 4136 atque
1278 4077 1337 4121 ut
1370 4081 1467 4137 par
1506 4078 1645 4132 erat,
1675 4070 1943 4129 evenerit,
1976 4078 2033 4122 et

457 4157 726 4215 Martinus
756 4159 937 4215 insula
964 4169 1191 4215 exactus
1221 4161 1314 4227 sit,
1351 4170 1783 4217 consentaneum
1814 4164 1918 4217 sibi
1954 4164 2033 4218 vi-

457 4251 573 4307 deri
621 4253 889 4321 promissa
942 4253 1284 4323 persolvere,
1339 4262 1395 4306 et
1438 4254 1665 4308 castello
1701 4265 1896 4324 sponte
1938 4260 2033 4310 de-

458 4342 639 4398 dendo
665 4346 998 4399 declaratum
1038 4359 1169 4413 erga
1217 4359 1276 4398 se
1318 4345 1739 4413 propensionem
1771 4362 2033 4416 compen-

453 4449 599 4489 Sare.
646 4434 914 4501 Quocirca
969 4451 1027 4490 se
1078 4436 1155 4489 illi
1200 4435 1581 4505 praefecturam
1624 4437 1747 4505 Chii
1791 4438 2028 4493 deferre.

451 4526 703 4595 Cumque
741 4527 951 4603 reditus
981 4526 1172 4581 insulae
1212 4537 1433 4581 centum
1476 4543 1540 4581 ac
1565 4528 1758 4597 viginti
1793 4530 2028 4584 millium

2136 3337 2384 3406 ἀδελφὺν,
2440 3336 2819 3407 άνεμίμνησκέ
2904 3353 2964 3389 τε
3046 3329 3122 3389 ὧν
3198 3334 3337 3406 πρὸς
3410 3336 3708 3399 Βυζάντιον

2135 3428 2306 3482 ἐλθὼν
2350 3428 2445 3480 τοῦ
2487 3426 2718 3493 ἀδελφοῦ
2768 3430 3092 3497 κατηγόρει,
3127 3428 3203 3491 ὡς
3234 3429 3572 3499 ἀποστεροίη
3607 3430 3710 3498 μὲν

2134 3521 2248 3575 τῶν
2278 3521 2666 3589 ἑξακισχιλίων
2711 3521 3047 3591 χρυσίων,.ἆ
3094 3520 3375 3593 προσῆκεν
3417 3521 3566 3590 αὐτῷ
3601 3523 3711 3576 ἀπὸ

2134 3613 2244 3666 τῶν
2329 3613 2606 3683 δημοσίων
2666 3613 2948 3681 προσόδων
3019 3614 3121 3682 τῆς
3187 3614 3324 3666 Χίου
3386 3612 3707 3683 λαμϐάνειν,

2135 3706 2300 3767 αὐτὸς
2377 3706 2435 3758 δὲ
2517 3705 2618 3776 τὴν
2688 3705 2856 3775 νῆσον
2936 3705 3394 3775 σφετεριζόμενος
3471 3706 3703 3758 ἀποστε-

2138 3800 2257 3871 ροίη
2316 3795 2411 3853 τοῦ
2465 3799 2725 3869 πατρῴου
2792 3800 3022 3869 κλήρου,
3080 3800 3178 3853 καὶ
3248 3799 3325 3863 ὡς
3377 3800 3548 3853 ἐδεῖτο
3609 3800 3708 3869 τῆς

2131 3888 2594 3964 δυνατῆς’τυχείν
2662 3894 3007 3963 ἐπικουρίας,
3070 3887 3148 3945 ὧν
3208 3908 3267 3944 τε
3321 3892 3481 3953 αὐτὸς
3533 3894 3709 3960 ἐπηγ-

2134 3985 2377 4053 γείλατο,
2403 3984 2480 4047 ὡς
2507 3985 2633 4038 ὅσον
2666 3985 2765 4055 ἤδη
2794 3987 3090 4054 γενόμενος
3143 3986 3202 4037 ἐν
3229 3983 3346 4053 Χίῳ
3378 3987 3480 4053 τῆς
3522 4002 3583 4036 τε
3626 3986 3710 4047 είς

2133 4074 2301 4127 αὐτὸν
2344 4075 2439 4127 καὶ
2491 4072 2584 4126 τὸν
2620 4073 2849 4141 ἀδελφὺν
2896 4074 3116 4136 ἀδικίας
3163 4074 3520 4143 εἰσπράξεται
3553 4076 3709 4139 Μαρ-

2135 4168 2280 4219 τίνον
2306 4166 2484 4229 δίκας.
2532 4163 2636 4221 Ὧν
2672 4166 2739 4236 δὴ
2771 4164 2869 4218 νῦν
2909 4167 3093 4228 καλῶς
3147 4166 3244 4220 καὶ
3295 4168 3370 4228 ὠς
3422 4168 3708 4236 προσῆκεν

2134 4258 2483 4323 ἀποϐάντων,
2517 4258 2613 4311 καὶ
2662 4258 2942 4328 Μαρτίνου
2980 4258 3114 4311 Χίου
3175 4258 3709 4327 ἐξεληλαμένουξδί-

2134 4366 2293 4403 καιον
2343 4350 2600 4420 ήγεῖσθαι
2636 4352 2785 4402 εἰναι
2814 4351 2913 4413 τὰς
2950 4367 3009 4403 τε
3044 4352 3379 4419 ἐπαγγελίας
3396 4352 3706 4421 ἐκπληροῦν

2133 4441 2232 4505 τὰς
2257 4444 2337 4505 εἰς
2368 4441 2552 4506 αὐτὸν,
2588 4442 2683 4495 καὶ
2712 4444 2813 4510 τῆς
2847 4442 3066 4505 εὐνοίας
3093 4441 3419 4513 ἀμείϐεσθαι
3466 4438 3534 4514 ἦς
3568 4443 3707 4513 πρὸς

2133 4531 2362 4585 ἐλθόντα
2413 4530 2741 4596 ἐνεδείξατο,
2795 4532 2856 4585 τὸ
2882 4534 3145 4604 φρούριον
3201 4533 3503 4601 παραδούςο
3537 4530 3611 4588 Οἶ)
3642 4533 3707 4602 δὴ

451 4632 751 4671 aureorum
805 4633 1072 4671 summam
1128 4618 1287 4688 plane
1347 4621 1719 4680 conficerent.
1783 4622 1850 4674 ad
1914 4624 2034 4691 ejus

2137 4623 2300 4676 ἓνεκα
2338 4623 2437 4691 τῆς
2470 4640 2529 4675 τε
2565 4626 2699 4678 Χίου
2739 4624 3064 4693 ἐπιτρέπειν
3108 4623 3205 4693 τὴν
3236 4624 3431 4694 ἀρχὴν,
3467 4626 3560 4677 καὶ
3596 4626 3706 4677 τῶν

451 4708 925 4778 procurationem,
953 4709 1020 4763 ad
1050 4710 1326 4778 praesidia,
1373 4727 1619 4782 ususque
1665 4716 2031 4781 necessarios,

453 4809 722 4870 quantum
771 4815 830 4855 re
858 4811 1149 4870 perspecta
1182 4805 1378 4858 merito
1407 4804 1611 4874 requiri
1641 4815 1881 4874 putaret.
1934 4809 2035 4861 im-

452 4889 763 4960 penderet;
794 4891 862 4946 de
898 4891 1113 4959 reliquo
1148 4892 1437 4948 dimidium
1482 4910 1654 4949 unum
1709 4899 1760 4949 in
1797 4897 2033 4966 impera-

452 4984 591 5034 toris
645 4979 841 5035 ﬁscum
903 4981 1157 5049 inferret,
1209 4984 1383 5039 altero
1447 4986 1565 5054 ipse
1615 4988 1912 5043 frueretur.
1962 4989 2032 5044 Et

449 5072 712 5142 quoniam
755 5089 889 5129 suus
916 5091 1191 5145 quemque
1230 5077 1347 5131 dies
1394 5077 1547 5143 latet,
1582 5095 1800 5148 mquum
1866 5096 1938 5134 se.
1972 5089 2029 5134 et

452 5166 584 5219 utile
612 5167 889 5231 arbitrari,
918 5183 1100 5222 arcem
1135 5185 1167 5224 a
1196 5169 1432 5224 Martino
1471 5171 1778 5231 inchoatam
1810 5173 2023 5241 perlici,

447 5268 504 5310 et
533 5273 565 5312 a
591 5276 649 5312 se
677 5274 801 5313 cum
836 5262 1090 5329 praesidio
1117 5264 1395 5331 occupari;
1416 5279 1545 5333 quo,
1571 5265 1615 5317 si
1637 5266 1792 5334 quid,
1821 5273 1882 5319 ut
1904 5274 2033 5319 sont

448 5365 541 5404 res
570 5352 843 5419 humanas,
873 5354 976 5408 sibi
1022 5355 1306 5419 acciderit,
1347 5366 1403 5411 et
1452 5359 1597 5410 inter
1626 5357 1877 5410 homines
1910 5373 2033 5411 esse

449 5443 696 5506 desierit,
740 5445 970 5499 Romani
1019 5445 1239 5514 Chium,
1268 5449 1357 5502 cui
1409 5448 1569 5502 multi
1623 5457 1677 5501 et
1705 5449 1922 5512 remoti,
1977 5456 2035 5501 et

449 5535 642 5601 vieini,
676 5538 1091 5608 praescrtimque
1131 5540 1270 5594 Delii
1304 5541 1720 5611 llospitaleuses
1749 5541 1864 5609 (77)
1901 5541 2040 5594 insi-‘

2132 4714 2409 4782 προσόδων
2441 4716 2614 4783 αὐτῆς
2641 4714 2747 4767 τῶν
2779 4715 3056 4785 δημοσίων
3083 4714 3183 4767 οὐκ
3220 4714 3448 4767 ἔλαττον
3476 4716 3704 4784 χρυσίου

2134 4805 2415 4876 μυριάδων
2464 4806 2801 4869 δυοκαίδεκα
2848 4806 3049 4872 οὐσῶν,
3105 4808 3187 4868 είς
3234 4810 3336 4875 μὲν
3381 4807 3706 4876 ἐπιμέλειαν

2129 4900 2230 4967 τῆς
2308 4902 2474 4967 νήσου
2548 4900 2642 4952 καὶ
2699 4899 2977 4967 φυλακὴν,
3031 4898 3116 4951 ἐτι
3162 4915 3220 4951 τε
3274 4898 3473 4968 λοιπὴν
3529 4901 3706 4966 ἀναγ-

2131 4991 2305 5043 καίων
2345 4990 2720 5059 ἀναλωμάτων
2752 4990 2946 5061 χρείαν
2973 4992 3074 5044 ὅσα
3099 4989 3165 5044 ἂν
3187 4990 3337 5060 αὐτῷ
3372 4990 3707 5061 σκεψαμένῳ

2140 5080 2351 5147 βέλτιον
2386 5080 2569 5149 δοκοίη
2608 5080 2755 5148 ἔχειν
2786 5079 3023 5133 ἀναλοῦν
3053 5095 3067 5110 ·
3098 5079 3171 5133 τά
3215 5080 3274 5133 δὲ
3306 5079 3706 5146 ὑπολειφθέντα

2133 5176 2414 5241 γρήματα,
2437 5172 2504 5223 τὰ
2527 5171 2699 5242 ήμίση
2732 5172 2834 5240 μὲν
2861 5170 2939 5240 τῷ
2961 5170 3229 5240 βασιλικῷ
3256 5171 3495 5240 ταμιείῳ
3526 5171 3709 5223 siquo-

2134 5263 2334 5331 μίζειν,
2367 5263 2529 5316 αὐτὸν
2580 5263 2640 5316 δὲ
2677 5264 2747 5316 τὰ
2784 5263 3043 5315 ἐπίλοιπα
3065 5261 3442 5332 καρποῦσθαι.
3474 5261 3707 5330 Ἄδηλον

2129 5356 2186 5406 δὲ
2239 5356 2299 5407 ὃν
2335 5355 2609 5424 ἀνθρώπῳ
2660 5353 2826 5408 παντὶ
2853 5355 3019 5408 ὁπότε
3052 5353 3465 5424 ἀπροσδόκητον
3509 5353 3622 5417 ἕξει
3643 5350 3708 5405 τὸ

2130 5449 2283 5510 τέλος
2316 5448 2414 5515 τῆς
2442 5446 2838 5517 ζωῆς,δίκαιον
2858 5444 2976 5514 ἅμα
3008 5446 3102 5498 καὶ
3134 5443 3417 5507 λυσιτελὲς
3447 5441 3704 5513 ήγεῖάθαι

2135 5537 2402 5610 εἶναιτὴν
2425 5541 2748 5610 ἀκρόπολιν,
2785 5540 2819 5609 ἢ
2855 5537 2996 5607 πρὸς
3022 5537 3304 5609 Μαρτίνου
3336 5536 3696 5607 ᾠκοδομεῖτο,

1706 5647 1923 5709 Jacobi
1960 5647 2232 5708 Pontani
2269 5655 2456 5709 notae.

434 5733 448 5740 ’
525 5741 639 5814 (T7)
667 5743 832 5802 Delus
854 5753 969 5802 tum
1005 5746 1470 5820 Hospitalensium
1502 5758 1642 5817 erat,
1669 5745 1947 5833 quomodo
1972 5755 2030 5801 et
2067 5744 2288 5801 Graccus
2335 5745 2506 5801 codex
2560 5745 2685 5802 illos
2702 5728 2972 5801 nominat.
2994 5744 3236 5816 Σπιτάλη
3266 5745 3414 5821 enim
3441 5742 3495 5799 in
3512 5739 3701 5798 Graeco
