4016 6416
378 318 489 381 εδδ

1557 312 2103 376 HISTORIARUM
2142 312 2381 375 LIBER
2418 313 2497 375 ll.

3552 308 3657 372 486

378 428 896 484 ἒπισκευασθεῖσαν
948 423 1024 483 ὧν
1055 429 1253 495 δέοιτο,
1310 430 1530 499 φρουρᾷ
1559 428 1971 498 κατασχεθῆναι

2084 426 2322 489 dientur,
2375 440 2445 479 ne
2495 424 2774 478 amittant.
2827 422 2950 488 llaec
2984 439 3109 478 cum
3173 421 3472 492 imperator
3510 422 3660 478 dice-

370 521 522 590 νπαρ*
554 520 747 586 αὐτοῦ,
777 520 852 584 ὡς
874 522 929 574 εί
950 538 1004 574 τι
1034 520 1162 593 περὶ
1196 520 1382 583 αὑτοῦ,
1418 515 1504 573 οἷα
1536 521 1602 573 τὰ
1631 519 1971 590 ἀνθρώπινα,

386 613 643 683 συμϐαίη
679 615 777 667 καὶ
834 615 1046 681 γένοιτο
1100 614 1159 678 ἐξ
1214 612 1542 682 ἀνθρώπων,
1583 612 1659 683 μὴ
1710 614 1810 682 τὴν
1842 611 1974 664 Χίον

388 701 714 774 Ῥωμαίους
748 705 1218 775 ἀποστερηθῆναι,
1253 705 1484 769 πολλοὺς
1505 704 1738 774 ἔχουσαν
1759 703 1820 756 οὐ
1846 703 1976 773 πόρ-

395 794 579 863 ρωοεν
632 796 817 863 μόνον,
862 794 997 848 ἀλλὰ
1040 797 1134 849 καί
1192 795 1425 861 ἐγγύθεν
1483 794 1822 855 ἐπιϐούλους,
1883 792 1976 844 καὶ

393 884 647 952 μάλιστα
674 884 800 945 τοὺς
838 889 902 938 ἐκ
940 887 1112 956 Δήλου
1137 884 1537 948 Σπιταλεὼτας.
1567 886 1806 939 Τοιαῦτα
1839 886 1976 953 πρὸς

386 976 683 1029 Μπενέτον
710 976 1004 1040 διεξιόντος
1039 978 1331 1046 βασιλέως,
1385 981 1477 1032 καὶ
1513 980 1716 1049 μικρᾶς
1750 977 1970 1041 εὐνοίας

392 1068 563 1136 χάριν
593 1068 844 1137 μεγάλην
874 1070 1333 1138 κατατιθεμένου,
1373 1071 1421 1123 οί
1454 1071 1553 1139 μὲν
1578 1070 1727 1123 ἄλλοι
1772 1070 1977 1133 πάντες

396 1156 848 1227 κατεπλήττοντο
886 1159 986 1222 τὴν
1021 1160 1147 1228 περὶ
1176 1160 1273 1221 τὰς
1326 1159 1653 1229 εὐεργεσίας
1684 1159 1780 1212 τοῦ
1819 1160 1977 1228 βασι-

393 1246 535 1309 ).ém;
557 1247 897 1315 φιλοτιμίαν,
938 1249 1023 1302 ὅτι
1060 1251 1268 1319 μικρᾶς
1300 1249 1465 1302 ἕνεκα
1516 1250 1732 1313 εὐνοίας
1781 1249 1979 1303 τοσαύ-

390 1356 498 1408 την
534 1339 906 1409 ἀντιπαρέσχε
956 1340 1141 1409 χάριν,
1178 1342 1319 1411 μήτε
1353 1333 1427 1394 ὧν
1459 1341 1707 1394 ἀνάλωσε
1744 1342 1977 1412 χρημά-

393 1448 510 1483 των
541 1430 680 1502 πρὸς
702 1431 804 1500 τὴν
833 1418 1193 1502 παρασκευὴν
1223 1433 1316 1486 τοῦ
1352 1434 1542 1487 στόλου
1573 1436 1668 1487 καὶ
1696 1436 1792 1504 τῆς
1824 1452 1981 1487 συνε-

396 1522 617 1591 πομένη
674 1522 841 1592 ἀλλης
871 1527 1136 1593 στρατιᾶς
1155 1524 1629 1596 ὑπολογισάμενος
1660 1528 1720 1580 τὸ
1752 1526 1976 1595 πλῆθος,

396 1615 545 1684 μήτε
602 1607 677 1666 ὧν
731 1614 797 1669 ὲκ
858 1615 994 1667 Χίου
1044 1614 1272 1685 ἔμελλεν
1323 1618 1555 1688 ἐτησίους
1612 1621 1639 1672 ὁ
1690 1618 1979 1681 Μπενέτος

390 1706 803 1777 ἀποφέρεσθαι,
843 1709 936 1760 καὶ
991 1708 1186 1775 ταῦτα,
1215 1709 1373 1777 ὀλίγα
1421 1711 1452 1779 ἢ
1506 1710 1661 1764 οὐδὲν
1713 1712 1851 1781 πρὸς
1888 1711 1977 1763 τὸν

396 1799 548 1869 ὑπὲρ
611 1799 711 1867 τῆς
762 1801 896 1852 Χίου
930 1801 1169 1869 πόλεμον
1221 1777 1576 1871 εἴσενεγκών.
1613 1777 1888 1873 Μπενέτῳ
1922 1803 1980 1856 δὲ
2013 1777 2053 1831 Β

392 1889 557 1942 οὐδὲν
580 1890 691 1959 ἄρα
720 1890 904 1961 ἢρκει,
929 1891 1046 1943 ἀλλ’
1075 1892 1380 1946 ἀδικεῖσθαι
1405 1895 1593 1962 ἠγεῖτο
1623 1897 1719 1945 καὶ
1746 1895 1981 1947 ἀποστε-

398 1981 622 2053 ρεῖσθαι
659 1983 733 2052 μὴ
772 1982 1037 2052 μειζόνων
1067 1983 1405 2053 ἀξιούμενος.
1441 1985 1533 2038 Διί)
1563 1988 1659 2041 καὶ
1691 1986 1789 2057 τὴν
1829 1986 1983 2055 βασι-

396 2075 544 2138 λέως
599 2076 811 2144 δωρεὰν
847 2076 1156 2130 ἀπεωθεῖτο
1195 2079 1270 2144 μὴ
1303 2077 1514 2130 δεῖσθαι
1568 2080 1799 2148 φάσκων
1853 2080 1980 2149 μήτ’

395 2167 789 2236 ἐπιτροπεύειν
809 2166 965 2230 Χίου,
996 2168 1121 2239 μήτ’
1151 2168 1235 2235 ἐφ’
1256 2162 1337 2231 οἷς
1360 2171 1387 2221 ὁ
1417 2169 1601 2240 πατὴρ
1625 2170 1815 2235 αὐτοῦ,
1846 2169 1979 2240 μήθ’

395 2259 425 2308 ὁ
454 2256 689 2325 ἀδελφὸς
718 2258 998 2327 Μαρτῖνος
1025 2260 1120 2312 καὶ
1151 2260 1316 2313 αὑτὸν
1342 2261 1595 2331 κατέχειν
1625 2278 1637 2292 ’
1656 2263 1771 2315 ἀλλ’
1807 2266 1855 2315 εἰ
1882 2263 1981 2331 μὲν

396 2348 557 2418 αὕτῷ
593 2350 911 2403 παντάπασι
950 2354 1051 2420 τῆς
1111 2352 1247 2404 Χίου
1283 2351 1537 2423 βασιλεὺς
1594 2357 1979 2426 παραχωροίη,

394 2440 537 2494 ὥστ’
569 2441 709 2494 ίδέαν
741 2443 891 2512 αὑτῷ
926 2444 1102 2516 ἀρχὴν
1156 2442 1318 2510 εἶναι,
1363 2448 1457 2499 καὶ
1491 2449 1760 2518 μηδαμῶς
1806 2451 1983 2503 τελεῖν

327 2588 343 2597 _
398 2534 511 2585 ῠπδ
550 2533 879 2603 Ῥωμαίους,
936 2535 1143 2607 πολλὴν
1174 2537 1242 2589 ἂν
1277 2537 1445 2609 εἰδείη
1502 2541 1600 2606 τῇς
1659 2540 1982 2610 εὐεργεσίας

396 2626 587 2697 χάριν.
633 2626 692 2677 El
722 2626 778 2679 δὲ
808 2625 885 2697 μὴ
913 2628 1106 2681 τοῦτον
1146 2628 1393 2699 βούλοιτο
1427 2632 1516 2684 τὸν
1547 2632 1771 2700 τρόπον,
1822 2634 1986 2703 μηδε-

408 2716 538 2783 μιᾶς
569 2716 765 2786 ἐτέρας
788 2718 1110 2786 εὒεργεσίας
1150 2720 1468 2789 μεμνῆσθαι
1507 2720 1580 2784 ὡς
1614 2723 1754 2791 πρὸς
1787 2724 1983 2794 ἡδονὴν

410 2806 553 2874 αὒτῷ
574 2808 674 2859 οὐκ
703 2808 990 2879 ἐσομένης’
1025 2809 1142 2863 ἀλλ’
1174 2812 1338 2864 αὐτὸν
1367 2813 1416 2874 ὅ,
1461 2831 1513 2866 τι
1538 2812 1605 2867 ἂν
1628 2813 1758 2895 δοκῇ
1787 2815 1983 2868 δεσπό-

414 2897 651 2966 τηνδντα
692 2901 822 2969 περὶ
874 2903 973 2969 τῆς
1029 2902 1195 2970 νήσου
1262 2905 1548 2974 πράττειν.
1606 2905 1872 2968 Βασιλεὺς
1927 2905 2009 2972 δὲ,

409 2990 473 3041 οὐ
504 2989 682 3044 δίκαια
708 2993 884 3044 αίτεῖν
914 2993 1124 3060 ἔφασκε
1164 2996 1468 3061 Μπενέτον,
1520 2996 1629 3048 οὐδ’
1663 2991 1749 3048 οἶα
1777 3001 1980 3066 τυχεῖν.

2081 529 2183 580 ret,
2213 530 2496 585 parvoque
2540 513 2720 568 oﬂicio
2750 513 2896 569 illius
2924 514 3132 583 ingenti
3162 513 3431 569 beneficio
3451 529 3551 568 suo
3575 530 3665 569 re-

2079 608 2399 677 sponderet,
2443 606 2640 676 reliqui
2681 622 2876 660 omnes
2912 607 3031 676 ejus
3065 615 3173 660 tam
3226 606 3447 660 fervens
3492 606 3664 662 bene-

2078 700 2308 754 faciendi
2376 700 2621 754 studium
2686 700 3195 767 obstupeseebant,
3264 699 3487 768 quando
3550 709 3659 755 tam

2078 794 2293 847 medica
2341 801 2450 845 tam
2493 790 2706 860 magnis
2750 800 3007 860 pensaret
3042 806 3053 842 :
3084 806 3192 844 non
3233 803 3517 859 reputans,
3560 807 3663 847 ne-

2079 896 2185 949 que
2226 892 2463 950 quantos
2509 888 2761 949 sumptus
2815 881 2867 933 in
2916 880 3243 934 :rdiﬁcanda
3301 882 3663 951 ornandaque

2078 973 2299 1038 classe,
2350 982 2406 1026 et
2468 972 2524 1026 in
2572 970 2887 1025 classiarios
2948 972 3169 1027 fecisset
3210 987 3435 1041 :neque
3494 990 3663 1042 quam

2081 1064 2342 1134 grandem
2400 1062 2693 1131 pecuniam
2750 1062 3083 1117 Benedictus
3137 1063 3524 1121 anniversarie
3576 1082 3666 1121 rc-

2080 1163 2401 1224 portaturus
2425 1163 2569 1208 esset
2596 1197 2609 1220 ,
2644 1154 2809 1223 idque
2838 1170 2963 1209 eum
3008 1171 3198 1223 parum
3233 1165 3328 1210 aut
3356 1156 3494 1210 nihil
3517 1157 3662 1211 bello

2079 1262 2179 1316 pro
2204 1245 2343 1301 Chio
2374 1247 2801 1301 commodasset.
2841 1245 2947 1300 Sed
2984 1247 3277 1303 Benedicto
3328 1248 3466 1301 nihil
3508 1247 3662 1304 sum-

2080 1318 2301 1393 ciebat:
2336 1320 2431 1407 qui
2458 1354 2515 1392 se
2552 1342 2721 1393 etiam
2757 1339 2957 1410 injuria
3004 1339 3165 1403 aliici,
3191 1349 3247 1394 et
3288 1341 3403 1394 suis
3433 1340 3666 1410 spoliari

2081 1428 2364 1494 censebat,
2395 1428 2541 1497 quod
2596 1429 2897 1499 majoribus
2935 1431 3137 1498 dignus
3187 1446 3295 1483 non
3338 1430 3664 1493 haberetur.

2081 1515 2263 1584 Quare
2293 1522 2649 1574 donationem
2702 1521 3052 1591 imperatoris
3098 1522 3405 1591 rejiciebat,
3441 1521 3667 1592 profite-

2082 1607 2377 1678 baturque,
2414 1626 2524 1664 non
2552 1626 2610 1665 se
2651 1613 2720 1666 iis
2752 1612 3005 1682 indigere
3042 1629 3054 1665 :
3089 1628 3190 1668 nec
3221 1612 3420 1668 Chium
3463 1630 3669 1683 procu-

2085 1716 2207 1755 rare
2233 1702 2394 1766 velle,
2442 1718 2546 1758 nec
2594 1705 2835 1760 retinere
2870 1706 2936 1760 iis
2969 1706 3411 1774 conditionibus,
3463 1707 3669 1777 quibus

2084 1804 2179 1848 aut
2217 1810 2436 1863 parens,
2487 1806 2582 1849 aut
2613 1797 2783 1850 frater
2840 1798 3219 1854 retinuissent.
3262 1799 3315 1855 Si
3371 1800 3671 1868 imperator

2082 1900 2203 1938 eam
2245 1897 2413 1940 totam
2446 1888 2779 1941 omnimodis
2828 1906 2927 1957 pro
2966 1890 3233 1959 peculiari
3268 1892 3603 1961 principatu.
3636 1907 3669 1946 a

2086 1976 2459 2031 Remanorum
2490 1978 2724 2048 imperio
2757 1995 2980 2049 prorsus
3003 1992 3312 2051 exemptam
3343 1982 3446 2037 sibi
3483 1983 3670 2047 cedat,

2089 2077 2201 2121 tum
2246 2068 2468 2123 demum
2498 2071 2574 2124 illi
2611 2083 2669 2126 ut
2712 2073 2981 2127 beneficio
3010 2074 3241 2143 gratiam
3287 2090 3538 2144 magnam
3577 2076 3674 2129 ha-

2083 2162 2355 2216 biturum.
2409 2162 2465 2217 Si
2513 2165 2675 2240 nolit,
2721 2182 2787 2220 ne
2822 2165 2990 2219 ullius
3028 2167 3287 2221 beneficii
3326 2166 3669 2223 mentionem

2087 2254 2265 2317 faciat,
2321 2256 2512 2309 audire
2545 2257 2693 2310 enim
2746 2272 2854 2311 non
2900 2273 3081 2327 posse.
3141 2259 3343 2313 Verum
3386 2272 3510 2312 eum
3555 2255 3673 2327 ipse

2085 2346 2279 2399 insula:
2312 2346 2570 2401 dominus
2599 2347 2692 2413 sit,
2734 2360 2921 2417 ageret
2954 2365 3052 2418 pro
3079 2350 3372 2405 arbitratu.
3415 2348 3671 2419 Respon-

2084 2436 2165 2490 dit
2222 2437 2540 2507 imperator,
2594 2439 2879 2494 Benedicti
2923 2442 3249 2509 petitionem
3298 2457 3402 2496 nec
3432 2457 3671 2511 tequam,

2083 2545 2187 2584 nec
2229 2530 2636 2600 impetrabilem
2686 2548 2850 2587 esse:
2889 2535 3200 2603 oportuisse
3249 2535 3398 2588 enim
3446 2550 3539 2588 sex
3575 2550 3675 2589 au-

2084 2639 2305 2677 reorum
2342 2624 2584 2679 millibus
2624 2642 2651 2677 a
2687 2626 2923 2680 Martno
2955 2626 3291 2697 recipiendis
3321 2636 3671 2696 contentum,

2082 2718 2282 2773 alienis
2323 2735 2381 2774 se
2436 2736 2543 2774 non
2580 2720 2888 2790 implicare.
2929 2722 3068 2777 Cum
3118 2740 3250 2778 vero
3299 2741 3409 2777 non
3449 2732 3669 2779 tantum

2088 2812 2272 2878 modo,
2314 2814 2406 2867 sed
2456 2815 2630 2869 multo
2675 2814 2843 2870 etiam
2881 2816 3061 2884 plura,
3109 2826 3165 2870 et
3207 2816 3434 2886 insuper
3479 2816 3676 2871 insula:

2083 2905 2467 2975 patefecturam
2520 2908 2784 2976 consequi
2837 2908 3040 2971 liceat,
3078 2907 3242 2981 234
3289 2910 3385 2979 qui
3451 2912 3673 2965 tandem

2085 3013 2289 3052 munus
2321 2999 2425 3053 hoc
2463 2998 2585 3065 ejus
2614 3000 2825 3055 meritis
2875 3000 3224 3070 imparjuste
3261 3001 3433 3056 videri
3458 3001 3674 3072 queat?

411 3083 618 3153 Ἐχρῆν
649 3085 749 3152 μὲν
773 3085 882 3153 γάρ
909 3088 959 3138 εί
991 3089 1084 3140 καὶ
1115 3087 1240 3150 τοὺς
1269 3088 1673 3157 ἑξακισχιλίους
1700 3090 1979 3159 ἐλάμϐανε

2085 3089 2165 3144 Ad
2197 3091 2324 3154 hoc,
2358 3091 2404 3145 si
2442 3099 2610 3144 totam
2657 3091 2896 3144 insulam
2952 3093 3002 3146 ei
3052 3093 3106 3146 in
3156 3094 3431 3163 mancipio
3470 3094 3583 3157 det,
3617 3094 3674 3148 id

396 3176 661 3252 χρυσοῦς,
694 3168 768 3228 ὧν
798 3176 953 3244 παρά
996 3179 1277 3246 Μαρτίνου
1307 3179 1571 3249 ἠδικεῖτο,
1606 3181 1852 3252 ἀγαπᾷν,
1884 3184 1980 3236 καὶ

397 3248 893 3336 πολυπραγμονεῖν
950 3270 1138 3339 μηδὲν.
1197 3271 1258 3325 Εί
1291 3273 1347 3325 δὲ
1380 3274 1440 3326 οὐ
1489 3272 1732 3327 τοσαῦτα
1793 3276 1978 3344 μόνον,

393 3359 542 3413 ἀλλὰ
596 3362 693 3413 καὶ
746 3359 1134 3414 πολλαπλασίω
1184 3364 1417 3426 τούτων,
1469 3368 1564 3419 καὶ
1602 3368 1832 3435 προσέτι
1881 3369 1982 3438 τὴν

398 3452 582 3522 ἀρχὴν
628 3451 773 3521 ἔχειν
819 3453 999 3517 ἔξεστι
1028 3454 1128 3525 τῆς
1162 3458 1352 3527 νήσου,
1392 3459 1508 3522 πῶς
1542 3459 1608 3513 ἂν
1640 3461 1723 3531 εἴη
1769 3461 1981 3514 δίκαιον

400 3546 565 3597 ἑνδεᾶ
591 3545 692 3614 τὴν
746 3545 908 3615 χάριν
944 3546 1040 3599 τοῦ
1093 3553 1472 3620 προσήκοντος
1498 3551 1780 3621 νομίζειν;
1818 3555 1900 3608 ἐτι
1925 3555 1981 3608 ἑὲ

399 3639 531 3692 οὐδὲ
585 3638 768 3707 ἐαυτῷ
815 3640 877 3691 τὸ
933 3642 1287 3696 παντάπασιν
1350 3643 1502 3715 αὺτῷ
1562 3648 1977 3718 παραχωρῆσαι

400 3730 565 3788 Χίου.
600 3730 661 3781 ἐν
698 3728 850 3799 καλῷ
880 3730 973 3784 τοῦ
1000 3734 1282 3803 σχήματος
1312 3735 1416 3805 ἔφη
1449 3736 1732 3790 κείσεσθαι
1756 3739 1783 3790 ὁ
1823 3738 1980 3808 βασι-

400 3821 553 3888 λεὺς,
574 3822 697 3875 οὐδὲ
723 3824 1038 3894 φιλοτιμίαν
1058 3828 1151 3880 καὶ
1174 3828 1613 3899 μεγαλοψυχίαν,
1638 3831 1774 3884 ἀλλὰ
1801 3849 1981 3900 παρα-

403 3914 644 3983 πληξεαν
667 3915 759 3967 καὶ
792 3914 1054 3984 ἀκρισίαν
1083 3912 1378 3988 περιάψειν
1413 3921 1612 3990 ἐαυτῷ.
1639 3921 1701 3975 Ei
1737 3924 1847 3993 γὰρ
1873 3923 1981 3976 ἔδει

396 3999 662 4054 τοσοῦτον
683 4001 842 4055 πόνον
860 4002 1024 4057 αὐτόν
1050 4022 1109 4058 τε
1138 4007 1233 4059 καί
1250 4008 1558 4077 Ῥωμαίους
1586 4011 1979 4081 ὑπομείναντα,

401 4098 499 4147 καὶ
539 4093 776 4148 τοσαῦτα
811 4097 951 4149 κατὰ
977 4097 1074 4166 τὴν
1103 4101 1460 4172 παρασκευὴν
1488 4094 1595 4155 τοῦ¹
1622 4105 1810 4157 στόλου
1841 4108 1981 4175 χρή-

402 4202 553 4253 ματα
571 4186 674 4239 οὐκ
703 4187 867 4241 αὑτὸν
916 4188 1077 4258 μόνον
1107 4193 1171 4244 ὲκ
1199 4192 1308 4245 τῶν
1344 4193 1661 4262 βασιλικῶν,
1694 4195 1833 4251 ἀλλά
1885 4200 1981 4252 καὶ

400 4279 464 4329 ἐκ
505 4276 618 4329 τῶν
652 4278 802 4331 ἰδίων
832 4279 941 4332 τῶν
971 4280 1250 4351 ἐπιφανῶν
1277 4286 1448 4338 πολλά
1481 4287 1844 4342 ἀναλωκότων
1870 4288 1981 4342 ὤσ-

397 4386 458 4419 τε
512 4369 790 4440 κρατῆσαι
820 4372 977 4436 Χίου,
1036 4374 1229 4428 ἔπειτα
1279 4377 1429 4446 αὐτῷ
1458 4364 1866 4451 παραχωρῆσαι
1921 4385 1979 4446 ὲς

2091 3183 2191 3237 sibi
2238 3184 2556 3251 neutiquam
2584 3182 2733 3237 laudi
2763 3184 2882 3238 fore
2909 3200 2923 3249 ;
2957 3200 3135 3254 neque
3162 3185 3348 3255 gloriae
3384 3184 3674 3255 cupidum,

2088 3284 2144 3330 et
2176 3275 2607 3346 magnanimum,
2651 3275 2746 3329 sed
2784 3291 3075 3342 vesanum,
3111 3284 3168 3330 et
3219 3277 3428 3331 nullius
3457 3277 3673 3333 cerebri

2088 3367 2268 3420 visum
2297 3368 2384 3420 iri.
2422 3368 2477 3421 Si
2517 3369 2666 3421 enim
2704 3383 2929 3422 necesse
2964 3379 3084 3424 erat
3130 3378 3204 3423 tot
3235 3370 3521 3424 laboribus
3556 3381 3610 3423 et
3639 3386 3671 3426 a

2091 3473 2149 3511 se
2193 3458 2487 3528 susceptis,
2539 3468 2594 3513 et
2624 3473 2654 3511 a
2700 3459 2991 3521 Romanis,
3041 3469 3210 3529 atque
3260 3461 3314 3514 in
3368 3461 3542 3515 classe
3585 3462 3673 3514 ἰη-

2087 3552 2351 3604 struenda
2405 3565 2516 3604 non
2556 3568 2586 3605 a
2639 3567 2699 3606 se
2732 3552 3019 3617 duntaxat,
3061 3568 3091 3608 e
3125 3554 3257 3608 tisco
3297 3569 3419 3619 suo,
3475 3553 3571 3608 sed
3604 3553 3673 3608 ab

2089 3643 2397 3697 illustribus
2425 3659 2648 3713 quoque
2683 3645 2982 3714 separatim
3015 3646 3262 3713 impensa
3309 3661 3417 3699 non
3461 3646 3675 3701 medio-

2088 3734 2165 3788 eri
2218 3734 2386 3794 facta.
2429 3746 2488 3791 ut
2531 3734 2703 3791 Chius
2745 3737 3113 3807 reciperetur,
3159 3736 3363 3791 deinde
3419 3752 3538 3791 eam
3590 3738 3671 3793 illi

2090 3830 2422 3898 relinquere,
2471 3831 2609 3884 adeo
2657 3840 2715 3885 ut
2762 3831 2996 3885 Romani
3049 3845 3234 3900 neque
3272 3846 3442 3897 nunc,
3488 3844 3672 3898 neque

2089 3922 2316 3990 posthac
2352 3922 2653 3992 quidquam
2713 3924 2841 3977 inde
2882 3924 3242 3978 emolumenti
3289 3924 3670 3993 perciperent,

2089 4015 2201 4068 imo
2237 4030 2338 4069 nec
2376 4016 2542 4070 verbo
2579 4016 2774 4071 saltem
2806 4017 2954 4072 illius
2987 4017 3201 4070 domini
3233 4017 3672 4086 appellarentur,

2087 4106 2249 4176 longe
2285 4107 2480 4175 utique
2508 4108 2727 4176 melius,
2768 4118 2826 4164 et
2873 4109 3290 4164 conducibilius
3323 4109 3513 4172 fuisse,
3550 4124 3676 4176 pro—

2087 4201 2177 4256 cul
2211 4202 2450 4271 negotiis
2489 4205 2731 4271 quietem
2776 4202 3055 4272 per-equi,
3092 4200 3500 4270 Martinumque
3548 4215 3670 4256 eam

2088 4290 2333 4345 retinere
2386 4291 2623 4360 perpeti,
2669 4300 2727 4346 et
2779 4292 2910 4345 nihil
2947 4291 3234 4345 turbarum
3269 4289 3538 4344 excitare.
3580 4288 3673 4344 Sic

2088 4397 2327 4451 namque
2357 4393 2413 4436 et
2438 4381 2838 4452 defatigatione
2863 4397 2925 4437 ac
2951 4382 3138 4436 labore
3166 4380 3539 4449 expeditionis
3571 4382 3673 4434 liu-

398 4460 662 4512 τοσοῦτον
695 4459 839 4513 ὥστε
904 4463 1044 4532 μήτε
1102 4463 1198 4516 νῦν
1242 4467 1373 4535 μήθ’
1405 4466 1638 4539 ὕστερον
1671 4472 1745 4543 μὴ
1815 4471 1980 4540 μόνον

2084 4477 2198 4544 jus.
2244 4483 2302 4527 et
2339 4473 2562 4544 quidem
2612 4475 2903 4531 maritimae
2944 4484 2999 4528 et
3033 4483 3296 4543 prmterea
3333 4482 3672 4541 consumpta:

404 4552 478 4619 μὴ
533 4554 779 4618 μετεῖναι
828 4552 1125 4621 Ῥωμαίοις
1146 4556 1245 4624 τῆς
1295 4557 1568 4625 ὡφελείας
1625 4563 1724 4630 τῆς
1783 4565 1981 4632 αὐτῆς,

400 4643 542 4695 ἀλλά
582 4643 719 4713 μηδὲ
765 4648 1126 4715 προσρήματι
1154 4648 1296 4717 ψιλῷ
1349 4652 1576 4721 κυρίους
1606 4653 1983 4722 ὀνομάζεσθαι

401 4737 603 4802 αὐτῆς,
629 4738 811 4808 πολλῷ
837 4739 915 4809 τῷ
947 4740 1135 4810 μέτρῳ
1160 4741 1374 4810 βέλτιον
1408 4747 1501 4798 καὶ
1540 4746 1983 4818 λυσιτελέστερον

398 4824 494 4898 ἦν,
521 4829 625 4896 τὴν
661 4831 1109 4901 ἀπραγμοσύνην
1141 4834 1236 4886 καὶ
1283 4838 1381 4903 τὴν
1407 4838 1645 4907 ἡσυχίαν
1680 4840 1981 4909 αίρείσθαι,

401 4923 685 4991 Μαρττνόν
736 4940 794 4977 τε
851 4926 948 4995 sev
990 4926 1252 4997 κατέχειν
1303 4931 1397 4981 καὶ
1457 4930 1534 5001 μὴ
1593 4934 1980 5003 παρενοχλεῖν.

414 5012 677 5077 Ἐκείνως
704 5015 802 5084 μὲν
826 5014 934 5084 γὰρ
966 5016 1102 5083 πρὸς
1122 5017 1201 5088 τῷ
1225 5021 1302 5087 μὴ
1331 5020 1634 5076 κόπτεσθαι
1659 5025 1754 5077 καὶ
1788 5025 1981 5079 ταλαι-

402 5109 613 5174 πωρεῖν
674 5107 736 5157 ὲν
797 5108 1136 5175 στρατείαις,
1202 5110 1299 5163 καὶ
1364 5111 1562 5175 ταῦτα,
1619 5113 1974 5182 διαποντίοις,

406 5200 497 5250 καὶ
533 5198 601 5250 τά
633 5197 988 5251 ἀναλωθέντα
1048 5201 1308 5270 χρήματα
1338 5203 1467 5270 ἐξῆν
1491 5200 1802 5273 κερδαίνειν
1829 5222 1843 5237 ·
1880 5210 1978 5261 καὶ

406 5291 696 5358 προσέτιγε
732 5290 784 5343 εί
827 5291 903 5361 μὴ
960 5291 1079 5356 νῦν,
1120 5292 1239 5347 ἀλλ’
1275 5293 1503 5365 ὔστερόν
1560 5311 1691 5351 ποτε
1744 5298 1975 5370 δύναμιν

2082 4569 2331 4638 pecuniae
2365 4569 2718 4638 supersederi
2746 4570 3014 4639 potuisse.
3045 4568 3220 4646 Adde,
3264 4568 3435 4638 quod,
3468 4568 3513 4622 si
3561 4582 3668 4620 non

2082 4661 2189 4715 hoc
2218 4670 2485 4729 tempore.
2533 4669 2589 4715 at
2623 4662 2921 4731 aliquando
2962 4662 3256 4723 Romanis,
3297 4668 3357 4712 ttt
3405 4657 3669 4725 iniuriam

2083 4753 2282 4821 passis,
2317 4768 2635 4821 comparato
2666 4756 2912 4809 exercitu
2947 4755 3181 4809 insulam
3237 4766 3565 4821 recuperare
3604 4750 3676 4804 li-

2085 4847 2269 4911 cebit;
2324 4856 2380 4901 et
2411 4849 2493 4901 vel
2545 4862 2608 4900 ea
2655 4848 2848 4917 potitis
2897 4848 2987 4917 jus
3038 4864 3200 4903 suum
3252 4846 3532 4906 obtinere,
3581 4844 3668 4897 vel

2088 4938 2332 5004 petentia
2360 4937 2803 4993 adversariorum
2828 4941 3124 5011 superatis,
3156 4954 3336 5008 neque
3374 4950 3667 5006 perperam

2084 5029 2285 5103 egisse,
2321 5042 2497 5096 neque
2519 5031 2700 5085 fcedus
2736 5032 2969 5087 violasse
3002 5031 3328 5087 existimari.
3370 5025 3488 5093 Sin,
3522 5026 3670 5096 quod

2086 5127 2143 5171 tu
2204 5133 2352 5179 nunc
2390 5120 2662 5188 postulas,
2696 5121 2934 5176 insulani
2985 5122 3083 5176 tibi
3139 5135 3395 5184 cessero,
3449 5132 3674 5186 praetcr-

2082 5224 2246 5277 quam
2279 5209 2426 5278 quod
2464 5220 2703 5279 tempus,
2734 5220 2792 5264 et
2837 5212 3086 5280 impensa
3128 5209 3317 5280 periit,
3354 5210 3505 5262 nuta
3546 5222 3671 5269 spes

2079 5304 2201 5373 ejus
2258 5317 2501 5369 unquam
2561 5305 2894 5373 recipienda:
2956 5306 3217 5362 Romanis
3273 5307 3661 5375 relinquetur;

1660 5416 1876 5479 Jacobi
1911 5419 2179 5481 Pontani
2213 5429 2401 5482 noue.

398 5532 637 5606 barbaro
698 5532 985 5606 hospitium
1031 5542 1134 5587 est.
1189 5534 1376 5606 Genus
1424 5536 1813 5606 religiosorum
1872 5541 1976 5596 sub

399 5603 614 5676 ilygino
666 5602 1193 5676 porililice_notuin.
1259 5604 1426 5660 Iidem
1467 5602 1561 5676 qui
1588 5609 1809 5675 Rhodii,
1874 5626 1972 5665 seu

400 5671 773 5747 liliodienses,
800 5681 886 5747 __et_
911 5672 1222 5747 uelitenses
1267 5676 1428 5731 hodie
1466 5671 1703 5747 quorum
1731 5671 1974 5733 hiStorize

397 5741 616 5798 Latinis
638 5750 694 5796 et
716 5740 921 5797 Italicis
959 5742 1162 5799 litteris
1186 5755 1424 5801 exstant.
1472 5740 1546 5802 De
1585 5749 1798 5819 origine
1828 5747 1969 5802 llos-

2081 5543 2439 5619 pifalensium
2493 5544 2886 5619 llierosolymae
2923 5550 3146 5619 scripsit
3191 5550 3244 5604 in
3283 5549 3521 5605 Historia
3566 5562 3667 5605 sua

2081 5615 2351 5691 Qriental.
2393 5632 2513 5686 cap.
2560 5615 2936 5691 6t,__.|a'ijobus
2966 5615 3334 5688 de-Vitriaco,
3369 5620 3668 5691 episcopus

2081 5682 2429 5743 Tusculanus
2459 5682 2513 5741 et
2545 5688 2862 5743 cardinalis.
3320 5682 3329 5688 ⁷
3402 5682 3423 5691 ’
3471 5735 3476 5740 .
