4016 6446
525 383 624 450 691
1717 379 2042 442 JOANNIS
2084 389 2092 434 t

2204 376 2621 439 WTACUZENI
3655 381 3684 444 ί
3710 383 3746 448 Ὠ

521 504 697 562 vet-et,
727 510 835 550 non
887 503 971 551 est
1014 493 1292 550 curiosius
1327 489 2092 562 inquirendum.Censendun

2216 487 2399 542 οἴκαδε
2430 489 2709 560 ἀπεχώρει
2731 486 2806 551 ὡς
2827 487 2898 542 τὰ
2921 487 3128 559 ἔσχατα
3154 487 3495 559 ἠδικημένος.
3513 489 3745 558 Βασιλεὺς

518 602 662 642 vero
695 586 1030 642 furiosorum
1063 600 1188 641 esse
1220 584 1482 648 similem,
1507 583 1601 654 qui
1634 598 1814 653 neque
1849 582 1981 653 quid
2016 596 2092 636 ne

2213 581 2272 633 δέ
2305 582 2400 634 ἐπὶ
2434 584 2550 645 τοῖς
2587 581 2900 652 γινομένοις
2928 581 3329 652 δυσχεραίνων,
3364 583 3468 635 τῶν
3493 585 3745 652 παρόντων

527 694 637 749 que
720 677 865 748 apud
927 693 1064 748 quos
1119 677 1455 747 loquantur,
1507 683 1749 741 norunt,
1807 675 1902 730 sed
1973 688 2092 742 qua

2214 674 2550 728 ἐπυνθάνετο
2585 673 2898 743 Ῥωμαίων,
2920 675 2968 726 εί
2996 675 3069 744 μὴ
3100 673 3199 744 τὴν
3231 677 3597 743 προσήκουσαν
3618 676 3748 746 εὐερ-

523 779 690 827 tenus
756 785 787 824 a
857 769 1238 825 cacodaemoue
1312 769 1696 839 exagitantur,
1762 767 2092 837 cogitationi

2215 767 2414 834 γεσίαν
2443 766 2803 820 κατατίθεται
2856 765 3175 841 Μπενέτῳ,
3197 765 3369 836 μικρὰ
3399 765 3432 834 ἢ
3459 767 3606 818 οὐδὲν
3635 769 3750 836 api;

523 860 635 917 bus
681 861 942 916 humanis
995 861 1356 916 abhorrentia
1415 861 1700 915 effutiunt.
1739 860 1808 915 Ut
1843 858 2092 914 autem-il

2215 859 2308 913 τὸν
2339 859 2482 928 ὑπὲρ
2506 859 2606 925 τῆς
2633 860 2768 910 Χίου
2793 858 3032 922 πόλεμον
3063 845 3498 928 συναραμένηλῆ
3525 857 3569 909 εί
3593 857 3752 910 δικαία

521 965 812 1025 posterum
856 968 960 1008 nec
996 953 1136 1023 ipse,
1177 968 1281 1007 nec
1309 953 1449 1006 alius
1482 951 1771 1006 veritatem
1823 950 2092 1004 mendacii

2216 954 2248 1022 ή
2276 952 2503 1017 ἀξίωσις
2544 950 2710 1002 αὑτοῦ
2743 950 2839 1002 καὶ
2869 950 2966 1004 σὺν
2997 950 3141 1017 λόγῳ
3169 949 3450 1017 γινομένη.
3478 948 3635 1000 Αὐτὸν
3661 950 3754 1016 γέιρ

526 1047 833 1104 obscurare
882 1053 1071 1116 queat,
1120 1053 1176 1099 et
1225 1045 1421 1098 inanes
1473 1042 1818 1098 comminisci
1875 1039 2088 1096 fabulas

2221 1043 2296 1114 μὴ
2330 1042 2592 1096 δύνασθαι
2623 1043 2890 1104 συνεῖναι,
2934 1041 2962 1093 ὃ
3023 1058 3075 1093 τι
3109 1040 3281 1093 ταῦτα
3309 1040 3454 1106 αὐτῷ
3475 1040 3536 1090 τὰ
3565 1039 3758 1108 ῥήματα

530 1155 642 1209 quo
713 1138 877 1193 nobis
947 1137 1128 1192 labem
1190 1136 1435 1206 aliquam
1488 1118 1857 1205 improbitatis
1906 1131 2091 1186 inurat

2217 1139 2349 1190 νοεῖ.
2378 1135 2440 1189 Οἱ
2477 1135 2574 1204 μὲν
2596 1133 2688 1187 οὖν
2720 1133 2872 1187 ἄλλοι
2899 1132 3188 1187 Μπενέτον
3217 1149 3275 1184 τε
3303 1131 3649 1200 κατῃτιῶντο,
3676 1130 3758 1182 καὶ

531 1231 694 1302 236
753 1247 877 1302 qum
934 1229 1073 1284 mihi
1142 1229 1462 1292 videantur,
1495 1226 1541 1281 si
1601 1225 1742 1280 forte
1793 1220 1984 1278 eadem
2017 1222 2092 1276 tib

2220 1228 2424 1298 πολλὴν
2459 1226 2872 1294 κατεγίνωσκον
2926 1224 3093 1278 αὐτοῦ
3130 1223 3465 1292 ἀϐελτηρίαν
3489 1239 3502 1252 ·
3550 1224 3574 1274 ὁ
3609 1221 3760 1288 μέγας

531 1325 942 1396 probabuntur,
976 1322 1227 1390 eloquar.
1263 1319 1403 1386 Quia
1454 1320 1506 1373 in
1559 1332 1800 1388 praesens
1845 1331 1954 1370 non
2002 1315 2092 1369 Ro!

2217 1321 2274 1374 δὲ
2310 1319 2654 1389 δομέστικος,
2685 1319 2797 1387 Τὴν
2847 1318 2947 1386 μὲν
2990 1317 3238 1384 ἀλογίαν,
3275 1311 3446 1380 εἶπεν,
3477 1308 3518 1366 ὧ
3545 1311 3756 1382 βασιλεῦ,

530 1416 677 1470 mani
713 1415 1000 1480 duntaxat,
1036 1412 1131 1466 sed
1161 1420 1217 1466 et
1245 1409 1568 1466 Genuenses
1597 1419 1654 1464 et
1694 1408 1895 1469 Veneti.
1921 1409 1978 1462 in
2013 1408 2092 1462 hat

2217 1411 2316 1465 καὶ
2345 1412 2444 1481 τὴν
2473 1411 2780 1480 παράνοιαν
2822 1408 2935 1461 τῶν
2965 1407 3257 1461 Μπενέτου
3292 1405 3620 1475 ζητημάτων
3648 1403 3764 1456 πάνυ

531 1510 708 1564 insula
754 1506 1129 1576 negotiantur,
1159 1513 1214 1557 et
1251 1502 1509 1557 Nicolaus
1541 1502 1784 1556 Sanutus
1818 1498 2092 1570 Cycladun

2217 1520 2312 1567 τες
2342 1519 2400 1556 τε
2426 1503 2578 1556 ἴσασι
2613 1501 2825 1570 σαφῶς,
2855 1502 2951 1554 καὶ
2979 1501 3078 1570 τὴν
3107 1499 3303 1570 ὁμοίαν
3334 1499 3515 1567 ψῆφον
3565 1497 3762 1565 φέρουσι

529 1602 845 1672 praefectus,
896 1597 989 1668 qui
1045 1595 1302 1650 amicitia:
1350 1609 1481 1664 ergo
1515 1603 1566 1648 te
1598 1593 1892 1648 salutatum
1926 1593 2078 1645 venit

2222 1592 2352 1664 περὶ
2388 1591 2575 1645 αὑτοῦ.
2617 1595 2707 1645 Διὸ
2739 1592 2862 1645 οὐδὲ
2901 1591 3396 1661 πολυπραγμονεῖν
3439 1587 3762 1654 ἐξετάζοντας

532 1694 660 1746 item
690 1707 754 1744 ex
785 1689 998 1744 Latinis
1030 1685 1348 1757 episc0pus,
1386 1685 1475 1740 cui
1509 1701 1537 1740 a
1570 1701 1707 1756 papa
1739 1683 1864 1740 Chii
1900 1680 2092 1753 pontifi

2219 1686 2326 1757 χρὴ
2373 1685 2403 1738 ὅ
2457 1703 2510 1739 τι
2578 1686 2904 1757 βουλόμενος
2953 1684 3249 1747 ἀνενδὸτως
3284 1684 3398 1754 ἔχει
3456 1681 3580 1752 περὶ
3623 1679 3760 1733 αὑτά.

530 1794 687 1839 catus
736 1781 1065 1838 commissus
1111 1785 1198 1834 est
1250 1776 1388 1847 (79),
1429 1785 1484 1832 et
1537 1777 1750 1847 aliquot
1796 1775 2088 1831 Ferrarien

2221 1779 2446 1832 Οῐεσθαι
2479 1779 2537 1832 δὲ
2570 1779 2736 1833 αὑτὸν
2792 1781 2909 1840 τοῖς
2968 1778 3329 1849 μαινομένοις
3387 1773 3762 1846 προσεοικέναι,

530 1893 618 1932 ses
652 1876 790 1947 (80),
821 1873 914 1945 qui
949 1882 1152 1927 terram
1181 1871 1325 1924 hanc
1353 1870 1614 1935 lustrare,
1645 1879 1698 1924 et
1721 1885 1904 1924 mores
1937 1867 2092 1922 homi

2219 1873 2269 1926 οἳ
2306 1875 2445 1946 μήτε
2474 1875 2609 1945 περὶ
2642 1867 2718 1927 ὧν
2740 1872 2984 1941 λέγουσι,
3022 1874 3160 1942 μήτε
3194 1872 3338 1942 πρὸς
3388 1869 3481 1932 οὒς
3515 1865 3764 1922 ποιοῦνται

533 1983 662 2022 unm
718 1980 1052 2037 cognoscere
1125 1960 1386 2026 student;
1447 1968 1784 2016 conventum
1853 1959 2092 2014 omnibu:

2222 1969 2372 2023 ῐσασι
2430 1968 2558 2032 τοὺς
2590 1967 2810 2036 λόγους,
2848 1967 2964 2019 ἀλλ’
3090 1966 3157 2019 ἂν
3196 1966 3261 2019 τὸ
3287 1962 3563 2033 δαιμόνιον
3589 1957 3764 2024 κινοίη,

530 2061 652 2115 istis
684 2058 934 2121 indicito,
987 2065 1044 2110 et
1090 2056 1143 2108 in
1180 2069 1375 2109 eorum
1421 2055 1714 2123 praesentia
1753 2053 2092 2108 Benedictun

2221 2061 2554 2130 φθέγγονται
2591 2060 2892 2130 ἀδιανόητα
2947 2063 3061 2122 τοῖς
3119 2060 3313 2132 πᾶσιν.
3355 2058 3444 2119 Ὠς
3473 2055 3538 2107 ἂν
3564 2053 3616 2106 δὲ
3659 2049 3764 2118 μήθ’

530 2150 848 2221 compellari
869 2149 1062 2220 jubeto
1091 2163 1106 2202 :
1140 2147 1233 2215 qui
1267 2147 1314 2201 si
1346 2145 1494 2216 quod
1523 2144 1712 2208 offers,
1747 2153 1990 2200 mutatus
2018 2144 2092 2199 ad

2222 2152 2450 2223 ὕστερον
2498 2152 2662 2216 αὐτός
2693 2168 2827 2204 ποτε
2881 2150 3004 2221 μηδ’
3059 2149 3248 2219 ἕτερός
3298 2167 3382 2211 τις
3413 2146 3512 2218 τὴν
3538 2143 3764 2214 ἀλήθειαν

535 2245 770 2310 miserit,
805 2240 1219 2313 optatissimum
1255 2238 1565 2303 acciderit;
1599 2241 1680 2291 s'n
1718 2238 1903 2307 priore
1932 2239 2092 2291 adhuc

2221 2247 2430 2300 ἐθέλων
2462 2247 2751 2316 ἀφανίζειν
2778 2244 2998 2312 δύναιτο
3025 2244 3102 2314 τῷ
3123 2243 3315 2313 ψεύδει
3346 2241 3580 2313 χρῆσθαι
3611 2233 3766 2290 καὶτὰ

528 2338 827 2393 obstrictus
879 2335 1141 2396 amentia,
1190 2348 1312 2402 qu:e
1363 2331 1420 2386 iu
1476 2331 1735 2385 manibus
1766 2330 1934 2385 hahet
1967 2330 2092 2384 bon:

2220 2339 2323 2392 οὐκ
2349 2339 2476 2392 ὄντα
2507 2339 2836 2406 λογοποιεῖν,
2871 2339 3074 2391 κακίαν
3098 2338 3265 2405 δῆθεν
3326 2331 3764 2408 προστριϐόμενος

527 2421 857 2498 abiecerit,'
895 2441 1016 2496 qua:
1065 2433 1246 2480 autem
1295 2423 1444 2476 nulla
1498 2427 1659 2485 Sunt,
1693 2437 1872 2490 neque
1923 2429 2090 2476 erunt

2220 2431 2352 2500 ἡμῖν
2381 2447 2528 2492 τινα,
2557 2429 2593 2482 ἆ
2629 2447 2724 2498 μοι
2750 2429 2894 2483 δοκῶ
2933 2429 3192 2500 ποιητέα,
3253 2429 3371 2498 εἴγε
3400 2427 3494 2480 καὶ
3531 2417 3672 2491 αὐτῷ
3699 2435 3769 2471 σοι

533 2516 897 2586 concupierit,
926 2523 981 2568 et
1012 2529 1113 2568 nos
1139 2513 1217 2566 illi
1241 2512 1399 2565 fidem
1432 2510 1614 2566 facere
1646 2512 2020 2591 nequibimus.
2047 2529 2092 2567 e:

2222 2521 2528 2585 συνδόξειεν
2552 2517 2716 2584 εἶναι,
2762 2522 2894 2591 ἐρῶ.
2929 2524 3008 2590 Τῇ
3063 2521 3175 2590 Χίῳ
3199 2523 3324 2574 νυνὶ
3366 2516 3578 2576 πολλῶν
3608 2513 3770 2583 ἐπιδη-

529 2581 1045 2676 ἰῃειιιιίροεῑιιιειτθ,
1083 2618 1207 2672 qum
1247 2601 1364 2655 dari
1404 2617 1512 2655 non
1543 2602 1778 2671 possint,
1810 2581 1959 2657 cer'tc
1982 2588 2092 2672 pne

2225 2614 2495 2684 μούντων,
2528 2615 2588 2666 οὐ
2621 2616 2915 2682 Ῥιι;μαί‹ιιν
2941 2615 3122 2684 μόνον,
3150 2615 3290 2667 ἀλλὰ
3319 2617 3409 2667 καὶ
3444 2616 3502 2666 ἐκ
3537 2610 3770 2669 Γεννούας

532 2711 720 2756 sontes
747 2697 968 2769 quidem
1003 2711 1113 2750 non
1162 2695 1340 2749 solum
1383 2704 1569 2758 testes,
1600 2711 1793 2750 verum
1823 2697 1990 2751 etiam
2026 2700 2092 2752 in«

2221 2708 2314 2758 καὶ
2342 2705 2594 2768 Βενετίας
2623 2706 2745 2759 κατ’
2778 2707 3079 2776 ἐμπορίαν,
3113 2709 3208 2758 καὶ
3228 2705 3506 2760 Νικολάου
3533 2702 3768 2756 favorites

531 2792 804 2863 tegritatis
839 2799 946 2845 tua
1000 2803 1064 2843 ac
1107 2786 1277 2842 studii
1327 2787 1382 2842 in
1428 2787 1844 2854 benefaciendo,
1882 2800 1939 2845 et
1965 2791 2092 2860 illius

2218 2797 2315 2850 τοῦ
2344 2797 2452 2851 τῶν
2484 2797 2785 2852 Κυκλάδων
2808 2800 3092 2869 ἄρχοντος,
3128 2799 3187 2862 ὃς
3217 2794 3326 2872 ἧκε
3356 2799 3495 2853 κατὰ
3530 2797 3696 2865 φιλίαν
3722 2809 3767 2842 σε

533 2887 761 2943 insania:
793 2897 1077 2954 praecones
1099 2880 1430 2936 habebimus
1462 2899 1475 2935 :
1506 2891 1560 2936 et
1585 2881 1715 2937 hinc
1748 2887 2084 2953 praecipuam

2220 2886 2643 2956 προσκυνήσων,
2673 2886 2756 2939 έτι
2787 2885 2845 2939 δέ
2872 2877 2968 2941 καὶ
2998 2888 3061 2940 ἐκ
3099 2889 3354 2942 Λατίνων
3393 2884 3699 2957 ἀρχιερέως.
3722 2881 3768 2942 ὃς

529 2995 763 3049 eamque
794 2977 1105 3046 bipartitam
1149 2975 1438 3029 utilitatem
1476 2975 1817 3040 hauriemus,
1837 2976 1984 3046 quod
2011 2993 2092 3031 no:

2218 2974 2320 3045 τὴν
2362 2975 2460 3044 τῆς
2497 2975 2632 3028 Χίου
2662 2961 2814 3047 παρά
2841 2974 2938 3028 τοῦ
2965 2977 3126 3029 πάπα
3163 2977 3545 3048 ἐπιτέτραπτο
3573 2975 3766 3024 ἐπισκο-

530 3074 680 3144 ipsos
713 3072 976 3126 nimirum
1013 3070 1089 3124 ab
1136 3069 1408 3124 immerita
1462 3068 1686 3124 infamia
1744 3070 2088 3127 servabimus

2219 3068 2349 3138 πὴν,
2385 3067 2479 3121 καὶ
2508 3066 2757 3138 Φρερίων
2785 3068 2950 3122 τινῶν
2983 3070 3110 3122 καθ’
3143 3070 3416 3140 ἱστορίαν,
3451 3071 3691 3123 κέλευσον
3718 3066 3770 3115 ἐκ

529 3174 585 3220 et
639 3165 761 3219 aliis
809 3181 838 3218 a
878 3170 1213 3218 nocunzento
1268 3160 1542 3216 mendacii
1603 3162 1942 3218 cavebimus.
1986 3160 2092 3217 Haec

2221 3162 2440 3213 πάντων
2476 3161 2776 3232 ἐκκλησίαν
2798 3161 3156 3231 ἀθροισθῆναι
3187 3176 3202 3192 ⁸
3240 3166 3464 3219 πάντων
3492 3163 3547 3215 δὲ
3595 3157 3770 3229 παρόν-

531 3258 623 3311 ubi
655 3257 852 3310 cll‘atus
877 3265 968 3310 est
1004 3268 1234 3324 magnus
1263 3252 1622 3318 domesticus,
1659 3252 1961 3323 imperator
1989 3267 2092 3321 pro

2217 3271 2325 3306 των
2353 3254 2612 3322 γενέσθαι
2643 3255 2774 3314 τοὺς
2803 3256 2998 3324 λόγους
3042 3257 3180 3326 πρὸς
3223 3259 3535 3312 Μπενέτον.
3562 3255 3674 3308 Κᾶν
3697 3251 3770 3304 63'-

532 3348 680 3402 tinus
708 3347 761 3401 in
793 3345 914 3415 eius
951 3344 1285 3399 sententiam
1342 3343 1464 3406 ivit,
1513 3352 1569 3398 et
1619 3343 1697 3397 rei
1752 3342 2092 3398 conﬁcienda

2216 3346 2381 3412 ξηται
2403 3345 2653 3408 πεισθεὶς
2680 3348 2780 3416 τὴν
2828 3347 3177 3418 εὐεργεσίαν,
3212 3351 3561 3422 πανταχόθεν
3590 3352 3650 3402 ἂν
3675 3346 3770 3412 ἔχει

531 3439 811 3510 negotium
845 3437 922 3490 illi
953 3435 1106 3491 dedit
1134 3452 1148 3488 :
1178 3443 1344 3505 atque
1378 3434 1485 3489 hoc
1517 3435 1772 3504 amplius,
1806 3433 1912 3488 nisi
1939 3433 2092 3488 Bene!

2216 3433 2400 3493 καλῶς
2425 3449 2440 3462 ·
2477 3435 2576 3486 ἐὰν
2597 3435 2653 3486 δέ
2681 3438 2748 3505 τῇ
2775 3437 3026 3506 προτέρα
3058 3441 3345 3510 παρανοίᾳ
3371 3432 3770 3510 χρώμενος,τὼν

531 3535 714 3588 dictus
742 3547 807 3586 ex
848 3529 1019 3599 priori
1071 3526 1295 3583 decreto
1324 3527 1536 3582 .Chium
1572 3528 1963 3582 administrare
1994 3527 2092 3580 vel-

2217 3527 2316 3596 μέν
2341 3529 2397 3579 ἐν
2423 3531 2610 3599 χερσὶν
2636 3528 2947 3599 ἀπόσχηται
2970 3529 3212 3598 ἀγαθῶν,
3243 3534 3357 3586 τῶν
3375 3533 3432 3586 δὲ
3458 3534 3589 3602 μήτε
3625 3529 3769 3580 ὄντων

533 3628 626 3688 let,
670 3634 730 3679 ut
763 3625 926 3677 aliam
953 3623 1004 3676 ei
1037 3636 1102 3676 ex
1131 3620 1462 3681 liberalitate
1507 3619 1906 3684 conditionem,
1933 3620 2092 3690 prim:

2217 3620 2358 3691 μήτε
2373 3621 2658 3690 ἐσομένων
2681 3621 3073 3692 ἐπιθυμοίη,εί
3117 3624 3193 3692 μὴ
3231 3627 3402 3678 αὑτὸν
3449 3625 3523 3687 ὡς
3559 3619 3771 3675 ἁδόντα

531 3731 883 3789 nequaquam
921 3714 1256 3770 deteriorem
1295 3707 1650 3784 preponeret.
1683 3713 1777 3768 Die
1803 3714 2092 3783 praestituta

2219 3713 2400 3783 ἀξιοίη
2422 3715 2612 3767 πεῖσαι
2635 3713 3002 3785 δυνησόμεθα,
3028 3714 3166 3769 ἀλλὰ
3181 3719 3315 3782 τούς
3333 3737 3396 3787 γε
3439 3715 3700 3788 παρόντας
3718 3710 3768 3760 οὔ

530 3825 656 3865 cum
704 3825 934 3880 magnus
985 3807 1324 3862 domesticus
1371 3823 1436 3861 ex
1474 3807 1741 3861 Romanis
1797 3816 1853 3862 et
1898 3807 2092 3861 Latini:

2215 3807 2504 3876 μάρτυρας
2529 3805 2691 3876 μόνον
2713 3808 2930 3877 ἕξομεν,
2956 3809 3095 3862 ἀλλὰ
3129 3811 3224 3862 καί
3263 3815 3536 3884 κήρυκας,
3577 3807 3666 3862 καὶ
3685 3803 3766 3871 τῆς

531 3903 759 3958 advenis
788 3910 1120 3957 conventum
1155 3900 1461 3970 coegisset;
1505 3907 1775 3968 prmsente
1801 3900 1971 3955 etiam
2007 3899 2092 3954 Bc:

2215 3901 2314 3970 σῆς
2345 3899 2759 3968 καλοκαγαθίας
2799 3903 2894 3954 καὶ
2931 3903 3248 3972 φιλοτιμίας
3301 3909 3430 3976 περὶ
3457 3907 3550 3964 τὰς
3574 3901 3769 3966 εὐεργε-

531 3995 777 4059 ncdicto,
803 4003 860 4048 et
885 4007 993 4047 non
1027 3991 1234 4062 paucis,
1263 3991 1356 4062 qui
1386 4000 1548 4044 antea
1575 4005 1701 4044 cum
1733 3990 1968 4046 Martino
1999 3990 2092 4044 fra‘

2215 3989 2360 4055 σίας,
2378 3991 2622 4060 βασιλεῦ,
2643 3994 2734 4046 καὶ
2751 3993 2849 4064 τῆς
2869 3994 3082 4048 ἐκείνου
3104 3999 3498 4068 παραπληξίας
3513 3995 3601 4049 καὶ
3614 3993 3696 4047 δύο
3712 3991 3768 4041 τὶ

534 4101 615 4143 tre
640 4088 760 4158 ejus
782 4084 1129 4139 familiariter
1155 4083 1436 4150 vivebant,
1453 4087 1519 4138 ad
1547 4083 1714 4137 verba
1737 4091 1961 4138 ventum
1986 4093 2092 4151 est;

2215 4083 2450 4154 μέγιστα
2468 4084 2718 4165 ἐντεῦθεν
2735 4087 3128 4159 κερδανοῦμεν,
3149 4092 3304 4160 ἡμᾶς
3326 4109 3384 4144 τε
3405 4091 3596 4152 αὐτοὺς
3621 4082 3771 4138 ἁπαλ-

531 4179 807 4247 altiusque
856 4175 1432 4246 repetito-principio,
1475 4175 1811 4237 domesticus
1839 4178 2092 4243 narravit,

2211 4176 2501 4240 λάττοντες
2542 4163 2760 4248 ἀδοξίας
2777 4180 2839 4232 οὐ
2869 4163 3278 4253 προσηκούσης,
3306 4185 3402 4236 καὶ
3437 4183 3562 4244 τοὺς
3598 4178 3767 4234 ἄλλους

531 4292 642 4345 quo
670 4283 829 4344 pacto
876 4272 1209 4328 Benedictus
1261 4272 1582 4344 Byzantium
1614 4274 1682 4327 ad
1713 4275 2092 4344 imperatorem

2210 4269 2309 4339 τῆς
2335 4271 2402 4324 ἐκ
2424 4271 2519 4324 τοῦ
2560 4270 2790 4340 ψεύδους
2820 4271 3232 4344 ἐλευθεροῦντες
3266 4271 3769 4347 προσγενησομένης

529 4367 856 4436 confugiens
877 4407 892 4432 ,
940 4365 1165 4420 fratrem
1203 4365 1528 4435 injuriarum
1559 4366 1914 4435 postulasset,
1947 4368 2092 4437 quid'

2213 4360 2435 4430 βλάϐης.
2457 4362 2693 4416 Τοιαῦτα
2711 4363 2810 4433 μὲν
2840 4364 2868 4415 ό
2904 4364 3080 4433 μέγας
3104 4365 3429 4437 δομέστικος
3461 4363 3600 4418 εἷπε·
3633 4364 3769 4432 βατι-

530 4473 640 4528 que
670 4457 970 4527 imperator
1003 4455 1239 4525 supplici
1271 4457 1666 4524 respondisset,
1699 4466 1757 4510 et
1793 4473 1901 4526 qua
1937 4458 1984 4512 is
2001 4457 2092 4514 be-

2211 4452 2334 4517 λεὺς
2356 4453 2412 4507 δὲ
2435 4454 2685 4508 ἐπείθετό
2707 4471 2765 4508 τε
2790 4456 2952 4527 εὐθὺς
2986 4461 3100 4520 τοῖς
3140 4463 3262 4530 είρη
3275 4463 3466 4528 μένοις
3487 4460 3564 4521 ὡς
3607 4453 3765 4512 καλῶς

531 4549 846 4606 net/olentia
896 4556 1083 4618 postea
1128 4544 1385 4602 edmdem
1427 4547 1817 4616 imperatorem
1865 4549 1918 4600 in
1967 4549 2092 4605 Chic

2209 4544 2414 4615 έχουσι,
2433 4547 2526 4600 καὶ
2549 4547 2700 4617 αὐτῷ
2724 4548 2994 4619 ἐπέτρεπε
3012 4550 3111 4619 τὴν
3155 4528 3358 4622 πρᾶξιν
3379 4595 3394 4619 ,
3414 4551 3681 4624 προσθεὶς,
3701 4546 3762 4604 ὡς

537 4643 857 4712 complexus
882 4647 1063 4705 esset;
1100 4650 1264 4708 atque
1317 4641 1458 4693 hanc
1503 4654 1627 4693 esse
1661 4654 1906 4708 causam,
1938 4657 2092 4712 quan

2212 4641 2260 4691 εί
2284 4640 2359 4708 μὴ
2375 4639 2625 4709 βούλοιτο
2638 4641 2781 4695 κατὰ
2799 4641 2866 4694 τὰ
2884 4642 3293 4715 διατεταγμένα
3317 4650 3584 4717 πρότερον
3596 4646 3766 4712 ἄρχειν

538 4739 839 4806 imperator
865 4743 1070 4788 tantam
1097 4732 1148 4787 ei
1181 4731 1414 4801 gratiam
1459 4731 1710 4786 referret.
1747 4731 2092 4791 Benedictun:

2210 4732 2238 4782 ὁ
2262 4733 2551 4795 Μπενέτος
2576 4733 2734 4800 Χίου,
2791 4737 2885 4786 καὶ
2911 4735 3178 4806 δευτέραν
3212 4739 3432 4808 αἵρεσιν
3465 4733 3766 4807 εὐεργεσία-ς

538 4839 719 4884 autem
749 4829 969 4889 iterato,
995 4822 1152 4893 quasi
1183 4836 1242 4877 se
1277 4821 1555 4891 indignam
1584 4823 1876 4892 rejecisse;
1911 4841 1974 4881 ac
1998 4827 2092 4883 nis,

2210 4825 2360 4896 αὐτῷ
2395 4825 2698 4895 προθεῖναι,
2729 4825 3016 4890 ἐλάττονος
3041 4827 3073 4896 ἢ
3102 4831 3244 4883 κατὰ
3267 4829 3369 4901 τὴν
3405 4829 3672 4899 προτέραν
3687 4823 3768 4875 οὐ·

533 4921 678 4976 Chio
711 4937 740 4974 a
775 4919 1023 4973 Romano
1057 4915 1292 4984 imperio
1335 4915 1523 4968 avulsa
1558 4915 1659 4970 sibi
1691 4919 1909 4992 penitus
1940 4920 2092 4976 cede.

2205 4919 2418 4988 δαμῶς.
2450 4920 2636 4990 Τακτῇ
2672 4920 2728 4972 δὲ
2764 4921 2948 4990 ἡμέρᾳ
2995 4919 3296 4989 ἐκκλησίαν
3328 4925 3355 4975 ό
3389 4924 3563 4992 μέγας
3612 4916 3765 4988 δομέ·

533 5024 640 5076 ret,
672 5011 825 5066 nullo
849 5025 908 5063 se
941 5007 1050 5062 alio
1079 5008 1202 5078 ejus
1234 5005 1504 5062 beneflcio
1543 4977 1706 5077 egere
1732 4977 1968 5078 jactasse
2003 5028 2017 5064 :
2048 5022 2092 5067 et

2209 5028 2391 5073 στικος
2412 5011 2474 5064 ἔκ
2497 5027 2555 5063 τε
2571 4977 2860 5080 Ἱζωμαίων
2881 4977 2992 5065 ’καὶ
3038 4977 3646 5084 τῶνέπιχωριαξόντων
3671 4977 3767 5060 λα-

529 5119 600 5160 ne
631 5104 823 5158 irritus
855 5115 919 5153 ac
950 5097 1280 5152 temerarius
1308 5097 1468 5152 labor
1516 5098 1956 5167 impossibilibus
1997 5103 2092 5158 sibi

2204 5105 2365 5157 τίνων
2390 5101 2740 5171 συναγαγὼν,
2760 5104 3031 5174 παρόντος
3055 5107 3147 5158 καὶ
3164 5106 3332 5159 αὐτοῦ
3353 5106 3658 5167 Μπενέτου,
3681 5099 3766 5153 καὶ

531 5194 832 5254 suadendis
881 5191 1279 5260 susciperetur,
1339 5189 1639 5244 monuisse.
1695 5191 1802 5255 Qui
1848 5191 2092 5255 aderantI

2204 5194 2314 5247 τῶν
2358 5195 2621 5266 Μαρτίνῳ
2675 5195 2753 5266 τῷ
2785 5195 3004 5267 ἀδελφῷ
3055 5198 3323 5270 πρότερον
3371 5201 3636 5252 συνόντων
3674 5193 3765 5246 οὐκ

529 5289 711 5345 Latini
739 5283 1302 5357 przesertim,fatuum
1335 5281 1469 5337 adeo
1499 5282 1778 5338 Benedicti
1830 5283 2092 5354 judicium

2204 5280 2423 5352 ὀλίγων,
2454 5285 2532 5347 είς
2567 5283 2696 5362 λόγο
2709 5302 2768 5348 υς
2793 5301 2850 5338 τε
2873 5286 3223 5352 καθίσταντο,
3249 5291 3342 5342 καὶ
3365 5290 3605 5357 διηγεῖτο
3637 5283 3764 5338 ἀνω-

528 5378 971 5441 insectabantur,
1026 5382 1083 5430 et
1137 5374 1474 5444 damnabant
1509 5377 1899 5444 apertissime;
1934 5386 2092 5446 atque

2205 5377 2299 5429 θεν
2334 5375 2619 5445 ἁπαρχῆς,
2645 5376 2798 5439 ὅπως
2825 5393 2888 5429 τε
2921 5378 3326 5444 εἰς’-Βυζάντιον
3356 5381 3610 5450 ἀφίκοιτο
3635 5373 3762 5444 πρὸς

1781 5493 1996 5555 Jacobi
2021 5494 2291 5555 Pontani
2333 5500 2519 5555 notas.

2203 5620 2544 5695 Florentino,
2576 5621 2782 5677 dicitur
2817 5623 3133 5695 Φεῤῥαρία;
3166 5625 3260 5680 sed
3287 5634 3372 5680 est
3410 5640 3513 5678 vox
3542 5621 3758 5687 Gallica,

2205 5692 2603 5764 fréres;__erant
2647 5701 2829 5747 autem
2869 5692 3087 5762 equites
3136 5695 3638 5764 llierosolymitani,
3685 5700 3760 5764 ιρ-

2204 5760 2384 5833 stante
2412 5761 2603 5815 Niceta
2638 5777 2763 5831 pag.
2803 5760 3132 5832 itS'prinzte
3164 5760 3442 5819 editionis.
3479 5764 3626 5833 Πρὸς
3655 5760 3756 5815 τῶν

2216 5832 2661 5901 Ἱεροσολυμιτῶν
2689 5833 2888 5898 λυθεὶς,
2925 5834 3020 5895 οὓς
3045 5836 3301 5905 Φρερίους
3336 5834 3517 5899 φασίν.

597 5623 710 5693 (79)
743 5623 903 5678 llune
931 5621 1246 5691 episcopum
1274 5620 1592 5677 Genuenses
1626 5621 1980 5687 induxerunt,
2007 5635 2096 5674 ca-

525 5693 793 5748 tholicum
826 5693 1037 5760 utique,
1065 5708 1165 5762 pro
1189 5693 1562 5746 schismatico.
1589 5747 1610 5760 ,,

599 5763 709 5832 (80)
738 5764 794 5818 ln
829 5763 1019 5818 Gneco
1049 5760 1318 5832 Φρερίων,
1340 5763 1584 5832 qui'non
1614 5770 1744 5832 sunt
1775 5760 2096 5832 Ferrarien-

527 5825 648 5894 ses;
675 5825 782 5903 quo
810 5832 998 5888 enim?
1037 5825 1240 5886 ua'm'ct
1274 5825 1519 5885 Ferraria
1549 5831 1771 5896 Grtccis,
1806 5842 1866 5885 ut
1891 5832 1944 5885 in
1967 5831 2092 5886 cod.
