4016 6446
818 326 859 339 ρ

452 402 559 469 ιε»

1649 410 1975 476 JOANNIS
2006 410 2535 474 CANTACUZENI

3570 400 3659 465 500

443 535 574 595 tur,
607 528 981 603 addebatque,
1024 532 1071 588 si
1111 547 1192 598 se,
1228 543 1287 590 et
1318 533 1541 605 quidem
1576 548 1726 589 nunc
1753 543 2018 615 aegrotum

2127 531 2508 595 συνεϐούλευε,
2572 528 2668 584 καὶ
2703 522 3049 615 προσετίθει,
3074 519 3149 586 ὥς
3181 520 3230 575 εί
3251 520 3355 615 *μή
3384 519 3533 615 άνιᾷν
3547 521 3658 615 pod-

442 621 770 688 contristare
790 622 982 687 nollet,
1016 637 1086 680 ne
1120 624 1477 692 detrectaret,
1509 639 1618 695 quo
1659 625 2013 705 invitaretur.

447 714 555 769 Sed
604 716 943 775 domesticus
986 721 1156 775 semel
1180 722 1458 792 ‘suseepta:
1488 721 1775 778 sententia:
1803 721 2033 787 aﬂixus,‘

441 806 627 859 omnia
666 807 853 875 potius
896 810 1036 864 velle
1065 811 1332 881 experiri,
1364 827 1530 882 quam
1561 822 1883 869 ornamenta
1917 812 2018 866 im-

442 897 720 965 peratoria
792 914 1102 970 capessere.
1184 900 1440 958 Sentiens
1489 918 1655 972 porro
1721 903 2018 973 imperator

441 986 561 1040 ﬁeri
594 1003 703 1043 non
736 1002 919 1059 posse,‘
956 1000 1017 1047 ut
1063 993 1117 1047 in
1141 992 1365 1048 habitus
1394 995 1759 1049 mutationem
1787 1008 2021 1049 consen-

442 1082 593 1147 tiret,
640 1098 753 1138 non
796 1084 936 1139 ultra
971 1101 1135 1155 quam
1176 1086 1257 1141 fas
1278 1104 1419 1155 eum
1448 1103 1515 1143 eo
1545 1085 2013 1149 contendendum.

439 1172 608 1228 rebus
633 1175 686 1229 in
724 1184 901 1231 tantas
933 1179 1215 1244 angustias
1278 1181 1540 1243 redactis,
1570 1181 1665 1235 sed
1697 1179 1857 1235 factis
1885 1179 2018 1249 ipsis

439 1265 656 1334 imperii
707 1282 1113 1344 successorem.
1155 1272 1611 1341 relinquendum'
1641 1271 1857 1328 censuit
1904 1285 1919 1325 :
1961 1282 2018 1326 et

438 1357 750 1415 astantibus
778 1362 1063 1432 pr‘mcepit,
1112 1363 1395 1434 principes
1436 1365 1676 1435 primum
1709 1363 2016 1419 aulicorum

438 1463 728 1518 procerum
755 1460 813 1507 et
837 1452 1048 1523 alioqui
1080 1454 1372 1511 nobilitate
1434 1464 1782 1526 praestantes,
1818 1454 2018 1511 deinde

439 1540 580 1595 alios
634 1543 833 1599 ordine
892 1543 1173 1602 Romanos
1227 1546 1323 1617 qui
1368 1546 1598 1604 aderant
1642 1548 1845 1605 accire.
1911 1549 2018 1605 Ubi

440 1631 761 1700 adfuerunt,
812 1635 1194 1707 lectulumque
1271 1638 1777 1708 circumsteterunt,
1848 1641 2018 1697 etiam

442 1717 744 1791 Angustam
772 1730 960 1781 vocari
1001 1729 1189 1798 jussit.
1218 1728 1335 1796 Qua
1374 1742 1664 1800 praesente,
1696 1741 1752 1788 ut
1784 1728 2018 1789 maxime

442 1816 642 1881 potuit,
679 1831 737 1871 se
779 1817 1135 1886 conﬁrmans,
1166 1837 1339 1892 pauca
1385 1821 1454 1878 ad
1488 1838 1585 1881 eos
1610 1824 1698 1880 his
1724 1825 1909 1880 verbis
1940 1825 2021 1880 lo-

440 1917 604 1960 eutus
648 1917 731 1961 est
771 1926 786 1963 :
824 1908 1005 1965 Meum
1055 1926 1184 1983 erga
1232 1928 1331 1970 vos
1378 1930 1711 1986 propensum
1750 1917 2018 1984 animum,
2052 1887 2094 1943 Β

439 1996 627 2060 amici.
655 2008 712 2055 et
735 2001 1015 2070 quomodo
1054 2018 1141 2059 me
1174 2004 1555 2063 felicissimum
1588 2005 1945 2077 iudicassem,
1974 2008 2019 2064 si

329 2074 337 2081 ’
372 2146 379 2151 Ι
441 2103 549 2142 non
597 2090 775 2151 solum
824 2091 878 2146 in
933 2107 1127 2155 omnes
1171 2074 1696 2166 communiterpsed
1732 2098 1787 2154 in
1828 2115 2025 2161 unum-

439 2195 713 2251 quemque
740 2194 989 2245 vestrum
1041 2201 1291 2250 seorsum
1333 2189 1638 2264 potuissem
1682 2190 2022 2263 quampluri-

439 2287 589 2326 mum
648 2272 1014 2345 benignizatis
1079 2276 1338 2336 conferre
1393 2295 1408 2333 :
1464 2295 1569 2338 nec
1635 2280 1856 2347 leviter,
1923 2282 2019 2338 sed

438 2380 658 2421 summo
684 2378 884 2423 conatu
911 2369 1231 2440 reipublicm
1256 2371 1654 2435 Romanorum,
1684 2372 1845 2427 vobis
1868 2372 2023 2443 adju-

440 2458 675 2522 toribus,
707 2459 972 2530 prodesse
1003 2459 1215 2531 aliquid
1243 2462 1388 2532 apud
1420 2462 1664 2516 animum
1714 2473 1927 2517 eertum
1957 2478 2021 2517 ac

440 2548 609 2610 ﬁxum
648 2551 961 2613 habuerim.
999 2561 1155 2607 ratus
1196 2553 1347 2607 omni
1384 2555 1493 2608 vita
1542 2554 1767 2608 suavius
1797 2569 1863 2609 ac
1892 2554 2021 2609 bea-

438 2642 570 2709 tius,
605 2641 651 2698 si
684 2658 785 2712 pro
824 2643 892 2698 iis
926 2653 1120 2699 contra
1165 2644 1430 2699 barbaros
1471 2645 1760 2701 decertans
1798 2655 2023 2716 oppete-

436 2753 576 2801 rem,
612 2738 859 2810 ipse,qui
884 2739 1097 2794 occulta
1126 2747 1182 2795 et
1222 2730 1853 2796 abscondita'hominum
1898 2756 2023 2810 per-

437 2829 622 2900 spicit,
649 2828 853 2900 quique
881 2829 1047 2885 corda
1076 2847 1141 2886 ac
1158 2847 1321 2889 renes
1348 2843 1626 2889 scrutatur
1648 2833 1814 2897 Deus,
1841 2832 2019 2888 novit.

436 2920 576 2988 Quia
614 2936 746 2977 vero
786 2923 834 2977 is
873 2923 978 2979 hoc
1018 2922 1137 2978 lleri
1190 2940 1300 2979 non
1359 2924 1564 2987 debere
1613 2925 1806 2983 statuit
1851 2912 2020 2999 (‘quo

430 3009 663 3081 judicio,
719 3012 839 3083 ipse
884 3013 1033 3085 scit),
1065 3014 1160 3070 sed
1193 3021 1255 3075 ut
1286 3015 1553 3086 aspicitis.
1577 3026 1753 3072 morte
1783 3032 1886 3072 nos
1914 3016 2020 3072 cir-

436 3104 741 3172 cumdedit,
769 3121 966 3168 etnnes
1004 3109 1297 3179 manifesto
1347 3110 1599 3179 exemplo
1636 3126 2014 3175 commonens,

436 3211 540 3257 nec
570 3199 840 3269 pecuniae,
879 3216 983 3261 nec
1011 3201 1241 3279 reliquis
1272 3202 1697 3288 quibuscubque
1736 3201 1896 3258 ﬂuxis
1949 3216 2014 3262 ac
2042 3235 2086 3293 ο

342 3307 350 3372 ς
436 3290 801 3360 pereuntibus
864 3292 1295 3361 incumbendum
1344 3335 1360 3362 ,
1406 3310 1599 3350 verum
1657 3295 1754 3349 uni
1805 3302 2014 3353 tantum

437 3383 550 3441 Deo
605 3383 986 3452 serviendum,
1044 3383 1206 3456 24],
1267 3385 1432 3456 eique
1485 3385 1728 3456 quandiu
1773 3385 2020 3456 supersis

437 3474 855 3536 atlbmrendum.
884 3483 942 3530 et
969 3474 1038 3529 ad
1094 3476 1244 3537 illam
1294 3478 1572 3539 caelestem
1603 3477 1772 3537 vitam
1818 3457 2017 3549 cuique

435 3583 622 3623 mmes
679 3583 808 3623 suos
871 3568 1235 3639 corrigendos
1292 3572 1723 3646 .aptandosque,
1778 3571 2015 3641 primum

435 3661 660 3730 qnilem
712 3661 819 3715 hoc
875 3675 1134 3716 sermone
1187 3671 1497 3717 extremum
1538 3663 1698 3718 vobis
1745 3661 2014 3727 valedieo,

436 3764 562 3801 enm
600 3748 872 3813 dubitem,
910 3749 1107 3819 ecquid
1161 3765 1260 3805 vos
1306 3750 1373 3805 de
1425 3762 1627 3806 caetero
1676 3750 2017 3806 allocuturus

437 3840 543 3893 sim
580 3856 595 3902 :_
632 3855 893 3911 rogoque,
925 3842 971 3896 si
1006 3840 1136 3921 quid
1168 3856 1253 3896 me
1309 3842 1524 3909 amatis,
1573 3853 1631 3898 ut
1668 3842 1881 3898 Numen
1936 3854 2017 3898 to-

436 3933 544 3987 ties
574 3941 628 3989 et
658 3943 766 3995 tam
827 3933 1067 4003 graviter
1117 3949 1146 3988 a
1186 3949 1273 3990 me
1309 3934 1598 4000 oll'ensum,
1627 3937 1885 4006 precibus
1922 3952 2016 3991 ve-

437 4026 571 4080 ntris
603 4027 733 4089 milii
779 4025 869 4089 tali
894 4035 1142 4097 tempore
1177 4028 1525 4098 potissimum
1561 4030 1656 4084 tali
1686 4031 1893 4086 auxilio
1934 4031 2017 4085 in-

439 4119 645 4191 digenti
724 4120 1048 4189 prnpitietis.
1109 4121 1317 4177 Deinde
1360 4122 1556 4191 ducem
1613 4139 1677 4180 ac
1721 4126 2013 4197 praesidem

437 4210 559 4265 loco
615 4225 738 4265 meo
796 4226 1051 4282 magnum
1102 4211 1464 4270 domesticum
1516 4216 1675 4271 vobis
1740 4218 2012 4289 relinquo.

436 4303 566 4362 Ilmc
611 4303 779 4370 fatus,
826 4307 1277 4376 comprehensam
1318 4309 1440 4377 ejus
1469 4310 1750 4375 dexteram
1778 4313 2015 4369 dextera:

439 4396 834 4468 imperatrieis,
873 4405 988 4452 tum
1026 4399 1251 4454 Mariam
1303 4402 1470 4456 tiliam
1522 4411 1681 4458 utero
1727 4405 2012 4474 gestantis,

439 4505 562 4564 qnze
619 4498 806 4557 postea
861 4490 1136 4556 Michaeli,
1185 4491 1481 4546 Alexandri
1533 4494 1829 4549 Moesorum
1870 4496 2017 4565 regis

2123 623 2269 677 λοιτο
2313 624 2499 690 αὑτὸν,
2538 622 2634 676 καὶ
2676 617 2847 673 ταῦτα
2898 614 3158 670 νοσοῦντα
3217 611 3334 680 νῦν,
3378 611 3437 665 τδ
3463 611 3661 665 κελευόι-
3754 624 3761 627 ‘

2126 733 2285 787 μενον
2316 717 2510 769 ποιεῖν.
2576 713 2637 766 '0
2665 711 2713 767 δ’
2752 711 2906 764 οὐδὲν
2956 707 3178 761 ἔλαττον
3247 703 3354 757 τῶν
3397 702 3454 767 ἑξ
3504 702 3662 772 ἀρχῆς

2120 808 2301 878 εἴχετο
2337 806 2637 876 λογισμῶν,
2681 807 2776 858 καὶ
2801 800 3029 871 γνώμην
3078 794 3243 868 εῖχεν,
3296 795 3369 858 ὡς
3392 792 3491 847 οὐδ’
3533 791 3594 847 ἂν
3621 790 3668 845 εί

2122 917 2175 955 τι
2207 900 2418 969 γένοιτο
2477 900 2556 960 είς
2607 896 2872 968 βασιλέως
2939 894 3128 964 σχῆμα
3176 887 3495 958 κατασταίη.
3542 889 3667 941 Συν-

2125 990 2267 1051 ιδὼν⁴
2296 989 2350 1044 δὲ
2396 992 2424 1043 ὀ
2463 988 2717 1060 βασιλεὺς
2752 986 2828 1050 ὡς
2863 986 2963 1038 οὐκ
2999 985 3065 1038 ἂν
3094 981 3309 1035 δύναιτο
3358 977 3550 1031 πείθειν
3581 976 3670 1051 αὑ-

2121 1084 2215 1136 τξν
2245 1082 2495 1153 ἀμείϐειν
2550 1081 2611 1135 τδ
2658 1081 2865 1150 σχῆμα,
2912 1078 3055 1147 ἔγνω
3112 1076 3222 1129 δεῖν
3277 1072 3353 1144 μὴ
3405 1074 3541 1140 πέρα
3584 1068 3669 1122 τοῦ

2122 1175 2336 1239 δέοντος
2410 1174 2737 1244 φιλονεικεῖν
2790 1171 2850 1224 έν
2920 1168 3065 1224 οὕτω
3110 1165 3280 1234 στενῷ
3328 1164 3521 1234 κομιδῇ
3575 1161 3673 1215 τῶν

2126 1266 2472 1336 πραγμάτων
2531 1263 2918 1327 καθεστώτων,
2974 1258 3094 1314 ἀλλ’
3160 1257 3342 1317 αὐτοῖς
3401 1255 3674 1322 πράγμασι

2122 1358 2366 1427 διάδοχον
2399 1355 2563 1410 αὐτὸν
2594 1356 2692 1423 τῆς
2719 1353 2999 1423 βασιλείας
3030 1348 3354 1411 καταλιπεῖν
3375 1360 3391 1376 ο
3437 1342 3527 1399 καὶ
3573 1341 3675 1403 τοῖς
3736 1380 3747 1389 ρ

2128 1442 2474 1520 παρεστῶσιν
2517 1445 2738 1499 ἐκέλευε
2786 1443 2913 1507 τούς
2951 1459 3013 1495 τε
3062 1438 3399 1510 προῦχοντας
3436 1434 3529 1499 τῆς
3557 1446 3678 1499 συγ-

2124 1542 2324 1610 κλήτου
2360 1538 2601 1609 πρῶτον,
2648 1537 2744 1592 καὶ
2789 1535 2917 1599 τοὺς
2979 1534 3170 1596 ἄλλους
3228 1527 3479 1600 εὐγενείᾳ
3505 1524 3675 1591 διαφέη

2126 1653 2339 1706 ροντας,
2368 1633 2541 1687 ἔπειτ’
2567 1631 2769 1703 ἑφεξῆς
2825 1630 2922 1684 καὶ
2973 1629 3099 1693 τοὺς
3129 1628 3324 1689 ἄλλους
3369 1624 3483 1678 ὅσοι
3510 1622 3677 1691 παρῆ-
3704 1652 3715 1665 ι

2128 1744 2226 1780 σαν
2257 1724 2553 1797 Ῥωμαίων
2588 1722 2905 1794 συγκαλεῖν.
2923 1723 3077 1776 Ἐπεὶ
3108 1720 3165 1775 δὲ
3185 1717 3445 1787 συνῆλθον
3474 1714 3565 1768 καὶ
3594 1728 3681 1763 πε-

2128 1818 2423 1890 ριέστησαν
2456 1815 2642 1881 αὐτὸν,
2689 1816 2782 1869 καὶ
2811 1815 3013 1868 ’Δνναν
3050 1813 3151 1880 τὴν
3199 1808 3446 1881 βασιλίδα
3475 1804 3678 1859 ἐκέλευε

2124 1912 2404 1983 παρεῖναι.
2447 1909 2537 1972 Ὠς
2567 1907 2626 1962 δὲ
2668 1908 2764 1962 καὶ
2794 1907 2934 1977 αὐτὴ
2968 1905 3175 1975 παρῆν.
3200 1903 3294 1979 ’ὥς
3357 1899 3588 1968 μάλιστα
3616 1890 3682 1947 εἴ·

2124 2021 2218 2075 χεν
2261 2002 2576 2075 ἐπιρρώσας
2632 2000 2851 2065 ἑαυτὸν,
2903 1998 3063 2067 ὀλίγα
3091 1998 3227 2052 ἄττα
3255 1991 3526 2061 διειλέχθη
3556 1987 3681 2060 πρὸς

2122 2096 2321 2161 αὐτούς
2350 2109 2367 2127 ⁶
2401 2097 2507 2168 ἔφη
2536 2095 2646 2166 γάρ
2683 2110 2699 2126 ⁸
2728 2093 2840 2166 Τὴν
2877 2092 2977 2162 μὲν
3009 2089 3248 2155 εὔνοιαν,
3298 2081 3345 2142 ὦ
3384 2085 3547 2156 φίλοι,
3592 2081 3682 2150 τὴν

2124 2190 2252 2260 περὶ
2282 2189 2450 2261 ὑμᾶς,
2483 2188 2578 2243 καὶ
2601 2187 2678 2252 ὡς
2723 2185 2820 2241 τοῦ
2854 2185 3057 2246 παντὸς
3098 2182 3165 2238 ἂν
3215 2177 3585 2251 ἱτιμησάμην,
3624 2173 3678 2228 οὐ

2126 2282 2290 2355 μόνον
2325 2283 2480 2353 κοινῇ
2515 2281 2748 2345 πάντας,
2793 2276 2933 2333 ἀλλὰ
2978 2278 3074 2331 καὶ
3101 2270 3343 2329 ἕκαστον
3401 2271 3552 2340 ὑμῶν
3584 2266 3683 2335 ίδία

2120 2374 2189 2429 τὰ
2232 2374 2466 2444 μέγιστα
2499 2371 2886 2445 εὐεργετῆσαι,
2939 2371 3031 2423 καὶ
3054 2368 3131 2432 ὡς
3161 2367 3284 2420 ὀὐκ
3322 2367 3380 2419 ὲν
3409 2360 3682 2432 παρέργῳ,

2120 2463 2259 2518 ἀλλά
2304 2464 2454 2534 πάσῃ
2482 2462 2687 2531 σπουδῆ
2735 2460 2813 2532 τῷ
2867 2460 3028 2530 κοινῷ
3076 2457 3367 2529 Ῥωμαίων
3404 2473 3456 2509 τι
3481 2459 3686 2507 λυσιτε-

2121 2556 2308 2626 λήσειν
2337 2555 2466 2626 ὐμῖν
2497 2554 2780 2625 χρώμενος
2816 2554 3101 2623 συνεργοῖς
3146 2551 3490 2622 προ-ὒθέμην,
3537 2540 3681 2613 νομί-

2123 2647 2233 2712 ζων
2261 2650 2310 2701 εί
2341 2647 2725 2717 ἀποθανοῦμαι
2770 2648 2880 2709 τοῖς
2907 2643 3203 2715 βαρϐάροις
3227 2643 3534 2721 μαχόμεγος
3554 2635 3685 2704 ὑπὲρ

2123 2741 2328 2801 αὐτῶν,
2363 2739 2543 2807 πάσης
2573 2738 2728 2810 ἥδιον
2761 2739 2854 2790 καὶ⁵
2887 2736 3309 2808 μακαριώτερον
3335 2734 3499 2802 ζωῆς,
3536 2728 3686 2789 αὐτὸς

2121 2834 2187 2893 ἂν
2214 2833 2382 2904 εἰδείη
2411 2831 2566 2896 Θεὸς,
2598 2834 2626 2885 ὁ
2655 2830 2722 2884 τὰ
2747 2829 2917 2901 ἄδηλα
2966 2831 3059 2882 καὶ
3088 2829 3157 2882 τὰ
3187 2825 3554 2898 κεκρυμμένα
3586 2816 3686 2872 τῶν

2120 2925 2423 2997 ἀνθρώπων
2466 2924 2645 2987 εἰδὼς.
2704 2923 2801 2978 καὶ
2841 2921 3081 2992 καρδιῶν
3129 2921 3225 2981 καὶ
3300 2919 3511 2991 φρενῶν
3570 2918 3689 2968 ἑτα-

2122 3019 2277 3088 στής.
2323 3016 2480 3071 Ἐπεὶ
2512 3015 2590 3084 δὲ,
2619 3010 2702 3079 οἷς
2744 3010 2853 3068 οἶδε
2886 3015 3153 3087 κρίμασιν
3182 3013 3371 3078 αὐτὸς,
3406 3009 3561 3065 τοῦτο
3592 3005 3683 3075 μὲν

2121 3106 2182 3159 οὐ
2228 3105 2457 3175 κέκρικε
2504 3103 2637 3166 δεῖν,
2681 3101 2797 3156 ἀλλ’
2834 3101 2910 3165 ὡς
2945 3102 3109 3171 ὁρᾶτε
3151 3100 3520 3170 περιέστησεν
3565 3096 3687 3165 ἡμῖν

2119 3199 2217 3269 τὴν
2259 3195 2538 3275 τελευτὴν,
2590 3196 2794 3259 πάντας
2832 3194 3059 3263 ,πείθων
3128 3192 3317 3265 ἔργοις
3362 3191 3563 3254 αὐτοῖς,
3616 3186 3685 3248 ὡς

2118 3287 2243 3344 οὗτε
2274 3291 2552 3361 χρήμασιν
2583 3286 2707 3342 οὗτε
2740 3286 2867 3359 δόξῃ
2907 3284 3036 3339 οὔτε
3083 3287 3196 3349 τοῖς
3227 3286 3443 3348 λοιποῖς
3462 3283 3560 3338 ὅσα
3586 3279 3687 3334 τῶν

2121 3383 2355 3454 ῥεόντων
2408 3380 2508 3437 καὶ
2537 3379 2914 3455 φθειρομένων
2970 3376 3149 3448 χρεὼν
3194 3378 3523 3462 προσέχειν,
3576 3370 3686 3426 ἀλλ’

2120 3474 2238 3536 ἐνὸς
2270 3473 2435 3544 μόνου
2482 3470 2732 3540 γίνεσθαι
2777 3469 2870 3522 τοῦ
2901 3469 2989 3523 διὰ
3027 3469 3146 3541 βίου
3171 3470 3379 3532 παντὸς
3410 3468 3687 3537 προσέχειν

2119 3567 2238 3636 Θεῷ
2260 3567 2352 3620 καὶ
2375 3565 2523 3637 πρὸς»
2549 3564 2642 3619 τὶν
2664 3565 2877 3616 ἐκεῖθεν
2908 3561 3022 3632 βίον
3038 3562 3229 3615 ἑαυτὸν
3246 3562 3478 3616 ἕκαστον
3497 3559 3688 3629 μεταρ-

2120 3657 2410 3731 ρυθμίζειν
2471 3657 2567 3711 καὶ
2629 3655 3023 3726 μεθαρμόζειν,
3086 3653 3311 3725 πρῶτον
3381 3654 3481 3726 μὲν
3549 3650 3685 3718 ὑμᾶς

2117 3754 2442 3824 ἀσπάζομαι
2464 3753 2531 3806 τά
2551 3752 2843 3806 τελευταῖα
2871 3750 2936 3821 δὴ
2966 3750 3160 3814 ταῦτα,
3196 3750 3402 3822 ἄδηλον
3437 3748 3498 3802 ὃν
3532 3749 3579 3800 εί
3608 3743 3685 3795 ἔτι

2119 3845 2572 3916 προσφθέγξομαι
2597 3844 2729 3913 ὑμῖν
2754 3859 2768 3875 ·
2812 3845 2906 3897 καὶ
2928 3842 3122 3912 δέομαι
3171 3842 3331 3912 ὑμῶν
3377 3842 3425 3895 εἰ
3458 3857 3538 3903 τις
3564 3837 3686 3906 ὑμῖν

2118 3941 2300 3993 κεῖται
2333 3938 2495 4008 χάρις
2528 3936 2688 4006 ἐμοῦ,
2724 3931 2956 3999 ἱκεσίαις
2997 3933 3335 3988 ἱλεώσασθαι
3366 3933 3426 3987 τδ
3452 3933 3686 4002 κρεῖττον

2104 4030 2242 4101 ’ἐμοὶ
2297 4026 2377 4098 τῷ
2448 4026 2621 4081 πολλὰ
2667 4025 2930 4090 πολλάκις
2985 4024 3135 4096 αὑτῷ
3198 4021 3686 4097 προακεκρουκότι,

2118 4120 2358 4191 μάλιστα
2419 4120 2535 4172 νυιὶ
2586 4117 2830 4190 δεομένῳ
2887 4119 2987 4186 τῆς
3047 4118 3371 4185 ἐπικουρίας
3438 4111 3684 4183 ταυτησί.

2120 4214 2360 4279 Ἔπειτα
2404 4211 2463 4265 δὲ
2495 4211 2740 4282 ἡγεμόνα
2772 4211 2867 4264 καὶ
2898 4211 3215 4282 προστάτην
3273 4209 3392 4263 ἀντ’
3432 4207 3566 4278 ἐμοῦ
3602 4204 3700 4258 τὸν·

2119 4294 2309 4376 μέγαν
2344 4304 2669 4374 δομέστικον
2725 4304 2930 4374 ἀφίημι
2989 4304 3140 4374 ὑμῖν.
3188 4303 3353 4358 Μετὰ
3408 4303 3466 4356 δὲ
3511 4298 3685 4360 τοῦτο,

2117 4397 2226 4452 τῶν
2258 4396 2426 4451 αὑτοῦ
2475 4397 2776 4467 λαϐόμενος
2815 4396 3039 4468 χειρῶν,
3082 4395 3176 4450 καὶ
3223 4398 3348 4460 ταῖς
3391 4396 3550 4468 χερσὶ
3596 4392 3687 4465 τῆς

2119 4491 2392 4561 βασιλίδος
2427 4489 2807 4563 περιαγαγὼν,
2852 4489 3085 4559 ἐχούσης
3134 4490 3191 4540 ἐν
3224 4488 3430 4559 γαστρὶ
3473 4484 3687 4555 Μαρίαν

442 4576 556 4632 filio
586 4580 791 4653 nupsit,
822 4579 1112 4645 implicuit,
1141 4587 1197 4635 et
1221 4590 1347 4636 ante
1378 4582 1525 4637 illius
1557 4583 1870 4653 imaginem.
1893 4600 2016 4654 qua

2120 4580 2220 4650 τὴν
2277 4580 2574 4649 θυγατέρα,
2607 4578 2642 4650 ἢ
2688 4579 2781 4633 καὶ
2807 4578 3036 4650 ὕστερον
3068 4578 3291 4649 Μιχαὴλ
3342 4578 3484 4651 πρὸς
3515 4577 3688 4644 γάμον

439 4683 604 4738 supra
641 4679 895 4729 naturam
946 4670 1013 4725 ad
1062 4672 1295 4728 salutem
1328 4669 1555 4727 humani
1586 4675 1804 4743 generis
1840 4675 2011 4729 Deum

438 4759 627 4814 Jesnm
678 4759 960 4817 Christum
1021 4763 1228 4832 peperit
1269 4779 1284 4816 :
1321 4763 1467 4828 Tibi,
1517 4764 1720 4834 inquit,
1761 4764 1925 4837 hanc,
1957 4776 2014 4823 et

443 4852 719 4929 Romanos
768 4868 963 4909 omnes
1011 4854 1171 4908 trado
1219 4863 1384 4924 atque
1414 4856 1779 4924 commendo;
1810 4858 1910 4913 tibi
1944 4874 2012 4915 ex

440 4944 545 4999 hoc
583 4959 730 4999 cura:
764 4953 947 5000 erunt.
995 4945 1142 5000 Illico
1204 4960 1265 5000 se
1313 4961 1506 5001 omnes
1549 4946 1605 5000 in
1653 4947 1893 5006 lamenta
1955 4960 2013 5005 et

439 5035 674 5104 gemitus
736 5034 1056 5100 effundere;
1109 5049 1212 5090 nec
1262 5035 1451 5091 videre
1484 5035 1707 5121 licebat,
1758 5039 1865 5096 nisi
1917 5056 2014 5110 pe-

441 5137 595 5182 ctora
622 5126 903 5191 ferientes,
931 5135 988 5181 et
1023 5129 1233 5182 crinem
1271 5127 1559 5186 laniantes.
1594 5129 1916 5188 Tollebatur
1941 5133 2009 5186 ad

439 5219 645 5273 aethera
696 5217 1004 5273 communis
1054 5219 1312 5289 ejulatus,
1364 5230 1421 5276 et
1466 5222 1708 5279 confusae
1761 5226 2009 5280 omnium

440 5324 605 5365 voces
634 5309 1085 5375 exaudiebantur,
1118 5325 1216 5366 nec
1238 5311 1529 5381 quisquam
1562 5314 1614 5368 in
1649 5323 1804 5370 tanto
1829 5315 2008 5379 luctu,

441 5403 542 5456 nisi
567 5417 598 5455 e
622 5401 779 5456 silice
828 5413 989 5473 natus
1012 5411 1187 5470 esset,
1209 5419 1239 5457 a
1271 5404 1399 5458 ﬂetu
1433 5415 1742 5476 temperare
1773 5415 2009 5475 poterat.

441 5493 663 5547 lrintule
731 5492 903 5561 igitur
967 5494 1206 5561 universi
1266 5494 1574 5565 ploratibus
1620 5497 2005 5569 indulgebant;

440 5601 543 5640 nec
595 5583 663 5639 ad
709 5600 772 5639 ea
823 5601 943 5655 quae
981 5585 1290 5653 audierant,
1339 5589 1677 5659 respondere
1726 5589 2005 5651 valebant.

436 5674 543 5733 Ubi
578 5690 702 5730 sero
730 5658 789 5731 se
814 5677 1173 5748 collegerunt,
1192 5658 1474 5751 praecepta
1510 5681 1864 5752 imperatoris
1894 5696 2011 5737 ser-

437 5780 572 5819 vare
623 5766 764 5819 inter
816 5781 874 5821 se
919 5765 1306 5835 decreverunt,
1353 5769 1520 5840 eique
1574 5768 1831 5824 ultimum
1890 5769 2010 5826 vale

442 5854 644 5928 singuli
672 5856 862 5915 multis
900 5872 1027 5916 cum
1073 5858 1331 5932 lacrymis
1361 5859 1607 5924 dicentes
1634 5868 2005 5920 recesserunt.

2116 4672 2334 4745 ἐξεδόθη
2366 4671 2442 4742 τῷ
2473 4670 2675 4726 Μυσῶν
2707 4670 2970 4741 βασιλέως
3009 4669 3367 4743 Ἀλεξάνδρου
3400 4688 3416 4703 ο
3453 4672 3549 4724 καὶ
3590 4666 3686 4734 τῆς

2115 4766 2324 4829 εἰκόνος
2378 4765 2749 4838 ὲφεστηκυίας
2803 4763 2899 4832 τῆς
2962 4763 3261 4833 ὑπερφυῶς
3314 4764 3406 4819 διὰ
3456 4763 3563 4832 τὴν
3583 4758 3685 4813 τῶν

2114 4854 2420 4927 ἀνθρώπων
2450 4854 2727 4926 σωτηρίαν
2755 4855 3037 4919 τετοκυίας
3068 4855 3201 4908 Θεὸν
3226 4856 3319 4908 τὸν
3348 4851 3557 4923 Κύριον
3587 4853 3685 4920 Ἰη-

2118 4950 2246 5004 σοῦν
2307 4948 2568 5022 Χριστὸν,
2606 4950 2698 5002 Σοὶ
2757 4948 2984 5020 ταύτην,
3035 4948 3164 5020 ἔφη,
3199 4948 3551 5020 παραδίδωμι
3597 4942 3686 4998 καὶ

2114 5046 2325 5108 πάντας
2356 5043 2685 5110 Ῥωμαίους,
2710 5044 2802 5096 καὶ
2835 5043 3158 5096 τοαποτοῦδέ
3193 5059 3276 5095 σοι
3306 5042 3538 5112 μελήσει
3565 5035 3686 5103 περὶ

2114 5132 2317 5187 αὐτῶν.
2377 5130 2588 5202 Θρῆνος
2612 5128 2713 5200 μὲν
2766 5128 2860 5183 οὖν
2889 5131 3055 5192 εὐθὺς
3113 5129 3218 5184 ὑπὸ
3271 5130 3498 5183 πάντων
3555 5123 3686 5199 ᾖρτο

2113 5220 2391 5290 λαμπρὸς,
2429 5219 2528 5275 καὶ
2581 5219 2781 5281 πάντες
2849 5218 3156 5289 ἐτράποντο
3203 5217 3345 5287 πρὸς
3386 5214 3637 5287 οἰμωγάς
3667 5228 3681 5243 ⁸

2114 5311 2209 5366 καὶ
2263 5311 2417 5365 οὐδὲν
2465 5306 2536 5383 ἦν
2593 5312 2728 5385 ὀρᾷν
2759 5311 2916 5380 είτμὴ
2961 5311 3336 5380 κοπτομένους
3388 5310 3484 5362 καὶ
3515 5322 3684 5361 κατα-

2112 5404 2480 5476 τιλλομένους,
2517 5404 2612 5458 καὶ
2651 5406 2679 5457 ό
2707 5404 2795 5457 διά
2824 5405 3043 5458 πάντων
3095 5402 3408 5472 ὀλοφυρμὸς
3458 5396 3684 5454 ἐπιπολὺ

2112 5496 2206 5552 τοῦ
2237 5497 2400 5569 ἀέρος
2434 5496 2656 5568 ἐχώρει,
2686 5497 2780 5550 καὶ
2828 5496 3011 5552 πάντα
3039 5494 3334 5565 ὲξηκούετο
3381 5492 3631 5563 συμμιγῆ
3666 5502 3683 5519 ⁹

2110 5591 2209 5650 καὶ
2240 5590 2415 5653 οὐδεὶς
2458 5592 2510 5643 εί
2564 5590 2639 5661 μὴ
2668 5587 3015 5662 αὑτολιθίνην
3058 5586 3172 5660 εἶχε
3223 5586 3431 5660 ψυχὴν,
3475 5586 3685 5655 ἴσχυσεν

2111 5682 2179 5737 ἂν
2217 5682 2491 5753 ἐγκρατὴς
2528 5681 2721 5736 ἑαυτοῦ
2753 5682 3008 5750 γενέσθαι
3041 5682 3137 5735 καὶ
3203 5683 3280 5752 μὴ
3321 5676 3684 5747 ἐπιδακρῦσαι

2112 5777 2224 5843 τοῖς
2250 5773 2576 5844 γινομένοις.
2638 5773 2757 5842 Ἐφ’
2801 5773 2986 5828 ίκανδν
3049 5774 3151 5845 μὲν
3216 5764 3318 5827 οὗν
3367 5769 3569 5830 πάντες
3608 5769 3690 5819 ὲν-

2110 5863 2335 5937 έμειναν
2361 5865 2472 5928 τοῖς
2502 5863 2852 5943 ὀλοφυρμοῖς,
2881 5865 3093 5932 οὐδενὸς
3130 5862 3456 5937 ἰσχύσαντος
3500 5855 3679 5925 duo}?
3774 5918 3787 5924 -
