4016 6494
380 442 490 506 509

1557 410 2116 503 HISTORIARUM
2157 439 2390 502 LIBER
2431 442 2513 503 11.

3455 397 3458 399 ’
3550 432 3660 502 510

380 575 497 612 τειν
528 560 662 628 περὶ
700 561 896 614 ἑαυτοῦ
926 580 940 594 ο
976 564 1002 615 ὁ
1035 561 1090 615 δὲ
1118 561 1380 628 ἀκούσας,
1411 561 1600 622 ἔνθους
1630 578 1690 614 τε
1744 561 1958 628 ἐγένετς

2067 570 2297 612 causam
2340 555 2712 613 accersendus
2756 557 2829 612 sit
2861 551 3077 626 quierit,
3119 571 3228 626 qua
3268 554 3568 621 intellecta,
3594 572 3655 612 se

381 649 478 718 ὑφ’
531 650 747 721 ἡδονῆς,
791 654 884 706 καὶ
933 652 1008 714 ὡς
1042 653 1140 722 ἤδη
1194 653 1424 721 λαμπρά
1458 669 1578 705 τινα
1617 647 1960 721 εὐτυχηκὼς,

382 743 476 796 τὸν
511 744 688 814 μέγαν
705 745 1032 812 δομὲστικον
1073 746 1447 814 μετεκαλεῖτο,
1491 747 1586 799 καῖ
1621 746 1759 814 μετὰ
1791 759 1961 795 σπου-

380 835 481 904 δῆς
550 837 771 890 ἐκέλευε
828 839 1040 906 πατέρα
1093 839 1184 891 τὸν
1221 839 1596 908 πνευματικὸν
1656 838 1839 891 καλεῖν
1870 835 1964 889 τὸν

382 929 584 982 ἑαυτοῦ
609 944 625 961 ·
654 930 682 984 ὁ
715 929 771 981 δὲ
825 931 934 982 τῶν
959 931 1346 999 γεγενημένων
1377 929 1536 992 εἰδὼς
1566 928 1756 1000 μηδὲν,
1798 931 1964 981 ἐπυν-

384 1023 578 1075 θάνετο
611 1022 713 1093 τὴν
745 1023 931 1076 αἰτίαν
1000 1027 1100 1092 τῆς
1143 1019 1406 1092 κλήσεως
1429 1023 1553 1094 ἥτις
1603 1023 1724 1092 εἴη·
1761 1025 1882 1074 ἐπεὶ
1905 1021 1962 1074 δὲ

385 1118 596 1185 μάθοι,
653 1117 868 1186 βασιλεῖ
931 1116 1032 1185 μὲν
1103 1118 1421 1186 ὑπισχνεῖτο
1486 1117 1556 1169 τά
1623 1117 1965 1187 κελευόμενα

383 1212 559 1262 ποιεῖν
582 1225 595 1238 ·
630 1210 742 1272 τοῖς
784 1209 992 1278 ἰατροῖς
1022 1208 1076 1261 δὲ
1128 1209 1365 1277 ἐπετίμα
1393 1227 1452 1261 τε
1479 1210 1538 1262 ού
1575 1210 1836 1279 μετρίως,
1867 1211 1964 1262 καὶ

363 1306 543 1386 ἀὐτὸς
577 1305 807 1374 ἤνεγκεν
841 1305 942 1356 ούκ
965 1305 1240 1368 ἀνεκτῶς.
1269 1305 1610 1374 Τριεομένης
1642 1303 1699 1356 δὲ
1729 1303 1962 1357 ἐπιπολὺ

355 1389 479 1467 ξτῆς
507 1396 656 1466 ὧρας
692 1398 788 1450 καὶ
820 1397 914 1450 τοῦ
950 1399 1325 1466 πνευματικοῦ
1377 1399 1586 1465 πατρὸς
1615 1398 1677 1450 ού
1712 1413 1962 1467 παραγι-

389 1435 478 1466 ..,,
507 1435 654 1466 νη.-.
693 1435 788 1450 οι...
830 1435 914 1450 η...
955 1435 1325 1466 ...νέμησιν
1384 1435 1583 1465 ...ηρς
1616 1435 1677 1450 ν..
1719 1435 1961 1467 ..υπηρ-

351 1435 636 1559 Ξνομένου,
676 1493 840 1555 αὐτός
886 1509 945 1545 τε
976 1491 1282 1550 ἐπέσπευδε
1316 1491 1418 1560 τὴν
1446 1491 1656 1560 ἄφιξιν,
1709 1491 1962 1551 καὶτοὺς

349 1603 352 1606 ~
385 1580 608 1648 ἰατροὺς
642 1580 744 1650 τὴν
770 1581 955 1633 αἰτίαν
979 1585 1078 1648 τῆς
1109 1581 1423 1650 μελλήσεως
1454 1581 1666 1650 ἠρώτα.
1693 1581 1887 1642 Συνε“ις
1905 1580 1961 1632 δὲ

381 1673 490 1724 άπὸ
510 1672 621 1723 τῶν
649 1671 960 1740 λεγομένων
984 1674 1132 1741 ὑγιὲς
1169 1675 1334 1742 μηδὲν
1359 1675 1556 1735 αὐτοὺς
1582 1674 1786 1742 λέγειν,
1814 1677 1966 1727 ἐστο-

377 1763 577 1830 χάζετο
605 1766 754 1834 παρὰ
784 1765 876 1818 τοῦ
899 1767 1137 1834 μεγάλου
1162 1767 1489 1821 δοαεστίκου
1521 1766 1832 1821 κωλύεσθαι
1861 1765 1962 1838 τὴν

379 1855 615 1923 πρᾶξιν·
677 1856 776 1908 καὶ
831 1857 1349 1926 μετακαλεσάμενος
1411 1859 1594 1921 αὑτὸν,
1659 1858 1760 1926 τῆς
1795 1874 1856 1910 τε
1899 1858 1992 1909 ἐκ

378 1941 605 2014 πρώτης
645 1943 862 2013 ἡλικίας
887 1945 1022 2012 πρὸς
1058 1946 1328 2015 ἀλλήλους
1381 1945 1548 1998 αὐτὸν
1580 1945 1959 2015 ἀνεμίμνησκε

376 2032 588 2100 φιλίας,
624 2033 720 2085 καὶ
749 2033 844 2084 τοῦ
902 2034 1126 2103 μηδέπω
1164 2035 1429 2103 μηδαμῶς
1476 2033 1625 2104 παρὰ
1658 2034 1835 2087 πάντα
1867 2033 1959 2086 τδν

376 2120 496 2191 βίον
517 2123 800 2193 οὐδέτερον
823 2123 994 2194 ἑτέρῳ
1018 2126 1261 2196 ταραχῆς
1298 2127 1394 2178 καὶ
1429 2125 1736 2179 σκανδάλου
1781 2128 1960 2193 ἀφορ-

378 2213 490 2284 μὴν
527 2218 956 2284 παρεσχηκέναι.
985 2217 1123 2269 Νυνὶ
1147 2218 1207 2270 δὲ
1240 2217 1470 2288 ἀπορεῖν
1494 2217 1614 2271 ὅθεν
1637 2217 1960 2288 ὁρμώμενος

373 2307 552 2370 οὕτως
610 2309 926 2379 ἐξεπίτηδες
985 2310 1258 2380 ἐϐουλήθη
1307 2311 1612 2381 ἀχθόμενον
1663 2311 1815 2382 αὐτῷ
1877 2312 1960 2374 εἰς

373 2397 512 2469 ᾅδην
537 2399 928 2468 παραπέμψαι.
971 2401 1062 2470 Μὴ
1087 2399 1150 2471 δὴ
1179 2400 1410 2454 τοιαῦτά
1439 2417 1505 2470 με
1540 2401 1750 2471 ἐργάσῃ
1787 2398 1957 2465 κακὰ,

374 2486 420 2544 ὦ
448 2491 640 2560 φίλων,
698 2491 908 2560 ἔλεγεν,
945 2493 1161 2564 ἄριστε,
1213 2493 1350 2563 μηδὲ
1398 2496 1690 2564 καταπρίῃ
1735 2511 1827 2563 μοι
1857 2493 1958 2562 τὴν

377 2586 572 2639 ἐλπίδα
620 2586 719 2651 τῆς
753 2586 1031 2656 σωτηρίας
1058 2603 1072 2617 °
1117 2586 1236 2640 ἀλλ’
1287 2586 1478 2658 ὥσπερ
1520 2588 1786 2650 πολλάκις
1817 2588 1959 2659 ὑπὲρ

376 2678 474 2730 τοῦ
505 2679 766 2748 δυστήνου
830 2678 1086 2749 σώματος
1135 2681 1355 2734 τουτουῒ
1407 2681 1558 2751 πάσῃ
1609 2682 1816 2751 σπουδῇ
1864 2682 1960 2734 καὶ¹

381 2770 659 2841 προθυμία
690 2773 919 2826 σεαυτὸν
944 2773 1199 2838 ἐνέβαλες
1229 2777 1306 2838 είς
1330 2775 1454 2838 τοὺς
1479 2775 1780 2838 κινδύνους,
1815 2773 1960 2826 οὕτω

391 2859 478 2910 νῦν
515 2860 694 2926 πολλῷ
731 2861 894 2914 πλέον
927 2863 1335 2926 κινδυνεύοντος
1391 2862 1532 2916 κατὰ
1565 2863 1767 2933 ψυχὴν,
1830 2862 1962 2930 779'.”

395 2951 537 3020 στηθι
567 2952 714 3022 πάσῃ
745 2951 1041 3023 προθυμίᾳ,
1075 2953 1136 3006 ού
1173 2954 1338 3022 μόνον
1370 2953 1458 3005 διὰ
1488 2953 1588 3023 τὴν
1611 2954 1818 3022 φιλίαν,
1844 2952 1959 3006 ἀλλ’

385 3042 466 3094 ἵνα
494 3044 567 3112 μὴ
596 3047 688 3096 καῖ
719 3044 875 3107 δίκας
911 3045 1155 3116 ὑπόσχῃς
1191 3045 1277 3116 τῷ
1320 3045 1540 3098 πάντων
1571 3048 1734 3116 κριτῇ
1757 3088 1771 3110 ,
1799 3047 1861 3098 τά
1894 3062 1958 3114 γε

377 3134 459 3196 εἰς
488 3135 546 3188 σέ
568 3133 704 3208 ἦκσν
739 3139 1122 3208 ἀποστερήσας
1160 3138 1337 3192 αύτδν
1371 3138 1550 3208 ψυχῆς
1585 3139 1726 3210 ὑπὲρ
1763 3133 1832 3208 ἧς
1859 3139 1958 3190 αύ-

375 3229 470 3291 τδς
515 3227 746 3282 θάνατον
799 3229 974 3283 εἵλετο
1007 3233 1102 3284 καὶ
1143 3231 1418 3301 σταυρόνο
1480 3230 1618 3300 μηδὲ
1658 3230 1958 3297 κατάτριϐε

373 3319 468 3373 τὸν
501 3321 715 3390 καιρδν,
747 3320 924 3385 οὕτως
953 3324 1253 3390 ἀναγκαῖον
1309 3322 1460 3383 ὄντα,
1494 3322 1553 3376 ὃν
1585 3322 1744 3385 αὖθις
1773 3321 1958 3390 εὑρεῖν

372 3413 476 3464 οὐκ
507 3413 719 3478 ἐξέσται
743 3415 1078 3484 διαφυγόντα
1108 3416 1203 3468 νῦν
1236 3432 1250 3446 ⁸
1301 3415 1420 3470 ἀλλ’
1447 3415 1624 3486 εὐχῶν
1659 3433 1719 3468 τε
1748 3414 1960 3468 πολλῶν

372 3504 631 3572 δεόμενον
676 3507 768 3558 καὶ
803 3506 1040 3574 σπουδῆς
1084 3506 1144 3557 ού
1203 3505 1306 3576 τῆς
1337 3505 1634 3578 τυχούσης.
1673 3506 1816 3574 Ἐγὼ
1849 3507 1960 3578 γὰρ

373 3600 473 3649 καὶ
503 3597 562 3650 ὃν
601 3599 877 3652 άναλίσκω
930 3615 1012 3650 σοι
1060 3598 1450 3668 δ.αλεγόμενος
1485 3600 1702 3670 χρόνον,
1751 3599 1960 3669 ζημίαν

371 3690 590 3759 ἥγημαι
620 3690 719 3755 τὴν
745 3689 1004 3761 ἐσχάτην.
1050 3689 1108 3741 Ὀ
1142 3691 1318 3758 μέγας
1365 3689 1420 3742 δὲ
1468 3691 1793 3761 δομέστικος
1817 3692 1960 3743 ἀπο-

373 3779 666 3850 κρίνασθαι
693 3781 793 3851 μὲν
820 3781 1040 3850 ἴσχυσεν
1056 3781 1237 3847 οὐδὲν,
1258 3782 1358 3850 τῆς
1387 3781 1565 3852 ψυχῆς
1588 3782 1690 3853 ήδη
1722 3785 1786 3852 τῇ
1815 3781 1958 3853 λύπῃ

353 3875 1001 3945 νκαταῦεόαπτισμένης·
1032 3875 1138 3940 ἔξω
1171 3875 1226 3928 δὲ
1259 3873 1430 3928 ἐλθὼν
1454 3875 1722 3946 ἀνῴμωξέ
1770 3894 1832 3930 τε
1864 3895 1957 3929 πι-

373 3969 547 4038 κρῶς,
579 3969 673 4020 καὶ
715 3967 810 4020 τὸν
860 3967 1015 4035 φίλον
1056 3967 1413 4020 άνεκαλεῖτο’
1449 3971 1548 4022 καὶ
1601 3969 1806 4039 μικροῦ
1856 3971 1956 4038 μὲν

372 4059 597 4128 ἐδέησεν
649 4060 870 4126 ἀφεῖναι
927 4061 1023 4111 καὶ
1054 4059 1154 4131 τὴν
1204 4059 1386 4130 ψυχὴν
1419 4061 1514 4114 ἐπὶ
1545 4063 1660 4122 τοῖς
1708 4061 1953 4132 θρήνοις.

375 4153 567 4221 Ὅμως
593 4152 638 4204 δ’
664 4153 1006 4222 άνελάμόανέ
1033 4171 1091 4206 τε
1114 4153 1279 4208 πάλιν
1309 4153 1526 4219 ἑαυτὸν,
1555 4155 1648 4208 καὶ
1676 4157 1778 4218 τὰς
1803 4156 1954 4224 ὄψεις

373 4245 529 4298 ὕδατι
563 4247 668 4299 τῶν
698 4246 955 4314 δακρύων
984 4245 1398 4318 ἀποκαθαίρων,
1440 4246 1631 4316 ὥσπερ
1664 4247 1823 4301 ἄλλου
1851 4249 1956 4301 πά-

373 4351 596 4405 σχοντος
647 4337 951 4406 ἀδάκρυτος
984 4337 1170 4409 ὡρᾶτο
1224 4338 1456 4407 βασιλεῖ.
1501 4338 1592 4399 Ὠς
1626 4336 1683 4390 δὲ
1715 4339 1742 4390 ὁ
1799 4335 1955 4407 βασιο

371 4431 499 4494 λεὺς
533 4433 760 4502 συχνοὺς
789 4433 1061 4500 ἀγγέλους
1117 4433 1475 4502 ἐπιπέμπων,
1527 4432 1628 4502 τὴν
1658 4431 1753 4485 τοῦ
1793 4448 1957 4484 πνευ-

376 4526 607 4596 ματικοῦ
642 4526 850 4596 πατρὸς
881 4527 1072 4596 ἄφιξιν
1122 4527 1480 4588 ἐπέσπευδεν,
1526 4527 1555 4578 ὁ
1591 4527 1765 4595 μέγας
1795 4525 1954 4596 δομέ-

2073 651 2350 705 facturum
2401 649 2622 722 recipit,
2647 665 2761 705 rem
2811 648 3034 718 indigne
3066 648 3192 712 fert,
3232 647 3477 700 medicos
3504 663 3658 701 acer-

2073 744 2211 798 rime
2267 743 2538 813 increpat.
2589 742 2732 798 Hora
2793 742 3188 812 propemodum
3246 748 3546 805 transacta,
3603 748 3660 794 et

2073 845 2228 906 patre
2267 835 2536 904 spirituali
2594 835 2841 888 nomium
2902 834 3178 896 veniente,
3243 831 3544 898 imperator
3601 837 3656 882 ut

2072 929 2358 983 adveniret
2399 927 2663 993 instabat,
2717 937 2770 982 et
2823 942 2888 980 ex
2922 925 3154 980 medicis
3176 939 3397 979 causam
3427 923 3656 977 cuneta—

2076 1021 2242 1075 tionis
2295 1021 2703 1076 sciscitabatur.
2761 1020 2870 1075 Sed
2919 1035 3046 1075 eum
3094 1018 3233 1098 nihil
3273 1017 3550 1074 sincerum
3595 1029 3658 1068 ac

2072 1113 2303 1182 simplex
2338 1113 2791 1182 responderetur,
2833 1127 2860 1166 a
2907 1126 3105 1181 magno
3137 1109 3442 1164 domestico
3479 1122 3660 1162 moras

2072 1205 2265 1274 objici,
2325 1205 2719 1274 negotiumque
2774 1203 3035 1272 impediri
3087 1201 3440 1270 conjiciebat.
3483 1199 3655 1264 Quem

2073 1297 2263 1352 adesse
2305 1298 2519 1369 jussum
2591 1297 2846 1351 amicitia:
2876 1311 2905 1350 a
2947 1295 3133 1365 parvis
3172 1294 3440 1348 instituta:
3469 1291 3654 1345 admo'

2073 1388 2233 1452 nuit;
2299 1397 2353 1443 et
2401 1388 2682 1457 quomodo
2728 1399 3013 1456 nunquam
3061 1385 3118 1439 in
3167 1384 3317 1439 omni
3373 1384 3484 1435 vita
3521 1381 3659 1436 alter

2073 1479 2232 1535 alteri
2263 1489 2358 1534 aut
2410 1479 2734 1540 turbationi,
2761 1489 2855 1533 aut
2902 1478 3196 1533 offensioni
3248 1476 3461 1530 fuisset.
3498 1473 3656 1528 Nunc

2075 1585 2260 1629 autem
2303 1575 2520 1630 nescire
2550 1591 2628 1642 se,
2664 1591 2774 1645 quo
2807 1574 3048 1644 impulsu
3075 1573 3155 1626 sic
3185 1571 3253 1624 de
3294 1569 3563 1623 industria
3595 1581 3654 1620 se

2075 1678 2226 1723 tan'o
2257 1680 2539 1738 gravatum
2592 1669 2837 1738 pondere
2881 1667 2949 1720 ad
2983 1665 3188 1719 inferos
3213 1663 3347 1717 velit
3377 1659 3658 1715 transmit-

2075 1769 2211 1816 tere.
2237 1761 2336 1824 Ne,
2371 1761 2573 1830 inquit,
2612 1761 2915 1814 amicorum
2957 1758 3188 1828 optime,
3217 1764 3374 1809 tanto
3407 1753 3548 1806 malo
3573 1766 3658 1804 me

2076 1855 2428 1920 mactaveris,
2457 1868 2594 1908 neve
2623 1852 2820 1908 salutis
2850 1867 2985 1906 mete
3017 1865 3170 1921 spem
3205 1845 3536 1920 prodideris,
3558 1845 3654 1899 sed

2068 1946 2538 2018 quemadmodum
2595 1947 2793 2001 crebro
2841 1960 2942 2015 pro
2989 1945 3109 1999 hoc'
3168 1943 3374 1996 misero
3423 1951 3657 2008 corpore

2066 2037 2423 2107 cupidissime
2495 2035 3012 2103 studiosissimeque
3097 2031 3157 2093 in,
3215 2030 3540 2086 discrimina
3605 2035 3657 2081 te

2067 2128 2314 2184 obtulisti
2345 2146 2358 2180 :
2385 2127 2464 2182 sic
2495 2141 2644 2180 nunc
2685 2125 2860 2180 multo
2895 2125 2950 2178 in
2995 2124 3206 2192 majore
3240 2121 3487 2191 periculo
3531 2135 3657 2173 ver-

2067 2231 2277 2278 santem
2305 2218 2546 2273 animam
2575 2233 2752 2272 meam
2788 2216 3039 2280 defende,
3064 2214 3230 2285 idque
3275 2228 3392 2268 non
3425 2222 3656 2282 prepter

2067 2313 2362 2370 amicitiam
2396 2322 2638 2367 nostraet
2683 2312 2881 2374 solum,
2910 2324 3106 2363 verum
3132 2307 3296 2362 etiam
3330 2322 3398 2361 ne
3425 2287 3654 2359 uniuer-

2068 2421 2254 2463 sorum
2286 2405 2466 2460 Judex
2494 2419 2686 2475 poenas
2711 2403 2808 2457 abs
2835 2412 2886 2458 te
2919 2408 3198 2471 reposcat,
3226 2398 3346 2468 qui,
3381 2405 3650 2467 quantum

2067 2501 2123 2556 in
2160 2511 2212 2556 te
2267 2497 2395 2561 fuit,
2427 2497 2666 2552 animam
2703 2495 2782 2550 illi
2820 2492 3136 2558 abstuleris,
3180 2505 3283 2560 pro
3313 2505 3420 2560 qua
3451 2489 3568 2558 ipse
3595 2486 3650 2540 in

2068 2606 2232 2647 cruce
2280 2588 2508 2644 suﬂlxus
2565 2601 2754 2642 necem
2811 2585 3060 2656 pertulit.
3093 2584 3214 2639 Noli
3255 2583 3361 2637 ltoe
3412 2592 3652 2651 tempus.

2067 2700 2274 2756 quaeso,
2307 2695 2416 2738 tam
2467 2669 2867 2740 necessarium.
2899 2679 3162 2749 quodque
3196 2680 3252 2733 in
3302 2676 3493 2730 multis
3524 2688 3653 2744 pre-

2068 2776 2228 2831 cibus
2275 2789 2401 2828 cum
2453 2772 2642 2828 studio
2676 2769 2943 2842 singulari
2987 2768 3304 2839 ponendum
3337 2773 3442 2828 est.
3476 2763 3651 2834 negli-

2068 2881 2206 2936 gere
2246 2873 2412 2933 atque
2463 2870 2750 2916 conterere
2779 2878 2790 2912 :
2819 2860 2964 2927 quod
3017 2857 3063 2913 si
3100 2871 3250 2910 nunc
3298 2849 3650 2923 praeterierit,

2069 2957 2272 3011 frustra
2302 2956 2636 3025 requiretur.
2675 2950 2839 3024 246
2867 2951 2983 3019 Ego
3018 2963 3148 3002 vero
3176 2946 3324 3017 quod
3356 2946 3457 2999 hoc
3476 2957 3652 3012 quan-

2071 3057 2405 3118 tumcunqne
2455 3045 2806 3101 intervallum
2859 3051 3040 3098 tecum
3096 3042 3332 3110 loquens
3360 3049 3647 3097 consumo,

2069 3141 2204 3195 mihi
2252 3139 2734 3194 damnosissimum
2773 3135 2990 3207 judico.
3017 3134 3106 3189 Ad
3137 3133 3254 3188 haec
3291 3144 3522 3202 magnus
3551 3127 3652 3182 do-

2017 3273 2030 3293 .
2069 3234 2336 3290 mesticus
2359 3233 2550 3288 dolore
2581 3233 2880 3300 absorptus
2921 3228 3238 3290 obmutuit;
3285 3237 3648 3294 egressusque

2066 3330 2234 3391 foras,
2266 3326 2426 3382 amici
2473 3339 2676 3379 nomen
2711 3324 2857 3377 inter
2889 3335 3108 3376 amaras
3133 3313 3650 3389 lacrymasingemi-

2064 3421 2254 3486 navit;
2312 3434 2451 3489 quas
2495 3426 2604 3473 tam
2659 3415 2886 3484 largiter
2934 3412 3200 3483 profudit,
3229 3419 3290 3466 ut
3341 3427 3464 3466 cum
3513 3409 3648 3480 ipsis

2063 3528 2201 3584 pene
2244 3511 2485 3567 animam
2527 3507 2911 3580 profunderet.
2956 3506 3341 3562 Verumtamen
3389 3516 3449 3557 se
3477 3501 3647 3556 colle-

2063 3605 2141 3675 git
2165 3605 2388 3666 iterum,
2423 3599 2724 3669 ablutaque
2765 3597 2926 3659 facie,
2959 3595 3308 3664 imperatori,
3351 3593 3503 3648 velut
3535 3591 3646 3646 alio

2061 3695 2346 3767 quopiam,
2378 3709 2487 3746 non
2541 3708 2599 3746 se
2643 3699 2964 3761 aegrotante,
3007 3703 3108 3742 nec
3153 3686 3367 3741 ﬂevisse
3416 3684 3646 3756 quidem

2061 3789 2216 3844 visus
2244 3797 2350 3842 est.
2375 3786 2480 3853 Qui
2526 3799 2650 3840 cum
2679 3784 2907 3838 nuntios
2951 3783 3262 3853 duplicans,
3296 3779 3646 3851 spiritualem
3704 3826 3722 3842 ,

2060 3894 2273 3952 patrem
2313 3879 2380 3933 ad
2413 3895 2471 3933 se
2511 3878 2822 3932 accelerare
2852 3877 3092 3946 juberet,
3120 3889 3352 3944 magnus
3385 3872 3648 3927 domesti-

2061 3989 2160 4028 cus
2182 3988 2281 4044 per
2311 3979 2527 4026 cettqu
2559 3971 2844 4024 hominem
2883 3980 3098 4038 patrem
3129 3970 3284 4023 illum
3316 3966 3558 4030 monuit,
3585 3973 3647 4020 ut

2057 4063 2443 4136 Didymoticlm
2471 4064 2685 4126 exiens,
2709 4063 2763 4116 in
2792 4062 3061 4116 suburbio
3085 4057 3352 4130 tantisper
3373 4067 3640 4125 maneret,

2047 4156 2238 4226 quoad
2262 4154 2380 4223 ipse
2407 4155 2712 4223 ingressum
2741 4154 2820 4208 illi
2852 4153 3205 4223 permitteret
3233 4169 3247 4205 :
3278 4151 3448 4205 citius
3479 4163 3643 4205 cave-

2060 4259 2144 4303 ret
2176 4245 2413 4317 ingredi,
2448 4247 2702 4316 quamvis
2727 4245 2783 4300 id
2818 4261 3013 4300 omnes
3042 4245 3304 4299 mortales
3332 4245 3382 4299 ei
3405 4245 3644 4304 .deman-

2058 4345 2276 4398 darent.
2303 4339 2488 4394 Alium
2539 4354 2672 4392 vero
2708 4339 2762 4392 in
2797 4338 2916 4408 ejus
2948 4337 3132 4392 locum
3173 4337 3536 4391 subornatum
3571 4335 3640 4388 ad

2060 4433 2456 4503 imperatorem
2529 4431 2864 4492 introducit,
2943 4445 3219 4494 narrans,
3295 4429 3639 4484 ordinarium

2058 4528 2249 4582 abesse
2279 4533 2600 4592 percgre,et
2628 4523 2782 4577 addit
2804 4525 3203 4593 juramentum,
3229 4515 3286 4576 se
3306 4537 3433 4574 vera
3462 4520 3638 4590 loqui.

375 4637 561 4682 στικος
611 4620 856 4690 πέμψας,
893 4620 986 4672 τὸν
1023 4619 1120 4690 μὲν
1153 4619 1530 4690 πνευματικὸν
1558 4617 1808 4673 ἐκέλευεν
1843 4619 1949 4687 ἔξω

2063 4621 2213 4675 Hunc
2243 4629 2450 4681 autem,
2483 4617 2588 4672 etsi
2632 4617 2858 4671 minime
2909 4623 3260 4674 consuetum.
3296 4614 3416 4685 cjus
3445 4627 3638 4670 coactu

373 4711 760 4781 Δίδυμοτείχου
789 4714 1006 4782 χωρεῖν,
1052 4713 1145 4764 καὶ
1177 4711 1482 4782 διατρίϐειν
1519 4712 1578 4763 ἐν
1603 4712 1954 4780 προαστείοις

371 4801 532 4869 ἄχρις
580 4791 644 4850 εἰν
691 4800 854 4862 αὐτὸς
898 4800 997 4869 τὴν
1048 4800 1256 4852 εἴσοδον
1281 4798 1437 4869 ἐνδῷ,
1488 4799 1756 4870 πρότερον
1787 4799 1844 4852 δὲ
1877 4800 1954 4871 μὴ

305 4885 627 4982 ξηεῖσιέναι,
657 4893 780 4964 μηδ’
801 4896 850 4947 εἰ
883 4895 1084 4958 πάντες
1114 4894 1394 4965 ἄνθρωποι
1422 4894 1801 4964 ἐπιτρέποιεν·
1837 4895 1955 4947 ἕτε-

373 5002 466 5055 ρον
487 4985 544 5036 δέ
577 4985 694 5038 ἀνθ’
722 4986 939 5038 ἐκείνου
972 4985 1328 5056 παραλαδὼν,
1359 4987 1654 5056 εἰσήγαγεν
1683 4985 1760 5049 ὡς
1792 4985 1952 5055 βασι-

371 5079 493 5139 λέα,
525 5078 730 5146 ἔφασκέ
782 5097 842 5132 τε
875 5081 969 5133 τὸν
1005 5085 1105 5152 μέν
1143 5081 1376 5135 εἰωθότα
1428 5082 1530 5150 τῆς
1567 5081 1775 5144 πόλεως
1813 5082 1950 5134 ἁποο

370 5171 589 5241 δημεῖν,
619 5175 711 5225 καὶ
739 5175 941 5244 ὅρκους
973 5174 1288 5243 προστιθεὶς
1315 5160 1392 5235 ὥς
1420 5173 1700 5244 άληθεύοι,
1737 5174 1954 5228 τουτονί

367 5263 421 5316 δὲ
462 5267 775 5332 εἰσαγαγεῖν
798 5267 1051 5335 οὐδαμῶς
1081 5267 1209 5320 ὄντα
1235 5284 1318 5319 σοι
1353 5267 1411 5320 ἐν
1442 5265 1705 5336 συνηθείᾳ
1729 5267 1826 5319 καὶ
1848 5265 1954 5318 πά-

367 5376 431 5409 νυ
471 5358 672 5410 ἄκοντα
701 5359 790 5412 διά
822 5360 882 5412 τὸ
939 5361 1224 5428 βιάζεσθαι
1277 5361 1382 5413 ὑπὸ
1439 5359 1558 5416 σοῦ.
1594 5360 1860 5423 Βασιλεὺς
1893 5360 1950 5413 δὲ

368 5449 534 5501 αὑτὸν
563 5451 1034 5522 προσαγορεύσας,
1075 5453 1218 5523 Ὥρα
1248 5468 1356 5517 σοι,
1391 5453 1591 5522 πάτερ,
1631 5451 1806 5520 ἔλεγε,
1836 5455 1949 5514 τοῖς

369 5544 765 5608 πνευματικοῖς
788 5542 1021 5612 χρῆσθαι
1063 5545 1404 5614 φαρμάκοις,
1454 5545 1550 5598 καὶ
1575 5542 1674 5614 τὴν
1723 5544 1952 5615 ἐπιστή-

372 5649 479 5700 μην
530 5632 939 5686 ἐπιδείκνυσθαι
992 5639 1093 5705 τὴν
1155 5636 1347 5690 πασῶν
1399 5637 1946 5710 φιλανθρωποτάτην,

366 5727 461 5776 καὶ
492 5725 675 5794 ψυχὴν
733 5713 1079 5799 ὀδυνωμένην
1125 5731 1223 5784 καὶ
1259 5731 1446 5794 κακῶς
1485 5733 1806 5802 πάσχουσαν
1842 5733 1951 5786 ὑπὸ

367 5815 584 5870 πολλῶν
609 5821 946 5888 τραυμάτων
976 5823 1074 5876 καὶ
1104 5825 1472 5894 πταισμάτων
1524 5825 1945 5894 ἀνακαλεῖσθαι,

368 5909 621 5980 καὶπρὸς
649 5911 958 5983 σωτηρίους
995 5913 1219 5986 τρίϐους
1262 5916 1608 5989 καθοδηγεῖν,
1645 5918 1738 5975 καὶ
1780 5933 1948 5989 μετα-

2057 4715 2126 4769 ab
2149 4731 2208 4770 se
2249 4713 2424 4768 invito
2460 4728 2525 4766 ac.
2547 4711 2768 4766 nolente
2815 4710 3036 4766 adduci.
3071 4709 3377 4780 Imperator
3399 4725 3465 4764 eo
3496 4710 3640 4764 salu-

2060 4817 2216 4862 tato:
2261 4806 2506 4875 Tempus
2545 4813 2653 4866 est,
2708 4803 2908 4874 inquit,
2964 4812 3140 4873 pater,
3184 4813 3244 4856 ut
3295 4802 3637 4873 spiritualem

2056 4901 2196 4955 mihi
2229 4899 2558 4953 medicinam
2611 4896 2804 4963 facias,
2843 4897 3247 4966 scientiamque
3285 4897 3336 4950 in
3369 4912 3454 4950 me
3478 4913 3641 4952 exch-

2055 5009 2182 5048 ceas
2211 4995 2462 5046 omnium
2515 4990 2968 5045 humanissimam
3004 5029 3020 5057 ,
3047 4991 3401 5058 animamque
3451 4990 3642 5044 multis

2053 5085 2325 5142 molestiis
2347 5084 2738 5140 discruciatam
2796 5092 2853 5138 et
2884 5082 3142 5138 amictatn
3175 5098 3356 5148 sanes,
3381 5091 3548 5150 atque
3581 5082 3635 5135 in

2056 5179 2358 5234 salutarem
2419 5176 2673 5232 semitam
2715 5175 2980 5239 deducas,
3013 5183 3070 5229 et
3099 5175 3441 5245 poenitentia:
3476 5174 3641 5228 indu-

2053 5272 2256 5326 mentis
2314 5269 2687 5340 Operibusque
2711 5267 2956 5337 judicem
2985 5267 3061 5323 illi
3097 5269 3165 5323 ad
3196 5267 3632 5323 misericordiam

2053 5379 2358 5435 pracpares.
2393 5363 2487 5417 ille
2520 5363 2910 5433 imperatorem
2939 5362 3268 5425 resalutans,
3296 5377 3406 5415 non
3444 5362 3494 5415 ei
3516 5361 3639 5414 liei-
3677 5361 3682 5366 ’

2053 5465 2168 5512 tum
2197 5471 2319 5510 esse
2337 5454 2644 5519 dixit,vivo
2671 5454 2983 5508 etiamnum
3011 5462 3186 5524 patre,
3225 5454 3314 5508 cui
3337 5469 3396 5508 se
3419 5454 3476 5507 in
3517 5453 3637 5522 spi-
3731 5489 3736 5492 -

2054 5549 2350 5602 ritualibus
2381 5546 2734 5616 subjecisset,
2765 5548 2934 5601 alium
2980 5561 3080 5617 pro
3122 5561 3189 5601 eo
3224 5547 3503 5617 deligere:
3539 5545 3633 5600 tali

2049 5621 2355 5712 prmser'tim
2402 5642 2656 5707 articulo,
2692 5659 2802 5714 quo
2838 5643 2966 5697 hinc
3001 5643 3340 5712 migraturus
3397 5649 3454 5696 et
3485 5641 3635 5696 inter

2053 5735 2280 5790 ordines
2324 5735 2586 5804 angelica:
2639 5735 2960 5805 reipublicae
3015 5734 3372 5790 collocandus
3421 5747 3569 5791 esset
3614 5753 3630 5791 :

2050 5827 2502 5899 quandoquidem
2540 5839 2596 5883 et
2644 5828 2704 5884 in
2746 5830 2898 5884 omni
2928 5828 3040 5883 vita
3065 5843 3132 5883 eo
3158 5839 3498 5900 praeceptore
3526 5827 3633 5896 uti,

2051 5929 2110 5978 et
2169 5931 2427 5994 tanquam
2467 5922 2580 5979 Deo
2603 5921 2770 5980 alicui
2796 5921 3110 5980 auscultare
3136 5921 3346 5996 justum
3381 5921 3494 5989 sit;
3529 5934 3636 5979 nec
