4016 6438
481 422 588 487 515
1065 477 1084 485 -
1365 407 1367 409 ’
1656 418 1983 481 JOANNIS
2018 411 2548 476 CANTACUZENI
3606 400 3694 468 διδ

480 535 607 597 tem
637 527 1075 604 admirabantur,
1102 556 1225 610 quas
1281 539 1447 594 etiam
1508 554 1681 608 usque
1730 537 1795 591 ad
1839 537 2050 590 obitum

2161 534 2251 596 ζεν
2284 531 2467 592 αὐτοῖς
2486 530 2575 582 τὸν
2600 525 2755 594 Θεὸν,
2787 525 2862 588 ὡς
2896 523 3119 579 ἐπειδὰν
3143 521 3471 576 ἀναλύσαντα
3499 520 3583 573 τοῦ
3607 520 3699 573 σώ-

479 634 551 687 ita
581 633 762 688 vivida
794 633 1205 703 permansisset.

2165 640 2333 694 ματος
2364 609 2455 675 ἐπὶ
2491 621 2568 686 τῷ
2601 619 2756 680 ὁσίας
2780 616 3068 684 ἀπάγωσιν
3096 613 3348 678 ἀξιῶσαι,
3378 609 3467 664 ἐπὶ
3501 611 3592 678 τὴν
3621 627 3702 680 με-

477 727 646 794 γάλου
699 727 1018 796 δομεστίκου
1063 726 1244 777 οἰκίαν
1287 725 1596 792 ἀγαγόντας
1646 723 1902 792 πρῦτον,
1953 717 2051 774 καὶ
2089 717 2434 778 καταθέντας
2478 712 2671 784 χρόνον
2735 710 2881 774 τινὰ,
2946 710 3118 769 οὕτως
3152 706 3361 760 ἐκεῖθεν
3398 703 3701 774 ἀραμένους,

477 823 584 877 ὑπὸ
608 821 756 872 λίθον
787 818 1162 888 κατακρύψαι,
1205 820 1277 880 ὡς
1301 817 1367 870 ἂν
1397 818 1607 886 γένοιτο
1651 817 1785 867 πᾶσι
1851 811 2185 881 καταφανὲς,
2228 809 2302 871 ὡς
2370 807 2484 861 οὐδ’
2537 806 2701 868 αὐτὸς
2732 807 2760 858 ὀ
2795 805 2904 860 τῶν
2932 803 3054 873 τῇδε
3084 803 3300 855 πάντων
3354 801 3574 860 θάνατος
3599 800 3708 850 ἐπι-

477 918 835 971 λανθάνεσθαι
871 918 1062 980 ποιῶν,
1105 918 1324 986 ἴσχυσεν
1355 913 1521 966 αὐτοῦ
1550 915 1646 981 τὴν
1709 913 1844 980 πρὸς
1877 912 2085 961 ἐκεῖνον
2125 908 2308 976 φιλίαν
2336 905 2629 976 ἀμϐλῦναι.
2665 904 2728 958 Οί
2781 901 2881 970 μὲν
2925 896 3020 954 οὖν
3048 899 3315 968 παρόντες
3340 894 3630 964 ὲθρήνησάν
3657 907 3709 943 τε

480 1011 573 1064 ἐπὶ
606 1012 718 1072 τοῖς
746 1010 1082 1080 λεγομένοις,
1136 1010 1231 1059 καὶ
1259 1008 1358 1076 τὴν
1423 1004 1730 1075 ὑπερϐολὴν
1769 1003 2088 1072 ιθαύμασαν
2124 1003 2222 1070 τῆς
2253 1001 2391 1070 πρὸς
2419 996 2687 1062 ἀλλήλους
2741 993 2922 1046 αὐτῶν
2950 991 3155 1060 φιλίας,
3183 991 3264 1043 ὅτι
3290 989 3383 1040 καὶ
3403 987 3526 1056 ἄχρι
3548 985 3712 1037 τελευ-

478 1111 577 1176 τῆς
606 1105 776 1166 οὕτως
807 1106 861 1155 ὲν
898 1105 1051 1171 ἀκμῇ
1083 1101 1402 1168 διετηρήθη.

1788 1210 1952 1282 249
1986 1209 2218 1265 CAPUT
2262 1207 2424 1263 xvn.

481 1314 772 1369 Hiscratnr
818 1329 1069 1382 magnum
1114 1312 1457 1364 domesticum
1489 1349 1502 1369 ,
1558 1308 1784 1374 iamjam
1838 1306 2147 1382 moriturus,
2189 1309 2247 1382 ut
2295 1304 2537 1382 ptttttlta'l,
2589 1287 3270 1382 {inperator-loli.mole-sia:

548 1355 1181 1436 Hiai'rurﬁdjt"3&3"
1215 1397 1367 1432 suum
1402 1355 1615 1430 rur'su'm
1649 1355 1891 1428 testatur.
1953 1355 2147 1440 Eﬂ'usa'
2187 1355 2454 1440 domestici
2487 1365 2799 1440 lamentatio
2867 1369 2913 1413 et
2964 1355 3717 1440 lacrymre.[Noctelproxiptq

1941 1425 2120 1518 οιίίηία
2151 1442 2380 1503 indicio;
2413 1437 2640 1518 Libitina
2675 1441 2939 1518 paratur;
2975 1425 3114 1498 aqua
3146 1427 3208 1479 de
3247 1426 3388 1494 [ante
3439 1425 3610 1478 Matris
3640 1425 3717 1475 L’ci

547 1535 794 1575 sanatur.
833 1507 1021 1576 Omnes
1049 1519 1363 1573 miraculum
1395 1526 1708 1588 agnoscunt,
1750 1515 1963 1584 Dcoque
1993 1513 2144 1581 factis
2175 1526 2228 1564 se
2261 1520 2438 1579 gratos
2476 1507 2866 1560 demonstrant.

554 1640 747 1691 Postea
778 1635 1079 1704 imperator
1095 1633 1272 1687 accito
1300 1645 1494 1700 magno
1525 1630 1848 1687 domestico.
1893 1627 2062 1696 Equi-

481 1730 606 1782 dem
642 1726 905 1796 przeclare
932 1725 1066 1785 scio.
1099 1724 1296 1792 inquit,
1324 1723 1626 1776 amicorum
1652 1720 1881 1788 optime,
1921 1735 2058 1788 pra:-

483 1830 694 1873 sentem
718 1818 862 1871 dietn
896 1832 1004 1869 non
1029 1816 1201 1868 solum
1230 1815 1424 1883 quovis
1456 1814 1672 1867 nefasto
1699 1811 1789 1865 die
1817 1810 2060 1864 odiosio-

2235 1625 2389 1679 Μετὰ
2418 1623 2578 1676 τοῦτο
2609 1623 2664 1676 δὲ
2701 1622 2728 1673 ὀ
2755 1620 3032 1691 βασιλεὺς,
3055 1619 3148 1671 τὸν
3186 1617 3365 1687 μέγαν
3419 1613 3717 1681 δομέστικον

2167 1715 2700 1789 μετακαλεσάμενος,
2728 1711 2858 1768 Οἶδα
2884 1713 3004 1782 μὲν,
3037 1711 3214 1784 εἶπεν,
3247 1703 3294 1761 ὧ
3327 1707 3494 1776 φίλων
3525 1705 3716 1774 ἄριστε,

2169 1810 2356 1877 σαφῶς
2376 1809 2451 1872 ὡς
2473 1811 2506 1880 η
2529 1810 2624 1861 νῦν
2646 1808 2852 1877 ἡμέρα,
2877 1806 2937 1859 οὐ
2975 1807 3140 1873 μόνον
3192 1799 3510 1868 ἀποφράδος
3558 1797 3720 1864 πάσης

484 1924 599 1962 rem
661 1907 756 1960 tibi
812 1905 992 1958 visum
1045 1904 1133 1967 iri,
1205 1902 1298 1956 sed
1364 1901 1648 1954 molestias
1727 1915 1948 1968 quoque
2001 1907 2055 1952 et

2163 1902 2360 1973 ἐχθίων
2409 1917 2492 1953 σοι
2542 1901 2830 1968 φανεῖται,
2883 1896 3021 1950 ἀλλά
3053 1895 3148 1947 καὶ
3182 1893 3428 1962 μεγάλας
3471 1890 3603 1942 οίσει
3635 1890 3720 1948 τὰς

481 1999 804 2055 afflictione:
849 1997 1101 2066 ingentes
1165 1993 1494 2062 pariturum.
1548 1991 1782 2045 Necesse
1819 2003 2054 2059 namque

479 2092 607 2152 erit,
661 2097 888 2159 propter
936 2085 1473 2140 administrationem
1535 2083 1772 2136 Romani
1835 2083 2054 2152 imperii

481 2182 727 2236 animum
784 2195 936 2233 nunc
975 2180 1106 2240 huc.
1137 2192 1285 2231 nunc
1330 2178 1462 2230 illuc
1503 2192 1600 2245 per
1635 2176 1814 2232 varias
1849 2175 2058 2229 sollici-

483 2275 703 2328 tudines
740 2271 1006 2330 dividere.
1061 2269 1477 2330 formidantem,
1503 2285 1570 2322 ne
1608 2277 1835 2337 propter
1856 2283 2052 2321 exces-

481 2383 602 2422 sum
689 2381 871 2418 meum
948 2362 1230 2433 quidpiam
1300 2376 1549 2415 meorum
1627 2358 2052 2413 constitutorum

482 2461 721 2516 violetur
751 2475 765 2510 :
798 2465 855 2509 et
898 2457 1023 2524 quia
1053 2471 1136 2506 me
1162 2454 1400 2514 orbaris,
1426 2451 1703 2505 tristitiam
1733 2458 1935 2504 tantam
1963 2465 2058 2503 ca-

483 2565 640 2619 pere,
677 2559 736 2602 ut
768 2546 835 2600 ad
867 2560 988 2598 eam
1032 2544 1157 2597 addi
1194 2543 1330 2596 nihil
1371 2544 1568 2611 queatl;
1605 2542 1973 2614 ‘cOgitantem,
2005 2549 2060 2595 et

485 2642 706 2698 merito.
735 2639 897 2707 longe
921 2636 1330 2697 eliarissimum,
1349 2644 1404 2687 et
1430 2647 1592 2700 quem
1613 2647 1787 2700 neque
1821 2640 2057 2700 tempus,

484 2749 595 2800 quo
631 2730 812 2783 omnia
850 2726 1100 2782 defluunt
1133 2741 1195 2777 ac
1241 2724 1645 2787 deﬂorescunt,
1678 2738 1854 2792 neque
1886 2731 2062 2775 muta-

487 2824 632 2878 bilis.
669 2833 724 2875 et
773 2821 1089 2874 inconstans
1133 2832 1314 2870 rerum
1351 2827 1565 2879 natura,
1600 2831 1783 2884 neque
1816 2815 1924 2867 ulla
1967 2829 2062 2866 ne-

486 2911 766 2966 cessitudo
834 2910 902 2964 ab
979 2907 1220 2962 amicitia
1292 2915 1383 2960 tua
1438 2906 1523 2960 vel
1585 2905 1652 2959 ad
1722 2913 2059 2958 momentum

487 3005 776 3072 sejttngere
853 3000 1053 3070 potuit,
1101 3014 1251 3053 nunc
1290 3015 1386 3068 per
1432 3007 1665 3052 mortem
1713 2997 1828 3067 ipsa
1865 3007 2062 3050 natura

485 3095 850 3161 potentiorem
875 3091 972 3144 abs
1003 3099 1052 3144 te
1078 3089 1376 3144 crudeliter
1427 3089 1679 3157 abrumpi
1708 3103 1771 3142 ac
1797 3086 2058 3158 separari.

484 3182 563 3236 Ac
597 3183 694 3236 tibi
730 3182 954 3250 quidem
981 3197 1183 3250 corpus
1215 3181 1527 3234 exanimum
1561 3180 1846 3250 relinquit,
1879 3195 2058 3234 meam

483 3284 668 3329 autem
726 3277 965 3328 animam
1024 3272 1184 3327 bonis
1237 3272 1496 3342 operibus
1548 3285 1802 3336 vacuam,
1853 3279 1908 3324 et
1957 3260 2130 3324 istac

483 3365 852 3432 diremptione
895 3363 1059 3418 etiam
1095 3371 1260 3430 atque
1297 3361 1462 3416 etiam
1535 3361 1814 3422 dolentem
1861 3359 2059 3416 aufert.

486 3455 592 3510 Sed
625 3439 753 3524 quid
786 3456 948 3524 agas?
981 3456 1128 3523 leges
1147 3469 1175 3506 a
1200 3463 1407 3506 naturae
1433 3455 1718 3508 conditore
1746 3454 1885 3508 latas
1914 3454 2060 3523 equi

488 3547 729 3616 bonique
784 3547 1052 3599 faciamus
1077 3560 1300 3599 necesse
1347 3555 1450 3600 est.
1481 3545 1682 3599 Verum
1729 3546 1855 3615 quia
1883 3545 2063 3599 modi-

484 3653 610 3693 cum
643 3647 857 3706 tempus
900 3635 1117 3690 vivendi
1153 3644 1426 3704 superest,
1463 3637 1677 3691 exteris
1716 3639 1864 3691 curis
1885 3626 2064 3691 omni-

485 3729 592 3785 bus
646 3728 928 3796 sepositis,
979 3744 1145 3798 super
1174 3729 1376 3783 lectulo
1426 3744 1548 3784 meo
1602 3730 1805 3796 reside,
1859 3740 1916 3784 et
1961 3731 2060 3785 tibi

486 3821 870 3877 clnarissimum
918 3829 1080 3891 caput
1121 3822 1352 3891 genibus
1385 3822 1512 3886 tuis,
1549 3833 1606 3877 et
1653 3839 1849 3878 manus
1886 3823 2063 3878 oculis

487 3913 625 3966 meis
646 3911 889 3980 impone,
923 3913 1154 3966 forsitan
1187 3913 1291 3967 hoc
1313 3913 1510 3967 animae
1539 3915 1795 3968 solatiqu
1832 3913 2058 3980 aliquod

486 4003 809 4058 conciliabit
835 4019 848 4056 :
884 4019 1004 4072 qua:
1039 4003 1168 4056 dum
1195 4019 1225 4058 a
1252 4018 1482 4072 corpore
1513 4005 1770 4069 discedit,
1800 4004 2057 4069 multum,

488 4105 549 4150 ut
580 4096 895 4165 praeditam,
943 4096 1190 4150 dolorem
1225 4097 1462 4150 sustinet
1506 4095 1642 4167 (92).
1673 4097 1787 4150 lmo
1820 4112 1972 4161 vero,
2001 4097 2061 4152 ut

486 4188 759 4256 duplicem
791 4187 1035 4241 dolorem
1069 4187 1288 4251 sentiat,
1325 4203 1448 4257 quae
1489 4195 1545 4242 et
1587 4189 1682 4242 abs
1718 4198 1790 4255 te,
1826 4198 1936 4268 eta
1977 4199 2058 4242 ta-

484 4281 783 4334 bernaculo
817 4295 932 4358 suo
961 4281 1263 4345 divellitur,
1297 4297 1364 4335 ne
1417 4280 1560 4350 apud
1595 4281 1799 4337 inferos
1833 4283 2056 4352 quidem

391 4419 394 4422 .
431 4362 435 4366 ’
483 4374 685 4441 poterit
742 4388 849 4426 non
882 4374 1226 4442 .meminisse
1263 4359 1404 4435 tui,
1433 4373 1477 4426 si
1524 4373 1648 4441 quis
1699 4374 1917 4438 animis,
1963 4374 2058 4429 ubi

485 4463 612 4516 hinc
673 4465 1034 4530 cmigrarint,
1106 4479 1298 4518 eorum
1351 4480 1472 4532 qua:
1531 4465 1618 4518 hic
1673 4467 1810 4519 fiunt
1864 4482 2060 4522 sensus

481 4562 649 4606 restat
676 4553 808 4621 (95).
845 4553 923 4604 Ad
965 4553 1078 4604 haec
1106 4568 1335 4620 magnus
1359 4551 1695 4604 domesticus
1715 4551 1862 4606 ﬂevit
1889 4553 2054 4606 mise-

482 4643 757 4707 raliiliter,
810 4642 957 4710 quod
1005 4641 1082 4695 illi
1129 4656 1197 4694 eo
1253 4657 1429 4709 usque
1481 4655 1667 4694 coram
1720 4641 2055 4710 imperatore

483 4747 761 4801 nunquam
795 4733 1108 4795 acciderat;
1159 4731 1253 4785 sed
1303 4731 1406 4786 etsi
1466 4731 1602 4786 foris
1650 4733 1945 4802 aliquando
1980 4735 2058 4788 la-

481 4837 697 4892 crymas
744 4823 900 4876 daret
953 4837 1016 4876 ac
1055 4824 1358 4891 plangeret,
1389 4823 1537 4876 intus
1571 4829 1752 4877 tamen
1813 4825 2054 4880 maxime

483 4913 758 4976 Studebat,
793 4924 852 4967 ut
895 4928 952 4967 se
1006 4914 1060 4966 in
1112 4922 1386 4982 potestate
1436 4914 1689 4970 haberet.
1735 4915 1889 4974 Tum.
1930 4933 2056 4972 vero

481 5003 710 5057 allectus
770 5004 1136 5060 immensitate
1208 5021 1435 5075 prorsus
1492 5005 1780 5072 devictus,
1833 5017 1888 5062 et
1948 5011 2057 5064 imo

2159 1995 2477 2065 δυσχερείας
2511 1993 2603 2044 καὶ
2654 1989 3029 2059 περιστάσεις.
3070 1986 3318 2055 Ἀνάγκη
3364 1984 3472 2054 γὰρ
3502 1980 3630 2052 πρός
3667 1993 3720 2032 τε

2158 2087 2256 2154 τὴν
2291 2087 2548 2155 πρόνοιαν
2603 2083 2702 2152 τῆς
2739 2081 2916 2153 ἀρχῆς
2947 2078 3272 2150 μερίζεςθαι
3317 2076 3624 2146 Ῥωμαίων,
3651 2073 3722 2124 δε·

2157 2175 2358 2228 δοικότι
2396 2175 2470 2244 μὴ
2507 2174 2592 2227 διὰ
2615 2175 2713 2241 τὴν
2737 2174 2877 2241 ἐμὴν
2905 2170 3162 2240 τελευτὴν
3185 2169 3299 2222 τῶν
3330 2165 3721 2232 καθεστηκότων

2159 2285 2213 2320 τι
2243 2267 2462 2336 κινηθῇ,
2497 2268 2591 2318 καὶ⁹
2624 2266 2760 2335 πρὸς
2781 2265 2881 2334 τὴν
2920 2264 3059 2333 ὲμὴν
3088 2261 3466 2332 ἀποστέρησιν
3487 2255 3722 2326 οὐδεμίαν

2163 2359 2472 2427 ὑπερϐολὴν
2515 2356 2755 2425 ἀθυμίας
2809 2355 3166 2408 ἀπολείπειν·
3221 2353 3574 2420 λογιζόμενον
3598 2347 3724 2400 εἰκό-

2161 2431 2270 2514 τως
2322 2451 2405 2504 ὅτι
2453 2452 2546 2502 τὸν
2593 2449 2736 2500 πάνυ
2801 2448 3078 2515 φίλτατον,
3129 2445 3224 2497 καὶ
3252 2444 3318 2496 ὃν
3353 2443 3474 2495 οὕτε
3495 2439 3723 2512 χρόνοςό

2163 2543 2320 2594 πάντ’
2369 2540 2671 2612 ἀπορῤἐειν
2718 2541 2813 2592 καὶ
2857 2539 3127 2591 ἀπανθεῖν
3187 2534 3385 2601 ποιῶν,
3427 2533 3537 2588 οὗθ’
3569 2534 3600 2602 ἡ
3632 2530 3725 2582 τῶν

2161 2629 2503 2702 πραγμάτων
2537 2631 2766 2690 ἀστατος
2816 2628 2910 2680 καὶ
2936 2627 3190 2688 ἀϐέϐαιος
3227 2627 3416 2692 φύσις,
3443 2616 3553 2675 οὔτ’
3576 2619 3726 2691 ἀνάγο

2162 2740 2235 2792 κη
2267 2740 2351 2785 τις
2387 2721 2612 2791 οζδεμία
2657 2722 2755 2789 τῆς
2803 2721 2900 2788 σῆς
2955 2721 3143 2788 ἴσχυσε
3201 2717 3395 2786 φιλίας
3444 2711 3726 2778 ἀποστῆσαι

2164 2815 2268 2869 κᾶν
2302 2815 2440 2884 πρὸς
2471 2814 2644 2886 βραχὺ
2668 2855 2680 2877 ,
2710 2813 2804 2865 νῦν
2829 2813 2857 2866 ό
2888 2818 2980 2867 καὶ
3003 2810 3177 2880 αὐτῆς
3213 2809 3438 2877 φύσεως
3465 2805 3725 2876 ίσχυρότε-

2168 2927 2260 2980 ρος
2291 2909 2516 2971 θάνατος
2546 2906 2807 2967 ἐπελθὼν,
2849 2905 3148 2974 ἀποτέμνει
3201 2919 3259 2954 τε
3303 2902 3398 2956 καὶ
3435 2898 3727 2965 διαζεύγνυ-

2165 3019 2250 3054 σιν
2282 3000 2592 3068 ἀνημέρως.
2652 2999 2762 3049 Καὶ
2813 2997 2872 3049 σὲ
2908 2991 3009 3063 μὲν
3064 2991 3363 3045 ἀπολείπει
3395 2991 3548 3059 σῶμα
3577 2984 3726 3055 χωρὶς

2162 3092 2362 3162 ψυχῆς,
2415 3090 2541 3159 ἔμε
2574 3089 2630 3142 δὲ
2676 3085 3034 3155 ἀνενέργητον
3089 3081 3268 3152 ψυχὴν
3333 3077 3724 3152 παραλαμϐάνει

2165 3183 2376 3254 πικρῶς
2421 3180 2770 3250 ὀδυνωμένην
2796 3177 2894 3246 τὴν
2937 3175 3235 3239 διάζευξιν.
3273 3174 3452 3230 Ἀλλά
3478 3174 3525 3226 τί
3552 3172 3614 3226 ἄν
3657 3182 3727 3229 τις

2164 3279 2328 3332 πάθοι
2349 3294 2363 3343 ;
2387 3276 2636 3344 στέργειν
2659 3274 2766 3342 γὰρ
2790 3270 3003 3340 ἀνάγκη
3030 3271 3156 3329 τοὺς
3180 3271 3345 3338 παρὰ
3374 3271 3464 3324 τοῦ
3493 3271 3731 3338 δημιουρ·

2163 3369 2262 3440 γοῦ
2309 3370 2410 3438 τῆς
2451 3366 2668 3436 φύσεως
2701 3363 2989 3434 κειμένους
3025 3361 3292 3432 θεσμούς.
3356 3361 3430 3418 Οὐ
3465 3361 3574 3432 μὴν
3623 3354 3727 3410 ἀλλ’

2164 3461 2354 3531 ἐπειδὴ
2379 3461 2438 3512 τὸ
2467 3459 2792 3528 λειπόμενον
2841 3455 3023 3522 ὀλίγον
3073 3457 3168 3525 τῆς
3205 3455 3386 3525 ζωῆς,
3423 3457 3536 3516 τοῖς
3563 3451 3727 3508 ἄλλοις

2166 3555 2300 3606 πᾶσι
2325 3553 2535 3622 χαέρειν
2569 3549 2758 3612 είττὼν,
2795 3549 2887 3601 ἐπὶ
2917 3564 3017 3603 1n:
3050 3547 3244 3614 κλίνης
3280 3546 3595 3613 ἀνακλίθητι
3641 3541 3726 3608 τῆς

2165 3642 2303 3712 ἐμῆς
2327 3653 2341 3668 ⁶
2376 3642 2468 3694 καὶ
2503 3642 2601 3709 τήν
2637 3655 2725 3690 σοι
2773 3636 3037 3706 φιλτάτην
3100 3636 3350 3705 κεφαλὴν
3381 3635 3492 3697 τοῖς
3522 3633 3725 3699 γόνασιν

2165 3733 2374 3801 ἐπίθες,
2407 3714 2501 3786 καὶ
2571 3735 2759 3802 χεῖρας
2806 3730 3034 3781 ἐπίϐαλε
3085 3731 3195 3790 τοῖς
3244 3729 3575 3798 ὀφθαλμοῖς·
3611 3722 3727 3781 ἴσως

2165 3827 2321 3879 τοῦτο
2351 3823 2710 3894 παραμυθίαν
2735 3821 2855 3874 τινὰ
2887 3817 3210 3889 προξενήσει
3239 3821 3308 3890 τῇ
3341 3821 3487 3890 ψυχῇ
3512 3813 3602 3870 τοῦ
3631 3811 3728 3866 σώ-

2167 3934 2338 3988 ματος
2389 3915 2756 3986 χωριζομένη,
2815 3912 3041 3975 πολλὰς,
3076 3910 3151 3971 ὼς
3189 3910 3472 3979 λέγουσιν,
3513 3909 3725 3977 ὑφιστα-

2167 4008 2300 4078 μένη
2331 4006 2430 4070 τὰς
2476 4005 2690 4063 ὀδύνας.
2742 4002 2964 4058 Μᾶλλον
3006 3999 3052 4054 δ’
3084 4001 3515 4070 ἴνάίσθάνηται
3538 3995 3727 4052 διπλῶν

2161 4099 2272 4153 τῶν
2313 4097 2515 4152 ὀδυνῶν
2550 4097 2644 4150 σού
2696 4113 2755 4150 τε
2787 4097 2882 4150 καὶ⁸
2929 4097 3186 4164 σώματος
3247 4094 3611 4167 χωριζομένη,
3646 4089 3728 4142 καὶ

2165 4191 2290 4263 μηδ’
2317 4194 2374 4244 ὲν
2398 4191 2529 4264 ᾅδου
2557 4207 2650 4243 σου
2686 4190 2912 4258 δύνηται
2949 4187 3334 4252 ἐπιλαθέσθαι,
3370 4188 3424 4242 εἴ
3451 4203 3532 4251 τις
3562 4182 3732 4248 αἷσθη·

2163 4298 2246 4345 σις
2279 4283 2387 4336 τῶν
2413 4283 2538 4353 τῇδε
2576 4282 2776 4352 ψυχαῖς
2812 4280 2953 4351 μετὰ
3001 4281 3102 4350 τὴν
3149 4279 3369 4332 ἐνθένδε
3401 4273 3727 4341 ἀπαλλαγήν.

2161 4375 2380 4429 Τούτων
2409 4378 2435 4428 ὁ
2470 4376 2644 4442 μέγας
2693 4374 3010 4442 δομέστικος
3045 4371 3288 4434 ἀκούσας
3311 4413 3326 4437 ,
3382 4367 3638 4440 ἀνῴμωξε
3679 4377 3732 4414 τε

2129 4469 2132 4473 ’
2162 4467 2384 4537 πικρὸν,
2417 4465 2571 4518 οὔπω
2601 4465 2869 4534 πρότερον
2893 4465 3022 4532 ἄχρι
3075 4466 3196 4515 τότε
3233 4462 3396 4516 τοῦτο
3422 4461 3605 4514 παθὼν
3652 4454 3730 4507 ἐπὶ
3793 4469 3795 4474 ·

2161 4556 2254 4609 τοῦ
2307 4555 2610 4626 βασιλέως,
2661 4553 2774 4606 ἀλλ’
2828 4553 2914 4607 ἀεὶ
2970 4554 3068 4623 μὲν
3119 4553 3224 4616 ἔξω
3275 4554 3608 4619 κοπτόμενος
3647 4543 3732 4598 καὶ

2159 4647 2393 4715 θρηνῶν,
2427 4646 2573 4699 ἔνδον
2601 4646 2658 4699 δὲ
2689 4646 2926 4713 μάλιστα
2981 4645 3308 4708 σπουδάζων
3344 4642 3620 4712 ἐγκρατὴς
3664 4632 3733 4688 εἴ·

2155 4757 2243 4791 ναι
2269 4737 2488 4793 ἑαυτοῦ.
2525 4738 2658 4790 Τότε
2711 4737 2769 4789 δὲ
2821 4737 2928 4790 ὑπὸ
2956 4735 3050 4789 τοῦ
3092 4736 3294 4800 πάθους
3347 4737 3448 4807 ἤδη
3477 4728 3732 4801 λαμπρῶς

2155 4830 2533 4901 νενικημένος,
2560 4828 2743 4882 ἐστενέ
2777 4845 2834 4881 τε
2883 4827 3069 4897 βύθιον
3120 4829 3183 4880 ἐκ
3215 4829 3472 4896 καρδίας,
3527 4824 3621 4876 καὶ
3651 4820 3732 4871 τὸν

2157 4922 2377 4992 ἑταῖρον
2412 4920 2753 4981 ἀνεκλαίετο,
2779 4920 2853 4981 ὡς
2878 4920 2971 4972 καὶ
2994 4921 3118 4980 τοὺς
3156 4919 3356 4985 ἔξωθεν
3386 4917 3732 4987 αἰσθομένους

2156 4997 2256 5084 τῆς
2328 5012 2652 5081 ὀλωλυγῆς,
2716 5011 3172 5082 τετελευτηκέναι
3205 5013 3428 5083 νομίσαι
3493 5007 3729 5082 βασιλέα.

1753 5129 1974 5192 Jacobi
2015 5131 2282 5194 Pontani
2319 5143 2505 5194 notua.

553 5249 666 5318 (92)
711 5247 904 5303 Cicero
938 5264 953 5301 ι
989 5248 1215 5306 Tuscul.
1251 5251 1333 5305 An
1361 5251 1500 5319 quod
1525 5252 1636 5319 ipse
1673 5255 1839 5308 animi
1874 5256 2066 5310 disces-

480 5337 568 5374 sus
601 5321 890 5386 a_corpo're
935 5336 1038 5371 non
1087 5319 1149 5387 ﬁt
1192 5323 1303 5374 sine
1349 5319 1573 5375 dolore?
1627 5323 1692 5377 Ut
1730 5327 1943 5378 credam
1986 5329 2063 5380 ita

479 5406 616 5453 esse,
665 5405 824 5460 quaint
863 5397 936 5441 est
983 5390 1036 5441 id
1079 5391 1376 5459 exiguum?
1427 5391 1489 5444 Et
1517 5392 1713 5460 falsum
1766 5411 1874 5447 esse
1921 5396 2062 5448 arbi-

483 5471 632 5534 tror;
677 5467 725 5510 et
790 5457 848 5524 ﬁt
905 5457 1220 5534 plerumque
1261 5463 1372 5515 sine
1415 5457 1606 5526 sensu,
1677 5481 2061 5534 nonnunquam

478 5531 641 5581 etiam
674 5544 794 5579 rum
832 5531 1132 5604 uoluptate;
1165 5541 1434 5604 totumque
1470 5535 1564 5584 hoc
1595 5534 1702 5586 leve
1741 5543 1836 5597 est,
1869 5531 2060 5604 quale-

479 5614 681 5664 cunque
711 5605 808 5671 ρει.
836 5597 914 5651 Fit
942 5601 1080 5652 enim
1115 5602 1182 5652 ad
1213 5597 1460 5668 punctum
1495 5606 1770 5671 temporis.
1814 5597 1920 5657 Sc'd
1953 5607 2056 5657 ista

481 5675 566 5740 est
600 5668 787 5740 oratio
831 5681 1064 5723 mortem
1114 5673 1540 5735 contemnentis,
1581 5668 1730 5740 quod
1773 5688 1860 5726 εει
1908 5675 2102 5728 iIIiUS‘

481 5736 614 5807 libri
647 5750 1054 5807 argumentum.
1093 5740 1228 5795 Nam
1263 5752 1321 5796 ut
1355 5736 1814 5807 mortemfsenum
1867 5757 2064 5798 conce-

478 5805 676 5862 damus
716 5805 839 5866 esse
885 5811 1245 5882 levissimam,
1291 5806 1703 5868 adolescentulo
1736 5823 1889 5867 certe
1939 5814 2060 5883 ple-

2164 5273 2399 5330 rumque
2431 5259 2675 5330 dolorem
2710 5260 2899 5315 habet.
2936 5262 3004 5314 Et
3040 5275 3166 5314 cum
3214 5259 3292 5330 illi
3326 5269 3386 5314 ut
3414 5275 3572 5330 poma
3599 5259 3731 5330 vieta

2164 5328 2309 5381 ultro
2349 5331 2418 5384 ab
2449 5329 2746 5384 arboribus
2793 5331 3071 5389 decidant.
3118 5331 3170 5383 lii
3218 5329 3371 5383 velut
3399 5328 3566 5384 cruda
3596 5329 3731 5384 avel-

2164 5397 2379 5470 luntur,
2415 5408 2478 5470 et
2504 5409 2762 5470 tanquam
2794 5401 2935 5470 ignis
2981 5416 3121 5468 aqua
3155 5401 3444 5470 superfusa
3481 5415 3586 5454 non
3619 5399 3730 5451 sine

2164 5469 2340 5540 multo
2374 5468 2624 5540 stridore
2683 5468 3130 5540 exstinguuntur.
3187 5469 3242 5522 Si
3305 5487 3454 5524 mors
3497 5470 3728 5540 dolorem

2163 5553 2270 5590 non
2298 5538 2483 5602 habet,
2513 5549 2604 5591 aut
2628 5539 2694 5592 ad
2727 5535 2993 5608 punctum
3032 5540 3298 5608 temporis
3327 5548 3557 5601 tantum,
3594 5535 3728 5590 unde

2161 5621 2292 5680 ergo
2333 5609 2626 5680 clamores,
2656 5609 2988 5678 jactatioues
3017 5623 3341 5680 corporum,
3373 5609 3728 5663 membrorum

2161 5675 2521 5731 distortioues
2559 5679 2612 5731 in
2649 5675 3034 5734 moribundis?

2163 5747 2356 5871 δηιοδέ
2393 5748 2503 5870 :lac
2530 5747 2598 5803 de
2639 5763 2700 5805 re
2743 5749 2952 5808 dictum
2981 5766 3172 5825 supra,
3192 5754 3321 5807 ηοι,
3354 5749 3448 5817 Ἠ,
3480 5734 3730 5820 (ιωηωη,

2191 5851 2206 5868 .
2251 5832 2295 5870 IS
2364 5833 2431 5870 ε,

2191 5832 2295 5870 {HIS
2329 5832 2431 5870 ρει.
