4016 6450
309 333 407 396 525

1455 328 2003 392 HISTORIARUM
2044 329 2275 391 LIBER
2318 329 2393 390 II.

3456 334 3559 396 536

305 463 380 532 τῷ
430 461 643 532 σώματι
696 461 799 528 τῆς
854 462 1160 535 ίστορίαςή
1200 464 1308 518 τῶν
1362 464 1670 517 δοκούντων
1710 464 1874 517 τινῶν

1993 465 2077 519 riae
2110 481 2309 533 corpus
2335 449 2591 518 vitiosum
2649 479 2712 520 ac
2765 466 3016 521 mutilum
3053 466 3246 524 reddat
3290 484 3557 538 quorum-

284 554 630 625 παράλειψις
659 556 994 623 ἀναγκαίων.
1036 556 1122 619 Ὠς
1155 554 1266 627 γὰρ
1297 557 1326 608 ὁ
1361 556 1622 626 βασιλεὺς
1658 556 1848 625 Ἀιδρό

304 663 449 708 νικος
517 649 545 699 ὁ
602 647 754 712 νέος,
812 647 1068 717 καθάπερ
1117 646 1369 717 έφθημεν
1428 648 1712 710 εἰπόντες,
1776 647 1879 716 τῆς

309 738 588 812 βασιλείας
623 738 878 809 διενοήθη
920 744 1178 794 κοινωνὸν
1213 741 1308 793 τὸν
1346 741 1520 810 μέγαν
1554 739 1879 808 δομέστικον

307 831 689 897 παραλαϐεῖν,
743 832 836 883 καὶ
896 831 974 900 τῷ
1027 833 1127 901 τῆς
1184 832 1503 900 ἁλουργίδος
1559 832 1711 884 ἄνθει
1778 831 1875 883 καὶ

309 921 604 991 βασιλικοῖς
655 925 932 993 κοσμῆσαι
982 925 1360 995 παρασήμοις,
1401 924 1495 976 καὶ
1541 923 1713 977 πολλὰ
1746 922 1880 974 πολ·

306 1012 460 1075 λάκις
536 1017 666 1085 περὶ
731 1015 926 1068 τούτου
995 1032 1059 1083 γε
1116 1014 1266 1084 αὐτῷ
1321 1013 1649 1085 διαλεχθεὶς,
1724 1014 1865 1067 οὐδὲκ

307 1106 543 1176 ἠδυνήθη
625 1107 814 1169 πλέον,
866 1106 984 1159 ἀλλ’
1063 1106 1405 1176 ἀμετάθετον
1486 1106 1586 1176 τὴν
1649 1104 1878 1173 γνώμην

306 1195 497 1264 ἔχοντα
546 1194 693 1265 ἑώρα
744 1193 881 1262 πρὸς
940 1193 1001 1247 τὸ
1062 1194 1338 1264 μηδέποτε
1381 1194 1532 1261 αύτῷ
1585 1194 1880 1247 πεισθέντα

308 1288 569 1356 πράττειν
604 1286 641 1341 ἃ.
679 1286 856 1355 ἠξίου,
881 1286 1093 1339 ἐκείνου
1138 1286 1238 1355 μὲν
1265 1288 1539 1356 ἀπέσχετο
1570 1287 1663 1339 καὶ
1692 1286 1878 1348 αὐτὸς,

307 1379 595 1448 ἀνηνύτοις
675 1378 922 1447 οἰόμενος
988 1379 1330 1449 ἐπιχειρεῖνο
1399 1378 1628 1450 ὕστερον
1690 1379 1746 1431 δὲ
1818 1378 1880 1431 ού

309 1468 507 1538 πολλῷ,
541 1468 619 1539 τῷ
659 1469 875 1537 πάππῳ
908 1471 1001 1521 καὶ
1040 1469 1257 1538 βασιλεῖ
1304 1472 1490 1523 πᾶσαν
1546 1471 1650 1540 τὴν
1703 1469 1883 1541 ἀρχὴν

308 1565 399 1614 καὶ
430 1560 531 1629 τὴν
574 1560 845 1630 διοίκησιν
874 1561 977 1629 τῆς
1026 1559 1312 1630 Ῥωμαίων
1343 1563 1644 1632 ἡγεμονίας
1691 1560 1882 1633 ὥσπερ

309 1656 403 1707 καὶ
450 1654 725 1723 πρότερον
774 1654 1028 1723 παρέστη
1066 1655 1416 1724 ἐγχειρίσαι·
1472 1655 1616 1710 οὕτω
1654 1656 1717 1725 δὴ
1767 1656 1883 1708 δια-

1992 556 2160 619 dam,
2226 567 2284 610 ut
2336 556 2593 621 videtur,
2651 559 3088 612 necessariorum
3148 564 3556 630 praetermissio.

1986 651 2370 718 Posteaquam,
2399 659 2458 703 ut
2490 664 2655 720 supra
2686 654 3258 713 commemoravimus,
3303 670 3559 725 magnum

1986 741 2350 796 domesticum
2414 742 2628 810 imperii
2678 754 2988 797 consortem
3060 745 3166 798 sibi
3222 745 3559 815 adiungere,

1985 847 2222 901 eumque
2254 848 2493 902 purpura
2532 844 2587 888 et
2624 835 2990 902 imperatoriis
3016 849 3216 888 ornare
3250 834 3562 902 insignibus

1986 922 2309 987 meditatus,
2347 925 2594 979 crebrius
2622 939 2676 979 et
2704 925 2955 994 pluribus
2984 941 3109 979 cum
3136 942 3200 979 eo
3225 940 3390 995 agens
3424 926 3562 982 nilnil

1986 1014 2248 1077 obtinuit,
2280 1024 2335 1067 et
2385 1016 2439 1068 in
2476 1015 2761 1069 voluntate
2799 1032 3081 1083 nunquam
3113 1017 3342 1070 cedendi
3378 1016 3479 1069 bac
3509 1017 3563 1070 in

1987 1112 2140 1173 parte
2167 1103 2501 1158 obduruisse
2531 1105 2690 1167 vidit,
2745 1121 2811 1159 ne
2852 1115 3041 1159 contra
3090 1114 3391 1159 torrentem
3424 1105 3567 1161 nitu-

1988 1203 2163 1260 retur,
2201 1211 2394 1265 urgere
2443 1212 2550 1249 non
2602 1199 2864 1264 perrexit,
2917 1197 3035 1251 Non
3070 1198 3164 1251 diu
3215 1207 3339 1266 post
3389 1206 3562 1251 totum

1988 1286 2284 1356 imperium
2365 1297 2421 1341 et
2472 1288 3006 1342 administrationem
3078 1290 3306 1342 Romani
3361 1289 3569 1357 princi-

1990 1389 2170 1450 patus,
2209 1394 2269 1436 ut
2295 1390 2351 1435 et
2382 1391 2562 1443 antea,
2597 1397 2699 1434 avo
2720 1385 3011 1436 restituere
3039 1381 3093 1435 in
3128 1391 3365 1435 mentem
3393 1381 3564 1437 venit.

1994 1474 2086 1528 Sic
2120 1474 2287 1544 igitur
2320 1476 2581 1529 sentienti
2635 1475 2813 1529 visum
2872 1475 2937 1528 ad
2968 1490 3106 1544 opus
3139 1474 3570 1543 procedrndun‘.

1993 1572 2200 1627 Tamen
2250 1573 2404 1642 prius
2465 1588 2588 1627 cum
2646 1588 2841 1639 magno
2892 1572 3194 1627 domesdco
3241 1570 3570 1628 sententiain

1991 1663 2249 1728 contulit,
2292 1672 2352 1716 ut
2381 1664 2424 1716 si
2458 1663 2549 1717 ille
2578 1664 2841 1732 expedire
2872 1673 3110 1732 putaret,
3144 1664 3382 1732 cogitata
3417 1678 3573 1715 exss-

308 1743 555 1812 νοηθέντι
584 1742 759 1795 ἐδόκει
806 1740 917 1794 δεῖν
959 1742 1227 1811 προάγειν
1283 1745 1379 1796 καὶ
1432 1746 1513 1806 εἰς
1555 1744 1738 1814 ἔργον.
1775 1745 1886 1797 Καὶ

1993 1763 2275 1820 queretur.
2340 1752 2440 1807 Cui
2497 1755 2684 1807 statim
2730 1756 2973 1808 ocrurr't
3020 1769 3076 1807 se
3125 1756 3191 1806 ab
3242 1750 3571 1816 imperatore

303 1833 381 1903 τῷ
451 1834 760 1907 δομεστίκῳ
823 1834 1102 1887 ἐκοινοῦτο
1190 1833 1260 1887 τὰ
1339 1835 1443 1904 τῆς
1493 1837 1748 1905 γνώμης,
1811 1836 1887 1899 ὡς

305 1926 357 1978 εί
411 1924 726 1995 λυσιτελοίη
776 1926 1294 1994 καταπραξὸμενος.
1353 1927 1517 1996 Τῷδ⁹
1557 1927 1719 1992 εὐθὺς
1791 1929 1889 1998 μὲν

303 2013 483 2066 ἐδοὶκει
517 2013 716 2082 πεῖραν
743 2012 910 2066 αὑτοῦ
953 2013 1231 2067 ποιεῖσθαι
1262 2014 1509 2082 βασιλέα,
1531 2017 1779 2084 οἰόμενον
1811 2016 1887 2079 ὡς

302 2104 371 2158 ἄν
412 2104 642 2156 τοιαῦτα
690 2104 822 2175 περὶ
882 2103 1150 2175 βασιλέως
1206 2106 1301 2160 τοῦ
1361 2106 1588 2160 πάππου
1642 2107 1886 2178 πύθηται

300 2196 658 2267 βουλόμενον,
720 2197 923 2267 ῥᾳδίως
977 2197 1192 2263 ὑπείξει
1257 2199 1395 2270 πρὸς
1455 2199 1518 2252 τὸ
1572 2199 1669 2257 ,ὑπ’
1719 2200 1888 2254 αὑτοῦ

300 2287 562 2353 γενέσθαι
630 2286 911 2357 βασιλεὺς,
973 2289 1112 2360 ὅπερ
1173 2290 1505 2344 ἀνεϐάλλετο
1565 2294 1720 2360 πρὶν,
1790 2291 1888 2344 καὶ

299 2379 499 2450 ἐδήλου
555 2378 591 2432 ἃ
646 2380 866 2433 ὑπενόει
921 2379 1158 2450 βασιλεῖ.
1201 2382 1290 2445 Ὠς
1321 2382 1379 2436 δὲ
1405 2385 1616 2446 ἐκεῖνος
1646 2383 1890 2437 τοιοῦτον

300 2472 408 2541 μὲν
434 2472 645 2541 ἔφασκε
676 2471 1059 2542 διανενοῆσθαι
1091 2473 1284 2542 μηδὲν,
1338 2474 1528 2537 ἁπλῶς
1586 2473 1633 2528 δ’
1688 2475 1889 2528 οὑτωσὶ

299 2566 399 2616 καὶ
456 2564 798 2633 πανουργίας
854 2563 1004 2628 τινος
1040 2564 1241 2635 χωρὶς,
1268 2565 1436 2619 καλόν
1462 2583 1520 2619 τε
1557 2566 1767 2621 οἴεσθαι
1797 2567 1891 2620 καὶ

301 2655 597 2725 βούλεσθαι
639 2656 912 2726 προάγειν
966 2656 1062 2709 καὶ
1116 2659 1198 2722 είς
1250 2656 1438 2728 ἔργον,
1488 2660 1516 2711 ὁ
1573 2659 1750 2729 μέγας
1807 2660 1893 2712 ὅο-

305 2747 565 2815 μέςτικος
587 2746 877 2801 ὑπολαϐών
901 2762 916 2777 ⁸
935 2748 1077 2801 Ἀλλ’
1110 2747 1323 2819 ἔμοιγε,
1350 2745 1527 2817 εἶπεν,
1552 2752 1654 2805 οὐκ
1687 2751 1893 2820 ἀγαθὸν

309 2830 664 2889 εἷναιδικεῖ·
698 2836 843 2898 οὐδὲ,
877 2837 939 2890 τό
981 2854 1043 2905 γε
1089 2838 1171 2901 εις
1219 2840 1320 2908 ἐμὲ
1364 2835 1523 2911 ἧκον,
1565 2842 1641 2904 ὡς
1685 2842 1893 2893 λυσιτε-

314 2926 443 2980 λοῦν
497 2928 896 2998 βουλεύσασθαι
961 2930 1280 3000 πραχθῆναι
1340 2932 1426 2986 ἄν.
1465 2932 1526 2985 Εἰ
1585 2932 1640 2984 δὲ
1695 2934 1780 2986 σοί
1825 2950 1892 3001 γε

308 3019 456 3084 εδοξε
507 3020 738 3074 τοιαῦτα
806 3022 938 3092 περὶ
990 3022 1281 3093 βασιλέως,
1335 3024 1429 3077 καὶ
1480 3027 1643 3077 παντὶ
1703 3025 1892 3099 τρόπῳ

1994 1846 2212 1910 tentari,
2248 1845 2346 1915 qui
2397 1845 2740 1900 existimaret
2790 1846 2891 1900 hac
2941 1846 3008 1899 de
3043 1861 3145 1899 avo
3175 1844 3571 1899 deliberatione

1999 1936 2210 1997 audita,
2261 1937 2379 1991 sine
2431 1953 2603 2013 mera.
2637 1936 2793 1990 facile
2827 1953 2884 1991 se
2917 1937 2985 1990 ab
3021 1936 3137 2003 ipso
3182 1935 3569 2003 imperatori-n1

1992 2028 2300 2081 renuntiari
2361 2042 2695 2096 passurum,
2757 2027 3133 2095 continuoque
3199 2026 3568 2093 SIISpIt‘IOIienI

1990 2133 2142 2171 suam
2179 2119 2418 2187 aperuit.
2471 2120 2805 2173 Autumante
2857 2103 3193 2188 imperatore
3222 2158 3236 2181 ,
3274 2118 3411 2171 nihil
3463 2119 3570 2172 tale

1989 2209 2175 2261 animo
2207 2224 2489 2272 versasse;
2525 2209 2618 2261 sed
2647 2208 2726 2262 sic
2751 2207 3006 2282 candide,
3036 2207 3295 2276 nullaque
3355 2206 3569 2260 vafritie

1990 2297 2136 2351 bono
2172 2299 2223 2352 id
2259 2299 2374 2353 fore
2431 2315 2682 2375 censere,
2731 2307 2785 2354 et
2839 2298 2979 2353 velle
3013 2298 3067 2351 in
3102 2313 3218 2351 rem
3274 2300 3569 2361 deducere.

1992 2404 2223 2458 magnus
2276 2390 2612 2444 domesticus
2666 2389 2972 2458 excipiens,
3027 2388 3190 2459 Atqui
3255 2389 3433 2465 mihi,
3470 2390 3570 2458 ait,

1992 2495 2154 2534 secus
2189 2482 2442 2549 videtur;
2479 2497 2657 2551 neque
2692 2481 2841 2550 quod
2900 2482 2965 2535 ad
3016 2496 3101 2534 me
3163 2479 3404 2544 attinet,
3450 2491 3575 2536 tan-

1993 2585 2158 2641 quam
2194 2571 2350 2636 utile,
2382 2571 2543 2624 velim
2577 2572 2712 2627 ﬁeri.
2737 2571 2890 2637 Quod
2911 2573 2952 2627 si
2979 2571 3052 2625 ita
3082 2571 3151 2625 de
3185 2571 3278 2625 illo
3305 2570 3571 2637 statuisti,

1994 2660 2287 2729 modisque
2316 2661 2577 2714 omnibus
2630 2660 2855 2728 exsequi
2911 2660 3031 2724 vis,
3084 2667 3307 2728 prastat
3354 2660 3577 2716 vincet;

1992 2735 2151 2818 quod.
2199 2763 2256 2805 tu
2311 2752 2515 2806 bonum
2564 2751 2951 2821 interpretaris
2983 2792 2998 2816 ,
3053 2766 3219 2820 quam
3252 2751 3399 2820 quod
3438 2744 3574 2810 mihi

1993 2841 2099 2895 tale
2135 2859 2244 2895 non
2279 2851 2528 2911 apparet.
2564 2843 2700 2896 Nam
2740 2842 2787 2897 si
2820 2857 2921 2912 ego
2960 2857 3082 2911 qua:
3117 2841 3215 2895 tibi
3274 2851 3330 2894 et
3379 2842 3578 2901 Itoma-
3672 2840 3679 2847 “

1992 2934 2082 2989 nis
2109 2935 2307 2989 decora
2341 2944 2398 2990 et
2463 2935 2617 2989 utilia
2647 2945 2829 2989 essent
2881 2936 3050 2997 suasi,
3086 2936 3229 2989 Deus
3256 2935 3351 3003 qui
3394 2934 3579 2989 omni-

1992 3027 2098 3081 bus
2133 3028 2352 3096 egregie
2384 3028 2546 3081 faetis
2574 3027 2904 3091 delectatur,
2945 3027 3190 3080 animum
3224 3035 3380 3081 tuum
3414 3025 3480 3080 ad
3511 3040 3578 3087 (ι

299 3111 486 3182 βούλει
539 3112 846 3177 ἐκτελέσαι,
917 3114 1131 3185 βέλτιον
1181 3114 1209 3167 ὃ
1261 3117 1414 3185 παρᾶ
1494 3117 1579 3168 σοὶ
1638 3118 1888 3187 κέκριται

1993 3118 2358 3195 aggredienda
2412 3118 2776 3182 corroboret;
2833 3126 2889 3172 et
2942 3117 2990 3172 si
3054 3131 3247 3207 φοοδ
3319 3119 3578 3175 mortales

298 3205 470 3259 καλὸν
508 3205 603 3257 τοῦ
643 3204 775 3276 παρ’
817 3207 940 3276 ἐμοὶ
993 3207 1068 3278 μὴ
1130 3207 1379 3260 τοιούτου
1435 3208 1772 3277 φαινομένου
1828 3209 1919 3260 τὸ.

296 3299 474 3350 πῖοέον
524 3298 670 3367 ἔχειν
695 3317 709 3332 ·
748 3300 797 3351 εἰ
830 3298 932 3367 μὲν
973 3301 1083 3369 γὰρ
1116 3299 1300 3368 σαυτῷ
1336 3317 1396 3351 τε
1450 3301 1549 3352 καὶ
1589 3298 1894 3368 Ῥωμαίοις

303 3385 404 3438 καὶ
434 3388 791 3455 προσήκοντα
828 3388 922 3440 καὶ
953 3387 1344 3440 λυσιτελοῦντα
1378 3387 1690 3441 ἐϐουλεύσω
1730 3388 1891 3459 (96‘),

292 3476 436 3540 Θεὸς
477 3481 506 3530 ὀ
552 3480 713 3531 πᾶσιν
750 3479 978 3547 ἀγαθοῖς
1028 3479 1213 3546 ἔργοις
1255 3480 1605 3550 ἐνηδὸμενος,
1649 3482 1745 3534 καὶ
1792 3480 1894 3550 τὴν

295 3573 402 3640 σὴν
430 3572 499 3624 ἂν
534 3571 867 3643 ἐπιρρώσειε
907 3571 1045 3642 πρὸς
1085 3572 1245 3625 τοῦτο
1289 3570 1503 3644 ψυχήν·
1551 3575 1645 3626 καὶ
1686 3573 1797 3626 οὐδ’
1844 3575 1893 3626 εἰ

293 3667 507 3728 πάντες
560 3666 841 3738 ἄνθρωποι
890 3666 1121 3720 κωλύειν
1180 3667 1534 3735 ἐπιχειροῖεν,
1587 3669 1773 3719 πεῖσαι
1804 3667 1896 3720 δύ-

294 3758 475 3809 ναιντ’
530 3759 597 3810 ἄν
662 3775 724 3811 σε
781 3759 1150 3826 ἀποσχέσθαι.
1214 3759 1280 3811 Et
1337 3759 1383 3810 δ’
1431 3759 1539 3829 ἄρα
1579 3760 1756 3813 ταῦτα
1793 3761 1894 3830 μὲν

296 3846 605 3916 ἀσύμψορα
655 3848 832 3916 πάντη
886 3846 978 3899 καὶ
1030 3845 1329 3913 Ῥωμαίοις
1381 3849 1477 3899 καὶ
1522 3848 1731 3916 σαυτῷ,
1771 3848 1893 3919 Θεῷ

299 3939 343 3991 δ’
401 3939 557 4003 ἕδνξε
601 3938 830 3993 τοιαῦτα
878 3941 1064 3992 πεῖσαι
1116 3939 1260 3992 ὥστε
1323 3939 1602 4011 πρόφασιν
1637 3941 1893 4011 πολέμων

301 4031 591 4101 ἐμφυλίων
653 4032 749 4083 καὶ
816 4030 1065 4093 στάσεως
1127 4032 1224 4083 καὶ
1278 4033 1525 4101 ταραχῆς
1593 4019 1894 4100 Ῥωμαίοις

303 4122 623 4194 εὑρεθῆναι,
656 4125 739 4186 τίς
793 4121 968 4187 οὓτως
1024 4124 1090 4175 ἂν
1141 4124 1229 4193 εῖη
1283 4125 1650 4176 πανπάπασιν
1683 4123 1894 4194 ἔρημος

307 4215 548 4283 φρενῶν,
583 4214 713 4267 ὥσθ’
755 4215 791 4268 ὃ.
834 4215 985 4281 ἔδοξε
1034 4215 1173 4284 Θεῷ,
1226 4204 1381 4268 ταῦτ⁴
1431 4215 1596 4268 αὐτὸν
1644 4216 1710 4269 ἄν
1761 4232 1891 4268 ποτε

306 4307 605 4376 δυνηθῆναι
646 4305 912 4359 ἀναλῦσαι
967 4307 1226 4376 νομίσαις
1280 4307 1483 4376 σκέψαι
1522 4307 1712 4360 τοίνυν
1738 4309 1892 4367 παρὰ

310 4401 521 4467 σαυτξν
574 4398 677 4451 κᾶν
731 4398 847 4469 (an;
902 4382 1141 4461 ἀπάσαις
1201 4397 1406 4468 ψήφοις
1439 4397 1575 4466 πρὸς
1606 4397 1767 4449 τοῦτο
1803 4399 1893 4468 ῥέ-

1994 3218 2287 3271 conentur,
2322 3223 2391 3260 ne
2422 3216 2474 3261 te
2529 3208 2600 3262 ab
2631 3208 2699 3261 iis
2728 3217 2978 3262 avertere
3007 3205 3234 3276 queant.
3266 3205 3360 3261 Sin
3393 3216 3577 3264 autem

1993 3299 2062 3354 ad
2097 3300 2213 3354 haec
2242 3299 2337 3353 tibi
2367 3308 2424 3353 et
2457 3299 2722 3352 Romanis
2769 3312 2994 3367 prorsus
3046 3298 3415 3358 incommoda,
3465 3296 3578 3352 Deo

1996 3400 2176 3445 tamen
2206 3392 2414 3461 placuit
2468 3398 2520 3445 te
2554 3390 2839 3460 impellere
2867 3429 2881 3454 ,
2918 3398 2980 3444 ut
3031 3388 3301 3444 tumultus
3333 3403 3395 3444 ac
3427 3388 3579 3443 sedi~

1997 3482 2163 3537 tionis
2191 3521 2207 3545 ,
2250 3482 2632 3552 bellorumque
2668 3482 2914 3536 civilium
2964 3489 3289 3535 nasceretur
3333 3480 3577 3547 occasio,

1994 3572 2121 3641 quis
2152 3571 2227 3625 ita
2264 3573 2488 3640 penitus
2531 3587 2562 3624 a
2611 3571 2825 3626 ratione
2857 3571 3116 3625 desertus
3155 3569 3492 3631 invenietur.
3517 3581 3580 3624 ut

1995 3679 2053 3717 se
2083 3660 2324 3733 unqu’am
2358 3663 2662 3716 dissolvere
2733 3677 2796 3715 ac
2832 3671 3085 3714 retexere
3115 3676 3273 3729 posse
3315 3660 3578 3729 confidat,

1995 3771 2116 3825 qua:
2149 3756 2295 3810 Deus
2321 3755 2435 3825 ipse
2470 3755 2744 3808 texuerit?
2777 3752 2939 3827 255
2983 3752 3360 3822 Circumspice
3410 3752 3580 3823 igitur

1995 3845 2252 3910 sollicite,
2285 3854 2342 3898 et
2385 3845 2431 3897 si
2487 3855 2727 3898 montem
2765 3854 2913 3897 tuam
2945 3842 3208 3898 omnibus
3246 3841 3413 3897 veluti
3466 3843 3583 3900 πυτς

1994 3934 2185 4004 fragiis
2206 3951 2272 3989 eo
2295 3934 2423 3988 ferri
2452 3949 2517 3987 ac
2548 3933 2893 4003 propendere
2916 3933 3149 3998 videris,
3182 3933 3414 3990 aliorum
3435 3933 3584 4004 judi-

1994 4028 2141 4082 cium
2164 4007 2249 4082 .ne
2279 4029 2569 4093 exquiras.
2608 4026 2665 4078 Si
2720 4033 2903 4079 autem
2945 4025 3051 4078 tale
3100 4025 3237 4078 nihil
3287 4029 3577 4099 statuisti,

1999 4118 2097 4174 sed
2129 4133 2244 4172 rem
2272 4118 2500 4188 justam,
2538 4116 2635 4169 tibi
2669 4125 2722 4169 et
2752 4117 2854 4168 sub
2885 4115 3096 4169 ditione
3135 4125 3228 4170 tua
3254 4120 3581 4179 constituti;

1997 4209 2314 4280 frugiferam
2345 4205 2562 4259 efﬁcere
2589 4204 2798 4267 volens,
2825 4218 2989 4257 avum
3018 4207 3073 4257 in
3098 4204 3391 4274 imperium
3419 4224 3580 4264 revo.

1994 4317 2117 4355 care
2147 4298 2466 4354 delibet-asti
2495 4334 2510 4361 ,
2564 4295 2710 4349 haud
2744 4296 2886 4348 istuc
2913 4294 2989 4348 ita
3055 4302 3266 4363 temere
3296 4303 3353 4350 et
3392 4296 3582 4356 incon-

1997 4393 2256 4455 siderate,
2293 4400 2353 4444 ut
2380 4388 2731 4458 nugatorium
2766 4386 2973 4454 aliquid
3007 4385 3412 4444 conficiendum
3442 4399 3526 4444 est
3560 4407 3575 4447 :

313 4507 524 4543 πουσαν
574 4490 671 4559 τὴν
719 4490 820 4558 σὴν
871 4489 1071 4558 ψυχὴν,
1104 4489 1158 4541 τί
1217 4491 1323 4560 χρὴ
1392 4490 1487 4543 καὶ
1538 4488 1888 4556 βουλεύεσθαι

1995 4484 2090 4541 sed
2125 4484 2216 4538 ubi
2279 4492 2435 4537 antea
2468 4481 2702 4534 multqu
2752 4494 2817 4533 ac
2853 4478 3408 4548 frequenter~omnia
3453 4497 3581 4550 per.

316 4582 441 4652 περὶ
471 4582 677 4645 αὐτούς
709 4585 757 4633 εί
805 4583 851 4633 δ’
885 4581 995 4650 ἆρα
1023 4580 1266 4634 τοιοῦτον
1303 4583 1403 4650 μὲν
1446 4581 1600 4634 οὐδὲν
1631 4582 1890 4649 κέκριται

316 4673 468 4741 παρὰ
522 4676 624 4737 σοὶ,
660 4671 842 4742 σαυτῷ
893 4672 950 4724 δὲ
984 4672 1081 4724 καὶ
1120 4673 1233 4733 τοῖς
1282 4671 1464 4734 ἄλλοις
1507 4672 1777 4741 ὑπηκόοις
1801 4672 1894 4725 λυ-

317 4762 496 4832 σιτελῆ
523 4779 583 4814 τε
628 4762 765 4831 ὁμοῦ
797 4763 892 4816 καὶ
918 4762 1105 4814 δίκαια
1153 4763 1330 4813 ποιεῖν
1359 4760 1562 4814 ἐθέλων
1619 4760 1680 4813 τὸ
1727 4762 1891 4813 πάλιν

314 4851 701 4905 ἀνακαλεῖσθαι
768 4851 994 4921 βασιλέα
1057 4854 1153 4904 καὶ
1197 4838 1297 4922 τὴν
1363 4852 1539 4921 ἀρχὴν
1597 4850 1891 4919 Ῥωμαίων

316 4945 641 5013 ἐγχειρίζειν
690 4943 984 5013 διεσκέψω,
1030 4943 1129 5012 οὐχ
1179 4943 1369 5005 ἁπλῶς
1422 4943 1568 4994 οὕτω
1614 4944 1710 4994 καὶ
1758 4943 1896 4995 ἀπε-

316 5036 625 5103 ρισκέπτως
663 5033 741 5097 ὥς
766 5051 818 5088 τι
849 5035 960 5088 τῶν
993 5035 1222 5104 μηδενὸς
1251 5031 1418 5098 ἀξίων
1451 5034 1717 5104 πράττειν
1740 5034 1889 5105 χρή·

316 5127 448 5180 ἀλλά
503 5127 774 5197 πρότερον
813 5125 986 5180 πολλά
1041 5127 1306 5187 πολλάκις
1363 5126 1712 5196 σκεψάμενον
1767 5127 1895 5198 περὶ

319 5218 472 5271 αὐτοῦ
519 5218 618 5271 καὶ
660 5217 1142 5272 διακωδωνίσαντα
1189 5217 1461 5288 ἀκριϐῶς,
1493 5216 1640 5270 οὕτω
1690 5221 1894 5288 χωρεῖν

318 5310 405 5363 ἐπὶ
428 5312 495 5363 τὸ
531 5309 832 5381 πράττειν’
878 5309 1076 5380 μήπως
1110 5325 1164 5362 τι
1195 5310 1305 5362 τῶν
1347 5309 1629 5379 ἀδοκήτων
1660 5308 1892 5377 ὕστερον

318 5402 533 5472 συμϐὰν
559 5399 758 5473 (πολλὰ
781 5399 828 5455 δ’
857 5400 924 5454 ἂν
948 5401 1162 5471 γένοιτο
1206 5400 1456 5471 τοιαῦτα)
1486 5404 1600 5465 τοῖς
1624 5419 1681 5452 τε
1710 5400 1895 5462 ἄλλοις

1998 4576 2273 4645 ponderis,
2306 4582 2678 4643 accurateque
2709 4570 3107 4641 exploraveris,
3148 4570 3230 4625 sic
3259 4570 3481 4627 demum
3510 4572 3576 4632 ad

1996 4683 2137 4737 opus
2182 4667 2518 4721 veniendum
2548 4679 2562 4717 :
2595 4680 2665 4717 ne
2692 4702 2706 4727 ,
2737 4662 2783 4715 si
2836 4662 3186 4732 postmodum
3236 4663 3578 4731 inopinatum

1997 4759 2283 4829 quidpiam
2317 4756 2582 4811 acciderit
2635 4755 2829 4824 (multa
2857 4763 3040 4810 autem
3070 4754 3323 4807 accidere
3356 4758 3578 4827 queant)

2000 4852 2054 4904 id
2095 4859 2152 4904 et
2184 4850 2326 4910 aliis.
2360 4856 2417 4917 et
2456 4856 2582 4901 ante
2613 4846 2753 4900 alios
2792 4845 3214 4914 nobismetipsis
3246 4844 3313 4899 ad
3350 4845 3578 4899 temeri-

2003 4950 2171 4996 tatem
2244 4940 2615 5007 incrtiamque
2675 4946 2921 4991 nostram
2975 4935 3448 4992 condemnandam
3487 4936 3581 4994 fiat

2001 5033 2243 5088 occasio.
2274 5031 2429 5085 Dicta
2463 5027 2790 5099 approbavit
2838 5028 3159 5097 imperator,
3196 5039 3252 5084 et
3296 5022 3579 5099 negotium

1994 5125 2383 5180 consultationi
2423 5122 2694 5192 pernnsit.
2725 5120 2796 5174 At
2831 5134 3060 5188 magnus
3085 5120 3426 5176 domesticus
3454 5135 3544 5177 mo
3565 5151 3578 5162 ο

1996 5231 2178 5269 menta
2217 5212 2371 5281 prius
2428 5226 2593 5264 nosse
2640 5208 2999 5271 desideravit,
3032 5210 3239 5277 quibus
3294 5219 3478 5263 motus
3522 5211 3577 5268 in

1998 5306 2140 5359 hanc
2171 5304 2504 5357 voluntatem
2533 5298 2908 5354 descendisset
2934 5314 2948 5361 ;
2983 5314 3107 5368 quae
3150 5298 3194 5352 si
3224 5298 3327 5353 sibi
3359 5313 3580 5367 quoque

1997 5395 2142 5453 haud
2175 5392 2409 5449 absurda
2459 5401 2515 5445 et
2544 5390 2609 5444 ad
2645 5389 2808 5445 [idem
2838 5389 3017 5445 valida
3047 5389 3408 5460 videbuntur,
3436 5390 3584 5450 ultra

1578 5607 1793 5669 Jacobi
1832 5602 2096 5667 I’untani
2135 5610 2321 5661 nota).

384 5762 525 5835 (96’)
575 5759 932 5831 Ἐϐούλευσα,
964 5774 1090 5816 nam
1126 5759 1181 5817 id
1225 5762 1293 5817 de
1346 5777 1417 5847 se,
1443 5777 1672 5833 magnus
1720 5762 2058 5820 deutesticus
2094 5758 2255 5817 dicit:
