4016 6442
513 378 561 437 5.5

1668 372 1994 433 ΙΟᾸΝΧῘΞ
2027 320 2556 433 (ΣᾹΝΤᾹΠΗΖῖἰῊ

3623 387 3707 449 δῖιὸ

511 497 869 565 applicarent,
891 505 945 548 ct
965 496 1107 549 inter
1140 491 1509 548 amicissimos
1530 478 1902 547 numerarent.
1925 490 2068 557 Quod

2189 493 2377 542 λευσεν
2406 491 2440 545 ἃ
2475 491 2783 563 Συργιάννῃ
2835 492 3099 562 ἐγκαλοίη
3143 493 3221 555 είς
3258 494 3409 562 μέσον
3436 495 3571 563 ἄγειν
3596 516 3606 529 ν
3632 501 3702 552 ού-

510 601 636 642 cum
683 603 711 642 a
756 585 1025 655 principio
1055 586 1238 640 statim
1292 584 1633 649 videremus,
1666 584 1919 641 arbitrati
1953 599 2081 637 eum

508 679 697 746 gloria:
725 678 1062 745 laudumque
1113 676 1418 745 cupiditate
1450 676 1629 745 (quas
1654 674 1907 739 homines
1936 675 2084 729 beati

508 770 782 839 praecipue
811 769 1177 834 admirantur,
1209 777 1261 823 et
1288 766 1711 834 obstupescunt)
1736 766 1825 819 isti
1852 780 2089 834 occupa-

511 859 647 915 tioni
677 874 736 916 se
763 860 999 925 dedisse,
1023 875 1137 914 rem
1168 859 1309 913 haud
1343 858 1563 925 indigne
1587 858 1919 913 ferebamus;
1946 856 2085 912 Cum

509 961 694 1007 autem
727 960 971 1020 tempore
1021 951 1353 1019 procedente
1391 950 1511 1020 ejus
1543 950 1598 1003 in
1628 949 1716 1004 his
1747 949 2085 1019 diligentiam

510 1040 652 1094 ultra
694 1055 915 1109 aequum
945 1054 1192 1095 crescere
1220 1040 1668 1102 observaremus,
1702 1038 1892 1094 incidit
1923 1039 2086 1094 nobis

506 1134 770 1203 suspicio,
802 1148 910 1188 non
943 1132 1152 1203 glorise,
1181 1131 1276 1186 sed
1310 1131 1616 1201 cuiuspiam
1648 1131 1968 1187 occultioris
2001 1131 2083 1186 rei

505 1226 780 1282 desiderio
812 1226 866 1279 in
891 1225 997 1280 hoc
1025 1239 1153 1281 eum
1183 1238 1405 1294 operam
1431 1239 1656 1293 ponere,
1689 1234 1744 1279 et
1771 1224 2082 1280 accuratius

506 1317 571 1372 ad
606 1332 672 1371 ea
698 1332 821 1386 quae
845 1316 1198 1386 agitabantur
1238 1314 1681 1370 attendebamus.
1708 1315 1780 1371 Ut
1817 1330 1946 1371 vero
1988 1332 2086 1370 ne-

504 1408 655 1477 gotio
678 1406 933 1477 indagata
953 1408 1353 1476 comperimus,
1377 1413 1733 1476 aggregantes
1750 1422 1810 1462 se
1830 1407 1897 1461 ad
1930 1408 2083 1462 illum
2116 1466 2123 1471 _

504 1515 611 1552 non
639 1498 951 1554 inconsulte
984 1498 1038 1553 in
1067 1497 1366 1553 amicitiam
1393 1498 1587 1568 recipi,
1611 1499 1708 1553 sed
1739 1497 1901 1554 ﬁdem
1928 1514 2083 1554 suam

498 1592 815 1662 iuramento
835 1591 1160 1669 astringere,
1193 1590 1486 1661 ipsumque
1516 1590 1758 1646 vicissim
1783 1607 1936 1647 suam
1975 1593 2085 1650 illis

502 1692 852 1743 sacramento
882 1682 1141 1752 obligare,
1182 1692 1297 1737 tum
1330 1683 1490 1738 nobis
1517 1692 1675 1765 aucta
1702 1692 1788 1739 est
1817 1685 2080 1754 suspicio,

502 1774 785 1830 hominem
831 1790 1026 1845 magna
1068 1774 1317 1845 quadam
1370 1775 1577 1829 scelera
1619 1777 1821 1842 moliri,
1853 1778 2084 1845 diligen—

503 1875 701 1934 terque
725 1864 1078 1920 conditiones
1119 1876 1176 1921 et
1203 1866 1380 1934 capita
1401 1865 1454 1919 in
1486 1880 1609 1935 quze
1634 1868 1878 1937 juratum
1910 1882 2077 1934 esset.

501 1956 916 2025 inquisivimus.
943 1955 1284 2013 Narrabatur
1308 1966 1492 2011 autem
1516 1971 1547 2011 a
1568 1959 1825 2021 consciis,
1843 1960 2078 2028 primum

494 2051 713 2120 jurassc
726 2048 1014 2120 Syrgianni
1041 2048 1363 2115 amicitiam,
1385 2058 1439 2102 et
1462 2048 1814 2119 Syrgiannem
1862 2051 1990 2117 illis,
2023 2062 2081 2107 et

498 2140 836 2197 omnimodis
857 2140 1001 2195 inter
1035 2154 1093 2194 se
1114 2140 1452 2209 profuturos.
1488 2140 1697 2197 Deinde
1725 2143 1770 2196 si
1809 2144 1939 2213 quid
1979 2145 2081 2198 im-

500 2232 741 2301 peratori
773 2231 1093 2287 humanitus
1117 2232 1466 2302 contigisset,
1494 2248 1602 2288 non
1623 2249 2075 2305 unumquemque

498 2324 644 2394 quod
675 2324 778 2379 sibi
808 2322 1154 2378 conducibile
1170 2321 1483 2393 appareret,
1509 2325 1602 2379 sed
1635 2341 1755 2394 quae
1777 2339 1899 2395 post
1928 2344 2077 2382 com-

498 2431 718 2471 munem
733 2415 1189 2472 deliberationem
1205 2415 1536 2487 Syrgiannes
1549 2432 1648 2486 pro
1666 2419 1894 2474 utilibus
1910 2420 2077 2476 habe-

495 2520 600 2576 ret,
627 2526 691 2565 ea
724 2511 944 2566 demum
962 2506 1237 2567 'l‘acturos.
1258 2510 1388 2565 Haec
1426 2525 1457 2564 a
1498 2527 1588 2566 me
1613 2527 1744 2568 vere
1767 2516 2075 2569 asseverari

494 2614 664 2660 testes
694 2605 856 2660 dabo.
882 2605 963 2659 Tu
994 2604 1180 2673 igitur,
1211 2602 1534 2674 imperator,
1559 2605 1689 2673 quid
1724 2605 1793 2659 de
1822 2608 1908 2661 his
1950 2623 2077 2677 pro-

494 2698 717 2752 nunties
727 2699 999 2753 monitore
1018 2713 1130 2752 non
1145 2710 1293 2767 eges;
1313 2696 1685 2765 mihiquidem
1706 2697 2074 2754 insolentissi-

492 2805 644 2844 mum
659 2800 739 2845 est
767 2791 965 2853 visum,
983 2789 1401 2860 269aliquem
1422 2788 1741 2860 imperatori
1767 2801 2069 2860 parentem,

493 2882 918 2952 subjectumque
980 2896 1039 2937 se
1100 2880 1491 2946 confitentem,
1550 2882 1678 2937 talia
1742 2886 2068 2940 machinari.

490 2972 691 3027 Audivi
710 2973 880 3029 etiam
905 2988 937 3027 a
962 2973 1262 3043 majoribus
1281 2972 1419 3028 meis
1443 2973 1790 3031 subditorum
1814 2978 2072 3050 huiusce-

490 3064 640 3119 modi
672 3078 840 3120 ausus
865 3062 1110 3119 nefarios
1150 3066 1386 3121 maxime
1415 3067 1661 3123 omnium
1687 3084 1881 3125 eorum
1905 3077 2068 3144 perli-

2187 580 2245 634 δὲ
2293 582 2402 652 γάρ
2443 600 2529 635 πω
2582 584 2699 653 ᾔδει
2730 586 2858 654 περὶ
2915 585 3100 639 αὐτῶν
3154 588 3324 642 οὐδέν.
3367 588 3703 657 Τζαμπλὰκων

2188 676 2245 728 δὲ
2283 676 2493 729 ἄνωθεν
2546 677 2884 747 ἀρξάμενος,
2917 679 3091 743 οὕτως
3141 683 3383 735 ἐποιεῖτο
3425 684 3513 753 τὴν
3561 702 3707 754 κατη-

2188 765 2379 834 γορίαν
2405 782 2419 798 ο
2453 767 2791 836 Συργιάννης
2824 769 3031 834 ούτοσῖ,
3083 771 3277 837 λέγων,
3313 764 3357 825 ὦ
3388 772 3605 842 βασιλεύ,
3632 775 3714 845 τὴν

2190 858 2287 923 τῆς
2332 858 2576 926 ἐσπίρας
2632 858 2808 929 ἀρχὴν
2855 862 3350 931 ἐπιτετραμμένος.
3421 864 3598 935 πρῶτα
3636 866 3716 931 μὲν

2189 949 2428 1002 ἐποιεῖτο
2455 950 2546 1003 διὰ
2567 951 2833 1021 σπουδῆς,
2860 953 2958 1004 καὶ
3004 951 3167 1022 ἔργον
3206 951 3274 1025 ἦν
3312 955 3454 1024 αὐτῷ
3480 957 3580 1009 τῶν
3607 957 3721 1009 πάνυ

2187 1055 2297 1091 των
2367 1041 2975 1110 περισπουδαστότατον
3044 1043 3322 1114 ἑταιρείαν
3387 1046 3721 1115 συστήσασθαι

2189 1131 2322 1203 περὶ
2353 1133 2542 1197 αὑτὸν,
2576 1132 2675 1188 καὶ
2732 1134 2940 1197 πάντας
2992 1136 3040 1187 ει
3098 1134 3317 1189 δύναιτο
3378 1136 3519 1204 αὕτῷ
3565 1139 3723 1191 πεῖσαι

2189 1224 2505 1295 προσέχειν,
2542 1225 2638 1278 καὶ
2688 1225 2746 1276 ἐν
2779 1225 2893 1284 τοῖς
2924 1224 3164 1295 μάλιστα
3198 1224 3311 1278 τῶν
3351 1224 3513 1293 φίλων
3549 1226 3684 1292 ἄγειν
3712 1243 3724 1257 ·

2189 1319 2351 1387 ἡμεῖς
2383 1319 2440 1371 δδ
2467 1319 2536 1371 τὰ
2577 1316 2807 1372 τοιαῦτα
2854 1316 3089 1386 ὁρῶντες
3135 1317 3377 1388 μάλιστα
3405 1320 3461 1371 ἐν
3506 1321 3616 1381 ταῖς
3642 1321 3727 1386 ἁρ-

2188 1411 2329 1479 χαίς,
2363 1410 2602 1479 οἰόμενοι
2639 1409 2803 1463 αὐτὸν
2835 1407 2998 1478 δόξης
3057 1409 3434 1479 ἐπιθυμοῦντα
3469 1411 3557 1462 καὶ
3596 1411 3728 1463 ἐπαίο

2188 1516 2336 1564 νων,·
2366 1502 2445 1561 είς
2496 1498 2532 1552 ἃ
2592 1497 2831 1570 μάλιστα
2881 1499 3179 1568 ἐπτόηνται
3232 1501 3282 1551 οἱ
3329 1498 3603 1561 δοκοῦντες
3649 1500 3723 1548 εὑ-

2185 1595 2373 1663 τυχεῖν
2420 1594 2535 1653 τοῖς
2575 1591 2840 1652 τοιούτοις
2896 1589 3256 1661 ὴσχολῆσθαι,
3310 1589 3628 1658 ἐποιούμεθα
3674 1591 3730 1640 τὰ

2188 1662 2539 1755 πραττόμενα
2585 1683 2689 1736 οὐκ
2745 1662 2803 1734 ἓν
2837 1682 2998 1752 δεινῷ
3020 1698 3036 1714 ο
3067 1681 3143 1745 ὡς
3192 1682 3251 1734 δὲ
3278 1679 3375 1734 τοῦ
3418 1682 3601 1751 χρόνου
3629 1697 3725 1748 τρι·

2190 1776 2444 1847 ϐομὲνου,
2486 1770 2611 1846 ’τὴν
2665 1778 2723 1829 ἐν
2767 1777 2884 1839 τοῖς
2947 1773 3218 1837 τοιούτοις
3300 1774 3536 1844 σπουδὴν
3585 1772 3730 1841 psi?»

2186 1868 2282 1923 τοῦ
2311 1869 2683 1939 προσήκοντος
2744 1854 3043 1937 γινομένην
3090 1865 3385 1938 ἑωρῶμεν,
3435 1863 3726 1918 ὑποπτεύειν

2185 1958 2362 2029 ἐπῄει,
2412 1960 2486 2029 μὴ
2536 1958 2658 2028 οὐχὶ
2714 1958 2960 2024 εὐδοξίας
3011 1958 3176 2011 ἕνεκα
3226 1958 3296 2012 τὰ
3327 1955 3553 2010 τοιαῦτα
3592 1957 3727 2009 αὐτὸ)

2183 2052 2545 2121 ἐπιτηδεύειν,
2602 2050 2739 2104 ἀλλά
2811 2067 2957 2113 τινος
3019 2049 3211 2120 ἑτέρου
3276 2050 3439 2119 χάριν
3502 2050 3718 2118 ἀττορρη-

2180 2144 2403 2215 τοτέρου
2433 2161 2467 2199 .·
2532 2144 2626 2196 καὶ
2693 2143 3116 2211 περιεργότερον
3196 2136 3560 2213 προσείχομεν
3637 2144 3720 2200 τοῖς

2180 2232 2487 2303 γινομένοις
2528 2248 2543 2263 ⁸
2585 2233 2659 2295 ὡς
2716 2232 2774 2285 δὲ
2833 2232 2905 2285 τὰ
2962 2220 3201 2286 τοιαῦτα
3270 2231 3563 2303 ἐρευνῶσιν
3611 2231 3725 2299 ἐμη-

2180 2326 2337 2380 νύετο
2372 2327 2447 2388 ὡς
2498 2326 2618 2379 οὐδὲ
2669 2326 2860 2388 ἁπλῶς
2909 2327 3004 2378 καὶ
3054 2325 3410 2396 ἀπεριέργως
3471 2324 3527 2378 αἱ
3574 2322 3723 2392 φιλίαι

2178 2418 2437 2487 γίνωνται
2468 2418 2579 2472 τῶν
2614 2418 3020 2487 συνισταμένων
3075 2416 3213 2486 πρὸς
3282 2417 3473 2481 αὐτὸν,
3520 2416 3625 2469 ἀλλ’
3649 2415 3726 2485 όρο

2178 2526 2296 2573 κοῖς
2320 2510 2573 2563 διδόντων
2599 2512 2809 2574 πίστεις
2846 2510 3075 2581 ἰσχυρὰς
3099 2509 3193 2563 καὶ
3214 2509 3600 2580 λαμὸανόντων
3615 2505 3724 2578 παρ’

2176 2601 2363 2667 αὐτοῦ,
2415 2601 2527 2654 τότ’
2561 2602 2659 2673 ἤδη
2707 2605 2764 2655 ἐν
2794 2603 3005 2656 πλείονι
3055 2598 3201 2672 ἦμεν
3248 2602 3460 2673 ὑποψίᾳ
3500 2600 3589 2655 τοῦ
3644 2617 3726 2667 μευ

2176 2697 2318 2764 γάλα
2373 2698 2495 2750 τινὰ
2543 2700 2876 2768 κακουργεῖν
2925 2697 3088 2750 αὐτόν
3116 2713 3131 2728 ⁸
3161 2696 3262 2750 καὶ⁵
3284 2697 3414 2758 τοὺς
3444 2697 3630 2765 ὅρκους
3654 2694 3725 2762 ἐφ’

2173 2789 2377 2850 ὁποίοις
2434 2788 2675 2856 γίνονται
2722 2789 2977 2860 ἀκριϐῶς
3021 2789 3424 2861 διηρευνῶμεν.
3454 2788 3724 2859 Ἐμηνύετυ

2171 2877 2217 2931 δ’
2278 2877 2371 2930 ὑπ’
2430 2877 2618 2932 αὐτῶν
2675 2877 2786 2930 τῶν
2858 2878 2927 2931 τὰ
2978 2878 3209 2932 τοιαῦτα
3268 2880 3616 2944 συνειδότων,
3661 2877 3723 2939 ὡς

2172 2970 2392 3041 πρῶτον
2436 2954 2543 3039 μὲν
2561 2969 2797 3037 γίνοιντο
2829 2970 2880 3022 οἱ
2912 2969 3073 3039 ὅρκοι
3104 2969 3204 3023 ἐπὶ
3226 2969 3309 3038 τῷ
3336 2969 3534 3033 αὐτοὺς
3561 2969 3720 3039 φίλους

2170 3059 2309 3116 εἶναι
2347 3062 2679 3135 Συργιάννῃ,
2713 3062 2808 3115 καὶ
2843 3060 3010 3114 αὑτὸν
3063 3061 3253 3125 αὐτοις
3280 3079 3298 3097 ο
3341 3064 3434 3116 καὶ
3458 3061 3525 3115 τὰ
3569 3059 3721 3113 σιινοί⁸

487 3157 633 3211 diam
657 3155 1134 3227 defectionemque
1180 3172 1435 3226 arguere.
1459 3159 1701 3218 Proinde
1724 3178 1848 3218 cum
1880 3175 2066 3224 tacere

2173 3173 2335 3211 σοντα
2398 3154 2652 3225 ἀλλήλοις
2686 3156 2746 3207 ἐκ
2775 3154 2980 3217 παντὸς
3007 3155 3212 3225 τρόπον
3272 3156 3534 3226 πράττειν
3558 3152 3725 3206 exat:-

486 3262 598 3302 non
635 3262 876 3318 possem,
908 3247 1105 3303 horum
1137 3248 1317 3318 ipsum
1352 3250 1498 3320 apud
1526 3264 1580 3306 te
1612 3257 1891 3322 accusavi,
1941 3260 2066 3328 cpi-

487 3349 672 3405 natus,
704 3339 936 3410 perinde
967 3354 1090 3395 esse
1115 3349 1283 3409 atque
1314 3341 1360 3395 si
1386 3343 1526 3399 mala
1556 3344 1721 3399 simul
1756 3359 2063 3418 perpetres,

485 3431 594 3487 nisi
619 3446 684 3486 ea
716 3431 973 3486 conscius
999 3431 1316 3487 accusando
1354 3432 1596 3505 detegas.
1631 3437 1732 3492 Ubi
1774 3439 2065 3511 Zampfaco

483 3522 780 3589 conticuit,
813 3521 1146 3594 Syrgiannes
1175 3522 1469 3591 allirmare,
1500 3526 1757 3597 injuriam
1794 3532 1896 3586 sibi
1924 3534 2061 3603 lieri,

483 3626 544 3672 et
572 3628 632 3670 se
674 3616 1015 3672 calumniose
1062 3618 1392 3686 oppugnari.
1448 3621 1777 3690 mentirique
1810 3624 2063 3695 Zampla-

484 3722 702 3772 concm,
746 3708 840 3778 qui
895 3709 996 3761 ista
1049 3723 1116 3761 ex
1164 3707 1294 3761 odio
1337 3709 1647 3765 inveterato
1697 3714 2059 3785 conﬁnxerit;

485 3802 617 3868 quia
645 3800 856 3854 scilicet
895 3800 1035 3853 lilios
1067 3800 1211 3870 ejus,
1237 3799 1639 3870 Zamplaconis.
1677 3804 1924 3875 inquam,
1966 3810 2059 3879 qui

484 3892 555 3945 ab
601 3891 934 3960 imperatore
972 3891 1308 3954 defecerant,
1341 3893 1450 3955 dux
1486 3905 1679 3949 contra
1707 3912 1802 3951 eos
1840 3900 2056 3967 missus,

486 3990 678 4051 captos
700 3990 756 4036 et
775 3983 990 4037 vinctos
1007 3983 1071 4037 ad
1098 3983 1481 4052 imperatorem
1498 3986 1712 4041 adduxe
1722 3989 2062 4060 rit.Zampla-

483 4086 550 4123 co
575 4070 679 4125 sibi
707 4070 850 4124 lilios
874 4086 1073 4139 parvae.
1106 4081 1199 4126 aut
1235 4073 1370 4128 nulli
1397 4090 1544 4130 cura:
1566 4078 1705 4131 dixit
1737 4094 1879 4140 esse.
1912 4084 2058 4150 quod

481 4179 585 4218 nec
620 4162 897 4232 profuturi
938 4163 1048 4218 sint
1090 4166 1409 4235 quidquam,
1445 4168 1490 4222 si
1525 4169 1781 4225 meliores
1803 4172 1939 4240 (14),
1961 4191 2060 4229 nec

481 4255 748 4308 maculam
780 4256 883 4311 sibi
912 4258 1212 4324 aspersuri,
1243 4259 1287 4311 si
1315 4259 1443 4312 mali
1469 4258 1707 4325 fuerint;
1740 4263 2057 4331 imperatori

479 4342 630 4394 cordi
661 4341 800 4407 fore,
824 4358 937 4412 quo
975 4355 1135 4413 pacto
1168 4360 1265 4401 eos
1300 4355 1520 4413 tractet,
1556 4364 1683 4403 cum
1721 4352 1797 4406 illi
1821 4355 2055 4410 subsiut.

479 4436 620 4488 (lilio
658 4446 844 4490 autem
890 4446 1226 4492 commotum
1271 4454 1579 4506 accusasse,
1626 4458 1736 4499 non
1785 4445 2058 4501 inliciatu-

480 4542 640 4591 rum;
681 4541 787 4581 nec
825 4528 974 4583 enim
1013 4543 1195 4598 posse,
1228 4531 1321 4599 qui
1352 4547 1411 4587 se
1443 4533 1692 4604 improbe
1722 4552 1849 4607 erga
1884 4538 2057 4608 impc-

481 4628 722 4671 νάιοι-ειη
746 4620 1033 4688 gresserit,
1064 4634 1172 4673 non
1196 4621 1411 4678 odisse:
1440 4624 1744 4695 orabatque
1774 4628 2054 4693 eumdem,

483 4724 550 4761 ne
594 4723 788 4763 eorum
832 4724 1161 4779 quemquam
1209 4712 1432 4769 domum
1484 4716 1827 4782 dimitteret,
1880 4718 2058 4778 donec

483 4801 597 4867 ipse
645 4799 879 4854 testibus
907 4802 1182 4867 evocatis,
1240 4803 1380 4857 nihil
1412 4820 1471 4860 se
1510 4807 1884 4863 calumniandi
1932 4811 2060 4866 libi-

481 4891 608 4944 dine
634 4889 845 4955 fletum,
876 4891 970 4946 sed
1005 4892 1276 4962 ipsissima
1305 4896 1425 4967 eius
1448 4896 1588 4953 facta
1619 4899 1673 4954 in
1699 4902 2051 4962 accusatione

481 4998 580 5037 sua
613 4998 866 5053 posuisse
887 4985 1177 5040 manifeste
1200 4988 1538 5046 ostenderet.
1565 4990 1869 5063 Imperator
1893 4999 2051 5055 Zam-

481 5077 766 5145 placonem
791 5092 1008 5147 aequum
1048 5088 1240 5147 petere
1270 5094 1524 5147 censens,
1550 5083 1623 5138 ita
1656 5084 1836 5144 facere
1863 5090 2053 5159 jussit.

482 5171 601 5222 illo:
636 5179 692 5223 et
727 5164 1057 5240 Syrgiannes
1087 5172 1266 5224 oravit
1294 5173 1479 5240 iacciri
1512 5177 1803 5246 quosdam,
1837 5183 1930 5252 qui
1968 5201 2057 5239 se-

478 5277 601 5318 cum
632 5276 732 5332 per
754 5261 1059 5316 calumnias
1086 5262 1273 5331 inique
1312 5273 1495 5319 actum
1528 5275 1885 5326 testarentur.
1912 5274 2057 5327 Con-

477 5372 694 5411 cessum
726 5364 833 5419 est,
879 5367 1002 5425 qua
1040 5352 1107 5407 ad
1144 5354 1433 5409 veritatem
1467 5357 1952 5418 demonstrandam
1990 5365 2057 5419 li-

477 5458 647 5513 i-eret,
680 5446 1029 5517 experiretur
1060 5444 1267 5501 omnia.
1298 5444 1493 5504 Subito
1525 5450 1712 5521 itaque
1748 5455 1920 5522 missi,
1955 5459 2051 5527 qui

2172 3268 2298 3322 ρους
2320 3265 2336 3281 ο
2365 3249 2560 3304 ἔπειτα
2586 3246 2653 3301 ἂν
2705 3246 2889 3316 συμϐῇ
2943 3246 3171 3315 βασιλέα
3204 3248 3401 3318 τρόπῳ
3431 3247 3491 3317 δή
3517 3262 3618 3298 τινι
3644 3259 3720 3295 τε·

2167 3343 2453 3413 λευτῆσαι,
2490 3340 2566 3413 μὴ
2598 3340 2832 3393 ἕκαστον
2861 3338 2947 3407 ἐφ’
2987 3338 3187 3392 ἑαυτοῦ
3248 3340 3279 3394 ὅ
3327 3357 3381 3394 τι
3406 3340 3473 3394 ἂν
3501 3339 3623 3407 δοκῇ
3651 3352 3725 3388 συ·

2167 3440 2344 3492 νοϊσον
2380 3436 2660 3505 πράττειν,
2724 3431 2861 3485 ἀλλὰ
2901 3434 3053 3501 κοινῇ
3102 3432 3505 3504 σκεψαμένους,
3556 3430 3620 3484 τὰ
3647 3428 3721 3480 δον

2168 3530 2723 3601 κοῦντα¹Συργιάννῃ
2758 3525 3286 3584 λυσιτελεῗνκποιεῖν
3320 3542 3334 3559 ο
3372 3527 3453 3578 ὅτι
3510 3524 3564 3577 δὲ
3607 3522 3723 3586 ἀλη-

2167 3624 2258 3693 οῆ,
2295 3624 2579 3693 μάρτυρας
2636 3622 2949 3691 παρέξομαι
2984 3622 3094 3673 τῶν
3133 3618 3472 3692 λεγομέναδιιι
3536 3614 3721 3688 Σὲκῷν

2164 3713 2258 3767 οὖν
2323 3714 2392 3767 ἂν
2450 3713 2669 3782 εἰδείης,
2745 3706 2790 3765 ὦ
2848 3710 3092 3781 βασιλεῦ,
3149 3713 3177 3765 ὃ
3229 3730 3289 3766 τι
3364 3713 3468 3785 χρὴ
3509 3710 3721 3776 ἀποφαίν

2166 3806 2353 3860 νεσθαι
2375 3822 2440 3858 πε
2451 3806 2500 3874 pi
2522 3805 2703 3858 αὐτῶν
2729 3820 2743 3834 σ
2777 3804 2902 3873 ἐμοὶ
2922 3802 2982 3856 δὲ
3010 3803 3187 3857 ἐδόκει
3213 3807 3330 3860 τῶν
3357 3803 3718 3861 ἀτοπωτάτων,

2166 3897 2272 3953 ὑπὸ
2306 3897 2532 3968 βασιλέα
2590 3895 2713 3948 τινὰ
2764 3892 3045 3958 τελοῦντα,
3099 3895 3196 3948 καὶ
3258 3895 3502 3949 δουλείαν
3556 3891 3719 3962 όμολο·

2164 3990 2263 4062 γρῦ
2276 4007 2368 4042 ντα
2398 3987 2655 4056 ὀφείλειν,
2689 3983 2953 4047 τοιούτοις
2977 3987 3280 4055 ἐγχειρεῖν.
3332 3986 3639 4054 Ἑπυοόμην
3667 3983 3715 4033 δὲ

2163 4082 2405 4138 καὶτῶν
2457 4079 2690 4151 πρώτων
2747 4078 2859 4130 τῶν
2913 4077 3063 4144 ἐμῶν
3110 4077 3247 4146 ἐγὼ,
3286 4080 3365 4143 ὡς
3414 4079 3484 4132 τὰ
3515 4074 3727 4131 τοιαῦτα

2164 4175 2491 4245 τολμώμενα
2552 4168 2707 4241 παρὰ
2758 4164 2868 4221 τῶν
2928 4169 3187 4238 ὑπηκόων
3236 4170 3581 4226 ἀποστασίαν
3638 4165 3721 4219 καὶ
3773 4162 3777 4166 ’

2161 4267 2422 4323 ἀπιστίαν
2444 4265 2664 4317 πάντων
2696 4261 2933 4330 μάλιστα
2962 4263 3030 4314 ἂν
3049 4261 3228 4314 αὐτῶν
3254 4262 3609 4332 κατηγοροίη.
3640 4258 3720 4311 Διό

2162 4361 2279 4414 οὐδὲ
2314 4357 2629 4429 ἠνεσχόμην
2661 4355 2789 4423 σιγῇ
2820 4354 3041 4422 φέρειν·
3072 4352 3190 4406 ἀλλ’
3246 4356 3342 4407 ἐπὶ
3376 4354 3473 4407 σοῦ
3519 4353 3587 4405 τὰ
3624 4365 3715 4402 τοις

2162 4453 2301 4506 αὕτα
2328 4448 2691 4517 κατηγόρηκα
2719 4442 2907 4508 αὐτοῦ,
2937 4443 3175 4512 νομίζων
3201 4445 3306 4498 οὐκ
3332 4446 3554 4499 ἔλαττον
3591 4439 3718 4496 εἶναι

2159 4548 2218 4598 τὸ
2277 4541 2655 4611 συμπράττειν
2700 4537 2838 4608 πρὸς
2868 4537 2936 4590 τὰ
2981 4536 3162 4605 φαῦλα
3201 4538 3299 4591 τοῦ
3351 4540 3624 4592 συνειδότα
3653 4534 3719 4604 μὴ

2152 4636 2400 4705 ἐλέγχειν
2428 4635 2507 4694 είς
2537 4630 2874 4701 κατηγορίας
2905 4629 3088 4696 λόγον.
3138 4629 3384 4683 Τοιαῦτα
3428 4627 3718 4699 Τζαμπλά·

2153 4744 2328 4787 κωνος
2384 4723 2696 4788 διεξιόντος,
2754 4718 3064 4773 ἀδικεῖσθαι
3119 4720 3212 4771 καὶ
3275 4718 3713 4790 συκοφαντεῖσθαι

2150 4819 2444 4872 διετείνετο
2482 4818 2510 4869 ὁ
2557 4812 2897 4884 Συργιόιννης
2933 4813 3030 4864 καὶ
3055 4811 3498 4881 καταψεύδεσθαι
3549 4808 3718 4877 Τζαμ·

2158 4911 2423 4964 πλάκωνα
2455 4906 2643 4969 αὐτοῦ,
2671 4906 3024 4975 πλασάμενον
3044 4904 3306 4969 διαϐολὰς
3341 4906 3489 4977 ἔχθει
3514 4898 3714 4968 παλαιῷ

2153 5003 2233 5074 τῷ
2267 5003 2405 5073 πρὸς
2429 4998 2619 5067 αὐτὸν,
2649 5000 2731 5053 ὅτι
2764 4997 2894 5060 τοὺς
2937 4998 3111 5061 υἱοὺς,
3139 4997 3412 5067 βασιλέως
3453 4994 3712 5052 ἀποστάν-

2153 5111 2276 5160 τας,
2306 5091 2613 5162 στρατηγὺς
2642 5088 2764 5142 κατ’
2794 5087 2978 5141 αὐτῶν
3007 5087 3355 5157 ἐκπεμφθεὶς
3398 5078 3713 5157 χειρώσαιτό

2150 5201 2213 5237 τε
2255 5183 2348 5235 καὶ
2370 5181 2661 5250 δεσμώτας
2685 5179 2819 5248 πρὸς
2837 5177 3063 5246 βασιλέα
3084 5177 3394 5245 ἀπαγάγοι.
3424 5171 3710 5243 ΤςαμπΜο

2152 5290 2265 5326 κων
2293 5272 2353 5326 δὲ
2383 5270 2494 5323 τῶν
2534 5269 2636 5339 μὲν
2676 5267 2809 5320 υἱῶν
2857 5266 3006 5338 αὐτῷ
3042 5266 3225 5336 μέλειν
3265 5266 3457 5333 ἔλεγεν
3496 5263 3646 5326 ὀλίγα
3678 5257 3708 5326 ἢ

2151 5364 2328 5425 οὐδὲν,
2356 5364 2433 5427 ὡς
2458 5361 2582 5415 οὔτε
2613 5361 2921 5432 ὀνησόντων
2974 5359 3128 5412 οὐδὲν
3174 5358 3242 5413 ἂν
3288 5357 3533 5428 βεῖτίους
3563 5348 3708 5411 ὦσιν,

2152 5454 2277 5509 οὔτε
2305 5453 2800 5525 προστριψομὲνων
2841 5452 2968 5505 τινὰ
3014 5454 3278 5520 αἰσχύνην
3327 5448 3393 5503 ἂν
3422 5446 3707 5516 φαίνωνται

1740 5544 1958 5631 Jacobi
1994 5570 2260 5635 Pontani
2307 5577 2491 5631 notis.

547 5668 657 5734 lli)
678 5666 1025 5739 j’idendum,
1053 5669 1332 5739 quomodo
1354 5684 1484 5726 vera
1512 5671 1583 5725 sit
1610 5671 1726 5725 haec
1748 5676 2041 5728 sententia.

475 5738 631 5812 (Li-re
666 5736 760 5790 lilii
783 5776 799 5800 ,
821 5749 877 5792 et
905 5736 1290 5808 nepotes-boni
1334 5742 1400 5795 ad
1436 5741 1604 5795 decus
1629 5753 1685 5795 et
1708 5742 1935 5812 gloriam
1967 5747 2037 5799 fa-

483 5807 644 5865 milia:
705 5821 815 5862 suae
873 5807 1137 5876 prosunt;
1195 5820 1251 5866 et
1291 5812 1433 5866 illius
1482 5807 1821 5882 sapiens'est
1865 5816 2039 5884 gloria

2155 5674 2324 5749 patris
2376 5677 2459 5731 sui
2488 5718 2503 5745 ,
2536 5686 2589 5731 et
2615 5674 3000 5749 nequamlilii,
3034 5673 3213 5749 eidem
3262 5669 3605 5749 ignominiam
3643 5677 3700 5749 ac

2151 5740 2390 5828 dedecus
2423 5740 2649 5803 inurunt
2675 5740 2874 5817 ,‘quod
2905 5746 3174 5817 exemplis
3195 5740 3431 5814 propere
3473 5740 3603 5794 nihil
3629 5747 3704 5788 at—

2150 5828 2308 5871 tinet.
