4060 6428
443 376 546 431 tif!)

1642 369 1966 431 JOANNIS
2001 368 2527 434 CANTACUZENI
3583 381 3673 441 5N“

446 483 693 552 Denique
712 498 839 539 cum
868 483 1180 554 imperanze
1206 482 1425 539 seniore
1452 483 1505 537 in
1521 484 1771 538 custodia
1790 482 2025 538 vinculis

2128 489 2413 553 ὀνειδίζειν
2450 490 2513 542 οὐ
2555 487 2698 540 κατά
2736 486 2931 558 καιρθιν
2982 486 3150 551 δοκεῖ,
3185 489 3318 556 περὶ
3348 488 3515 540 αὐτῶν
3549 491 3676 546 ἅποὲ

443 576 780 630 constrictus
826 574 1096 640 ténerere,
1135 576 1283 632 nulla
1328 592 1425 646 spe
1456 576 1758 640 evadendi,
1803 577 2028 632 sceleris

441 668 523 721 tui
544 669 854 731 immemor,
872 678 928 723 et
944 670 1201 724 amicitiae
1223 679 1427 724 nostra:
1467 669 2025 739 consuetudinisque,

446 770 506 814 ut
540 744 724 824 soleo,
765 761 1105 827 recordatus,
1135 776 1260 830 qure
1307 770 1362 814 tu
1402 775 1504 814 nec
1527 759 1888 829 speravisses,
1922 774 2026 815 nec

444 852 514 905 ab
544 852 654 904 alio
679 862 898 906 narrata
923 852 1276 914 credidisses,
1309 866 1373 906 ea
1401 868 1501 922 ego
1536 863 1629 905 tua
1657 867 1823 907 causa
1848 863 1905 906 et
1932 866 2028 906 co-

442 942 635 1011 gitavi,
687 952 744 996 et
796 943 902 1005 feci
948 959 1099 997 :nec
1133 944 1311 998 solum
1349 958 1379 998 e
1413 959 1633 998 carcere
1688 952 1745 997 et
1794 941 2028 997 vinculis

444 1040 498 1086 te
545 1032 722 1102 eripui
772 1033 1123 1104 (quanquam
1170 1034 1520 1104 imperatoris
1573 1043 1747 1089 mater
1791 1049 1912 1089 eam
1948 1035 2025 1088 tui

442 1137 630 1177 curam
662 1124 716 1176 in
755 1139 840 1179 me
870 1124 1329 1194 reprehenderet,
1376 1135 1434 1180 et
1483 1125 1786 1195 imperator
1816 1140 1926 1178 non
1956 1125 2028 1179 ob

442 1215 615 1282 aliud,
643 1218 801 1286 271
834 1232 1005 1286 quam
1027 1217 1175 1288 quod
1202 1233 1303 1287 ego
1334 1216 1407 1271 ita
1440 1216 1657 1283 vellem,
1682 1216 1820 1271 hanc
1856 1215 2028 1272 licen-

445 1308 575 1361 timn
600 1308 804 1379 daret),
842 1324 1033 1363 verum
1068 1310 1235 1363 etiam
1284 1309 1352 1363 de
1390 1308 1611 1379 publico
1643 1308 1784 1363 haud
1832 1323 2027 1378 parum

445 1401 539 1455 tibi
585 1400 791 1470 profui,
826 1415 1042 1455 annuos
1073 1401 1171 1456 tibi
1204 1401 1412 1457 reditus
1445 1416 1475 1455 e
1512 1400 1651 1457 locis
1691 1400 1859 1456 certis
1889 1415 2025 1469 sup-

440 1494 721 1562 peditans,
774 1482 1110 1564 urbiunfque
1156 1494 1474 1564 prmfcctum
1534 1501 1587 1548 te
1635 1493 2022 1561 constituens;

439 1604 542 1643 nec
566 1589 750 1644 minus
779 1588 847 1642 de
880 1590 1018 1642 meis
1042 1587 1397 1643 facultatibus
1426 1587 1523 1643 tibi
1558 1588 1874 1654 consulens,
1903 1602 2027 1658 quae

442 1693 591 1731 nunc
623 1677 905 1747 sigillatim
949 1693 1261 1743 recensere,
1298 1693 1400 1733 nec
1445 1677 1774 1749 ingenuum,
1823 1686 1879 1732 et
1911 1692 2025 1732 mo-

440 1769 594 1824 ribus
621 1770 756 1824 meis
787 1770 1026 1824 alienum
1058 1778 1225 1824 esset.
1261 1770 1373 1825 Res
1400 1770 1548 1824 enim
1582 1770 1714 1839 ipsa:
1745 1756 1948 1827 docere
1972 1776 2025 1825 te

2134 582 2516 650 συνεγνωκότι·
2547 582 2613 634 τὰ
2645 580 2931 633 τελευταῖαι
2962 582 3019 633 δὲ
3051 579 3147 632 νῦν
3167 581 3336 634 ταῦτα
3374 581 3475 633 ﬁxi.
3496 581 3676 645 κλοιοῖς

2130 678 2189 728 ἐν
2211 675 2571 746 δεσμωτηρίῳ
2604 675 2708 728 ὑπὸ
2751 674 2845 727 τοῦ
2885 674 3256 745 πρεσϐυτέρου
3290 674 3543 744 βασιλέως
3565 693 3682 729 κατ-

2130 768 2395 839 εχομένῳ.
2435 768 2529 821 καὶ⁴
2568 767 2843 836 μηδεμίαν
2879 766 3072 820 ἐλπίδα
3125 766 3300 837 ἔχοντι
3331 766 3427 836 τῆς
3457 765 3561 820 τῶν
3583 766 3683 819 δει-

2131 859 2238 911 νῶν
2293 859 2615 926 ἀπαλλαγῆς
2643 899 2656 921 ,
2703 857 2806 925 τῆς
2847 857 2946 926 μὲν
3002 860 3105 927 σῆς
3152 858 3538 928 ἀγνωμοσύνης
3571 859 3681 913 οὐδὲ

2132 952 2507 1021 ἐπεμνήσθηνο
2536 949 2639 1019 τῆς
2687 950 2746 1003 δὲ
2789 950 2930 1017 ἐμῆς
2962 950 3102 1020 πρὸς
3132 950 3191 1002 σὲ
3224 949 3403 1017 φιλίας
3448 951 3539 1004 καὶ
3571 967 3685 1003 συν-

2130 1041 2343 1112 ηθείας,
2368 1040 2559 1111 ὥσπερ
2582 1039 2768 1103 εἴωθα,
2793 1041 3169 1110 μεμνημένος,
3190 1040 3334 1111 ἅπερ
3350 1039 3455 1093 οὐδ’
3478 1041 3543 1095 ἄν
3568 1057 3686 1094 ποτε

2130 1133 2296 1196 αὐτὸς
2334 1132 2594 1201 ήλπισας,
2624 1132 2739 1185 οὐδ’
2770 1131 2838 1187 ἀν
2866 1132 3061 1202 ἑτέρου
3099 1132 3353 1199 λέγοντος
3380 1131 3592 1185 ἐπείθου
3620 1131 3689 1196 ὥς

2128 1224 2217 1294 εἴη
2245 1222 2445 1294 ἀληθῆ,
2491 1222 2721 1277 τοιαῦτα
2773 1224 2871 1277 καὶ.
2916 1224 3205 1294 διενοήθην
3239 1224 3336 1277 καὶ
3360 1224 3690 1295 είργασάμην

2130 1316 2271 1385 ὑπὲρ
2305 1314 2426 1368 σοῦ·
2455 1316 2547 1369 καὶ
2570 1315 2632 1368 οὖ
2676 1317 2838 1386 μόνον
2872 1314 2969 1368 τοῦ
3008 1316 3388 1387 δεσμωτηρίου
3423 1315 3693 1386 ἀπήλλαξα

2130 1408 2225 1462 καὶ
2268 1407 2380 1462 τῶν
2452 1407 2673 1470 κλοιῶν,
2735 1406 2987 1476 καίτοιγε
3011 1440 3023 1451 -
3049 1407 3220 1461 πολλά
3280 1410 3377 1462 καὶ
3438 1408 3694 1481 βασιλίδος

2126 1500 2229 1570 τῆς
2283 1499 2547 1571 βασιλέως
2608 1501 2821 1572 μητρὸς
2866 1500 2970 1568 τῆς
3022 1500 3103 1563 είς
3157 1500 3216 1553 σέ
3253 1502 3509 1571 προνοίας
3542 1501 3694 1553 ἓνεκα

2128 1594 2508 1661 αἰτιωμένης,
2565 1594 2662 1648 καὶ
2708 1590 2971 1661 βασιλέως
3011 1591 3179 1646 αὐτοῦ
3219 1592 3289 1646 δι’
3314 1592 3471 1648 οὐδὲν
3514 1592 3692 1662 ἕτερον

2127 1689 2161 1760 ἢ
2192 1688 2283 1743 διὰ
2306 1688 2368 1742 τὸ
2409 1689 2434 1741 ἐ
2445 1688 2512 1758 μέ
2545 1687 2831 1757 βούλεσθαι
2861 1688 3021 1757 μόνον
3052 1688 3152 1757 τὴν
3201 1687 3390 1741 ἄδειαν
3430 1702 3695 1754 παρεσχη-

2058 1829 2101 1884 B
2133 1773 2484 1849 μένουίάλλὰ
2523 1778 2617 1833 καὶ
2661 1778 2725 1831 ἔκ
2765 1795 2824 1832 τε
2857 1778 2968 1832 τῶν
3005 1779 3197 1833 κοινῶν
3221 1777 3489 1847 ὠφέλησα
3516 1776 3693 1839 πολλὰ,

438 1868 709 1929 possunt,
768 1860 1007 1930 qualem-
1045 1862 1283 1914 amicum
1332 1875 1455 1914 cum
1512 1870 1607 1915 tuo
1664 1860 1797 1915 vitio
1834 1859 2025 1930 'perdi-

2131 1871 2428 1939 προσόδους
2470 1887 2528 1923 τε
2588 1869 2847 1940 παρέχων
2898 1870 3151 1939 ἐτησίους
3202 1872 3268 1923 ἐκ
3324 1869 3578 1940 χωρίων,
3612 1867 3697 1920 καὶ

438 1951 634 2016 disses,
685 1952 859 2021 ipsius
908 1951 1159 2007 bonitate
1202 1952 1633 2021 recuperaveris.
1682 1952 2025 2007 Postremae

440 2044 590 2098 tenui
656 2043 993 2114 ignobilique
1033 2028 1358 2113 praefectura
1391 2043 1460 2097 ad
1503 2043 1672 2099 totius
1709 2042 2026 2100 Occidentis

440 2136 897 2203 procurationem
923 2143 974 2190 te
997 2134 1245 2204 provexi.
1275 2133 1345 2189 At
1378 2142 1458 2200 tu,
1484 2149 1585 2203 pro
1616 2134 1738 2189 istis
1766 2134 2026 2189 omnibus

402 2225 812 2296 'aduijrabilem
838 2225 1131 2295 quamdam
1171 2232 1229 2281 et
1290 2224 1511 2295 ingenio
1558 2232 1653 2278 tuo
1690 2222 2026 2279 convenien-

438 2331 546 2375 tem
580 2320 636 2374 in
677 2301 870 2390 primis
912 2320 1145 2391 gratiam
1190 2318 1519 2389 rependisti.
1566 2318 1703 2374 Cum
1740 2318 1889 2373 enim
1940 2331 2026 2373 me

438 2411 580 2466 bene
628 2418 954 2475 merentem,
985 2417 1459 2478 servatoremque,
1505 2423 1568 2465 ac
1599 2416 1836 2463 tutorem
1868 2416 2024 2463 tuum

436 2503 600 2556 dictis
645 2512 700 2558 ct
732 2502 894 2556 factis
926 2499 1173 2570 proﬁteri
1224 2484 1537 2559 debuisses,
1572 2512 1805 2569 prorsus
1832 2496 2026 2552 contra

435 2595 622 2660 egisti,
674 2594 933 2662 tanquam
985 2592 1038 2645 in
1074 2591 1291 2646 hostem
1339 2590 1800 2645 nocentissimum
1837 2599 1889 2645 te
1942 2588 2027 2642 in-

437 2698 682 2752 struens,
725 2696 781 2743 et
814 2688 1017 2742 multos
1055 2685 1113 2740 in
1152 2682 1475 2740 sodalitium
1523 2699 1847 2755 aggregans,
1883 2693 1945 2739 ut
1978 2684 2025 2740 si

439 2764 636 2836 iterum
685 2795 882 2834 vexare
917 2788 970 2833 te
1000 2778 1218 2842 vellem,
1261 2791 1452 2847 posses
1497 2784 1550 2831 te
1591 2777 1923 2847 comparatis
1958 2778 2024 2832 ad

440 2876 492 2928 id
532 2873 743 2927 vilibus
770 2872 912 2926 tueri
948 2881 1114 2941 atque
1136 2869 1449 2926 defendere.
1484 2869 1665 2933 Unde,
1698 2879 1759 2925 ut
1790 2885 2021 2925 accusa-

440 2976 587 3020 tores
628 2964 707 3020 tui
746 2964 1045 3029 dictitant,
1108 2963 1165 3018 in
1210 2962 1531 3018 barathrum
1580 2963 1737 3033 longe
1782 2963 2027 3019 deterius

437 3067 601 3127 atque
636 3054 927 3112 exitiosius
970 3064 1134 3111 temet
1167 3053 1494 3110 deturbaSti.
1536 3053 1657 3108 Jam
1697 3069 1832 3110 vero
1864 3054 2026 3112 intel-

2127 1963 2367 2035 ἄρχοντα
2406 1964 2614 2018 πόλεων
2662 1962 2951 2029 καθιστὰς,
2983 1963 3082 2015 καὶ
3114 1964 3177 2015 ἐκ
3214 1962 3325 2015 τῶν
3380 1964 3527 2015 ἱδῗων
3558 1962 3696 2014 οὐδὲν

2128 2056 2379 2110 ἐλαττονο
2415 2056 2451 2109 ἃ
2484 2055 2578 2109 νῦν
2621 2055 2834 2109 ἕκαστα
2882 2054 3243 2124 ἀπαριθμεῖν,
3277 2054 3475 2123 ἀγενὲς
3508 2053 3571 2108 ἂν
3598 2055 3693 2122 εἴη,

2129 2149 2225 2204 καὶ
2276 2148 2530 2219 οὐδαμῶς
2577 2149 2747 2217 ἐγγὺς
2796 2147 2892 2201 τοῦ
2946 2148 3219 2218 ἡμετέρου
3251 2148 3497 2218 τρόπου⁸
3536 2150 3696 2200 ἐκεῖνο

2129 2241 2346 2302 ἐννοῶν,
2379 2242 2456 2305 ὡς
2489 2241 2631 2295 αὐτὰ
2666 2240 2734 2294 τὰ
2784 2241 3093 2310 πράγματα
3121 2240 3331 2307 διδάξαι
3364 2240 3564 2294 δυνατὰ
3596 2235 3698 2292 οἷον

2130 2332 2285 2400 φίλον
2317 2332 2425 2405 ίδίᾳ
2462 2331 2767 2402 φαυλότητι
2795 2330 3018 2401 τρόπων
3049 2328 3450 2397 ἀπολωλεκότι,
3482 2334 3545 2400 τῇ
3578 2349 3698 2401 σφε-

2127 2425 2240 2495 τέρ’
2280 2423 2444 2478 αὐτοῦ
2497 2424 2875 2495 καλοκαγαθία
2922 2423 3086 2477 πάλιν
3132 2424 3379 2495 ὑπῆρξεν
3427 2426 3699 2479 ἀνασώσα-

2130 2515 2278 2570 σθαι·
2305 2517 2400 2569 καὶ
2418 2514 2742 2575 ,τελευταῖον
2769 2515 2878 2568 ἀπὸ
2912 2516 3120 2586 μικρᾶς
3157 2531 3311 2578 τινος
3343 2515 3439 2569 καὶ
3461 2514 3699 2580 εὐτελοῦς

2129 2607 2309 2678 ἀρχῆς
2345 2607 2439 2660 ἐπὶ
2497 2608 2680 2660 πᾶσαν
2722 2606 2823 2675 τῆς
2867 2606 3109 2676 ἑσπέρας
3142 2606 3351 2676 ἀνῆγον
3380 2609 3477 2679 τὴν
3507 2611 3698 2680 ἠγεμο.

2128 2702 2268 2756 νίαν.
2325 2700 2396 2754 Σὺ
2433 2701 2501 2767 δ’,
2534 2701 2655 2753 ἀντὶ
2709 2700 2925 2753 πάντων
2963 2698 3171 2752 τούτων
3220 2699 3536 2771 θαυμασίαν
3589 2700 3700 2755 τινὰ

2130 2795 2224 2848 καὶ
2261 2793 2497 2861 μάλιστα
2549 2794 2632 2844 σοι
2681 2792 3066 2863 προσήκουσαν
3097 2792 3386 2857 ἀπεδίδους
3420 2795 3519 2864 τὴν
3560 2794 3699 2847 ἀντιο

2132 2884 2376 2956 μισθίαν.
2409 2885 2539 2937 Δέον
2572 2883 2684 2954 γὰρ
2727 2883 2909 2954 ἔργοις
2956 2900 3014 2937 τε
3056 2885 3153 2939 καὶ
3188 2883 3374 2953 λόγοις
3419 2886 3698 2958 εὐεργέτην

2128 2975 2550 3048 ἀναγράφεσθαι
2620 2977 2715 3031 καὶ
2785 2977 3007 3046 σωτῆρα
3061 2977 3159 3030 καὶ
3226 2980 3542 3050 κηδεμόνα,
3601 2976 3698 3030 πᾶν

2140 3070 2352 3134 ἐποίεις
2383 3067 2719 3123 τούναντίονο
2752 3069 2827 3130 ὡς
2855 3070 2948 3122 ἐπὶ
2979 3068 3242 3139 πολέμιον
3286 3074 3384 3149 καί
3409 3071 3576 3125 πολλά
3599 3070 3698 3124 δει-

435 3149 629 3219 ligens,
673 3162 785 3218 quo
837 3134 1188 3201 miseriarum
1244 3154 1333 3200 tua
1365 3155 1419 3201 te
1466 3144 1708 3200 amentia
1755 3146 2023 3216 adegerit,

2130 3165 2196 3218 νὰ
2229 3161 2593 3234 είργασμένον
2644 3134 3233 3232 παρασκευαζόμενος,
3286 3146 3698 3233 καλὴπροσεται-

435 3257 559 3309 qua:
586 3240 703 3295 sola
735 3240 801 3295 ad
835 3238 1125 3295 levandam
1154 3247 1483 3309 praesentem
1510 3238 1876 3294 calamitatem
1913 3238 2028 3293 suf-

434 3336 648 3390 fectura
686 3332 973 3403 iudicasti,
1002 3332 1122 3387 haec
1167 3339 1227 3387 ut
1255 3330 1494 3394 diceres,
1530 3332 1829 3387 meditatus
1858 3332 2028 3386 adve-

436 3426 588 3481 nisti.
619 3424 784 3502 Atqui
815 3437 916 3494 ego
950 3420 1089 3477 nihil
1123 3429 1177 3477 te
1208 3420 1417 3487 celans,
1445 3437 1558 3493 quo
1588 3430 1692 3477 sim
1723 3423 1777 3475 in
1811 3431 1862 3477 te
1901 3423 2026 3476 ani-

439 3532 552 3581 mo,
593 3526 649 3569 et
683 3515 815 3585 quid
849 3513 1210 3579 decreverim,
1251 3514 1574 3570 enuntiabo.
1616 3516 1807 3586 Neque
1839 3516 1913 3570 ita
1946 3516 2028 3571 af-

434 3609 618 3664 fectus
669 3623 816 3671 sum,
871 3616 933 3662 ut
984 3606 1287 3676 aliquando
1340 3616 1392 3663 te
1445 3606 1499 3662 in
1538 3607 1749 3663 amicos
1794 3609 2022 3673 referre,

434 3688 643 3771 tuaque
674 3715 843 3755 causa
881 3699 1012 3770 quid
1064 3699 1132 3755 de
1177 3697 1370 3755 ciliciis
1417 3700 1721 3754 amantium
1761 3710 2027 3770 praestare

432 3796 691 3864 cogitem,
741 3809 919 3864 neque
965 3793 1141 3849 hostis
1185 3793 1310 3849 loco
1341 3803 1394 3848 te
1440 3793 1667 3860 habere,
1705 3802 2025 3864 quantaque

436 3887 647 3957 possim
694 3887 1021 3943 detrimenta
1059 3886 1156 3941 tibi
1194 3887 1487 3958 iniungere
1519 3885 1707 3941 velim.
1760 3886 1867 3943 Sed
1897 3901 2024 3943 cum

437 3992 490 4034 te
533 3981 586 4033 in
607 3979 822 4051 judicio
853 3980 1079 4047 stiteris,
1120 3988 1176 4034 et
1206 3980 1273 4034 ad
1320 3979 1500 4047 capita
1532 3980 1902 4035 accusationis
1936 3996 2026 4035 re-

438 4071 754 4141 sponderis,
787 4086 888 4141 ego
916 4071 1138 4141 longum
1171 4070 1365 4125 silebo.
1402 4067 1471 4122 Et
1498 4068 1543 4122 si
1574 4068 1798 4139 quidem
1834 4070 2027 4124 confu-

443 4162 573 4217 tatis
622 4161 1039 4217 accusatoribus
1088 4160 1428 4224 absolveris,
1486 4158 1727 4228 placebit
1778 4160 1831 4215 id
1888 4161 2023 4216 mihi

432 4271 696 4325 quoque:
733 4270 839 4310 nec
876 4251 977 4308 tibi
1023 4254 1114 4325 jus
1142 4261 1308 4306 tuum
1357 4251 1559 4321 adepto
1590 4251 1870 4307 invidebo.
1928 4252 2025 4309 Sin

434 4351 610 4403 multo
655 4346 995 4402 adversariis
1040 4345 1289 4410 inferior,
1340 4359 1504 4400 causa
1558 4345 1831 4401 cecidisse
1870 4347 2024 4400 vide-

434 4439 567 4494 bere
601 4457 616 4493 :
648 4447 704 4493 et
735 4446 832 4491 aut
862 4436 1155 4507 {imperitia
1183 4436 1423 4503 dicendi,
1466 4445 1562 4490 aut
1606 4437 1898 4507 iniquitate
1933 4452 2025 4492 ea-

2134 3249 2421 3321 ριζόμενος
2451 3247 2712 3313 πολλοὺς,
2748 3247 2824 3310 ὡς
2867 3246 2932 3301 ἂν
2983 3252 3032 3302 εί
3068 3248 3397 3321 βουληθείην
3431 3249 3619 3320 ὥσπερ
3640 3248 3699 3318 δὴ

2130 3326 2521 3412 καὶπρότερον
2560 3341 2768 3395 ἀδικεῖν
2800 3339 2896 3415 καὶ
2935 3341 3121 3405 κακῶς
3159 3345 3363 3409 ποιεῖν,
3405 3343 3563 3405 αὐτὸς
3595 3343 3701 3411 είης

2128 3435 2356 3499 δυνατὸς
2405 3433 2720 3506 ἀμύνεσθαι
2750 3436 2829 3504 τῇ⁷
2853 3437 3469 3507 προπαρεσκευασμένῃ
3500 3436 3701 3507 χρώμε-

2127 3548 2216 3594 νος
2239 3532 2490 3602 δυνάμει.
2530 3532 2621 3597 Ἐξ
2643 3525 2741 3595 ὧν,
2764 3532 2957 3602 ὥσπερ
2987 3531 3144 3586 αὐτοὶ
3168 3530 3431 3600 λέγουσιν
3461 3534 3510 3586 οἱ
3543 3548 3702 3601 κατη-

2127 3625 2443 3697 γοροῦντες,
2485 3626 2567 3690 είς
2604 3625 2786 3697 πολλῷ
2832 3624 3217 3697 χαλεπώτερον
3250 3626 3352 3681 καὶ
3400 3628 3580 3697 χεῖρον
3615 3624 3701 3696 βά-

2131 3717 2329 3789 ραθρον
2361 3715 2868 3787 κατεκρημνίσθηςο
2908 3714 2974 3768 σὺ
3017 3714 3075 3768 δὲ
3116 3715 3218 3786 ήδη
3265 3717 3517 3787 συνορῶν
3539 3717 3586 3768 οε
3617 3731 3700 3767 κα-

2128 3807 2240 3862 κῶν
2272 3806 2366 3860 ὑπ’
2410 3806 2668 3871 ἀϐουλίας
2705 3805 3041 3877 συνηλάθης,
3067 3805 3104 3859 ἆ
3150 3822 3232 3859 σοι
3273 3806 3427 3872 εδοξε
3457 3809 3587 3877 μόνα
3615 3807 3701 3860 δυο

2126 3897 2267 3950 νατά
2333 3897 2472 3967 πρὸς
2530 3895 2632 3967 τὴν
2688 3895 2979 3967 παροῦσαν
3035 3895 3303 3966 ἀνάγκην
3336 3898 3698 3967 ἀποχρήσειν,

2127 3987 2312 4042 ταῦτα
2353 3989 2511 4059 ἥκεις
2563 3988 2904 4058 ἐσκεμμένος
2961 3987 3165 4056 λέγειν.
3243 3988 3389 4058 Ἐγὼ
3437 3991 3493 4043 δέ
3545 3987 3700 4060 μηδὲν

2127 4077 2614 4149 ἀποκρυψάμενος,
2656 4079 2805 4141 ὅπως
2856 4094 2917 4129 τε
2967 4077 3253 4149 διάκειμαι
3311 4082 3450 4151 πρὸς
3492 4081 3572 4145 σέ,
3616 4078 3700 4132 καὶ

2125 4162 2215 4222 οἷα
2246 4168 2483 4237 ποιήσω,
2529 4166 2664 4239 ἐρῶ.
2698 4164 2832 4221 Οὐδ’
2864 4166 3042 4230 οὕτως
3087 4166 3197 4237 ἔχω
3244 4167 3391 4223 ὥστε
3426 4171 3552 4223 ποτὲ
3597 4169 3701 4227 τοῖς

2127 4261 2308 4333 φίλοις
2336 4277 2396 4314 σε
2439 4261 2761 4314 συντάττειν
2794 4263 2908 4324 τοῖς
2956 4262 3132 4331 ἐμοῖς,
3176 4252 3272 4317 καλ
3311 4263 3452 4333 ὑπὲρ
3478 4261 3569 4316 σοῦ
3600 4261 3699 4313 τῶν

2127 4352 2518 4424 προσηκόντων
2551 4353 2664 4414 τοῖς
2696 4349 2913 4420 φιλοῦσι
2943 4346 3206 4422 πράττειν
3243 4370 3321 4417 τι,
3364 4353 3487 4407 οὗθ’
3511 4354 3585 4415 ὡς
3612 4368 3700 4404 πο-
3735 4404 3741 4415 ,

2126 4443 2300 4515 λεμίῳ
2343 4444 2583 4516 χρῆσθαι
2642 4443 2896 4514 βλάπτων
2937 4446 3040 4497 ὅσα
3079 4444 3310 4498 δυνατόιο
3345 4445 3462 4500 ἀλλ’
3496 4448 3584 4500 ἐπὶ
3606 4445 3697 4513 τῆς

436 4534 868 4592 Iumniatorum,
915 4538 1013 4585 aut
1067 4530 1178 4585 alio
1234 4529 1476 4600 quodam
1527 4531 1692 4586 modo
1734 4531 1868 4601 jure
1925 4539 2019 4583 tuo

2128 4533 2285 4604 δίκης
2318 4534 2637 4605 γενομένου,
2677 4536 2773 4589 καὶ
2802 4534 2943 4604 ὑπὲρ
2970 4527 3044 4589 ὧν
3069 4539 3362 4606 κατηγορῇ
3386 4537 3487 4601 τὰς
3519 4534 3700 4590 ἀπολο-

431 4627 686 4681 excidere
711 4622 1026 4694 contigerit,
1066 4622 1433 4692 patrocinium
1466 4621 1859 4692 tui‘perlibeus
1890 4622 2042 4687 arri:

431 4721 602 4791 piam,
632 4727 688 4773 et
712 4717 913 4788 iniusta
947 4726 1001 4772 te
1037 4715 1188 4771 feriri
1226 4717 1498 4771 sententia
1533 4730 1641 4769 non
1674 4716 1852 4769 sinam
1880 4730 1895 4769 :
1931 4728 2026 4769 ne-

429 4825 538 4879 que
588 4809 641 4863 id
684 4807 783 4862 tibi
835 4808 1033 4877 magis,
1068 4824 1231 4878 quam
1287 4806 1535 4877 aequitati
1586 4805 1748 4860 dabo.
1783 4804 1876 4860 Sin
1905 4806 2028 4875 jure

430 4900 805 4964 daninaberis,
838 4899 1043 4954 nullam
1074 4915 1104 4953 a
1134 4914 1220 4954 me
1251 4898 1625 4953 defensionem
1653 4897 2023 4965 exspectabis.

428 4992 507 5046 Ex
535 5006 649 5061 quo
674 4986 825 5045 enim
850 4999 907 5045 tu
936 4989 1236 5044 amicitiam
1271 5002 1445 5042 meam
1472 4986 1778 5057 proiecisti,
1810 4987 2025 5044 hostes-

426 5101 537 5156 que
568 5082 772 5138 imitari
807 5083 1072 5148 maluisti,
1108 5097 1174 5135 ex
1204 5096 1272 5135 eo
1302 5095 1404 5149 ego
1435 5093 1660 5149 quoque
1693 5088 1744 5135 te
1785 5080 2024 5136 amicum

428 5193 728 5249 agnoscere
758 5178 919 5243 desii,
949 5186 1006 5232 et
1036 5186 1197 5231 vetus
1235 5173 1512 5245 quoddam
1546 5173 1673 5228 vitae
1706 5173 2023 5229 institutum

428 5271 563 5324 mihi
598 5268 939 5333 custodiens,
975 5276 1034 5322 ut
1070 5266 1279 5321 nemini
1323 5265 1536 5319 scilicet
1581 5264 1843 5320 inimicus
1892 5267 2021 5333 sim,

429 5366 608 5431 neque
642 5361 738 5415 tibi
766 5361 1037 5416 hactenus
1068 5358 1168 5419 fui,
1200 5372 1381 5427 neque
1413 5358 1467 5411 in
1501 5367 1783 5426 posterum
1809 5374 1942 5425 ero;
1973 5368 2027 5414 et

428 5454 710 5524 quomodo
756 5453 943 5522 inique
987 5452 1202 5515 laesum,
1238 5460 1296 5504 ut
1327 5451 1577 5519 promisi,
1610 5466 1720 5505 non
1749 5450 2025 5515 deseram,

429 5548 512 5600 sic
560 5546 753 5615 inique
807 5543 1098 5598 laedentem
1144 5540 1466 5596 discrimine
1512 5541 1658 5596 haud
1714 5542 2024 5610 expediam.

430 5635 595 5704 272
623 5637 791 5705 Igitur
816 5649 942 5689 cum
972 5633 1286 5701 prudentia,
1309 5644 1364 5688 et
1389 5642 1572 5688 rerum
1619 5633 2025 5702 verborumque

431 5727 824 5780 exercitatiOue
877 5730 1080 5790 valeas,
1125 5724 1589 5795 quemadmodum
1634 5724 1735 5777 tibi
1780 5724 2024 5788 videtur,

435 5818 522 5872 sic
551 5834 667 5889 age.
699 5803 1064 5890 'Syrgiann'em
1098 5818 1245 5879 illico
1276 5835 1381 5874 non
1408 5832 1605 5890 parum
1649 5815 1766 5871 haec
1798 5822 2023 5871 contur-

2127 4626 2256 4695 γίας
2290 4627 2643 4697 ποιουμένου,
2690 4625 2857 4688 αὐτὸς
2891 4626 3110 4696 μακρὰν
3146 4615 3447 4696 ἐξασκήσῶ
3475 4626 3697 4694 σιωπήν,

2126 4719 2502 4789 φθεγγόμενος
2531 4718 2719 4789 μηδέν·
2759 4716 2864 4771 κᾶν
2897 4718 2999 4786 μὲν
3029 4718 3138 4771 τῶν
3178 4721 3507 4790 κατηγόρων
3550 4734 3697 4787 περι-

2126 4813 2261 4882 γένῃ
2297 4813 2393 4867 καὶ
2419 4811 2522 4883 τὴν
2552 4811 2713 4881 δίκην
2743 4808 3041 4881 διαφύγης,
3071 4810 3346 4878 ἀγαπήσω
3392 4812 3487 4864 καὶ
3523 4809 3695 4869 αὐτὸς,

2129 4905 2225 4958 καὶ
2278 4904 2342 4957 οὐ
2384 4904 2640 4975 φθονήσω
2667 4902 2887 4972 τυχόντι
2915 4900 3026 4953 τῶν
3058 4900 3308 4955 δικαίων·
3349 4901 3416 4954 ἂν
3455 4900 3500 4954 δ’
3530 4900 3696 4968 ήττων

2128 4996 2300 5068 φαίνῃ
2327 4996 2481 5065 παρὰ
2516 4995 2654 5048 πολὺ
2688 4994 2785 5047 καὶ
2815 4991 3020 5064 ἁλίσκῃ
3053 4991 3278 5060 ἀδικῶν,
3319 4992 3386 5047 ἂν
3430 4992 3526 5063 μὲν
3551 4992 3696 5042 ἀπει·
3756 5048 3773 5067 κ

2131 5087 2225 5159 ρίᾳ
2260 5086 2434 5153 λόγων
2465 5084 2499 5153 ἦ
2537 5084 2724 5156 ἀδικίᾳ
2770 5082 2880 5136 τῶν
2932 5082 3310 5161 συκοφαντῶν,
3342 5083 3374 5153 ἢ
3408 5082 3591 5149 τρόπῳ
3633 5076 3692 5145 δή

2127 5194 2234 5232 τινι
2287 5178 2460 5247 ἑτέρῳ
2512 5175 2943 5242 ἀποστερεῖσθαι
3003 5173 3250 5245 συμϐαίη
3299 5174 3407 5228 τῶν
3460 5169 3690 5229 δικαίων,

2128 5271 2512 5339 προστήσομαι
2562 5267 2886 5338 προθύμως,
2937 5267 3035 5321 καὶ
3062 5266 3122 5318 οὐ
3154 5265 3486 5334 περιόψομαι
3518 5261 3692 5315 ἄδικον

2126 5362 2311 5433 ψῆφον
2333 5360 2648 5430 ἐνεχθεῖσαν
2677 5359 2820 5412 κατά
2847 5358 2964 5423 σοῦ,
2993 5358 3052 5410 οὐ
3076 5356 3171 5410 σοῦ
3202 5373 3263 5426 γε
3290 5356 3456 5410 ἕνεκα
3481 5352 3690 5425 μᾶλλον,

2127 5452 2161 5522 ἢ
2195 5452 2368 5504 αὑτοῦ
2406 5449 2641 5505 δικαίου·
2682 5447 2750 5502 ἂν
2793 5448 2852 5502 δὲ
2899 5450 3077 5519 προσῇ
3109 5449 3170 5501 τὸ
3202 5446 3427 5508 δικαίως
3463 5449 3526 5516 δῇ
3558 5439 3689 5497 κατά

2132 5542 2228 5596 σοῦ
2275 5540 2591 5611 ἐξαγομένη
2618 5538 2826 5609 ﬁnitam,
2874 5538 3148 5610 μηδεμίαν
3179 5537 3493 5610 ἐπικουρίαν
3525 5545 3686 5605 προσ-

2127 5630 2259 5683 δόκα
2292 5629 2424 5698 παρ’
2466 5628 2624 5698 ἐμοῦ.
2678 5627 2773 5692 Ἐξ
2815 5628 2941 5681 ὅτου
2974 5628 3108 5700 ίγάρ
3144 5628 3308 5690 αὐτὸς
3342 5627 3548 5680 ἀπώσω
3594 5621 3684 5682 τὴν

2131 5721 2316 5791 φιλίαν
2367 5720 2467 5792 τὴν
2516 5721 2660 5791 ἐμὴν
2684 5758 2700 5785 ,
2746 5721 2843 5774 καὶ
2885 5720 3152 5789 πολεμίου
3184 5720 3325 5791 ἔργα
3354 5718 3498 5771 εἵλου
3529 5724 3687 5785 πρατ-

2127 5832 2274 5883 τειν,
2332 5815 2429 5869 καὶ
2485 5813 2653 5877 αὐτὸς
2713 5811 2807 5866 τοῦ
2854 5811 3097 5884 νομίζειν
3152 5815 3308 5882 φίλον
3363 5808 3683 5875 ἀπεσχόμην·
