  <div class='ocr_page' id='page_1' title='image "/cluster/home/n/w/nwhite01/storage/ocr_20150623/153:no.1/coo.31924054870583/290.png"; bbox 0 0 4060 6468; ppageno 0'>
   <div class='ocr_carea' id='block_1_1' title="bbox 395 388 512 451">
    <p class='ocr_par' dir='ltr' id='par_1_1' title="bbox 395 388 512 451">
     <span class='ocr_line' id='line_1_1' title="bbox 395 388 512 451; baseline 0.009 -2"><span class='ocrx_word' id='word_1_1' title='bbox 395 388 512 451; x_wconf 79' lang='grc' dir='ltr'>5ί5</span> 
     </span>
    </p>
   </div>
   <div class='ocr_carea' id='block_1_2' title="bbox 1607 398 2534 487">
    <p class='ocr_par' dir='ltr' id='par_1_2' title="bbox 1607 398 2534 487">
     <span class='ocr_line' id='line_1_2' title="bbox 1607 398 2534 487; baseline 0.012 -31"><span class='ocrx_word' id='word_1_2' title='bbox 1607 398 2146 487; x_wconf 77' lang='lat' dir='ltr'><strong>IIISTORIARUM</strong></span> <span class='ocrx_word' id='word_1_3' title='bbox 2186 405 2413 465; x_wconf 79' lang='lat' dir='ltr'><strong>LIBER</strong></span> <span class='ocrx_word' id='word_1_4' title='bbox 2456 407 2534 468; x_wconf 87' lang='lat' dir='ltr'><strong>Il.</strong></span> 
     </span>
    </p>
   </div>
   <div class='ocr_carea' id='block_1_3' title="bbox 3574 409 3680 475">
    <p class='ocr_par' dir='ltr' id='par_1_3' title="bbox 3574 409 3680 475">
     <span class='ocr_line' id='line_1_3' title="bbox 3574 409 3680 475; baseline -0.028 0"><span class='ocrx_word' id='word_1_5' title='bbox 3574 409 3680 475; x_wconf 79' lang='lat'><strong>566</strong></span> 
     </span>
    </p>
   </div>
   <div class='ocr_carea' id='block_1_4' title="bbox 395 502 1983 593">
    <p class='ocr_par' dir='ltr' id='par_1_4' title="bbox 395 502 1983 593">
     <span class='ocr_line' id='line_1_4' title="bbox 395 502 1983 593; baseline 0.009 -43"><span class='ocrx_word' id='word_1_6' title='bbox 395 503 594 593; x_wconf 75' lang='grc' dir='ltr'>γεῖτο·</span> <span class='ocrx_word' id='word_1_7' title='bbox 648 502 825 555; x_wconf 74' lang='grc' dir='ltr'>ἐδόκει</span> <span class='ocrx_word' id='word_1_8' title='bbox 882 504 940 557; x_wconf 68' lang='grc' dir='ltr'>δὲ</span> <span class='ocrx_word' id='word_1_9' title='bbox 993 505 1147 561; x_wconf 79' lang='grc' dir='ltr'>οὐδὲν</span> <span class='ocrx_word' id='word_1_10' title='bbox 1207 507 1512 580; x_wconf 72' lang='grc' dir='ltr'><strong>προφέρειν</strong></span> <span class='ocrx_word' id='word_1_11' title='bbox 1569 513 1814 582; x_wconf 74' lang='grc' dir='ltr'>ἰσχυρὸν,</span> <span class='ocrx_word' id='word_1_12' title='bbox 1874 512 1983 566; x_wconf 76' lang='grc' dir='ltr'>ἀλλ’</span> 
     </span>
    </p>
   </div>
   <div class='ocr_carea' id='block_1_5' title="bbox 2087 502 3674 593">
    <p class='ocr_par' dir='ltr' id='par_1_5' title="bbox 2097 515 3674 593">
     <span class='ocr_line' id='line_1_5' title="bbox 2097 515 3674 593; baseline 0.006 -25"><span class='ocrx_word' id='word_1_13' title='bbox 2097 515 2381 584; x_wconf 87' lang='lat' dir='ltr'><strong>pliandum</strong></span> <span class='ocrx_word' id='word_1_14' title='bbox 2436 521 2673 585; x_wconf 91' lang='lat' dir='ltr'><strong>censuit,</strong></span> <span class='ocrx_word' id='word_1_15' title='bbox 2710 537 2908 593; x_wconf 88' lang='lat' dir='ltr'><strong>rogans</strong></span> <span class='ocrx_word' id='word_1_16' title='bbox 2945 521 3358 593; x_wconf 75' lang='lat' dir='ltr'><strong>imperatorem,</strong></span> <span class='ocrx_word' id='word_1_17' title='bbox 3389 522 3494 578; x_wconf 84' lang='lat' dir='ltr'><strong>sibi</strong></span> <span class='ocrx_word' id='word_1_18' title='bbox 3528 523 3674 578; x_wconf 85' lang='lat' dir='ltr'><strong>diem</strong></span> 
     </span>
    </p>
   </div>
   <div class='ocr_carea' id='block_1_6' title="bbox 290 592 1988 668">
    <p class='ocr_par' dir='ltr' id='par_1_6' title="bbox 290 592 1988 668">
     <span class='ocr_line' id='line_1_6' title="bbox 290 592 1988 668; baseline 0.01 -26"><span class='ocrx_word' id='word_1_19' title='bbox 290 604 319 615; x_wconf 76' lang='lat'><strong><em>&quot;</em></strong></span> <span class='ocrx_word' id='word_1_20' title='bbox 400 592 684 646; x_wconf 74' lang='grc' dir='ltr'><strong>ἐπλανᾶτο</strong></span> <span class='ocrx_word' id='word_1_21' title='bbox 719 598 847 668; x_wconf 69' lang='grc' dir='ltr'>περὶ</span> <span class='ocrx_word' id='word_1_22' title='bbox 873 598 971 662; x_wconf 83' lang='grc' dir='ltr'><strong>τὰς</strong></span> <span class='ocrx_word' id='word_1_23' title='bbox 1011 600 1342 666; x_wconf 76' lang='grc' dir='ltr'><strong>ἀποδείξεις,</strong></span> <span class='ocrx_word' id='word_1_24' title='bbox 1378 603 1476 656; x_wconf 80' lang='grc' dir='ltr'><strong>καὶ</strong></span> <span class='ocrx_word' id='word_1_25' title='bbox 1511 604 1778 668; x_wconf 66' lang='grc' dir='ltr'>ἀδᾶνατος</span> <span class='ocrx_word' id='word_1_26' title='bbox 1812 606 1988 660; x_wconf 74' lang='grc' dir='ltr'>ἐδόκει</span> 
     </span>
    </p>
   </div>
   <div class='ocr_carea' id='block_1_7' title="bbox 399 679 1990 768">
    <p class='ocr_par' dir='ltr' id='par_1_7' title="bbox 399 679 1990 768">
     <span class='ocr_line' id='line_1_7' title="bbox 399 679 1990 768; baseline 0.01 -31"><span class='ocrx_word' id='word_1_27' title='bbox 399 679 574 738; x_wconf 76' lang='grc' dir='ltr'>εἶναι.</span> <span class='ocrx_word' id='word_1_28' title='bbox 605 687 876 753; x_wconf 84' lang='grc' dir='ltr'>Βασιλεὺς</span> <span class='ocrx_word' id='word_1_29' title='bbox 908 689 1133 760; x_wconf 78' lang='grc' dir='ltr'>μὲνόὗν</span> <span class='ocrx_word' id='word_1_30' title='bbox 1173 695 1267 747; x_wconf 80' lang='grc' dir='ltr'><strong>καὶ</strong></span> <span class='ocrx_word' id='word_1_31' title='bbox 1304 695 1356 747; x_wconf 80' lang='grc' dir='ltr'>οἱ</span> <span class='ocrx_word' id='word_1_32' title='bbox 1396 695 1544 749; x_wconf 82' lang='grc' dir='ltr'>ἄλλοι</span> <span class='ocrx_word' id='word_1_33' title='bbox 1582 699 1850 768; x_wconf 79' lang='grc' dir='ltr'><strong>παρόντες</strong></span> <span class='ocrx_word' id='word_1_34' title='bbox 1880 699 1990 753; x_wconf 83' lang='grc' dir='ltr'><strong>τῶν</strong></span> 
     </span>
    </p>
   </div>
   <div class='ocr_carea' id='block_1_8' title="bbox 404 778 1991 858">
    <p class='ocr_par' dir='ltr' id='par_1_8' title="bbox 404 778 1991 858">
     <span class='ocr_line' id='line_1_8' title="bbox 404 778 1991 858; baseline 0.009 -28"><span class='ocrx_word' id='word_1_35' title='bbox 404 778 800 849; x_wconf 72' lang='grc' dir='ltr'><strong>συγκλητικῶν</strong></span> <span class='ocrx_word' id='word_1_36' title='bbox 826 782 1152 850; x_wconf 73' lang='grc' dir='ltr'>ὲϐασάνιζόν</span> <span class='ocrx_word' id='word_1_37' title='bbox 1191 803 1253 840; x_wconf 87' lang='grc' dir='ltr'><strong>τε</strong></span> <span class='ocrx_word' id='word_1_38' title='bbox 1287 786 1357 841; x_wconf 82' lang='grc' dir='ltr'><strong>τὰ</strong></span> <span class='ocrx_word' id='word_1_39' title='bbox 1383 786 1653 858; x_wconf 87' lang='grc' dir='ltr'>λεγόμενα</span> <span class='ocrx_word' id='word_1_40' title='bbox 1700 791 1832 858; x_wconf 81' lang='grc' dir='ltr'>παρ’</span> <span class='ocrx_word' id='word_1_41' title='bbox 1860 792 1991 845; x_wconf 78' lang='grc' dir='ltr'><strong>ἑκα-</strong></span> 
     </span>
    </p>
   </div>
   <div class='ocr_carea' id='block_1_9' title="bbox 344 870 1988 956">
    <p class='ocr_par' dir='ltr' id='par_1_9' title="bbox 344 870 1988 956">
     <span class='ocr_line' id='line_1_9' title="bbox 344 870 1988 956; baseline 0.008 -33"><span class='ocrx_word' id='word_1_42' title='bbox 344 922 347 923; x_wconf 65' lang='lat'><strong>,</strong></span> <span class='ocrx_word' id='word_1_43' title='bbox 400 870 608 938; x_wconf 84' lang='grc' dir='ltr'>τέρων,</span> <span class='ocrx_word' id='word_1_44' title='bbox 641 874 735 925; x_wconf 76' lang='grc' dir='ltr'><strong>καὶ</strong></span> <span class='ocrx_word' id='word_1_45' title='bbox 763 875 1066 944; x_wconf 66' lang='grc' dir='ltr'>ἐπειρῶντο</span> <span class='ocrx_word' id='word_1_46' title='bbox 1105 880 1213 932; x_wconf 79' lang='grc' dir='ltr'>ἀπὸ</span> <span class='ocrx_word' id='word_1_47' title='bbox 1248 881 1348 950; x_wconf 80' lang='grc' dir='ltr'>τῆς</span> <span class='ocrx_word' id='word_1_48' title='bbox 1385 883 1737 951; x_wconf 75' lang='grc' dir='ltr'>συζητήσεως</span> <span class='ocrx_word' id='word_1_49' title='bbox 1777 883 1988 956; x_wconf 76' lang='grc' dir='ltr'>τάληθῆ</span> 
     </span>
    </p>
   </div>
   <div class='ocr_carea' id='block_1_10' title="bbox 402 960 1984 1041">
    <p class='ocr_par' dir='ltr' id='par_1_10' title="bbox 402 960 1984 1041">
     <span class='ocr_line' id='line_1_10' title="bbox 402 960 1984 1041; baseline 0.011 -30"><span class='ocrx_word' id='word_1_50' title='bbox 402 963 745 1034; x_wconf 76' lang='grc' dir='ltr'>ἀνερευνᾷνο</span> <span class='ocrx_word' id='word_1_51' title='bbox 784 966 814 1017; x_wconf 85' lang='grc' dir='ltr'>ὁ</span> <span class='ocrx_word' id='word_1_52' title='bbox 851 967 1026 1035; x_wconf 80' lang='grc' dir='ltr'><strong>μέγας</strong></span> <span class='ocrx_word' id='word_1_53' title='bbox 1085 960 1406 1039; x_wconf 82' lang='grc' dir='ltr'>δομέστικος</span> <span class='ocrx_word' id='word_1_54' title='bbox 1468 972 1770 1041; x_wconf 71' lang='grc' dir='ltr'><strong>ἐφθέγγετο</strong></span> <span class='ocrx_word' id='word_1_55' title='bbox 1796 976 1984 1029; x_wconf 78' lang='grc' dir='ltr'>οὐδέν’</span> 
     </span>
    </p>
   </div>
   <div class='ocr_carea' id='block_1_11' title="bbox 404 1053 1986 1138">
    <p class='ocr_par' dir='ltr' id='par_1_11' title="bbox 404 1053 1986 1138">
     <span class='ocr_line' id='line_1_11' title="bbox 404 1053 1986 1138; baseline 0.011 -33"><span class='ocrx_word' id='word_1_56' title='bbox 404 1053 548 1106; x_wconf 74' lang='grc' dir='ltr'><strong>ἀ)λά</strong></span> <span class='ocrx_word' id='word_1_57' title='bbox 591 1055 839 1125; x_wconf 79' lang='grc' dir='ltr'>καθῆστο</span> <span class='ocrx_word' id='word_1_58' title='bbox 899 1060 1059 1128; x_wconf 80' lang='grc' dir='ltr'>μόνον</span> <span class='ocrx_word' id='word_1_59' title='bbox 1089 1061 1459 1132; x_wconf 55' lang='grc' dir='ltr'>ἀκροώμενος,</span> <span class='ocrx_word' id='word_1_60' title='bbox 1499 1065 1607 1118; x_wconf 85' lang='grc' dir='ltr'><strong>τῶν</strong></span> <span class='ocrx_word' id='word_1_61' title='bbox 1654 1067 1986 1138; x_wconf 81' lang='grc' dir='ltr'>λεγομένων.</span> 
     </span>
    </p>
   </div>
   <div class='ocr_carea' id='block_1_12' title="bbox 405 1146 1988 1230">
    <p class='ocr_par' dir='ltr' id='par_1_12' title="bbox 405 1146 1988 1230">
     <span class='ocr_line' id='line_1_12' title="bbox 405 1146 1988 1230; baseline 0.013 -35"><span class='ocrx_word' id='word_1_62' title='bbox 405 1146 542 1213; x_wconf 67' lang='grc' dir='ltr'>Ἰρις</span> <span class='ocrx_word' id='word_1_63' title='bbox 572 1147 629 1199; x_wconf 70' lang='grc' dir='ltr'>δὲ</span> <span class='ocrx_word' id='word_1_64' title='bbox 666 1149 761 1202; x_wconf 72' lang='grc' dir='ltr'><strong>καὶ</strong></span> <span class='ocrx_word' id='word_1_65' title='bbox 794 1151 1054 1220; x_wconf 74' lang='grc' dir='ltr'><strong>τετράκις</strong></span> <span class='ocrx_word' id='word_1_66' title='bbox 1081 1155 1380 1222; x_wconf 77' lang='grc' dir='ltr'>γενομένου</span> <span class='ocrx_word' id='word_1_67' title='bbox 1420 1156 1684 1230; x_wconf 79' lang='grc' dir='ltr'>συλλόγου</span> <span class='ocrx_word' id='word_1_68' title='bbox 1721 1161 1851 1229; x_wconf 79' lang='grc' dir='ltr'>περὶ</span> <span class='ocrx_word' id='word_1_69' title='bbox 1880 1160 1988 1215; x_wconf 83' lang='grc' dir='ltr'><strong>τῶν</strong></span> 
     </span>
    </p>
   </div>
   <div class='ocr_carea' id='block_1_13' title="bbox 408 1238 1989 1322">
    <p class='ocr_par' dir='ltr' id='par_1_13' title="bbox 408 1238 1989 1322">
     <span class='ocr_line' id='line_1_13' title="bbox 408 1238 1989 1322; baseline 0.009 -31"><span class='ocrx_word' id='word_1_70' title='bbox 408 1238 616 1304; x_wconf 65' lang='grc' dir='ltr'>αὐτῶν,</span> <span class='ocrx_word' id='word_1_71' title='bbox 650 1241 777 1294; x_wconf 69' lang='grc' dir='ltr'>ἐπεὶ</span> <span class='ocrx_word' id='word_1_72' title='bbox 814 1243 842 1297; x_wconf 85' lang='grc' dir='ltr'><strong>ό</strong></span> <span class='ocrx_word' id='word_1_73' title='bbox 873 1244 1217 1316; x_wconf 64' lang='grc' dir='ltr'>Συργιόννης</span> <span class='ocrx_word' id='word_1_74' title='bbox 1254 1247 1501 1316; x_wconf 82' lang='grc' dir='ltr'><strong>συνεώρα</strong></span> <span class='ocrx_word' id='word_1_75' title='bbox 1528 1251 1628 1318; x_wconf 81' lang='grc' dir='ltr'><strong>τὴν</strong></span> <span class='ocrx_word' id='word_1_76' title='bbox 1666 1250 1822 1319; x_wconf 87' lang='grc' dir='ltr'>νίκην</span> <span class='ocrx_word' id='word_1_77' title='bbox 1853 1253 1989 1322; x_wconf 71' lang='grc' dir='ltr'>πρὸς</span> 
     </span>
    </p>
   </div>
   <div class='ocr_carea' id='block_1_14' title="bbox 408 1331 1989 1412">
    <p class='ocr_par' dir='ltr' id='par_1_14' title="bbox 408 1331 1989 1412">
     <span class='ocr_line' id='line_1_14' title="bbox 408 1331 1989 1412; baseline 0.011 -32"><span class='ocrx_word' id='word_1_78' title='bbox 408 1331 840 1399; x_wconf 77' lang='grc' dir='ltr'>Τζαμπλάκωνα</span> <span class='ocrx_word' id='word_1_79' title='bbox 871 1335 1184 1407; x_wconf 79' lang='grc' dir='ltr'>χωροῦσαν,</span> <span class='ocrx_word' id='word_1_80' title='bbox 1216 1339 1390 1392; x_wconf 70' lang='grc' dir='ltr'>ἐδόκει</span> <span class='ocrx_word' id='word_1_81' title='bbox 1417 1341 1528 1394; x_wconf 83' lang='grc' dir='ltr'>δεῖν</span> <span class='ocrx_word' id='word_1_82' title='bbox 1557 1341 1989 1412; x_wconf 72' lang='grc' dir='ltr'>διακρούσασθαι</span> 
     </span>
    </p>
   </div>
   <div class='ocr_carea' id='block_1_15' title="bbox 407 1421 1987 1504">
    <p class='ocr_par' dir='ltr' id='par_1_15' title="bbox 407 1421 1987 1504">
     <span class='ocr_line' id='line_1_15' title="bbox 407 1421 1987 1504; baseline 0.011 -34"><span class='ocrx_word' id='word_1_83' title='bbox 407 1422 509 1488; x_wconf 78' lang='grc' dir='ltr'><strong>τὴν</strong></span> <span class='ocrx_word' id='word_1_84' title='bbox 531 1421 707 1491; x_wconf 82' lang='grc' dir='ltr'>δίκην,</span> <span class='ocrx_word' id='word_1_85' title='bbox 732 1425 1023 1479; x_wconf 75' lang='grc' dir='ltr'>καὶ-ἐδεῖτο</span> <span class='ocrx_word' id='word_1_86' title='bbox 1050 1428 1321 1497; x_wconf 79' lang='grc' dir='ltr'>βασιλέως</span> <span class='ocrx_word' id='word_1_87' title='bbox 1353 1431 1700 1501; x_wconf 75' lang='grc' dir='ltr'>προθεσμίαν</span> <span class='ocrx_word' id='word_1_88' title='bbox 1730 1433 1880 1504; x_wconf 83' lang='grc' dir='ltr'><strong>αὐτῷ</strong></span> <span class='ocrx_word' id='word_1_89' title='bbox 1905 1435 1987 1487; x_wconf 76' lang='grc' dir='ltr'>ἔτι</span> 
     </span>
    </p>
   </div>
   <div class='ocr_carea' id='block_1_16' title="bbox 411 1516 1990 1593">
    <p class='ocr_par' dir='ltr' id='par_1_16' title="bbox 411 1516 1990 1593">
     <span class='ocr_line' id='line_1_16' title="bbox 411 1516 1990 1593; baseline 0.009 -31"><span class='ocrx_word' id='word_1_90' title='bbox 411 1516 719 1583; x_wconf 75' lang='grc' dir='ltr'>παρασχεῖν</span> <span class='ocrx_word' id='word_1_91' title='bbox 745 1516 838 1568; x_wconf 78' lang='grc' dir='ltr'><strong>ἐπὶ</strong></span> <span class='ocrx_word' id='word_1_92' title='bbox 868 1516 946 1585; x_wconf 86' lang='grc' dir='ltr'>τῷ</span> <span class='ocrx_word' id='word_1_93' title='bbox 975 1519 1268 1589; x_wconf 82' lang='grc' dir='ltr'>μάρτυρας</span> <span class='ocrx_word' id='word_1_94' title='bbox 1308 1522 1533 1592; x_wconf 77' lang='grc' dir='ltr'>ἐτέρους</span> <span class='ocrx_word' id='word_1_95' title='bbox 1558 1525 1793 1593; x_wconf 85' lang='grc' dir='ltr'><strong>ἀγαγεῖν</strong></span> <span class='ocrx_word' id='word_1_96' title='bbox 1821 1526 1872 1579; x_wconf 83' lang='grc' dir='ltr'><strong>οῖ</strong></span> <span class='ocrx_word' id='word_1_97' title='bbox 1898 1525 1990 1578; x_wconf 84' lang='grc' dir='ltr'>δυ-</span> 
     </span>
    </p>
   </div>
   <div class='ocr_carea' id='block_1_17' title="bbox 410 1607 1989 1688">
    <p class='ocr_par' dir='ltr' id='par_1_17' title="bbox 410 1607 1989 1688">
     <span class='ocr_line' id='line_1_17' title="bbox 410 1607 1989 1688; baseline 0.011 -32"><span class='ocrx_word' id='word_1_98' title='bbox 410 1609 671 1673; x_wconf 73' lang='grc' dir='ltr'>νήσονται</span> <span class='ocrx_word' id='word_1_99' title='bbox 708 1607 861 1677; x_wconf 81' lang='grc' dir='ltr'>αὐτῷ</span> <span class='ocrx_word' id='word_1_100' title='bbox 915 1611 1256 1681; x_wconf 87' lang='grc' dir='ltr'>συνάρασθαι</span> <span class='ocrx_word' id='word_1_101' title='bbox 1296 1613 1433 1684; x_wconf 74' lang='grc' dir='ltr'>πρὸς</span> <span class='ocrx_word' id='word_1_102' title='bbox 1460 1614 1518 1668; x_wconf 86' lang='grc' dir='ltr'>τὸ</span> <span class='ocrx_word' id='word_1_103' title='bbox 1566 1616 1854 1686; x_wconf 80' lang='grc' dir='ltr'>διαφυγεῖν</span> <span class='ocrx_word' id='word_1_104' title='bbox 1888 1621 1989 1688; x_wconf 76' lang='grc' dir='ltr'><strong>τὴν</strong></span> 
     </span>
    </p>
   </div>
   <div class='ocr_carea' id='block_1_18' title="bbox 408 1697 1987 1778">
    <p class='ocr_par' dir='ltr' id='par_1_18' title="bbox 408 1697 1987 1778">
     <span class='ocr_line' id='line_1_18' title="bbox 408 1697 1987 1778; baseline 0.011 -29"><span class='ocrx_word' id='word_1_105' title='bbox 408 1697 738 1767; x_wconf 80' lang='grc' dir='ltr'><strong>καταδίκην.</strong></span> <span class='ocrx_word' id='word_1_106' title='bbox 769 1700 1033 1765; x_wconf 82' lang='grc' dir='ltr'>Βασιλεὺς</span> <span class='ocrx_word' id='word_1_107' title='bbox 1061 1702 1117 1754; x_wconf 82' lang='grc' dir='ltr'>δὲ</span> <span class='ocrx_word' id='word_1_108' title='bbox 1156 1704 1466 1775; x_wconf 75' lang='grc' dir='ltr'>παρέσχετο</span> <span class='ocrx_word' id='word_1_109' title='bbox 1505 1707 1808 1778; x_wconf 81' lang='grc' dir='ltr'>προθύμως</span> <span class='ocrx_word' id='word_1_110' title='bbox 1835 1714 1927 1765; x_wconf 78' lang='grc' dir='ltr'><strong>καὶ</strong></span> <span class='ocrx_word' id='word_1_111' title='bbox 1958 1714 1987 1766; x_wconf 84' lang='grc' dir='ltr'><strong>ὅ</strong></span> 
     </span>
    </p>
   </div>
   <div class='ocr_carea' id='block_1_19' title="bbox 408 1789 1982 1870">
    <p class='ocr_par' dir='ltr' id='par_1_19' title="bbox 408 1789 1982 1870">
     <span class='ocr_line' id='line_1_19' title="bbox 408 1789 1982 1870; baseline 0.01 -29"><span class='ocrx_word' id='word_1_112' title='bbox 408 1806 463 1843; x_wconf 83' lang='grc' dir='ltr'><strong>τι</strong></span> <span class='ocrx_word' id='word_1_113' title='bbox 496 1789 564 1843; x_wconf 81' lang='grc' dir='ltr'>ἂν</span> <span class='ocrx_word' id='word_1_114' title='bbox 590 1791 779 1862; x_wconf 75' lang='grc' dir='ltr'>ἕτερον</span> <span class='ocrx_word' id='word_1_115' title='bbox 806 1793 989 1863; x_wconf 61' lang='grc' dir='ltr'>δηιοίη</span> <span class='ocrx_word' id='word_1_116' title='bbox 1022 1795 1324 1865; x_wconf 78' lang='grc' dir='ltr'>δυνάμενον</span> <span class='ocrx_word' id='word_1_117' title='bbox 1352 1797 1500 1868; x_wconf 84' lang='grc' dir='ltr'>αὐτῷ</span> <span class='ocrx_word' id='word_1_118' title='bbox 1522 1801 1845 1870; x_wconf 76' lang='grc' dir='ltr'>ἐπικουρίαν</span> <span class='ocrx_word' id='word_1_119' title='bbox 1876 1821 1982 1856; x_wconf 78' lang='grc' dir='ltr'>πα-</span> 
     </span>
    </p>
   </div>
   <div class='ocr_carea' id='block_1_20' title="bbox 318 1861 2062 1961">
    <p class='ocr_par' dir='ltr' id='par_1_20' title="bbox 318 1861 2062 1961">
     <span class='ocr_line' id='line_1_20' title="bbox 318 1861 2062 1961; baseline 0.006 -23"><span class='ocrx_word' id='word_1_120' title='bbox 318 1902 326 1907; x_wconf 78' lang='grc'><em>’</em></span> <span class='ocrx_word' id='word_1_121' title='bbox 410 1885 637 1952; x_wconf 83' lang='grc' dir='ltr'>ρασχεῖν</span> <span class='ocrx_word' id='word_1_122' title='bbox 665 1861 787 1941; x_wconf 86' lang='grc' dir='ltr'>τινα</span> <span class='ocrx_word' id='word_1_123' title='bbox 829 1861 1001 1957; x_wconf 82' lang='grc' dir='ltr'>μηδὲν</span> <span class='ocrx_word' id='word_1_124' title='bbox 1047 1861 1489 1961; x_wconf 71' lang='grc' dir='ltr'>ἀναδαλλόμενον</span> <span class='ocrx_word' id='word_1_125' title='bbox 1523 1861 1788 1956; x_wconf 72' lang='grc' dir='ltr'>κελεύσας</span> <span class='ocrx_word' id='word_1_126' title='bbox 1820 1898 1998 1949; x_wconf 64' lang='grc' dir='ltr'>έκποσ</span> <span class='ocrx_word' id='word_1_127' title='bbox 2020 1861 2062 1921; x_wconf 76' lang='grc' dir='ltr'><strong>Β</strong></span> 
     </span>
    </p>
   </div>
   <div class='ocr_carea' id='block_1_21' title="bbox 410 1975 1986 2053">
    <p class='ocr_par' dir='ltr' id='par_1_21' title="bbox 410 1975 1986 2053">
     <span class='ocr_line' id='line_1_21' title="bbox 410 1975 1986 2053; baseline 0.001 -13"><span class='ocrx_word' id='word_1_128' title='bbox 410 1975 586 2044; x_wconf 67' lang='grc' dir='ltr'>ρ’ζειν</span> <span class='ocrx_word' id='word_1_129' title='bbox 623 1976 824 2046; x_wconf 68' lang='grc' dir='ltr'><strong>ἑαυτῷ.</strong></span> <span class='ocrx_word' id='word_1_130' title='bbox 864 1978 1257 2053; x_wconf 75' lang='grc' dir='ltr'>Τζαμπλάκων</span> <span class='ocrx_word' id='word_1_131' title='bbox 1290 1983 1347 2035; x_wconf 81' lang='grc' dir='ltr'>δὲ</span> <span class='ocrx_word' id='word_1_132' title='bbox 1390 1983 1628 2038; x_wconf 79' lang='grc' dir='ltr'>κατεϐόα</span> <span class='ocrx_word' id='word_1_133' title='bbox 1680 1985 1773 2039; x_wconf 83' lang='grc' dir='ltr'>τοῦ</span> <span class='ocrx_word' id='word_1_134' title='bbox 1829 1987 1986 2042; x_wconf 71' lang='lat' dir='ltr'><strong>5m-</strong></span> 
     </span>
    </p>
   </div>
   <div class='ocr_carea' id='block_1_22' title="bbox 406 2059 1987 2157">
    <p class='ocr_par' dir='ltr' id='par_1_22' title="bbox 406 2059 1987 2157">
     <span class='ocr_line' id='line_1_22' title="bbox 406 2059 1987 2157; baseline 0.015 -39"><span class='ocrx_word' id='word_1_135' title='bbox 406 2066 633 2133; x_wconf 76' lang='grc' dir='ltr'>στηρίου</span> <span class='ocrx_word' id='word_1_136' title='bbox 684 2069 779 2121; x_wconf 76' lang='grc' dir='ltr'><strong>καὶ</strong></span> <span class='ocrx_word' id='word_1_137' title='bbox 808 2059 960 2125; x_wconf 71' lang='grc' dir='ltr'>δεῖνά</span> <span class='ocrx_word' id='word_1_138' title='bbox 1017 2074 1275 2143; x_wconf 72' lang='grc' dir='ltr'>ἐποιεῖτο,</span> <span class='ocrx_word' id='word_1_139' title='bbox 1303 2078 1350 2130; x_wconf 79' lang='grc' dir='ltr'><strong>εἰ</strong></span> <span class='ocrx_word' id='word_1_140' title='bbox 1385 2082 1657 2150; x_wconf 78' lang='grc' dir='ltr'>προφάσει</span> <span class='ocrx_word' id='word_1_141' title='bbox 1702 2085 1987 2157; x_wconf 81' lang='grc' dir='ltr'>χρώμενος</span> 
     </span>
    </p>
   </div>
   <div class='ocr_carea' id='block_1_23' title="bbox 402 2159 1983 2252">
    <p class='ocr_par' dir='ltr' id='par_1_23' title="bbox 402 2159 1983 2252">
     <span class='ocr_line' id='line_1_23' title="bbox 402 2159 1983 2252; baseline 0.016 -43"><span class='ocrx_word' id='word_1_142' title='bbox 402 2162 518 2222; x_wconf 76' lang='grc' dir='ltr'>τοῖς</span> <span class='ocrx_word' id='word_1_143' title='bbox 548 2159 788 2252; x_wconf 63' lang='grc' dir='ltr'>μάρτρσι</span> <span class='ocrx_word' id='word_1_144' title='bbox 835 2164 1177 2239; x_wconf 83' lang='grc' dir='ltr'>Συργιάννης</span> <span class='ocrx_word' id='word_1_145' title='bbox 1212 2170 1470 2241; x_wconf 81' lang='grc' dir='ltr'>διαφύγοι</span> <span class='ocrx_word' id='word_1_146' title='bbox 1501 2173 1599 2245; x_wconf 82' lang='grc' dir='ltr'>τὴν</span> <span class='ocrx_word' id='word_1_147' title='bbox 1636 2177 1745 2243; x_wconf 43' lang='grc' dir='ltr'>,ἐπὶ</span> <span class='ocrx_word' id='word_1_148' title='bbox 1796 2183 1861 2250; x_wconf 86' lang='grc' dir='ltr'>τῇ</span> <span class='ocrx_word' id='word_1_149' title='bbox 1901 2180 1983 2235; x_wconf 77' lang='grc' dir='ltr'>δί-</span> 
     </span>
    </p>
   </div>
   <div class='ocr_carea' id='block_1_24' title="bbox 402 2254 1984 2333">
    <p class='ocr_par' dir='ltr' id='par_1_24' title="bbox 402 2254 1984 2333">
     <span class='ocr_line' id='line_1_24' title="bbox 402 2254 1984 2333; baseline 0.015 -30"><span class='ocrx_word' id='word_1_150' title='bbox 402 2269 479 2320; x_wconf 79' lang='grc' dir='ltr'><strong>κῃ</strong></span> <span class='ocrx_word' id='word_1_151' title='bbox 541 2254 810 2325; x_wconf 86' lang='grc' dir='ltr'>τιμωρίαν</span> <span class='ocrx_word' id='word_1_152' title='bbox 856 2257 1120 2329; x_wconf 86' lang='grc' dir='ltr'>διαδράς..</span> <span class='ocrx_word' id='word_1_153' title='bbox 1164 2262 1241 2315; x_wconf 84' lang='grc' dir='ltr'><strong>Οὐ</strong></span> <span class='ocrx_word' id='word_1_154' title='bbox 1275 2263 1382 2333; x_wconf 76' lang='grc' dir='ltr'><strong>γάρ</strong></span> <span class='ocrx_word' id='word_1_155' title='bbox 1445 2264 1575 2319; x_wconf 75' lang='grc' dir='ltr'>ἄλλο</span> <span class='ocrx_word' id='word_1_156' title='bbox 1603 2285 1658 2320; x_wconf 88' lang='grc' dir='ltr'><strong>τι</strong></span> <span class='ocrx_word' id='word_1_157' title='bbox 1718 2269 1984 2327; x_wconf 87' lang='grc' dir='ltr'>δύνασθαι</span> 
     </span>
    </p>
   </div>
   <div class='ocr_carea' id='block_1_25' title="bbox 401 2343 1981 2436">
    <p class='ocr_par' dir='ltr' id='par_1_25' title="bbox 401 2343 1981 2436">
     <span class='ocr_line' id='line_1_25' title="bbox 401 2343 1981 2436; baseline 0.015 -40"><span class='ocrx_word' id='word_1_158' title='bbox 401 2343 559 2415; x_wconf 76' lang='grc' dir='ltr'>αὐτῷ</span> <span class='ocrx_word' id='word_1_159' title='bbox 587 2345 689 2417; x_wconf 76' lang='grc' dir='ltr'>τὴν</span> <span class='ocrx_word' id='word_1_160' title='bbox 735 2348 1082 2420; x_wconf 82' lang='grc' dir='ltr'>προθεσμίαν</span> <span class='ocrx_word' id='word_1_161' title='bbox 1108 2368 1123 2382; x_wconf 87' lang='grc'><strong>·</strong></span> <span class='ocrx_word' id='word_1_162' title='bbox 1176 2353 1465 2426; x_wconf 81' lang='grc' dir='ltr'>μάρτυρας</span> <span class='ocrx_word' id='word_1_163' title='bbox 1510 2359 1621 2430; x_wconf 77' lang='grc' dir='ltr'>γὰρ</span> <span class='ocrx_word' id='word_1_164' title='bbox 1667 2362 1821 2436; x_wconf 83' lang='grc' dir='ltr'><strong>αὐτῴ</strong></span> <span class='ocrx_word' id='word_1_165' title='bbox 1857 2365 1981 2420; x_wconf 78' lang='grc' dir='ltr'>οὔτε</span> 
     </span>
    </p>
   </div>
   <div class='ocr_carea' id='block_1_26' title="bbox 403 2437 1981 2527">
    <p class='ocr_par' dir='ltr' id='par_1_26' title="bbox 403 2437 1981 2527">
     <span class='ocr_line' id='line_1_26' title="bbox 403 2437 1981 2527; baseline 0.013 -35"><span class='ocrx_word' id='word_1_166' title='bbox 403 2437 631 2503; x_wconf 78' lang='grc' dir='ltr'>πλείους</span> <span class='ocrx_word' id='word_1_167' title='bbox 685 2440 810 2494; x_wconf 82' lang='grc' dir='ltr'>οὔτε</span> <span class='ocrx_word' id='word_1_168' title='bbox 867 2440 1115 2512; x_wconf 73' lang='grc' dir='ltr'>βελτίους</span> <span class='ocrx_word' id='word_1_169' title='bbox 1171 2442 1312 2500; x_wconf 80' lang='grc' dir='ltr'>εῖναι</span> <span class='ocrx_word' id='word_1_170' title='bbox 1342 2448 1452 2502; x_wconf 88' lang='grc' dir='ltr'>τῶν</span> <span class='ocrx_word' id='word_1_171' title='bbox 1505 2458 1981 2527; x_wconf 79' lang='grc' dir='ltr'>παρηνεγμένωνο</span> 
     </span>
    </p>
   </div>
   <div class='ocr_carea' id='block_1_27' title="bbox 404 2529 1984 2619">
    <p class='ocr_par' dir='ltr' id='par_1_27' title="bbox 404 2529 1984 2619">
     <span class='ocr_line' id='line_1_27' title="bbox 404 2529 1984 2619; baseline 0.014 -37"><span class='ocrx_word' id='word_1_172' title='bbox 404 2529 577 2585; x_wconf 63' lang='grc' dir='ltr'>ἐδεῖτό</span> <span class='ocrx_word' id='word_1_173' title='bbox 603 2548 663 2584; x_wconf 87' lang='grc' dir='ltr'><strong>τε</strong></span> <span class='ocrx_word' id='word_1_174' title='bbox 701 2531 988 2602; x_wconf 85' lang='grc' dir='ltr'>βασιλέως,</span> <span class='ocrx_word' id='word_1_175' title='bbox 1036 2537 1085 2591; x_wconf 77' lang='grc' dir='ltr'><strong>εί</strong></span> <span class='ocrx_word' id='word_1_176' title='bbox 1115 2538 1190 2610; x_wconf 82' lang='grc' dir='ltr'>μὴ</span> <span class='ocrx_word' id='word_1_177' title='bbox 1217 2541 1451 2601; x_wconf 76' lang='grc' dir='ltr'>πλεῖστα</span> <span class='ocrx_word' id='word_1_178' title='bbox 1482 2542 1727 2613; x_wconf 76' lang='grc' dir='ltr'>βούλοιτο</span> <span class='ocrx_word' id='word_1_179' title='bbox 1755 2551 1984 2619; x_wconf 80' lang='grc' dir='ltr'>χαρίζε-</span> 
     </span>
    </p>
   </div>
   <div class='ocr_carea' id='block_1_28' title="bbox 404 2623 1983 2714">
    <p class='ocr_par' dir='ltr' id='par_1_28' title="bbox 404 2623 1983 2714">
     <span class='ocr_line' id='line_1_28' title="bbox 404 2623 1983 2714; baseline 0.016 -41"><span class='ocrx_word' id='word_1_180' title='bbox 404 2624 529 2714; x_wconf 75' lang='grc' dir='ltr'>σθαι</span> <span class='ocrx_word' id='word_1_181' title='bbox 577 2623 910 2698; x_wconf 80' lang='grc' dir='ltr'>Συργιάννῃ,</span> <span class='ocrx_word' id='word_1_182' title='bbox 963 2629 1331 2705; x_wconf 80' lang='grc' dir='ltr'>δεσμωτηρίῳ</span> <span class='ocrx_word' id='word_1_183' title='bbox 1365 2637 1717 2709; x_wconf 76' lang='grc' dir='ltr'>ἀμφοτέρους</span> <span class='ocrx_word' id='word_1_184' title='bbox 1773 2643 1983 2714; x_wconf 70' lang='grc' dir='ltr'>ἐμϐλη-</span> 
     </span>
    </p>
   </div>
   <div class='ocr_carea' id='block_1_29' title="bbox 410 2712 1983 2807">
    <p class='ocr_par' dir='ltr' id='par_1_29' title="bbox 410 2712 1983 2807">
     <span class='ocr_line' id='line_1_29' title="bbox 410 2712 1983 2807; baseline 0.017 -42"><span class='ocrx_word' id='word_1_185' title='bbox 410 2712 596 2777; x_wconf 77' lang='grc' dir='ltr'>θέντας</span> <span class='ocrx_word' id='word_1_186' title='bbox 621 2719 999 2790; x_wconf 72' lang='grc' dir='ltr'>φρουρεῖσθαι·</span> <span class='ocrx_word' id='word_1_187' title='bbox 1022 2727 1120 2794; x_wconf 82' lang='grc' dir='ltr'>τὴν</span> <span class='ocrx_word' id='word_1_188' title='bbox 1150 2724 1336 2793; x_wconf 79' lang='grc' dir='ltr'>ἄφιξιν</span> <span class='ocrx_word' id='word_1_189' title='bbox 1358 2728 1471 2782; x_wconf 84' lang='grc' dir='ltr'>τῶν</span> <span class='ocrx_word' id='word_1_190' title='bbox 1500 2733 1797 2802; x_wconf 84' lang='grc' dir='ltr'>μαρτύρων</span> <span class='ocrx_word' id='word_1_191' title='bbox 1816 2712 1983 2807; x_wconf 74' lang='grc' dir='ltr'>περι-</span> 
     </span>
    </p>
   </div>
   <div class='ocr_carea' id='block_1_30' title="bbox 421 2807 1982 2899">
    <p class='ocr_par' dir='ltr' id='par_1_30' title="bbox 421 2807 1982 2899">
     <span class='ocr_line' id='line_1_30' title="bbox 421 2807 1982 2899; baseline 0.017 -42"><span class='ocrx_word' id='word_1_192' title='bbox 421 2807 692 2872; x_wconf 74' lang='grc' dir='ltr'>μένοντας.</span> <span class='ocrx_word' id='word_1_193' title='bbox 726 2811 925 2866; x_wconf 84' lang='grc' dir='ltr'>Δίκαια</span> <span class='ocrx_word' id='word_1_194' title='bbox 954 2813 1013 2867; x_wconf 77' lang='grc' dir='ltr'>δὲ</span> <span class='ocrx_word' id='word_1_195' title='bbox 1044 2816 1346 2883; x_wconf 77' lang='grc' dir='ltr'>φάσκοντος</span> <span class='ocrx_word' id='word_1_196' title='bbox 1371 2821 1638 2890; x_wconf 79' lang='grc' dir='ltr'>βασιλέως</span> <span class='ocrx_word' id='word_1_197' title='bbox 1677 2826 1769 2880; x_wconf 83' lang='grc' dir='ltr'>τὸν</span> <span class='ocrx_word' id='word_1_198' title='bbox 1794 2827 1982 2899; x_wconf 78' lang='grc' dir='ltr'>Τζαμ-</span> 
     </span>
    </p>
   </div>
   <div class='ocr_carea' id='block_1_31' title="bbox 427 2898 1978 2989">
    <p class='ocr_par' dir='ltr' id='par_1_31' title="bbox 427 2898 1978 2989">
     <span class='ocr_line' id='line_1_31' title="bbox 427 2898 1978 2989; baseline 0.019 -43"><span class='ocrx_word' id='word_1_199' title='bbox 427 2898 668 2955; x_wconf 69' lang='grc' dir='ltr'>πλάκωνα</span> <span class='ocrx_word' id='word_1_200' title='bbox 689 2901 897 2969; x_wconf 80' lang='grc' dir='ltr'>ἀξιοῦν,</span> <span class='ocrx_word' id='word_1_201' title='bbox 933 2905 1078 2963; x_wconf 79' lang='grc' dir='ltr'>Ἀλλ’</span> <span class='ocrx_word' id='word_1_202' title='bbox 1099 2909 1159 2960; x_wconf 77' lang='grc' dir='ltr'>οὐ</span> <span class='ocrx_word' id='word_1_203' title='bbox 1183 2910 1367 2976; x_wconf 80' lang='grc' dir='ltr'>καλὸν,</span> <span class='ocrx_word' id='word_1_204' title='bbox 1392 2909 1542 2966; x_wconf 74' lang='grc' dir='ltr'>εἴπεν</span> <span class='ocrx_word' id='word_1_205' title='bbox 1563 2916 1591 2969; x_wconf 83' lang='grc' dir='ltr'><strong>ό</strong></span> <span class='ocrx_word' id='word_1_206' title='bbox 1616 2898 1978 2989; x_wconf 84' lang='grc' dir='ltr'>Συργιάννης,</span> 
     </span>
    </p>
   </div>
   <div class='ocr_carea' id='block_1_32' title="bbox 419 2993 1980 3079">
    <p class='ocr_par' dir='ltr' id='par_1_32' title="bbox 419 2993 1980 3079">
     <span class='ocr_line' id='line_1_32' title="bbox 419 2993 1980 3079; baseline 0.017 -37"><span class='ocrx_word' id='word_1_207' title='bbox 419 2993 529 3062; x_wconf 71' lang='grc' dir='ltr'><strong>εἰκῆ</strong></span> <span class='ocrx_word' id='word_1_208' title='bbox 562 2993 659 3048; x_wconf 80' lang='grc' dir='ltr'><strong>καὶ</strong></span> <span class='ocrx_word' id='word_1_209' title='bbox 719 2995 896 3067; x_wconf 83' lang='grc' dir='ltr'>μάτην</span> <span class='ocrx_word' id='word_1_210' title='bbox 932 2999 1291 3071; x_wconf 70' lang='grc' dir='ltr'>εἰργομένους</span> <span class='ocrx_word' id='word_1_211' title='bbox 1330 3005 1825 3079; x_wconf 79' lang='grc' dir='ltr'>ταλαιπωρεῖσθαι,</span> <span class='ocrx_word' id='word_1_212' title='bbox 1860 3014 1980 3079; x_wconf 77' lang='grc' dir='ltr'>ἐξὸν</span> 
     </span>
    </p>
   </div>
   <div class='ocr_carea' id='block_1_33' title="bbox 412 3084 1980 3176">
    <p class='ocr_par' dir='ltr' id='par_1_33' title="bbox 412 3084 1980 3176">
     <span class='ocr_line' id='line_1_33' title="bbox 412 3084 1980 3176; baseline 0.017 -41"><span class='ocrx_word' id='word_1_213' title='bbox 412 3084 683 3158; x_wconf 74' lang='grc' dir='ltr'>ἐγγυητὰς</span> <span class='ocrx_word' id='word_1_214' title='bbox 711 3092 1169 3163; x_wconf 76' lang='grc' dir='ltr'>παρασχομένους</span> <span class='ocrx_word' id='word_1_215' title='bbox 1198 3097 1541 3170; x_wconf 76' lang='grc' dir='ltr'>ἀμφοτέρους</span> <span class='ocrx_word' id='word_1_216' title='bbox 1568 3102 1662 3157; x_wconf 73' lang='grc' dir='ltr'>τοῦ</span> <span class='ocrx_word' id='word_1_217' title='bbox 1714 3104 1793 3176; x_wconf 81' lang='grc' dir='ltr'>μὴ</span> <span class='ocrx_word' id='word_1_218' title='bbox 1845 3107 1980 3160; x_wconf 81' lang='grc' dir='ltr'>ἀπο-</span> 
     </span>
    </p>
   </div>
   <div class='ocr_carea' id='block_1_34' title="bbox 2096 607 3677 686">
    <p class='ocr_par' dir='ltr' id='par_1_34' title="bbox 2096 607 3677 686">
     <span class='ocr_line' id='line_1_34' title="bbox 2096 607 3677 686; baseline 0.007 -28"><span class='ocrx_word' id='word_1_219' title='bbox 2096 607 2413 677; x_wconf 80' lang='lat' dir='ltr'><strong>praeliniret,</strong></span> <span class='ocrx_word' id='word_1_220' title='bbox 2463 613 2529 666; x_wconf 92' lang='lat' dir='ltr'><strong>ad</strong></span> <span class='ocrx_word' id='word_1_221' title='bbox 2582 628 2753 682; x_wconf 62' lang='lat' dir='ltr'><strong>quem,</strong></span> <span class='ocrx_word' id='word_1_222' title='bbox 2798 615 2935 669; x_wconf 87' lang='lat' dir='ltr'><strong>alios</strong></span> <span class='ocrx_word' id='word_1_223' title='bbox 2973 624 3143 671; x_wconf 89' lang='lat' dir='ltr'><strong>testes</strong></span> <span class='ocrx_word' id='word_1_224' title='bbox 3168 626 3494 686; x_wconf 86' lang='lat' dir='ltr'><strong>apponeret,</strong></span> <span class='ocrx_word' id='word_1_225' title='bbox 3536 631 3677 686; x_wconf 88' lang='lat' dir='ltr'><strong>quo-</strong></span> 
     </span>
    </p>
   </div>
   <div class='ocr_carea' id='block_1_35' title="bbox 2095 705 3677 779">
    <p class='ocr_par' dir='ltr' id='par_1_35' title="bbox 2095 705 3677 779">
     <span class='ocr_line' id='line_1_35' title="bbox 2095 705 3677 779; baseline 0.009 -30"><span class='ocrx_word' id='word_1_226' title='bbox 2095 714 2215 752; x_wconf 87' lang='lat' dir='ltr'><strong>rum</strong></span> <span class='ocrx_word' id='word_1_227' title='bbox 2267 716 2436 772; x_wconf 87' lang='lat' dir='ltr'><strong>opera</strong></span> <span class='ocrx_word' id='word_1_228' title='bbox 2468 705 2883 761; x_wconf 72' lang='lat' dir='ltr'><strong>damnationem</strong></span> <span class='ocrx_word' id='word_1_229' title='bbox 2910 707 3182 779; x_wconf 69' lang='lat' dir='ltr'><strong>effugeret</strong></span> <span class='ocrx_word' id='word_1_230' title='bbox 3211 725 3225 763; x_wconf 87' lang='lat'><strong>:</strong></span> <span class='ocrx_word' id='word_1_231' title='bbox 3254 709 3403 779; x_wconf 90' lang='lat' dir='ltr'><strong>quod</strong></span> <span class='ocrx_word' id='word_1_232' title='bbox 3441 709 3677 778; x_wconf 85' lang='lat' dir='ltr'><strong>impera-</strong></span> 
     </span>
    </p>
   </div>
   <div class='ocr_carea' id='block_1_36' title="bbox 2093 794 3673 873">
    <p class='ocr_par' dir='ltr' id='par_1_36' title="bbox 2093 794 3673 873">
     <span class='ocr_line' id='line_1_36' title="bbox 2093 794 3673 873; baseline 0.006 -29"><span class='ocrx_word' id='word_1_233' title='bbox 2093 799 2180 845; x_wconf 90' lang='lat' dir='ltr'><strong>tor</strong></span> <span class='ocrx_word' id='word_1_234' title='bbox 2207 802 2459 863; x_wconf 89' lang='lat' dir='ltr'><strong>prompte</strong></span> <span class='ocrx_word' id='word_1_235' title='bbox 2489 794 2620 851; x_wconf 81' lang='lat' dir='ltr'><strong>fecit</strong></span> <span class='ocrx_word' id='word_1_236' title='bbox 2640 838 2656 863; x_wconf 88' lang='lat'><strong>,</strong></span> <span class='ocrx_word' id='word_1_237' title='bbox 2691 798 2921 854; x_wconf 88' lang='lat' dir='ltr'><strong>hortans</strong></span> <span class='ocrx_word' id='word_1_238' title='bbox 2944 799 3191 873; x_wconf 85' lang='lat' dir='ltr'><strong>insuper,</strong></span> <span class='ocrx_word' id='word_1_239' title='bbox 3221 809 3281 854; x_wconf 87' lang='lat' dir='ltr'><strong>ut</strong></span> <span class='ocrx_word' id='word_1_240' title='bbox 3306 800 3350 854; x_wconf 93' lang='lat' dir='ltr'><strong>si</strong></span> <span class='ocrx_word' id='word_1_241' title='bbox 3375 799 3507 870; x_wconf 90' lang='lat' dir='ltr'><strong>quid</strong></span> <span class='ocrx_word' id='word_1_242' title='bbox 3535 816 3673 869; x_wconf 50' lang='lat' dir='ltr'><strong>prai-</strong></span> 
     </span>
    </p>
   </div>
   <div class='ocr_carea' id='block_1_37' title="bbox 2092 889 3668 962">
    <p class='ocr_par' dir='ltr' id='par_1_37' title="bbox 2092 889 3668 962">
     <span class='ocr_line' id='line_1_37' title="bbox 2092 889 3668 962; baseline 0.004 -24"><span class='ocrx_word' id='word_1_243' title='bbox 2092 892 2243 953; x_wconf 86' lang='lat' dir='ltr'><strong>terea</strong></span> <span class='ocrx_word' id='word_1_244' title='bbox 2284 894 2506 955; x_wconf 76' lang='lat' dir='ltr'><strong>putaret</strong></span> <span class='ocrx_word' id='word_1_245' title='bbox 2557 889 2763 944; x_wconf 79' lang='lat' dir='ltr'><strong>auxilio</strong></span> <span class='ocrx_word' id='word_1_246' title='bbox 2803 905 2923 945; x_wconf 82' lang='lat' dir='ltr'><strong>esse</strong></span> <span class='ocrx_word' id='word_1_247' title='bbox 2966 906 3146 960; x_wconf 77' lang='lat' dir='ltr'><strong>posse,</strong></span> <span class='ocrx_word' id='word_1_248' title='bbox 3186 891 3257 949; x_wconf 64' lang='lat' dir='ltr'><strong>.,id</strong></span> <span class='ocrx_word' id='word_1_249' title='bbox 3288 890 3393 946; x_wconf 87' lang='lat' dir='ltr'><strong>sibi</strong></span> <span class='ocrx_word' id='word_1_250' title='bbox 3435 906 3668 962; x_wconf 76' lang='lat' dir='ltr'><strong>propere</strong></span> 
     </span>
    </p>
   </div>
   <div class='ocr_carea' id='block_1_38' title="bbox 2091 978 3676 1052">
    <p class='ocr_par' dir='ltr' id='par_1_38' title="bbox 2091 978 3676 1052">
     <span class='ocr_line' id='line_1_38' title="bbox 2091 978 3676 1052; baseline 0.004 -23"><span class='ocrx_word' id='word_1_251' title='bbox 2091 986 2332 1047; x_wconf 82' lang='lat' dir='ltr'><strong>pararet.</strong></span> <span class='ocrx_word' id='word_1_252' title='bbox 2361 978 2653 1050; x_wconf 85' lang='lat' dir='ltr'><strong>Zamplaco</strong></span> <span class='ocrx_word' id='word_1_253' title='bbox 2682 981 2934 1052; x_wconf 83' lang='lat' dir='ltr'><strong>judicum</strong></span> <span class='ocrx_word' id='word_1_254' title='bbox 2961 982 3122 1038; x_wconf 84' lang='lat' dir='ltr'><strong>[idem</strong></span> <span class='ocrx_word' id='word_1_255' title='bbox 3152 981 3471 1052; x_wconf 86' lang='lat' dir='ltr'><strong>implorare,</strong></span> <span class='ocrx_word' id='word_1_256' title='bbox 3502 995 3556 1037; x_wconf 93' lang='lat' dir='ltr'><strong>et</strong></span> <span class='ocrx_word' id='word_1_257' title='bbox 3592 982 3676 1036; x_wconf 85' lang='lat' dir='ltr'><strong>in-</strong></span> 
     </span>
    </p>
   </div>
   <div class='ocr_carea' id='block_1_39' title="bbox 2090 1066 3673 1146">
    <p class='ocr_par' dir='ltr' id='par_1_39' title="bbox 2090 1066 3673 1146">
     <span class='ocr_line' id='line_1_39' title="bbox 2090 1066 3673 1146; baseline 0.002 -21"><span class='ocrx_word' id='word_1_258' title='bbox 2090 1071 2315 1141; x_wconf 85' lang='lat' dir='ltr'><strong>dignum</strong></span> <span class='ocrx_word' id='word_1_259' title='bbox 2376 1073 2599 1139; x_wconf 89' lang='lat' dir='ltr'><strong>dueere,</strong></span> <span class='ocrx_word' id='word_1_260' title='bbox 2657 1075 2702 1129; x_wconf 90' lang='lat' dir='ltr'><strong>si</strong></span> <span class='ocrx_word' id='word_1_261' title='bbox 2752 1074 3085 1146; x_wconf 86' lang='lat' dir='ltr'><strong>Syrgiannes</strong></span> <span class='ocrx_word' id='word_1_262' title='bbox 3134 1075 3356 1139; x_wconf 83' lang='lat' dir='ltr'><strong>testium</strong></span> <span class='ocrx_word' id='word_1_263' title='bbox 3408 1066 3673 1143; x_wconf 68' lang='lat' dir='ltr'><strong>praetextu</strong></span> 
     </span>
    </p>
   </div>
   <div class='ocr_carea' id='block_1_40' title="bbox 2089 1163 3670 1237">
    <p class='ocr_par' dir='ltr' id='par_1_40' title="bbox 2089 1163 3670 1237">
     <span class='ocr_line' id='line_1_40' title="bbox 2089 1163 3670 1237; baseline 0.003 -24"><span class='ocrx_word' id='word_1_264' title='bbox 2089 1163 2349 1216; x_wconf 80' lang='lat' dir='ltr'><strong>evaderet</strong></span> <span class='ocrx_word' id='word_1_265' title='bbox 2373 1201 2387 1226; x_wconf 89' lang='lat'><strong>,</strong></span> <span class='ocrx_word' id='word_1_266' title='bbox 2433 1177 2498 1218; x_wconf 91' lang='lat' dir='ltr'><strong>ac</strong></span> <span class='ocrx_word' id='word_1_267' title='bbox 2518 1164 2790 1234; x_wconf 83' lang='lat' dir='ltr'><strong>supplicio</strong></span> <span class='ocrx_word' id='word_1_268' title='bbox 2807 1165 2932 1237; x_wconf 87' lang='lat' dir='ltr'><strong>jure</strong></span> <span class='ocrx_word' id='word_1_269' title='bbox 2957 1164 3257 1235; x_wconf 84' lang='lat' dir='ltr'><strong>inﬂigendo</strong></span> <span class='ocrx_word' id='word_1_270' title='bbox 3281 1180 3340 1219; x_wconf 89' lang='lat' dir='ltr'><strong>se</strong></span> <span class='ocrx_word' id='word_1_271' title='bbox 3366 1165 3633 1220; x_wconf 82' lang='lat' dir='ltr'><strong>eximeret</strong></span> <span class='ocrx_word' id='word_1_272' title='bbox 3657 1182 3670 1230; x_wconf 89' lang='lat'><strong>;</strong></span> 
     </span>
    </p>
   </div>
   <div class='ocr_carea' id='block_1_41' title="bbox 2091 1254 3674 1327">
    <p class='ocr_par' dir='ltr' id='par_1_41' title="bbox 2091 1254 3674 1327">
     <span class='ocr_line' id='line_1_41' title="bbox 2091 1254 3674 1327; baseline 0.003 -22"><span class='ocrx_word' id='word_1_273' title='bbox 2091 1268 2217 1306; x_wconf 91' lang='lat' dir='ltr'><strong>nam</strong></span> <span class='ocrx_word' id='word_1_274' title='bbox 2268 1254 2414 1308; x_wconf 90' lang='lat' dir='ltr'><strong>diem</strong></span> <span class='ocrx_word' id='word_1_275' title='bbox 2459 1255 2827 1325; x_wconf 76' lang='lat' dir='ltr'><strong>praestitutum</strong></span> <span class='ocrx_word' id='word_1_276' title='bbox 2879 1257 3019 1311; x_wconf 84' lang='lat' dir='ltr'><strong>nihil</strong></span> <span class='ocrx_word' id='word_1_277' title='bbox 3048 1256 3099 1312; x_wconf 90' lang='lat' dir='ltr'><strong>ei</strong></span> <span class='ocrx_word' id='word_1_278' title='bbox 3139 1256 3443 1327; x_wconf 74' lang='lat' dir='ltr'><strong>adiumenti</strong></span> <span class='ocrx_word' id='word_1_279' title='bbox 3478 1256 3674 1310; x_wconf 88' lang='lat' dir='ltr'><strong>allatu-</strong></span> 
     </span>
    </p>
   </div>
   <div class='ocr_carea' id='block_1_42' title="bbox 2089 1345 3673 1416">
    <p class='ocr_par' dir='ltr' id='par_1_42' title="bbox 2089 1345 3673 1416">
     <span class='ocr_line' id='line_1_42' title="bbox 2089 1345 3673 1416; baseline 0.001 -19"><span class='ocrx_word' id='word_1_280' title='bbox 2089 1360 2249 1408; x_wconf 91' lang='lat' dir='ltr'><strong>rum;</strong></span> <span class='ocrx_word' id='word_1_281' title='bbox 2308 1355 2474 1402; x_wconf 84' lang='lat' dir='ltr'><strong>testes</strong></span> <span class='ocrx_word' id='word_1_282' title='bbox 2525 1347 2672 1401; x_wconf 90' lang='lat' dir='ltr'><strong>enim</strong></span> <span class='ocrx_word' id='word_1_283' title='bbox 2719 1361 2899 1416; x_wconf 91' lang='lat' dir='ltr'><strong>neque</strong></span> <span class='ocrx_word' id='word_1_284' title='bbox 2949 1348 3154 1416; x_wconf 84' lang='lat' dir='ltr'><strong>plures,</strong></span> <span class='ocrx_word' id='word_1_285' title='bbox 3189 1362 3370 1416; x_wconf 91' lang='lat' dir='ltr'><strong>neque</strong></span> <span class='ocrx_word' id='word_1_286' title='bbox 3410 1345 3673 1400; x_wconf 88' lang='lat' dir='ltr'><strong>meliores</strong></span> 
     </span>
    </p>
   </div>
   <div class='ocr_carea' id='block_1_43' title="bbox 2090 1434 3672 1508">
    <p class='ocr_par' dir='ltr' id='par_1_43' title="bbox 2090 1434 3672 1508">
     <span class='ocr_line' id='line_1_43' title="bbox 2090 1434 3672 1508; baseline 0.001 -21"><span class='ocrx_word' id='word_1_287' title='bbox 2090 1434 2409 1491; x_wconf 88' lang='lat' dir='ltr'><strong>habiturum</strong></span> <span class='ocrx_word' id='word_1_288' title='bbox 2463 1438 2551 1501; x_wconf 85' lang='lat' dir='ltr'><strong>iis,</strong></span> <span class='ocrx_word' id='word_1_289' title='bbox 2587 1453 2727 1508; x_wconf 88' lang='lat' dir='ltr'><strong>quos</strong></span> <span class='ocrx_word' id='word_1_290' title='bbox 2782 1438 3201 1497; x_wconf 77' lang='lat' dir='ltr'><strong>introduxisset.</strong></span> <span class='ocrx_word' id='word_1_291' title='bbox 3243 1436 3451 1493; x_wconf 85' lang='lat' dir='ltr'><strong>Orabat</strong></span> <span class='ocrx_word' id='word_1_292' title='bbox 3501 1436 3672 1508; x_wconf 83' lang='lat' dir='ltr'><strong>igitur</strong></span> 
     </span>
    </p>
   </div>
   <div class='ocr_carea' id='block_1_44' title="bbox 2091 1527 3672 1600">
    <p class='ocr_par' dir='ltr' id='par_1_44' title="bbox 2091 1527 3672 1600">
     <span class='ocr_line' id='line_1_44' title="bbox 2091 1527 3672 1600; baseline -0.002 -17"><span class='ocrx_word' id='word_1_293' title='bbox 2091 1530 2484 1599; x_wconf 63' lang='lat' dir='ltr'><strong>imperatorem</strong></span> <span class='ocrx_word' id='word_1_294' title='bbox 2514 1571 2528 1596; x_wconf 91' lang='lat'><strong>,</strong></span> <span class='ocrx_word' id='word_1_295' title='bbox 2574 1531 2679 1585; x_wconf 87' lang='lat' dir='ltr'><strong>nisi</strong></span> <span class='ocrx_word' id='word_1_296' title='bbox 2717 1530 3020 1600; x_wconf 87' lang='lat' dir='ltr'><strong>plurimum</strong></span> <span class='ocrx_word' id='word_1_297' title='bbox 3054 1527 3343 1599; x_wconf 83' lang='lat' dir='ltr'><strong>Syrgianni</strong></span> <span class='ocrx_word' id='word_1_298' title='bbox 3373 1528 3672 1598; x_wconf 82' lang='lat' dir='ltr'><strong>gratiﬁcari</strong></span> 
     </span>
    </p>
   </div>
   <div class='ocr_carea' id='block_1_45' title="bbox 2090 1618 3672 1691">
    <p class='ocr_par' dir='ltr' id='par_1_45' title="bbox 2090 1618 3672 1691">
     <span class='ocr_line' id='line_1_45' title="bbox 2090 1618 3672 1691; baseline -0.001 -17"><span class='ocrx_word' id='word_1_299' title='bbox 2090 1621 2275 1685; x_wconf 83' lang='lat' dir='ltr'><strong>vellet,</strong></span> <span class='ocrx_word' id='word_1_300' title='bbox 2317 1623 2390 1675; x_wconf 91' lang='lat' dir='ltr'><strong>uti</strong></span> <span class='ocrx_word' id='word_1_301' title='bbox 2439 1630 2735 1691; x_wconf 87' lang='lat' dir='ltr'><strong>utrumque</strong></span> <span class='ocrx_word' id='word_1_302' title='bbox 2778 1621 2832 1674; x_wconf 89' lang='lat' dir='ltr'><strong>in</strong></span> <span class='ocrx_word' id='word_1_303' title='bbox 2873 1621 3186 1676; x_wconf 74' lang='lat' dir='ltr'><strong>custodiam</strong></span> <span class='ocrx_word' id='word_1_304' title='bbox 3239 1618 3508 1689; x_wconf 76' lang='lat' dir='ltr'><strong>tantisper</strong></span> <span class='ocrx_word' id='word_1_305' title='bbox 3544 1618 3672 1672; x_wconf 86' lang='lat' dir='ltr'><strong>mit-</strong></span> 
     </span>
    </p>
   </div>
   <div class='ocr_carea' id='block_1_46' title="bbox 2090 1711 3672 1782">
    <p class='ocr_par' dir='ltr' id='par_1_46' title="bbox 2090 1711 3672 1782">
     <span class='ocr_line' id='line_1_46' title="bbox 2090 1711 3672 1782; baseline -0.001 -16"><span class='ocrx_word' id='word_1_306' title='bbox 2090 1721 2256 1777; x_wconf 80' lang='lat' dir='ltr'><strong>teret,</strong></span> <span class='ocrx_word' id='word_1_307' title='bbox 2311 1714 2443 1768; x_wconf 86' lang='lat' dir='ltr'><strong>dum</strong></span> <span class='ocrx_word' id='word_1_308' title='bbox 2502 1722 2669 1769; x_wconf 89' lang='lat' dir='ltr'><strong>testes</strong></span> <span class='ocrx_word' id='word_1_309' title='bbox 2718 1713 3065 1769; x_wconf 89' lang='lat' dir='ltr'><strong>advenirent.</strong></span> <span class='ocrx_word' id='word_1_310' title='bbox 3113 1713 3453 1782; x_wconf 81' lang='lat' dir='ltr'><strong>linperatore</strong></span> <span class='ocrx_word' id='word_1_311' title='bbox 3512 1711 3672 1765; x_wconf 90' lang='lat' dir='ltr'><strong>Zam-</strong></span> 
     </span>
    </p>
   </div>
   <div class='ocr_carea' id='block_1_47' title="bbox 2091 1787 3673 1875">
    <p class='ocr_par' dir='ltr' id='par_1_47' title="bbox 2091 1787 3673 1875">
     <span class='ocr_line' id='line_1_47' title="bbox 2091 1787 3673 1875; baseline -0.001 -19"><span class='ocrx_word' id='word_1_312' title='bbox 2091 1803 2338 1871; x_wconf 84' lang='lat' dir='ltr'><strong>placonis</strong></span> <span class='ocrx_word' id='word_1_313' title='bbox 2378 1804 2699 1872; x_wconf 89' lang='lat' dir='ltr'><strong>petitionem</strong></span> <span class='ocrx_word' id='word_1_314' title='bbox 2734 1819 2833 1875; x_wconf 91' lang='lat' dir='ltr'><strong>pro</strong></span> <span class='ocrx_word' id='word_1_315' title='bbox 2858 1804 3004 1874; x_wconf 87' lang='lat' dir='ltr'><strong>justa</strong></span> <span class='ocrx_word' id='word_1_316' title='bbox 3032 1811 3389 1872; x_wconf 87' lang='lat' dir='ltr'><strong>agnoscente,</strong></span> <span class='ocrx_word' id='word_1_317' title='bbox 3411 1787 3673 1872; x_wconf 75' lang='lat' dir='ltr'><strong>Syrgian-</strong></span> 
     </span>
    </p>
   </div>
   <div class='ocr_carea' id='block_1_48' title="bbox 2096 1892 3672 1964">
    <p class='ocr_par' dir='ltr' id='par_1_48' title="bbox 2096 1892 3672 1964">
     <span class='ocr_line' id='line_1_48' title="bbox 2096 1892 3672 1964; baseline 0 -17"><span class='ocrx_word' id='word_1_318' title='bbox 2096 1910 2196 1948; x_wconf 87' lang='lat' dir='ltr'><strong>nes</strong></span> <span class='ocrx_word' id='word_1_319' title='bbox 2252 1895 2515 1961; x_wconf 82' lang='lat' dir='ltr'><strong>occurrit,</strong></span> <span class='ocrx_word' id='word_1_320' title='bbox 2573 1909 2682 1949; x_wconf 90' lang='lat' dir='ltr'><strong>non</strong></span> <span class='ocrx_word' id='word_1_321' title='bbox 2735 1910 2855 1950; x_wconf 86' lang='lat' dir='ltr'><strong>esse</strong></span> <span class='ocrx_word' id='word_1_322' title='bbox 2904 1908 3144 1964; x_wconf 83' lang='lat' dir='ltr'><strong>aequum,</strong></span> <span class='ocrx_word' id='word_1_323' title='bbox 3196 1892 3398 1947; x_wconf 83' lang='lat' dir='ltr'><strong>frustra</strong></span> <span class='ocrx_word' id='word_1_324' title='bbox 3443 1908 3509 1946; x_wconf 91' lang='lat' dir='ltr'><strong>ac</strong></span> <span class='ocrx_word' id='word_1_325' title='bbox 3554 1892 3672 1947; x_wconf 91' lang='lat' dir='ltr'><strong>sine</strong></span> 
     </span>
    </p>
   </div>
   <div class='ocr_carea' id='block_1_49' title="bbox 2095 1985 3672 2055">
    <p class='ocr_par' dir='ltr' id='par_1_49' title="bbox 2095 1985 3672 2055">
     <span class='ocr_line' id='line_1_49' title="bbox 2095 1985 3672 2055; baseline -0.002 -14"><span class='ocrx_word' id='word_1_326' title='bbox 2095 2002 2259 2042; x_wconf 88' lang='lat' dir='ltr'><strong>causa</strong></span> <span class='ocrx_word' id='word_1_327' title='bbox 2301 2002 2521 2043; x_wconf 85' lang='lat' dir='ltr'><strong>carcere</strong></span> <span class='ocrx_word' id='word_1_328' title='bbox 2549 1985 2822 2051; x_wconf 81' lang='lat' dir='ltr'><strong>aﬂlictari,</strong></span> <span class='ocrx_word' id='word_1_329' title='bbox 2847 2003 2971 2041; x_wconf 90' lang='lat' dir='ltr'><strong>cum</strong></span> <span class='ocrx_word' id='word_1_330' title='bbox 3004 1985 3074 2040; x_wconf 85' lang='lat' dir='ltr'><strong>ab</strong></span> <span class='ocrx_word' id='word_1_331' title='bbox 3105 1994 3343 2054; x_wconf 90' lang='lat' dir='ltr'><strong>utroque</strong></span> <span class='ocrx_word' id='word_1_332' title='bbox 3373 1999 3672 2055; x_wconf 89' lang='lat' dir='ltr'><strong>sponsores</strong></span> 
     </span>
    </p>
   </div>
   <div class='ocr_carea' id='block_1_50' title="bbox 2094 2074 3670 2150">
    <p class='ocr_par' dir='ltr' id='par_1_50' title="bbox 2094 2074 3670 2150">
     <span class='ocr_line' id='line_1_50' title="bbox 2094 2074 3670 2150; baseline -0.004 -17"><span class='ocrx_word' id='word_1_333' title='bbox 2094 2080 2312 2150; x_wconf 77' lang='lat' dir='ltr'><strong>exigere</strong></span> <span class='ocrx_word' id='word_1_334' title='bbox 2364 2079 2564 2144; x_wconf 90' lang='lat' dir='ltr'><strong>liceat,</strong></span> <span class='ocrx_word' id='word_1_335' title='bbox 2622 2094 2730 2134; x_wconf 82' lang='lat' dir='ltr'><strong>non</strong></span> <span class='ocrx_word' id='word_1_336' title='bbox 2785 2078 3077 2149; x_wconf 80' lang='lat' dir='ltr'><strong>fugituros,</strong></span> <span class='ocrx_word' id='word_1_337' title='bbox 3108 2077 3202 2132; x_wconf 90' lang='lat' dir='ltr'><strong>sed</strong></span> <span class='ocrx_word' id='word_1_338' title='bbox 3259 2074 3483 2130; x_wconf 89' lang='lat' dir='ltr'><strong>interim</strong></span> <span class='ocrx_word' id='word_1_339' title='bbox 3523 2074 3670 2128; x_wconf 91' lang='lat' dir='ltr'><strong>domi</strong></span> 
     </span>
    </p>
   </div>
   <div class='ocr_carea' id='block_1_51' title="bbox 2094 2166 3672 2242">
    <p class='ocr_par' dir='ltr' id='par_1_51' title="bbox 2094 2166 3672 2242">
     <span class='ocr_line' id='line_1_51' title="bbox 2094 2166 3672 2242; baseline -0.004 -16"><span class='ocrx_word' id='word_1_340' title='bbox 2094 2171 2401 2242; x_wconf 86' lang='lat' dir='ltr'><strong>quieturos.</strong></span> <span class='ocrx_word' id='word_1_341' title='bbox 2448 2170 2551 2227; x_wconf 90' lang='lat' dir='ltr'><strong>Ubi</strong></span> <span class='ocrx_word' id='word_1_342' title='bbox 2601 2182 2657 2227; x_wconf 91' lang='lat' dir='ltr'><strong>et</strong></span> <span class='ocrx_word' id='word_1_343' title='bbox 2710 2172 2814 2227; x_wconf 90' lang='lat' dir='ltr'><strong>hoc</strong></span> <span class='ocrx_word' id='word_1_344' title='bbox 2872 2168 3211 2225; x_wconf 81' lang='lat' dir='ltr'><strong>conveniens</strong></span> <span class='ocrx_word' id='word_1_345' title='bbox 3240 2166 3557 2224; x_wconf 90' lang='lat' dir='ltr'><strong>securitatis</strong></span> <span class='ocrx_word' id='word_1_346' title='bbox 3587 2167 3672 2236; x_wconf 88' lang='lat' dir='ltr'><strong>pi-</strong></span> 
     </span>
    </p>
   </div>
   <div class='ocr_carea' id='block_1_52' title="bbox 2093 2256 3673 2333">
    <p class='ocr_par' dir='ltr' id='par_1_52' title="bbox 2093 2256 3673 2333">
     <span class='ocr_line' id='line_1_52' title="bbox 2093 2256 3673 2333; baseline -0.004 -16"><span class='ocrx_word' id='word_1_347' title='bbox 2093 2278 2233 2333; x_wconf 87' lang='lat' dir='ltr'><strong>gnus</strong></span> <span class='ocrx_word' id='word_1_348' title='bbox 2281 2262 2556 2332; x_wconf 88' lang='lat' dir='ltr'><strong>apparuit,</strong></span> <span class='ocrx_word' id='word_1_349' title='bbox 2609 2262 2908 2332; x_wconf 83' lang='lat' dir='ltr'><strong>imperator</strong></span> <span class='ocrx_word' id='word_1_350' title='bbox 2964 2262 3090 2323; x_wconf 87' lang='lat' dir='ltr'><strong>reis,</strong></span> <span class='ocrx_word' id='word_1_351' title='bbox 3146 2267 3204 2313; x_wconf 88' lang='lat' dir='ltr'><strong>ut</strong></span> <span class='ocrx_word' id='word_1_352' title='bbox 3250 2272 3543 2327; x_wconf 89' lang='lat' dir='ltr'><strong>sponsores</strong></span> <span class='ocrx_word' id='word_1_353' title='bbox 3579 2256 3673 2311; x_wconf 88' lang='lat' dir='ltr'><strong>da-</strong></span> 
     </span>
    </p>
   </div>
   <div class='ocr_carea' id='block_1_53' title="bbox 2094 2347 3672 2421">
    <p class='ocr_par' dir='ltr' id='par_1_53' title="bbox 2094 2347 3672 2421">
     <span class='ocr_line' id='line_1_53' title="bbox 2094 2347 3672 2421; baseline -0.003 -16"><span class='ocrx_word' id='word_1_354' title='bbox 2094 2362 2238 2417; x_wconf 90' lang='lat' dir='ltr'><strong>rent,</strong></span> <span class='ocrx_word' id='word_1_355' title='bbox 2287 2351 2598 2421; x_wconf 82' lang='lat' dir='ltr'><strong>imperavit,</strong></span> <span class='ocrx_word' id='word_1_356' title='bbox 2644 2360 3091 2421; x_wconf 86' lang='lat' dir='ltr'><strong>conventumque</strong></span> <span class='ocrx_word' id='word_1_357' title='bbox 3144 2347 3375 2405; x_wconf 85' lang='lat' dir='ltr'><strong>dimisit.</strong></span> <span class='ocrx_word' id='word_1_358' title='bbox 3402 2347 3672 2403; x_wconf 87' lang='lat' dir='ltr'><strong>Postridie</strong></span> 
     </span>
    </p>
   </div>
   <div class='ocr_carea' id='block_1_54' title="bbox 2095 2436 3670 2516">
    <p class='ocr_par' dir='ltr' id='par_1_54' title="bbox 2095 2436 3670 2516">
     <span class='ocr_line' id='line_1_54' title="bbox 2095 2436 3670 2516; baseline -0.004 -20"><span class='ocrx_word' id='word_1_359' title='bbox 2095 2442 2149 2497; x_wconf 91' lang='lat' dir='ltr'><strong>in</strong></span> <span class='ocrx_word' id='word_1_360' title='bbox 2188 2444 2397 2502; x_wconf 73' lang='lat' dir='ltr'><strong>aedibus</strong></span> <span class='ocrx_word' id='word_1_361' title='bbox 2429 2443 2609 2516; x_wconf 86' lang='lat' dir='ltr'><strong>magni</strong></span> <span class='ocrx_word' id='word_1_362' title='bbox 2640 2443 2929 2498; x_wconf 84' lang='lat' dir='ltr'><strong>domestici</strong></span> <span class='ocrx_word' id='word_1_363' title='bbox 2976 2441 3334 2514; x_wconf 82' lang='lat' dir='ltr'><strong>Syrgiannes,</strong></span> <span class='ocrx_word' id='word_1_364' title='bbox 3363 2436 3495 2505; x_wconf 83' lang='lat' dir='ltr'><strong>Quae</strong></span> <span class='ocrx_word' id='word_1_365' title='bbox 3525 2437 3670 2507; x_wconf 88' lang='lat' dir='ltr'><strong>apud</strong></span> 
     </span>
    </p>
   </div>
   <div class='ocr_carea' id='block_1_55' title="bbox 2090 2532 3672 2604">
    <p class='ocr_par' dir='ltr' id='par_1_55' title="bbox 2090 2532 3672 2604">
     <span class='ocr_line' id='line_1_55' title="bbox 2090 2532 3672 2604; baseline -0.004 -12"><span class='ocrx_word' id='word_1_366' title='bbox 2090 2536 2444 2592; x_wconf 84' lang='lat' dir='ltr'><strong>Clialeidicen</strong></span> <span class='ocrx_word' id='word_1_367' title='bbox 2499 2536 2633 2591; x_wconf 90' lang='lat' dir='ltr'><strong>mihi</strong></span> <span class='ocrx_word' id='word_1_368' title='bbox 2687 2534 2834 2591; x_wconf 87' lang='lat' dir='ltr'><strong>dicta</strong></span> <span class='ocrx_word' id='word_1_369' title='bbox 2870 2545 3041 2600; x_wconf 85' lang='lat' dir='ltr'><strong>sunt,</strong></span> <span class='ocrx_word' id='word_1_370' title='bbox 3081 2532 3290 2604; x_wconf 88' lang='lat' dir='ltr'><strong>inquit,</strong></span> <span class='ocrx_word' id='word_1_371' title='bbox 3334 2532 3446 2603; x_wconf 87' lang='lat' dir='ltr'><strong>jam</strong></span> <span class='ocrx_word' id='word_1_372' title='bbox 3472 2545 3672 2585; x_wconf 88' lang='lat' dir='ltr'><strong>evene-</strong></span> 
     </span>
    </p>
   </div>
   <div class='ocr_carea' id='block_1_56' title="bbox 2092 2627 3673 2701">
    <p class='ocr_par' dir='ltr' id='par_1_56' title="bbox 2092 2627 3673 2701">
     <span class='ocr_line' id='line_1_56' title="bbox 2092 2627 3673 2701; baseline -0.004 -18"><span class='ocrx_word' id='word_1_373' title='bbox 2092 2639 2254 2697; x_wconf 86' lang='lat' dir='ltr'><strong>runt;</strong></span> <span class='ocrx_word' id='word_1_374' title='bbox 2302 2646 2423 2701; x_wconf 83' lang='lat' dir='ltr'><strong>quae</strong></span> <span class='ocrx_word' id='word_1_375' title='bbox 2463 2629 2678 2685; x_wconf 91' lang='lat' dir='ltr'><strong>tametsi</strong></span> <span class='ocrx_word' id='word_1_376' title='bbox 2719 2631 2872 2699; x_wconf 89' lang='lat' dir='ltr'><strong>prius</strong></span> <span class='ocrx_word' id='word_1_377' title='bbox 2896 2627 3128 2691; x_wconf 88' lang='lat' dir='ltr'><strong>credita,</strong></span> <span class='ocrx_word' id='word_1_378' title='bbox 3159 2640 3310 2681; x_wconf 90' lang='lat' dir='ltr'><strong>nunc</strong></span> <span class='ocrx_word' id='word_1_379' title='bbox 3338 2634 3519 2679; x_wconf 89' lang='lat' dir='ltr'><strong>tamen</strong></span> <span class='ocrx_word' id='word_1_380' title='bbox 3553 2638 3673 2678; x_wconf 89' lang='lat' dir='ltr'><strong>cer-</strong></span> 
     </span>
    </p>
   </div>
   <div class='ocr_carea' id='block_1_57' title="bbox 2094 2720 3667 2794">
    <p class='ocr_par' dir='ltr' id='par_1_57' title="bbox 2094 2720 3667 2794">
     <span class='ocr_line' id='line_1_57' title="bbox 2094 2720 3667 2794; baseline -0.004 -18"><span class='ocrx_word' id='word_1_381' title='bbox 2094 2724 2251 2789; x_wconf 89' lang='lat' dir='ltr'><strong>tiora,</strong></span> <span class='ocrx_word' id='word_1_382' title='bbox 2312 2731 2505 2794; x_wconf 86' lang='lat' dir='ltr'><strong>utpote</strong></span> <span class='ocrx_word' id='word_1_383' title='bbox 2565 2739 2626 2778; x_wconf 92' lang='lat' dir='ltr'><strong>re</strong></span> <span class='ocrx_word' id='word_1_384' title='bbox 2687 2722 2807 2792; x_wconf 89' lang='lat' dir='ltr'><strong>ipsa</strong></span> <span class='ocrx_word' id='word_1_385' title='bbox 2859 2720 3263 2791; x_wconf 82' lang='lat' dir='ltr'><strong>comprobata,</strong></span> <span class='ocrx_word' id='word_1_386' title='bbox 3329 2725 3667 2783; x_wconf 84' lang='lat' dir='ltr'><strong>evaserunt;</strong></span> 
     </span>
    </p>
   </div>
   <div class='ocr_carea' id='block_1_58' title="bbox 2090 2810 3669 2886">
    <p class='ocr_par' dir='ltr' id='par_1_58' title="bbox 2090 2810 3669 2886">
     <span class='ocr_line' id='line_1_58' title="bbox 2090 2810 3669 2886; baseline -0.002 -18"><span class='ocrx_word' id='word_1_387' title='bbox 2090 2814 2542 2884; x_wconf 88' lang='lat' dir='ltr'><strong>quandoquidem</strong></span> <span class='ocrx_word' id='word_1_388' title='bbox 2596 2815 2657 2869; x_wconf 86' lang='lat' dir='ltr'><strong>in‘</strong></span> <span class='ocrx_word' id='word_1_389' title='bbox 2687 2814 2899 2886; x_wconf 86' lang='lat' dir='ltr'><strong>judicio</strong></span> <span class='ocrx_word' id='word_1_390' title='bbox 2940 2812 3078 2867; x_wconf 90' lang='lat' dir='ltr'><strong>nihil</strong></span> <span class='ocrx_word' id='word_1_391' title='bbox 3112 2810 3414 2882; x_wconf 85' lang='lat' dir='ltr'><strong>quidquam</strong></span> <span class='ocrx_word' id='word_1_392' title='bbox 3447 2826 3545 2881; x_wconf 89' lang='lat' dir='ltr'><strong>pro</strong></span> <span class='ocrx_word' id='word_1_393' title='bbox 3581 2825 3669 2865; x_wconf 91' lang='lat' dir='ltr'><strong>me</strong></span> 
     </span>
    </p>
   </div>
   <div class='ocr_carea' id='block_1_59' title="bbox 2090 2905 3670 2978">
    <p class='ocr_par' dir='ltr' id='par_1_59' title="bbox 2090 2905 3670 2978">
     <span class='ocr_line' id='line_1_59' title="bbox 2090 2905 3670 2978; baseline -0.001 -18"><span class='ocrx_word' id='word_1_394' title='bbox 2090 2916 2185 2962; x_wconf 91' lang='lat' dir='ltr'><strong>aut</strong></span> <span class='ocrx_word' id='word_1_395' title='bbox 2223 2907 2407 2978; x_wconf 78' lang='lat' dir='ltr'><strong>egisti,</strong></span> <span class='ocrx_word' id='word_1_396' title='bbox 2463 2915 2560 2962; x_wconf 89' lang='lat' dir='ltr'><strong>aut</strong></span> <span class='ocrx_word' id='word_1_397' title='bbox 2600 2908 2819 2963; x_wconf 87' lang='lat' dir='ltr'><strong>locutus</strong></span> <span class='ocrx_word' id='word_1_398' title='bbox 2845 2922 2928 2971; x_wconf 90' lang='lat' dir='ltr'><strong>es,</strong></span> <span class='ocrx_word' id='word_1_399' title='bbox 2958 2921 3083 2961; x_wconf 89' lang='lat' dir='ltr'><strong>cum</strong></span> <span class='ocrx_word' id='word_1_400' title='bbox 3111 2905 3293 2961; x_wconf 60' lang='lat' dir='ltr'><strong>ne‘sic</strong></span> <span class='ocrx_word' id='word_1_401' title='bbox 3319 2905 3539 2975; x_wconf 85' lang='lat' dir='ltr'><strong>quidem</strong></span> <span class='ocrx_word' id='word_1_402' title='bbox 3575 2919 3670 2974; x_wconf 89' lang='lat' dir='ltr'><strong>pe-</strong></span> 
     </span>
    </p>
   </div>
   <div class='ocr_carea' id='block_1_60' title="bbox 2091 2997 3668 3068">
    <p class='ocr_par' dir='ltr' id='par_1_60' title="bbox 2091 2997 3668 3068">
     <span class='ocr_line' id='line_1_60' title="bbox 2091 2997 3668 3068; baseline -0.002 -15"><span class='ocrx_word' id='word_1_403' title='bbox 2091 2998 2283 3054; x_wconf 87' lang='lat' dir='ltr'><strong>riculis</strong></span> <span class='ocrx_word' id='word_1_404' title='bbox 2336 2998 2583 3068; x_wconf 83' lang='lat' dir='ltr'><strong>undique</strong></span> <span class='ocrx_word' id='word_1_405' title='bbox 2628 2999 3068 3055; x_wconf 88' lang='lat' dir='ltr'><strong>circumventum</strong></span> <span class='ocrx_word' id='word_1_406' title='bbox 3114 2997 3374 3052; x_wconf 87' lang='lat' dir='ltr'><strong>deserere</strong></span> <span class='ocrx_word' id='word_1_407' title='bbox 3408 3004 3668 3066; x_wconf 85' lang='lat' dir='ltr'><strong>oportue-</strong></span> 
     </span>
    </p>
   </div>
   <div class='ocr_carea' id='block_1_61' title="bbox 2090 3088 3662 3160">
    <p class='ocr_par' dir='ltr' id='par_1_61' title="bbox 2090 3088 3662 3160">
     <span class='ocr_line' id='line_1_61' title="bbox 2090 3088 3662 3160; baseline 0.001 -17"><span class='ocrx_word' id='word_1_408' title='bbox 2090 3090 2181 3143; x_wconf 87' lang='lat' dir='ltr'><strong>rit.</strong></span> <span class='ocrx_word' id='word_1_409' title='bbox 2230 3088 2390 3144; x_wconf 89' lang='lat' dir='ltr'><strong>Nunc</strong></span> <span class='ocrx_word' id='word_1_410' title='bbox 2427 3099 2489 3143; x_wconf 86' lang='lat' dir='ltr'><strong>ut</strong></span> <span class='ocrx_word' id='word_1_411' title='bbox 2516 3102 2605 3144; x_wconf 88' lang='lat' dir='ltr'><strong>me</strong></span> <span class='ocrx_word' id='word_1_412' title='bbox 2633 3090 2757 3159; x_wconf 88' lang='lat' dir='ltr'><strong>opis</strong></span> <span class='ocrx_word' id='word_1_413' title='bbox 2786 3099 2893 3145; x_wconf 76' lang='lat' dir='ltr'><strong>tute</strong></span> <span class='ocrx_word' id='word_1_414' title='bbox 2922 3089 3158 3145; x_wconf 81' lang='lat' dir='ltr'><strong>maxime</strong></span> <span class='ocrx_word' id='word_1_415' title='bbox 3189 3097 3440 3160; x_wconf 88' lang='lat' dir='ltr'><strong>egentem</strong></span> <span class='ocrx_word' id='word_1_416' title='bbox 3470 3106 3537 3144; x_wconf 88' lang='lat' dir='ltr'><strong>ne</strong></span> <span class='ocrx_word' id='word_1_417' title='bbox 3569 3091 3662 3144; x_wconf 87' lang='lat' dir='ltr'><strong>ab-</strong></span> 
     </span>
    </p>
   </div>
   <div class='ocr_carea' id='block_1_62' title="bbox 406 3180 1983 3281">
    <p class='ocr_par' dir='ltr' id='par_1_62' title="bbox 406 3180 1979 3268">
     <span class='ocr_line' id='line_1_62' title="bbox 406 3180 1979 3268; baseline 0.015 -35"><span class='ocrx_word' id='word_1_418' title='bbox 406 3180 601 3249; x_wconf 72' lang='lat' dir='ltr'><strong>5pivat</strong></span> <span class='ocrx_word' id='word_1_419' title='bbox 653 3184 972 3257; x_wconf 85' lang='grc' dir='ltr'>ἀναπαύλης</span> <span class='ocrx_word' id='word_1_420' title='bbox 1018 3188 1336 3256; x_wconf 82' lang='grc' dir='ltr'>ἀπολαύειν,</span> <span class='ocrx_word' id='word_1_421' title='bbox 1385 3193 1526 3248; x_wconf 80' lang='grc' dir='ltr'>οἴκοι</span> <span class='ocrx_word' id='word_1_422' title='bbox 1578 3196 1979 3268; x_wconf 77' lang='grc' dir='ltr'>διατρίϐοντας.</span> 
     </span>
    </p>
   </div>
   <div class='ocr_carea' id='block_1_63' title="bbox 2087 3180 3661 3281">
    <p class='ocr_par' dir='ltr' id='par_1_63' title="bbox 2087 3181 3661 3253">
     <span class='ocr_line' id='line_1_63' title="bbox 2087 3181 3661 3253; baseline -0.001 -17"><span class='ocrx_word' id='word_1_423' title='bbox 2087 3181 2286 3253; x_wconf 88' lang='lat' dir='ltr'><strong>jicias,</strong></span> <span class='ocrx_word' id='word_1_424' title='bbox 2337 3181 2434 3237; x_wconf 87' lang='lat' dir='ltr'><strong>sed</strong></span> <span class='ocrx_word' id='word_1_425' title='bbox 2503 3182 2692 3253; x_wconf 84' lang='lat' dir='ltr'><strong>priora</strong></span> <span class='ocrx_word' id='word_1_426' title='bbox 2762 3181 2961 3238; x_wconf 88' lang='lat' dir='ltr'><strong>delicta</strong></span> <span class='ocrx_word' id='word_1_427' title='bbox 3006 3183 3341 3253; x_wconf 82' lang='lat' dir='ltr'><strong>ignoscetis,</strong></span> <span class='ocrx_word' id='word_1_428' title='bbox 3392 3188 3661 3252; x_wconf 83' lang='lat' dir='ltr'><strong>quantum</strong></span> 
     </span>
    </p>
   </div>
   <div class='ocr_carea' id='block_1_64' title="bbox 414 3273 1983 3359">
    <p class='ocr_par' dir='ltr' id='par_1_64' title="bbox 414 3276 1980 3359">
     <span class='ocr_line' id='line_1_64' title="bbox 414 3276 1980 3359; baseline 0.014 -31"><span class='ocrx_word' id='word_1_429' title='bbox 414 3276 506 3338; x_wconf 73' lang='grc' dir='ltr'>Ὠς</span> <span class='ocrx_word' id='word_1_430' title='bbox 553 3277 610 3331; x_wconf 74' lang='grc' dir='ltr'><strong>δδ</strong></span> <span class='ocrx_word' id='word_1_431' title='bbox 659 3279 756 3333; x_wconf 78' lang='grc' dir='ltr'><strong>καὶ</strong></span> <span class='ocrx_word' id='word_1_432' title='bbox 784 3280 945 3335; x_wconf 79' lang='grc' dir='ltr'>τοῦτο</span> <span class='ocrx_word' id='word_1_433' title='bbox 979 3284 1280 3353; x_wconf 82' lang='grc' dir='ltr'>ἀσφαλείας</span> <span class='ocrx_word' id='word_1_434' title='bbox 1322 3288 1585 3359; x_wconf 65' lang='grc' dir='ltr'>ἐνέχυρον</span> <span class='ocrx_word' id='word_1_435' title='bbox 1616 3291 1769 3357; x_wconf 83' lang='grc' dir='ltr'>ἀξιον</span> <span class='ocrx_word' id='word_1_436' title='bbox 1804 3296 1980 3351; x_wconf 74' lang='grc' dir='ltr'>ἐδόκει</span> 
     </span>
    </p>
   </div>
   <div class='ocr_carea' id='block_1_65' title="bbox 2087 3273 3670 3359">
    <p class='ocr_par' dir='ltr' id='par_1_65' title="bbox 2089 3273 3670 3344">
     <span class='ocr_line' id='line_1_65' title="bbox 2089 3273 3670 3344; baseline -0.002 -15"><span class='ocrx_word' id='word_1_437' title='bbox 2089 3285 2244 3344; x_wconf 88' lang='lat' dir='ltr'><strong>potes</strong></span> <span class='ocrx_word' id='word_1_438' title='bbox 2290 3273 2452 3344; x_wconf 72' lang='lat'><strong>275</strong></span> <span class='ocrx_word' id='word_1_439' title='bbox 2506 3290 2593 3330; x_wconf 91' lang='lat' dir='ltr'><strong>me</strong></span> <span class='ocrx_word' id='word_1_440' title='bbox 2631 3274 2856 3344; x_wconf 74' lang='lat' dir='ltr'><strong>adiuves</strong></span> <span class='ocrx_word' id='word_1_441' title='bbox 2887 3314 2903 3340; x_wconf 93' lang='lat'><strong>,</strong></span> <span class='ocrx_word' id='word_1_442' title='bbox 2940 3273 3108 3330; x_wconf 88' lang='lat' dir='ltr'><strong>etiam</strong></span> <span class='ocrx_word' id='word_1_443' title='bbox 3168 3284 3334 3343; x_wconf 88' lang='lat' dir='ltr'><strong>atque</strong></span> <span class='ocrx_word' id='word_1_444' title='bbox 3387 3275 3553 3328; x_wconf 86' lang='lat' dir='ltr'><strong>etiam</strong></span> <span class='ocrx_word' id='word_1_445' title='bbox 3619 3283 3670 3327; x_wconf 88' lang='lat' dir='ltr'><strong>te</strong></span> 
     </span>
    </p>
   </div>
   <div class='ocr_carea' id='block_1_66' title="bbox 402 3364 1982 3454">
    <p class='ocr_par' dir='ltr' id='par_1_66' title="bbox 402 3364 1982 3454">
     <span class='ocr_line' id='line_1_66' title="bbox 402 3364 1982 3454; baseline 0.014 -34"><span class='ocrx_word' id='word_1_446' title='bbox 402 3364 564 3432; x_wconf 71' lang='grc' dir='ltr'>εἶναι,</span> <span class='ocrx_word' id='word_1_447' title='bbox 607 3370 698 3424; x_wconf 77' lang='grc' dir='ltr'><strong>τὸν</strong></span> <span class='ocrx_word' id='word_1_448' title='bbox 742 3371 1007 3440; x_wconf 89' lang='grc' dir='ltr'>σύλλογον</span> <span class='ocrx_word' id='word_1_449' title='bbox 1059 3375 1160 3443; x_wconf 84' lang='grc' dir='ltr'>μὲν</span> <span class='ocrx_word' id='word_1_450' title='bbox 1211 3378 1456 3433; x_wconf 68' lang='grc' dir='ltr'>διέλυσεν</span> <span class='ocrx_word' id='word_1_451' title='bbox 1484 3382 1513 3434; x_wconf 87' lang='grc' dir='ltr'><strong>ό</strong></span> <span class='ocrx_word' id='word_1_452' title='bbox 1552 3382 1828 3454; x_wconf 80' lang='grc' dir='ltr'>βασιλεὺς,</span> <span class='ocrx_word' id='word_1_453' title='bbox 1857 3390 1982 3454; x_wconf 83' lang='grc' dir='ltr'>τοὺς</span> 
     </span>
    </p>
   </div>
   <div class='ocr_carea' id='block_1_67' title="bbox 402 3463 1982 3549">
    <p class='ocr_par' dir='ltr' id='par_1_67' title="bbox 402 3463 1982 3549">
     <span class='ocr_line' id='line_1_67' title="bbox 402 3463 1982 3549; baseline 0.013 -34"><span class='ocrx_word' id='word_1_454' title='bbox 402 3463 683 3534; x_wconf 75' lang='grc' dir='ltr'>ἐγγυητὰς</span> <span class='ocrx_word' id='word_1_455' title='bbox 702 3464 762 3519; x_wconf 74' lang='grc' dir='ltr'>δὲ</span> <span class='ocrx_word' id='word_1_456' title='bbox 788 3466 1009 3520; x_wconf 83' lang='grc' dir='ltr'>ὲκέλευε</span> <span class='ocrx_word' id='word_1_457' title='bbox 1029 3469 1294 3541; x_wconf 85' lang='grc' dir='ltr'>παρέχειν</span> <span class='ocrx_word' id='word_1_458' title='bbox 1323 3475 1435 3537; x_wconf 88' lang='grc' dir='ltr'>τοῖς</span> <span class='ocrx_word' id='word_1_459' title='bbox 1459 3474 1860 3549; x_wconf 79' lang='grc' dir='ltr'>δικαζομένοις.</span> <span class='ocrx_word' id='word_1_460' title='bbox 1889 3480 1982 3546; x_wconf 83' lang='grc' dir='ltr'>Ἐς</span> 
     </span>
    </p>
   </div>
   <div class='ocr_carea' id='block_1_68' title="bbox 400 3558 1980 3644">
    <p class='ocr_par' dir='ltr' id='par_1_68' title="bbox 400 3558 1980 3644">
     <span class='ocr_line' id='line_1_68' title="bbox 400 3558 1980 3644; baseline 0.013 -35"><span class='ocrx_word' id='word_1_461' title='bbox 400 3559 501 3628; x_wconf 79' lang='grc' dir='ltr'><strong>την</strong></span> <span class='ocrx_word' id='word_1_462' title='bbox 536 3558 830 3628; x_wconf 72' lang='grc' dir='ltr'>ὑστεραίαν</span> <span class='ocrx_word' id='word_1_463' title='bbox 857 3559 914 3613; x_wconf 82' lang='grc' dir='ltr'>δὲ</span> <span class='ocrx_word' id='word_1_464' title='bbox 936 3562 965 3613; x_wconf 85' lang='grc' dir='ltr'><strong>ό</strong></span> <span class='ocrx_word' id='word_1_465' title='bbox 992 3563 1356 3636; x_wconf 84' lang='grc' dir='ltr'>Συργιάννης,</span> <span class='ocrx_word' id='word_1_466' title='bbox 1389 3569 1680 3638; x_wconf 87' lang='grc' dir='ltr'>γενόμενος</span> <span class='ocrx_word' id='word_1_467' title='bbox 1710 3574 1770 3626; x_wconf 74' lang='grc' dir='ltr'><strong>ὲν</strong></span> <span class='ocrx_word' id='word_1_468' title='bbox 1794 3576 1860 3644; x_wconf 81' lang='grc' dir='ltr'>τῇ</span> <span class='ocrx_word' id='word_1_469' title='bbox 1885 3575 1980 3629; x_wconf 81' lang='grc' dir='ltr'>τοῦ</span> 
     </span>
    </p>
   </div>
   <div class='ocr_carea' id='block_1_69' title="bbox 408 3650 1980 3738">
    <p class='ocr_par' dir='ltr' id='par_1_69' title="bbox 408 3650 1980 3738">
     <span class='ocr_line' id='line_1_69' title="bbox 408 3650 1980 3738; baseline 0.02 -39"><span class='ocrx_word' id='word_1_470' title='bbox 408 3650 646 3717; x_wconf 80' lang='grc' dir='ltr'>μεγάλου</span> <span class='ocrx_word' id='word_1_471' title='bbox 676 3650 1005 3722; x_wconf 72' lang='grc' dir='ltr'>ιομεστίκου</span> <span class='ocrx_word' id='word_1_472' title='bbox 1026 3654 1200 3726; x_wconf 76' lang='grc' dir='ltr'>οἰκίᾳ,</span> <span class='ocrx_word' id='word_1_473' title='bbox 1229 3655 1313 3710; x_wconf 86' lang='grc' dir='ltr'><strong>Τὰ</strong></span> <span class='ocrx_word' id='word_1_474' title='bbox 1343 3657 1441 3728; x_wconf 86' lang='grc' dir='ltr'>μὲν</span> <span class='ocrx_word' id='word_1_475' title='bbox 1466 3659 1525 3713; x_wconf 87' lang='grc' dir='ltr'>ὲν</span> <span class='ocrx_word' id='word_1_476' title='bbox 1551 3663 1617 3730; x_wconf 87' lang='grc' dir='ltr'><strong>τῇ</strong></span> <span class='ocrx_word' id='word_1_477' title='bbox 1652 3663 1980 3738; x_wconf 69' lang='grc' dir='ltr'>Χαλκιδικῇ,</span> 
     </span>
    </p>
   </div>
   <div class='ocr_carea' id='block_1_70' title="bbox 402 3742 1983 3821">
    <p class='ocr_par' dir='ltr' id='par_1_70' title="bbox 402 3742 1983 3821">
     <span class='ocr_line' id='line_1_70' title="bbox 402 3742 1983 3821; baseline 0.013 -30"><span class='ocrx_word' id='word_1_478' title='bbox 402 3742 529 3808; x_wconf 75' lang='grc' dir='ltr'>ἔφη,</span> <span class='ocrx_word' id='word_1_479' title='bbox 567 3743 835 3813; x_wconf 74' lang='grc' dir='ltr'>εἰρημένα</span> <span class='ocrx_word' id='word_1_480' title='bbox 866 3745 1002 3814; x_wconf 83' lang='grc' dir='ltr'>πρὸς</span> <span class='ocrx_word' id='word_1_481' title='bbox 1042 3746 1165 3817; x_wconf 64' lang='grc' dir='ltr'>ἐμὲ,</span> <span class='ocrx_word' id='word_1_482' title='bbox 1206 3746 1382 3817; x_wconf 81' lang='grc' dir='ltr'>πέρας</span> <span class='ocrx_word' id='word_1_483' title='bbox 1426 3748 1527 3820; x_wconf 71' lang='grc' dir='ltr'>ἤδη</span> <span class='ocrx_word' id='word_1_484' title='bbox 1579 3750 1741 3821; x_wconf 68' lang='grc' dir='ltr'>ἔσχεν</span> <span class='ocrx_word' id='word_1_485' title='bbox 1768 3770 1781 3785; x_wconf 91' lang='grc'><strong>·</strong></span> <span class='ocrx_word' id='word_1_486' title='bbox 1815 3754 1852 3809; x_wconf 76' lang='grc' dir='ltr'>ἃ</span> <span class='ocrx_word' id='word_1_487' title='bbox 1889 3757 1983 3811; x_wconf 75' lang='grc' dir='ltr'><strong>καὶ</strong></span> 
     </span>
    </p>
   </div>
   <div class='ocr_carea' id='block_1_71' title="bbox 406 3834 1984 3917">
    <p class='ocr_par' dir='ltr' id='par_1_71' title="bbox 406 3834 1984 3917">
     <span class='ocr_line' id='line_1_71' title="bbox 406 3834 1984 3917; baseline 0.013 -33"><span class='ocrx_word' id='word_1_488' title='bbox 406 3834 670 3905; x_wconf 73' lang='grc' dir='ltr'>πρότερον</span> <span class='ocrx_word' id='word_1_489' title='bbox 700 3838 1091 3908; x_wconf 82' lang='grc' dir='ltr'>πιστευόμενα,</span> <span class='ocrx_word' id='word_1_490' title='bbox 1136 3839 1235 3894; x_wconf 83' lang='grc' dir='ltr'>νῦν</span> <span class='ocrx_word' id='word_1_491' title='bbox 1280 3842 1484 3911; x_wconf 72' lang='grc' dir='ltr'>μᾶλλον</span> <span class='ocrx_word' id='word_1_492' title='bbox 1518 3843 1550 3914; x_wconf 83' lang='grc' dir='ltr'>ἢ</span> <span class='ocrx_word' id='word_1_493' title='bbox 1598 3846 1868 3917; x_wconf 79' lang='grc' dir='ltr'>πρότερον</span> <span class='ocrx_word' id='word_1_494' title='bbox 1890 3852 1984 3903; x_wconf 74' lang='grc' dir='ltr'><strong>ἐπὶ</strong></span> 
     </span>
    </p>
   </div>
   <div class='ocr_carea' id='block_1_72' title="bbox 403 3923 1983 4010">
    <p class='ocr_par' dir='ltr' id='par_1_72' title="bbox 403 3923 1983 4010">
     <span class='ocr_line' id='line_1_72' title="bbox 403 3923 1983 4010; baseline 0.011 -35"><span class='ocrx_word' id='word_1_495' title='bbox 403 3924 513 3977; x_wconf 83' lang='grc' dir='ltr'>τῶν</span> <span class='ocrx_word' id='word_1_496' title='bbox 541 3923 720 3994; x_wconf 77' lang='grc' dir='ltr'>ἔργων</span> <span class='ocrx_word' id='word_1_497' title='bbox 751 3926 947 3997; x_wconf 78' lang='grc' dir='ltr'>βέὸαια</span> <span class='ocrx_word' id='word_1_498' title='bbox 981 3931 1180 4002; x_wconf 76' lang='grc' dir='ltr'>ἐφάνη.</span> <span class='ocrx_word' id='word_1_499' title='bbox 1227 3933 1372 4002; x_wconf 83' lang='grc' dir='ltr'>Πρὸς</span> <span class='ocrx_word' id='word_1_500' title='bbox 1400 3935 1557 3988; x_wconf 83' lang='grc' dir='ltr'>οὐδὲν</span> <span class='ocrx_word' id='word_1_501' title='bbox 1591 3938 1701 4008; x_wconf 85' lang='grc' dir='ltr'>γὰρ</span> <span class='ocrx_word' id='word_1_502' title='bbox 1749 3941 1845 3992; x_wconf 77' lang='grc' dir='ltr'><strong>ἐπὶ</strong></span> <span class='ocrx_word' id='word_1_503' title='bbox 1884 3941 1983 4010; x_wconf 77' lang='grc' dir='ltr'>τῆς</span> 
     </span>
    </p>
   </div>
   <div class='ocr_carea' id='block_1_73' title="bbox 402 4015 1978 4100">
    <p class='ocr_par' dir='ltr' id='par_1_73' title="bbox 402 4015 1978 4100">
     <span class='ocr_line' id='line_1_73' title="bbox 402 4015 1978 4100; baseline 0.018 -34"><span class='ocrx_word' id='word_1_504' title='bbox 402 4015 558 4084; x_wconf 77' lang='grc' dir='ltr'>δίκης</span> <span class='ocrx_word' id='word_1_505' title='bbox 585 4018 803 4072; x_wconf 68' lang='grc' dir='ltr'>ἐναντία</span> <span class='ocrx_word' id='word_1_506' title='bbox 833 4023 1088 4090; x_wconf 81' lang='grc' dir='ltr'>πράττων</span> <span class='ocrx_word' id='word_1_507' title='bbox 1116 4024 1148 4094; x_wconf 80' lang='grc' dir='ltr'>ἢ</span> <span class='ocrx_word' id='word_1_508' title='bbox 1194 4023 1566 4096; x_wconf 80' lang='grc' dir='ltr'>φθεγγόμενος</span> <span class='ocrx_word' id='word_1_509' title='bbox 1599 4031 1722 4098; x_wconf 72' lang='grc' dir='ltr'>ἐμοὶ</span> <span class='ocrx_word' id='word_1_510' title='bbox 1743 4031 1978 4100; x_wconf 54' lang='grc' dir='ltr'>ἐφάνηςῖ</span> 
     </span>
    </p>
   </div>
   <div class='ocr_carea' id='block_1_74' title="bbox 404 4107 1985 4193">
    <p class='ocr_par' dir='ltr' id='par_1_74' title="bbox 404 4107 1985 4193">
     <span class='ocr_line' id='line_1_74' title="bbox 404 4107 1985 4193; baseline 0.011 -35"><span class='ocrx_word' id='word_1_511' title='bbox 404 4108 512 4160; x_wconf 74' lang='grc' dir='ltr'>ἔδει</span> <span class='ocrx_word' id='word_1_512' title='bbox 546 4107 604 4161; x_wconf 77' lang='grc' dir='ltr'>δὲ</span> <span class='ocrx_word' id='word_1_513' title='bbox 632 4109 756 4179; x_wconf 87' lang='grc' dir='ltr'>μηδ’</span> <span class='ocrx_word' id='word_1_514' title='bbox 776 4110 921 4166; x_wconf 78' lang='grc' dir='ltr'>οὕτω</span> <span class='ocrx_word' id='word_1_515' title='bbox 948 4114 1270 4169; x_wconf 85' lang='grc' dir='ltr'>παντάπασι</span> <span class='ocrx_word' id='word_1_516' title='bbox 1328 4117 1712 4173; x_wconf 80' lang='grc' dir='ltr'>κινδυνεύοντα</span> <span class='ocrx_word' id='word_1_517' title='bbox 1741 4120 1985 4193; x_wconf 76' lang='grc' dir='ltr'>ἀϐοήθη-</span> 
     </span>
    </p>
   </div>
   <div class='ocr_carea' id='block_1_75' title="bbox 403 4200 1982 4277">
    <p class='ocr_par' dir='ltr' id='par_1_75' title="bbox 403 4200 1982 4277">
     <span class='ocr_line' id='line_1_75' title="bbox 403 4200 1982 4277; baseline 0.011 -28"><span class='ocrx_word' id='word_1_518' title='bbox 403 4214 495 4251; x_wconf 80' lang='grc' dir='ltr'><strong>τον</strong></span> <span class='ocrx_word' id='word_1_519' title='bbox 535 4200 875 4256; x_wconf 78' lang='grc' dir='ltr'>καταλιπεῖν.</span> <span class='ocrx_word' id='word_1_520' title='bbox 931 4204 1072 4259; x_wconf 73' lang='grc' dir='ltr'>Νυνὶ</span> <span class='ocrx_word' id='word_1_521' title='bbox 1124 4204 1182 4259; x_wconf 64' lang='grc' dir='ltr'>δὲ</span> <span class='ocrx_word' id='word_1_522' title='bbox 1228 4204 1466 4276; x_wconf 81' lang='grc' dir='ltr'>μάλιστα</span> <span class='ocrx_word' id='word_1_523' title='bbox 1500 4208 1982 4277; x_wconf 67' lang='grc' dir='ltr'>ἀναγκαίως-ἑπι-</span> 
     </span>
    </p>
   </div>
   <div class='ocr_carea' id='block_1_76' title="bbox 404 4294 1985 4371">
    <p class='ocr_par' dir='ltr' id='par_1_76' title="bbox 404 4294 1985 4371">
     <span class='ocr_line' id='line_1_76' title="bbox 404 4294 1985 4371; baseline 0.008 -25"><span class='ocrx_word' id='word_1_524' title='bbox 404 4294 633 4362; x_wconf 78' lang='grc' dir='ltr'>κουρίας</span> <span class='ocrx_word' id='word_1_525' title='bbox 690 4294 933 4366; x_wconf 73' lang='grc' dir='ltr'>δεομένῳ</span> <span class='ocrx_word' id='word_1_526' title='bbox 987 4297 1064 4369; x_wconf 80' lang='grc' dir='ltr'>μὴ</span> <span class='ocrx_word' id='word_1_527' title='bbox 1114 4301 1383 4371; x_wconf 76' lang='grc' dir='ltr'>περιιδεῖν</span> <span class='ocrx_word' id='word_1_528' title='bbox 1444 4302 1803 4370; x_wconf 78' lang='grc' dir='ltr'>παρακαλῶ,</span> <span class='ocrx_word' id='word_1_529' title='bbox 1862 4305 1985 4358; x_wconf 78' lang='grc' dir='ltr'>ἀλλ’</span> 
     </span>
    </p>
   </div>
   <div class='ocr_carea' id='block_1_77' title="bbox 403 4383 1985 4462">
    <p class='ocr_par' dir='ltr' id='par_1_77' title="bbox 403 4383 1985 4462">
     <span class='ocr_line' id='line_1_77' title="bbox 403 4383 1985 4462; baseline 0.008 -28"><span class='ocrx_word' id='word_1_530' title='bbox 403 4383 497 4435; x_wconf 70' lang='grc' dir='ltr'><strong>ἐπὶ</strong></span> <span class='ocrx_word' id='word_1_531' title='bbox 559 4384 674 4445; x_wconf 84' lang='grc' dir='ltr'>τοῖς</span> <span class='ocrx_word' id='word_1_532' title='bbox 733 4385 998 4457; x_wconf 81' lang='grc' dir='ltr'>πρότερον</span> <span class='ocrx_word' id='word_1_533' title='bbox 1051 4387 1469 4457; x_wconf 71' lang='grc' dir='ltr'>ἡμαρτημένοις</span> <span class='ocrx_word' id='word_1_534' title='bbox 1492 4390 1831 4462; x_wconf 82' lang='grc' dir='ltr'>συγγνώμην</span> <span class='ocrx_word' id='word_1_535' title='bbox 1879 4410 1985 4447; x_wconf 87' lang='grc' dir='ltr'>πα-</span> 
     </span>
    </p>
   </div>
   <div class='ocr_carea' id='block_1_78' title="bbox 407 4474 1984 4553">
    <p class='ocr_par' dir='ltr' id='par_1_78' title="bbox 407 4474 1984 4553">
     <span class='ocr_line' id='line_1_78' title="bbox 407 4474 1984 4553; baseline 0.008 -26"><span class='ocrx_word' id='word_1_536' title='bbox 407 4474 709 4545; x_wconf 82' lang='grc' dir='ltr'>ρασχόντα,</span> <span class='ocrx_word' id='word_1_537' title='bbox 776 4475 994 4548; x_wconf 75' lang='grc' dir='ltr'>βοηθεῖν</span> <span class='ocrx_word' id='word_1_538' title='bbox 1045 4479 1118 4532; x_wconf 80' lang='grc' dir='ltr'>τὰ</span> <span class='ocrx_word' id='word_1_539' title='bbox 1179 4479 1405 4535; x_wconf 79' lang='grc' dir='ltr'>δυνατά.</span> <span class='ocrx_word' id='word_1_540' title='bbox 1481 4480 1698 4552; x_wconf 87' lang='grc' dir='ltr'>ᾘτεῖτό</span> <span class='ocrx_word' id='word_1_541' title='bbox 1755 4498 1816 4537; x_wconf 84' lang='grc' dir='ltr'><strong>τε</strong></span> <span class='ocrx_word' id='word_1_542' title='bbox 1885 4485 1984 4553; x_wconf 84' lang='grc' dir='ltr'><strong>ὲγ-</strong></span> 
     </span>
    </p>
   </div>
   <div class='ocr_carea' id='block_1_79' title="bbox 2085 3365 3673 3437">
    <p class='ocr_par' dir='ltr' id='par_1_79' title="bbox 2085 3365 3673 3437">
     <span class='ocr_line' id='line_1_79' title="bbox 2085 3365 3673 3437; baseline -0.001 -15"><span class='ocrx_word' id='word_1_543' title='bbox 2085 3381 2204 3422; x_wconf 90' lang='lat' dir='ltr'><strong>oro.</strong></span> <span class='ocrx_word' id='word_1_544' title='bbox 2243 3365 2625 3423; x_wconf 86' lang='lat' dir='ltr'><strong>Contendebat</strong></span> <span class='ocrx_word' id='word_1_545' title='bbox 2657 3382 2787 3423; x_wconf 88' lang='lat' dir='ltr'><strong>vero</strong></span> <span class='ocrx_word' id='word_1_546' title='bbox 2826 3376 2888 3421; x_wconf 91' lang='lat' dir='ltr'><strong>ut</strong></span> <span class='ocrx_word' id='word_1_547' title='bbox 2916 3383 3017 3437; x_wconf 89' lang='lat' dir='ltr'><strong>pro</strong></span> <span class='ocrx_word' id='word_1_548' title='bbox 3047 3382 3106 3423; x_wconf 88' lang='lat' dir='ltr'><strong>se</strong></span> <span class='ocrx_word' id='word_1_549' title='bbox 3140 3366 3468 3435; x_wconf 76' lang='lat' dir='ltr'><strong>lidejuberet</strong></span> <span class='ocrx_word' id='word_1_550' title='bbox 3495 3367 3673 3421; x_wconf 89' lang='lat' dir='ltr'><strong>donec</strong></span> 
     </span>
    </p>
   </div>
   <div class='ocr_carea' id='block_1_80' title="bbox 2084 3453 3672 3524">
    <p class='ocr_par' dir='ltr' id='par_1_80' title="bbox 2084 3453 3672 3524">
     <span class='ocr_line' id='line_1_80' title="bbox 2084 3453 3672 3524; baseline -0.001 -16"><span class='ocrx_word' id='word_1_551' title='bbox 2084 3454 2262 3510; x_wconf 88' lang='lat' dir='ltr'><strong>vocati</strong></span> <span class='ocrx_word' id='word_1_552' title='bbox 2320 3453 2522 3523; x_wconf 89' lang='lat' dir='ltr'><strong>quibus</strong></span> <span class='ocrx_word' id='word_1_553' title='bbox 2580 3454 2799 3524; x_wconf 85' lang='lat' dir='ltr'><strong>egebat,</strong></span> <span class='ocrx_word' id='word_1_554' title='bbox 2861 3463 3032 3510; x_wconf 87' lang='lat' dir='ltr'><strong>testes</strong></span> <span class='ocrx_word' id='word_1_555' title='bbox 3078 3453 3359 3510; x_wconf 80' lang='lat' dir='ltr'><strong>adessent.</strong></span> <span class='ocrx_word' id='word_1_556' title='bbox 3408 3454 3672 3509; x_wconf 82' lang='lat' dir='ltr'><strong>Promisit</strong></span> 
     </span>
    </p>
   </div>
   <div class='ocr_carea' id='block_1_81' title="bbox 2086 3545 3672 3617">
    <p class='ocr_par' dir='ltr' id='par_1_81' title="bbox 2086 3545 3672 3617">
     <span class='ocr_line' id='line_1_81' title="bbox 2086 3545 3672 3617; baseline -0.001 -16"><span class='ocrx_word' id='word_1_557' title='bbox 2086 3562 2318 3617; x_wconf 86' lang='lat' dir='ltr'><strong>magnus</strong></span> <span class='ocrx_word' id='word_1_558' title='bbox 2363 3545 2702 3602; x_wconf 89' lang='lat' dir='ltr'><strong>domesticus</strong></span> <span class='ocrx_word' id='word_1_559' title='bbox 2760 3546 2999 3601; x_wconf 88' lang='lat' dir='ltr'><strong>libenter</strong></span> <span class='ocrx_word' id='word_1_560' title='bbox 3050 3545 3327 3601; x_wconf 82' lang='lat' dir='ltr'><strong>iacturum</strong></span> <span class='ocrx_word' id='word_1_561' title='bbox 3363 3561 3485 3616; x_wconf 72' lang='lat' dir='ltr'><strong>qua:</strong></span> <span class='ocrx_word' id='word_1_562' title='bbox 3518 3555 3672 3615; x_wconf 85' lang='lat' dir='ltr'><strong>pete-</strong></span> 
     </span>
    </p>
   </div>
   <div class='ocr_carea' id='block_1_82' title="bbox 2084 3636 3707 3711">
    <p class='ocr_par' dir='ltr' id='par_1_82' title="bbox 2084 3636 3707 3711">
     <span class='ocr_line' id='line_1_82' title="bbox 2084 3636 3707 3711; baseline -0.003 -14"><span class='ocrx_word' id='word_1_563' title='bbox 2084 3651 2211 3706; x_wconf 84' lang='lat' dir='ltr'><strong>ret;</strong></span> <span class='ocrx_word' id='word_1_564' title='bbox 2260 3640 2350 3694; x_wconf 87' lang='lat' dir='ltr'><strong>ille</strong></span> <span class='ocrx_word' id='word_1_565' title='bbox 2382 3638 2755 3710; x_wconf 81' lang='lat' dir='ltr'><strong>singularibus</strong></span> <span class='ocrx_word' id='word_1_566' title='bbox 2794 3639 2933 3694; x_wconf 84' lang='lat' dir='ltr'><strong>actis</strong></span> <span class='ocrx_word' id='word_1_567' title='bbox 2966 3640 3158 3711; x_wconf 72' lang='lat' dir='ltr'><strong>gratiis</strong></span> <span class='ocrx_word' id='word_1_568' title='bbox 3190 3639 3464 3696; x_wconf 88' lang='lat' dir='ltr'><strong>discessit.</strong></span> <span class='ocrx_word' id='word_1_569' title='bbox 3499 3636 3707 3693; x_wconf 68' lang='grc' dir='ltr'>ϐίοιο-⁸</span> 
     </span>
    </p>
   </div>
   <div class='ocr_carea' id='block_1_83' title="bbox 2086 3731 3669 3804">
    <p class='ocr_par' dir='ltr' id='par_1_83' title="bbox 2086 3731 3669 3804">
     <span class='ocr_line' id='line_1_83' title="bbox 2086 3731 3669 3804; baseline -0.003 -16"><span class='ocrx_word' id='word_1_570' title='bbox 2086 3750 2206 3788; x_wconf 89' lang='lat' dir='ltr'><strong>rum</strong></span> <span class='ocrx_word' id='word_1_571' title='bbox 2258 3740 2447 3794; x_wconf 87' lang='lat' dir='ltr'><strong>noctu,</strong></span> <span class='ocrx_word' id='word_1_572' title='bbox 2502 3731 2827 3802; x_wconf 88' lang='lat' dir='ltr'><strong>priusquam</strong></span> <span class='ocrx_word' id='word_1_573' title='bbox 2860 3734 3177 3801; x_wconf 88' lang='lat' dir='ltr'><strong>satisdaret,</strong></span> <span class='ocrx_word' id='word_1_574' title='bbox 3210 3733 3473 3804; x_wconf 80' lang='lat' dir='ltr'><strong>Byzantio</strong></span> <span class='ocrx_word' id='word_1_575' title='bbox 3505 3747 3669 3802; x_wconf 85' lang='lat' dir='ltr'><strong>quam</strong></span> 
     </span>
    </p>
   </div>
   <div class='ocr_carea' id='block_1_84' title="bbox 2086 3827 3670 3903">
    <p class='ocr_par' dir='ltr' id='par_1_84' title="bbox 2086 3827 3670 3903">
     <span class='ocr_line' id='line_1_84' title="bbox 2086 3827 3670 3903; baseline -0.002 -21"><span class='ocrx_word' id='word_1_576' title='bbox 2086 3830 2264 3898; x_wconf 92' lang='lat' dir='ltr'><strong>potuit</strong></span> <span class='ocrx_word' id='word_1_577' title='bbox 2322 3831 2697 3889; x_wconf 87' lang='lat' dir='ltr'><strong>occultissime</strong></span> <span class='ocrx_word' id='word_1_578' title='bbox 2762 3830 3013 3887; x_wconf 85' lang='lat' dir='ltr'><strong>Galatam</strong></span> <span class='ocrx_word' id='word_1_579' title='bbox 3070 3827 3382 3901; x_wconf 85' lang='lat' dir='ltr'><strong>trajiciens,</strong></span> <span class='ocrx_word' id='word_1_580' title='bbox 3438 3836 3555 3903; x_wconf 83' lang='lat' dir='ltr'><strong>tuto</strong></span> <span class='ocrx_word' id='word_1_581' title='bbox 3612 3842 3670 3880; x_wconf 88' lang='lat' dir='ltr'><strong>se</strong></span> 
     </span>
    </p>
   </div>
   <div class='ocr_carea' id='block_1_85' title="bbox 2083 3918 3669 3993">
    <p class='ocr_par' dir='ltr' id='par_1_85' title="bbox 2083 3918 3669 3993">
     <span class='ocr_line' id='line_1_85' title="bbox 2083 3918 3669 3993; baseline -0.003 -20"><span class='ocrx_word' id='word_1_582' title='bbox 2083 3919 2393 3975; x_wconf 85' lang='lat' dir='ltr'><strong>abscondit.</strong></span> <span class='ocrx_word' id='word_1_583' title='bbox 2445 3920 2548 3976; x_wconf 88' lang='lat' dir='ltr'><strong>Ubi</strong></span> <span class='ocrx_word' id='word_1_584' title='bbox 2595 3937 2784 3977; x_wconf 87' lang='lat' dir='ltr'><strong>rumor</strong></span> <span class='ocrx_word' id='word_1_585' title='bbox 2829 3921 3128 3993; x_wconf 88' lang='lat' dir='ltr'><strong>dissipatus</strong></span> <span class='ocrx_word' id='word_1_586' title='bbox 3172 3929 3277 3984; x_wconf 91' lang='lat' dir='ltr'><strong>est,</strong></span> <span class='ocrx_word' id='word_1_587' title='bbox 3308 3918 3669 3990; x_wconf 80' lang='lat' dir='ltr'><strong>Syrgiannem</strong></span> 
     </span>
    </p>
   </div>
   <div class='ocr_carea' id='block_1_86' title="bbox 2085 4011 3779 4085">
    <p class='ocr_par' dir='ltr' id='par_1_86' title="bbox 2085 4011 3779 4085">
     <span class='ocr_line' id='line_1_86' title="bbox 2085 4011 3779 4085; baseline -0.002 -17"><span class='ocrx_word' id='word_1_588' title='bbox 2085 4013 2388 4084; x_wconf 76' lang='lat' dir='ltr'><strong>aufugisse,</strong></span> <span class='ocrx_word' id='word_1_589' title='bbox 2430 4015 2696 4073; x_wconf 85' lang='lat' dir='ltr'><strong>omnibus</strong></span> <span class='ocrx_word' id='word_1_590' title='bbox 2729 4016 2867 4072; x_wconf 88' lang='lat' dir='ltr'><strong>locis</strong></span> <span class='ocrx_word' id='word_1_591' title='bbox 2902 4013 3305 4085; x_wconf 80' lang='lat' dir='ltr'><strong>pervestigatis,</strong></span> <span class='ocrx_word' id='word_1_592' title='bbox 3346 4011 3669 4082; x_wconf 84' lang='lat' dir='ltr'><strong>inquireba-</strong></span> <span class='ocrx_word' id='word_1_593' title='bbox 3776 4016 3779 4019; x_wconf 66' lang='lat'><em>‘</em></span> 
     </span>
    </p>
   </div>
   <div class='ocr_carea' id='block_1_87' title="bbox 2087 4103 3667 4179">
    <p class='ocr_par' dir='ltr' id='par_1_87' title="bbox 2087 4103 3667 4179">
     <span class='ocr_line' id='line_1_87' title="bbox 2087 4103 3667 4179; baseline -0.001 -20"><span class='ocrx_word' id='word_1_594' title='bbox 2087 4114 2194 4159; x_wconf 76' lang='lat' dir='ltr'><strong>tur.</strong></span> <span class='ocrx_word' id='word_1_595' title='bbox 2258 4106 2395 4162; x_wconf 85' lang='lat' dir='ltr'><strong>Cum</strong></span> <span class='ocrx_word' id='word_1_596' title='bbox 2452 4108 2687 4179; x_wconf 75' lang='lat' dir='ltr'><strong>angulus</strong></span> <span class='ocrx_word' id='word_1_597' title='bbox 2743 4108 2928 4162; x_wconf 85' lang='lat' dir='ltr'><strong>nullus</strong></span> <span class='ocrx_word' id='word_1_598' title='bbox 2992 4116 3230 4163; x_wconf 81' lang='lat' dir='ltr'><strong>restaret</strong></span> <span class='ocrx_word' id='word_1_599' title='bbox 3290 4105 3382 4160; x_wconf 89' lang='lat' dir='ltr'><strong>ubi</strong></span> <span class='ocrx_word' id='word_1_600' title='bbox 3430 4103 3667 4174; x_wconf 77' lang='lat' dir='ltr'><strong>amplius</strong></span> 
     </span>
    </p>
   </div>
   <div class='ocr_carea' id='block_1_88' title="bbox 2082 4197 3668 4271">
    <p class='ocr_par' dir='ltr' id='par_1_88' title="bbox 2082 4197 3668 4271">
     <span class='ocr_line' id='line_1_88' title="bbox 2082 4197 3668 4271; baseline -0.003 -18"><span class='ocrx_word' id='word_1_601' title='bbox 2082 4207 2447 4268; x_wconf 72' lang='lat' dir='ltr'><strong>quaereretur,</strong></span> <span class='ocrx_word' id='word_1_602' title='bbox 2497 4208 2653 4254; x_wconf 75' lang='lat' dir='ltr'><strong>ratus</strong></span> <span class='ocrx_word' id='word_1_603' title='bbox 2708 4202 3009 4270; x_wconf 84' lang='lat' dir='ltr'><strong>imperator</strong></span> <span class='ocrx_word' id='word_1_604' title='bbox 3062 4199 3445 4271; x_wconf 86' lang='lat' dir='ltr'><strong>indagatorum</strong></span> <span class='ocrx_word' id='word_1_605' title='bbox 3494 4197 3668 4269; x_wconf 79' lang='lat' dir='ltr'><strong>negli-</strong></span> 
     </span>
    </p>
   </div>
   <div class='ocr_carea' id='block_1_89' title="bbox 2083 4291 3668 4363">
    <p class='ocr_par' dir='ltr' id='par_1_89' title="bbox 2083 4291 3668 4363">
     <span class='ocr_line' id='line_1_89' title="bbox 2083 4291 3668 4363; baseline -0.001 -18"><span class='ocrx_word' id='word_1_606' title='bbox 2083 4294 2265 4362; x_wconf 84' lang='lat' dir='ltr'><strong>gentia</strong></span> <span class='ocrx_word' id='word_1_607' title='bbox 2323 4292 2593 4361; x_wconf 89' lang='lat' dir='ltr'><strong>elapsum,</strong></span> <span class='ocrx_word' id='word_1_608' title='bbox 2623 4309 2722 4363; x_wconf 88' lang='lat' dir='ltr'><strong>per</strong></span> <span class='ocrx_word' id='word_1_609' title='bbox 2756 4301 2930 4348; x_wconf 83' lang='lat' dir='ltr'><strong>semet</strong></span> <span class='ocrx_word' id='word_1_610' title='bbox 2990 4293 3269 4347; x_wconf 84' lang='lat' dir='ltr'><strong>hominem</strong></span> <span class='ocrx_word' id='word_1_611' title='bbox 3307 4306 3555 4362; x_wconf 81' lang='lat' dir='ltr'><strong>quaerere</strong></span> <span class='ocrx_word' id='word_1_612' title='bbox 3588 4291 3668 4345; x_wconf 84' lang='lat' dir='ltr'><strong>in-</strong></span> 
     </span>
    </p>
   </div>
   <div class='ocr_carea' id='block_1_90' title="bbox 2084 4382 3664 4455">
    <p class='ocr_par' dir='ltr' id='par_1_90' title="bbox 2084 4382 3664 4455">
     <span class='ocr_line' id='line_1_90' title="bbox 2084 4382 3664 4455; baseline -0.003 -15"><span class='ocrx_word' id='word_1_613' title='bbox 2084 4386 2285 4449; x_wconf 85' lang='lat' dir='ltr'><strong>stituit,</strong></span> <span class='ocrx_word' id='word_1_614' title='bbox 2313 4384 2677 4455; x_wconf 83' lang='lat' dir='ltr'><strong>Galatamque</strong></span> <span class='ocrx_word' id='word_1_615' title='bbox 2698 4399 2825 4440; x_wconf 90' lang='lat' dir='ltr'><strong>cum</strong></span> <span class='ocrx_word' id='word_1_616' title='bbox 2861 4385 3128 4441; x_wconf 77' lang='lat' dir='ltr'><strong>Romanis</strong></span> <span class='ocrx_word' id='word_1_617' title='bbox 3154 4382 3336 4439; x_wconf 89' lang='lat' dir='ltr'><strong>obviis</strong></span> <span class='ocrx_word' id='word_1_618' title='bbox 3362 4383 3664 4453; x_wconf 81' lang='lat' dir='ltr'><strong>profectus,</strong></span> 
     </span>
    </p>
   </div>
   <div class='ocr_carea' id='block_1_91' title="bbox 2084 4475 3668 4550">
    <p class='ocr_par' dir='ltr' id='par_1_91' title="bbox 2084 4475 3668 4550">
     <span class='ocr_line' id='line_1_91' title="bbox 2084 4475 3668 4550; baseline -0.003 -16"><span class='ocrx_word' id='word_1_619' title='bbox 2084 4478 2346 4550; x_wconf 89' lang='lat' dir='ltr'><strong>quoniam</strong></span> <span class='ocrx_word' id='word_1_620' title='bbox 2403 4477 2582 4534; x_wconf 75' lang='lat' dir='ltr'><strong>Latini</strong></span> <span class='ocrx_word' id='word_1_621' title='bbox 2629 4478 2684 4534; x_wconf 89' lang='lat' dir='ltr'><strong>id</strong></span> <span class='ocrx_word' id='word_1_622' title='bbox 2716 4490 2976 4534; x_wconf 86' lang='lat' dir='ltr'><strong>recusare</strong></span> <span class='ocrx_word' id='word_1_623' title='bbox 3008 4492 3120 4534; x_wconf 90' lang='lat' dir='ltr'><strong>non</strong></span> <span class='ocrx_word' id='word_1_624' title='bbox 3155 4484 3436 4548; x_wconf 86' lang='lat' dir='ltr'><strong>poterant,</strong></span> <span class='ocrx_word' id='word_1_625' title='bbox 3474 4475 3668 4530; x_wconf 89' lang='lat' dir='ltr'><strong>domos</strong></span> 
     </span>
    </p>
   </div>
   <div class='ocr_carea' id='block_1_92' title="bbox 405 4566 1983 4647">
    <p class='ocr_par' dir='ltr' id='par_1_92' title="bbox 405 4569 1982 4647">
     <span class='ocr_line' id='line_1_92' title="bbox 405 4569 1982 4647; baseline 0.008 -26"><span class='ocrx_word' id='word_1_626' title='bbox 405 4569 541 4637; x_wconf 84' lang='grc' dir='ltr'>γύας</span> <span class='ocrx_word' id='word_1_627' title='bbox 593 4571 896 4641; x_wconf 84' lang='grc' dir='ltr'>παρασχεῖν</span> <span class='ocrx_word' id='word_1_628' title='bbox 935 4570 1076 4642; x_wconf 82' lang='grc' dir='ltr'>ὑπὲρ</span> <span class='ocrx_word' id='word_1_629' title='bbox 1103 4571 1293 4637; x_wconf 78' lang='grc' dir='ltr'>αὐτοῦ,</span> <span class='ocrx_word' id='word_1_630' title='bbox 1347 4573 1510 4646; x_wconf 75' lang='grc' dir='ltr'>ἄχρις</span> <span class='ocrx_word' id='word_1_631' title='bbox 1553 4574 1621 4629; x_wconf 78' lang='grc' dir='ltr'><strong>ἂν</strong></span> <span class='ocrx_word' id='word_1_632' title='bbox 1652 4576 1876 4647; x_wconf 82' lang='grc' dir='ltr'>πέμψας</span> <span class='ocrx_word' id='word_1_633' title='bbox 1906 4571 1982 4634; x_wconf 77' lang='grc' dir='ltr'>ὧν</span> 
     </span>
    </p>
   </div>
   <div class='ocr_carea' id='block_1_93' title="bbox 2087 4566 3641 4647">
    <p class='ocr_par' dir='ltr' id='par_1_93' title="bbox 2087 4566 3641 4643">
     <span class='ocr_line' id='line_1_93' title="bbox 2087 4566 3641 4643; baseline -0.005 -15"><span class='ocrx_word' id='word_1_634' title='bbox 2087 4572 2331 4643; x_wconf 84' lang='lat' dir='ltr'><strong>singulas</strong></span> <span class='ocrx_word' id='word_1_635' title='bbox 2354 4579 2762 4641; x_wconf 89' lang='lat' dir='ltr'><strong>perscrutatum</strong></span> <span class='ocrx_word' id='word_1_636' title='bbox 2798 4571 2973 4627; x_wconf 87' lang='lat' dir='ltr'><strong>misit.</strong></span> <span class='ocrx_word' id='word_1_637' title='bbox 3005 4571 3098 4626; x_wconf 91' lang='lat' dir='ltr'><strong>llle</strong></span> <span class='ocrx_word' id='word_1_638' title='bbox 3162 4584 3294 4625; x_wconf 80' lang='lat' dir='ltr'><strong>vero</strong></span> <span class='ocrx_word' id='word_1_639' title='bbox 3323 4569 3482 4640; x_wconf 88' lang='lat' dir='ltr'><strong>quasi</strong></span> <span class='ocrx_word' id='word_1_640' title='bbox 3512 4566 3641 4623; x_wconf 89' lang='lat' dir='ltr'><strong>Orci</strong></span> 
     </span>
    </p>
   </div>
   <div class='ocr_carea' id='block_1_94' title="bbox 403 4662 1984 4742">
    <p class='ocr_par' dir='ltr' id='par_1_94' title="bbox 403 4662 1984 4742">
     <span class='ocr_line' id='line_1_94' title="bbox 403 4662 1984 4742; baseline 0.006 -28"><span class='ocrx_word' id='word_1_641' title='bbox 403 4662 574 4715; x_wconf 80' lang='grc' dir='ltr'>δέοιτο</span> <span class='ocrx_word' id='word_1_642' title='bbox 587 4662 869 4733; x_wconf 83' lang='grc' dir='ltr'>μάρτυρας</span> <span class='ocrx_word' id='word_1_643' title='bbox 885 4663 1108 4732; x_wconf 88' lang='grc' dir='ltr'>ἀγάγοι.</span> <span class='ocrx_word' id='word_1_644' title='bbox 1149 4664 1654 4737; x_wconf 84' lang='grc' dir='ltr'>Ἐπαγγειλαμένου</span> <span class='ocrx_word' id='word_1_645' title='bbox 1689 4669 1747 4724; x_wconf 76' lang='grc' dir='ltr'>δὲ</span> <span class='ocrx_word' id='word_1_646' title='bbox 1779 4672 1984 4742; x_wconf 86' lang='grc' dir='ltr'>προθύ-</span> 
     </span>
    </p>
   </div>
   <div class='ocr_carea' id='block_1_95' title="bbox 409 4753 1982 4830">
    <p class='ocr_par' dir='ltr' id='par_1_95' title="bbox 409 4753 1982 4830">
     <span class='ocr_line' id='line_1_95' title="bbox 409 4753 1982 4830; baseline 0.006 -23"><span class='ocrx_word' id='word_1_647' title='bbox 409 4771 524 4825; x_wconf 87' lang='grc' dir='ltr'><strong>μως</strong></span> <span class='ocrx_word' id='word_1_648' title='bbox 554 4753 592 4808; x_wconf 74' lang='grc' dir='ltr'><strong>ἀ</strong></span> <span class='ocrx_word' id='word_1_649' title='bbox 621 4754 801 4825; x_wconf 68' lang='grc' dir='ltr'>ᾐτεῖτο</span> <span class='ocrx_word' id='word_1_650' title='bbox 829 4755 1234 4826; x_wconf 78' lang='grc' dir='ltr'>ὲκπληρώσειν,</span> <span class='ocrx_word' id='word_1_651' title='bbox 1274 4759 1495 4813; x_wconf 75' lang='grc' dir='ltr'>ἐκεῖθεν</span> <span class='ocrx_word' id='word_1_652' title='bbox 1519 4759 1619 4830; x_wconf 79' lang='grc' dir='ltr'>μὲν</span> <span class='ocrx_word' id='word_1_653' title='bbox 1654 4761 1854 4826; x_wconf 81' lang='grc' dir='ltr'>πολλὰς</span> <span class='ocrx_word' id='word_1_654' title='bbox 1883 4764 1982 4818; x_wconf 81' lang='grc' dir='ltr'><strong>αὐ-</strong></span> 
     </span>
    </p>
   </div>
   <div class='ocr_carea' id='block_1_96' title="bbox 403 4844 2018 4927">
    <p class='ocr_par' dir='ltr' id='par_1_96' title="bbox 403 4844 2018 4927">
     <span class='ocr_line' id='line_1_96' title="bbox 403 4844 2018 4927; baseline 0.01 -32"><span class='ocrx_word' id='word_1_655' title='bbox 403 4846 482 4913; x_wconf 80' lang='grc' dir='ltr'>τῷ</span> <span class='ocrx_word' id='word_1_656' title='bbox 544 4844 772 4916; x_wconf 85' lang='grc' dir='ltr'>χάριτας</span> <span class='ocrx_word' id='word_1_657' title='bbox 806 4847 1154 4919; x_wconf 78' lang='grc' dir='ltr'>ἀνεχώρησεν</span> <span class='ocrx_word' id='word_1_658' title='bbox 1205 4849 1508 4919; x_wconf 83' lang='grc' dir='ltr'>ὁμολογῶν.</span> <span class='ocrx_word' id='word_1_659' title='bbox 1553 4852 2018 4927; x_wconf 59' lang='grc' dir='ltr'>Ἐπιγενομένηςι</span> 
     </span>
    </p>
   </div>
   <div class='ocr_carea' id='block_1_97' title="bbox 404 4940 1980 5020">
    <p class='ocr_par' dir='ltr' id='par_1_97' title="bbox 404 4940 1980 5020">
     <span class='ocr_line' id='line_1_97' title="bbox 404 4940 1980 5020; baseline 0.006 -27"><span class='ocrx_word' id='word_1_660' title='bbox 404 4940 459 4993; x_wconf 77' lang='grc' dir='ltr'>δὲ</span> <span class='ocrx_word' id='word_1_661' title='bbox 481 4940 671 5003; x_wconf 77' lang='grc' dir='ltr'>νυκτὸς</span> <span class='ocrx_word' id='word_1_662' title='bbox 688 4944 752 4995; x_wconf 79' lang='grc' dir='ltr'>ὲκ</span> <span class='ocrx_word' id='word_1_663' title='bbox 776 4940 1078 5005; x_wconf 79' lang='grc' dir='ltr'>Βυζαντίου</span> <span class='ocrx_word' id='word_1_664' title='bbox 1107 4942 1182 5006; x_wconf 85' lang='grc' dir='ltr'><strong>ὡς</strong></span> <span class='ocrx_word' id='word_1_665' title='bbox 1209 4943 1444 5013; x_wconf 86' lang='grc' dir='ltr'>μάλιστα</span> <span class='ocrx_word' id='word_1_666' title='bbox 1473 4945 1599 5016; x_wconf 78' lang='grc' dir='ltr'>ἐνῆν</span> <span class='ocrx_word' id='word_1_667' title='bbox 1616 4946 1818 5013; x_wconf 83' lang='grc' dir='ltr'>λαθὼν,</span> <span class='ocrx_word' id='word_1_668' title='bbox 1850 4950 1980 5020; x_wconf 76' lang='grc' dir='ltr'>πρὶν</span> 
     </span>
    </p>
   </div>
   <div class='ocr_carea' id='block_1_98' title="bbox 408 5036 1980 5110">
    <p class='ocr_par' dir='ltr' id='par_1_98' title="bbox 408 5036 1980 5110">
     <span class='ocr_line' id='line_1_98' title="bbox 408 5036 1980 5110; baseline 0.006 -24"><span class='ocrx_word' id='word_1_669' title='bbox 408 5036 607 5102; x_wconf 78' lang='grc' dir='ltr'>ἐγγύας</span> <span class='ocrx_word' id='word_1_670' title='bbox 639 5038 962 5106; x_wconf 84' lang='grc' dir='ltr'>παρασχεῖν,</span> <span class='ocrx_word' id='word_1_671' title='bbox 1010 5037 1091 5099; x_wconf 85' lang='grc' dir='ltr'><strong>είς</strong></span> <span class='ocrx_word' id='word_1_672' title='bbox 1117 5036 1361 5090; x_wconf 84' lang='grc' dir='ltr'>Γαλατᾶν</span> <span class='ocrx_word' id='word_1_673' title='bbox 1382 5038 1718 5110; x_wconf 82' lang='grc' dir='ltr'>ἐπεραιώθη,</span> <span class='ocrx_word' id='word_1_674' title='bbox 1756 5042 1852 5096; x_wconf 74' lang='grc' dir='ltr'><strong>καὶ</strong></span> <span class='ocrx_word' id='word_1_675' title='bbox 1880 5060 1980 5097; x_wconf 87' lang='grc' dir='ltr'><strong>κα-</strong></span> 
     </span>
    </p>
   </div>
   <div class='ocr_carea' id='block_1_99' title="bbox 406 5129 1973 5205">
    <p class='ocr_par' dir='ltr' id='par_1_99' title="bbox 406 5129 1973 5205">
     <span class='ocr_line' id='line_1_99' title="bbox 406 5129 1973 5205; baseline 0.002 -23"><span class='ocrx_word' id='word_1_676' title='bbox 406 5129 671 5198; x_wconf 74' lang='grc' dir='ltr'>τέκρυψεν</span> <span class='ocrx_word' id='word_1_677' title='bbox 706 5129 898 5183; x_wconf 72' lang='grc' dir='ltr'>ἑαυτὸν</span> <span class='ocrx_word' id='word_1_678' title='bbox 926 5133 984 5183; x_wconf 74' lang='grc' dir='ltr'>ἐν</span> <span class='ocrx_word' id='word_1_679' title='bbox 1012 5132 1267 5199; x_wconf 80' lang='grc' dir='ltr'>ἀσφαλεῖ.</span> <span class='ocrx_word' id='word_1_680' title='bbox 1317 5133 1470 5187; x_wconf 76' lang='grc' dir='ltr'>Ἐπεὶ</span> <span class='ocrx_word' id='word_1_681' title='bbox 1506 5132 1567 5186; x_wconf 83' lang='grc' dir='ltr'>δὲ</span> <span class='ocrx_word' id='word_1_682' title='bbox 1613 5133 1973 5205; x_wconf 70' lang='grc' dir='ltr'>διεθρυλλήθη</span> 
     </span>
    </p>
   </div>
   <div class='ocr_carea' id='block_1_100' title="bbox 407 5220 1975 5296">
    <p class='ocr_par' dir='ltr' id='par_1_100' title="bbox 407 5220 1975 5296">
     <span class='ocr_line' id='line_1_100' title="bbox 407 5220 1975 5296; baseline 0.004 -24"><span class='ocrx_word' id='word_1_683' title='bbox 407 5220 831 5292; x_wconf 81' lang='grc' dir='ltr'>ἀποδεδρακέναι</span> <span class='ocrx_word' id='word_1_684' title='bbox 877 5222 1239 5294; x_wconf 84' lang='grc' dir='ltr'>Συργιάννην,</span> <span class='ocrx_word' id='word_1_685' title='bbox 1300 5224 1476 5278; x_wconf 80' lang='grc' dir='ltr'>πάντα</span> <span class='ocrx_word' id='word_1_686' title='bbox 1536 5228 1797 5296; x_wconf 77' lang='grc' dir='ltr'>χρήματα</span> <span class='ocrx_word' id='word_1_687' title='bbox 1853 5225 1975 5294; x_wconf 78' lang='grc' dir='ltr'><strong>ἐξη-</strong></span> 
     </span>
    </p>
   </div>
   <div class='ocr_carea' id='block_1_101' title="bbox 2081 4660 3665 4737">
    <p class='ocr_par' dir='ltr' id='par_1_101' title="bbox 2081 4660 3665 4737">
     <span class='ocr_line' id='line_1_101' title="bbox 2081 4660 3665 4737; baseline -0.003 -17"><span class='ocrx_word' id='word_1_688' title='bbox 2081 4666 2290 4737; x_wconf 84' lang='lat' dir='ltr'><strong>galeam</strong></span> <span class='ocrx_word' id='word_1_689' title='bbox 2337 4663 2604 4719; x_wconf 75' lang='lat' dir='ltr'><strong>subiisitet</strong></span> <span class='ocrx_word' id='word_1_690' title='bbox 2630 4663 2765 4734; x_wconf 81' lang='lat' dir='ltr'><strong>(l9),</strong></span> <span class='ocrx_word' id='word_1_691' title='bbox 2812 4680 3083 4735; x_wconf 84' lang='lat' dir='ltr'><strong>nusquam</strong></span> <span class='ocrx_word' id='word_1_692' title='bbox 3119 4662 3528 4719; x_wconf 87' lang='lat' dir='ltr'><strong>inveniebatur.</strong></span> <span class='ocrx_word' id='word_1_693' title='bbox 3555 4660 3665 4716; x_wconf 80' lang='lat' dir='ltr'><strong>Ta-</strong></span> 
     </span>
    </p>
   </div>
   <div class='ocr_carea' id='block_1_102' title="bbox 2084 4738 3666 4828">
    <p class='ocr_par' dir='ltr' id='par_1_102' title="bbox 2084 4738 3666 4828">
     <span class='ocr_line' id='line_1_102' title="bbox 2084 4738 3666 4828; baseline -0.003 -16"><span class='ocrx_word' id='word_1_694' title='bbox 2084 4774 2210 4813; x_wconf 85' lang='lat' dir='ltr'><strong>men</strong></span> <span class='ocrx_word' id='word_1_695' title='bbox 2261 4755 2463 4813; x_wconf 62' lang='lat' dir='ltr'><strong>Galatae</strong></span> <span class='ocrx_word' id='word_1_696' title='bbox 2516 4756 2571 4811; x_wconf 94' lang='lat' dir='ltr'><strong>in</strong></span> <span class='ocrx_word' id='word_1_697' title='bbox 2618 4757 2714 4810; x_wconf 86' lang='lat' dir='ltr'><strong>vili</strong></span> <span class='ocrx_word' id='word_1_698' title='bbox 2766 4738 2896 4813; x_wconf 74' lang='lat' dir='ltr'><strong>casa</strong></span> <span class='ocrx_word' id='word_1_699' title='bbox 2951 4758 3223 4826; x_wconf 83' lang='lat' dir='ltr'><strong>latitabat,</strong></span> <span class='ocrx_word' id='word_1_700' title='bbox 3255 4765 3422 4828; x_wconf 89' lang='lat' dir='ltr'><strong>atque</strong></span> <span class='ocrx_word' id='word_1_701' title='bbox 3455 4754 3666 4810; x_wconf 86' lang='lat' dir='ltr'><strong>idcirco</strong></span> 
     </span>
    </p>
   </div>
   <div class='ocr_carea' id='block_1_103' title="bbox 2082 4846 3666 4919">
    <p class='ocr_par' dir='ltr' id='par_1_103' title="bbox 2082 4846 3666 4919">
     <span class='ocr_line' id='line_1_103' title="bbox 2082 4846 3666 4919; baseline -0.004 -13"><span class='ocrx_word' id='word_1_702' title='bbox 2082 4851 2159 4906; x_wconf 89' lang='lat' dir='ltr'><strong>ibi</strong></span> <span class='ocrx_word' id='word_1_703' title='bbox 2194 4866 2303 4905; x_wconf 92' lang='lat' dir='ltr'><strong>non</strong></span> <span class='ocrx_word' id='word_1_704' title='bbox 2338 4857 2424 4904; x_wconf 85' lang='lat' dir='ltr'><strong>est</strong></span> <span class='ocrx_word' id='word_1_705' title='bbox 2453 4849 2717 4918; x_wconf 75' lang='lat' dir='ltr'><strong>quaesitus</strong></span> <span class='ocrx_word' id='word_1_706' title='bbox 2745 4866 2759 4901; x_wconf 92' lang='lat'>:</span> <span class='ocrx_word' id='word_1_707' title='bbox 2793 4848 2898 4903; x_wconf 81' lang='lat' dir='ltr'><strong>etsi</strong></span> <span class='ocrx_word' id='word_1_708' title='bbox 2929 4848 3190 4919; x_wconf 82' lang='lat' dir='ltr'><strong>dum&#39;per</strong></span> <span class='ocrx_word' id='word_1_709' title='bbox 3220 4859 3448 4905; x_wconf 84' lang='lat' dir='ltr'><strong>caeteras</strong></span> <span class='ocrx_word' id='word_1_710' title='bbox 3470 4846 3666 4900; x_wconf 83' lang='lat' dir='ltr'><strong>domos</strong></span> 
     </span>
    </p>
   </div>
   <div class='ocr_carea' id='block_1_104' title="bbox 2082 4940 3661 5013">
    <p class='ocr_par' dir='ltr' id='par_1_104' title="bbox 2082 4940 3661 5013">
     <span class='ocr_line' id='line_1_104' title="bbox 2082 4940 3661 5013; baseline -0.005 -12"><span class='ocrx_word' id='word_1_711' title='bbox 2082 4945 2464 5013; x_wconf 85' lang='lat' dir='ltr'><strong>vestigaretur,</strong></span> <span class='ocrx_word' id='word_1_712' title='bbox 2497 4942 2565 4995; x_wconf 90' lang='lat' dir='ltr'><strong>ad</strong></span> <span class='ocrx_word' id='word_1_713' title='bbox 2608 4955 2733 5011; x_wconf 78' lang='lat' dir='ltr'><strong>eam</strong></span> <span class='ocrx_word' id='word_1_714' title='bbox 2758 4941 3056 5010; x_wconf 87' lang='lat' dir='ltr'><strong>imperator</strong></span> <span class='ocrx_word' id='word_1_715' title='bbox 3083 4942 3344 4998; x_wconf 89' lang='lat' dir='ltr'><strong>venisset.</strong></span> <span class='ocrx_word' id='word_1_716' title='bbox 3372 4940 3547 4996; x_wconf 88' lang='lat' dir='ltr'><strong>Simul</strong></span> <span class='ocrx_word' id='word_1_717' title='bbox 3577 4947 3661 4994; x_wconf 80' lang='lat' dir='ltr'><strong>at-</strong></span> 
     </span>
    </p>
   </div>
   <div class='ocr_carea' id='block_1_105' title="bbox 2082 5030 3659 5108">
    <p class='ocr_par' dir='ltr' id='par_1_105' title="bbox 2082 5030 3659 5108">
     <span class='ocr_line' id='line_1_105' title="bbox 2082 5030 3659 5108; baseline -0.005 -15"><span class='ocrx_word' id='word_1_718' title='bbox 2082 5054 2190 5108; x_wconf 90' lang='lat' dir='ltr'><strong>que</strong></span> <span class='ocrx_word' id='word_1_719' title='bbox 2225 5036 2411 5092; x_wconf 85' lang='lat' dir='ltr'><strong>Galata</strong></span> <span class='ocrx_word' id='word_1_720' title='bbox 2444 5034 3020 5108; x_wconf 37' lang='lat' dir='ltr'><strong>inventione&#39;penitus</strong></span> <span class='ocrx_word' id='word_1_721' title='bbox 3063 5034 3354 5104; x_wconf 85' lang='lat' dir='ltr'><strong>desperata</strong></span> <span class='ocrx_word' id='word_1_722' title='bbox 3383 5030 3659 5096; x_wconf 90' lang='lat' dir='ltr'><strong>discessit,</strong></span> 
     </span>
    </p>
   </div>
   <div class='ocr_carea' id='block_1_106' title="bbox 2083 5125 3657 5203">
    <p class='ocr_par' dir='ltr' id='par_1_106' title="bbox 2083 5125 3657 5203">
     <span class='ocr_line' id='line_1_106' title="bbox 2083 5125 3657 5203; baseline -0.006 -16"><span class='ocrx_word' id='word_1_723' title='bbox 2083 5130 2416 5203; x_wconf 71' lang='lat' dir='ltr'><strong>Syrgiannes</strong></span> <span class='ocrx_word' id='word_1_724' title='bbox 2441 5143 2739 5186; x_wconf 88' lang='lat' dir='ltr'><strong>conscensa</strong></span> <span class='ocrx_word' id='word_1_725' title='bbox 2771 5126 2921 5190; x_wconf 88' lang='lat' dir='ltr'><strong>navi,</strong></span> <span class='ocrx_word' id='word_1_726' title='bbox 2947 5140 3071 5194; x_wconf 62' lang='lat' dir='ltr'><strong>quae</strong></span> <span class='ocrx_word' id='word_1_727' title='bbox 3096 5126 3363 5181; x_wconf 58' lang='lat' dir='ltr'><strong>Euboeam</strong></span> <span class='ocrx_word' id='word_1_728' title='bbox 3389 5125 3657 5189; x_wconf 83' lang='lat' dir='ltr'><strong>solvebat,</strong></span> 
     </span>
    </p>
   </div>
   <div class='ocr_carea' id='block_1_107' title="bbox 2058 5218 3659 5296">
    <p class='ocr_par' dir='ltr' id='par_1_107' title="bbox 2058 5218 3659 5296">
     <span class='ocr_line' id='line_1_107' title="bbox 2058 5218 3659 5296; baseline -0.004 -17"><span class='ocrx_word' id='word_1_729' title='bbox 2058 5243 2148 5282; x_wconf 84' lang='lat' dir='ltr'><strong>eo</strong></span> <span class='ocrx_word' id='word_1_730' title='bbox 2191 5226 2427 5296; x_wconf 86' lang='lat' dir='ltr'><strong>primum</strong></span> <span class='ocrx_word' id='word_1_731' title='bbox 2482 5230 2728 5292; x_wconf 86' lang='lat' dir='ltr'><strong>portatus</strong></span> <span class='ocrx_word' id='word_1_732' title='bbox 2769 5228 2852 5274; x_wconf 90' lang='lat' dir='ltr'><strong>est</strong></span> <span class='ocrx_word' id='word_1_733' title='bbox 2897 5218 3194 5287; x_wconf 80' lang='lat' dir='ltr'><strong>(‘20).Dein</strong></span> <span class='ocrx_word' id='word_1_734' title='bbox 3229 5235 3328 5288; x_wconf 86' lang='lat' dir='ltr'><strong>per</strong></span> <span class='ocrx_word' id='word_1_735' title='bbox 3359 5218 3566 5274; x_wconf 87' lang='lat' dir='ltr'><strong>Locros</strong></span> <span class='ocrx_word' id='word_1_736' title='bbox 3601 5227 3659 5272; x_wconf 87' lang='lat' dir='ltr'><strong>et</strong></span> 
     </span>
    </p>
   </div>
   <div class='ocr_carea' id='block_1_108' title="bbox 1656 5363 2415 5435">
    <p class='ocr_par' dir='ltr' id='par_1_108' title="bbox 1656 5363 2415 5435">
     <span class='ocr_line' id='line_1_108' title="bbox 1656 5363 2415 5435; baseline 0.001 -14"><span class='ocrx_word' id='word_1_737' title='bbox 1656 5363 1868 5423; x_wconf 81' lang='lat' dir='ltr'><strong>Jacobi</strong></span> <span class='ocrx_word' id='word_1_738' title='bbox 1904 5363 2173 5425; x_wconf 86' lang='lat' dir='ltr'><strong>Pontani</strong></span> <span class='ocrx_word' id='word_1_739' title='bbox 2214 5368 2415 5435; x_wconf 57' lang='lat' dir='ltr'><strong>notem</strong></span> 
     </span>
    </p>
   </div>
   <div class='ocr_carea' id='block_1_109' title="bbox 478 5511 1982 5585">
    <p class='ocr_par' dir='ltr' id='par_1_109' title="bbox 478 5511 1982 5585">
     <span class='ocr_line' id='line_1_109' title="bbox 478 5511 1982 5585; baseline 0.001 -17"><span class='ocrx_word' id='word_1_740' title='bbox 478 5514 590 5583; x_wconf 76' lang='lat'><strong>(19)</strong></span> <span class='ocrx_word' id='word_1_741' title='bbox 644 5511 768 5569; x_wconf 90' lang='lat' dir='ltr'><strong>Orci</strong></span> <span class='ocrx_word' id='word_1_742' title='bbox 810 5513 960 5585; x_wconf 77' lang='lat' dir='ltr'><strong>galea</strong></span> <span class='ocrx_word' id='word_1_743' title='bbox 1010 5513 1363 5585; x_wconf 81' lang='lat' dir='ltr'><strong>proverbium</strong></span> <span class='ocrx_word' id='word_1_744' title='bbox 1408 5515 1460 5568; x_wconf 88' lang='lat' dir='ltr'><strong>in</strong></span> <span class='ocrx_word' id='word_1_745' title='bbox 1506 5530 1605 5570; x_wconf 89' lang='lat' dir='ltr'><strong>eos</strong></span> <span class='ocrx_word' id='word_1_746' title='bbox 1648 5515 1738 5584; x_wconf 90' lang='lat' dir='ltr'><strong>qui</strong></span> <span class='ocrx_word' id='word_1_747' title='bbox 1772 5530 1830 5570; x_wconf 87' lang='lat' dir='ltr'><strong>se</strong></span> <span class='ocrx_word' id='word_1_748' title='bbox 1862 5526 1982 5570; x_wconf 88' lang='lat' dir='ltr'><strong>arte</strong></span> 
     </span>
    </p>
   </div>
   <div class='ocr_carea' id='block_1_110' title="bbox 410 5583 1981 5657">
    <p class='ocr_par' dir='ltr' id='par_1_110' title="bbox 410 5583 1981 5657">
     <span class='ocr_line' id='line_1_110' title="bbox 410 5583 1981 5657; baseline 0 -18"><span class='ocrx_word' id='word_1_749' title='bbox 410 5586 644 5657; x_wconf 73' lang='lat' dir='ltr'><strong>quadam</strong></span> <span class='ocrx_word' id='word_1_750' title='bbox 696 5583 1026 5657; x_wconf 26' lang='lat' dir='ltr'><strong>occultant.”</strong></span> <span class='ocrx_word' id='word_1_751' title='bbox 1057 5584 1270 5657; x_wconf 78' lang='lat' dir='ltr'><strong>Simile,</strong></span> <span class='ocrx_word' id='word_1_752' title='bbox 1333 5585 1497 5657; x_wconf 75' lang='lat' dir='ltr'><strong>Gygis</strong></span> <span class='ocrx_word' id='word_1_753' title='bbox 1546 5583 1782 5639; x_wconf 89' lang='lat' dir='ltr'><strong>annulus</strong></span> <span class='ocrx_word' id='word_1_754' title='bbox 1826 5587 1981 5641; x_wconf 84' lang='lat' dir='ltr'><strong>Plato</strong></span> 
     </span>
    </p>
   </div>
   <div class='ocr_carea' id='block_1_111' title="bbox 412 5652 1981 5726">
    <p class='ocr_par' dir='ltr' id='par_1_111' title="bbox 412 5652 1981 5726">
     <span class='ocr_line' id='line_1_111' title="bbox 412 5652 1981 5726; baseline 0.001 -19"><span class='ocrx_word' id='word_1_755' title='bbox 412 5655 501 5709; x_wconf 87' lang='lat' dir='ltr'><strong>lib.</strong></span> <span class='ocrx_word' id='word_1_756' title='bbox 534 5671 585 5709; x_wconf 73' lang='grc' dir='ltr'>χ.</span> <span class='ocrx_word' id='word_1_757' title='bbox 621 5654 694 5726; x_wconf 83' lang='lat' dir='ltr'><strong>De</strong></span> <span class='ocrx_word' id='word_1_758' title='bbox 726 5652 1014 5725; x_wconf 71' lang='lat' dir='ltr'><strong>republica,</strong></span> <span class='ocrx_word' id='word_1_759' title='bbox 1051 5656 1189 5726; x_wconf 77' lang='lat' dir='ltr'><strong>dixit</strong></span> <span class='ocrx_word' id='word_1_760' title='bbox 1227 5652 1445 5726; x_wconf 69' lang='lat' dir='ltr'><strong>semper</strong></span> <span class='ocrx_word' id='word_1_761' title='bbox 1479 5656 1711 5710; x_wconf 82' lang='lat' dir='ltr'><strong>honeSIa</strong></span> <span class='ocrx_word' id='word_1_762' title='bbox 1736 5666 1981 5726; x_wconf 86' lang='lat' dir='ltr'><strong>propter</strong></span> 
     </span>
    </p>
   </div>
   <div class='ocr_carea' id='block_1_112' title="bbox 410 5724 1980 5798">
    <p class='ocr_par' dir='ltr' id='par_1_112' title="bbox 410 5724 1980 5798">
     <span class='ocr_line' id='line_1_112' title="bbox 410 5724 1980 5798; baseline 0 -19"><span class='ocrx_word' id='word_1_763' title='bbox 410 5738 465 5798; x_wconf 62' lang='lat' dir='ltr'><strong>se</strong></span> <span class='ocrx_word' id='word_1_764' title='bbox 486 5725 639 5798; x_wconf 79' lang='lat' dir='ltr'><strong>sequi</strong></span> <span class='ocrx_word' id='word_1_765' title='bbox 670 5737 948 5798; x_wconf 80' lang='lat' dir='ltr'><strong>oporlere,</strong></span> <span class='ocrx_word' id='word_1_766' title='bbox 979 5724 1192 5798; x_wconf 49' lang='lat' dir='ltr'><strong>etiamsi</strong></span> <span class='ocrx_word' id='word_1_767' title='bbox 1213 5724 1363 5798; x_wconf 52' lang='lat' dir='ltr'><strong>quis</strong></span> <span class='ocrx_word' id='word_1_768' title='bbox 1389 5724 1554 5798; x_wconf 74' lang='lat' dir='ltr'><strong>Gygis</strong></span> <span class='ocrx_word' id='word_1_769' title='bbox 1582 5724 1875 5798; x_wconf 79' lang='lat' dir='ltr'><strong>annulum,</strong></span> <span class='ocrx_word' id='word_1_770' title='bbox 1897 5726 1980 5779; x_wconf 89' lang='lat' dir='ltr'><strong>vel</strong></span> 
     </span>
    </p>
   </div>
   <div class='ocr_carea' id='block_1_113' title="bbox 414 5794 1978 5866">
    <p class='ocr_par' dir='ltr' id='par_1_113' title="bbox 414 5794 1978 5866">
     <span class='ocr_line' id='line_1_113' title="bbox 414 5794 1978 5866; baseline -0.001 -17"><span class='ocrx_word' id='word_1_771' title='bbox 414 5794 657 5866; x_wconf 78' lang='lat' dir='ltr'><strong>Plutonis</strong></span> <span class='ocrx_word' id='word_1_772' title='bbox 685 5794 913 5866; x_wconf 85' lang='lat' dir='ltr'><strong>haberet</strong></span> <span class='ocrx_word' id='word_1_773' title='bbox 941 5795 1172 5866; x_wconf 80' lang='lat' dir='ltr'><strong>galeam.</strong></span> <span class='ocrx_word' id='word_1_774' title='bbox 1201 5794 1644 5863; x_wconf 26' lang='lat' dir='ltr'><strong>Origenes’libro</strong></span> <span class='ocrx_word' id='word_1_775' title='bbox 1674 5811 1686 5848; x_wconf 92' lang='lat' dir='ltr'>I</span> <span class='ocrx_word' id='word_1_776' title='bbox 1725 5796 1978 5849; x_wconf 76' lang='lat' dir='ltr'><strong>adversus</strong></span> 
     </span>
    </p>
   </div>
   <div class='ocr_carea' id='block_1_114' title="bbox 414 5864 1977 5934">
    <p class='ocr_par' dir='ltr' id='par_1_114' title="bbox 414 5864 1977 5934">
     <span class='ocr_line' id='line_1_114' title="bbox 414 5864 1977 5934; baseline 0 -15"><span class='ocrx_word' id='word_1_777' title='bbox 414 5864 615 5919; x_wconf 76' lang='lat' dir='ltr'><strong>Celsum</strong></span> <span class='ocrx_word' id='word_1_778' title='bbox 670 5864 983 5920; x_wconf 78' lang='lat' dir='ltr'><strong>liacreticum</strong></span> <span class='ocrx_word' id='word_1_779' title='bbox 1036 5867 1231 5932; x_wconf 88' lang='lat' dir='ltr'><strong>docet,</strong></span> <span class='ocrx_word' id='word_1_780' title='bbox 1291 5866 1458 5934; x_wconf 82' lang='lat' dir='ltr'><strong>magis</strong></span> <span class='ocrx_word' id='word_1_781' title='bbox 1516 5867 1871 5929; x_wconf 69' lang='lat' dir='ltr'><strong>convenisse,</strong></span> <span class='ocrx_word' id='word_1_782' title='bbox 1922 5877 1977 5919; x_wconf 90' lang='lat' dir='ltr'><strong>ut</strong></span> 
     </span>
    </p>
   </div>
   <div class='ocr_carea' id='block_1_115' title="bbox 2084 5506 3657 5584">
    <p class='ocr_par' dir='ltr' id='par_1_115' title="bbox 2084 5506 3657 5584">
     <span class='ocr_line' id='line_1_115' title="bbox 2084 5506 3657 5584; baseline -0.008 -14"><span class='ocrx_word' id='word_1_783' title='bbox 2084 5514 2336 5570; x_wconf 86' lang='lat' dir='ltr'><strong>Christus</strong></span> <span class='ocrx_word' id='word_1_784' title='bbox 2367 5512 2419 5566; x_wconf 90' lang='lat' dir='ltr'><strong>in</strong></span> <span class='ocrx_word' id='word_1_785' title='bbox 2446 5510 2737 5584; x_wconf 67' lang='lat' dir='ltr'><strong>Egyptum</strong></span> <span class='ocrx_word' id='word_1_786' title='bbox 2771 5508 2985 5584; x_wconf 78' lang='lat' dir='ltr'><strong>fugiens</strong></span> <span class='ocrx_word' id='word_1_787' title='bbox 2999 5506 3351 5584; x_wconf 58' lang='lat' dir='ltr'><strong>subduceret</strong></span> <span class='ocrx_word' id='word_1_788' title='bbox 3393 5523 3515 5584; x_wconf 75' lang='lat' dir='ltr'><strong>sese</strong></span> <span class='ocrx_word' id='word_1_789' title='bbox 3540 5509 3657 5584; x_wconf 58' lang='lat' dir='ltr'><strong>lle-</strong></span> 
     </span>
    </p>
   </div>
   <div class='ocr_carea' id='block_1_116' title="bbox 2086 5577 3660 5651">
    <p class='ocr_par' dir='ltr' id='par_1_116' title="bbox 2086 5577 3660 5651">
     <span class='ocr_line' id='line_1_116' title="bbox 2086 5577 3660 5651; baseline -0.003 -13"><span class='ocrx_word' id='word_1_790' title='bbox 2086 5586 2238 5640; x_wconf 87' lang='lat' dir='ltr'><strong>rodis</strong></span> <span class='ocrx_word' id='word_1_791' title='bbox 2284 5577 2752 5651; x_wconf 40' lang='lat' dir='ltr'><strong>insaniquuam</strong></span> <span class='ocrx_word' id='word_1_792' title='bbox 2786 5577 2966 5651; x_wconf 74' lang='lat' dir='ltr'><strong>sisub</strong></span> <span class='ocrx_word' id='word_1_793' title='bbox 2999 5578 3243 5651; x_wconf 72' lang='lat' dir='ltr'><strong>Plutonis</strong></span> <span class='ocrx_word' id='word_1_794' title='bbox 3276 5577 3488 5633; x_wconf 83' lang='lat' dir='ltr'><strong>casside</strong></span> <span class='ocrx_word' id='word_1_795' title='bbox 3539 5582 3660 5633; x_wconf 80' lang='lat' dir='ltr'><strong>lati-</strong></span> 
     </span>
    </p>
   </div>
   <div class='ocr_carea' id='block_1_117' title="bbox 2086 5647 3335 5719">
    <p class='ocr_par' dir='ltr' id='par_1_117' title="bbox 2086 5647 3335 5719">
     <span class='ocr_line' id='line_1_117' title="bbox 2086 5647 3335 5719; baseline -0.01 -8"><span class='ocrx_word' id='word_1_796' title='bbox 2086 5664 2230 5719; x_wconf 91' lang='lat' dir='ltr'><strong>tans,</strong></span> <span class='ocrx_word' id='word_1_797' title='bbox 2255 5658 2507 5711; x_wconf 86' lang='lat' dir='ltr'><strong>eumdem</strong></span> <span class='ocrx_word' id='word_1_798' title='bbox 2530 5647 2838 5707; x_wconf 70' lang='lat' dir='ltr'><strong>fefellisset.</strong></span> <span class='ocrx_word' id='word_1_799' title='bbox 2869 5649 2999 5704; x_wconf 83' lang='lat' dir='ltr'><strong>Vide</strong></span> <span class='ocrx_word' id='word_1_800' title='bbox 3018 5647 3335 5703; x_wconf 72' lang='lat' dir='ltr'><strong>Chiliasten.</strong></span> 
     </span>
    </p>
   </div>
   <div class='ocr_carea' id='block_1_118' title="bbox 2157 5716 3656 5794">
    <p class='ocr_par' dir='ltr' id='par_1_118' title="bbox 2157 5716 3656 5794">
     <span class='ocr_line' id='line_1_118' title="bbox 2157 5716 3656 5794; baseline -0.005 -15"><span class='ocrx_word' id='word_1_801' title='bbox 2157 5716 2268 5794; x_wconf 65' lang='grc' dir='ltr'><strong>(ἓῦ)</strong></span> <span class='ocrx_word' id='word_1_802' title='bbox 2303 5724 2574 5794; x_wconf 87' lang='lat' dir='ltr'><strong>Gregoras</strong></span> <span class='ocrx_word' id='word_1_803' title='bbox 2603 5738 2621 5779; x_wconf 90' lang='lat'><strong>:</strong></span> <span class='ocrx_word' id='word_1_804' title='bbox 2655 5722 2779 5776; x_wconf 80' lang='lat' dir='ltr'><strong>Post</strong></span> <span class='ocrx_word' id='word_1_805' title='bbox 2807 5736 3005 5775; x_wconf 85' lang='lat' dir='ltr'><strong>annum</strong></span> <span class='ocrx_word' id='word_1_806' title='bbox 3047 5725 3224 5794; x_wconf 65' lang='lat' dir='ltr'><strong>autem</strong></span> <span class='ocrx_word' id='word_1_807' title='bbox 3274 5716 3534 5794; x_wconf 73' lang='lat' dir='ltr'><strong>supplices</strong></span> <span class='ocrx_word' id='word_1_808' title='bbox 3559 5718 3656 5794; x_wconf 72' lang='lat' dir='ltr'><strong>lit-</strong></span> 
     </span>
    </p>
   </div>
   <div class='ocr_carea' id='block_1_119' title="bbox 2085 5787 3658 5862">
    <p class='ocr_par' dir='ltr' id='par_1_119' title="bbox 2085 5787 3658 5862">
     <span class='ocr_line' id='line_1_119' title="bbox 2085 5787 3658 5862; baseline -0.004 -15"><span class='ocrx_word' id='word_1_809' title='bbox 2085 5787 2226 5849; x_wconf 66' lang='lat' dir='ltr'><strong>teras</strong></span> <span class='ocrx_word' id='word_1_810' title='bbox 2254 5787 2319 5849; x_wconf 69' lang='lat' dir='ltr'><strong>ea:</strong></span> <span class='ocrx_word' id='word_1_811' title='bbox 2345 5787 2538 5849; x_wconf 67' lang='grc' dir='ltr'><strong>Ειῶαῖα</strong></span> <span class='ocrx_word' id='word_1_812' title='bbox 2564 5796 2632 5848; x_wconf 80' lang='lat' dir='ltr'><strong>ad</strong></span> <span class='ocrx_word' id='word_1_813' title='bbox 2663 5794 3034 5862; x_wconf 80' lang='lat' dir='ltr'><strong>imperatorem</strong></span> <span class='ocrx_word' id='word_1_814' title='bbox 3056 5788 3215 5849; x_wconf 77' lang='lat' dir='ltr'><strong>misit,</strong></span> <span class='ocrx_word' id='word_1_815' title='bbox 3249 5787 3435 5862; x_wconf 66' lang='lat' dir='ltr'><strong>quibus</strong></span> <span class='ocrx_word' id='word_1_816' title='bbox 3454 5791 3658 5862; x_wconf 56' lang='lat' dir='ltr'><strong>ueniam</strong></span> 
     </span>
    </p>
   </div>
   <div class='ocr_carea' id='block_1_120' title="bbox 2082 5856 3655 5942">
    <p class='ocr_par' dir='ltr' id='par_1_120' title="bbox 2082 5856 3655 5942">
     <span class='ocr_line' id='line_1_120' title="bbox 2082 5856 3655 5942; baseline -0.004 -24"><span class='ocrx_word' id='word_1_817' title='bbox 2082 5865 2309 5942; x_wconf 65' lang='lat' dir='ltr'><strong>petebat,</strong></span> <span class='ocrx_word' id='word_1_818' title='bbox 2359 5874 2409 5919; x_wconf 74' lang='lat' dir='ltr'><strong>et</strong></span> <span class='ocrx_word' id='word_1_819' title='bbox 2460 5866 2630 5919; x_wconf 83' lang='lat' dir='ltr'><strong>locum</strong></span> <span class='ocrx_word' id='word_1_820' title='bbox 2677 5856 2901 5934; x_wconf 77' lang='lat' dir='ltr'><strong>aliquem</strong></span> <span class='ocrx_word' id='word_1_821' title='bbox 2958 5864 3010 5915; x_wconf 82' lang='lat' dir='ltr'><strong>in</strong></span> <span class='ocrx_word' id='word_1_822' title='bbox 3067 5856 3308 5912; x_wconf 69' lang='lat' dir='ltr'><strong>extremis</strong></span> <span class='ocrx_word' id='word_1_823' title='bbox 3340 5856 3655 5912; x_wconf 68' lang='lat' dir='ltr'><strong>Macedonia:</strong></span> 
     </span>
    </p>
   </div>
  </div>
