4060 6422
303 368 422 430 553

1497 376 1855 439 HISTORIA
1869 380 2030 441 RUM
2075 380 2149 439 Ll
2163 382 2303 439 BER
2348 381 2367 439 l
2386 381 2434 443 [.

3486 383 3588 445 570

312 490 554 560 σπουδῇ,
581 489 718 544 ἀλλὰ
745 491 839 544 καὶ
867 491 1062 561 αἰματι
1091 492 1167 564 τῷ
1198 495 1445 566 σφεύρῳ
1478 497 1899 566 ἀλλαττόμενον,

2027 498 2240 563 issime,
2269 514 2458 552 verum
2490 497 2654 552 etiam
2713 514 2839 552 cunt
2899 495 3217 565 prolusione
3272 496 3582 559 sanguinis,

310 583 806 652 καταπράττέσθαι
834 584 902 638 τά
928 584 1070 638 κατά
1101 585 1329 658 γνώμην
1361 588 1591 657 βασιλεῖ.
1634 590 1899 652 Βασιλεὺς

311 676 400 741 δὲ,
436 676 545 731 τῶν
596 679 696 745 μὲν
735 677 1023 746 προτέρων
1062 680 1228 733 ἕνεκα
1281 681 1716 751 ἁμαρτημάτων,
1771 681 1898 751 ἔφη,

310 762 570 834 καίτοιγε
631 768 884 837 μεγάλων
921 769 1114 836 ὄντων,
1173 771 1445 840 μηδεμίαν
1503 756 1644 825 εἶναι
1690 773 1901 826 δίκαιον

313 858 661 929 παραίτησιν
710 860 985 915 ποιεῖσθαι
1012 860 1132 927 νῦν,
1182 864 1247 916 ἐκ
1278 862 1474 916 πολλοῦ
1525 865 1905 934 συνεγνωσμέ-

313 965 471 1002 νων⁹
505 949 719 1014 εὐνοίας
757 950 815 1004 δὲ
859 951 1048 1007 ἕνεκεν
1096 953 1199 1023 τῆς
1241 953 1378 1026 πρὸς
1429 933 1595 1010 αὐτὸν
1637 933 1904 1027 πράττειν

315 1038 435 1093 τῶν
486 1040 718 1095 δεόντων
751 1058 825 1103 τι,
880 1045 977 1096 καὶ
1034 1043 1271 1112 μάλιστα
1307 1044 1597 1115 βούλεσθαι
1627 1049 1687 1101 οὐ
1745 1049 1905 1117 μόνον

318 1134 408 1187 δτι
438 1133 646 1187 δίκαιον
678 1132 872 1189 εὔνουν
910 1131 1177 1197 εἶναικαὶ
1217 1138 1502 1208 πρόθυμον
1535 1143 1663 1210 περὶ
1716 1142 1904 1206 αὐτὸν,

322 1224 441 1277 ἀλλ’
473 1224 563 1278 ἵνα
592 1226 686 1279 καὶ
713 1226 913 1298 μᾶλλον
942 1228 1316 1298 ἐπισπάσηται
1339 1232 1504 1298 τιμάς
1526 1247 1586 1284 τε
1620 1232 1905 1301 παρέχειν,

324 1317 424 1371 καὶ
456 1319 842 1388 προσηκούσας
868 1322 967 1383 τὰς
998 1320 1318 1390 εὐεργεσίας
1338 1337 1353 1353 ·
1388 1322 1425 1377 ἃ
1451 1323 1510 1377 δὲ
1547 1323 1642 1378 νῦν
1664 1324 1802 1394 ἔφης
1828 1326 1908 1389 εἰς

326 1409 422 1460 ’ὢν
458 1410 595 1463 κατά
627 1410 934 1481 Συργιάννη
972 1413 1211 1482 πόλεμον
1262 1412 1907 1487 χρήσιμος’όφθήσεσθαι

328 1501 486 1569 ἡμῖν,
540 1502 829 1573 βούλεσθαι
861 1501 1055 1571 μαθεῖν
1109 1505 1249 1560 ὁποῖ’
1278 1507 1440 1571 ἅττα,
1493 1506 1569 1568 ὡς
1598 1506 1662 1561 ἂν
1711 1510 1774 1561 ἐκ
1799 1508 1910 1561 τῶν

328 1592 641 1662 λεγομένων
765 1594 1153 1663 διαγινώσκειν
1209 1595 1276 1650 ἄν
1312 1614 1372 1650 τε
1423 1597 1812 1663 λυσιτελοῦντα
1842 1598 1914 1652 τὰ

331 1684 732 1755 βεϐουλευμένα
780 1687 890 1756 εἴη,
943 1687 1009 1742 ἄν
1054 1706 1114 1743 τε
1154 1690 1255 1761 μή.
1315 1691 1639 1762 Σφραντζὴς
1672 1692 1727 1744 δὲ
1760 1694 1912 1746 οὐδὲν

333 1778 437 1847 μὲν
474 1778 630 1849 ήκειν
694 1778 934 1846 ἔφασκεν
987 1780 1204 1836 οἴκοθεν
1261 1782 1425 1846 αὐτὸς
1486 1783 1913 1854 βεϐουλευμένος

331 1867 477 1938 πλὴν
502 1869 595 1922 τοῦ
626 1870 1040 1942 προθυμότατον
1070 1876 1266 1929 ἑαυτὸν
1283 1877 1367 1945 ἐφ’
1392 1872 1475 1940 οἷς
1502 1876 1571 1931 ἂν
1597 1877 1914 1948 κελευσθείη

331 1965 716 2035 παρασχέσθαι
737 1983 751 1997 ·
788 1968 875 2021 ἐπ’
928 1968 1080 2040 αὐτῷ
1106 1969 1162 2024 δὲ
1190 1966 1333 2023 εἶναι
1364 1971 1452 2041 ἐφ’
1476 1971 1505 2025 ὃ
1532 1989 1582 2024 τι
1629 1972 1696 2025 ἂν
1731 1972 1916 2041 δοκοίη

334 2054 634 2110 λυσιτελεῖν
682 2059 1010 2132 σκεψαμένῳ
1040 2062 1301 2133 χρῆσθαι.
1343 2063 1610 2127 Βασιλεὺς
1636 2064 1690 2117 δὲ
1722 2064 1916 2135 ἐπῄνει

330 2160 395 2196 τε
428 2143 591 2197 αὐτὸν
622 2146 716 2198 τοῦ
749 2145 1251 2217 βουλεύματος,καὶ
1281 2151 1464 2204 οἴκαδε
1494 2152 1751 2205 ἐκέλευεν
1783 2155 1918 2206 ἀνα-

332 2241 564 2307 χωρεῖν,
583 2238 658 2303 ὡς
675 2241 731 2297 ἐς
758 2241 857 2311 τὴν
881 2240 1175 2313 ὑστεραίαν
1207 2242 1343 2296 ἄττα
1366 2243 1437 2296 ἂν
1455 2243 1637 2313 δοκοίη
1667 2243 1921 2313 βέλτιστα

332 2330 765 2401 ὑποθησόμενος.
795 2333 899 2386 Τὸν
928 2332 1102 2404 μέγαν
1128 2335 1185 2388 δὲ
1205 2336 1528 2406 δομέστικον
1559 2335 1919 2405 παραλαϐὼν,

336 2423 687 2479 ὲῦουλεύοντο
727 2427 875 2490 ὅπως
905 2427 1012 2480 δέοι
1041 2429 1134 2481 τὸν
1166 2429 1309 2483 κατᾶ
1341 2429 1436 2482 τοῦ
1479 2431 1789 2501 Συργιαννη
1824 2430 1913 2482 πόα

336 2515 507 2586 λεμον
559 2517 876 2574 διαθέσθαι·
934 2519 1101 2592 ῷοντο
1139 2521 1197 2574 δὲ
1250 2523 1380 2599 πρὶν
1417 2525 1924 2593 παρασκευασαμέ-

340 2627 468 2672 νους
499 2611 655 2680 ἥκειν
702 2613 982 2683 ἀντιπάλῳ
1020 2616 1253 2686 στρατιᾷ
1295 2617 1357 2669 οὐ
1395 2615 1605 2686 μέμψιν
1665 2618 1788 2670 τινὰ
1838 2618 1921 2672 διο

347 2703 503 2756 καίαν
527 2699 688 2769 εἶναι,
721 2705 835 2771 εῐγε
870 2707 1043 2776 χωρὶς
1091 2707 1271 2761 ὃπλων
1301 2707 1396 2763 καὶ
1433 2707 1697 2763 κινδύνων
1722 2709 1917 2780 ἀπάτῃ

356 2797 441 2849 τὴν
492 2797 748 2863 πολέμιον
813 2799 1108 2867 συσχόντες
1170 2799 1497 2871 δυνήσονται
1553 2801 1922 2872 τὸνπόλεμον

371 2886 805 2960 πρὶν.συστῆναι
842 2890 1172 2946 καταλῦσαι.
1206 2890 1289 2945 Τὰ
1327 2893 1437 2963 γὰρ
1488 2892 1720 2947 τοιαῦτα
1752 2894 1926 2963 κλίμ-

368 2995 500 3047 ματα
530 2981 824 3053 καλλίστην
883 2983 1042 3048 δόξαν
1096 2983 1268 3055 ἔχειν,
1303 2967 1359 3037 εἰ
1377 2983 1601 3057 μάλιστ’
1622 2976 1693 3040 ἀν
1720 3003 1806 3048 τις
1835 2986 1926 3039 τὸν

362 3070 604 3140 πολέμιον
635 3075 1003 3145 ἐξαπατήσας,
1036 3077 1230 3130 ἑαυτόν
1265 3095 1326 3130 τε
1362 3082 1455 3131 καὶ
1487 3078 1615 3142 τοὺς
1647 3079 1926 3150 ὑπηκόους

2004 590 2153 659 quod
2208 590 2283 643 illi
2320 591 2555 658 placeat,
2595 589 2832 644 eliicere.
2874 594 2943 643 At
2984 588 3305 657 imperator,
3339 588 3586 658 priorum

2006 682 2231 751 quidem
2292 682 2621 736 delictorum
2684 696 2998 750 quanquam
3056 679 3385 748 grandiutn,
3444 694 3592 731 nunc

2006 776 2225 830 veniam
2288 775 2395 846 peti
2454 790 2562 830 non
2615 775 2858 840 debere,
2909 789 3032 843 qua:
3083 770 3412 842 jampridem
3473 770 3590 838 ipse

2007 867 2299 938 ignoverit.
2350 867 2453 921 Pro
2495 868 2600 921 isto
2643 876 2828 922 autem
2869 867 2926 919 iu
2966 881 3027 920 se
3051 865 3236 919 animo
3265 878 3468 931 cupere
3496 877 3591 915 vc-

2006 959 2422 1015 bementissiute
2467 958 2752 1028 quidpiam
2799 957 2857 1012 in
2902 972 3029 1012 eum
3076 955 3240 1010 ollicii
3283 954 3538 1008 conferre
3573 971 3601 1005 τ.

2007 1051 2155 1121 quod
2222 1050 2277 1104 in
2340 1051 2503 1105 talem
2562 1051 2908 1104 virum-non
2966 1050 3146 1103 solum
3195 1047 3473 1109 amicum,
3537 1055 3593 1098 ct

2011 1149 2324 1211 pramptutn
2369 1155 2559 1210 gerere
2606 1140 2884 1203 animum,
2920 1139 3019 1195 sed
3045 1141 3239 1204 etiam,
3272 1124 3384 1207 quo
3422 1140 3592 1207 magis

2010 1247 2137 1287 eum
2173 1232 2281 1286 sibi
2308 1231 2611 1299 devinciat,
2654 1232 2963 1286 honoribus
2996 1245 3060 1285 ac
3091 1229 3254 1285 donis
3288 1245 3595 1298 congruen-

2014 1324 2163 1378 tibus
2211 1325 2330 1393 ejus
2368 1324 2695 1392 dignitatcm
2745 1322 3316 1391 ampliﬁcarcjustum
3357 1321 3448 1374 sit.
3487 1319 3594 1373 Cu-

2014 1431 2147 1486 pere
2195 1431 2360 1484 porro
2407 1416 2572 1478 scire,
2623 1415 2680 1469 in
2717 1415 2922 1484 quibus
2957 1429 3016 1467 se
3045 1414 3204 1466 modo
3235 1428 3457 1482 operam
3488 1410 3591 1464 sibi

2016 1506 2071 1559 in
2098 1506 2242 1561 bello
2264 1514 2455 1561 contra
2480 1503 2840 1575 Syrglanncm
2865 1510 3190 1555 novaturum
3216 1502 3594 1568 proﬁteretur,

2017 1609 2077 1674 ut
2115 1616 2183 1654 eo
2239 1598 2550 1657 indicante,
2602 1597 2735 1650 utile
2788 1610 2965 1650 necne
3003 1592 3293 1648 consilium
3350 1590 3593 1658 Ceperit,

2016 1692 2271 1763 cognosci
2328 1693 2519 1761 possit.
2564 1690 2704 1743 Tum
2759 1688 3075 1758 Spliranzes
3105 1725 3121 1750 ,
3170 1685 3597 1753 haudquaquam

2016 1803 2117 1858 per
2142 1802 2201 1841 se
2248 1784 2575 1840 meditatum
2617 1782 2829 1845 venire,
2879 1779 2987 1835 nisi
3037 1787 3097 1832 ut
3128 1793 3189 1832 se
3218 1792 3380 1844 quam
3415 1790 3598 1843 prout-

2025 1879 2332 1949 ptissimum
2394 1877 2461 1932 ad
2522 1876 2787 1944 imperata
2839 1872 3100 1942 praebeat.
3148 1869 3206 1923 [tt
3262 1868 3380 1936 ipso
3428 1868 3596 1919 situm

2020 1986 2175 2034 esse,
2223 1969 2319 2023 ubi
2373 1985 2433 2024 re
2481 1968 2887 2034 circumspecta
2920 1978 3105 2033 opera:
3150 1961 3385 2030 pretium
3420 1959 3596 2010 lacur-

2020 2077 2141 2115 rum
2192 2060 2510 2129 putaverit,
2562 2058 2636 2114 ibi
2695 2056 3047 2126 potissimum
3100 2069 3200 2108 suo
3254 2052 3443 2104 labore
3493 2049 3594 2101 uti.

2020 2152 2321 2219 Imperator
2371 2149 2440 2203 de
2484 2150 2755 2203 sententia
2796 2146 3080 2201 laudatum
3133 2143 3311 2195 redire
3374 2140 3598 2194 domum

2019 2243 2212 2313 jussit;
2253 2258 2311 2297 se
2351 2241 2438 2296 die
2489 2240 2767 2308 sequenti,
2818 2237 2948 2308 quid
3001 2236 3269 2306 optimum
3317 2232 3603 2302 lorcjudi-

2022 2342 2235 2395 casset,
2292 2348 2415 2386 cum
2470 2331 2818 2385 educturum.
2866 2327 2996 2383 Post
3045 2340 3301 2396 magnum
3335 2322 3604 2377 domesti-

2023 2441 2147 2479 cum
2199 2425 2252 2478 in
2293 2423 2584 2478 consilium
2622 2422 2690 2476 de
2730 2421 2874 2474 bello
2922 2419 3190 2473 adversus
3240 2415 3602 2487 Syrgiannetn

2025 2515 2367 2571 instituendo
2415 2513 2703 2576 adhibuit;
2748 2512 3035 2579 visumque
3087 2508 3290 2562 factum
3341 2507 3486 2576 justa
3521 2519 3605 2557 re-

2026 2609 2401 2680 prehensione
2457 2608 2798 2668 cariturum,
2859 2604 2905 2657 si
2961 2601 3278 2672 priusquam
3338 2599 3609 2653 instructo

2026 2701 2188 2772 277
2233 2699 2481 2754 exercitu
2514 2698 2909 2757 contrairetur,
2947 2694 3157 2761 absque
3188 2690 3357 2745 armis
3379 2701 3437 2743 et
3462 2687 3608 2757 peri-

2026 2796 2175 2859 culo,
2199 2808 2296 2863 per
2326 2791 2512 2845 dolum
2545 2788 2783 2859 aliquem
2814 2787 2973 2840 hoste
3024 2772 3184 2854 capto
3207 2791 3262 2837 et
3283 2781 3599 2843 constricto,

2027 2884 2233 2938 bellum
2277 2890 2408 2936 ante
2452 2878 2611 2934 linire
2662 2886 2907 2947 possent,
2966 2889 3131 2944 quam
3183 2871 3450 2941 incipere.
3496 2870 3606 2922 llu-

2022 2973 2267 3046 jusmodi
2295 2988 2532 3040 namque
2555 2972 2699 3024 furta
2736 2968 2865 3023 belli
2896 2966 3011 3038 (22)
3039 2963 3433 3035 gloriosiSsima
3458 2973 3608 3024 sunt,

2028 3064 2228 3136 quibus
2271 3065 2430 3118 hoste
2470 3062 2868 3121 circumvento,
2925 3057 3062 3111 sibi'
3085 3054 3357 3125 quispiam
3390 3068 3451 3105 ac
3479 3051 3612 3105 sub-

351 3165 674 3235 ὠφελήσειε.
707 3169 818 3223 Διὰ¹
838 3169 1011 3224 ταῦτα
1051 3171 1116 3240 δὴ
1154 3172 1330 3225 ἐδόκει
1360 3173 1646 3243 Σφραντζῇ
1680 3173 1791 3226 τῶν
1820 3190 1924 3228 πα-

2033 3159 2162 3214 ditis
2215 3157 2517 3228 plurimum
2565 3152 2906 3208 commodat.
2947 3150 3300 3221 Quapropter
3340 3143 3608 3215 Sphranzi

351 3274 408 3323 p:
425 3258 696 3328 κειμένων
727 3263 793 3331 τῇ
828 3263 1113 3334 Καστορίᾳ
1149 3262 1442 3334 πολιχνίων
1473 3266 1804 3337 ἐγχειρίζειν
1830 3267 1929 3338 τὴν

346 3350 547 3419 ἀρχὴν,
574 3352 664 3405 καὶ
714 3353 939 3406 ἐπειδὰν
974 3356 1204 3425 γένηται
1264 3358 1402 3422 ἐκεῖ,
1436 3358 1784 3433 Συργιάννην
1832 3360 1933 3429 μὲν

346 3442 451 3494 οὐκ
511 3441 794 3505 ἀνέξεσθαι
853 3445 1016 3509 εὐθὺς
1052 3447 1130 3515 μὴ
1160 3449 1550 3519 ιπροσπέμψαι
1600 3450 1739 3521 πρὸς
1769 3452 1933 3504 αὐτὸν

350 3537 449 3589 καὶ
484 3537 824 3603 παρακαλεῖν
856 3537 1007 3608 αὐτῷ
1038 3540 1374 3609 προσθέσθαι
1433 3544 1748 3597 ἀποστάντα
1779 3543 1936 3612 βασι-

350 3624 525 3688 λέως’
589 3626 679 3680 τὸν
709 3627 765 3680 δὲ
825 3627 1223 3683 ὑπακούσαντα
1263 3631 1585 3700 προθύμως,
1620 3632 1804 3700 φιλίαν
1842 3634 1933 3687 θέ-

354 3716 482 3770 σθαι
511 3718 647 3786 πρὶς
675 3719 836 3773 eam
864 3722 958 3775 καὶ
983 3722 1304 3792 συμμαχίαν
1326 3739 1342 3754 θ
1377 3725 1469 3778 καὶ
1493 3725 1714 3776 ἐπειδὰν
1739 3726 1937 3792 γένων-

351 3828 447 3862 ται
480 3811 538 3862 ὲν
564 3811 843 3882 συνηθείᾳ,
891 3815 985 3865 καὶ
1016 3814 1244 3880 φοιτῶσι
1274 3815 1406 3884 παρ’
1443 3814 1704 3886 ἀλλήλους
1738 3818 1933 3881 ἀδεῶς,

352 3903 467 3954 τότ’
502 3903 599 3973 ἤδη
630 3904 944 3972 φυλάξαντα
978 3906 1171 3977 καιρὸν
1206 3909 1264 3960 ἐν
1294 3900 1338 3976 ᾧ
1372 3909 1447 3977 μὴ
1488 3909 1611 3979 μεθ’
1641 3910 1844 3981 ἑτέρων
1870 3909 1937 3964 ἂν

355 3994 443 4064 εἴη
511 3996 721 4050 πολλῶν
780 3999 808 4049 ό
867 3998 1212 4068 Συργιάννης
1271 3998 1513 4068 (παντως
1551 4001 1609 4054 δὲ
1662 4000 1937 4066 τοιούτους

358 4087 588 4152 πολλοὺς
608 4089 911 4160 εὑρήσειν),
942 4091 1025 4153 ειίς
1057 4089 1116 4144 ἐν
1135 4090 1243 4143 τῶν
1281 4091 1562 4160 φρουρίων
1590 4093 1939 4165 κατασχόντα

354 4181 551 4245 δῆσαι·
578 4183 837 4251 φρουρεῖν
867 4199 924 4235 τε
957 4181 1217 4251 ἀσφαλῶς
1248 4180 1408 4253 ἄχρις
1432 4182 1498 4236 ἂν
1520 4183 1729 4237 ὲλοόντι
1758 4184 1941 4254 ἔγχει-ἑ

359 4275 486 4345 ρίσῃ
514 4276 725 4343 βασιλεί
748 4291 763 4305 ο
800 4274 1009 4330 οἴεσθαι
1046 4276 1103 4330 δὲ
1161 4276 1386 4330 ἔσεσθαι
1419 4277 1585 4331 αὑτοῦ
1626 4277 1817 4350 ῥᾳδίαν
1846 4279 1940 4332 καὶ

357 4370 455 4437 τὴν
489 4366 760 4437 φυλακὴν,
789 4364 887 4421 ἅτε
938 4371 1039 4439 τῆς
1074 4369 1351 4438 ἑπομένης
1410 4372 1673 4440 στρατιᾶς
1708 4371 1809 4425 οὐκ
1851 4373 1934 4424 oio

357 4460 549 4527 κείας,
575 4459 690 4512 ἀλλ’
730 4460 790 4525 ἐξ
841 4458 1117 4514 Ἀλϐανῶν
1142 4460 1237 4513 καὶ
1272 4460 1561 4532 Τριϐαλῶν
1590 4460 1758 4531 οὔσης
1796 4479 1939 4534 συμ-

360 4551 627 4621 μαχίδοςο
660 4551 713 4604 οἶ
770 4550 832 4604 οὐ
887 4549 1245 4623 βουλήσονται
1296 4551 1440 4622 ὑπὲρ
1488 4553 1795 4623 Σνργιάννη
1824 4554 1942 4606 δια-

359 4640 714 4703 κινδυνεύειν,
744 4642 830 4715 ,τὸ
865 4640 1131 4712 φρούριον
1182 4640 1623 4711 πολιορκοῦντες,
1660 4644 1797 4695 ἀλλὰ
1825 4643 1944 4696 διαο

356 4733 686 4805 λυθήσονται
712 4734 800 4788 ἐπ’
832 4733 1009 4798 οίκου,
1035 4733 1268 4803 ἄσμενοι
1301 4733 1413 4788 τῶν
1452 4733 1516 4787 ὲκ
1538 4734 1648 4788 τῶν
1681 4735 1942 4806 πολέμων

358 4828 548 4882 κακῶν
584 4829 1018 4899 ἀπηλλαγμένοι.
1057 4826 1302 4881 Τοιαῦτα
1348 4828 1448 4897 μὲν
1476 4827 1656 4880 ἐδόκει
1690 4827 1939 4898 ἀμφοτέ-

366 4940 481 4993 ροις
514 4922 866 4995 ἐπιχειρητέα
924 4916 1099 4976 εἶναι·
1136 4922 1232 4975 καὶ
1262 4922 1320 4986 ὲς
1347 4921 1446 4993 τὴν
1479 4920 1799 4991 ὑστεραίαν,
1852 4918 1945 4973 τὸν

360 5015 690 5085 Σφραντζὴν
723 5014 1232 5086 μεταπεμψάμενος
1261 5015 1292 5068 ὁ
1326 5012 1607 5084 βασιλεὺς,
1644 5011 1715 5067 τὰ
1758 5010 1950 5082 βεϐου-

2032 3252 2360 3320 oppidorutn
2409 3245 2672 3302 Castoria:
2709 3244 3021 3298 vicinorum
3055 3240 3436 3310 praefecturam
3471 3235 3611 3288 dan-

2034 3345 2158 3400 dam
2221 3347 2577 3399 censuerunt.
2631 3337 2752 3405 Quo
2805 3351 2932 3390 cum
2975 3332 3210 3397 venerit,
3252 3330 3611 3402 Syrgiannem

2034 3451 2146 3491 non
2192 3442 2660 3502 temperaturum,
2708 3425 2844 3496 quin
2889 3424 3008 3479 sine
3054 3435 3208 3475 mora
3249 3421 3494 3477 mittens,
3545 3414 3615 3467 ab

2035 3529 2372 3598 imperatore
2425 3537 2555 3577 eum
2595 3519 2663 3574 ad
2706 3532 2837 3573 suas
2868 3523 3054 3586 partes
3083 3511 3314 3569 transire
3342 3509 3614 3562 hortetur.

2035 3597 2376 3691 Sphranzem
2415 3628 2578 3671 aures
2618 3611 2976 3685 prmbiturum
3005 3607 3266 3670 libenter,
3294 3611 3350 3657 et
3375 3615 3499 3654 cum
3529 3597 3619 3652 illo

2036 3713 2330 3770 amicitiam
2398 3686 3315 3774 societatemquecettjuttcturum.
3377 3692 3481 3749 Ubi
3507 3692 3617 3762 jatn

2036 3816 2163 3862 nata
2193 3802 2555 3864 consuetudo,
2585 3807 2641 3854 et
2661 3795 3003 3852 familiaritas
3033 3790 3258 3846 alterius
3292 3786 3359 3841 ad
3386 3785 3618 3840 alterum
3678 3828 3687 3833 -
3770 3832 3780 3841 ,

2038 3901 2222 3955 aditus
2266 3897 2491 3956 liberos,
2540 3910 2605 3948 ac
2653 3906 2882 3947 securos
2934 3884 3269 3959 praestiterit,
3303 3893 3417 3935 tum
3461 3886 3622 3945 capto

2038 3991 2297 4056 articulo,
2324 4003 2435 4059 quo
2463 3984 2826 4059 Syrgiannem
2859 3974 3018 4051 pauci
3053 3977 3338 4047 stipabunt
3373 3971 3624 4044 (omnino

2023 4085 2186 4143 'enim
2211 4083 2372 4138 talem
2397 4081 2747 4136 occasionem
2773 4075 2971 4145 saepius
2990 4071 3279 4140 futuram),
3299 4077 3621 4137 oppressum

2032 4188 2096 4233 et
2114 4180 2358 4231 vinctum
2378 4172 2433 4226 in
2456 4170 2741 4226 castellum
2767 4163 2987 4235 aliquod
3012 4163 3400 4220 abducturum,
3416 4158 3623 4226 ibique,

2041 4269 2215 4324 donec
2235 4263 2474 4320 venienti
2498 4257 2817 4332 imperatori
2839 4256 3035 4319 tradat,
3058 4238 3176 4308 tuto
3194 4250 3624 4306 custoditurum.

2042 4361 2278 4417 Facilem
2311 4367 2495 4413 autem
2534 4354 2678 4408 illius
2696 4351 2815 4406 fore
2844 4347 3150 4404 custodiam
3186 4344 3431 4413 :quippe
3458 4356 3621 4411 quem

2042 4466 2153 4507 non
2182 4447 2458 4519 proprius,
2477 4444 2574 4499 sed
2602 4458 2668 4497 ex
2698 4440 2927 4497 Albanis
2950 4447 3004 4493 et
3027 4435 3282 4495 Triballis
3305 4431 3628 4488 auxiliarius

1973 4521 2016 4577 D
2046 4551 2305 4612 sequatur
2325 4538 2601 4594 exercitus
2617 4552 2632 4593 :
2647 4535 2740 4605 qui
2760 4549 2860 4603 pro
2878 4529 3197 4604 Syrgiannis
3214 4526 3388 4596 capite
3404 4524 3628 4580 casteLo

2049 4633 2355 4692 obsidendo
2380 4633 2507 4687 vita:
2541 4630 2716 4685 aleam
2778 4627 3017 4697 experiri
3067 4624 3385 4693 neutiquam
3419 4618 3628 4681 volent,

2050 4730 2145 4785 sed
2180 4727 2388 4783 bellicae
2420 4722 2655 4779 miseria:
2684 4723 2974 4784 immunes,
2999 4716 3223 4772 domum
3252 4714 3448 4783 cupide
3476 4725 3629 4779 repe-

2040 4824 2271 4879 dabunt.
2299 4819 2417 4874 Tali
2455 4827 2575 4872 arte
2600 4833 2715 4871 rem
2758 4811 3185 4885 aggrediendam
3218 4809 3487 4863 ambobus
3515 4806 3631 4876 pla-

2048 4918 2184 4972 cuit.
2226 4915 2370 4986 Ergo
2428 4911 2693 4983 postridie
2735 4909 3034 4977 imperator
3084 4903 3402 4972 Sphranzen
3447 4909 3629 4962 vocat,

2045 5005 2177 5076 quid
2217 5005 2429 5073 placeat
2454 5004 2725 5068 enuntiat,
2755 5012 2812 5055 ct
2839 5012 2970 5053 num
3010 4998 3127 5068 ipse
3156 4990 3456 5066 quoqueid
3494 4992 3631 5056 licri,

359 5107 601 5177 λιυμένα
626 5123 686 5159 τε
717 5105 980 5175 διηγεῖτο,
1015 5088 1109 5157 καὶ
1140 5100 1473 5157 ἐπυνθάνετο
1520 5101 1712 5167 αὐτοῦ,
1756 5105 1807 5156 εί
1851 5119 1924 5156 κα

2048 5107 2103 5152 et
2139 5097 2347 5151 utiliter
2378 5096 2496 5151 ﬁeri
2534 5111 2697 5166 posse
2728 5093 3055 5154 arbitretur,
3089 5089 3353 5159 exquirit.
3390 5087 3634 5154 Respon-

362 5200 527 5261 αὐτὸς
556 5197 816 5268 λυσιτελῆ
870 5214 927 5251 τε
986 5198 1081 5251 καὶ
1109 5196 1313 5250 δυνατά
1346 5197 1565 5266 ήγοῖτοο
1596 5198 1624 5250 ὁ
1660 5197 1707 5249 δ’
1740 5195 1919 5264 ἐφασκ

2050 5190 2166 5255 det,
2216 5202 2444 5257 prorsus
2489 5204 2599 5242 non
2647 5186 2786 5251 haec,
2829 5185 2925 5241 sed
2970 5184 3080 5240 alia
3109 5184 3360 5252 quaedam
3400 5179 3631 5231 multum

1638 5310 1854 5373 Jacobi
1896 5303 2166 5369 Pontani
2196 5309 2385 5363 noue.

439 5419 554 5491 (22)
590 5417 682 5473 Sic
708 5415 898 5487 Virgil.
928 5416 1027 5471 lib.
1055 5432 1094 5471 tt
1131 5430 1145 5469 :

444 5508 623 5571 Furta.
653 5531 785 5586 paro
819 5512 965 5569 belli.

372 5611 564 5666 Ettx:
1145 5655 1149 5669 .

1068 5676 1166 5734 Hic
1192 5676 1333 5747 furto
1359 5672 1586 5743 {ervidus
1623 5671 1806 5725 instat.

375 5767 686 5897 git-madeat
712 5766 778 5822 de
810 5765 958 5823 cmde
1008 5776 1064 5823 ct
1093 5776 1276 5836 strage
1316 5770 1605 5822 nocturna.
1639 5760 1845 5818 Statius
1896 5777 1949 5815 ix

450 5854 478 5890 ὁ
514 5855 564 5890 αι
611 5877 623 5891 .
656 5854 673 5892 ἰ

450 5854 623 5891 θυαια.
656 5854 673 5892 ἰ

842 5941 873 5955 Ὦ

2133 5409 2307 5458 Ausus
2334 5410 2449 5457 erat
2472 5403 2611 5471 furto
2638 5399 2883 5454 dextram
2903 5402 3159 5470 injectare
3186 5399 3463 5452 Leonteus.

2059 5474 2303 5539 Curtius,
2329 5474 2422 5527 lib.
2458 5466 2511 5525 tv
2543 5489 2558 5526 :
2589 5472 2895 5535 Parmenio,
2931 5466 3277 5539 peritissimus
3325 5471 3460 5522 inter
3483 5466 3636 5539 (luces

2060 5548 2258 5598 artium
2289 5537 2438 5606 belli,
2467 5545 2626 5613 furto.
2655 5558 2758 5593 non
2787 5537 2994 5607 prwlio,
3029 5558 3169 5613 opus
3194 5557 3309 5613 esse
3354 5537 3635 5613 censebat:

2030 5616 2268 5689 linceptft
2306 5609 2703 5689 nocteopprimi
2737 5627 2885 5678 posse
2913 5613 3106 5689 hostes.
3147 5610 3245 5689 Sic
3260 5609 3448 5664 furtivi
3478 5622 3634 5689 amo-

2060 5677 2185 5751 res,
2228 5685 2454 5740 Veneris
2491 5677 2630 5736 furta
2678 5677 2872 5750 poetaz.
2913 5681 3152 5732 Velleius
3190 5680 3288 5732 lib.
3310 5696 3377 5751 _tt
3423 5695 3438 5731 :
3476 5677 3632 5751 Pent.

2058 5748 2204 5809 muas.
2234 5757 2289 5808 in
2322 5756 2385 5810 (Ι.
2416 5754 2646 5811 Ειεδονὶε
2676 5748 2841 5804 locum
2883 5754 3022 5820 furto
3049 5759 3278 5802 creatus.
3304 5749 3531 5802 Furtum
3559 5748 3633 5803 si-

2057 5826 2278 5896 quidem
2309 5825 2676 5894 appellabant,
2706 5819 2974 5887 quidqnid
3007 5820 3223 5875 occulte
3250 5819 3424 5873 licrct.
