4060 6426
407 363 440 427 5
479 366 512 428 3
1567 363 1894 425 manus
1933 362 2454 430 cauracuzam
2930 326 2943 337 ”
3558 377 3664 443 534

1782 503 2009 560 CAPUT
2053 505 2180 560 XX\
2200 508 2266 561 ll.

401 619 607 689 Scythae
640 618 1200 708 verriuntnAleaandro
1224 629 1691 704 coirtrojratrrmm
1718 624 2007 708 suppetias,
2032 642 2158 708 quos
2188 642 2281 697 per
2300 628 2542 708 fraudem
2573 630 2628 681 in
2656 630 3024 708 imperatorem
3049 629 3324 708 immittit;
3353 629 3665 708 quibuscum
3760 670 3779 675 ς

469 701 516 742 et
551 707 809 770 unaue-unt
841 688 1017 742 Moesis
1049 688 1522 770 ρναιίίορερζνξιηο
1557 688 1923 770 contenditur:
1943 688 2093 770 διωξξ
2133 688 2427 770 superiores
2465 707 2607 751 sunt.
2641 688 2941 752 Alexander
2968 698 3130 770 [Ledus
3156 708 3204 752 et
3222 688 3399 770 ﬁliam
3432 702 3668 770 impera-

467 763 595 813 toris
614 762 745 841 .ﬁlio
777 778 873 815 suo
896 776 1109 813 uxorem
1151 763 1299 827 petit.
1342 760 1596 831 affertur
1622 764 1867 832 a/ﬁnitas,
1895 764 2061 833 {trdus
2090 760 2357 821 uatratur.
2383 766 2819 836 Contpranditur,
2852 777 2902 823 et
2930 760 2978 822 α’
3000 767 3176 824 Maesia
3207 760 3433 824 Romani
3459 760 3665 841 eg'regir.

471 833 858 917 pra'dicautur.

470 950 541 1004 Ea
600 966 766 1020 porro
817 962 1002 1011 nocte,
1057 950 1143 1004 cui
1195 949 1315 1005 dies
1358 949 1722 1021 jurisjurandi
1774 951 1962 1007 illuxit

2153 951 2263 1023 Τῆς
2291 954 2468 1021 αὐτῆς
2496 952 2553 1007 δὲ
2578 953 2777 1017 νυκτὸς
2806 952 3013 1025 καθ’ἥν
3039 953 3265 1022 ἔμελλον
3285 954 3365 1016 είς
3385 953 3481 1025 τὴν
3503 954 3664 1008 ὑστε-

398 1041 614 1110 Srytlne
658 1040 962 1094 Alexandro
989 1040 1273 1109 suppetias
1305 1051 1598 1105 venerunt,
1646 1049 1839 1096 contra
1883 1058 1979 1113 pa-

398 1142 580 1186 truum
612 1133 902 1185 lielanrutn
939 1132 1007 1184 ab
1033 1147 1100 1186 eo
1148 1131 1386 1195 invitati,
1420 1133 1513 1200 qui
1550 1132 1822 1188 seditione
1848 1147 1979 1188 con-

396 1224 562 1275 citata
590 1262 607 1284 ,
640 1234 904 1291 partoque
948 1222 1100 1291 regni
1129 1222 1195 1275 ad
1239 1238 1299 1275 se
1333 1223 1539 1285 avulsa,
1570 1232 1625 1277 et
1656 1225 1863 1294 reliqua
1895 1226 1979 1282 dl-

399 1315 642 1367 vcxanda
696 1316 1049 1382 importunus
1093 1320 1234 1367 erat.
1290 1314 1630 1373 Existimans
1672 1325 1857 1371 autem
1906 1334 1975 1373 .se

394 1406 499 1458 ista
528 1406 919 1460 commoditate
946 1415 1256 1475 opportune
1295 1422 1545 1470 usurum,
1599 1409 1644 1461 si
1680 1422 1778 1462 eos
1822 1407 1976 1463 falla-

396 1501 479 1552 cia
512 1500 749 1567 quadam
803 1499 855 1552 in
898 1498 1289 1568 imperatorem
1332 1498 1674 1564 immitteret,
1714 1510 1971 1570 patruum

397 1605 567 1659 prope
618 1591 815 1643 adesse
848 1591 1011 1653 dixit,
1056 1598 1112 1645 et
1154 1606 1280 1644 eum
1325 1590 1622 1660 improviso
1657 1593 1976 1662 aggredien-

395 1683 527 1734 dum
565 1700 580 1736 :
619 1698 781 1751 quem
834 1685 909 1737 rei
953 1684 1118 1736 totius
1155 1683 1426 1754 ignarum,
1452 1683 1655 1739 acriter
1698 1695 1974 1755 pugnatu-

396 1794 515 1829 rum
567 1777 639 1830 sit
692 1775 988 1829 vcrisimile
1020 1814 1034 1839 ,
1063 1774 1229 1845 284
1260 1775 1354 1829 sed
1408 1789 1439 1828 a
1500 1776 1675 1829 multo
1718 1776 1972 1846 pluribus

395 1867 653 1921 facillime
712 1877 1033 1935 superatum
1098 1875 1155 1919 et
1210 1865 1561 1919 interfectum
1616 1865 1679 1920 iri
1728 1883 1742 1920 :
1791 1877 1847 1921 et
1895 1867 1966 1919 ita

395 1958 544 2027 ipsos
570 1972 605 2011 a
638 1958 822 2023 labore
852 1958 998 2027 longi
1040 1956 1253 2011 itineris
1288 1957 1472 2011 adhuc
1515 1957 1816 2012 emetiendi
1851 1956 1968 2012 fore

393 2049 614 2102 liberos.
669 2049 776 2103 Isto
817 2050 978 2102 modo
1013 2048 1267 2104 Barbaris
1317 2048 1501 2103 fucum
1537 2050 1701 2115 fecit;
1757 2065 1882 2104 nam
1919 2050 1966 2105 si

392 2146 645 2209 scissent,
685 2156 907 2214 pmpter
947 2145 1127 2201 fmdus
1160 2160 1412 2201 recemer
1462 2161 1586 2200 cum
1635 2145 1965 2217 imperatore

392 2236 607 2302 initum,
638 2253 915 2306 nunquam
947 2238 1002 2291 in
1045 2253 1174 2291 eum
1200 2253 1259 2293 se
1290 2237 1630 2293 intuli~sent.
1665 2237 1763 2294 Die
1795 2239 1965 2310 igitur

387 2327 689 2391 exoriente,
721 2329 892 2381 armis
918 2328 1119 2393 induti,
1154 2339 1387 2399 angusto
1426 2330 1564 2384 calle
1599 2330 1651 2384 in
1684 2330 1964 2386 Romanos

387 2421 717 2489 procedunt.
792 2421 1182 2490 Speculatores
1251 2424 1324 2479 ibi
1392 2425 1644 2479 collocati
1707 2423 1961 2478 celeriter

388 2510 626 2564 hostium
676 2513 973 2593 adventum
1030 2512 1084 2566 in
1124 2521 1304 2568 castra
1345 2516 1623 2569 nuntiant.
1655 2515 1960 2585 Imperator

384 2617 533 2654 arma
575 2603 836 2671 expedire
873 2604 1053 2673 jubet,
1101 2613 1157 2659 et
1209 2620 1335 2659 cum
1391 2606 1633 2660 sedecim
1677 2605 1963 2675 dispositis

388 2691 748 2761 pbalangibus
777 2697 1043 2750 occurrit.
1081 2696 1340 2751 Dextrum
1372 2713 1543 2752 cet-nu
1571 2708 1960 2768 protostrator,

390 2778 679 2847 Zamplaeo
705 2796 934 2848 magnus
959 2785 1189 2853 pappias
1229 2786 1517 2840 sinistrum
1554 2787 1810 2853 tenebat;
1833 2803 1963 2841 ome-

386 2869 479 2922 dio
522 2874 739 2940 agtuine
791 2872 1093 2942 imperator
1126 2876 1243 2945 ipse
1295 2878 1585 2932 emicabat.
1633 2879 1790 2933 Sena:
1830 2880 1963 2948 pha-

388 2961 577 3031 langes
606 2963 842 3020 frontem
881 2974 1049 3019 totam
1089 2968 1420 3036 implebant;
1465 2977 1585 3038 post
1611 2985 1704 3024 eas
1735 2971 1961 3040 reliquae

385 3054 595 3118 decem,
623 3056 848 3127 singula:
878 3073 1002 3111 cuin
1035 3059 1271 3114 ducibus
1314 3061 1432 3115 suis
1475 3070 1633 3116 erant
1660 3062 1960 3132 dispositae.

385 3145 692 3216 Imperator
744 3162 875 3203 vero
936 3149 1187 3205 delusum
1248 3168 1306 3206 se
1348 3152 1475 3207 ideo
1525 3152 1765 3217 dolebat,
1813 3154 1962 3223 quod

385 3239 545 3294 bonae
571 3241 713 3308 parti
752 3242 989 3296 militum
1033 3252 1257 3312 propter
1303 3258 1455 3313 spem
1491 3244 1712 3299 hederis
1745 3246 1963 3303 missio-1

385 3345 511 3385 nem
563 3342 933 3388 concesserat.
996 3334 1385 3388 Verumtamen
1435 3349 1559 3389 cum
1609 3337 1742 3390 solis
1777 3338 1961 3393 Moesis

330 3413 336 3418 ’
385 3425 495 3478 sibi
530 3426 888 3494 pugnandum
922 3435 1096 3490 ratus,
1155 3427 1389 3482 ﬁdenter
1444 3428 1499 3481 in
1528 3443 1628 3484 eos
1676 3431 1963 3499 gradieba-

391 3525 501 3569 tur.
562 3515 629 3570 Et
687 3533 815 3573 ecce
869 3518 1339 3581 dum'inceduut,
1401 3520 1588 3576 tubam
1648 3522 1957 3592 Scythicam

2086 1045 2681 1116 ραίαντελεσθησεσθαι
2708 1047 2758 1099 οί
2778 1047 2960 1123 ὅρκοι,
2978 1040 3114 1118 ἧκον
3131 1045 3268 1117 πρὸς
3295 1047 3389 1098 τὸν
3426 1045 3663 1111 Αλέξαν-

2078 1137 2204 1205 δρον
2252 1138 2395 1191 κατά
2447 1139 2772 1211 συμμαχίαν
2813 1141 3044 1210 στρατιὰ
3102 1136 3209 1193 ἀπὸ
3262 1125 3507 1195 Σκυθοτν.
3555 1135 3663 1195 Ἦν

2078 1228 2187 1297 γάρ
2214 1291 2219 1298 ι
2245 1228 2310 1300 δὴ
2367 1231 2570 1313 αὐτοὺς
2619 1231 3105 1301 προσκεκλημένος
3146 1230 3242 1313 επὶ
3295 1229 3663 1301 Μπελαοῢρον

2077 1321 2168 1374 τὴν
2192 1319 2353 1386 θεῖον,
2377 1321 2437 1385 ὃς
2468 1306 2869 1388 διαστασιάσας
2900 1322 3037 1395 πρὸς
3066 1306 3231 1377 αὑτὸν
3253 1322 3348 1376 καὶ
3373 1324 3541 1395 μέρος
3562 1322 3662 1392 τῆς

2077 1410 2250 1481 ἀρχῆς
2303 1412 2834 1485 παρασπασάμενος,
2893 1414 3143 1485 λυπηρὸς
3184 1410 3276 1484 ἦν,
3322 1416 3420 1468 καὶ
3474 1415 3662 1476 κακῶς
3758 1469 3775 1479 .

2077 1504 2253 1557 ποιῶν
2309 1505 2409 1575 τὴν
2447 1506 2654 1577 χώραν.
2695 1507 2949 1576 Νομίσας
2997 1506 3056 1559 δὲ
3097 1508 3175 1569 είς
3204 1502 3325 1559 δέον
3360 1506 3659 1577 χρήσεσθαι

2074 1592 2153 1662 τῷ
2173 1595 2377 1665 καιρῷ,
2405 1599 2454 1649 εί
2487 1596 2716 1661 τούτους
2739 1596 3092 1665 ἐξαπατήσας
3125 1600 3398 1664 ἐπαγάγοι
3420 1596 3655 1666 βασιλεῖ,

2073 1685 2166 1736 τῖον
2224 1686 2368 1740 θεῖον
2428 1686 2615 1755 ἔλεγεν
2662 1687 2850 1748 αὐτοῖς
2897 1686 3068 1754 ἐγγὺς
3127 1688 3426 1757 παρεῖναιο
3463 1678 3506 1750 ᾧ
3536 1685 3656 1738 δέον

2073 1777 2206 1845 πρὶν
2242 1775 2533 1829 αἰσθέσθαι
2563 1777 2813 1830 ἐπελθεῖν
2839 1792 2855 1809 ο
2913 1778 3122 1830 ἐκεῖνον
3156 1776 3211 1830 δέ
3250 1776 3419 1847 μηδὲν
3473 1777 3652 1831 εἰδότα

2070 1870 2181 1921 τῶν
2235 1869 2625 1938 γεγενημένων
2684 1866 2992 1938 προθύμως
3058 1868 3400 1938 καταστῆναι
3463 1870 3541 1931 εἰς
3562 1867 3654 1920 τὸν

2070 1959 2310 2027 πόλεμον
2357 1959 2543 2022 εἰκός·
2597 1959 2793 2013 τούτου
2852 1959 2911 2012 δὲ
2963 1959 3324 2030 γενομένουη
3344 1958 3553 2011 ἐκεῖνόν
3589 1974 3651 2010 τε

2066 2051 2536 2123 διαφθαρήσεσθαι
2570 2053 2748 2123 ῥᾷστα
2777 2051 3127 2123 κρατηθέντα
3160 2053 3253 2121 ὑφ’
3285 2051 3447 2121 ἡμῶν
3478 2036 3654 2105 δντων

2068 2144 2553 2198 πολλαπλασιόνων
2584 2147 2681 2197 καὶ
2707 2145 2857 2214 ἡμᾶς
2890 2146 3070 2198 πόνων
3107 2144 3511 2209 ἀπαλλάξεσθαι
3545 2161 3654 2214 μα-

2067 2238 2208 2305 κρὰν
2259 2236 2443 2289 ἀνύειν
2500 2235 2792 2305 μέλλοντας
2853 2236 2995 2292 ὀδόν.
3048 2237 3160 2291 Καὶ
3187 2237 3375 2289 ἔπεισέ
3432 2253 3496 2305 γε
3525 2237 3652 2298 τοὺς

1999 2308 2039 2364 Β
2069 2325 2390 2399 βαρϐάρους
2425 2328 2506 2397 μὴ
2541 2328 2864 2392 συνιδόντας
2890 2327 2988 2399 τὴν
3013 2328 3232 2400 ἀπάτην
3252 2345 3266 2358 ·
3298 2328 3509 2400 βασιλεῖ
3542 2328 3651 2399 γάρ

2065 2421 2165 2494 ob}:
2185 2420 2252 2474 ἀν
2285 2421 2521 2491 ἐπῆλθον
2546 2422 2705 2493 είπερ
2743 2421 3010 2490 ἔγνωσαν,
3053 2422 3141 2474 διὰ
3168 2422 3297 2485 τοὺς
3325 2424 3525 2491 ὅρκους
3555 2426 3650 2476 καὶ

2064 2512 2164 2575 τὰς
2195 2513 2426 2576 σπονδὰς
2466 2512 2560 2576 οὓς
2587 2509 2751 2585 ἦσαν’
2777 2515 2974 2568 νεωστὶ
3031 2513 3170 2584 πρὸς
3223 2515 3388 2568 αὐτὸν
3418 2531 3649 2585 πεποιη-

2066 2604 2222 2674 μένοι
2245 2621 2260 2636 ο
2289 2605 2405 2674 ἄμα
2440 2605 2496 2659 δὲ
2544 2605 2725 2677 ὄρθρῳ
2756 2607 3133 2676 ὁπλισάμενοι,
3167 2604 3406 2677 ἐχώρουν
3429 2603 3518 2659 διὰ
3540 2606 3648 2660 τῶν

2064 2695 2267 2748 στενῶν
2290 2697 2381 2747 ἐπὶ
2396 2695 2725 2766 Ῥωμαίους.
2753 2697 3074 2766 Αἰσοόμενοι
3095 2694 3153 2750 δέ
3165 2701 3211 2750 si.
3239 2698 3501 2767 βασιλέως
3524 2714 3649 2751 σκο-

2063 2787 2156 2839 πολ⁵
2184 2785 2396 2856 (αὐτόθι
2432 2787 2542 2856 γὰρ
2576 2781 2723 2856 ἦσαν
2767 2786 3139 2857 τεταγμένοι),
3175 2786 3523 2855 ἀπήγγελλον
3547 2786 3647 2855 τὴν

2058 2879 2251 2947 ἔφοδον
2286 2877 2428 2931 κατὰ
2478 2878 2644 2948 τάχος
2671 2895 2684 2908 ·
2744 2879 2838 2932 καὶ
2868 2879 2897 2930 6
2921 2878 3177 2950 βασιλεὺς
3215 2878 3462 2932 ἐκέλευεν
3493 2877 3647 2931 ὁπλί-

2065 2971 2254 3035 ζεσθαι
2286 2969 2385 3041 τὴν
2418 2972 2702 3042 στρατιάν.
2757 2970 2911 3025 Ἐπεὶ
2967 2971 3025 3024 δὲ
3064 2970 3392 3034 ὡπλίσαντο,
3420 2958 3647 3041 ἐξῄεσαν

2063 3064 2389 3133 τεταγμένοι
2410 3064 2551 3117 κατά
2572 3064 2859 3132 φάλαγγας
2886 3063 2946 3128 ἒξ
2982 3064 3149 3127 οὕσας
3174 3063 3313 3134 πρὸς
3344 3064 3464 3125 ταῖς
3491 3061 3643 3115 δέκα.

2065 3151 2246 3228 Ἧρχε
2279 3156 2337 3209 δέ
2374 3155 2479 3215 ,τοῦ
2512 3156 2611 3226 μὲν
2641 3156 2817 3221 δοξιοῦ
2858 3162 3039 3226 κέρως
3097 3158 3125 3209 6
3180 3155 3643 3227 πρωτοστράτωρ,

2064 3249 2158 3303 τοῦ
2181 3249 2236 3303 δὲ
2264 3248 2561 3320 ἀριστεροῦ
2599 3248 2992 3318 Τζαμπλάκων
3018 3251 3046 3302 6
3082 3248 3258 3318 μέγας
3303 3247 3517 3309 παπίας
3537 3261 3550 3275 ·
3584 3245 3647 3298 τὸ

2069 3338 2236 3408 μέσον
2264 3337 2319 3390 δὲ
2358 3338 2524 3400 αὐτὸς
2552 3338 2775 3408 ἐπεῖχεν
2804 3339 2832 3389 6
2874 3337 3152 3408 βασιλεύς.
3202 3336 3301 3399 Ἐξ
3329 3336 3385 3388 δέ
3437 3335 3648 3403 φάλαγ-

2065 3443 2161 3495 γες
2210 3428 2272 3480 τὸ
2321 3426 2576 3497 μέτωπον
2619 3428 2895 3498 ἐπλήρουν
2939 3427 3124 3480 ἅπανο
3175 3430 3269 3479 καὶ
3300 3426 3418 3494 μετ’
3442 3426 3645 3488 αὐτοὺς

2065 3515 2208 3590 ἦσαν
2226 3521 2289 3572 αἱ
2312 3520 2447 3573 δέκα
2469 3522 2800 3589 τεταγμέναι
2832 3518 2905 3582 ὡς
2929 3519 3152 3572 ἕκαστοι
3182 3520 3319 3591 μετά
3338 3520 3448 3571 τῶν
3476 3534 3643 3586 στραο

386 3608 707 3673 exaudiunt,
739 3624 861 3678 quae
902 3626 1011 3663 nou
1055 3609 1228 3665 instar
1261 3612 1494 3666 aliarum
1541 3613 1824 3679 tubarum,
1859 3617 1955 3672 sed

2067 3609 2274 3679 τηγῶν.
2331 3611 2597 3675 Βασιλεὺς
2654 3611 2713 3663 δέ
2769 3612 2964 3679 ἠνιᾶτο
3020 3611 3120 3680 μὲν
3167 3610 3519 3681 ὴπατημένος
3567 3611 3644 3673 ὡς

389 3700 673 3753 horridum
758 3701 1021 3768 quiddam
1084 3710 1140 3755 et
1193 3701 1463 3758 absonum
1500 3706 1695 3760 'sonat
1740 3725 1755 3761 :
1797 3709 1957 3777 quale

386 3793 643 3848 Barbaris
673 3794 739 3847 ad
775 3794 998 3849 Martem
1042 3799 1457 3852 accendendum
1510 3800 1732 3854 suliicit.
1777 3800 1957 3867 Quare

387 3886 639 3953 quamvis
671 3885 859 3953 procul
888 3887 1148 3940 audiatur
1178 3887 1312 3941 illud
1368 3890 1512 3942 tubae
1539 3906 1736 3959 genus,
1769 3892 1956 3944 statim

385 3978 725 4045 agnoscitur.
789 3978 992 4033 l’ntans
1046 3988 1226 4034 tamen
1285 3981 1618 4049 imperator,
1679 3997 1787 4036 non
1837 3998 1956 4039 esse

386 4066 614 4143 Scythas
645 4069 845 4140 (neque
876 4070 1022 4125 enim
1053 4087 1244 4141 pacem
1281 4087 1465 4126 secum
1514 4081 1724 4142 pactam
1760 4074 1960 4129 dissol-

387 4159 575 4229 vissc),
619 4161 712 4215 sed
744 4172 893 4216 trans
931 4162 1130 4217 lstrum
1167 4161 1354 4227 Getas,
1388 4164 1480 4233 qui
1529 4163 1721 4219 iisdem
1755 4165 1958 4234 quibus

386 4250 601 4321 Scythae
632 4253 803 4307 armis
853 4263 1090 4317 utentes,
1127 4254 1378 4323 plerique
1413 4246 1606 4311 omnes
1639 4267 1768 4311 sunt
1791 4259 1958 4328 sagit-

388 4348 534 4412 tarii,
570 4345 756 4410 Getas,
787 4349 1036 4416 inquam,
1064 4348 1161 4418 qui
1193 4346 1376 4402 Mtesis
1408 4349 1474 4403 ad
1505 4350 1767 4404 auxilium
1800 4348 1959 4404 ades-

384 4446 528 4503 sent,
574 4448 631 4491 et
659 4437 725 4491 ad
772 4447 1038 4492 terrorem
1091 4438 1473 4493 incutiendum
1525 4439 1783 4511 Scythica
1825 4441 1954 4494 tuba

385 4529 728 4598 clangorem,
778 4544 1013 4599 quorum
1054 4530 1256 4585 virtute
1302 4532 1469 4586 nixus
1501 4531 1834 4597 Alexander,
1875 4532 1957 4585 bi-

386 4621 575 4676 lariter
603 4624 668 4674 ad
694 4632 973 4677 certamen
1004 4624 1267 4693 prodiret,
1289 4624 1409 4693 ipse
1435 4640 1657 4694 quoque
1687 4624 1827 4678 bona
1859 4640 1956 4693 spe

386 4713 580 4781 plenus
601 4723 791 4768 contra
826 4715 1150 4781 ingreditur.
1179 4716 1475 4786 Postquam
1509 4725 1690 4771 autem
1727 4717 1871 4771 inter
1896 4732 1955 4772 se

383 4812 810 4886 copspcxcrunt,
842 4813 899 4859 et
929 4805 1010 4860 sul
1043 4806 1213 4860 altius
1242 4822 1408 4876 supra
1436 4806 1713 4860 ﬁnitorem
1752 4807 1951 4872 elatus,

388 4907 569 4946 rerum
612 4893 932 4949 discrimina
995 4895 1201 4950 clarius
1261 4895 1526 4957 ostendit,
1579 4904 1693 4948 tum
1741 4895 1953 4965 liquido

2064 3701 2200 3754 πολὺ
2256 3700 2354 3770 τῆς
2398 3703 2666 3772 στρατιᾶς
2697 3703 2785 3754 διὰ
2813 3701 2910 3771 τὴν
2955 3700 3066 3754 τῶν
3117 3699 3403 3771 συνθηκῶν
3453 3699 3646 3752 ἐλπίδα

2059 3792 2355 3864 ἐπιτρέψας
2378 3793 2559 3847 οἴκαδε
2594 3794 2926 3864 ἀναχωρεῖν·
2967 3794 3116 3864 ὅμως
3168 3792 3225 3846 δὲ
3257 3793 3392 3863 πρὸς
3451 3795 3637 3859 μόνοις

2057 3888 2181 3949 τοὺς
2226 3885 2449 3948 Μυσοὺς
2472 3884 2563 3938 τὸν
2581 3885 2772 3952 ἀγῶνα
2799 3883 3019 3937 ἔσεσθαι
3047 3885 3303 3954 νομίζων,
3336 3884 3493 3956 ἐπῄει
3514 3886 3643 3953 ί)αρ-

2060 3979 2169 4050 ρᾦ
2227 3980 2430 4042 αὐτοῖς.
2478 3978 2729 4032 Ἀπιοῠσι
2763 3977 2821 4033 δὲ
2874 3978 3102 4048 ἠκούετο
3141 3979 3377 4047 σάλπιγξ
3435 3979 3644 4050 ὴχοῦσα

2058 4048 2330 4140 Σξυθική.
2372 4072 2535 4141 Ἦχεῖ
2570 4077 2681 4145 γὰρ
2715 4072 2778 4123 ού
2800 4071 2943 4123 κατά
2970 4070 3066 4131 τὰς
3100 4070 3286 4134 ἄλλας,
3313 4070 3424 4122 ἀλλ’
3454 4048 3645 4138 ἄγριόν

2056 4179 2111 4216 τι
2142 4165 2239 4217 καὶ
2279 4166 2512 4235 ἀπηχὲς,
2551 4166 2740 4219 ὁποῖον
2787 4164 2969 4216 ἱκανὸν
3014 4159 3157 4217 εἷται
3179 4163 3305 4225 τοὺς
3337 4161 3647 4234 βαρϐάρους

2058 4253 2325 4324 ἐρεθίζειν
2371 4257 2506 4326 πρὸς
2572 4256 2765 4324 θυμόν.
2800 4256 2913 4341 Διὸ⁸
2948 4256 3043 4310 καὶ
3091 4254 3368 4327 γνώριμός
3405 4258 3521 4308 ἐστι
3549 4255 3659 4308 καῖ

2059 4348 2344 4419 πόρρωθεν
2405 4348 2738 4416 ἀκουομένη.
2792 4347 3043 4415 Νομίσας
3095 4346 3152 4400 δὲ
3197 4348 3226 4399 6
3281 4345 3532 4415 βασιλεὺς
3580 4349 3643 4398 ού

2057 4441 2269 4503 Σκύθας
2300 4436 2442 4492 εἶναι
2477 4440 2621 4508 (οὐδὲ
2673 4441 2780 4511 γὰρ
2807 4439 2875 4493 ἂν
2898 4439 3230 4510 ὴθετηκέναι
3259 4438 3359 4500 τὰς
3407 4438 3643 4501 σπονδὰς

2055 4520 2154 4593 τάξ
2194 4532 2330 4601 πρδς
2378 4531 2584 4600 αὐτὸν),
2627 4532 2764 4584 ἀλλὰ
2790 4531 2917 4594 τοὺς
2948 4531 3124 4599 πέραν
3184 4529 3401 4599 Ἴστρου
3448 4528 3641 4593 Γέτας,

2057 4619 2107 4674 οἳ
2135 4610 2425 4691 ὁμόσκευὸι
2455 4622 2569 4683 τοῖς
2601 4618 2839 4681 Σκύθαις
2893 4618 2971 4680 ὡς
3000 4617 3067 4670 τά
3103 4618 3275 4670 πολλά
3304 4618 3442 4669 εἰσιν
3478 4618 3642 4669 ἱπποο

2056 4712 2294 4778 τοξόται,
2327 4714 2473 4766 κατά
2507 4712 2829 4782 συμμαχίαν
2885 4709 3158 4779 παρόντας
3189 4709 3326 4779 πρὸς
3384 4706 3645 4779 ἔκπληξιν

2056 4808 2124 4875 τῇ
2159 4805 2401 4876 Σκυθικῇ
2463 4804 2729 4871 σάλπιγγι
2770 4801 3035 4873 χρῆσθαι,
3088 4796 3170 4863 οἷς
3206 4800 3519 4871 θαρροῦντα
3547 4804 3645 4854 καὶ

2059 4895 2408 4965 Ἀλέξανδρον
2455 4896 2752 4967 προθύμως
2807 4895 2944 4964 πρὸς
2999 4894 3089 4947 τὸν
3135 4893 3370 4962 πόλεμον
3421 4894 3642 4962 χωρεῖν,

384 4984 663 5052 apparuit,
696 4985 1110 5041 adventantium
1143 5002 1338 5058 agmen
1366 4985 1597 5056 Scythas
1628 5001 1788 5052 esse;
1828 5004 1952 5041 nam

2063 4988 2324 5059 ἀντεπῄει
2354 4988 2450 5041 καὶ
2474 4988 2635 5050 αὐτὸς
2661 4988 2903 5059 θαρρῶν,
2947 4987 3101 5039 Ἐπεὶ
3129 4986 3183 5039 δέ
3210 4987 3375 5053 ἐγγὺς
3400 4986 3643 5055 ἀλλήλων

387 5075 570 5130 Μωεὶε
616 5091 727 5131 non
778 5078 1099 5144 intermisti,
1134 5093 1265 5132 suos
1321 5076 1546 5132 ordines
1607 5077 1955 5134 obtinebant.

384 5169 520 5223 Cum
542 5169 651 5238 jam
680 5167 932 5224 facienda
960 5178 1108 5225 esset
1132 5168 1443 5237 impressio,
1481 5169 1698 5240 Scytha:
1724 5170 1960 5239 impera-

386 5270 580 5325 torem,
613 5278 739 5316 cum
787 5263 857 5317 iis
886 5262 981 5332 qui
1012 5272 1171 5317 erant
1202 5263 1257 5317 in
1309 5263 1513 5328 fronte,
1543 5264 1765 5333 paulum
1793 5265 1961 5320 decli-

383 5366 597 5418 nantes,
635 5357 1081 5409 succeuturiatos
1119 5354 1416 5422 invadere;
1459 5344 1600 5426 quos
1649 5372 1843 5428 parum
1874 5371 1961 5411 re-

380 5444 715 5499 sistentesin
735 5445 914 5514 fugam
934 5446 1303 5511 dederunt,et
1332 5464 1503 5518 usque
1531 5450 1958 5506 llhosocastrum

384 5537 722 5606 fugientibus
758 5538 1120 5593 inlmserunt.
1161 5540 1238 5594 lbi
1275 5544 1528 5598 conversi
1551 5543 1779 5597 llomani
1814 5541 1960 5601 facto

383 5646 563 5683 cuneo
598 5629 872 5683 Barbaros
914 5612 945 5684 εἰ
1005 5631 1180 5686 muris
1207 5633 1620 5689 abstinuerunt.
1653 5634 1962 5703 Imperator

385 5722 514 5773 licet
548 5722 885 5786 posteriores
906 5721 1045 5790 fuga:
1074 5737 1133 5778 se
1163 5723 1540 5792 mandassent,
1574 5740 1699 5779 cum
1728 5742 1821 5781 sex
1851 5726 1967 5796 pri-

387 5814 490 5867 mis
522 5813 884 5885 plialangibus
932 5816 1103 5872 nihilo
1157 5816 1331 5887 magis
1369 5832 1427 5873 se
1484 5817 1786 5885 abduccns,
1821 5826 1968 5872 recta

2057 5077 2202 5153 ἦσαν
2234 5082 2356 5134 ὅσον
2390 5080 2644 5151 ὁρᾶσθαι,
2711 5081 2740 5133 ὅ
2767 5097 2827 5133 τε
2865 5080 3019 5149 ἥλιος
3059 5080 3150 5131 τὸν
3183 5078 3434 5147 ὁρίζοντα
3466 5080 3641 5147 ὑπερ-

2060 5174 2182 5238 6ὰςι,
2216 5173 2613 5243 ἐνεργεστέραν
2637 5174 2757 5236 ταῖς
2781 5172 2938 5241 ὄψεσι
2974 5169 3074 5240 τὴν
3101 5169 3332 5238 δύναμιν
3383 5160 3632 5238 παρεῖχε,

2058 5265 2168 5318 τότ’
2193 5265 2293 5336 ἤδη
2320 5264 2581 5335 καθαρῶς
2610 5266 2865 5334 ἐφαίνετο
2890 5260 3130 5333 Σκυθικὴ
3154 5259 3292 5316 εἶναι
3321 5264 3354 5331 ἡ
3380 5262 3640 5335 ἐποιοῦσα

2061 5358 2290 5428 στρατιά
2309 5373 2324 5391 ’
2355 5358 2416 5410 ού
2453 5358 2563 5427 γὰρ
2586 5353 2729 5427 ἦσαν
2756 5356 3080 5426 τεταγμένοι
3116 5355 3255 5422 μετά
3283 5355 3390 5408 τῶν
3410 5354 3637 5422 Μυσῶν,

2060 5450 2177 5502 ἀλλ’
2207 5449 2352 5503 ἰδίαν
2385 5451 2542 5503 αὐτοὶ
2566 5452 2785 5518 ἐπεῖχον
2808 5446 2985 5511 τάξιν.
3033 5446 3184 5498 Ἐπεὶ
3215 5447 3270 5499 δέ
3300 5448 3468 5515 ἐγγὺς
3496 5443 3640 5519 ἦσαν

2059 5543 2185 5596 ὅσον
2209 5541 2487 5613 ὲμὸαλεῖν,
2522 5543 2568 5594 οἱ
2606 5540 2814 5593 Σκύθαι
2850 5539 2943 5591 τὸν
2974 5539 3074 5606 μὲν
3107 5535 3331 5608 βασιλέα
3364 5540 3503 5609 μετά
3529 5539 3639 5593 τῶν

2067 5637 2392 5705 προτάκτων
2446 5633 2850 5705 παρεξέκλιναν
2873 5673 2889 5697 ,
2936 5632 3027 5684 ἐπὶ
3051 5632 3108 5685 δὲ
3134 5635 3263 5694 τοὺς
3300 5633 3633 5696 ἐπιτάκτους

2066 5728 2308 5797 ἐχώρουν
2330 5745 2342 5757 ·
2378 5730 2468 5779 καὶ
2494 5724 2793 5794 ἐτρέψαντο
2815 5724 3170 5801 ἀντισχόντας
3198 5725 3282 5777 ἐπ’
3298 5725 3478 5793 ὀλίγον
3499 5742 3512 5756 ·
3543 5730 3638 5779 καὶ

2065 5822 2166 5891 τὴν
2200 5820 2386 5886 δίωξιν
2436 5821 2759 5889 ἐποιήσαντο
2814 5817 2979 5888 ἄρχρι
3010 5816 3444 5886 Ῥωσοκάστρον.
3492 5817 3642 5893 Ἐκεῖ
