4060 6432
488 375 605 438 587.

1670 379 1912 443 JOANN
1925 379 1996 440 IS
2028 373 2584 438 CANTACUZEND

3675 376 3777 442 588

496 495 696 566 gerint,
726 507 891 566 quam
919 492 1067 564 quod
1104 493 1271 565 pauci
1325 493 1584 567 pluribus
1613 508 1778 567 pares
1807 510 1928 550 esse
1968 505 2077 546 non

2184 491 2463 562 συνθήκας
2490 490 2732 567 άλιῦτους
2758 488 2967 562 μένειν,
2993 492 3088 547 καὶ
3121 490 3362 557 πλείονος
3387 491 3553 548 ινεκα
3593 493 3776 564 φιλίας

496 587 801 657 potuerint.
851 587 912 641 In
968 587 1268 642 amissione
1330 597 1512 644 autem
1569 603 1798 644 suorum
1862 586 2083 641 nullum

493 694 616 735 esse
638 677 939 734 discrimen
966 694 982 746 ;
1019 677 1130 733 imo
1164 678 1316 749 ipsos
1338 679 1530 749 plures
1557 677 1834 734 amisisse.
1874 675 1981 732 Sed
2011 689 2080 730 ne

496 767 675 824 victus
725 767 798 823 ab
849 767 960 824 illis
1007 767 1301 834 habeatur,
1353 769 1500 824 nolle
1552 784 1702 825 nunc
1755 768 2080 824 afﬁnitatem

481 860 877 927 contraheres;
913 875 1103 930 pacem
1131 861 1302 932 286
1330 861 1600 916 duntaxat
1645 871 1702 917 et
1760 861 1940 917 fmdus
1967 877 2080 914 non

480 969 791 1023 recusare;
843 953 935 1009 ubi
974 954 1201 1008 domum
1233 953 1504 1023 redierit,
1530 954 1862 1024 legationem
1913 967 2084 1024 super

497 1051 852 1107 matrimonio
905 1049 1206 1105 missurum
1229 1087 1246 1114 ,
1276 1057 1335 1104 et
1362 1048 1513 1120 quod
1567 1049 1676 1106 sibi
1732 1065 1792 1104 re
1829 1048 2082 1104 discussa

495 1141 758 1212 expedire
792 1141 970 1197 visum
1002 1140 1210 1209 fuerit,
1240 1141 1297 1196 in
1341 1141 1742 1214 tranquillitate
1795 1149 1852 1196 et
1888 1141 2082 1210 requie

481 1238 797 1294 facturum.
844 1237 1052 1292 Ibanes
1102 1249 1229 1290 cum
1286 1235 1392 1290 hoc
1444 1249 1712 1305 responso
1769 1233 1837 1288 ad
1897 1248 2082 1303 regem

495 1346 658 1387 suum
692 1343 971 1393 reversus,
1006 1327 1170 1398 paulo
1218 1337 1344 1398 post
1387 1342 1512 1382 cum
1560 1326 1733 1393 socio,
1780 1325 2082 1381 Alexandri

496 1434 696 1495 patruo
719 1421 1013 1494 Synadeno
1039 1421 1229 1476 rediit.
1251 1422 1429 1491 Caput
1447 1420 1738 1492 legationis
1767 1418 1910 1474 idem
1932 1418 2082 1489 quod

496 1528 646 1581 ante,
678 1514 1175 1582 disserueruntque
1205 1512 1275 1568 de
1310 1507 1577 1568 afﬁnitate
1613 1512 1717 1566 ista
1750 1512 1922 1566 multa
1952 1526 2081 1582 pro-

494 1609 778 1673 babiliter,
814 1607 1019 1679 quibus
1063 1622 1122 1663 se
1173 1607 1560 1677 imperatorem
1611 1605 1850 1662 ﬂexuros
1885 1606 2081 1676 opina-

497 1697 722 1752 bantur.
779 1694 980 1751 Verum
1028 1695 1075 1751 is
1112 1694 1294 1750 denuo
1342 1689 1422 1749 inr
1444 1695 1692 1750 eamdem
1744 1697 2080 1752 sententiam

496 1789 816 1862 respondet,
848 1804 1039 1860 pacem
1115 1789 1341 1860 quidem
1391 1803 1452 1844 se
1499 1788 1800 1859 amplecti,
1847 1801 2082 1859 eamque

495 1882 711 1938 foedere
792 1881 1124 1951 interposito
1198 1880 1705 1947 confirmaturum,
1757 1880 2081 1937 afﬁnitatem

483 1983 680 2033 autem
711 1990 824 2030 non
855 1973 1018 2030 modo
1043 2014 1060 2039 ,
1112 1973 1208 2029 sed
1239 1988 1365 2029 cum
1407 1973 1513 2028 sibi
1548 1973 1820 2044 placuerit
1877 1974 2084 2046 ingres-

463 2097 466 2104 ι
494 2083 709 2124 surum.
741 2065 798 2122 Si
833 2065 1004 2140 igitur
1030 2065 1224 2121 eadem
1263 2065 1336 2122 sit
1363 2066 1584 2122 illorum
1616 2067 1896 2134 voluntas,
1927 2082 2080 2138 quaa-

493 2160 729 2216 rendum
762 2159 831 2215 de
857 2158 1080 2230 Scythis
1102 2150 1128 2226 ,’
1148 2173 1249 2215 cur
1279 2159 1357 2215 illi
1385 2159 1644 2216 videlicet
1693 2175 1884 2230 pacem
1920 2174 2085 2230 rupe-

485 2252 625 2308 rint.
653 2251 752 2307 Sin
783 2250 889 2306 alia
911 2251 1166 2319 quadam
1184 2250 1610 2321 cogitent,eant.
1639 2260 1696 2307 et
1724 2265 1785 2306 se
1810 2261 2084 2323 quatenus

483 2344 715 2400 libuerit
743 2353 1090 2414 comparent.
1137 2341 1323 2412 Legati
1359 2352 1420 2399 ut
1453 2344 1843 2414 imperatorem
1879 2342 2017 2398 nihil
2051 2359 2082 2398 a

447 2435 672 2506 .printo
727 2433 1085 2489 immutatum
1141 2432 1700 2500 animadverterunt,
1753 2433 2080 2490 affinitatem

489 2527 611 2596 ejus
631 2525 896 2580 dixerunt
917 2539 1103 2595 regem
1129 2524 1382 2594 ipsorum
1411 2533 1678 2596 exoptare
1702 2542 2082 2597 summopere,

489 2619 709 2689 sitique
744 2618 1052 2688 imperasse
1078 2653 1095 2681 .
1151 2625 1216 2672 ιιι
1267 2618 1324 2672 in
1370 2633 1436 2674 ea
1466 2617 1816 2674 concilianda
1869 2620 2078 2674 nullam

491 2710 840 2782 diligentiam
869 2708 1388 2782 prater-mitterent.
1445 2709 1545 2766 Sin
1584 2709 1694 2765 iret
1745 2711 1800 2765 in
1831 2710 1936 2765 alia
1965 2725 2085 2765 om-

491 2803 608 2868 nia,
643 2813 758 2858 tum
791 2802 860 2858 de
913 2817 980 2858 ea
1010 2815 1326 2857 sermonem
1355 2801 1412 2856 in
1442 2802 1593 2858 aliud
1629 2811 1858 2874 tempus
1876 2817 2083 2873 oppor-

2185 585 2280 638 καὶ
2313 581 2628 654 ἀσφαλείας
2655 584 2756 653 τῆς
2787 585 2924 656 πρὸς
2963 587 3065 651 τάς
3098 586 3332 649 σπονδάς
3363 585 3462 657 τήν
3492 583 3776 656 θυγατέρα

2181 675 2285 747 τήν
2335 674 2502 730 αὑτοῦ
2531 674 2619 746 τῷ
2654 675 2757 747 υίῷ
2807 678 3021 732 ἐκείνου
3075 677 3477 748 κατεγγυῆσαι.
3514 677 3778 744 Βασιλεὺς

2181 767 2243 822 δέ
2271 767 2332 821 τὸ
2357 768 2460 839 μέν
2494 767 2824 824 τελεσθῆναι
2852 770 2952 834 τὰς
2980 770 3362 840 γεγενημένας
3393 770 3628 832 σπονδάς
3683 771 3777 824 καὶ

2183 860 2338 932 αὐτῷ
2359 857 2500 916 εἶναι
2531 861 2878 932 ἁπεκρίνατο
2896 861 3042 916 κατά
3073 861 3328 932 γνώμην,
3352 863 3476 916 ἐπεὶ
3510 864 3606 916 καὶ
3645 866 3776 933 πρό-

2183 971 2364 1028 τερον,
2391 954 2455 1009 οὐ
2485 953 2630 1026 πρὸς
2650 953 2920 1024 ἀνάγκην,
2944 955 3082 1010 ἀλλά
3111 956 3200 1010 διὰ
3215 955 3275 1010 τὸ
3302 955 3601 1010 λυσιτελεῖν
3619 956 3774 1028 νομί-

2189 1051 2310 1115 ζειν
2358 1048 2459 1122 τὴν
2501 1048 2736 1121 εἰρήνην
2780 1049 3157 1120 γεγενῆσθαι·
3192 1050 3294 1120 τήν
3335 1049 3392 1103 δέ
3451 1050 3773 1120 σνγγένειαν

2189 1143 2266 1216 μὴ
2320 1141 2653 1216 βούλεσθαι·
2697 1141 2851 1206 δόξαι
2884 1142 2994 1213 γὰρ
3034 1141 3102 1196 ἂν
3151 1143 3289 1195 πᾶσι
3327 1141 3395 1194 δι’
3435 1142 3685 1210 ἀνάγκην
3739 1141 3772 1213 ή

2185 1235 2354 1306 φόϐον
2375 1232 2612 1290 τοιαῦτα
2633 1235 2898 1304 πράττειν
2921 1229 3012 1289 οἷα
3034 1235 3100 1306 δή
3127 1235 3484 1305 νενικημένον
3512 1235 3617 1289 ὑπδ
3643 1234 3736 1288 σοῦ
3758 1249 3772 1265 ο

2185 1331 2369 1386 καίτοι
2402 1327 2468 1381 ιτδ
2522 1328 2626 1396 μὲν
2661 1328 2942 1400 τραπῆναι
3007 1328 3366 1398 συμϐέϐηκεν
3421 1329 3556 1396 ἡμῖν
3591 1328 3775 1397 μόνοις

2186 1423 2296 1478 ὑπὸ
2328 1422 2608 1475 πλειόνων
2661 1418 2986 1490 βιασθεῖσιν.
3029 1420 3428 1488 ’Δποστερήσει
3467 1419 3524 1472 δὲ
3549 1420 3656 1472 τῶν
3701 1420 3776 1471 ol-

2184 1517 2352 1572 κείων
2405 1515 2561 1569 οὐδὲν
2609 1515 3004 1585 διενηνόχαμεν
3064 1513 3334 1582 ἀλλήλων.
3384 1512 3613 1576 Πλείους
3659 1515 3768 1583 γὰρ

2183 1608 2492 1664 ἀπεϐάλετε
2515 1609 2673 1679 ὑμεῖς
2689 1625 2704 1640 θ
2728 1609 2878 1678 ὅμως
2901 1606 3065 1660 αὐτοῦ
3086 1622 3151 1672 γε
3189 1604 3356 1659 ἕνεκα
3377 1603 3473 1657 τοῦ
3498 1605 3772 1674 ἡσσῆσθαι

2183 1700 2362 1756 δοκεῖν
2385 1701 2556 1770 ἡμᾶς,
2585 1700 2645 1752 οὐ
2672 1699 2934 1768 βούλομαι
2959 1697 3059 1768 τήν
3079 1695 3404 1766 συγγένειαν
3435 1697 3770 1765 ποιήσασθαι

2187 1795 2329 1859 νυνὶ,
2347 1793 2464 1847 ἀλλ’
2482 1793 2706 1864 εἰρήνην
2729 1791 2890 1862 μόνον
2907 1791 3002 1844 καὶ⁸
3015 1791 3271 1854 σπονδάς·
3295 1789 3696 1860 ἀναστρέψαντι
3713 1789 3772 1842 δὲ

2185 1887 2268 1950 είς
2325 1885 2428 1956 τήν
2476 1884 2686 1938 οίκείαν
2715 1922 2732 1948 ,
2788 1882 3090 1954 πρεσϐείαν
3144 1882 3277 1953 περὶ
3327 1885 3429 1953 τῆς
3465 1882 3774 1950 ἐπιγαμίας

2185 1978 2484 2033 ποιεῖσθαι·
2522 1977 2617 2030 καὶ
2647 1975 2983 2045 σκεψαμένῳ
3013 1977 3042 2028 ὅ
3083 1991 3137 2028 τι
3169 1975 3238 2030 ἀν
3260 1973 3561 2027 λυσιτελεῖν
3587 1971 3774 2042 δοκοίη

2183 2073 2310 2127 καθ’
2339 2071 2576 2142 ἡσυχίαν
2629 2068 2922 2139 πράττειν.
2967 2067 3183 2137 Ἰϐἀνης
3214 2067 3314 2135 μέν
3341 2060 3436 2119 οῦν
3465 2064 3772 2135 ἐπανῆλθεν

2181 2164 2256 2227 ὥς
2274 2161 2503 2234 βασιλέα
2525 2160 2618 2214 τὸν
2649 2160 2873 2226 οίκεῐον,
2891 2161 2991 2222 τὰς
3018 2157 3344 2229 ἀποκρίσεις
3364 2157 3460 2212 τοῦ
3485 2155 3776 2226 Ῥωμαίων

2183 2255 2449 2326 βασιλέως
2501 2255 2650 2323 ἄγων
2671 2269 2686 2285 ο
2741 2253 2839 2309 καὶ
2865 2254 3004 2318 μετά
3045 2255 3242 2324 μικρὸν
3283 2250 3558 2322 ἐπανῆλθε
3606 2250 3772 2304 πάλιν

2183 2347 2456 2418 ἀγωνκαὶ
2482 2347 2945 2417 συμπρεσϐευτήν
2979 2346 3074 2400 τὸν
3115 2345 3468 2416 Ἀλεξάνδρου
3490 2344 3584 2398 τοῦ
3615 2345 3777 2415 βασι-

2184 2441 2322 2504 λέως
2347 2441 2490 2495 θεῖον
2507 2440 2834 2511 Συναδηνδν,
2851 2441 2918 2494 τά
2939 2442 3030 2493 ίσα
3052 2441 3432 2510 πρεσθεύοντα
3465 2441 3557 2493 καὶ
3593 2439 3771 2503 αὖθις,

2184 2535 2319 2604 περί
2349 2551 2408 2586 τε
2440 2535 2533 2588 τοῦ
2558 2534 2756 2605 κήδους
2787 2534 2962 2588 πολλὰ
2990 2533 3374 2603 διαλεγόμενοι
3399 2534 3690 2602 ἐπαγωγὰ,
3709 2532 3775 2599 ἐξ

2182 2621 2259 2682 ὧν
2310 2625 2478 2698 ᾤοντο
2512 2626 2608 2680 τὸν
2655 2627 2882 2698 βασιλέα
2929 2628 3154 2679 πεῖσαι·
3191 2628 3221 2680 ὁ
3253 2626 3509 2696 βασιλεὺς
3554 2627 3612 2680 δέ
3660 2631 3776 2694 τοῖς

2183 2722 2475 2792 προτέροις
2524 2723 2618 2773 καὶ
2678 2719 2834 2783 αὖθις
2882 2720 3085 2790 ἐχρῆτο
3141 2720 3364 2789 λόγοις,
3415 2723 3512 2775 καὶ
3540 2722 3641 2793 τὴν
3672 2722 3774 2792 μὲν

2183 2817 2410 2887 εἰρήνην
2454 2814 2697 2884 ἔφασκεν
2746 2813 3048 2886 αἱρεῖσθαι,
3105 2817 3201 2869 καὶ
3251 2813 3445 2868 θέσθαι
3483 2815 3774 2886 βούλεσθαι

491 2895 682 2950 ιιιηὶυε
710 2894 1028 2967 rejicerent,
1060 2891 1284 2950 interim
1316 2908 1508 2964 pacem
1537 2893 1746 2950 {cedere
1777 2894 2080 2950 sancirent.

2185 2913 2317 2982 περὶ
2359 2912 2531 2982 αὐτῆς
2581 2911 2861 2976 σπονδὰς,
2895 2912 3004 2983 τὴν
3059 2912 3392 2982 συγγένειαν
3436 2911 3493 2966 δέ
3538 2913 3602 2966 οὐ
3653 2913 3775 2966 νυνὶ

489 2987 690 3043 Paucis
742 2987 1008 3057 utrinque
1052 2985 1258 3046 dictis.
1302 3000 1393 3042 res
1446 2987 1741 3054 convenit,
1775 2986 2080 3058 eademque

2187 3006 2465 3075 ποιήσειν,
2511 3003 2624 3056 ἀλλ’
2663 3006 2720 3067 ἐς
2753 3003 2986 3074 ὕστερον
3021 3003 3088 3074 ἢν
3130 3003 3282 3075 αὐτῷ
3332 3004 3488 3076 δοκῇ.
3529 3006 3628 3059 “Av
3673 3006 3776 3070 μὲν
3866 3061 3873 3067 ,

489 3081 581 3137 die
611 3079 759 3138 inser
789 3093 946 3151 reges
998 3077 1185 3136 foedus
1223 3077 1592 3150 jurejurando
1645 3079 1881 3135 solemni
1928 3094 2080 3135 more

2183 3097 2277 3152 οὖν
2309 3099 2404 3152 καὶ
2435 3099 2642 3172 αὐτοῖς
2681 3095 2752 3150 τά
2780 3095 3018 3151 τοιαῦτα
3066 3095 3212 3151 κατά
3242 3097 3474 3168 γνώμην
3499 3091 3560 3169 ᾖ,
3592 3096 3777 3150 διαλέ-

492 3174 795 3238 firmatum,
846 3181 904 3228 et
936 3170 1140 3243 captivi
1186 3167 1561 3227 Romanorum
1582 3209 1598 3236 .
1632 3178 1696 3226 ut
1723 3172 1779 3226 in
1808 3171 2080 3229 condit-io-

2187 3190 2383 3258 γεσθαι
2423 3167 2552 3260 περῖ
2589 3189 2700 3242 τῶν
2758 3188 3068 3257 συνθηκῶν,
3094 3187 3164 3243 ἀν
3218 3188 3265 3243 δ’
3289 3167 3455 3258 ἐτερά
3483 3167 3608 3243 τινα
3657 3191 3778 3243 δια-

445 3317 450 3320 .
489 3265 657 3321 nibns
689 3278 1011 3333 expressum
1037 3271 1183 3330 erat,
1206 3263 1416 3333 absque
1443 3262 1624 3332 pretio
1653 3261 1889 3320 dimissi.
1919 3264 2074 3320 Diem

488 3365 816 3428 sequentem
845 3364 1022 3410 totum
1056 3353 1536 3424 comprandendo,
1569 3362 1627 3411 et
1652 3353 1722 3410 de
1748 3371 1931 3426 pugna
1964 3355 2080 3426 pri-

446 3500 450 3503 .
488 3449 658 3504 diana
686 3444 1097 3512 confabulando
1120 3453 1446 3515 exegerunt.
1501 3445 1814 3502 Alexander
1840 3454 1896 3502 et
1921 3446 2077 3503 Mmsi

490 3542 871 3600 Romanorum
915 3540 1180 3596 virtutem
1225 3551 1352 3593 cum
1399 3547 1629 3609 stupore
1679 3539 2076 3609 pmdicabant,

489 3633 586 3702 qui
610 3645 722 3688 non
752 3630 912 3686 mutti
939 3646 1068 3686 cum
1119 3630 1281 3698 longe
1309 3629 1562 3700 pluribus
1589 3629 1987 3698 decertassent,
2021 3638 2079 3687 et

490 3738 622 3779 cum
646 3731 992 3794 postremum
1017 3735 1212 3793 agmen
1241 3736 1438 3777 manus
1463 3722 1624 3792 plane
1644 3716 1909 3790 dedisset,
1937 3721 2079 3779 nihil

447 3826 678 3873 .tamen
709 3814 897 3870 animo
925 3813 1112 3878 fracti,
1160 3812 1319 3883 quasi
1369 3813 1508 3869 nihil
1558 3813 1880 3886 contigisset
1923 3814 2077 3884 novi,

489 3907 942 3966 constantissimo
978 3907 1178 3979 spiritu
1205 3923 1330 3964 cum
1360 3906 1616 3964 hostibus
1639 3909 2076 3975 concurrissent,

489 4001 877 4073 compulsique
929 4011 1121 4074 postea
1179 4002 1250 4057 ab
1283 4002 1608 4057 instantium
1663 4001 1940 4068 catervis,
2001 4003 2078 4059 ita

489 4095 877 4158 recessissent,
910 4102 972 4149 ut
999 4107 1111 4149 non
1148 4093 1331 4164 fugam
1362 4103 1702 4165 spectarent,
1725 4093 1837 4150 sed
1875 4095 2082 4152 abeun-

489 4197 576 4245 tes
623 4201 685 4244 se
737 4186 1139 4252 defenderent,
1174 4185 1325 4257 quod
1376 4185 1486 4241 'llis
1539 4186 1608 4240 ad
1657 4185 1894 4242 salutem
1943 4202 2080 4244 sane

491 4280 721 4336 multum
786 4279 1012 4348 profuit.
1062 4277 1132 4334 Et
1155 4279 1508 4334 asseverabat
1533 4278 1863 4343 Alexander,
1895 4293 2082 4334 sacra-

491 4358 681 4428 mento
703 4371 920 4433 addito,
971 4369 1024 4428 si
1055 4369 1238 4426 adhuc
1285 4369 1685 4440 aliquantisper
1733 4371 1790 4427 in
1833 4385 1902 4427 eo
1931 4379 2080 4428 statu

490 4462 582 4524 res
603 4466 878 4530 durasset,
908 4477 1014 4520 nec
1041 4462 1314 4534 fugissent
1363 4463 1622 4529 Romani,
1671 4464 1935 4520 sustineri
1967 4481 2079 4522 non

2179 3281 2431 3347 νοῶνται,
2490 3280 2830 3343 ἀπελθόντας
2889 3281 3411 3352 παρασκευάζεσθαι
3474 3282 3581 3336 καθ
3646 3283 3676 3337 ὅ
3721 3301 3776 3338 τι

2176 3370 2244 3425 ἀν
2280 3370 2434 3440 δοκῇ.
2486 3369 2552 3422 Οἱ
2585 3366 2630 3422 δ’
2666 3368 2791 3423 ἐπεὶ
2844 3366 3036 3439 ἐώρων
3094 3369 3322 3440 βασιλέα
3357 3371 3778 3443 ἀμεταστρεπτὶ

2177 3462 2288 3515 τῶν
2316 3460 2378 3526 ἐξ
2408 3459 2588 3533 ἀρχῆς
2635 3461 2904 3532 ἐχόμενον
2958 3460 3265 3532 λογισμῶν,
3314 3463 3417 3534 τήν
3443 3463 3543 3534 μιν
3575 3465 3778 3532 συγγέ-

2178 3569 2331 3609 νειαν
2362 3552 2458 3607 τὸν
2495 3551 2678 3606 αὐτῶν
2700 3552 2912 3622 έφασαν
2943 3551 3167 3622 βασιλέα
3197 3553 3329 3625 περὶ
3359 3553 3615 3612 πλείστου
3645 3571 3776 3610 πει-

2177 3645 2385 3714 εἶσθαι,
2405 3645 2501 3700 καὶ
2521 3643 2708 3708 αὐτοῖς
2733 3645 3173 3715 προστεταχέναι
3193 3646 3325 3718 περὶ
3347 3647 3566 3716 ἐκείνης
3591 3649 3776 3702 πᾶσαν

2181 3733 2562 3802 ἐπιδείξασθαι
2598 3733 2843 3804 σπουδήν
2864 3748 2880 3764 ο
2915 3734 2984 3788 ἂν
3019 3733 3079 3789 δὲ
3111 3734 3186 3806 μή
3225 3736 3585 3807 προσχωροίη
3633 3739 3774 3810 μηδὲ

2179 3828 2474 3883 πείθοιτοὸ
2498 3825 2778 3898 βασιλεὺς,
2817 3824 2934 3879 τότ’
2965 3823 3070 3898 ήδη
3099 3826 3228 3890 τοὺς
3263 3827 3364 3896 μιν
3386 3827 3518 3899 περὶ
3553 3830 3776 3900 ἐκείνης

2180 3919 2376 3989 λόγους
2407 3919 2490 3981 είς
2547 3917 2611 3971 τὸ
2678 3915 2876 3988 μέλλον
2926 3916 3268 3988 ὑπερθέσθαι
3327 3917 3406 3985 ῶς
3463 3919 3646 3992 παιρῷ
3694 3919 3778 3992 τῷ

2181 4012 2523 4084 προσήκοντι
2555 4008 2995 4080 γενησομένουςο
3027 4009 3230 4074 αὐτοὺς
3263 4009 3324 4065 δέ
3370 4012 3503 4084 περὶ
3538 4012 3638 4084 τῆς
3689 4013 3778 4066 εί-
3839 4051 3844 4054 .

2183 4106 2355 4177 ρήνης
2387 4103 2670 4159 ποιεῖσθαι
2698 4103 2798 4166 τὰς
2829 4102 3133 4174 συνθήκας.
3169 4102 3281 4157 Καὶ
3302 4106 3616 4174 γενομένων
3638 4104 3778 4177 παρ’

2181 4194 2515 4268 ἀμφοτέρων
2549 4193 2730 4262 λόγων
2772 4193 2836 4246 οὐ
2892 4192 3130 4260 πολλῶν,
3171 4193 3480 4266 συνέδησαν
3533 4212 3614 4262 τε,
3675 4199 3779 4252 καὶ

2181 4287 2281 4350 τὰς
2320 4287 2554 4350 σπονδάς
2603 4286 2934 4357 ἐποιήσαντο
3003 4286 3360 4360 αὐθημερόν
3426 4289 3520 4343 καὶ
3573 4289 3778 4360 ὅρκους

2181 4381 2512 4450 ἐποιήσαντο
2534 4378 2623 4433 ἐπ’
2653 4379 2852 4441 αὐταῖς
2881 4377 2933 4430 οί
2962 4375 3211 4446 βασιλεῖς
3241 4379 3386 4433 κατά
3405 4379 3466 4433 τὸ
3490 4379 3648 4448 ἔθος,
3678 4385 3778 4436 καὶ

2183 4472 2311 4535 τοὺς
2348 4471 2638 4542 περιόντας
2669 4470 2780 4526 τῶν
2820 4471 3114 4542 Ῥωμαίων
3167 4470 3529 4542 δοριαλώτους
3573 4475 3778 4529 ἔλυσαν

491 4559 758 4631 potuisse,
789 4557 887 4614 sed
938 4556 1138 4612 Missos
1178 4570 1374 4612 eorum
1409 4557 1614 4613 virtute
1661 4571 1726 4613 ac
1761 4557 2074 4625 tolerantia,

2182 4566 2313 4631 ἄνευ
2341 4565 2552 4634 λύτρων
2581 4578 2596 4594 ⁸
2644 4559 2789 4617 οὕτω
2815 4564 2926 4635 γὰρ
2951 4561 3020 4635 ἦν
3055 4565 3180 4624 ταῖς
3220 4566 3520 4636 συνθήκαις
3549 4567 3777 4638 εἰρημέ-

493 4653 883 4724 praecipueque
931 4648 1286 4718 lmperatoris
1325 4649 1632 4714 attonitos,
1678 4649 1862 4721 fugam
1925 4664 2079 4705 arre-

492 4756 688 4817 pturos
717 4745 911 4800 fuisse.
939 4742 1069 4798 Baio
1101 4751 1160 4797 et
1209 4741 1317 4797 alia
1350 4749 1464 4797 toto
1487 4742 1578 4798 die
1622 4743 1914 4814 colloquiis
1961 4744 2077 4815 agi-

493 4846 715 4902 tantes,
771 4835 840 4890 ad
895 4849 1184 4904 vesperam
1241 4833 1387 4889 inter
1439 4849 1498 4889 se
1548 4833 1956 4889 valedixerunt.
2009 4835 2080 4891 Et

491 4929 801 4984 Alexander
823 4926 1046 4999 quidem
1091 4927 1148 4981 in
1178 4941 1410 4995 regnum
1455 4941 1618 4981 suum
1664 4926 1941 4993 discessit,
1979 4927 2082 4982 im-

491 5030 716 5095 perator
749 5019 1104 5076 Rhosocastri
1130 5019 1330 5075 diebus
1359 5019 1574 5090 aliquot
1607 5032 1880 5086 moratus,
1911 5013 2079 5094 Didy-

489 5116 798 5174 motichum
829 5114 958 5170 inde
993 5113 1299 5184 profectus,
1332 5112 1564 5168 militem
1596 5112 1830 5171 dimisit.

2184 4675 2294 4712 νον.
2333 4655 2424 4721 Είς
2458 4645 2870 4726 τῆνύστεραίαν
2917 4672 2976 4708 τε
3004 4656 3286 4726 γενόμενοι
3317 4655 3376 4708 ἐν
3421 4657 3608 4727 ταύτῷ
3642 4673 3777 4710 συν-

2183 4750 2491 4823 ηρῐστησάν
2520 4766 2578 4802 τε
2606 4747 2859 4820 ἀλλήλοις
2893 4749 2986 4802 καὶ
3037 4749 3420 4820 συνδιέτριψαν
3449 4749 3539 4804 διά
3588 4752 3779 4820 πάσης
3849 4773 3854 4778 ο

2180 4846 2282 4916 τῆς
2315 4843 2532 4915 ἡμέρας
2587 4841 2857 4914 περὶτῶν
2915 4842 3311 4912 γεγενημένων
3356 4846 3425 4914 τῇ
3467 4843 3778 4916 προτεραίᾳ

2183 4937 2332 4994 κατά
2381 4939 2484 5006 τὴν
2543 4936 2728 5007 μάχην
2759 4934 3107 5006 ὁμιλοῦντες.
3145 4935 3456 5007 Ἐκπληξις
3479 4937 3589 5007 γὰρ
3621 4933 3778 5009 εἶχεν

2193 5028 2546 5100 Ἀλέξανδρόν
2562 5045 2625 5082 τε
2650 5028 2746 5082 καὶ
2760 5028 2985 5092 Μυσοὺς
3005 5027 3103 5097 τῆς
3131 5027 3420 5094 Ῥωμαίων
3437 5029 3645 5101 τόλμης
3674 5031 3780 5086 καὶ

2179 5122 2280 5193 τῆς
2299 5120 2586 5191 εὐψυχίας,
2615 5121 2698 5172 ὅτι
2717 5119 2890 5186 ὀλίγοι
2931 5119 3072 5188 πρὸς
3097 5117 3542 5186 πολλαπλασίους
3571 5127 3777 5193 ἀγωνι-

489 5212 736 5282 ζόμενοι,
790 5210 888 5263 καὶ
924 5207 1035 5262 τῶν
1073 5206 1193 5278 μετ’
1221 5205 1420 5270 αὐτοὺς
1453 5209 1808 5278 τεταγμένων
1831 5211 2158 5284 ἡττημένων
2195 5217 2300 5289 ’ήδη
2343 5213 2640 5283 λαμπρῶς,
2684 5212 2837 5266 οὐδὲν
2897 5210 3098 5281 μᾶλλον
3129 5213 3353 5286 ὑφῆκάν
3396 5218 3495 5288 τῆς
3549 5217 3784 5288 ἀνδρίας

488 5312 586 5364 καὶ
624 5310 728 5380 τῆς
748 5309 956 5378 τόλμης
992 5321 1009 5337 ο
1061 5305 1183 5360 ἀλλ’
1213 5303 1405 5374 ῶσπερ
1450 5296 1681 5376 μηδενὸς
1711 5309 1904 5363 καινοῦ
1936 5316 2248 5382 γεγονότος,
2273 5315 2530 5386 ἀτρέπτῳ
2586 5314 2901 5384 φρονήματι
2955 5311 3252 5365 πνέὸαλον
3289 5325 3416 5380 τους
3448 5317 3775 5388 πολεμίους·

489 5410 588 5464 καὶ
628 5405 952 5479 βιασθέντες
987 5402 1094 5456 ὑπὸ
1144 5401 1240 5456 τοῦ
1280 5402 1529 5471 πλήθους
1587 5404 1729 5474 μετά
1763 5406 1940 5463 ταῦτα
1971 5411 2098 5464 ἐπεὶ
2137 5411 2480 5486 ἀνεχώρουν,
2503 5410 2564 5462 οὐ
2598 5410 2736 5481 πρὸς
2762 5409 2942 5480 φυγὴν
2975 5410 3325 5466 παντάπασιν
3361 5414 3611 5482 ἀπεϊδον,
3647 5415 3774 5468 ἀλλ’

489 5506 763 5575 ἠμύνοντο
790 5503 1066 5563 ἀπιόντες,
1124 5499 1263 5568 ὅπερ
1291 5501 1387 5550 καὶ
1440 5497 1682 5569 μάλιστα
1715 5501 1975 5558 διέσωσεν
2008 5508 2232 5574 αὐτούς.
2256 5487 2640 5562 Διεὸεθαιοῦτό
2666 5523 2728 5558 τε
2779 5506 3130 5578 Ἀλέξανδρος
3188 5514 3282 5564 καὶ
3325 5513 3520 5581 ὅρκους
3550 5528 3783 5583 προστι-

492 5594 628 5660 θεὶς,
653 5595 736 5659 ὡς
769 5597 818 5648 εί
847 5594 1039 5666 χρόνον
1061 5594 1184 5647 τινά
1213 5593 1292 5647 ἔτι
1332 5593 1620 5663 ἐνέμειναν
1653 5597 1854 5667 μικρὸν
1883 5599 1977 5652 ἐπὶ
2005 5599 2099 5654 τοῦ
2139 5603 2446 5672 χρήματος,
2477 5602 2573 5654 καὶ
2608 5601 2682 5670 μὴ
2713 5599 2929 5669 ἐγένετο
2960 5603 2994 5674 ή
3027 5607 3227 5676 τροπὴ,
3249 5607 3350 5660 οὐκ
3380 5607 3446 5660 ἀν
3471 5589 3785 5677 ὑπέμεινεν

493 5692 688 5748 αὐτοί·
721 5691 838 5747 ἀλλ’
891 5691 1097 5762 ᾤχοντο
1150 5691 1475 5761 φεύγοντες,
1507 5693 1960 5765 ἐκπεπληγμένοι
1985 5697 2086 5770 τὴν
2125 5699 2335 5769 τόλμαν
2365 5697 2548 5753 αὐτῶν
2615 5699 2710 5752 καὶ
2738 5699 2836 5770 τήν
2888 5702 3187 5772 καρτερίαν
3216 5703 3312 5756 καὶ
3377 5702 3616 5774 μάλιστα
3679 5703 3788 5772 βα-

497 5790 711 5855 σιλέως.
737 5789 978 5844 Τοιαῦτα
1017 5791 1112 5843 καὶ
1133 5790 1277 5861 ἕτερ’
1309 5790 1444 5844 ἄττα
1471 5791 1561 5845 διὰ
1592 5793 1773 5864 πάσης
1797 5793 1898 5864 τῆς
1927 5795 2142 5868 ήμέρας
2170 5797 2564 5865 ὁμιλήσαντες,
2633 5795 2772 5862 πρὸς
2835 5797 3080 5863 ἑσπέραν
3146 5799 3538 5860 συνταξάμενοι
3603 5799 3782 5866 ἀλλή-
