4060 6412
466 274 574 339 589

1605 279 2153 346 HISTORIARUM
2190 281 2430 346 LIBER
2470 283 2558 346 II.

3616 293 3725 356 590

435 393 599 472 ἰλοις,
638 393 986 467 Ἀλέξανδρος
1018 398 1117 468 μὲν
1151 398 1510 465 ἐπανέζευξεν
1533 399 1616 464 εἰς
1664 398 1765 470 τὴν
1813 397 2042 466 οἰκείαν,
2085 397 2343 470 βασιλεὺς
2365 473 2368 476 γ
2392 400 2451 455 δὲ
2501 401 2900 478 Ῥωσοκάστρῳ
2918 405 3133 480 ἡμέρας
3154 407 3576 482 ἐνδιατρίψαςού
3601 412 3728 466 πολι

465 489 587 556 λάς,
621 489 763 561 ἄρας
789 492 1023 558 ἐκεῖθεν,
1054 487 1220 565 ἦλθεν
1249 497 1330 559 είς
1367 495 1770 568 Διδυμότειχον,
1816 495 1913 548 καὶ
1942 494 2158 549 διέλυσε
2191 493 2293 566 τὴν
2328 498 2614 568 στρατιάν.
3586 491 3594 499 ’

1739 636 1905 708 337
1943 633 2172 691 CAPUT
2208 635 2453 694 xmn.

464 749 714 830 Augurius
745 755 967 830 satrapa
1307 751 1364 830 in
1392 751 1697 830 “rrec-imm
1726 751 1905 806 irruit.
1937 749 2236 830 __Ronta_mrs
2291 754 2562 830 occurrit;
2591 771 2625 812 ιι
2655 757 2858 812 neutris
2882 828 2890 830 Α
2911 765 3090 814 tamen
3133 775 3326 830 pugna:
3368 758 3434 830 ﬁt
3493 763 3731 818 initium.-

535 819 716 890 Persu:
741 819 958 890 domum
986 818 1198 874 abeunt.
1223 821 1555 876 Andronicus
1584 823 1782 884 senior.
1827 834 1876 875 et
1926 821 2078 875 Xeno
2108 823 2445 890 imperatoris
2495 818 2665 882 uiator
2699 831 2807 882 vita
2855 818 3145 884 decedunt:
3164 818 3541 886 Honorinum
3573 833 3730 886 Thes-

538 889 692 972 salia:
725 889 1046 972 gubernator
1093 890 1165 972 ad
1234 892 1593 972 principatum
1635 903 1938 972 grassatur:
1988 889 2223 972 Thessali
2263 898 2518 972 _mon_tt_mi
2569 897 2884 972 imperatori
2930 898 3282 956 obedientiam
3337 901 3602 972 deferunt.
3647 903 3728 957 Ad

535 957 770 1024 Crulem,
802 965 860 1011 ut
894 958 1117 1024 amicus,
1144 957 1419 1030 inopinato
1445 963 1608 1028 venit,
1636 957 1854 1032 'quicum
1884 960 1994 1018 dies
2026 967 2223 1028 septem
2243 963 2482 1033 jucunde
2524 957 2706 1037 exigit.

552 1097 664 1151 Καὶ
736 1097 874 1166 μετά
929 1099 1424 1170 πεντεκαιδεκάτην
1478 1101 1697 1172 ἡμέραν
1756 1100 2039 1171 mrum

2224 1101 2357 1162 Poet
2405 1105 2555 1162 diem
2604 1109 2859 1179 quintum
2914 1111 3190 1168 decimum
3243 1113 3479 1169 nuntius
3529 1113 3726 1176 Venit.

468 1189 621 1260 αὐτῷ
659 1187 736 1253 ὡς
761 1192 790 1244 ό
824 1191 1082 1262 Σμύρνης
1129 1193 1227 1245 καὶ
1273 1193 1502 1262 Ἐφέσου
1547 1193 1644 1247 καὶ
1707 1193 1885 1248 ἄλλων
1936 1191 2048 1245 τῶν

467 1283 608 1336 κατὰ
637 1282 740 1352 τὴν
753 1283 963 1337 Ἰωνίαν
989 1284 1201 1337 ⁴πόλεων
1252 1285 1543 1357 σατράπης
1592 1285 1818 1355 ’Δμοὺρ,
1882 1285 2046 1338 πέντε

468 1375 619 1443 άγων
651 1374 746 1427 καλ⁸
772 1374 1146 1444 ἐϐδομήκοντα
1167 1377 1355 1430 στόλον
1383 1378 1542 1442 νεῶν,
1569 1377 1906 1446 τδνΑίγαῖον
1928 1378 2049 1430 δια-

469 1462 655 1517 ϐαλὼν
691 1462 1026 1537 Σαμοθρᾴκῃ
1055 1467 1326 1538 προσέσχε
1355 1467 1575 1535 πρῶτον
1598 1483 1612 1498 ·
1638 1465 1894 1522 κάκεῖθεν
1913 1465 2048 1540 πρὸς

466 1557 568 1622 τὴν
588 1556 889 1627 ἀντιπέρας
919 1556 1150 1628 ἤπειρον
1175 1559 1532 1630 περαιωθεὶς,
1563 1561 1635 1613 τὰ
1656 1561 1775 1614 ἐκεῖ
1803 1559 2046 1629 παράλια

466 1649 569 1716 τῆς
597 1648 820 1720 Θρᾴκης
843 1649 1146 1718 παραπλεῖ,
1168 1650 1364 1722 ἄδηλος
1390 1651 1469 1705 ὢν
1497 1653 1624 1706 ὅποι
1676 1652 2043 1722 ἀποϐήσεται.

469 1740 676 1794 Αὐτίκα
701 1757 762 1794 τε
797 1741 864 1795 ἐκ
884 1741 997 1794 τῶν
1023 1744 1309 1813 παρόντων
1341 1745 1500 1810 ὅσους
1550 1744 1680 1816 ἐνῆν
1700 1744 2042 1813 συναγαγὼν,

469 1832 603 1901 πρὸς
631 1831 700 1886 τὰ
730 1833 975 1903 παράλια
1003 1835 1202 1904 ἐχώρει
1234 1836 1330 1906 τῆς
1353 1835 1601 1908 Θρᾴκης,
1634 1835 1710 1902 ὡς
1737 1835 1819 1907 τῷ
1844 1839 2046 1907 Περσι-

471 1923 553 1995 κῷ
576 1924 750 1994 στόλῳ
778 1924 1012 1997 κώλυμα
1044 1927 1308 1996 ἐσόμενος
1331 1919 1428 1981 τοῦ
1457 1928 1534 2000 μὴ
1583 1929 1898 1994 ἀποϐάντας
1940 1947 2044 1983 κα-

470 2017 594 2070 κοῦν
613 2018 716 2089 τήν
744 2016 948 2090 χώραν.
983 2019 1312 2091 Συμϐέϐηκε
1345 2021 1403 2074 δὲ
1434 2021 1667 2091 βασιλέα
1707 2038 1768 2076 τε
1798 2023 1940 2076 κατά
1973 2022 2045 2076 τὰ
2072 2090 2079 2096 _

476 2108 866 2178 Κουμουτζηνά
901 2109 1148 2180 πόλισμα
1182 2112 1283 2180 τῆς
1316 2112 1543 2183 Θρᾴκης
1579 2113 1641 2166 ού
1666 2112 1800 2169 πολὺ
1824 2114 2044 2185 ἀπῳκι-

478 2203 667 2272 σμένον
711 2203 815 2273 τῆς
856 2203 1136 2272 θαλάσσης
1165 2204 1494 2260 αὐλίσασθαι
1542 2207 1644 2277 τὴν
1684 2208 1894 2275 νύκτα,
1944 2210 2042 2264 καὶ

481 2295 687 2366 Ἀμοὺρ
741 2297 882 2352 κατά
942 2297 1042 2365 τὴν
1094 2298 1306 2369 Ποροῦν
1364 2299 1638 2368 παράλιον
1677 2301 1776 2372 τῆς
1815 2302 2039 2373 Θρᾴκης

2149 1194 2440 1253 Amm-ium
2493 1198 2782 1272 Smyrnae,
2834 1202 3057 1273 Ephesi,
3105 1205 3450 1275 aliarumque
3505 1206 3726 1261 urbium

2151 1287 2316 1342 lonia:
2336 1298 2612 1361 satrapam
2642 1307 2766 1347 cum
2805 1293 2983 1350 classe
3015 1295 3261 1365 quinque
3290 1305 3348 1350 et
3377 1299 3725 1367 septuaginta

2151 1380 2372 1436 navium
2405 1379 2592 1452 Egaso
2641 1383 2836 1453 pelago
2866 1386 3211 1452 transmisso,
3250 1387 3491 1455 primum
3521 1387 3588 1440 ad
3623 1385 3726 1440 Sa-

2149 1470 2474 1526 mothracen
2505 1471 2798 1542 appulsnm
2827 1513 2843 1538 ,
2889 1473 3090 1529 deinde
3135 1473 3202 1528 ad
3241 1477 3548 1546 oppositam
3597 1492 3729 1531 con-

2148 1561 2414 1616 tinentem
2450 1562 2740 1618 advectu
2769 1601 2786 1629 ,
2839 1563 2953 1619 illic
2986 1580 3140 1620 oram
3195 1563 3443 1621 Thracia
3497 1567 3678 1636 legere
3709 1605 3727 1631 ,

2145 1667 2379 1722 esseque
2408 1653 2703 1720 incertum,
2742 1655 2836 1710 ubi
2869 1655 3247 1711 descensurus
3293 1657 3385 1712 sit.
3439 1655 3728 1726 Extemplo

2148 1745 2316 1814 igitur
2343 1760 2472 1800 cum
2505 1747 2762 1816 prmsenti
2801 1747 2960 1816 cepia
2995 1758 3202 1818 quanta
3240 1756 3447 1819 quanta
3480 1757 3621 1814 erat,
3657 1749 3727 1802 ad

2147 1839 2397 1895 Thracia;
2445 1839 2652 1904 littora,
2698 1840 2893 1896 Persas
2943 1841 3298 1911 pupulatione
3339 1842 3728 1912 “prohibiturus

2145 1931 2448 2001 imperator
2509 1931 2834 1986 contendit:
2867 1947 3032 2003 quem
3098 1932 3459 1989 Cumutzenis
3523 1934 3727 2004 oppido

2145 2037 2257 2077 non
2291 2022 2482 2092 procul
2513 2038 2544 2077 a
2581 2023 2719 2077 mari
2757 2033 3089 2094 pernoctare
3137 2026 3416 2094 contigit,
3463 2036 3520 2080 et
3553 2026 3725 2081 Antu-

2143 2114 2265 2169 rius
2314 2113 2459 2183 apud
2496 2114 2696 2169 Porum
2726 2155 2742 2182 ,
2779 2115 2962 2170 locum
3019 2115 3361 2171 maritimum
3413 2129 3444 2172 e
3490 2119 3724 2187 regione

2142 2205 2612 2262 Cumutzenorum
2639 2205 2949 2261 descendit.
3007 2207 3260 2277 Dumque
3313 2206 3362 2262 is
3409 2207 3476 2262 ad
3513 2207 3726 2270 ιιι-δάος

2146 2299 2384 2371 agendas
2413 2314 2538 2354 cum
2568 2299 2827 2354 omnibus
2873 2298 3012 2364 suis,
3055 2307 3112 2352 et
3143 2298 3445 2368 imperator
3484 2300 3552 2354 ad
3586 2316 3720 2369 prae-

465 2387 652 2457 χώραν
706 2392 1045 2461 καταντικρὺ
1107 2391 1548 2464 Κουμουτζηνῶν
1604 2391 1708 2464 τὴν
1765 2394 2038 2449 ἀπόϐασιν

2145 2392 2319 2447 dones
2343 2391 2682 2447 cohibendos
2714 2393 3045 2460 procedunt,
3101 2391 3156 2446 in
3203 2391 3328 2447 loco
3360 2392 3594 2463 Panagia
3627 2407 3715 2462 apr

465 2479 818 2549 ποιήσασθαι.
836 2477 1155 2545 Ἐξελθόντα
1182 2499 1240 2535 τε
1259 2483 1422 2536 αὐτὸν
1449 2487 1796 2556 πανστρατιᾷ
1835 2486 1909 2550 ὡς
1939 2486 2039 2540 ἐπὶ

2141 2484 2368 2556 pellato,
2402 2484 2508 2540 sibi
2555 2496 2898 2549 occurrunt,
2953 2486 3178 2556 regione
3222 2487 3384 2558 plana
3414 2497 3471 2543 et
3503 2488 3724 2558 atquein,

464 2568 615 2622 λείαν
644 2571 739 2622 καὶ
770 2571 998 2640 βασιλέα
1031 2573 1124 2625 ἐπὶ
1153 2573 1214 2626 τὸ
1242 2573 1487 2628 κωλῦσαι
1544 2575 1848 2652 προελθεῖν,
1909 2593 2040 2630 συν-

463 2664 646 2733 τυχεῖν
677 2663 928 2734 άλλήλοις
965 2665 1111 2719 κατά
1156 2684 1210 2720 τι
1259 2668 1460 2738 χωρίον
1494 2668 1887 2740 ὠνομασμένον
1921 2671 2039 2724 II:-

465 2755 679 2824 ναγίαν,
731 2755 759 2809 ὃ
797 2757 987 2812 ὕπτιον
1017 2758 1118 2828 μὲν
1149 2752 1217 2830 ἦν
1257 2761 1350 2812 καὶ
1394 2759 1632 2830 ίὸμαλδν,
1663 2762 1758 2814 καὶ
1801 2760 2040 2832 μάλιστα

467 2847 886 2918 ἐπικαιρότατον
918 2848 1149 2903 ίππεῦσι
1194 2851 1331 2921 πρὸς
1361 2851 1556 2915 πεζοὺς
1583 2853 2029 2922 διαγωνίζεσθαι,

467 2939 560 2993 καὶ
598 2939 686 2994 διὰ
711 2941 868 2995 τοῦτο
899 2939 1119 3009 βασιλεῖ
1157 2945 1387 3014 παρεῖχε
1425 2943 1736 3014 προθυμίαν
1785 2945 2033 3014 συμπλέ-

474 3037 668 3088 κεσθαι
697 3039 810 3100 τοῖς
847 3037 1172 3108 βαρϐάροις.
1211 3037 1512 3108 Ἀπέτρεπε
1543 3034 1774 3101 δὲναῦθις
1801 3038 1862 3091 τὸ
1894 3038 2035 3109 πλῆ-

465 3127 557 3190 θος
573 3129 682 3182 τῶν
713 3129 963 3199 Περσῶν,
989 3129 1048 3182 οὐ
1071 3132 1192 3199 τρὶς
1233 3133 1330 3184 καὶ
1359 3131 1620 3202 τετράκις
1651 3131 1773 3185 οὑδέ
1793 3131 2037 3196 δεκάκις,

462 3219 600 3275 ἀλλά
652 3226 749 3275 καὶ
788 3221 1080 3286 πλεονάκις
1117 3223 1393 3279 τοσούτων
1429 3217 1598 3280 ὄντων
1638 3225 1672 3296 ἢ
1712 3225 1870 3287 ὅσους
1903 3219 2040 3294 ἦγεν

466 3309 652 3379 αὑτὸς,
677 3315 773 3366 καὶ
788 3314 879 3368 διὰ
897 3312 1058 3366 τοῦτο
1073 3311 1200 3366 οὔτε
1222 3305 1560 3386 ἀφίστασθαι
1582 3313 1767 3370 αὐτῶν
1803 3315 2038 3386 ἠδύνατο

464 3402 607 3474 ὀρῶν
636 3406 736 3459 οὐκ
762 3407 1089 3464 ἀνέλπιστον
1111 3411 1209 3483 τὴν
1235 3409 1586 3480 ἐπιχείρησιν
1615 3407 1798 3462 αὐτῶν
1828 3392 1848 3437 ”
1886 3407 1948 3460 τό
1977 3422 2038 3459 τε

465 3496 878 3566 συμπλέκεσθαι
925 3503 1165 3556 ἐποιεῖτο
1211 3502 1270 3555 ἐν
1319 3499 1499 3571 δεινῷ,
1559 3501 1609 3554 εί
1645 3499 1855 3568 ὀλίγους
1887 3499 2040 3568 άγων

463 3588 601 3658 πρὸς
631 3588 917 3654 τοσούτους
954 3589 1408 3646 διακινδυνεῦσαι.
1454 3581 1726 3653 Ἐλπίζων
1754 3589 1813 3642 δέ
1843 3589 2039 3659 ἀφίξε-

465 3680 588 3736 σθαι
624 3681 719 3734 καὶ
755 3680 1218 3754 άλληνστρατιὰν
1313 3676 1383 3754 ἦν
1416 3680 1874 3753 προστεταγμένη
1900 3682 2039 3752 πρὸς

2139 2575 2428 2646 equitique
2454 2584 2646 2631 contra
2694 2576 2934 2646 peditem
2968 2577 3254 2647 aptissima
3284 2595 3298 2632 :
3336 2575 3392 2632 id
3441 2580 3585 2649 quod
3622 2577 3728 2633 im-

2140 2666 2380 2738 peratori
2408 2667 2768 2737 cupiditatem
2797 2683 2923 2724 cum
2966 2668 3218 2725 barbaris
3254 2669 3608 2740 depraaliandi
3642 2671 3726 2725 in.

2135 2758 2386 2830 jiciebat.
2421 2757 2528 2814 Sed
2561 2775 2782 2814 rursum
2815 2761 2884 2816 ab
2912 2776 2976 2816 ea
3010 2771 3194 2818 mente
3224 2761 3549 2818 eorumdem
3586 2763 3729 2818 mul-

2143 2849 2323 2904 titudo
2359 2887 2376 2913 .
2403 2865 2514 2906 non
2548 2860 2632 2906 ter
2659 2892 2674 2917 ,
2705 2861 2923 2921 quater,
2973 2852 3070 2908 scd
3099 2853 3304 2920 decies,
3353 2853 3463 2909 imo
3517 2853 3727 2932 pluries

2141 2955 2240 2996 sua
2268 2941 2463 3013 major.
2497 2943 2676 3012 ipsum
2709 2943 3028 3000 revocabat.
3065 2945 3243 3016 Atque
3293 2946 3504 3002 idcirco
3535 2947 3728 3002 absce-

2142 3033 2274 3089 da-re
2308 3048 2417 3088 non
2450 3043 2709 3104 poterat,
2764 3051 2890 3090 cum
2946 3035 3006 3091 in
3051 3037 3416 3094 abscedentes
3458 3039 3728 3108 impetum

2142 3125 2384 3180 facturos
2407 3125 2671 3180 credibile
2702 3123 2856 3182 ﬁeret
2881 3144 2895 3180 :
2925 3134 2980 3182 et
3006 3126 3301 3198 conﬂigere
3329 3127 3474 3182 haud
3502 3140 3722 3200 aequum

2136 3216 2444 3289 judicabat,
2473 3217 2620 3287 quod
2665 3211 2900 3289 exiguos
2947 3235 3180 3275 numero
3213 3229 3319 3274 tam
3353 3221 3543 3276 multis
3575 3221 3725 3291 peri-

2141 3311 2332 3366 culose
2358 3311 2646 3382 objiceret.
2689 3311 2866 3367 Aliam
2894 3328 3028 3368 vero
3057 3328 3308 3378 manum,
3335 3329 3501 3384 quam
3534 3314 3728 3370 venire

2136 3403 2397 3476 iusserat,
2423 3411 2768 3473 exspectans,
2797 3403 2912 3460 illic
2933 3406 3210 3470 manebat,
3233 3415 3297 3461 ut
3322 3405 3495 3462 ubiea
3519 3405 3728 3462 adfuis-

2143 3505 2248 3560 set,
2281 3510 2405 3551 cum
2441 3489 2698 3549 Barbaris
2749 3497 3218 3567 congrederetur;
3259 3495 3314 3552 id
3345 3497 3493 3552 enim
3527 3506 3585 3553 et
3611 3511 3726 3551 ma-

2143 3603 2282 3660 gnus
2312 3586 2670 3652 domesticus,
2704 3595 2757 3642 et
2799 3587 3047 3661 ejusdem
3075 3586 3364 3643 domestici
3395 3601 3557 3642 socer
3589 3589 3726 3642 Asa-

2144 3697 2245 3737 nes
2279 3681 2395 3738 illic
2424 3688 2725 3753 praesentes
2770 3681 3102 3748 suadebant,
3131 3679 3468 3751 Barbarique
3512 3691 3726 3735 natura

463 3775 626 3828 αὐτὸν
656 3771 856 3842 ἐλθεῖν,
909 3772 1236 3847 περιέμενεν
1269 3776 1408 3842 ἐκεῖ,
1443 3775 1520 3839 ὼς
1564 3775 1615 3828 εί
1647 3774 1896 3844 ἀφίξοιτο
1925 3776 2036 3838 τοῖς

2143 3774 2246 3830 1οοί
2277 3790 2384 3829 non
2417 3775 2680 3841 ﬁdebant,
2708 3773 2856 3845 quod
2887 3773 3028 3829 nihil
3053 3783 3175 3830 erat
3202 3775 3502 3838 munitum.
3528 3787 3639 3844 quo
3663 3786 3724 3828 se

465 3864 770 3939 βαρϐάροις
792 3864 1106 3938 συμϐαλών.
1128 3867 1288 3923 Οὕτω
1311 3869 1421 3937 γὰρ
1443 3869 1471 3922 ὅ
1499 3885 1562 3923 τε
1591 3869 1766 3937 μέγας
1781 3865 2035 3937 δομέστι-

462 3977 557 4024 κος
569 3961 708 4015 καὶὸ
735 3953 928 4014 τούτου
947 3959 1213 4026 πενθερὸς
1247 3961 1479 4033 ’Δσάνης
1503 3960 1890 4015 συνεϐούλευεν
1917 3961 2040 4014 ἐκεῖ

460 4052 675 4123 παρών·
689 4051 743 4106 οἵ
759 4069 816 4106 τε
831 4051 1096 4126 βάρϐαροι
1112 4055 1180 4125 τῇ
1195 4053 1355 4122 φύσει
1375 4053 1475 4124 μὲν
1486 4051 1580 4107 τοῦ
1597 4052 1761 4106 τόπου
1779 4051 1878 4106 οὐκ
1890 4051 2043 4124 ἐθάρ-

465 4147 594 4218 ρουν
611 4145 700 4200 διά
721 4146 782 4200 τὸ
809 4145 1080 4216 μηδεμίαν
1101 4139 1243 4200 εἶναι
1263 4142 1618 4216 ἀναχώρησιν
1651 4144 1787 4214 πρός
1811 4161 1864 4198 τι
1897 4161 2039 4216 καρ-

462 4239 620 4308 τερὸν
673 4239 720 4292 εί
775 4237 1048 4311 βιάζοιντο
1081 4235 1187 4292 ὑπὸ
1226 4237 1338 4292 τῶν
1394 4236 1630 4292 ἱππέων·
1656 4237 1735 4308 τῷ
1766 4237 1959 4308 πλήθει
1981 4237 2040 4291 δέ

462 4330 696 4399 ὁρῶντες
742 4331 970 4396 ἑαυτοὺς
1011 4331 1380 4402 ὑπερέχοντας
1412 4329 1548 4384 πολὺ
1592 4323 1701 4383 τῶν
1743 4329 2037 4401 πολεμίων,

463 4421 821 4493 ἐκαρτέρουν,
868 4424 1008 4492 μήτε
1063 4419 1326 4492 ἄρχοντες
1374 4413 1527 4474 αὐτοὶ
1576 4416 1840 4490 πολέμου,
1899 4421 2038 4490 μήτε

467 4513 904 4583 ἀναχωροῦντες,
957 4511 1045 4567 ἵνα
1069 4515 1153 4584 μὴ
1209 4512 1410 4584 θάρσος
1443 4511 1726 4583 παρέχωσι
1743 4509 2039 4583 Ῥωμαίοις

465 4607 828 4678 ἐπιφέρεσθαι
867 4605 1074 4671 αὐτοῖς.
1118 4602 1274 4662 Οὕτω
1313 4603 1414 4677 μὲν
1469 4597 1564 4658 οὖν
1620 4603 1912 4676 ἀμφότερα
1969 4605 2039 4658 τά

407 4688 413 4692 ⁸
467 4700 861 4773 στρατεύματα
891 4699 1136 4774 είστήκει
1167 4697 1422 4772 ἀλλήλοις
1481 4695 2038 4767 ἀντιπαρατεταγμέ-

395 4845 400 4848 .
464 4809 565 4858 νοι,
587 4792 816 4864 γνώμην
842 4792 1057 4863 ἔχοντες
1085 4791 1340 4862 ἑκάτεροι
1371 4789 1445 4860 μὴ
1466 4789 1902 4860 προεπιχειρεῖν,
1922 4782 2038 4840 ἀλλ’

461 4885 767 4954 ἀμύνεσθαι
796 4886 922 4947 τοὺς
951 4885 1230 4949 ἐπιόντας.
1281 4883 1437 4938 Ἐπεὶ
1467 4882 1523 4936 δὲ
1556 4882 1657 4953 ήδη
1695 4882 1826 4951 περὶ
1855 4879 2039 4951 δείλην

460 4979 494 5046 ἡ
526 4976 711 5046 ἡμέρα
735 4971 825 5048 ἦν,
862 4977 911 5029 οἱ
946 4975 1217 5048 βάρϐαροι
1247 4979 1516 5048 πρότερον
1555 4975 1872 5046 Ἑλληνιστὶ
1898 4974 2036 5044 πρὸς

2145 3866 2478 3936 reciperent.
2509 3866 2554 3924 si
2587 3867 2655 3924 ab
2685 3866 2969 3936 equitibus
2997 3875 3352 3937 urgerentur.
3387 3863 3526 3920 Cum
3558 3877 3723 3932 porro

2142 3975 2201 4016 se
2235 3941 2489 4016 hostibus
2537 3961 2698 4031 longe
2746 3959 3164 4016 numerosiores
3191 3958 3447 4014 viderent
3477 3999 3498 4023 ,
3549 3957 3724 4012 dura-

2142 4052 2296 4116 bant,
2329 4066 2508 4121 neque
2557 4065 2795 4122 pugnam
2847 4049 3243 4120 auspicantes,
3312 4037 3494 4118 neque
3543 4045 3724 4102 disce-

2141 4125 2337 4199 dentes
2363 4157 2379 4197 :
2416 4157 2488 4199 ne
2517 4141 2780 4198 Romanis
2807 4142 2860 4197 in
2892 4141 3060 4214 tergis
3091 4139 3336 4198 haerendi
3371 4153 3559 4196 ansam
3588 4153 3720 4208 por-

2140 4235 2402 4305 rigerent.
2457 4232 2549 4289 Sic
2602 4233 2773 4304 igitur
2821 4233 2983 4297 ambo
3031 4231 3306 4288 exercitus
3355 4230 3460 4286 sibi
3502 4231 3723 4286 stabant

2140 4324 2375 4397 oppositi
2404 4365 2420 4389 ,
2465 4333 2520 4382 et
2551 4325 2774 4394 utrique
2806 4340 2961 4380 mens
3001 4324 3196 4380 eadem
3228 4338 3340 4379 non
3371 4323 3528 4394 prius
3563 4323 3720 4378 inva-

2143 4415 2404 4480 dere,sed
2427 4415 2748 4471 invadentes
2773 4416 3061 4484 repellere.
3087 4415 3213 4472 Sole
3240 4415 3296 4470 in
3325 4429 3579 4470 occasum
3602 4430 3722 4470 ver-

2141 4518 2321 4578 gente,
2355 4501 2523 4577 288
2553 4501 2775 4559 Barbari
2805 4506 3083 4562 Romanos
3123 4503 3312 4562 Graece
3351 4506 3718 4576 compellant:

2140 4613 2252 4654 non
2291 4608 2546 4668 Oportere
2574 4599 2649 4652 ita
2675 4597 2891 4654 inertes
2918 4607 3092 4652 totum
3125 4597 3270 4653 diem
3306 4607 3478 4664 stare,
3511 4595 3604 4652 sed
3633 4597 3719 4651 vel

2141 4703 2364 4745 manum
2396 4691 2672 4755 miscere,
2704 4685 2790 4744 vel
2847 4690 2957 4745 icto
3011 4689 3221 4746 {uadere
3277 4689 3450 4746 abire.
3505 4688 3720 4756 Quibus

2144 4783 2452 4838 tacentibus
2480 4825 2494 4848 ,
2532 4780 2761 4838 Barbari
2803 4797 2972 4852 parvo
3021 4783 3312 4852 interiecto
3364 4781 3543 4852 spatio
3591 4797 3720 4842 rur-

2141 4889 2262 4932 sum
2297 4885 2729 4945 percunctantur
2755 4890 2773 4934 ;
2802 4874 2958 4930 Unde
2986 4876 3292 4938 exercitus,
3341 4884 3398 4929 et
3441 4877 3567 4944 quis
3598 4879 3719 4942 ejus

2144 4966 2364 5022 ductor.
2405 4965 2764 5034 imperatoris
2793 4965 2953 5034 jussu
2999 4981 3326 5035 responsum
3353 4974 3456 5029 est,
3513 4966 3720 5033 indige-

471 5067 781 5134 Ῥωμαίους
806 5065 964 5123 εἷπον
987 5085 1002 5100 ⁸
1043 5066 1130 5133 Ὧς
1153 5069 1214 5122 οὔ
1242 5069 1362 5124 δέον
1391 5068 1600 5140 ἀργοὺς
1629 5066 1775 5122 οὕτω
1812 5067 1902 5121 διὰ
1928 5069 2034 5122 πά-

2141 5073 2269 5114 nam
2299 5071 2441 5121 esse,
2495 5072 2561 5111 ex
2596 5055 2818 5128 oppidis
2853 5057 2911 5111 in
2951 5057 3186 5113 circuitu
3233 5059 3546 5115 collectum.
3583 5059 3718 5113 Βυςὶ

465 5177 562 5230 σης
589 5129 818 5216 ’ἑστάναι
850 5159 948 5231 τῆς
978 5129 1192 5232 ἡμέρας
1215 5201 1232 5227 ,
1278 5157 1393 5216 ἀλλ’
1424 5129 1676 5230 ἧράγεην
1717 5159 2033 5224 συνάπτειν,

2140 5161 2325 5206 autem
2355 5151 2423 5206 ab
2450 5166 2516 5205 eo
2543 5164 2710 5219 quem
2767 5149 3069 5218 imperator
3119 5151 3442 5206 earumdem
3499 5151 3717 5208 urbium

462 5250 495 5320 ἢ
518 5251 824 5320 ἀνανεωρεῖν
839 5251 1076 5313 σπονδὰς
1113 5249 1396 5319 θεμένους.
1425 5248 1616 5318 Μηδὲν
1637 5248 1697 5301 δὲ
1724 5249 2032 5319 ἀποκρινα·

465 5341 641 5408 μένων
679 5340 789 5392 τῶν
828 5339 1136 5409 Ῥωμαίων,
1193 5339 1242 5391 οἱ
1301 5335 1576 5406 βάρϐαροι
1628 5338 1826 5409 μικρὸν
1855 5337 2031 5390 διαλι-

465 5430 677 5494 πόντες,
696 5428 1058 5482 ἐπυνθάνοντο
1078 5429 1262 5492 πάλιν,
1281 5422 1508 5493 ὅθενεῖη
1525 5437 1583 5475 τε
1601 5425 1638 5492 ἡ
1656 5425 1906 5495 στρατιὰ.
1935 5429 2033 5481 καὶ

463 5522 542 5584 τίς
565 5522 593 5573 ό
619 5521 989 5590 ἐξηγούμενος
1012 5522 1208 5591 αὐτῆς.
1243 5513 1615 5592 Κελεύσαντος
1641 5517 1698 5570 δὲ
1739 5517 2028 5586 βασιλέως,

461 5614 848 5680 ἀπεκρίναντο,
887 5614 986 5680 τὴν
1032 5611 1133 5679 μὲν
1167 5612 1427 5681 στρατιὰν
1455 5614 1519 5666 ιιι
1545 5611 1656 5664 τῶν
1686 5609 2031 5680 παρακειμέ-

463 5721 566 5758 νων
590 5704 796 5757 πόλεων
827 5704 1109 5771 ἐγχωρίων
1139 5700 1278 5758 εἶναι
1311 5702 1758 5772 συνειλεγμένην,
1787 5713 2024 5768 στρατη-

2139 5242 2459 5314 ρτείθοιυω
2490 5240 2813 5295 creavisset.
2847 5239 2986 5293 Tum
3024 5238 3127 5305 illi,
3154 5237 3352 5294 ducem
3381 5255 3439 5293 se
3471 5240 3717 5309 approba

2138 5347 2321 5398 nosse,
2352 5347 2518 5403 quem
2547 5333 2791 5401 ipsorum
2839 5339 3057 5400 satrapa
3110 5331 3377 5385 Ammius
3422 5334 3714 5388 certiorem

2136 5425 2324 5489 iaciat,
2358 5439 2455 5480 eos
2487 5423 2618 5480 illuc
2665 5431 2764 5478 sna
2800 5422 2955 5477 lucra
2992 5420 3286 5494 quaesitum
3325 5422 3563 5490 venisse,
3607 5441 3706 5495 pu-

2128 5529 2394 5588 tasseque
2423 5518 2560 5572 nihil
2582 5517 2687 5572 sibi
2709 5515 2777 5570 ad
2805 5515 3138 5586 explendum
3165 5515 3508 5572 desiderium
3539 5518 3717 5587 impc-

2086 5620 2091 5626 '
2131 5610 2380 5664 dimento
2429 5609 2570 5666 fore.
2608 5608 2673 5663 Et
2703 5608 2962 5679 quoniam
2995 5609 3064 5666 ab
3117 5608 3253 5680 ipsis
3309 5609 3710 5679 impediantur,

2129 5711 2424 5764 eaorooter
2459 5702 2534 5759 ibi
2559 5699 2732 5760 totum
2759 5701 2904 5759 diem
2931 5702 3293 5786 consistentes
3325 5713 3386 5758 re
3415 5699 3615 5794 docere
3644 5719 3702 5760 se
