2030 3214
170 180 220 212 597

753 176 1032 210 HISTORIARUM
1052 178 1167 209 LIBER
1189 178 1230 208 II.

1750 177 1804 209 598

171 235 311 271 ζομίνους,
325 236 454 272 ναυάρχῳ
470 236 509 271 τῷ
528 236 656 273 σφετέρῳ
682 237 730 273 τὴν
745 237 859 272 γνώμην
875 237 959 264 κατά-

1013 236 1150 271 ignaviter
1172 239 1287 272 cogatur
1313 236 1419 273 fugere,
1436 236 1504 272 ipsis
1519 243 1572 264 nec
1598 235 1653 263 vim
1676 235 1804 269 illaturis,

169 283 248 317 mw
274 283 394 314 ἐποίουν,
413 283 564 317 φάσκοντες
579 283 617 315 ὡς
636 283 704 310 πᾶσι
723 283 826 318 μᾶλλον
849 282 958 317 ἀνθρὼ-

170 338 230 359 ποις
252 329 269 365 ἢ
294 329 400 365 βασιλεῖ
423 330 462 366 τῷ
480 331 627 366 Ῥωμαίων
644 330 714 358 ὅπλα
733 331 875 366 ἀνταίρειν
903 328 958 357 εἷεν

167 377 284 404 δυνατοί.
303 375 341 405 Οὗ
362 378 395 413 δὴ
408 378 491 405 ἕνεκα
514 378 561 405 καὶ
579 380 643 413 πρὶν
666 378 837 413 καταστῆναι
867 378 895 409 ἐς
909 377 959 412 τὴν

168 421 270 456 μάχην,
289 423 411 457 φανερὰν
435 422 509 459 αὐτῷ
527 423 576 458 τὴν
591 423 691 459 βουλὴν
718 424 807 450 ποιεῖν
824 423 899 454 ὅπως
912 423 959 449 τά·

166 475 248 507 χισεα
273 468 307 495 τὰ
325 467 420 495 δέοντα
449 469 631 505 βουλεύσηται
658 470 706 497 καὶ
735 470 774 506 μὴ
790 469 957 505 ἀναγκασθῇ

167 513 281 548 φεύγειν
294 514 417 551 αίσχρῶς
433 517 479 543 καὶ
494 516 627 550 ἀγεννῶς,
644 516 800 551 μήτε,ὅπλα
811 515 958 551 ἀνταιρόν-

166 568 219 586 των
234 559 325 587 αὐτῶν
342 561 410 596 μήτε
422 561 612 596 ἀμυνομένων.
635 561 664 589 '0
682 562 710 588 δὲ
725 562 825 593 αὐτοὺς
844 561 894 596 μὲν
907 561 959 597 τῆς

167 605 298 640 ἀληθείας
329 606 412 634 ἕνεκα
446 607 575 644 ἐπῄνεσε,
607 607 656 635 καὶ
686 608 767 643 χάριν
794 608 958 644 ὡμολόγησε

167 652 278 687 πολλήν.
295 653 441 689 Δομηνίκῳ
455 654 484 680 δὲ
502 654 542 689 τῷ
567 655 670 687 παντὸς
690 655 804 690 ἄρχοντι
825 655 874 681 τοῦ
898 655 959 681 στό-

166 697 225 730 λου,
241 699 286 730 agat
296 699 352 730 τοῖς
378 698 468 731 ἄλλοις
477 699 623 735 ναυάρχοις
638 700 693 727 τῶν
706 701 831 728 Λατίνων
842 701 958 735 προσελ-

167 743 231 776 Θὼν,
244 745 295 773 οὐκ
310 744 413 779 ἔφασκε
421 745 534 778 δεόντως
544 746 740 781 βεϐουλεῦσθαι
752 747 819 783 πρὶν
834 747 958 783 ἀκριϐῶς

166 790 298 825 ἐκμαθεῖν
319 790 419 823 ὁπόσας
436 791 498 825 ᾶγοι
526 792 652 828 τριήρεις
667 793 682 819 6
705 792 843 828 βασιλεὺς,
858 794 959 829 ἀπερι-

168 837 293 868 σκέπτως
318 837 387 873 πρὸς
408 838 459 873 τὴν
489 839 647 875 ναυμαχίαν
671 839 743 867 οὕτω
765 841 814 867 καὶ
831 840 958 875 θρασέως

167 884 277 919 χωρεῖν.
306 884 370 911 Ἐὰν
387 884 443 919 γὰρ
461 886 584 921 συμϐαίη
610 886 773 922 ἡττηθῆναι,
801 886 877 913 οὐδὲν
891 886 955 914 ἄλλο

168 930 290 957 λείπεται
316 930 332 965 ἢ
353 931 514 958 παντάπασι
544 931 742 967 διαφθαρῆναι,
767 932 878 959 πάντων
901 932 958 959 τῶν
972 917 995 947 Β

170 975 261 1003 ἐνθάδε
282 976 420 1012 πολεμίων
440 977 531 1004 οντων
554 978 602 1005 καὶ
629 978 899 1014 συνεπιθησομένων.
919 974 957 1006 Οὗ

170 1019 203 1054 δὴ
223 1020 303 1047 ἕνεκα
325 1020 412 1057 ἐχρῆν
441 1021 576 1058 πρότερον
605 1023 655 1059 τὴν
682 1022 798 1058 δύναμιν
823 1023 957 1059 βασιλέως

174 1067 283 1102 ὲρευνᾷν
306 1068 409 1103 ὁπόσην
427 1068 502 1103 ἄγει,
521 1068 576 1096 κᾶν
594 1069 645 1104 μὲν
666 1066 718 1096 οἷοί
742 1078 771 1096 τε
783 1067 833 1106 ἦτε
847 1070 958 1097 διαναυ-

171 1114 277 1147 μαχεῖν,
294 1113 326 1140 ἃν
347 1114 375 1141 δὲ
394 1116 443 1150 μὴ,
461 1115 626 1151 καταφυγήν
640 1124 701 1143 τινα
718 1116 771 1152 ὅπη
799 1116 957 1152 σωθήσεσθε

169 1158 271 1194 ζητεῖν.
293 1159 365 1194 Ἐγὼ
379 1160 408 1187 δὲ
424 1161 575 1197 προθύμως
590 1161 641 1196 μὲν
657 1161 690 1189 ἂν
702 1163 771 1197 πρὸς
788 1162 837 1199 τὴν
853 1172 958 1198 ναυμα-

167 1204 231 1238 χίαν
246 1205 477 1241 συνηγωνισάμην
491 1206 588 1241 παρὼν
606 1206 683 1241 ὑμῖν.
697 1207 811 1242 Δηλίους
831 1208 860 1234 δὲ
879 1208 957 1235 οὐδέν

165 1249 224 1275 ἐστι
238 1249 269 1275 ab
282 1250 375 1276 πεῖσον
391 1250 461 1276 ὃπλα
478 1250 621 1286 ἀνταίρειν
649 1250 766 1286 βασιλεῖ,
779 1250 848 1279 ἀλλὰ
867 1252 957 1280 πάντα

166 1295 269 1329 μᾶλλον
284 1296 406 1332 αίρετία,
434 1296 451 1332 ἢ
471 1297 539 1332 πρὸς
552 1297 668 1333 βασιλέα
688 1297 783 1330 αὐτοῖς
798 1299 957 1335 πολεμητέα

164 1337 373 1374 ιῖνιιιλέγουσι.
388 1341 536 1373 Βιάζισθαι
558 1342 610 1377 μὲν
625 1340 673 1370 οὖν
698 1343 749 1370 οὐκ
772 1341 878 1376 ἔξεστιν
906 1344 957 1371 αὐ-

162 1388 229 1418 τοὺς
243 1387 347 1419 πάντας
377 1387 475 1423 ἐπίσης
502 1387 554 1423 τὴν
566 1388 665 1424 ὁμοίαν
687 1386 802 1426 γνώμην
831 1390 956 1425 ἔχοντας.

165 1431 263 1464 Ἔδοξε
285 1431 313 1459 δέ
333 1440 379 1468 μοι
403 1431 510 1467 βέλτιον
543 1432 722 1469 σκεψαμένῳ,
751 1434 818 1470 πρὶν
842 1434 958 1470 βασιλέα

162 1479 254 1512 ἥκειν,
282 1478 445 1516 ἀναχωρεῖν.
472 1479 536 1506 Ἐὰν
552 1480 607 1514 γὰρ
634 1480 765 1514 ὀφθέντος
797 1481 957 1517 φεύγωμεν,

164 1526 299 1562 αίσχύνην
324 1526 355 1552 οὐ
379 1526 429 1561 τὴν
449 1526 586 1562 τυχοῦσαν
609 1527 838 1562 προπριψόμεθσ.
857 1529 959 1557 Σπιτα-

165 1572 289 1604 λιώταις.
305 1571 428 1607 Μελήσιι
451 1572 479 1599 δὲ
494 1572 558 1608 ὑμῖν
572 1572 647 1604 ὅπως
667 1573 701 1600 ἂν
715 1572 844 1609 βέλτιστα
859 1574 956 1610 διάοη-
971 1587 994 1618 c

164 1619 214 1646 σθε
230 1619 265 1645 τὰ
278 1618 340 1646 καθ’
357 1618 469 1651 αὐτούς.
486 1619 517 1646 '0
538 1619 589 1655 μὲν
607 1619 654 1646 οὖν
668 1620 722 1647 τῶν
737 1621 843 1657 Δηλίων
857 1621 958 1657 ναύαρ-

163 1674 224 1700 χος,
239 1664 353 1692 τοιαῦτα
377 1664 463 1693 είπὼν
488 1665 535 1692 καὶ
557 1664 760 1700 συνταξάμενος
774 1666 959 1700 αὑτοῖς,.ὰ.πέ-

163 1711 284 1737 πὶευσεν
299 1712 339 1743 είς
356 1711 452 1746 Δῆλον.
467 1711 650 1746 Δομενίκῳ’δὲ
663 1712 710 1738 καὶ
724 1713 782 1744 τοῖς
797 1712 888 1744 ἄλλοις
902 1715 959 1746 τοῖς

164 1758 383 1792 ὑπολειφθεῖσιν,
395 1758 489 1784 οὐκέτι
502 1757 590 1784 ἐδόκει
607 1760 760 1794 ναυμαχεῖν
770 1767 778 1774 ο
794 1759 864 1786 ἀλλὰ
877 1759 958 1787 πέντε

165 1805 218 1841 μὶν
232 1804 285 1831 τῶν
300 1805 438 1840 τριήρεων
452 1804 581 1839 ἔπεμψαν
594 1805 634 1836 είς
660 1804 802 1839 Καλλονὴν
825 1805 959 1841 φρούριόν

163 1861 192 1879 τι
210 1852 282 1879 κατὰ
295 1852 347 1887 τὴν
364 1851 468 1879 Λέσϐον
480 1852 528 1878 ἐπὶ
542 1851 581 1887 τῷ
595 1852 669 1879 σῖτόν
684 1860 714 1878 τε
728 1853 890 1886 είσαγαγιῖν
911 1852 959 1880 καὶ

164 1899 299 1933 φρουράν,
308 1898 460 1935 Ἐᾷεδίεσαν
471 1898 527 1934 γὰρ
539 1899 605 1935 περὶ¹
614 1898 697 1926 αὐτοῦ
710 1898 749 1934 μὴ
761 1899 813 1925 ὑπὸ
825 1899 959 1934 βασιλέως

164 1945 196 1977 ἐξ
211 1945 362 1981 ἐπιδρομῆς
376 1944 433 1980 ἁλῷ
443 1953 450 1960 '
466 1944 543 1971 αὐτοὶ
562 1944 591 1972 δὲ
604 1946 663 1977 ταῖς
682 1945 791 1977 λοιπαῖς
805 1945 958 1981 ἐφρούρουν

164 1991 336 2027 Μιτυλήνην.
354 1991 487 2023 Βασιλεὺς
499 1991 528 2018 δὲ
542 1991 601 2027 ἅμα
620 1992 705 2019 παντὶ
719 1992 759 2027 τῷ
777 1992 864 2027 στόλῳ
875 1989 959 2028 ἦλθεν

163 2040 206 2071 εἰς
224 2040 333 2075 Ἑρεσόν
346 2047 353 2054 ο
370 2039 517 2070 ἐπαινέσας
530 2039 559 2065 δὲ
576 2038 735 2074 Ἐρεσσίους
749 2039 800 2074 τῆς
819 2039 861 2071 είς
876 2038 959 2066 αὐτον

164 2084 272 2116 εὐνοίας
288 2084 382 2116 ἕνεκα,
399 2085 447 2110 καὶ
471 2084 601 2119 προνοίας
620 2084 687 2119 ὅσης
702 2083 809 2110 ιδέοντο
827 2084 957 2118 ἀξιώσας,

164 2131 237 2166 ἄρας
261 2130 367 2158 ικείθεν
395 2130 471 2157 ἔπλει
491 2129 538 2157 ἐπὶ
550 2130 627 2158 Χίον.
653 2130 720 2157 ’Δπὸ
734 2130 852 2161 σκοπιᾶς
869 2131 897 2158 δέ
915 2139 958 2163 τις

168 2177 241 2213 μᾶγα
253 2176 333 2212 βοιῖιν,
344 2176 512 2204 ἐπυνθάνετο
526 2185 559 2203 πε
565 2177 592 2211 ρὶ
606 2176 700 2203 στόλου
717 2176 787 2203 ὅτων
801 2176 856 2211 εῐη.
876 2177 958 2205 Ἀποο

166 2222 342 2258 κριναμένων
356 2222 396 2254 δὲ,
408 2222 447 2253 ὼς
457 2222 500 2257 ετη
515 2221 661 2257 βασιλέως,
677 2222 757 2254 αὑτός
773 2230 803 2248 τε
823 2222 958 2258 πάρεστιν

1010 288 1063 308 nec
1087 281 1190 309 illatam
1218 281 1381 316 rcpulsuris.
1405 281 1565 309 Navarchus
1577 289 1626 309 cos
1644 280 1679 308 de
1695 281 1805 309 confes—

1010 326 1088 354 sione
1112 326 1170 354 veri
1194 327 1343 360 collaudat,
1362 327 1464 362 gratias
1481 335 1594 363 magnas
1616 326 1681 362 agit,
1700 326 1732 353 ad
1751 326 1805 354 Do-

1011 372 1141 400 minicum
1174 373 1259 401 totius
1290 374 1386 401 classis
1415 374 1607 409 imperatorem
1634 377 1804 408 carterosquc

1010 417 1172 445 Latinorum
1190 419 1343 446 navarchos
1358 419 1486 453 accedit;
1502 427 1556 447 non
1572 426 1623 446 eos
1634 419 1738 447 bonum
1760 427 1804 447 co-

1010 464 1084 499 pisse
1099 464 1245 492 consilium
1260 465 1339 498 dicit,
1356 465 1515 501 priusquam
1533 470 1629 493 exacte
1641 464 1803 497 didicerint,

1011 518 1074 538 cum
1099 516 1168 546 quot
1188 512 1348 540 triremibus
1376 511 1518 540 Romanus
1532 512 1671 544 adveniat,
1691 512 1731 539 ita
1752 511 1803 538 im-

1010 557 1126 592 provide
1144 558 1371 595 conﬁdenterque
1393 559 1490 588 navale
1506 568 1568 587 cum
1592 560 1653 595 ipso
1676 558 1802 594 praelium

1010 606 1194 634 committere.
1211 607 1281 635 Nam
1310 607 1333 635 si
1352 607 1424 635 vinci
1440 607 1597 643 contigerit,
1612 607 1682 634 nihil
1703 613 1804 642 super-

1009 660 1070 680 esse
1096 660 1180 687 quam
1206 653 1345 689 disperire
1365 653 1502 686 funditus.
1516 662 1579 681 cum
1599 661 1696 685 omnes
1709 653 1801 689 quiin

1010 698 1099 731 insula
1115 699 1181 730 sint,
1200 699 1325 735 ipsorum
1341 700 1434 728 hostes
1451 700 1516 732 sint,
1530 707 1642 736 unaque
1662 708 1725 728 cum
1746 692 1807 727 Ro:

1010 744 1099 771 manis
1125 744 1160 772 ad
1191 752 1286 773 eorum
1319 745 1434 775 exitium
1460 745 1611 774 incubituri
1643 744 1801 772 vidcantur.

1008 789 1101 823 Quare
1118 791 1291 826 imperatoris
1306 792 1380 820 vires
1407 797 1435 819 et
1450 792 1602 827 potentiam
1625 791 1705 827 prius
1721 790 1801 818 inda-

1008 835 1126 870 gandam
1145 844 1153 864 :
1173 841 1202 864 et
1220 838 1243 864 si
1263 845 1293 865 se
1313 841 1412 866 contra
1436 845 1493 866 non
1517 838 1642 867 inﬁrmas
1667 837 1802 869 Sentiant.

1010 885 1069 908 tum
1089 881 1199 910 demum
1226 883 1429 919 conﬂigendum
1457 893 1464 912 :
1500 884 1544 912 sin
1573 884 1679 916 minus,
1703 883 1803 912 salutis

1010 927 1121 963 aliquod
1146 929 1300 965 perfugium
1316 930 1509 965 quaerendum.
1533 930 1612 964 Quod
1628 930 1662 957 ad
1676 938 1720 958 me
1736 930 1803 958 atti-

1008 978 1067 1006 net,
1096 974 1197 1009 inquit,
1218 975 1318 1012 cupide
1343 976 1486 1005 vobiscum
1513 977 1548 1004 ad
1578 977 1650 1005 banc
1676 976 1802 1004 navalem

1009 1027 1128 1054 pugnam
1146 1021 1312 1058 aggrederer
1327 1031 1335 1050 :
1356 1022 1449 1051 Delios
1465 1028 1570 1056 autem,
1587 1031 1620 1051 ιιι
1640 1021 1801 1058 imperatori

1008 1066 1094 1094 armis
1113 1067 1257 1101 resistant,
1276 1075 1358 1095 nemo
1371 1067 1493 1096 adducet
1511 1076 1519 1096 :
1539 1067 1588 1104 qui
1605 1068 1689 1096 citius
1707 1068 1801 1095 omnia

1008 1111 1060 1139 sibi
1076 1113 1268 1148 perpetienda,
1284 1122 1366 1150 quam
1385 1114 1518 1144 adversus
1540 1122 1604 1143 eum
1620 1114 1801 1151 pugnandum

1009 1160 1155 1185 testantur.
1179 1158 1283 1196 Cogere
1300 1159 1384 1194 igitur
1402 1159 1466 1188 illos
1485 1160 1527 1187 fas
1547 1167 1602 1188 non
1616 1164 1669 1191 est,
1689 1159 1801 1194 quando

1007 1211 1041 1231 ex
1061 1210 1141 1239 aequo
1160 1213 1257 1233 omnes
1276 1205 1314 1234 ita
1325 1206 1463 1234 sentiunt.
1479 1206 1547 1234 Mihi
1560 1213 1644 1243 porro
1662 1213 1692 1234 re
1704 1205 1802 1233 .consi-

1008 1248 1104 1277 derata
1120 1250 1323 1280 conducibilius
1345 1256 1470 1288 apparet,
1487 1257 1639 1287 antequam
1658 1251 1732 1279 adsit
1747 1251 1801 1278 im.

1008 1300 1130 1330 perator,
1148 1296 1290 1325 recedere.
1317 1296 1346 1326 Si
1367 1297 1441 1325 enim
1464 1302 1527 1325 ante
1544 1298 1606 1333 ejus
1621 1302 1801 1331 conspectum

1007 1341 1171 1377 ingerimus.
1199 1350 1254 1370 non
1274 1343 1497 1379 qualemcunque
1513 1344 1603 1373 labem
1625 1343 1803 1379 Hospitalem

1008 1388 1087 1416 sibus
1118 1396 1273 1417 inuremus.
1290 1389 1377 1418 Vobis
1401 1397 1475 1417 curre
1493 1389 1560 1421 erit,
1579 1393 1610 1417 ut
1629 1389 1684 1417 illis
1698 1390 1801 1425 optime

1008 1435 1178 1464 cansulatur.
1197 1436 1262 1465 Haec
1279 1441 1429 1471 pestqnarn
1448 1436 1522 1465 dicta
1539 1436 1626 1469 dedit,
1638 1444 1689 1465 eos
1708 1437 1802 1465 valere

1006 1480 1100 1515 jussit,
1134 1489 1168 1509 ac
1193 1482 1290 1510 Delum
1311 1483 1445 1521 cucurrit.
1470 1483 1614 1513 Dominieo
1639 1483 1803 1518 c'eterisquo

1008 1526 1126 1556 ducibus
1145 1536 1201 1555 non
1227 1529 1347 1564 amplius
1370 1529 1423 1557 fuit
1448 1530 1587 1558 sententia
1613 1530 1732 1558 navibus
1753 1529 1802 1558 de-

1009 1577 1134 1606 certare.
1171 1574 1219 1602 sed
1258 1575 1387 1603 triremes
1417 1575 1517 1611 quinas
1543 1575 1662 1610 'quidem
1688 1576 1719 1604 in
1754 1582 1802 1604 ca-

1009 1619 1121 1648 stellum
1142 1620 1281 1655 quoddam
1301 1620 1395 1654 Lesbi,
1418 1621 1560 1649 Callonem
1590 1621 1736 1655 vocabulo.
1765 1620 1801 1648 ad

1010 1671 1196 1695 commeatum
1224 1671 1252 1695 et
1267 1667 1428 1703 praesidium
1448 1667 1656 1703 importandum
1672 1667 1801 1699 mittunt,

1009 1713 1084 1749 quod
1100 1714 1134 1741 ab
1158 1713 1326 1749 imperatore
1351 1722 1401 1750 per
1423 1714 1609 1742 incursionem
1631 1719 1743 1750 captum
1768 1714 1803 1743 iri

1009 1758 1187 1794 metuebant:
1209 1759 1262 1796 ipsi
1287 1767 1349 1787 cum
1380 1760 1494 1795 reliquis
1516 1759 1664 1796 Mitylenen
1686 1762 1804 1789 tueban-

1010 1808 1065 1832 tur.
1080 1805 1162 1841 292
1177 1805 1329 1841 imperator:
1349 1812 1412 1833 cum
1434 1809 1490 1832 tota
1507 1804 1595 1834 classe
1612 1804 1744 1833 Eressum
1765 1810 1805 1834 te—

1009 1858 1090 1884 nens,
1119 1851 1222 1878 civium
1249 1858 1313 1887 erga
1339 1858 1368 1879 se
1392 1850 1517 1879 studium
1537 1851 1758 1884 commendavit,
1775 1857 1804 1880 et

1009 1904 1107 1925 eorum
1139 1897 1221 1925 rebus
1253 1904 1302 1931 pro
1332 1896 1497 1924 necessitate
1532 1897 1707 1932 prospexit:
1740 1896 1804 1924 inde

1009 1942 1110 1971 Chium
1126 1942 1274 1977 navigavit.
1303 1942 1326 1971 E
1350 1942 1464 1977 specula
1481 1949 1564 1977 porro
1584 1943 1697 1979 quidam
1713 1943 1802 1971 altum

1008 1987 1175 2020 vociferans,
1195 1987 1334 2023 quaesivit,
1356 1988 1502 2023 cujusnam
1520 1989 1619 2017 classis
1639 1993 1734 2023 esset;
1757 1997 1802 2017 rc—

1009 2042 1168 2072 sponsum,
1192 2034 1368 2070 imperatoris
1391 2042 1452 2063 esse
1466 2054 1474 2067 ,
1501 2040 1617 2067 etcum
1639 2040 1803 2071 praesentem

1009 2081 1118 2109 adesse.
1132 2080 1168 2108 At
1182 2080 1256 2109 enim
1273 2088 1336 2116 quae
1349 2080 1377 2108 in
1401 2081 1463 2109 sinu
1487 2080 1617 2111 Callones
1639 2086 1705 2110 sunt
1724 2082 1804 2110 trire-

1010 2136 1079 2161 mes,
1096 2128 1199 2164 inquit,
1218 2127 1299 2163 cujus
1310 2128 1396 2164 sunt?
1410 2127 1432 2155 E
1445 2127 1547 2162 quibus
1559 2127 1653 2155 verbis
1668 2128 1804 2164 colligens

1010 2174 1161 2211 imperator
1183 2173 1218 2201 de
1238 2174 1271 2202 iis
1286 2181 1358 2206 esse,
1374 2180 1436 2209 quae
1459 2172 1533 2208 apud
1547 2172 1697 2209 Mitylenen
1712 2179 1802 2209 erant,

1010 2221 1044 2250 ad
1064 2220 1204 2249 Callonem
1218 2220 1346 2248 tuendam
1361 2219 1453 2248 missae
1468 2219 1608 2252 videlicet,
1626 2226 1756 2248 reversus
1774 2220 1804 2248 in

144 2291 154 2299 ,
166 2272 183 2297 ὸ
198 2269 335 2305 βασιλεύς·
350 2270 385 2296 At
403 2269 432 2296 δὲ
447 2270 477 2296 ὲν
498 2268 537 2304 τῷ
549 2268 643 2302 κόλπῳ
659 2268 710 2303 τῆς
723 2268 874 2304 Καλλονῆς,
893 2269 957 2305 ἔφη,

1012 2268 1084 2303 ipsas
1104 2267 1253 2295 ferebatur.
1275 2267 1335 2295 .lam
1357 2273 1414 2294 nox
1438 2266 1522 2294 rebus
1546 2265 1722 2298 incubuerat,
1739 2273 1803 2293 cum

167 2318 291 2353 τριήρεις
306 2316 395 2348 τίνοςς
417 2315 466 2342 Ἐκ
478 2314 526 2342 τοῦ
542 2315 624 2349 λόγου
648 2315 677 2342 δὲ
695 2316 785 2347 συνεὶς
798 2315 812 2341 ό
828 2315 958 2351 βασιλευς

168 2364 202 2389 ἐκ
212 2362 324 2394 τῶνείς
339 2361 498 2396 Μιτυλήνην
511 2360 600 2387 οὐσῶν
613 2359 684 2387 εἶναι
701 2360 874 2396 φρουρούσας
886 2361 959 2389 Καλ-

166 2409 260 2443 λονὴν,
284 2406 460 2442 ἀναστρέψας
483 2406 599 2442 ἤλαυνεν
623 2405 667 2433 ἐπ’
684 2407 818 2438 ἐκείνους.
834 2406 904 2440 Ἤδη
929 2406 959 2433 δὲ

167 2454 317 2482 ιπελάσιτο
330 2454 347 2489 η
363 2452 419 2486 νύξ.
436 2453 547 2480 Λατῖνοι
561 2452 590 2479 δὲ
606 2452 646 2484 ὡς
663 2450 734 2479 εἶδον
745 2452 859 2488 βασιλέα
873 2461 959 2488 προσ-

141 2505 143 2507 ’
168 2500 328 2533 ελαύνοντα,
347 2500 378 2527 τό
394 2508 425 2526 τι
449 2497 563 2534 φιύγειν
586 2498 690 2533 ἄπορον
712 2499 844 2534 ὁρῶντες,
865 2498 960 2526 καὶτὸ

167 2546 378 2580 διαγωνίζεσθαι
403 2545 547 2577 ἀδύνατον,
574 2543 680 2577 ἑξῶσαν
704 2544 747 2576 είς
766 2544 817 2580 τὴν
840 2544 893 2580 γῆν
908 2544 959 2577 τὰς

167 2594 246 2626 ναῦς,
259 2593 307 2620 καὶ
318 2591 397 2620 αὐτοὶ
413 2590 627 2626 κατικρύσησαν
644 2590 698 2617 ὑπὸ
717 2590 768 2626 τὴν
782 2590 861 2626 ὓλην,
875 2599 960 2626 συνη-

168 2640 269 2675 ρεφοῦς
286 2638 332 2667 τοῦ
354 2639 439 2666 τόπου
458 2637 624 2673 πεφυκότος,
641 2636 701 2673 ἃμα
713 2636 742 2665 δι
761 2637 961 2674 συνεργοῦντος

169 2685 218 2713 καὶ
233 2686 280 2714 τοῦ
298 2685 424 2718 σκότους.
453 2685 509 2713 Καὶ
530 2685 581 2717 τὴς
606 2683 657 2719 μὲν
679 2684 806 2719 τριήρεις
830 2684 961 2713 εἵλκυσαν

169 2732 251 2763 κενὰς
265 2732 289 2758 οι
305 2731 452 2767 βασιλικοί.
471 2730 637 2761 ’Δποὸάντις
658 2738 689 2757 τι
712 2729 761 2756 καὶ
782 2729 961 2766 διιριυνησά·

170 2778 309 2813 μινοιτὴν
328 2778 445 2813 λόχμην,
470 2778 541 2813 ὑπὲρ
566 2777 678 2813 ἡμίσεις
706 2776 799 2804 αὐτῶν
823 2778 888 2809 τοὺς
911 2777 962 2812 μιν

169 2823 347 2857 ἀπέκτειναν,
363 2824 428 2855 τοὺς
441 2823 471 2850 δὲ
483 2823 531 2850 καὶ
543 2821 618 2850 εἷλον
637 2822 754 2855 ζῶντας.
770 2823 850 2849 Ὀσοι
864 2822 892 2849 δὲ
908 2823 962 2850 ὑπὸ

172 2869 267 2901 σκότος
281 2869 455 2905 ἠδυνήθησαν
469 2869 625 2903 διαφυγεῖν,
641 2868 681 2900 είς
696 2868 854 2903 Μιτυλήνην
866 2867 963 2894 διεσώ-

173 2914 259 2951 θησαν
272 2916 341 2952 πρὺς
356 2915 420 2948 τοὺς
434 2915 564 2947 οίκιίους.
581 2915 714 2947 Βασιλεὺς
729 2915 757 2942 δὲ
773 2916 830 2942 ἐκεῖ
846 2913 961 2951 πιγκέρ-

1009 2313 1100 2342 Latini
1123 2314 1163 2341 illi
1179 2314 1376 2349 imperatorem
1392 2312 1474 2340 allabi
1501 2316 1714 2348 cognoscentes.
1736 2312 1803 2347 quia

1008 2359 1071 2396 fuga
1084 2368 1220 2396 nusquam
1229 2360 1352 2395 patebat,
1362 2364 1389 2387 et
1400 2363 1498 2387 contra
1512 2365 1635 2394 pugnare
1652 2365 1707 2386 non
1719 2358 1803 2386 daba-

1010 2410 1065 2440 tur,
1079 2414 1163 2435 naves
1185 2405 1219 2433 ad
1245 2411 1346 2434 terram
1358 2404 1513 2440 appellunt,
1528 2409 1558 2432 et
1569 2404 1623 2439 ipsi
1642 2412 1674 2432 se
1689 2404 1717 2432 in
1733 2405 1804 2433 silva

1009 2453 1145 2488 proxima,
1170 2452 1232 2480 loco
1248 2457 1348 2480 natura
1366 2451 1497 2480 umbroso
1524 2454 1552 2478 et
1566 2458 1664 2486 opaco,
1682 2451 1804 2479 tenebris

1009 2502 1093 2532 etiam
1115 2509 1164 2529 eos
1189 2502 1384 2537 adjuvantibus
1410 2499 1597 2529 abscondunt.
1617 2500 1657 2528 Ac
1677 2500 1804 2529 triremes

1010 2547 1123 2582 quidem
1138 2555 1239 2574 vacuas
1251 2547 1368 2574 Romani
1384 2547 1537 2579 trahentes,
1551 2544 1726 2574 descendunt
1741 2545 1805 2572 :lo-

1010 2601 1099 2628 caque
1112 2593 1245 2621 insidiosa
1259 2594 1435 2627 perscrutati,
1448 2601 1532 2628 supra
1544 2591 1692 2620 dimidium
1705 2598 1804 2619 eorum

1010 2640 1112 2676 partim
1126 2639 1279 2672 trucidant,
1289 2639 1391 2674 partim
1402 2639 1527 2674 capiunt.
1537 2638 1591 2672 Qui
1606 2645 1654 2674 per
1666 2637 1795 2666 tenebras

1002 2686 1136 2722 en‘ugere
1150 2689 1312 2721 potuerunt,
1328 2684 1478 2721 Mitylenen
1491 2684 1532 2717 ad
1545 2692 1615 2714 suos
1624 2683 1693 2713 salvi
1707 2690 1806 2720 perve-

1013 2736 1125 2760 nerunt.
1151 2732 1318 2767 Imperator,
1344 2731 1479 2767 pincerna
1504 2730 1744 2773 Philanthropeno
1769 2730 1804 2758 ad
1830 2754 1840 2759 -

1012 2778 1161 2814 Mitylenen
1184 2777 1304 2813 pedestri
1326 2782 1355 2805 et
1379 2776 1504 2813 equestri
1525 2783 1608 2804 manu
1624 2776 1804 2805 obsidendam

1012 2824 1121 2857 relicto,
1135 2824 1279 2852 Phocaeam
1293 2831 1407 2853 cursum
1420 2822 1550 2854 intendit,
1559 2823 1603 2850 cui
1621 2827 1687 2852 tunc
1699 2823 1805 2852 Odoar-

1013 2870 1067 2898 dus
1083 2875 1209 2905 praerat.
1238 2870 1269 2898 ln
1292 2870 1383 2898 Lesbo
1409 2869 1494 2905 igitur
1517 2867 1621 2901 relicti,
1635 2869 1737 2905 oppida
1755 2878 1807 2898 caa-

1015 2920 1073 2945 tera
1094 2916 1129 2944 ad
1147 2924 1234 2946 unum
1252 2917 1281 2946 in
1305 2915 1479 2946 deditionem
1494 2914 1635 2951 recipiunt
1653 2924 1659 2943 :
1678 2915 1807 2953 Mitylene
