4060 6464
392 409 498 468 599

1567 370 1896 506 'JoaNNIs
1935 365 2477 478 CANTACUZENl

3553 421 3660 484 60)

390 528 538 572 terra
575 521 824 589 marique
862 522 1196 590 obsidetur;
1231 522 1532 594 imperator
1569 524 1965 595 missislegatis

2071 513 2166 599 νῆν
2223 529 2315 582 τὸν
2362 527 2819 600 Φιλανθρωπηνδν
2879 525 3206 581 καταλιπὼν
3262 527 3376 598 ἅμα
3433 531 3661 602 στρατιᾷ

388 609 455 664 ad
485 609 821 665 Sarchanem
867 611 977 686 (46)
1029 615 1231 670 orienti
1271 616 1484 671 circum
1541 614 1827 671 Phocmam
1867 617 1970 672 ini-

390 711 697 769 perantem,
728 703 910 760 foedus
940 716 996 760 et
1029 708 1350 761 societatem
1387 723 1511 762 cum
1545 723 1613 763 eo
1648 710 1875 779 pepigit,
1908 718 1969 764 ut

389 795 504 862 ipse
538 796 777 864 pedestri
837 808 895 853 et
945 799 1126 852 nat-ali
1186 798 1435 853 subsidio
1481 814 1539 854 se
1583 799 1646 854 ad
1683 801 1970 856 Phocaeam

388 895 442 939 et
494 885 788 958 Mitylenen
822 889 1158 944 obsidendas
1183 891 1507 960 adiuvaret;
1547 891 1853 960 imperator
1887 893 1971 946 vi-

390 978 577 1031 cissim
626 979 970 1034 Sulimanum
1016 981 1334 1046 Sarchanis,
1379 989 1435 1036 et
1489 982 1735 1052 reliquos
1779 983 1974 1038 Persa-

390 1085 513 1122 rum
568 1070 729 1134 ﬁlios,
778 1071 870 1140 qui
921 1073 1145 1126 nomine
1197 1073 1455 1128 obsidum
1495 1075 1638 1144 apud
1685 1074 1972 1130 Phocaeam

393 1173 752 1223 ienerentur,
808 1162 1068 1217 libertate
1141 1162 1394 1220 donaret.
1459 1163 1595 1218 Nam
1662 1165 1756 1235 qui
1813 1173 1974 1221 erant

388 1253 630 1309 Phocaea:
672 1253 970 1318 Genna‘tvs,
1011 1270 1139 1309 cum
1193 1254 1539 1310 Sulimanum
1615 1242 1799 1326 atque.
1831 1258 1973 1312 alios

385 1355 623 1407 quatuor
660 1352 717 1398 et
745 1345 940 1414 viginti
988 1344 1256 1399 nobilium
1295 1345 1582 1400 Persarum
1633 1345 1775 1401 ﬁlios
1828 1348 1964 1402 dolo

386 1437 683 1506 cepissent,
736 1451 845 1490 non
885 1451 945 1491 se
1003 1437 1126 1491 illos
1175 1437 1457 1493 servitutis
1491 1431 1694 1504 causa,
1754 1439 1853 1494 sed
1907 1449 1969 1496 ut

390 1531 538 1595 pacis
574 1527 794 1581 obsides
825 1527 1116 1591 haberent,
1167 1531 1382 1595 cepisse
1437 1532 1677 1586 aiebant.
1726 1531 1970 1586 Sarcha-

390 1631 487 1668 nes
509 1631 632 1669 cum
665 1616 812 1670 aliud
847 1632 956 1670 non
981 1627 1192 1687 posset,
1224 1620 1453 1688 ingratis
1483 1635 1671 1690 pacem
1703 1621 1916 1691 accepit
1948 1660 1966 1687 ,

389 1715 616 1776 propter
644 1707 967 1762 charitatem
1018 1707 1257 1764 ﬁliorum
1285 1710 1566 1766 videlicet.
1607 1711 1746 1766 Cum
1782 1720 1968 1766 autem

392 1799 741 1868 imperatoris
784 1801 1083 1871 promissio
1129 1800 1196 1856 de
1246 1802 1503 1857 libertate
1532 1805 1656 1872 [illis
1687 1803 1966 1859 reddenda

389 1895 698 1959 accederet,
746 1892 793 1948 si
842 1908 900 1948 se
952 1895 1008 1948 in
1057 1895 1202 1949 bello
1229 1906 1417 1949 contra
1443 1896 1672 1950 Latinos
1711 1906 1966 1966 prompte
1996 1880 2044 1940 Β

390 1983 700 2052 adiuvaret,
735 1997 834 2053 spe
863 1983 1136 2040 libertatis
1173 1985 1225 2038 id
1261 1984 1412 2047 fecit,
1453 2001 1513 2039 ac
1545 1985 1830 2040 Phocaeam
1870 2003 1969 2057 per

395 2090 454 2130 se
487 2090 611 2130 cum
643 2076 881 2145 pedestri
915 2088 971 2131 et
998 2077 1243 2146 equestri
1266 2077 1445 2146 ’copia
1479 2078 1709 2132 veniens
1741 2118 1756 2142 ,
1795 2077 1969 2147 impe-

392 2176 631 2220 ratorem
665 2166 1092 2221 venerabundus
1126 2166 1404 2228 salutavit,
1435 2175 1492 2220 et
1522 2182 1646 2221 cum
1670 2182 1738 2222 eo
1771 2168 1978 2225 urbem

392 2258 631 2327 obsedit,
690 2259 1064 2330 subiectisque
1115 2259 1220 2315 sibi
1275 2259 1505 2315 urbibus
1563 2269 1617 2314 et
1650 2259 1784 2315 locis
1818 2276 1969 2316 man-

390 2352 550 2416 dans,
581 2359 641 2405 ut
667 2352 872 2406 cibaria
911 2351 1196 2407 Phocmam
1222 2352 1583 2416 adveherent,
1618 2353 1968 2423 imperatoris

389 2441 657 2498 exercitui
707 2442 886 2497 forum
943 2445 1284 2499 uberrimum
1333 2447 1587 2514 praabuit.
1631 2445 1793 2515 293
1847 2445 1964 2500 Jaiu

391 2537 646 2605 quintum
673 2551 923 2591 mensem
959 2533 1376 2590 Phocaensium
1429 2553 1493 2590 ac
1529 2537 1966 2608 Mityleumorum

390 2625 609 2680 obsidio
639 2625 960 2690 duraverat,
988 2635 1045 2680 et
1067 2626 1312 2681 Phocaeae
1337 2626 1640 2695 prmsertim
1677 2627 1966 2681 tormentis

395 2717 702 2773 muralibus
732 2717 1118 2788 machinisque
1151 2721 1567 2791 oppugnatoriis
1609 2719 1800 2773 crebra
1847 2729 1967 2774 erat

393 2825 446 2866 ct
512 2812 692 2867 valida
746 2814 1008 2868 moenium
1059 2813 1307 2868 adhibita
1373 2794 1712 2883 oppugnatio
1773 2831 1787 2866 :
1861 2827 1966 2868 nec

394 2912 578 2960 tamen
613 2896 838 2976 propter
863 2905 1222 2970 soliditatem,
1255 2915 1312 2959 et
1357 2904 1502 2974 quod
1538 2904 1716 2959 Latini
1752 2904 1968 2959 fortiter

390 3008 819 3067 c'instanterque
868 3011 928 3051 se
972 3005 1264 3052 tuerentur
1293 3036 1309 3062 ,
1365 2998 1668 3066 expugnari
1717 3005 1961 3066 poterat.

391 3086 500 3141 S-d
543 3102 667 3142 eum
717 3087 936 3142 obsidio
965 3087 1370 3156 produceretur
1418 3088 1658 3156 longius,
1699 3088 1962 3156 quoniam

2083 624 2220 691 πεζῇ
2279 641 2340 675 τε
2399 621 2494 676 καὶ
2549 623 2748 690 ἱππικῇ
2801 620 2899 691 τὴν
2965 620 3286 690 Μιτυλήνην
3355 625 3660 690 πολιορκεῖν

2081 714 2429 768 ἀπέπλευσεν
2453 714 2533 776 εἰς
2565 713 2817 766 Φώκαιαν
2841 707 2910 783 ἦς
2949 708 3090 782 ἦρχε
3126 713 3204 782 τῷ
3227 713 3346 767 τότε
3373 713 3656 784 Ντουνάρ-

2079 807 2187 872 δος.
2223 807 2286 860 Οἱ
2326 807 2425 876 μὲν
2457 803 2551 858 οὖν
2587 805 2669 868 εἰς
2698 805 2905 859 Λέσϐον
2937 805 3423 873 καταλειφθέντες,
3457 807 3524 859 τὰ
3559 806 3659 876 μὲν

2079 900 2243 954 λοιπὰ
2269 898 2506 970 φρούρια
2538 898 2717 951 πάντα
2758 898 3185 968 παρεστήσαντο
3221 897 3504 970 ὁμολογίᾳ,
3551 899 3660 952 Μιο

2080 965 2324 1064 τυλήνην
2349 965 2424 1045 δὲ-
2447 991 2609 1044 ναυσί
2641 1008 2699 1045 τε
2735 965 2855 1043 καὶ-
2877 965 3028 1059 πεζῷ
3061 965 3497 1061 περικαθήμενοι
3529 990 3659 1059 tiro-
3699 965 3718 984 .

2080 1084 2357 1154 λιόρκουν.
2411 1081 2674 1144 Βασιλεὺς
2704 1081 2761 1134 δὲ
2816 1078 3120 1152 πρεσϐείαν
3175 1080 3313 1152 πρὸς
3367 1065 3665 1150 Σαρχάνην

2080 1178 2323 1249 πέμψας,
2354 1177 2412 1239 ὃς
2465 1171 2604 1247 ἦρχε
2633 1174 2733 1244 τῆς
2763 1172 2841 1226 έω
2888 1173 2990 1242 τῆς
3045 1175 3191 1226 κατὰ
3237 1191 3337 1243 την
3376 1169 3655 1240 Φώκαιαν,

2081 1269 2317 1331 σπονδὰς
2367 1267 2521 1322 ἔθετο
2569 1266 2705 1334 πρὸς
2759 1264 2920 1318 αὐτὸν
2970 1265 3066 1317 καὶ
3115 1266 3463 1336 συμμαχίαν,
3514 1264 3656 1318 ὥστε

2079 1362 2365 1432 Σαρχάνην
2390 1359 2487 1430 μὲν
2519 1354 2845 1427 ἐπικουρίαν
2881 1355 3446 1426 βασιλεῖ’παρασχείν
3485 1354 3656 1423 πεζήν

2077 1473 2137 1510 τε
2157 1454 2252 1510 καὶ
2273 1453 2536 1521 ναυτικὴν
2566 1450 2704 1522 πρὸς
2731 1448 2833 1520 τήν
2860 1449 2959 1517 τῆς
2993 1448 3246 1511 Φωκαίας
3283 1448 3381 1501 καί
3411 1447 3658 1517 Μιτυλή-

2078 1566 2175 1618 νης
2235 1544 2584 1616 πολιορκίαν,
2644 1541 2872 1613 βασιλέα
2921 1540 2978 1593 δὲ
3035 1539 3126 1593 τὸν
3181 1540 3351 1594 παῖδα
3394 1540 3650 1612 Σαρχὰνη

2077 1640 2350 1708 Σουλιμᾶν
2389 1625 2484 1690 καὶ
2525 1634 2650 1698 τοὺς
2683 1631 2905 1694 λοιποὺς
2939 1631 3137 1694 παῖδας
3170 1630 3276 1684 τῶν
3315 1632 3563 1696 Περσῶν,
3598 1629 3650 1684 οἶ

2077 1731 2219 1786 κατὰ
2245 1729 2501 1782 Φώκαιαν
2531 1725 2590 1778 ὲν
2618 1725 2968 1794 προσχήματι
3006 1722 3230 1792 ὁμήρων
3257 1718 3654 1795 ἐφρουροῦντο⁹¹

2076 1820 2420 1893 ἐλευθεροῦν.
2450 1817 2513 1872 Oi
2541 1817 2649 1888 γὰρ
2688 1818 2768 1878 εἰς
2800 1816 3049 1869 Φώκαιαν
3081 1815 3142 1866 ὲκ
3169 1811 3437 1874 Γεννούας
3478 1812 3641 1864 Λατῖ-

2072 1934 2151 1971 νοι
2179 1914 2315 1986 δόλῳ
2345 1910 2615 1980 Σουλιμὰν
2649 1908 2738 1962 τὸν
2771 1907 2934 1960 παῖδα
2963 1905 3220 1976 Σαρχάνη
3257 1902 3353 1957 καὶ
3378 1903 3646 1970 τέτταρας

2072 2007 2167 2060 καὶ
2209 2005 2416 2058 εῐκοσιν
2474 2005 2700 2071 ἐτέρους
2756 1999 2862 2053 τῶν
2917 1998 3069 2068 παρὰ
3124 1996 3363 2067 Πέρσαις
3414 1992 3652 2058 εὐγενῶν

2070 2097 2449 2168 κρατήσαντες
2489 2096 2707 2158 παῖδας,
2759 2091 2969 2161 ἔφασαν
3015 2090 3116 2142 οὐκ
3153 2088 3246 2141 ὲπί.
3295 2084 3513 2154 δουλεία
3561 2099 3654 2137 κε-

2071 2191 2435 2263 κρατηκέναι,
2469 2186 2584 2240 ἀλλ’
2617 2185 2762 2240 ὥστε
2787 2183 3034 2254 ὁμήρους
3064 2181 3209 2252 ἔχειν
3241 2179 3464 2250 βεϐαίας
3490 2177 3654 2230 ἓνεκα

2069 2287 2312 2356 εἰρήνης.
2347 2283 2633 2353 Σαρχάνης
2664 2279 2719 2332 δὲ
2753 2277 2826 2349 μὴ
2860 2276 2999 2346 ἔχων
3025 2276 3054 2330 ὃ
3078 2293 3128 2328 τι
3174 2275 3329 2345 δρᾷν,
3372 2271 3655 2342 ἠσπάζετο

2069 2379 2166 2430 καὶ
2198 2379 2350 2431 ἄκων
2373 2374 2471 2444 τὴν
2503 2376 2728 2444 εἰρήνην
2757 2371 2846 2423 διὰ
2877 2369 2936 2422 τὺ
2970 2369 3108 2440 πρὶς
3142 2369 3270 2427 τοὺς
3293 2365 3492 2426 παῖδας
3524 2361 3648 2430 φίλ-

2067 2487 2210 2542 τρον.
2247 2468 2382 2520 Τότε
2405 2467 2460 2519 δὲ
2494 2462 2965 2533 ἐπαγγειλαμένου
3003 2459 3266 2532 βασιλέως
3298 2454 3644 2526 ἐλευθεροῦν,

2070 2563 2136 2616 ἂν
2171 2557 2618 2633 συναγωνίσηται
2651 2553 2951 2626 προθύμως
2983 2551 3120 2621 πρὸς
3151 2547 3246 2601 τὸν
3280 2547 3519 2615 πόλεμον
3559 2544 3652 2594 τὸν

2067 2653 2209 2707 κατὰ
2231 2652 2338 2704 τῶν
2361 2649 2628 2714 Λατίνων,
2656 2646 2828 2700 ἐλπίδι
2847 2645 2946 2715 τῆς
2968 2643 3075 2695 τῶν
3097 2640 3306 2694 παίδων
3329 2635 3643 2708 ἐλευθερίας

2068 2746 2347 2814 συνήρατο
2414 2741 2550 2810 πρὸς
2603 2739 2695 2792 τὸν
2745 2738 2982 2804 πόλεμον
3022 2733 3100 2804 τῷ
3151 2732 3385 2804 βασιλεῖ,
3431 2730 3524 2782 καὶ
3574 2731 3652 2790 είς

2067 2835 2326 2888 Φώκαιαν
2361 2833 2458 2887 καί
2482 2829 2646 2894 αὐτὸς
2672 2827 2843 2882 ἐλθὼν
2879 2830 2998 2898 ἅμα
3035 2825 3268 2897 στρατιᾷ
3311 2822 3448 2892 πεζῇ
3471 2837 3528 2873 τε
3547 2819 3646 2872 καὶ

2071 2929 2300 2996 ἱππικῇ,
2333 2921 2716 2998 προσεκύνησέ
2737 2939 2798 2975 τε
2834 2921 2928 2974 καί
2954 2903 3242 2990 ήσπέισάτο
3271 2913 3521 2986 βασιλέα,
3549 2909 3645 2962 καὶ

2067 3019 2349 3089 συνδιῆγεν
2375 3017 2527 3087 αὐτῷ
2569 3015 2824 3069 Φώκαιαν
2850 3010 3180 3081 πολιορκῶν,
3224 3004 3454 3077 παρεῖχέ
3495 3021 3554 3056 τε
3588 3001 3654 3054 ἄ-

2069 3113 2264 3181 φθονον
2286 3111 2493 3182 ἀγορὰν
2511 3111 2578 3180 τῇ
2596 3107 2860 3180 βασιλέως
2877 3103 3106 3174 στρατιᾷ
3126 3103 3243 3163 ταῖς
3266 3099 3358 3154 ὑπ’
3377 3097 3539 3151 αὑτὸν
3556 3110 3647 3147 κε-
3740 3162 3746 3167 _

389 3175 488 3232 eos
522 3187 863 3233 commeatus
899 3178 1012 3248 jam
1056 3177 1415 3241 destitueliat,
1447 3187 1501 3232 et
1537 3177 1724 3233 hostes
1754 3178 1823 3232 ab
1865 3193 1965 3248 op-

2071 3175 2268 3267 λεύσας
2289 3175 2475 3256 πολίεσι
2515 3175 2609 3253 καί
2644 3198 2857 3270 χώραις
2892 3195 2962 3248 τὰ
2984 3193 3263 3263 ἐπιτήδεια
3290 3192 3368 3254 εἰς
3393 3188 3650 3277 Φώκαιαν

392 3270 728 3340 pugnatione
797 3284 906 3324 non
978 3277 1107 3323 ante
1168 3269 1448 3323 desituros
1516 3269 1962 3337 suspicabantur,

391 3379 558 3432 quam
594 3364 697 3434 ipsi
732 3361 897 3428 fame,
928 3370 1022 3416 aut
1049 3362 1220 3416 armis
1256 3363 1668 3432 subigerentur,
1697 3362 1963 3432 quiddam

394 3455 693 3510 machinati
725 3464 879 3517 sunt,
905 3466 1030 3523 quo
1063 3468 1124 3508 se
1155 3453 1294 3509 tueri
1327 3454 1536 3508 diutius
1568 3463 1813 3523 possent.
1858 3455 1968 3509 Ro-

394 3562 586 3601 manos
613 3544 883 3616 quotquot
905 3545 1190 3599 Phocaeam
1230 3545 1567 3611 incolebant,
1603 3563 1967 3617 unumquem-

391 3655 498 3709 que
533 3647 645 3692 tota
678 3654 802 3693 cum
845 3637 1010 3691 domo
1040 3647 1390 3708 exegerunt’:
1445 3653 1718 3693 annonam
1770 3655 1967 3709 corpo-

396 3734 554 3802 rique
578 3733 939 3786 sustentando
959 3731 1240 3800 requisita,
1267 3731 1320 3784 in
1341 3747 1547 3794 arcem,
1575 3733 1830 3802 pra’sidio
1855 3749 1884 3786 a
1907 3747 1967 3788 se

394 3827 660 3879 munitam
713 3825 1055 3895 collegerunt
1109 3833 1164 3877 et
1232 3832 1649 3892 comportarunt
1702 3837 1717 3877 :
1766 3825 1966 3895 quibus

393 3914 736 3977 victitantes,
789 3913 1134 3967 obsidionem
1180 3913 1498 3969 tolerarent.
1533 3914 1614 3968 Ad
1671 3914 1968 3986 imperato-

395 4020 510 4059 r-m
559 4005 704 4073 apud
754 4005 1035 4059 Phocaeam
1085 4003 1182 4059 filii
1233 4005 1437 4060 Aitinis
1499 4003 1667 4061 Ioniae
1709 4007 1821 4076 (47)
1877 4023 1968 4063 sa-

395 4109 601 4166 trapae,
651 4096 922 4152 Cheterus
969 4105 1024 4152 et
1087 4096 1374 4152 Armurius
1432 4099 1632 4170 (quem
1688 4114 1855 4170 supra
1912 4100 1966 4155 in

394 4190 683 4244 Thrai-iam
732 4191 904 4245 classe
953 4191 1241 4244 devectum
1293 4190 1625 4260 docuimus)
1670 4201 1725 4246 et
1770 4193 1967 4248 tertius

393 4278 732 4334 Siilaimasas
791 4281 1142 4350 appellatus,
1199 4281 1461 4335 amicitia:
1515 4298 1645 4351 ergo
1713 4284 1962 4349 veniunt,

391 4368 630 4440 eumque
675 4373 942 4434 venerati,
987 4372 1429 4427 benevolentiam
1481 4389 1547 4427 ac
1588 4373 1750 4428 (idem
1810 4376 1970 4445 polli-

392 4473 610 4517 centur.
639 4463 788 4527 Quos
822 4463 912 4516 ille
941 4464 1101 4517 donis
1144 4478 1209 4518 ac
1246 4465 1575 4520 muneribus
1606 4465 1832 4522 allectos
1866 4469 1966 4522 do-

2070 3293 2341 3365 κομίζειν.
2377 3292 2640 3362 Πέμπτος
2668 3287 2768 3359 μὲν
2790 3285 2881 3340 οὒν
2909 3283 3104 3356 ήνύετο
3132 3282 3238 3352 μὴν
3256 3277 3527 3332 Φωκαέων
3552 3275 3648 3326 καὶ

2067 3385 2453 3456 Μιτυληναίων
2482 3379 2956 3451 πολιορκουμένων
2980 3393 2995 3409 ο
3032 3375 3266 3448 μάλιστα
3294 3373 3350 3426 δὲ
3371 3369 3512 3426 κατὰ
3547 3368 3649 3438 τήν

2066 3478 2316 3532 Φώκαιαν
2347 3475 2535 3546 συχναί
2569 3491 2628 3526 τε
2665 3475 2758 3527 καὶ
2798 3472 3069 3542 καρτεραὶ
3096 3469 3339 3538 ἐγίνοντο
3394 3479 3652 3533 τειχομα-

2068 3573 2205 3640 χίαι,
2230 3570 2322 3623 καὶ
2355 3568 2631 3629 ἑλεπόλεις
2677 3565 3018 3634 προσήγοντο
3070 3561 3166 3615 καὶ
3212 3559 3373 3613 ἄλλαι
3408 3553 3652 3626 μηχαναιί⁸

2069 3659 2207 3728 πρὸς
2240 3656 2442 3710 ἅλωσιν
2494 3655 2703 3707 πόλεων
2752 3651 3139 3723 ἐξευρημέναι.
3187 3642 3652 3715 Ἐκπολιορκῆσας

2069 3748 2126 3800 δὲ
2166 3749 2266 3800 οἰκ
2292 3746 2556 3815 ἠδύναντο
2588 3743 2792 3802 αὐτοὺς
2823 3740 2911 3792 διά
2946 3755 3004 3791 τε
3033 3737 3407 3808 καρτερὸτητα
3433 3729 3652 3798 τειχῶν,

2068 3842 2164 3893 καί
2201 3841 2262 3891 τὸ
2303 3837 2594 3906 εὐρώστως
2618 3831 2928 3901 ἀμύνεσθαι
2961 3829 3226 3890 Λατίνους
3267 3826 3363 3879 καί
3405 3823 3479 3894 μή
3515 3821 3654 3875 ὲνδιὸ

2069 3925 2237 3978 δόναι.
2263 3922 2664 3991 Μηκυνομένης
2702 3919 2759 3971 δὲ
2820 3918 2919 3986 τῆς
2952 3917 3270 3986 πολιορκίας
3323 3914 3415 3966 ἐπὶ
3460 3911 3664 3994 πλέον,

2069 4011 2192 4064 ἐπεὶ
2225 4010 2254 4062 ὅ
2293 4026 2352 4061 τε
2387 4010 2534 4071 σῖτος
2583 4007 2769 4069 αὐτοῖς
2797 4005 2970 4058 ἐνέδει
3014 4004 3138 4074 ἤδη,
3173 4005 3267 4056 καὶ
3301 4003 3402 4072 τὴν
3436 4001 3655 4069 πολιορσ

2070 4103 2196 4156 κίαν
2250 4099 2572 4154 ὑπώπτευον
2623 4099 2686 4151 οὐ
2746 4097 2960 4166 ταχέως
3009 4096 3194 4148 λύσειν
3245 4095 3467 4165 βασιλέα
3521 4093 3654 4162 πρὶν

2069 4196 2103 4267 ἢ
2134 4193 2336 4264 λιμῷῆ
2375 4192 2709 4262 τειχομαχίᾳ
2743 4192 3163 4260 παραστήσεται
3205 4188 3424 4251 αὐτοὺς,
3464 4200 3650 4256 μηχα-

2071 4290 2302 4360 νώμενοι
2335 4287 2394 4340 τὸ
2448 4285 2544 4339 ἐπὶ
2596 4286 2820 4337 πλείονα
2869 4283 3065 4353 χρόνον
3099 4281 3470 4350 ἀντισχήσειν,
3525 4277 3655 4336 τοὺς

2074 4379 2174 4450 μὲν
2215 4378 2520 4446 Ῥωμαίους
2576 4376 2691 4427 ὅσοι
2741 4374 2997 4427 Φώκαιαν
3050 4373 3333 4443 κατῴκουν
3385 4370 3655 4440 ἐξήλασαν

2075 4470 2419 4538 πανοικεσίᾳ,
2463 4468 2617 4520 αὐτοὶ
2659 4466 2716 4518 δὲ
2749 4466 2842 4518 τὸν
2894 4468 3038 4518 σῖτον
3104 4464 3196 4516 καὶ
3244 4463 3343 4516 ὅσα
3391 4461 3553 4529 ἕτερα
3581 4454 3652 4530 ἦν

394 4571 542 4608 nium
579 4556 810 4609 remisit.
859 4555 918 4607 In
967 4555 1073 4608 hoc
1106 4571 1288 4609 rerum
1329 4565 1472 4612 Statu
1517 4557 1778 4628 Byzantio
1814 4573 1960 4612 nun-

2073 4562 2353 4632 ἐπιτήδεια
2407 4559 2825 4625 συναγαγόντες,
2859 4557 3154 4626 εἰσήγαγον
3205 4555 3285 4619 εἰς
3335 4553 3435 4623 τήν
3487 4551 3655 4620 ἀκρό-

394 4648 581 4720 tiatur,
619 4643 810 4698 Genua
856 4644 1134 4700 sexdecim
1171 4650 1424 4701 triremes
1453 4650 1559 4703 alia
1612 4648 1848 4719 quadam
1900 4649 1968 4704 de

391 4751 555 4790 causa
591 4736 835 4790 Gaiatam
874 4738 1110 4805 appelli;
1141 4755 1374 4808 quorum
1411 4755 1536 4794 cum
1572 4741 1850 4795 navarcho
1907 4752 1966 4795 et

393 4825 714 4879 trierarchis
743 4826 965 4896 quidam
999 4828 1212 4883 nobiles
1249 4829 1479 4883 Romani
1507 4831 1648 4884 clum
1680 4831 1964 4897 collocuti,

392 4920 554 4973 donis
583 4929 640 4973 et
692 4922 977 4988 promissis
1025 4921 1211 4976 multis
1257 4938 1352 4976 eos
1384 4923 1740 4992 pellexerent,
1773 4933 1834 4978 u-t
1866 4925 1967 4980 ad-

390 5011 598 5083 iunctis
634 5011 799 5067 etiam
829 5027 925 5067 sex
956 5014 1099 5077 aliis,
1136 5030 1278 5083 quas
1314 5012 1518 5069 Galatae
1550 5015 1877 5082 reperirent.
1911 5024 1969 5071 et

396 5103 504 5157 illis
551 5104 680 5157 item
714 5117 809 5158 sex
835 5107 980 5174 apud
1017 5106 1338 5176 Mitylenen,
1375 5107 1618 5161 Phocaaai
1645 5107 1826 5174 ipsum
1863 5108 1966 5162 im-

395 5204 704 5264 peratorem
739 5195 1114 5251 adorirentur.
1139 5197 1318 5270 ,Talia
1350 5197 1629 5252 Romanos
1672 5199 1966 5263 struxisse,

394 5302 500 5340 non
533 5297 592 5341 ut
620 5288 1006 5343 Gennensibus
1041 5289 1395 5344 consulerent
1421 5328 1437 5352 ,
1481 5290 1578 5341 sed
1616 5289 1968 5358 insidiatores

388 5380 787 5448 etproditores
813 5381 1006 5444 factos,
1030 5389 1088 5433 et
1115 5377 1408 5448 imperium
1440 5379 1785 5444 allectautes,
1819 5383 1966 5436 unde

2073 4655 2227 4706 πολιν
2289 4651 2358 4721 ἣν
2421 4649 2576 4702 αὐτοὶ
2631 4647 2954 4716 ἐφρούρουν,
2992 4646 3088 4698 καὶ
3137 4645 3414 4716 χρώμενοι
3470 4642 3656 4702 αὐτοῖς

2071 4747 2342 4815 ὑπέμενον
2405 4743 2504 4813 τήν
2571 4741 2919 4811 πυλιορκίαν.
2979 4739 3324 4808 Διατρίσοντί
3386 4755 3445 4791 τε
3513 4736 3657 4790 κατὰ

2067 4837 2166 4905 τὴν
2212 4834 2465 4886 Φώκαιαν
2514 4831 2802 4900 βασιλεῖοί
2855 4831 2948 4883 τοῦ
2995 4833 3186 4899 Αίτίνη
3233 4831 3443 4892 παῖδες,
3477 4829 3537 4892 ὃς
3583 4823 3653 4897 ἦν

2072 4927 2361 4996 σατράπης
2398 4925 2626 4988 Ἰωνίας,
2670 4923 2854 4994 Χετήρ
2907 4925 3004 4977 καὶ
3048 4922 3280 4992 Ἀμοὺρ,
3314 4920 3375 4974 δν
3407 4921 3652 4988 φθάσαν-ἑ

2071 5035 2164 5082 τες
2192 5017 2463 5087 πρότερον
2519 5015 2830 5085 εἰρήκαμεν
2888 5014 3064 5083 στόλῳ
3129 5011 3652 5066 καταπεπλευκέναι

2068 5111 2149 5174 εἰς
2181 5109 2428 5179 Θρᾴκην,
2467 5108 2562 5159 καὶ
2588 5107 2772 5176 τρίτος
2822 5103 3205 5174 Σουλαῖμάσας
3234 5103 3666 5173 ὠνομασμένος,-

2072 5201 2384 5272 προσῆλθόν
2409 5217 2467 5252 τε
2503 5199 2649 5253 κατὰ
2685 5199 2892 5268 φιλίαν,
2925 5200 3024 5251 καὶ
3054 5195 3496 5266 προσεκύνησαν,
3549 5198 3646 5247 καὶ

2067 5293 2472 5362 ἐπηγγείλαντο
2487 5289 2632 5343 εὖνοι
2663 5290 2884 5343 ἔσεσθαι
2909 5291 3002 5340 καὶ
3029 5289 3173 5356 φίλοι
3207 5287 3420 5357 βασιλεῖ
3441 5305 3452 5316 ·
3489 5285 3644 5356 βασι-

2067 5382 2196 5444 λεύς
2233 5399 2293 5432 τι
2325 5382 2523 5445 αὐτοὺς
2565 5383 2664 5452 τῆς
2698 5380 2919 5444 εὐνοίας
2973 5381 3134 5432 ἓνεκα
3172 5379 3369 5449 δώροις
3403 5375 3649 5448 ἀμειψα-

1623 5603 1631 5608 .
1668 5542 1887 5606 Jacobi
1922 5543 2188 5606 Pontaui
2227 5551 2390 5605 notre

466 5697 574 5769 1⁸46)
618 5700 744 5770 Fuit
793 5699 884 5754 liic
931 5709 1178 5769 satraps
1221 5697 1396 5752 Turca
1433 5738 1446 5759 ,
1503 5699 1590 5754 eui
1647 5703 1960 5770 obtigerunt

389 5783 512 5827 qum
551 5787 577 5821 ιι
618 5769 997 5841 Philadelphia
1023 5779 1077 5822 et
1101 5770 1673 5825 Autiocliia‘Mtcandri
1712 5769 1808 5841 per
1841 5788 1957 5824 ma-

389 5841 632 5894 ritimam
673 5839 836 5894 lonia:
871 5855 1024 5894 oram
1072 5849 1280 5910 patent.
1313 5841 1610 5911 Gregoras,
1638 5839 1728 5897 lib.
1773 5845 1960 5898 vitin-

2203 5718 2253 5750 υ.

2064 5711 2252 5841 cupit?)
2296 5771 2425 5826 Eam
2456 5768 2737 5824 inl‘estarat
2768 5768 3000 5824 Alailino
3027 5769 3328 5840 etiamnum
3363 5772 3604 5826 vivente.
