4060 6414
377 435 486 507 605

1546 424 2102 500 HtSTORIABUM
2142 432 2378 494 LIBER
2418 430 2504 492 ῐῐ.

3527 377 3638 492 eos

373 547 572 609 αὐτοὺς
614 539 768 618 οἶμαι
796 543 1055 615 ἐξάρνους
1078 545 1406 615 δυνήσεσθαι
1433 547 1688 615 γενέσθαι
1708 565 1724 581 ο
1759 547 1950 602 ἔπειτα

2057 547 2241 612 debet,
2269 548 2548 619 quomodo
2569 561 2667 616 per
2694 543 2847 602 nefas
2881 543 3057 600 aliena
3087 551 3318 614 occupet
3351 561 3365 598 :
3397 545 3491 599 sed
3529 549 3638 613 pri-

369 642 430 696 δὲ
459 639 581 692 οὐδὲ
617 638 800 703 ἀνοίας
833 639 931 694 καὶ
980 639 1240 702 ἀϐουλίας
1269 638 1594 694 κατελίπετε
1621 640 1952 710 ὑπερϐολήν.

375 732 481 786 Τὸν
513 729 626 798 γὰρ
647 729 889 800 ἄρχοντα
918 729 1158 800 πολέμου
1200 730 1261 782 οὐ
1295 729 1401 800 χρὴ
1427 730 1587 782 τοῦτο
1619 731 1784 797 μόνον
1831 747 1956 784 σκο-

375 828 500 877 πεῖν
533 824 681 886 ὅπως
700 822 960 893 ἀδικήσῃ,
994 823 1132 875 ἀλλὰ
1157 822 1372 892 πρῶτον
1407 823 1506 890 μὲν
1545 821 1602 875 εἴ
1619 840 1682 891 γε
1717 823 1955 892 μάλιστα

374 915 530 986 αύτῷ
584 915 742 970 τοῦτο
793 913 1042 978 δυνατὸν,
1073 916 1273 967 ἔπειτα
1318 914 1396 977 δὲ,
1429 915 1480 966 εί
1535 915 1629 969 καὶ
1675 914 1954 984 ἀρκοῦσαν

375 1007 606 1076 δύναμιν
627 1005 745 1076 ἔχει
776 1007 912 1078 πρδς
937 1004 1000 1060 τὸ
1019 1007 1089 1059 τά
1118 1005 1446 1076 ἀδικηθέντα
1465 1005 1775 1069 διασώζειν.
1790 1007 1954 1077 Ὑμῖν

376 1099 433 1151 δὲ
458 1097 594 1166 πρός
625 1114 686 1150 τε
718 1099 779 1152 τὸ
826 1098 896 1152 τά
923 1097 1180 1168 ἀλλότρια
1215 1097 1488 1166 ἁρπάζειν
1530 1098 1562 1167 ἡ
1600 1096 1836 1168 δύναμις
1862 1100 1954 1152 ἐν·

375 1185 523 1256 δεὴς,
542 1188 638 1242 καὶ
654 1186 792 1256 πρὸς
807 1187 867 1240 τὸ
893 1186 959 1240 τά
990 1186 1320 1256 ἡρπασμένα
1345 1187 1635 1253 διασώζειν
1665 1187 1950 1258 ἐλαχίστη.

377 1275 571 1344 Λέσϐῳ
615 1276 714 1347 μὲν
742 1279 849 1346 γὰρ
876 1277 1149 1341 ἐπιόντες,
1175 1277 1407 1346 Δηλίους
1455 1279 1710 1334 ἐπείσατε
1741 1280 1837 1333 καὶ
1859 1280 1952 1332 Σι-

375 1366 643 1430 κελιώτας
675 1371 986 1438 συμμαχεῖν
1008 1383 1021 1398 ·
1052 1366 1311 1437 βασιλέως
1335 1369 1392 1422 δέ
1425 1369 1954 1440 ἐπιστρατεύσαντος

377 1458 530 1528 ὑμῖν,
585 1460 636 1512 οί
667 1458 949 1528 σύμμαχοι
978 1458 1186 1530 ᾤχοντο
1223 1460 1368 1530 ὑμᾶς
1415 1461 1801 1527 ἀπολιπόντες,
1830 1460 1953 1514 ούδέ

374 1549 518 1606 ὅπλα
547 1549 828 1620 ἀνταίρειν
853 1550 1199 1620 δυνηθέντες.
1244 1551 1432 1622 ’Υμῶν
1461 1552 1518 1606 δέ
1557 1551 1718 1624 μόνον
1754 1551 1954 1606 ὑπολε-

375 1641 716 1712 λειμμένων,
766 1643 816 1695 ut
847 1642 950 1712 μέν
978 1642 1260 1697 ἀπώλοντο
1285 1644 1424 1697 κατά
1453 1643 1553 1714 τήν
1582 1643 1864 1714 Καλλονὴν
1892 1643 1953 1706 ἐν

377 1733 542 1788 πέντε
585 1733 839 1806 τριήρεσι
869 1733 1283 1806 διαφθαρέντες,
1327 1737 1374 1788 οἱ
1401 1735 1460 1790 δὲ
1484 1735 1628 1798 κατά
1650 1737 1752 1806 τὴν
1780 1737 1956 1790 Μιτυ-

374 1825 549 1897 λήνην
577 1826 670 1880 καὶ
714 1822 970 1882 Φώκαιαν
999 1826 1492 1900 ἀποκεκλεισμένοι
1545 1828 1948 1900 πολιορκεῖσθε,

2061 657 2210 696 nium
2234 639 2476 711 quidem,
2511 639 2716 695 satisne
2749 639 2894 693 istuc
2937 635 3224 691 commode
3273 637 3464 704 possit;
3521 647 3635 689 tum

2060 749 2128 788 an
2159 733 2225 789 ad
2259 748 2322 788 ea
2347 749 2468 804 quae
2495 749 2591 801 per
2612 733 2720 786 vim
2749 730 3040 799 occupavit
3098 729 3472 783 conservanda
3518 728 3639 782 suf-

2061 825 2254 882 ﬁciens
2281 827 2333 880 ei
2367 825 2602 880 facultas
2641 824 2805 879 adsit.
2845 822 3016 878 Vobis
3061 829 3243 874 autem
3279 829 3333 872 et
3363 820 3429 873 ad
3457 821 3636 873 aliena

2061 917 2324 987 rapienda
2383 917 2532 971 vires
2559 923 2690 971 sunt
2737 929 2938 984 parvae,
2991 921 3049 967 et
3107 911 3173 965 ad
3228 920 3380 980 rapta
3415 926 3640 965 conser-

2059 1010 2236 1066 vanda
2280 1009 2636 1079 parvissima.
2679 1007 2892 1062 Etenim
2925 1005 3163 1060 Lesbum
3225 1005 3490 1066 invasuri;
3529 1004 3636 1056 De-

2057 1100 2728 1170 liorumﬁiculorumque
2773 1101 2998 1154 auxiliis
3041 1098 3395 1169 iudiguistis;
3440 1108 3495 1151 et
3534 1099 3638 1151 im-
3694 1106 3697 1110 ‘
3796 1165 3800 1175 ‘

2059 1194 2332 1266 peratoria
2365 1193 2540 1248 classe
2567 1191 2919 1257 adventante,
2948 1191 3081 1246 socii
3115 1191 3367 1246 imbelles
3394 1190 3633 1257 diffuge-

2060 1293 2224 1350 runt;
2253 1296 2308 1339 et
2347 1283 2441 1338 alii
2476 1281 2696 1353 quidem
2745 1289 2988 1337 vestrum
3038 1281 3182 1350 apud
3236 1281 3513 1336 Callonem
3577 1279 3631 1332 in

2057 1377 2304 1446 quinque
2329 1375 2650 1432 triremibus
2673 1374 3002 1445 perierunt;
3034 1373 3126 1427 alii
3156 1373 3299 1426 intra
3335 1371 3632 1440 Mitylenen

2057 1478 2116 1526 et
2148 1469 2436 1527 Phocaeam
2464 1467 2710 1523 conclusi
2739 1481 2864 1520 cum
2887 1466 3098 1520 incerta
3129 1480 3226 1531 spe
3265 1465 3458 1518 salutis
3485 1463 3637 1515 obsi-

2060 1560 2288 1618 demiui.
2333 1560 2412 1614 Ac
2445 1559 2616 1614 nolim
2667 1567 2721 1613 te
2769 1556 2960 1611 mirari
2981 1556 3132 1625 quod
3167 1555 3402 1610 dixerim
3427 1554 3630 1608 nullam

2059 1671 2161 1713 vos
2177 1655 2368 1713 salutis
2393 1662 2600 1710 certam
2628 1667 2780 1724 spem
2810 1651 2976 1722 296
2997 1653 3203 1715 fovere,
3231 1651 3443 1704 tametsi
3475 1663 3572 1703 vos
3601 1664 3633 1703 e

2061 1748 2337 1805 omnibus
2388 1745 2687 1800 fortissime
2736 1743 3082 1807 defendatis;
3141 1757 3245 1798 nec
3307 1743 3483 1797 ullum
3539 1753 3635 1796 aut

2053 1841 2179 1894 leve
2229 1837 2494 1894 damnum
2545 1835 2832 1906 accipiatis
2863 1849 2892 1889 a
2928 1836 3076 1890 saxis
3129 1851 3252 1905 quae
3277 1849 3310 1888 ε
3342 1835 3634 1890 tormentis

376 1915 634 2007 οῷμίαν
662 1913 880 1986 ἔχοντες
901 1917 1090 1972 ἐλπίδα
1113 1916 1338 1987 βεϐαὴν
1380 1919 1676 1991 σωτηρίας.
1709 1920 1802 1991 Μὴ
1825 1921 1950 1975 θαυ-

2052 1931 2356 2007 iaciuntur,
2403 1944 2438 1985 a
2485 1927 2668 1992 scalis,
2718 1927 3044 1997 exterisque
3103 1927 3395 1992 machinis,
3424 1943 3546 1997 quae
3573 1928 3630 1982 in

383 2005 561 2079 μάσης
589 2007 644 2060 δέ
668 2008 717 2059 εί
755 2007 1031 2078 μηδεμίαν
1079 2002 1236 2064 εῐπον
1267 2008 1464 2064 ἐλπίδα
1516 2009 1745 2080 βεϐαίαν
1776 2025 1955 2080 σωτηρ

389 2099 510 2168 ρίας
530 2099 668 2169 ὑμᾶς
694 2097 866 2172 ἐχειν.
919 2099 1098 2156 καίτοι
1137 2101 1530 2169 καρτερώτατα
1575 2101 1956 2170 ἀμυνομένους

389 2185 498 2240 ἀπὸ
525 2186 624 2240 τῶν
642 2188 864 2257 τειχῶν,
892 2187 988 2242 καὶ
1013 2188 1286 2261 μηδεμίαν
1318 2185 1352 2264 ἢ
1375 2188 1564 2260 ὀλίγην
1591 2189 1796 2260 βλάϐην
1818 2190 1954 2243 tino-

383 2277 641 2358 μένοντας
669 2279 778 2334 ἀπό
811 2297 870 2334 τε
893 2279 1009 2335 τῶν
1043 2281 1425 2336 ἐκπιπτόντων
1449 2283 1552 2353 τῆς
1594 2282 1847 2355 μηχανῆς
1869 2281 1954 2336 λίσ-

379 2365 508 2434 θων,
537 2368 632 2423 καὶ
661 2369 772 2424 τῶν
811 2370 1138 2439 κλιμάκων,
1193 2373 1287 2428 καὶ
1319 2371 1430 2426 τῶν
1462 2372 1643 2429 ἀλλων
1695 2372 1954 2443 μηχανῶν

375 2459 486 2512 τῶν
518 2461 660 2516 κατά
685 2461 784 2526 τὰς
833 2462 1036 2533 συχνὰς
1079 2462 1444 2534 τειχομαχίας
1491 2465 1951 2536 προσαγομένων.

388 2552 681 2618 Ἀποδείξω
715 2554 824 2627 γάρ
866 2555 1184 2623 σαφέστατα
1208 2557 1352 2627 ὑμᾶς
1382 2558 1446 2611 ού
1481 2557 1615 2612 πολὺ
1647 2557 1956 2630 ἀπέχοντας

376 2640 470 2695 τοῦ
499 2644 558 2696 ἐν
588 2645 839 2716 ἐσχάτοις
865 2645 1132 2709 κινδύνοις
1167 2642 1329 2706 εῖναι,
1358 2645 1541 2718 Τριῶν
1563 2647 1670 2721 γὰρ
1721 2647 1892 2702 ὅντων
1917 2646 1955 2708 ἀ

378 2733 448 2791 ἀν
505 2735 741 2805 μάλιστα
773 2734 1061 2799 διασώζειν
1117 2735 1339 2790 δύναιτο
1369 2737 1500 2801 τοὺς
1557 2738 1954 2808 πολιορκουμέ-

377 2843 523 2890 νους,
561 2826 656 2881 τοῦ
684 2826 744 2883 τέ
773 2827 941 2881 ποθεν
963 2827 1163 2896 ἔξωθεν
1200 2828 1539 2883 ἐπελθοῦσαν
1563 2829 1798 2900 δύναμιν
1826 2831 1954 2895 τοὺς

375 2917 802 2988 πολιορκοῦντας
833 2919 1080 2992 ἀνιστᾷν,
1124 2920 1327 2974 καὶτοῦ
1362 2919 1629 2990 ἀφθονίαν
1667 2922 1816 2974 σίτου
1854 2919 1952 2976 καὶ

382 3009 491 3063 τῶν
524 3010 702 3065 ἀλλων
733 3004 1058 3081 ἐπιτηδείων
1089 3011 1336 3084 ἔχοντας,
1370 3012 1507 3082 μετὰ
1537 3012 1824 3086 ῥᾳστώνης
1852 3012 1952 3086 τὴν

376 3105 698 3177 πολιορκίαν
745 3105 1050 3176 διαφέρειν,
1090 3107 1186 3160 καὶ.
1240 3108 1426 3176 τρίτου
1457 3106 1553 3162 τοῦ
1601 3108 1694 3161 τὸν
1728 3107 1950 3178 πολιορο

2051 2032 2168 2078 tam
2197 2019 2410 2078 crebris
2427 2017 2937 2090 oppugnationibus
2980 2019 3050 2073 ad
3087 2033 3278 2076 muros
3321 2019 3630 2084 admoven-

2053 2121 2147 2169 tur
2164 2105 2186 2182 ;’
2205 2113 2602 2170 demonstrabo
2623 2111 2771 2168 enim
2821 2111 3263 2168 luculentissime
3296 2125 3397 2166 vos
3429 2109 3502 2165 ab
3529 2124 3631 2165 ex-

2052 2213 2230 2262 tremo
2255 2203 2578 2261 discrimine
2597 2203 2743 2260 haud
2765 2203 2924 2274 longe
2948 2203 3165 2268 abesse;
3200 2215 3327 2256 nam
3358 2215 3482 2256 cum
3511 2201 3618 2256 tria

2047 2293 2170 2350 sint
2218 2309 2342 2365 quae
2389 2292 2648 2350 obsessos
2681 2308 2903 2350 servare
2957 2293 3216 2362 tuerique
3277 2290 3654 2361 potissimum-

2052 2392 2279 2456 queant:
2300 2385 2547 2456 primum
2600 2384 2823 2441 aliunde
2877 2383 3277 2454 superveniens
3337 2381 3630 2446 auxilium,

2051 2492 2165 2547 quo
2193 2477 2405 2533 obsessi
2456 2477 2672 2544 erigant
2701 2475 2955 2541 animos;
2984 2475 3220 2531 alterum
3265 2472 3524 2529 frumenti
3563 2487 3630 2528 ac

2051 2563 2250 2635 reliqui
2281 2572 2624 2622 commeatus
2648 2563 3020 2628 abundantia,
3043 2563 3192 2619 unde
3225 2563 3386 2618 facile
3413 2562 3629 2632 perfer-

2051 2663 2142 2716 tur
2181 2655 2430 2723 obsidio;
2480 2655 2728 2720 tertium,
2759 2654 2983 2724 quando
3030 2655 3205 2711 hostis
3252 2654 3462 2710 diutius
3485 2652 3628 2709 assi-

2051 2747 2184 2810 dere
2212 2756 2311 2804 aut
2362 2747 2679 2817 sumptibus
2708 2747 2979 2812 defectus,
3014 2755 3111 2803 aut
3156 2746 3346 2801 animo
3397 2745 3628 2808 fractus.

2051 2849 2149 2894 aut
2200 2840 2308 2894 alia
2349 2838 2420 2894 de
2471 2853 2637 2895 causa
2690 2854 2803 2894 non
2843 2847 3048 2908 potest:
3079 2853 3183 2909 ego
3221 2836 3433 2893 docebo
3486 2836 3631 2892 nihil

2050 2931 2253 2990 horum
2289 2930 2449 2986 vobis
2478 2929 2695 2987 adesse.
2721 2930 2974 2987 Forsitan
3017 2929 3188 2999 igitur
3222 2928 3493 2983 auxilium
3525 2941 3628 2982 vo-

2048 3023 2139 3082 bis
2206 3023 2572 3089 submissum,
2613 3029 2671 3078 et
2711 3037 2823 3078 non
2856 3021 3080 3079 aliunde
3107 3036 3273 3090 quam
3297 3019 3488 3076 Genua
3519 3022 3633 3090 (uto

2048 3124 2179 3188 pote
2236 3130 2266 3170 a
2313 3116 2530 3170 civibus
2581 3115 2943 3186 cognatisque
2991 3113 3216 3184 vestris)
3285 3113 3628 3168 submissum

374 3196 573 3251 κούντα
591 3197 850 3252 ἀδύνατον
873 3193 1015 3253 εἶναι
1035 3198 1507 3274 προσκαθέζεσθαι
1541 3199 1574 3273 ἢ
1607 3200 1676 3254 δι’
1709 3200 1946 3272 ἀπορίαν

2052 3201 2176 3272 quis
2211 3201 2627 3258 existimaverit.
2666 3202 2832 3271 Atqui
2868 3201 2975 3257 hoc
3007 3209 3118 3257 tam
3171 3208 3444 3256 remotum
3469 3208 3556 3254 est
3597 3215 3629 3254 a

373 3286 771 3358 ἀναλωμάτων,
807 3289 839 3362 ἢ
867 3288 953 3343 διὰ
984 3290 1374 3362 μικροψυχίαν,
1422 3291 1455 3362 ἦ
1481 3309 1604 3345 τινα
1643 3291 1826 3345 αἰτίαν
1850 3292 1946 3346 ἀλ-

373 3377 496 3446 λην,
534 3378 645 3446 ἐγὼ
697 3380 828 3448 ὑμῖν
889 3381 1092 3450 προσὸν
1152 3382 1425 3447 ἀποδείξω
1471 3383 1679 3436 τούτων
1713 3383 1835 3438 οὐδὲ
1862 3383 1944 3442 ἐν.

376 3469 490 3539 Τήν
529 3470 630 3540 μὲν
671 3467 766 3525 οὖν
797 3471 928 3537 ῐσως
966 3472 1032 3526 ἀν
1071 3473 1410 3528 ἐπελθοῦσαν
1459 3473 1662 3542 ἔξωθεν
1693 3473 1948 3545 βοήθειαν

373 3561 506 3630 ὑμῖν
541 3563 836 3628 οὐδαμόθεν
877 3563 1103 3617 ἄλλοθεν
1146 3565 1210 3618 ἀν
1265 3581 1350 3627 τις
1381 3565 1590 3634 οἰηθείη
1636 3565 1669 3636 ἢ
1711 3567 1776 3618 ἐκ
1817 3565 1948 3618 Γεν-

373 3656 536 3718 νούας
564 3651 649 3706 οἷα
703 3655 766 3725 δή
796 3655 1089 3725 ὁμοφύλων
1127 3656 1300 3710 ὄντων
1345 3658 1475 3727 ύμῖν
1507 3657 1602 3711 καὶ
1646 3657 1944 3727 συγγενῶν.

374 3743 546 3798 Τοῦτο
572 3745 627 3798 δὲ
653 3745 908 3799 τοσοῦτον
961 3747 1155 3819 ἀπέχει
1189 3747 1281 3803 τοῦ
1313 3743 1455 3801 εἶναι
1479 3747 1699 3819 ἀληθὲς,
1730 3747 1763 3818 ἢ
1802 3748 1947 3819 ὑμᾶς

373 3837 581 3891 οἴεσθαι
610 3836 874 3902 ἐλπίζειν,
906 3837 1047 3892 ὥστε
1087 3839 1404 3893 τούναντίον
1445 3841 1649 3910 μᾶλλον
1680 3840 1766 3909 ἐφ’
1801 3841 1945 3910 ὑμᾶς

374 3929 685 3981 ἐλεύσονται
712 3931 910 3981 ἐκεῖνοι
963 3929 1493 4003 ἐκπολιορκήσοντες
1522 3931 1598 3997 ὡς
1647 3932 1946 4002 πολεμίους

371 4017 454 4087 τῷ
482 4018 665 4086 κοινῷ,
700 4020 764 4071 ἂν
788 4018 988 4093 κελεύῃ
1034 4019 1311 4090 βασιλεύς.
1347 4021 1494 4073 Ἰστε
1529 4023 1636 4092 γάρ
1672 4021 1736 4092 δὴ
1774 4020 1944 4090 σαφέ-

375 4126 546 4162 στατα
576 4111 732 4180 ὑμεῖς
755 4109 830 4174 ὡς
854 4111 912 4162 ἐν
944 4111 1066 4174 ταῖς
1111 4112 1413 4184 συνθήκαις
1465 4114 1560 4167 καὶ
1603 4112 1716 4174 τοῖς
1738 4112 1944 4181 ὅρκοις,

371 4203 466 4264 οὓς
505 4203 640 4272 «pa;
697 4203 797 4273 τὴν
851 4203 1130 4270 βασιλείαν
1172 4202 1464 4272 Ῥωμαίων
1511 4202 1544 4272 ἡ
1581 4201 1750 4273 βουλὴ
1781 4201 1878 4256 καὶ
1917 4201 1947 4254 ό

372 4294 546 4364 δῆμος
604 4293 757 4347 ἔθετο
804 4293 1073 4359 Γεννούας
1131 4295 1224 4348 ἐπὶ
1253 4296 1319 4364 τῇ
1387 4291 1606 4364 εἰρήνῃ,
1645 4293 1785 4362 πρὸς
1834 4292 1948 4355 τοῖς

373 4387 552 4450 ἄλλοις
586 4386 977 4463 περιείληπται
1012 4383 1313 4450 καὶτοῦτο,
1342 4383 1402 4437 τὸ
1440 4383 1708 4454 μὴμόνον
1741 4383 1802 4436 τὸ
1835 4400 1949 4435 κοι-

374 4483 462 4530 νὺν
494 4479 675 4531 αὐτῶν
733 4478 1006 4548 μηδεμίαν
1071 4477 1276 4549 βλάϐην
1303 4476 1336 4547 ἢ
1369 4476 1572 4545 ζημίαν
1603 4474 1829 4542 ἐπάγειν
1877 4477 1945 4546 τῇ

2048 3292 2300 3358 veritate,
2354 3300 2678 3362 tantumque
2729 3291 2886 3347 abest
2918 3301 2978 3346 ut
3003 3290 3058 3347 id
3081 3291 3415 3361 sperandum
3469 3290 3633 3346 vobis

2048 3387 2140 3454 sit,
2173 3394 2236 3442 ut
2267 3384 2570 3442 timendum
2596 3384 2776 3455 potius
2805 3399 2873 3440 ne
2893 3391 3088 3440 contra
3114 3398 3216 3439 vos
3265 3383 3346 3438 illi
3383 3381 3630 3447 venturi,

2046 3485 2105 3534 et
2134 3476 2392 3532 hortante
2420 3473 2754 3544 imperatore
2785 3481 2847 3528 ut
2873 3472 3128 3530 inimicos
3169 3472 3489 3544 reipublicae
3531 3473 3632 3528 ob.

2050 3566 2257 3625 sessuri
2303 3565 2436 3622 sint.
2495 3565 2659 3622 Scitis
2689 3566 2840 3620 enim
2891 3564 3214 3636 planissime
3241 3564 3418 3635 pactis
3441 3573 3501 3620 et
3530 3563 3633 3619 fce-

2047 3657 2294 3724 deribus,
2326 3671 2450 3728 quae
2477 3671 2601 3711 cum
2634 3655 2884 3711 Romano
2932 3655 3171 3726 imperio
3197 3663 3423 3711 senatus
3453 3669 3634 3724 popu-

2047 3747 2610 3820 IusqueGenuatium
2657 3746 2812 3815 pacis
2863 3759 3027 3800 causa
3090 3745 3244 3811 fecit,
3283 3751 3486 3814 praeter
3519 3745 3628 3801 alia
3703 3820 3707 3825 _
3746 3826 3749 3828 _

2048 3840 2157 3896 hoc
2205 3839 2373 3894 etiam
2421 3837 2722 3902 contineri,
2757 3845 3139 3891 utcommune
3195 3835 3441 3905 ipsorum
3513 3850 3626 3896 non

2047 3930 2214 3987 modo
2247 3929 2458 3984 nullum
2495 3927 2746 3983 Romano
2800 3927 3036 3996 imperio
3089 3925 3484 3982 detrimentum
3531 3927 3632 3981 dae

2047 4035 2309 4076 mnumve
2348 4019 2610 4090 importet
2637 4016 2702 4084 (si
2732 4017 2939 4072 nullam
2981 4016 3113 4072 belli
3146 4018 3496 4072 occasionem
3536 4017 3636 4072 de-

2049 4112 2234 4181 derit),
2263 4111 2360 4167 sed
2388 4111 2433 4167 si
2453 4111 2577 4182 quis
2606 4109 2772 4166 etiam
2807 4109 3056 4180 privatus
3091 4110 3403 4164 Romanum
3440 4124 3636 4180 quem-

2049 4205 2196 4277 piam
2225 4201 2454 4269 laeserit,
2489 4211 2550 4257 ut
2575 4201 2643 4258 de
2668 4202 3114 4272 possessionibus
3133 4209 3232 4256 aut
3275 4201 3637 4258 facultatibus

2049 4296 2171 4367 ejus
2223 4297 2475 4351 Romano
2543 4294 2712 4351 multa
2764 4293 3031 4350 solvatur.
3092 4292 3187 4350 Sin
3235 4295 3468 4361 imperio
3522 4294 3637 4351 Ro-

2049 4403 2214 4445 mano
2260 4387 2692 4444 detrimentosus
2726 4384 3019 4449 exstiterit,
3072 4393 3197 4461 aut_
3225 4383 3486 4450 insulam,
3539 4393 3636 4440 aut

2050 4477 2380 4533 maritimam
2416 4475 2632 4541 urbem,
2667 4483 2763 4529 aut
2789 4473 2938 4529 aliud
2968 4472 3260 4544 diripiens.
3311 4483 3373 4528 ut
3440 4472 3635 4527 eadem

381 4567 668 4634 Ῥωμαίων
719 4568 966 4638 βασιλεία
1024 4567 1304 4636 πρόφασιν
1345 4565 1586 4634 πολέμου
1617 4563 1678 4617 ού
1710 4581 1944 4635 παρεχοο

2052 4569 2264 4629 ratione
2292 4567 2360 4623 de
2385 4581 2578 4622 eorum
2612 4564 3082 4637 possessionibus,
3129 4573 3226 4619 aut
3255 4564 3631 4630 facultatibus,

378 4662 534 4733 μένῃ,
577 4659 713 4712 ἀλλά
742 4661 835 4713 καὶ
864 4659 960 4712 ἐάν
991 4675 1075 4722 τις
1109 4657 1327 4726 ἰδιώτης
1379 4656 1650 4726 Ῥωμαῖον
1684 4654 1944 4726 ἀδικήσῃ,

371 4752 478 4805 ἀπὸ
506 4752 616 4804 τῶν
649 4751 962 4821 προσόντων
996 4749 1146 4820 αύτῷ
1206 4748 1503 4820 κτημάτων
1531 4748 1564 4819 ή
1600 4747 1949 4820 πραγμάτων

372 4843 470 4914 τὴν
496 4843 698 4912 ζημίαν
731 4842 1140 4913 ἀπολαμϐάνειν
1169 4841 1261 4894 τὸν
1303 4841 1600 4911 Ῥωμαῖον.
1642 4841 1741 4891 ’Ἂν
1774 4839 1832 4892 δέ
1853 4838 1950 4891 καὶ⁹

371 4939 438 5006 τῇ
473 4935 722 5006 βασιλείᾳ
761 4933 1050 5004 Ῥωμαίων
1104 4934 1205 5003 τὴν
1240 4931 1444 5003 ζημίαν
1490 4929 1750 5002 προξενῇ.
1788 4930 1822 4997 ἦ
1853 4929 1951 4999 νῆ·

376 5041 466 5080 σον
494 5026 833 5095 διαρπάζων,
864 5024 897 5094 ἢ
926 5025 1083 5078 πόλιν
1115 5023 1236 5077 τινά
1282 5021 1551 5092 παράλιον
1576 5023 1610 5092 ή
1646 5037 1698 5074 τι
1739 5021 1947 5089 ἕτερον,

376 5117 464 5171 τὸν
504 5119 616 5171 ἴσον
653 5118 857 5188 τρόπον
886 5116 994 5189 ἀπρ
1049 5115 1159 5168 τῶν
1223 5113 1446 5166 ἐκείνων
1500 5110 1803 5180 κτημάτων
1852 5107 1950 5162 καὶ

377 5211 737 5278 πραγμάτων,
786 5208 835 5262 εί
865 5208 1053 5261 πολλοὶ
1101 5201 1212 5261 εἶεν
1241 5205 1275 5276 ἢ
1329 5201 1430 5269 εἷς,
1457 5204 1558 5277 τήν
1586 5204 1792 5274 ζημίαν
1820 5205 1950 5257 ἀπο·

375 5301 649 5354 τίννυσθαι
683 5298 916 5367 βασιλεῖ,
942 5301 1107 5354 αὐτὸν
1134 5299 1191 5354 δέ
1213 5297 1550 5369 ψηφίζεσθαι
1583 5297 1848 5366 πολέμιον
1871 5294 1950 5366 τῷ

374 5394 528 5465 δήμῳ
561 5393 658 5447 καὶ
686 5397 752 5466 τῇ
790 5393 972 5466 βουλῇ,
1006 5395 1103 5450 καὶ
1157 5391 1476 5465 στρατεύειν
1516 5389 1603 5443 ἐπ’
1635 5390 1844 5444 ἐκεῖνον
1872 5390 1949 5452 ὡς

377 5484 601 5537 ἀπιστον
623 5484 719 5538 καὶ
749 5483 1019 5554 προδότην
1064 5481 1159 5536 τοῦ
1202 5479 1407 5535 κοινοῦ.
1453 5472 1530 5532 Ob
1563 5479 1628 5550 δὴ
1657 5479 1820 5532 ἕνεκα
1853 5478 1949 5531 καὶ

380 5573 600 5644 βασιλέα
661 5575 964 5644 πρεσϐείαν
1013 5573 1151 5644 πρὸς
1202 5573 1471 5627 Γέννουαν
1515 5570 1946 5636 ἀπεσταλκέναι,

378 5665 514 5719 ὥστε
569 5665 643 5736 μή
701 5666 864 5736 μόνον
916 5665 986 5718 τὰ
1020 5666 1281 5736 κτήματα
1311 5664 1467 5732 ὑμῶν
1495 5663 1606 5716 τῶν
1643 5663 1950 5732 χρημάτων

377 5758 538 5814 ἕνεκα
565 5752 642 5813 ὧν
667 5758 912 5824 ἀνάλωσε
949 5757 1203 5824 πολεμῶν
1242 5758 1373 5828 ὑμῖν
1412 5755 1776 5827 παραλαϐεῖν,
1812 5753 1948 5808 ἀλλά

379 5851 472 5902 καὶ
501 5851 750 5921 τριήρεις
782 5848 1043 5904 καλεῦσαι
1077 5847 1292 5918 πέμψαι
1341 5845 1464 5902 καθ’
1500 5846 1658 5919 ὑμῶν
1699 5845 1842 5902 κατά
1880 5844 1947 5900 τὰ

2051 4679 2149 4720 seu
2180 4663 2394 4735 plures,
2451 4676 2547 4716 seu
2580 4673 2724 4716 unus
2759 4660 3026 4715 duntaxat
3079 4658 3266 4727 fuerit,
3313 4656 3632 4730 imperatori

2050 4754 2306 4820 satisfiat,
2370 4754 2598 4825 ipseque
2649 4767 2680 4808 a
2722 4762 2919 4808 senatu
2976 4751 3290 4822 populoque
3353 4749 3635 4807 Genueusi

2050 4845 2225 4902 hostis
2252 4843 2552 4917 iudicetur,
2616 4850 2673 4898 et
2695 4857 2848 4898 arma
2882 4841 2939 4896 in
2974 4842 3128 4898 illum
3162 4850 3222 4896 ut
3254 4840 3527 4911 perﬁdum
3571 4855 3638 4896 ao

2052 4938 2369 5008 reipublica:
2392 4937 2732 5009 proditorem
2750 4935 3060 5005 capiantur.
3081 4934 3254 5007 Cujus
3277 4934 3358 4990 rei
3387 4936 3559 5007 gratia
3579 4943 3637 5001 et

2051 5030 2434 5100 imperatorem
2449 5029 2514 5084 ad
2529 5027 2847 5084 Genuenses
2861 5026 3186 5098 legationem
3209 5013 3422 5082 misisse
3439 5027 3648 5094 nostis,

2050 5132 2159 5174 non
2178 5119 2356 5174 solum
2382 5127 2438 5172 ut
2463 5117 2660 5173 fundos
2688 5126 2745 5173 et
2765 5118 2922 5172 villas
2954 5126 3164 5173 vestras
3189 5117 3258 5172 ad
3298 5115 3638 5173 reﬁciendos

2049 5217 2324 5280 sumptus,
2337 5209 2468 5264 dum
2484 5209 2768 5266 vobiscum
2784 5209 3091 5280 belligerat,
3109 5208 3365 5266 toleratos
3379 5208 3489 5263 reci
3497 5207 3636 5276 piat,

2050 5301 2147 5357 sed
2174 5316 2270 5357 eos
2299 5301 2525 5372 insuper
2553 5301 2619 5356 ad
2649 5301 2905 5358 triremes
2929 5302 3234 5358 secundum
3273 5310 3545 5371 conventa
3577 5306 3637 5354 ut

2045 5390 2356 5462 iuramenta
2390 5401 2582 5446 contra
2628 5404 2732 5446 vos
2761 5390 3060 5446 mittendas
3095 5390 3399 5462 impulisse.
3433 5388 3638 5456 Quant-

2049 5483 2246 5538 obrem
2309 5497 2423 5537 non
2478 5481 2792 5538 subsidium
2847 5480 3075 5550 Genua,
3157 5482 3254 5539 sed
3307 5481 3511 5538 bellum
3575 5484 3637 5537 et

2051 5574 2269 5631 hostilis
2313 5574 2663 5648 adnavigatio
2717 5573 2892 5647 magis
2935 5573 3303 5644 exspectanda
3335 5573 3494 5630 vobis
3523 5581 3633 5629 est.

2051 5667 2227 5722 Porro
2259 5675 2316 5721 et
2350 5667 2529 5723 victus
2556 5666 2744 5738 inopia
2770 5680 2872 5722 vos
2899 5663 3178 5731 laborare,
3204 5665 3480 5734 pauloque
3504 5669 3631 5735 post

2051 5753 2198 5824 quod
2233 5755 2504 5811 hazsitetis
2555 5771 2666 5811 non
2700 5755 3007 5822 habituros,
3047 5770 3113 5811 ex
3145 5770 3206 5810 re
3235 5753 3350 5823 ipsa
3380 5754 3508 5810 duci
3536 5770 3628 5808 ar-

2055 5857 2376 5921 gumentum
2427 5849 2797 5913 certissimum
2841 5857 3041 5920 potest.
3085 5847 3235 5916 Quos
3277 5848 3424 5910 enim
3485 5849 3624 5915 urbe
