4060 6414
343 296 448 372 €09

1504 315 2054 380 lllS’l‘ORlAliUM
2102 321 2334 382 LIBER
2377 325 2462 383 ll.

3487 285 3596 401 οἷο

339 420 432 466 καὶ
460 416 674 479 ἀδοξίαν
730 419 1150 488 προστρίϐεσθαι
1205 421 1294 474 διὰ
1355 421 1513 491 flictu;
1561 425 1704 494 Ἐγὼ
1737 429 1793 482 δέ
1825 429 1903 483 κα“

2029 431 2310 502 impendio
2355 432 2632 502 potiundae
2674 432 2877 502 cupido
2905 435 3061 492 vobis
3121 437 3368 506 incessit,
3404 444 3496 498 sed
3536 455 3594 500 nt

341 509 540 561 τούτων
580 510 840 562 ἁπάντων
871 512 1064 579 χωρὶς,
1118 513 1372 582 οὐδαμῶς
1407 516 1787 572 λυσιτελοῦντα
1817 521 1910 574 τὸν

340 601 474 668 πρὸς
520 601 745 670 βασιλέα
799 603 1037 672 πόλεμον
1077 605 1204 673 ύμῖν
1257 607 1542 674 ἀποφανῶ.
1576 609 1637 662 Εἰ
1683 611 1794 680 γὰρ
1820 613 1914 666 καὶ

340 697 478 764 μήτε
532 695 739 760 ὅπλοις,
799 702 934 768 μήτε
966 698 1132 766 λιμῷ,
1173 700 1300 768 μήθ’
1333 697 1496 774 ἐτέρᾳ
1551 707 1768 776 μηχανῇ
1803 722 1911 758 τινι

335 789 792 855 παραστήσασθαι
823 788 1168 858 δυνησόμεθα
1223 791 1386 858 ὑμᾶς,
1424 795 1535 846 οὐδ’
1564 794 1708 848 οὕτω
1729 796 1792 848 τὸ
1817 813 1914 849 πο-

331 876 671 944 λιορκεῖσθιι
701 877 1109 948 λυσιτελήσειεν
1148 881 1213 934 ἂν
1239 884 1385 950 ὑμῖν.
1419 884 1641 954 Πρῶτον
1672 887 1768 954 μὲν
1803 889 1912 958 γὰρ

331 967 432 1019 οὐκ
465 969 559 1019 ἐπὶ
603 968 680 1034 τῷ
711 969 970 1037 διηνεκῶς
1029 972 1439 1042 πολιορκεῖσθαι
1485 977 1574 1029 καὶ
1611 977 1786 1048 ἐνδείᾳ
1818 983 1912 1033 καὶ

331 1059 442 1119 τοῖς
473 1058 652 1121 ἄλλοις
681 1062 790 1124 τοῖς
825 1062 887 1113 ἐκ
941 1062 1039 1114 τοῦ
1077 1065 1320 1134 πολέμου
1378 1071 1569 1131 κακοῖς
1623 1071 1912 1132 πιέζεσθαι

333 1149 541 1202 Λέσϐου
599 1151 877 1220 κρατῆσαι
935 1155 1062 1221 ὑμῖν
1118 1157 1318 1226 ἐπῆλθε
1377 1159 1617 1212 τοσαῦτα
1651 1165 1910 1232 χρήματα

334 1241 693 1305 ἀναλωκόσιν,
736 1243 852 1298 ἀλλ’
886 1246 978 1298 ἐθιιί⁵
1007 1247 1084 1316 τῷ
1118 1248 1507 1320 πολλαπλασίιε)
1540 1252 1648 1303 τῶν
1701 1255 1910 1306 ἀναλω-

337 1336 513 1402 μένων
539 1337 934 1405 κτησαμένους,
969 1343 1062 1391 καὶ
1091 1341 1195 1409 τῆς
1217 1341 1383 1412 νήσου
1409 1343 1553 1410 ἔχειν
1583 1347 1680 1413 τὴν
1713 1346 1908 1416 ἀρχήν.

347 1422 506 1476 Γοῦτο
538 1423 584 1476 δ’
607 1426 867 1489 ἐναντίως
916 1429 948 1498 ἦ
998 1431 1154 1484 αὐτοὶ
1195 1433 1512 1504 συμϐέϐηκε
1546 1437 1909 1504 προσδοκᾶτε.

332 1515 414 1567 Τά
443 1531 501 1567 τε
553 1517 661 1587 γὰρ
692 1519 949 1587 χρήματα
1005 1521 1313 1576 ἀνάλωνται
1355 1525 1433 1585 εἰς
1479 1526 1579 1580 τέιε
1617 1529 1867 1596 τριήρεις
1893 1542 1908 1557 ⁸

333 1606 489 1676 καὶὴ
538 1607 702 1676 νῆσος
760 1610 866 1662 ὑπὸ
897 1612 1122 1680 βασιλέα
1153 1612 1311 1677 αὖθις
1362 1615 1508 1668 τελεῖ
1557 1615 1699 1684 πλὴν
1729 1619 1912 1670 Μιτυ-

330 1694 536 1764 λήνης,
577 1695 647 1766 ἣν
673 1698 756 1749 δεῖ
804 1699 898 1752 καὶ
941 1701 1195 1754 Φώκαιαν
1250 1704 1511 1772 φρουρεῖν
1547 1704 1912 1775 μισθοφόρους

331 1788 634 1858 τρέφοντας
669 1792 854 1861 χιλίων
873 1795 972 1846 οὐκ
1005 1795 1288 1858 ἐλάσσους.
1310 1797 1480 1849 Πόθεν
1506 1795 1602 1850 οὖν
1626 1798 1904 1866 ποριεῖσθε

331 1880 432 1947 τὴν
460 1881 664 1951 τροφὴν
719 1884 937 1950 αύτοῖς;
977 1885 1116 1938 Οὔτε
1162 1887 1271 1959 γὰρ
1333 1890 1594 1957 χρήματα
1640 1889 1814 1958 είχετε
1848 1891 1907 1942 ἐν

2018 525 2294 593 impensas
2363 524 2536 578 multo
2596 525 2896 594 majoribus
2953 527 3164 584 divitiis
3221 533 3592 600 consolantis,

2016 615 2215 668 insulae
2265 631 2488 684 quoque
2536 615 2884 670 dominatum
2947 618 3281 675 obtinerelis
3316 639 3330 674 :
3364 624 3416 675 in
3484 640 3595 692 quo

2017 708 2249 762 multum
2283 710 2442 776 plane
2471 719 2650 764 vestra
2685 725 2781 763 vos
2826 711 3030 764 delusit
3079 714 3288 782 opinio.
3323 715 3456 768 Nam
3498 734 3596 786 pe-

2017 801 2234 853 cuniam
2272 801 2325 853 in
2363 800 2619 856 triremes
2645 802 3064 872 absumpsistis,
3107 817 3161 860 et
3205 807 3382 861 insula
3413 808 3597 878 (Mity—

2015 893 2137 946 lene
2164 894 2414 962 excepta)
2444 894 2830 962 imperatorem
2867 912 3061 951 rursus
3088 900 3395 967 principem
3433 916 3592 954 suum

2015 986 2282 1056 agnos:-it,
2336 1001 2500 1054 quam
2565 986 2732 1055 (sicut
2774 997 2830 1042 et
2876 991 3182 1060 Phocaeam)
3219 993 3594 1060 praesidiarios

2017 1077 2268 1131 mercede
2315 1078 2616 1133 conductos
2682 1096 2789 1134 non
2843 1083 3127 1150 pauciores
3193 1083 3342 1136 mille
3376 1095 3592 1152 Oportet

2016 1167 2187 1221 alere.
2246 1168 2400 1223 Unde
2464 1170 2632 1237 igitur
2680 1171 2936 1224 alimenta
2982 1173 3088 1225 illis
3128 1175 3596 1241 suppeditabitis?

2015 1256 2203 1328 Neque
2231 1260 2380 1313 enim
2411 1263 2466 1314 in
2510 1262 2746 1315 navibus
2773 1274 2978 1315 tantum
3014 1265 3260 1332 pecunia:
3278 1266 3592 1331 habebatis,

2015 1360 2281 1416 quantum
2338 1353 2616 1407 obsidioni
2663 1355 2960 1408 tolerandze
3043 1355 3351 1422 sullieerel;
3413 1374 3593 1425 neque

2017 1441 2205 1496 Genua
2265 1444 2486 1497 missum
2541 1445 2604 1497 iri
2656 1447 2987 1514 sperandum
3015 1458 3120 1500 est.
3155 1446 3288 1500 Nam
3321 1466 3441 1518 qum
3483 1451 3593 1506 illic

2013 1533 2330 1601 possidetis,
2362 1546 2418 1589 et
2450 1536 2596 1590 unde
2634 1538 2919 1607 vectigalia
2979 1539 3304 1606 capiebatis,
3357 1541 3592 1606 impera-

2017 1625 2121 1677 tori
2169 1625 2668 1695 adjudicabuntur;
2718 1639 2774 1682 et
2800 1645 2920 1698 quze
2967 1631 3120 1696 prius
3163 1631 3387 1685 Pboema
3439 1636 3593 1688 vobis

2022 1713 2302 1792 pendebat
2386 1715 2588 1770 bellum
2677 1719 2918 1771 sustulit.
2981 1719 3196 1772 Etenim
3284 1730 3590 1774 mercatura

2013 1804 2212 1868 omnis,
2251 1805 2411 1861 nobis
2438 1822 2586 1861 mare
2615 1809 2949 1874 tenentibus,
2972 1812 3319 1878 conquievit;
3354 1823 3410 1864 et
3442 1813 3590 1880 agri-

2015 1892 2230 1948 cultura
2265 1912 2360 1965 per
2401 1913 2503 1952 nos
2529 1914 2704 1968 usque
2735 1900 2876 1955 adeo
2914 1903 3201 1963 arcemini,
3241 1913 3299 1956 ut
3331 1917 3400 1956 ne
3431 1911 3590 1970 porta

333 1973 454 2032 ταῖς
494 1974 681 2025 ναυσὶν
714 1973 748 2027 ἃ
772 1975 1048 2044 διαρκέσει
1084 1978 1222 2046 πρὸς
1256 1979 1355 2049 τὴν
1409 1980 1748 2047 πολιορκίαν,
1781 1979 1903 2033 οὔτε

2015 1988 2240 2056 quidem
2303 1988 2458 2044 urbis
2521 2005 2716 2044 secure
2793 1991 2985 2058 pedem
3065 1991 3266 2046 ell'erre
3341 1993 3587 2062 possitis.

339 2062 405 2113 ἐκ
433 2062 689 2128 Γεννούας
727 2067 882 2131 ἐλπὶς
914 2068 1108 2125 ἐλθεῖν.
1163 2070 1244 2122 Τὰ
1273 2069 1382 2140 γὰρ
1414 2071 1591 2124 ἐκεῖσε
1649 2072 1903 2140 κτήματα

2011 2076 2193 2143 Quare
2247 2077 2362 2132 sive
2415 2079 2586 2132 armis
2632 2079 3024 2147 subjugemini,
3091 2081 3206 2134 sive
3270 2095 3404 2145 non,
3442 2084 3588 2139 unde

346 2153 499 2223 ὑμῶν
525 2156 558 2210 ἃ
586 2163 810 2231 παρεῖχε
839 2164 939 2225 τὰς
965 2164 1288 2234 προσόδους,
1327 2165 1431 2216 ὑπὸ
1465 2163 1696 2234 βασιλέα
1731 2164 1903 2216 ἔσται·

2015 2167 2164 2221 unde
2196 2166 2458 2236 periculis
2489 2167 2797 2238 cingimini.
2834 2171 2974 2236 Ergo
3003 2168 3264 2237 quoniam
3306 2170 3454 2222 salus
3496 2185 3591 2223 ve-

341 2247 406 2300 aZ'
429 2265 484 2300 τε
513 2251 572 2302 ἐκ
594 2253 848 2318 Φωκαίας
895 2257 1323 2328 προσγινόμεναι
1365 2255 1631 2326 πρότερον
1659 2257 1903 2328 πρόσοδοι

2010 2267 2123 2312 stra
2153 2257 2356 2327 agitur,
2416 2273 2524 2312 non
2581 2258 2764 2312 obiter
2811 2269 2866 2314 et
2900 2259 3050 2314 velut
3080 2275 3178 2328 per
3213 2268 3590 2321 transennam,

334 2341 464 2410 ὑμῖν
501 2344 806 2416 ἀφῄρηνται
863 2348 952 2401 διὰ
975 2349 1068 2403 τὸν
1103 2349 1362 2418 πόλεμον.
1405 2349 1678 2418 Ἐμπορία
1706 2365 1767 2401 τε
1800 2348 1903 2419 γὰρ

2007 2352 2102 2403 sed
2154 2365 2278 2403 cum
2313 2350 2506 2406 amicis
2534 2367 2622 2406 res
2652 2353 3060 2421 perpendenda,
3097 2362 3155 2407 et
3205 2351 3423 2407 utilitati
3455 2367 3590 2407 con-

329 2433 610 2488 ἐκλέλοιπε
634 2439 801 2505 πᾶσα,
822 2439 1406 2511 θαλασσοκρατούντων
1421 2439 1595 2510 ἡμῶν,
1623 2441 1714 2494 καί
1737 2457 1903 2510 γεωρ-

2008 2441 2302 2498 sulendum
2331 2451 2438 2498 est.

328 2521 456 2589 γίας
495 2526 859 2600 ἀπείργομεν,
901 2533 1022 2586 οὐδὲ
1063 2535 1125 2586 τὸ
1154 2532 1343 2585 πυλῶν
1398 2531 1716 2602 προϐαίνειν
1751 2533 1909 2585 ἀκίν-

324 2631 481 2690 δυνον
512 2615 573 2671 ὃν
602 2620 750 2688 ὑμῖν.
786 2620 947 2675 Ὥστε
979 2624 1243 2678 πάντοθεν
1283 2624 1576 2694 συμϐαίνει
1639 2620 2034 2695 περιΐστασθαι
2097 2621 2190 2674 τὸν
2251 2619 2516 2683 κίνδυνον,
2540 2618 2607 2674 ἄν
2638 2636 2698 2672 τε
2762 2620 3036 2690 κρατῆσθε
3069 2621 3184 2686 τοῖς
3203 2621 3415 2687 ὅπλοις,
3441 2620 3506 2674 ἄν
3527 2635 3588 2672 τε

329 2709 404 2777 μή
433 2724 449 2740 ο
476 2709 552 2771 ὼς
577 2712 673 2766 οὖν
707 2714 833 2784 περί
861 2718 1137 2787 σωτηρίας
1197 2717 1330 2787 ὑμῖν
1370 2716 1819 2786 βουλευσομένοις
1843 2717 1945 2770 οὐκ
1983 2717 2044 2770 ἐν
2075 2714 2340 2786 παρέργῳ
2404 2713 2511 2790 χρὴ
2557 2714 2834 2768 ποιεῖσθαι
2882 2715 2982 2787 τὴν
3012 2713 3234 2786 βουλὴν,
3282 2714 3421 2770 ἀλλὰ
3450 2713 3590 2786 μετὰ

323 2801 433 2855 τῶν
456 2802 624 2873 φίλων
646 2809 1019 2878 σκεψαμένους
1051 2809 1120 2864 τὰ
1141 2811 1328 2866 δέοντα
1353 2811 1594 2884 ἑλέσθαι.

1727 2929 1957 2987 CAPUT
1999 2925 2192 2983 XXXI.

327 3013 554 3091 Spi_nula
586 3016 797 3091 culpam
821 3020 1042 3091 fatetur,
1075 3020 1350 3076 consilium
1382 3041 1412 3077 a
1439 3022 1721 3076 domestico
1751 3024 1898 3091 petit.
1933 3018 2159 3091 suadet,
2206 3016 2411 3091 veniam
2458 3017 2556 3091 ab_
2586 3014 2908 3091 imperatore
2962 3014 3262 3084 petendam.
3297 3026 3347 3070 et
3387 3017 3588 3091 obsides

401 3085 597 3140 Persa:
625 3082 1068 3162 eicondonandds
1085 3107 1104 3155 ;
1144 3092 1431 3162 Mytilenen
1453 3103 1502 3147 et
1544 3082 1822 3162 Phoenicim
1852 3088 2220 3162 restituendus.
2253 3085 2425 3162 Quam
2447 3082 2622 3162 multis
2650 3086 2910 3162 bonis.er
2929 3082 3360 3162 remuneratur”
3389 3089 3457 3141 sit
3487 3092 3582 3162 iw

399 3171 615 3228 perator
645 3157 814 3228 docet.
859 3169 930 3224 et,
969 3169 1024 3212 ut
1085 3152 1375 3228 maturent,
1431 3169 1696 3220 hortatur.
1755 3161 1981 3216 Pltocaza
2041 3167 2091 3212 et
2139 3155 2392 3227 Mytilene
2440 3152 2748 3210 redduntur.
2788 3153 2958 3210 Filios
3003 3156 3201 3210 obsides
3245 3155 3425 3212 Persa:
3475 3158 3586 3214 la'ti

403 3227 664 3298 accipiunt
693 3245 712 3282 :
747 3227 932 3284 Lesbos
956 3238 1066 3285 tota
1096 3242 1461 3304 recuperatur.

405 3345 642 3399 τοιαῦτα
699 3345 792 3400 τοῦ
861 3350 1101 3421 μεγάλου
1182 3351 1508 3422 δομεστίκου
1589 3348 1899 3422 εἰρηκότος,

2077 3344 2359 3401 Hactenus
2422 3359 2656 3415 magnus
2707 3342 3088 3409 domesticus;
3123 3343 3286 3414 cujus
3324 3359 3580 3402 sermone

328 3437 602 3506 Ντζιουὰν
655 3438 891 3496 ἐπιπολὺ
929 3440 1129 3513 μὲν-ἧν
1157 3443 1401 3507 σιωπῶν,
1441 3443 1902 3514 ἐκπεπληγμένος

324 3534 412 3587 ὅτι
436 3533 499 3602 δὴ
533 3534 847 3602 σαφέστατα
876 3536 1002 3606 περὶ
1033 3536 1143 3589 τῶν
1173 3536 1295 3588 κατ’
1329 3535 1528 3596 αὐτοὺς
1557 3535 1901 3604 πραγμάτων

324 3625 618 3695 διειλέχθη,
649 3626 897 3698 συνεώρα
941 3644 1002 3681 τε
1045 3627 1147 3698 ήδη
1182 3628 1278 3680 καὶ
1335 3627 1497 3688 αὐτὸς
1533 3627 1627 3679 τὸν
1655 3626 1900 3679 κίνδυνον

327 3713 401 3775 ὡς
426 3715 484 3766 ιν
514 3716 651 3786 χρῷ.
681 3717 912 3771 Ἔπειτα
963 3715 1299 3783 ἀνενεγκὼν,
1344 3716 1434 3778 Ὠς
1465 3717 1565 3786 μὲν
1604 3715 1901 3783 ἀδικοῦμεν

327 3804 568 3874 πολέμου
583 3807 863 3876 ἄρχοντες,
892 3807 1021 3879 ἔφη,
1057 3809 1181 3862 ούδέ
1208 3809 1366 3862 αὐτοὶ
1418 3807 1699 3876 δυνάμεθα
1721 3810 1901 3860 ἀντει-

329 3900 468 3952 πεῖν.
503 3899 645 3970 Πλὴν
665 3900 842 3952 ἐλπίδι
868 3900 1198 3970 ἐπαρθέντες
1233 3899 1327 3954 τοῦ
1358 3917 1419 3954 τε
1455 3901 1745 3969 ἐγκρατεῖς
1804 3913 1900 3964 γε·

327 3990 587 4060 νήσεσθαι
615 3992 714 4061 τῆς
736 3990 1102 4057 Λέσϐου,,τοῢ
1134 4008 1190 4044 τε
1223 3990 1548 4054 ἀμυνεῖσθαι
1581 3988 1807 4059 βασιλέα
1833 3986 1900 4040 ἂν

325 4083 454 4151 ἐπίῃ
479 4081 562 4144 (ού
610 4082 719 4151 γὰρ
745 4081 1013 4152 τοσαύτην
1047 4098 1112 4149 γε
1140 4079 1364 4151 ᾠόμεθα
1379 4063 1609 4149 δύναμιν
1624 4079 1898 4147 ἀθροίσειν

325 4170 609 4242 ναυτικὴν)
637 4171 924 4242 ἠράμεθαο
955 4172 1075 4226 νυνὶ
1097 4170 1154 4224 δὲ
1185 4171 1285 4242 ἠδη
1313 4170 1382 4225 τά
1407 4187 1463 4224 τε
1489 4175 1749 4240 χρήματα
1765 4168 1899 4220 ἀνά-

325 4263 494 4316 λωται
539 4264 691 4332 ἡμῖν,
747 4261 840 4316 καὶ
872 4263 1028 4316 αὐτοὶ
1063 4261 1526 4332 πολιορκούμεθα,
1559 4261 1660 4314 οὐκ
1688 4259 1898 4328 ἀγαθὰς

326 4355 536 4424 ῐχοντες
570 4353 793 4417 ἐλπίδας
836 4354 968 4423 περὶ
996 4354 1104 4407 τῶν
1134 4353 1465 4421 μελλόντων.
1513 4352 1666 4406 Ἐπεί
1700 4350 1780 4415 δὲ,
1822 4351 1899 4415 ὼς

325 4446 470 4516 ὁρῶ,
506 4445 602 4500 τοῦ
654 4444 792 4499 Θεοῦ
820 4445 1175 4516 κεκινηκότος
1224 4446 1304 4508 εἰς
1353 4445 1480 4508 τοὺς
1517 4445 1647 4514 περὶ
1692 4442 1898 4497 τούτων

327 4536 858 4610 προήχθης-λόγους,
887 4537 1080 4606 δέομαι
1110 4535 1147 4592 ἃ
1172 4536 1429 4607 λυσιτελῆ
1456 4539 1605 4590 δοκεῖ
1644 4538 1734 4590 καὶ
1753 4535 1899 4590 δέον-

323 4646 390 4684 τα
420 4628 814 4695 βουλεύσασθαι
837 4617 1080 4696 περΐτοῦ
1108 4621 1416 4693 μέλλοντος.
1451 4627 1532 4682 Τὰ
1557 4631 1665 4697 γὰρ
1695 4627 1898 4699 παρελ-

2006 3438 2299 3508 perculsus
2352 3437 2613 3502 Joannes,
2672 3436 2766 3490 diu
2798 3436 2976 3502 siluit,
3009 3437 3157 3506 quod
3189 3452 3416 3493 suorum
3446 3453 3579 3493 cono

1997 3528 2274 3586 .ditionem
2308 3527 2672 3583 disertissime
2710 3528 3036 3596 explicatam
3097 3527 3340 3591 videbat,
3373 3538 3429 3583 et
3465 3529 3576 3598 jam

2001 3619 2122 3688 ipse
2155 3607 2394 3688 quoque
2408 3620 2712 3689 periculum
2764 3635 2887 3675 esse
2928 3621 2984 3674 in
3016 3621 3330 3676 cervicibus
3381 3621 3579 3676 intelli-

2001 3712 2187 3780 gebat.
2221 3713 2513 3782 Postquam
2551 3729 2611 3768 se
2638 3714 2838 3769 deinde
2869 3715 3119 3784 collegit,
3168 3716 3243 3775 ita
3279 3715 3382 3770 fari
3415 3732 3582 3771 exor-

2001 3817 2098 3856 sus
2124 3813 2211 3857 est
2242 3817 2256 3855 :
2300 3803 2590 3873 Perperam
2625 3819 2724 3859 nos
2751 3820 2933 3874 agere,
2970 3808 3100 3860 dum
3149 3806 3214 3860 ad
3250 3822 3402 3860 arma
3439 3807 3581 3876 prio-

2003 3909 2091 3950 res
2119 3895 2454 3964 prosilimus,
2491 3910 2654 3950 nemo
2687 3897 2768 3950 vel
2797 3909 3052 3950 nostrum
3077 3896 3286 3950 in‘licias
3309 3897 3472 3966 299
3505 3899 3583 3952 ire

2001 3997 2204 4058 potest.
2233 3986 2506 4042 Creten-um
2539 3987 2701 4042 Lesbi
2738 3987 2932 4042 insulae
2961 3988 3353 4059 adipiscendae.
3386 4000 3442 4044 et
3481 3992 3582 4044 im-

1999 4089 2342 4150 peratorem,’
2385 4078 2434 4133 si
2470 4079 2737 4149 impedire
2791 4089 3110 4140 conaretur,
3177 4080 3488 4148 depellendi
3523 4081 3582 4135 ll-

1999 4172 2165 4227 ducia
2195 4171 2325 4225 elati
2357 4171 2527 4236 (haud
2568 4170 2716 4224 enim
2757 4177 2964 4223 tantam
3016 4171 3246 4224 classem
3293 4184 3582 4240 compara.

2000 4273 2186 4320 turum
2219 4263 2606 4332 credebamus;
2634 4263 2840 4319 bellum
2872 4262 3013 4315 banc
3041 4263 3160 4316 ausi
3183 4277 3397 4316 sumus.
3423 4261 3581 4318 Nunc

1997 4372 2055 4414 et
2085 4356 2338 4428 pecuniis
2372 4354 2652 4416 exhausti,
2702 4361 2754 4407 et
2791 4353 3019 4422 insuper
3066 4351 3172 4421 ipsi
3209 4353 3440 4415 obsessi,
3489 4357 3579 4409 Ιιο-

1998 4465 2098 4504 nas
2131 4463 2260 4518 spes
2288 4463 2483 4503 omnes
2513 4447 2879 4518 perdidimus.
2933 4445 3070 4512 Quia
3103 4460 3232 4501 vero
3261 4445 3480 4507 divino.
3521 4456 3579 4502 ut

1999 4537 2262 4598 arbitror,
2296 4535 2480 4590 alllatu
2510 4535 2576 4590 de
2613 4535 2698 4590 bis
2727 4535 2892 4588 rebus
2917 4533 3252 4595 disseruisti,
3291 4544 3491 4598 le'oro,
3521 4542 3578 4590 ui

1999 4645 2122 4701 quae
2171 4631 2329 4685 utilia
2385 4631 2544 4684 nobis
2581 4632 2636 4683 in
2675 4638 2961 4698 posterum
3016 4637 3073 4684 et
3105 4629 3418 4682 necessaria
3475 4628 3546 4682 du

326 4722 484 4776 θόντα
513 4724 613 4775 οὐκ
632 4719 783 4775 εστιν
807 4695 983 4784 ἄλλως
1009 4719 1292 4776 διαθέσθαι
1317 4719 1349 4791 ἢ
1373 4719 1447 4786 ὡς
1481 4695 1644 4792 ἐτυχε
1667 4695 1898 4790 γεγενη-

2007 4724 2170 4790 xeris,
2207 4739 2271 4778 ea
2297 4706 2574 4798 consulas,
2603 4723 2827 4791 quando
2866 4721 3145 4790 prmerita
3168 4722 3446 4790 corrigere
3470 4738 3578 4776 nou

328 4814 486 4882 μένα.
529 4813 589 4868 '0
616 4813 792 4882 μέγας
827 4813 886 4868 δὲ
915 4813 1260 4882 δομέστικος,
1291 4813 1357 4868 Et
1382 4814 1481 4882 μὲν
1515 4812 1639 4866 καθ’
1675 4813 1904 4877 ἑαυτοὺς

325 4907 478 4960 αὐτοὶ
501 4908 632 4977 περὶ
653 4906 764 4960 τῶν
789 4905 1095 4978 ὑμετέρων,
1119 4906 1248 4975 εφη,
1271 4905 1622 4961 ἐϐουλεύεσθε
1642 4908 1902 4978 πραγμά-

324 5015 452 5062 των,
476 4999 629 5053 ούδέν
660 4999 729 5054 ἂν
763 4998 1004 5053 ἐκώλυεν
1054 4999 1280 5070 εἰρήνην
1307 4999 1340 5070 ἢ
1375 5001 1470 5054 τὸν
1504 5001 1742 5071 πόλεμον
1777 5004 1893 5058 ἐλέ-

329 5092 470 5146 σθαι.
507 5092 660 5146 Ἐπεὶ
691 5091 752 5144 δέ
781 5090 906 5161 ἐμοὶ
941 5091 1072 5160 περὶ
1100 5091 1208 5144 τῶν
1248 5091 1533 5159 ὑμετέρων
1567 5095 1896 5166 ἐπιτρέπετε

326 5181 675 5255 βουλεύεσθαι
707 5182 1082 5253 πραγμάτων,
1133 5181 1170 5236 ὅ.
1229 5187 1319 5252 μοι
1348 5181 1492 5234 δοκῶ
1532 5182 1663 5252 ὑμῖν
1688 5189 1901 5256 συμφέ-

326 5291 488 5344 ροντα
521 5275 634 5345 δρῶ
657 5290 668 5303 -
704 5275 833 5348 ὑμῖν
862 5276 920 5328 δὲ
964 5275 1182 5339 ἐξέσται
1223 5273 1255 5342 ἢ
1306 5273 1582 5341 αἱρεῖσθαι
1612 5276 1678 5329 τὰ
1711 5277 1900 5352 βεϐουτ

325 5366 561 5446 λευμένα
589 5365 624 5438 ἦ
654 5365 984 5422 διωθεῖσθαι.
1010 5361 1179 5434 οἶμαι
1209 5365 1266 5419 δὲ
1314 5366 1436 5420 ούδέ
1467 5366 1679 5420 πολλῶν
1707 5369 1893 5440 δεήσε-

327 5460 450 5514 σθαι
475 5459 651 5528 λόγων
688 5460 817 5528 περὶ
862 5459 973 5512 τῶν
1004 5459 1133 5530 ύμῖν
1163 5461 1424 5514 πείθοντα
1452 5458 1752 5522 δοκούντων
1801 5463 1899 5515 λυ-

329 5551 576 5614 σιτελσῖν.
601 5552 666 5603 ’Δ
689 5550 800 5621 γὰρ
828 5549 1134 5620 διειλέχθην
1161 5551 1449 5623 πρότερον,
1475 5551 1689 5607 πολλῶν
1711 5553 1899 5606 κακῶν

323 5636 454 5714 ὗμιν
476 5644 567 5698 τὸν
585 5643 820 5714 πόλεμον
844 5643 1171 5698 αἰτιώτατον
1188 5646 1558 5714 γεγενημένον
1579 5645 1897 5711 ἀποφαίνων

327 5737 420 5791 καὶ
459 5735 538 5790 ἔτι
581 5735 866 5800 μέλλοντα,
895 5735 1106 5799 τούτοις
1145 5735 1324 5802 ἔξεστι
1354 5737 1788 5802 κατασκευάζειν
1819 5736 1893 5800 ὠς

2001 4814 2152 4869 licet.
2229 4814 2326 4892 Ad.
2374 4814 2489 4870 bzec
2545 4829 2776 4882 magnus
2828 4813 3207 4868 domesticus:
3241 4813 3320 4877 Si,
3376 4813 3578 4884 inquit,

1999 4906 2288 4961 vobiscum
2345 4907 2450 4977 ipsi
2515 4907 2582 4961 de
2631 4923 2689 4960 re
2713 4914 2894 4960 vestra
2945 4906 3388 4973 consuluissetis,
3443 4907 3616 4962 nibil‘

1995 4999 2062 5055 ad
2096 5014 2284 5069 pacem
2315 4999 2458 5055 bello
2490 4999 2886 5071 praeferendam
2917 4999 3246 5054 obstitisset.
3309 4999 3416 5056 Sed
3451 5000 3577 5072 quia

2002 5091 2138 5146 mihi
2170 5091 2222 5143 in
2254 5105 2420 5144 causa
2460 5101 2643 5145 vestra
2692 5090 2963 5160 judicium
3023 5105 3188 5145 omne
3237 5092 3575 5160 permittitis,

2003 5197 2127 5254 qua?
2152 5183 2443 5252 profutura
2471 5183 2693 5252 opinor,
2749 5197 2858 5236 non
2891 5183 3082 5238 tacebo
3121 5199 3135 5236 :
3179 5182 3334 5238 vobis
3363 5192 3457 5236 aut
3486 5198 3573 5252 pa-

2003 5292 2127 5332 rere
2165 5276 2401 5331 consilio
2435 5291 2580 5342 meo,
2617 5287 2711 5331 aut
2743 5277 2794 5329 id
2830 5276 3124 5344 repudiare
3149 5275 3426 5345 integrum
3450 5279 3560 5330 erit

2007 5369 2276 5425 Existimo
2298 5376 2480 5423 autem
2533 5367 2954 5438 explicationem
3010 5368 3231 5422 consilii
3263 5368 3367 5422 mei
3419 5367 3574 5435 longe

2005 5461 2261 5516 oratione
2325 5459 2470 5514 haud
2515 5473 2699 5530 egere.
2751 5458 2888 5513 Nam
2947 5472 3181 5528 queque
3229 5459 3385 5529 prius
3426 5473 3457 5512 a
3497 5471 3572 5511 me

2004 5553 2152 5609 dicta
2197 5559 2346 5616 sunt,
2394 5553 2597 5622 quibus
2635 5552 2841 5606 bellum
2895 5551 3066 5606 hocce
3093 5566 3099 5572 ·
3131 5555 3468 5621 praecipuum
3526 5559 3572 5606 et

2005 5647 2184 5702 solum
2249 5645 2620 5716 complurium
2673 5645 2942 5701 malorum
3003 5651 3312 5698 vestrorum
3371 5643 3573 5698 fontem

2004 5737 2175 5793 fuisse
2211 5737 2461 5800 probavi.
2515 5749 2747 5797 qumoue
2796 5733 2977 5789 adhuc
3018 5730 3268 5788 dicturus
3307 5746 3453 5791 sum.
3487 5730 3570 5784 iis
