4060 6412
399 373 506 436 ΕΠ

1489 391 1514 410 -
1561 375 2113 444 ms'ronunun
2156 383 2393 445 LIBER
2442 387 2518 449 ιι.
2597 453 2608 464 ,

3551 404 3658 469 (ιιὸ

401 504 566 540 ποντο
597 485 736 556 μετᾶ
767 486 865 558 τῆς
890 487 1060 558 ἄλλης
1104 490 1381 560 στρατιᾶς.
1429 489 1577 542 Ἐπεὶ
1613 491 1670 543 δέ
1702 490 1842 558 μετὰ
1873 491 1965 558 τὴν

2073 490 2219 542 enim
2250 491 2359 545 illis
2390 493 2573 563 nefas)
2605 494 2709 549 nisi
2740 511 2768 550 e
2805 496 3072 568 barbaris,
3109 504 3200 572 qui
3228 503 3432 564 Christi
3459 509 3658 568 Serva-

401 579 630 633 ἐκείνων
664 578 1016 650 ἀναχώρησιν
1046 580 1386 653 προσῆλθον,
1423 582 1615 635 ἔλυσεν
1651 583 1680 635 ό
1724 583 1978 650 βασιλεὺς

400 671 622 741 πέμψας
671 673 830 737 ὅσους
879 674 1114 742 μάλιστα
1164 674 1314 744 ἐνῆν.
1351 673 1490 737 Τοὺς
1545 673 1764 736 πλείους
1806 673 1862 725 δὲ
1899 675 1976 735 είς

397 763 474 816 ἐι.)
510 764 718 833 ἤγαγον
756 765 849 818 ἐπὶ
869 765 1102 836 δουλείᾳ.
1139 764 1399 836 Ῥιιΐμαῖοι
1428 765 1484 818 δὲ
1517 763 1838 836 ἀνθρώπους
1874 762 1975 830 μὲν

395 857 496 910 οὐκ
534 857 1074 928 ἐξηνδραποδίζοντο.
1119 859 1256 912 osa:
1307 858 1419 928 γὰρ
1459 855 1672 922 ἔξεστιν
1711 857 1895 918 αὐτοῖς
1925 857 1973 908 εί

399 946 475 1016 μὴ
505 945 615 999 ἀπὸ
667 944 962 1016 βαρϐάρων
1000 945 1110 1000 εἷεν
1143 947 1254 1000 τῶν
1302 951 1369 1018 τῇ
1427 947 1683 1018 Σωτῆρος
1730 945 1972 1013 Χριστοῦ

396 1037 540 1108 ὑπὲρ
587 1037 746 1107 ἡμῶν
785 1039 1072 1110 οἰκονομίᾳ
1127 1039 1202 1109 μὴ
1243 1039 1714 1092 πεπιστευκότων.
1766 1037 1974 1109 Βοσκη-

395 1131 589 1201 μάτων
615 1132 674 1186 δὲ
699 1132 1008 1206 ἐκράτησαν
1033 1133 1217 1205 σχεδὸν
1239 1133 1473 1204 ἀριθμὸν
1505 1130 1966 1204 ὑπερϐαινόντων,

397 1224 645 1277 ἐπίπλων
685 1241 744 1276 τε
779 1225 875 1279 καὶ
926 1223 1104 1278 ἄλλων
1167 1225 1332 1279 τινῶν
1370 1225 1672 1296 χρημάτων
1714 1227 1814 1277 οὐκ
1855 1224 1972 1294 όλίο

395 1333 528 1384 γων.
574 1317 827 1384 Ἑλέγετο
877 1316 958 1383 δὲ,
1013 1318 1109 1370 καὶ
1145 1311 1215 1389 ἦν
1263 1318 1478 1388 ἀληθὲς,
1534 1319 1609 1382 ὡς
1644 1316 1871 1386 ὕστερον
1907 1318 1968 1383 ἐξ

394 1407 576 1462 αὐτῶν
602 1409 710 1462 τῶν
754 1410 942 1469 κακῶς
969 1410 1253 1464 παθόντων
1299 1411 1513 1480 βασιλεί
1556 1411 1970 1484 προσελθόντων

396 1500 537 1572 μετὰ
561 1498 662 1571 τὴν
697 1502 986 1572 συμφορὰν
1012 1501 1362 1574 ἐκείνην’τὴν
1394 1505 1642 1576 μεγάλην
1663 1505 1966 1576 ἀριθμούν-

393 1611 501 1647 των
532 1592 600 1647 τὰ
628 1593 809 1647 αὐτῶν
838 1593 1064 1662 ἐγένετο
1094 1597 1409 1664 καταφανὲς
1438 1597 1516 1661 ὡς
1547 1598 1891 1669 κρατήσειαν
1915 1599 1966 1650 οἱ

400 1688 664 1757 Ῥωμαῖοι
697 1687 842 1742 κατὰ
871 1687 972 1758 τὴν
1013 1687 1165 1740 λείαν
1211 1687 1357 1758 βοῶν
1404 1674 1505 1758 μέν
1538 1689 1834 1758 τριάκοντα
1865 1704 1968 1757 μυ-

393 1781 616 1852 ριάδων,
651 1780 1106 1851 πεντακισχιλίων
1129 1780 1189 1835 δέ
1218 1781 1425 1845 ἵππων,
1455 1780 1743 1851 προϐάτων
1773 1781 1827 1834 δέ
1857 1798 1965 1851 μυ-

2081 580 2218 632 toris
2273 581 2634 638 meonomiain
2687 605 2794 642 non
2854 592 3090 648 credunt
3126 594 3261 665 (52).
3301 599 3522 657 Peeoris
3556 619 3657 658 au-

2083 678 2189 722 tem
2247 688 2479 729 numero
2516 679 2757 746 quodam
2816 683 3052 750 inﬁnito,
3097 699 3360 756 praeterea
3425 695 3662 762 supelle-

2077 763 2227 828 ctile,
2251 765 2487 836 aliisque
2516 771 2681 826 rebus
2709 773 2963 842 plurimis
2985 777 3144 846 potiti
3176 791 3325 835 sunt.
3356 782 3660 840 Ferebatur

2077 868 2264 946 porro,
2286 874 2387 914 nec
2410 862 2570 917 secus
2597 874 2739 931 erat,
2765 870 3114 936 postmodum
3136 889 3202 927 ex
3231 874 3366 943 ipsis
3389 878 3657 946 spoliatis,
3767 918 3774 925 ι

2077 945 2172 1014 qui
2216 963 2277 1002 se
2305 949 2623 1021 imperatori
2671 955 3033 1025 dedidissent,
3060 971 3117 1017 et
3135 973 3259 1030 post
3289 945 3657 1024 calamitatem

2076 1032 2226 1124 illam
2276 1051 2530 1108 magnam
2587 1058 2686 1097 sua
2739 1050 3476 1124 recensuissent,cognitum
3505 1071 3655 1117 esse.

2077 1123 2357 1183 Romanos
2409 1131 2464 1184 in
2498 1136 2680 1202 prmda
2721 1137 2949 1207 adeptos
2976 1142 3144 1196 boum
3179 1123 3446 1208 trecenta,
3475 1162 3658 1218 equo-

2079 1232 2200 1272 rum
2225 1221 2494 1290 quinque,
2530 1219 2720 1282 ovium
2753 1230 2911 1302 303
2944 1233 3242 1292 duodecies
3269 1248 3500 1294 centena
3528 1243 3658 1297 mil-

2070 1309 2171 1364 lia.
2204 1311 2337 1366 Tam
2401 1315 2702 1374 immensos
2750 1339 2942 1392 greges
2985 1341 3148 1398 agere
3205 1333 3484 1387 exercitus
3543 1349 3655 1388 non

2073 1411 2324 1496 poterat:
2351 1408 2445 1462 sed
2480 1410 2734 1468 dominos
2769 1424 2976 1471 tantum
3001 1421 3358 1491 abripientes,
3415 1425 3534 1480 sine
3561 1441 3658 1496 pa.

2072 1495 2316 1552 storibus
2340 1515 2438 1556 eos
2485 1505 2668 1574 vagari
2720 1507 2994 1564 sinebant.
3026 1509 3098 1566 At
3125 1514 3292 1570 urbes
3316 1517 3389 1572 ab
3425 1495 3656 1576 Albanis

2073 1583 2296 1653 indigna
2333 1607 2608 1664 perpessae
2662 1611 3041 1670 accurrentes,
3085 1620 3428 1678 unaquaque
3476 1626 3652 1681 quan-

2069 1684 2185 1730 tum
2205 1682 2432 1746 libebat,
2449 1689 2670 1743 nemine
2689 1691 2965 1759 obstante,
2981 1695 3289 1754 auferebat.
3310 1700 3419 1770 Ipsi
3437 1717 3660 1771 posses-

2065 1780 2241 1834 sores,
2278 1789 2402 1828 cum
2435 1775 2503 1831 de
2536 1790 2736 1835 caetero
2767 1785 3168 1856 subiectionem
3202 1794 3656 1861 spopondissem.

391 1863 798 1944 ριάδωνέίκοσι
829 1875 924 1927 καὶ
949 1873 1165 1927 ἑκατόν.
1199 1872 1450 1928 Τοσαῦτα
1481 1873 1539 1926 δὲ
1559 1873 1693 1926 ὄντα
1727 1873 1787 1926 τὸ
1821 1873 1962 1937 πλῆ-

2070 1876 2176 1914 non
2206 1877 2399 1931 parum
2456 1883 2876 1942 recuperarunt,
2913 1893 3012 1947 per
3055 1881 3222 1938 silvas
3257 1894 3315 1940 et
3363 1891 3534 1946 valles
3567 1891 3657 1945 di-

399 1966 515 2032 Θος,
549 1967 704 2036 ἄγειν
733 1967 836 2036 μέν
865 1967 969 2022 οὐκ
1003 1966 1233 2038 ἠδύνατο
1269 1969 1302 2038 ἡ
1345 1967 1599 2036 στρατιὰ,
1653 1965 1788 2019 ἀλλὰ
1839 1965 1966 2028 τοὺς

402 2057 624 2127 ῐχοντας
684 2058 845 2127 μόνον
896 2056 1290 2120 ἀπελάσαντες,
1351 2055 1648 2110 κατέλιπον
1705 2055 1966 2125 φέρεσθαι

402 2147 667 2214 ἁνόμευτα
711 2146 789 2209 ῶς
820 2144 1034 2216 ἔτυχεν.
1086 2145 1159 2199 Αἰ
1201 2161 1261 2198 τε
1315 2145 1499 2209 πόλεις
1543 2145 1666 2198 ὅσαι
1701 2143 1968 2214 πρότερον

399 2235 580 2305 κακῶς
610 2237 921 2308 πάσχουσαι
954 2233 1096 2308 ἦσαν
1128 2237 1233 2305 ὑπὸ
1277 2237 1579 2300 Ἀλόανῶν,
1610 2236 1966 2307 ἐξερχόμενοι

390 2316 528 2394 ἦγον
551 2323 650 2377 ὃσα
677 2323 908 2388 ἕκαστος
932 2323 1186 2377 ἐὸούλετο
1216 2323 1521 2388 κωλύοντος
1547 2325 1781 2389 οὐδενὸς,
1811 2323 1966 2377 αὐτοί

391 2432 450 2468 τε
491 2417 542 2469 οι
590 2415 828 2486 ἔχοντες,
861 2417 1004 2487 μετὰ
1055 2420 1117 2469 τὸ
1145 2417 1251 2469 ὑπὸ
1297 2416 1524 2487 βασιλέα
1574 2416 1827 2485 γενέσθαι
1872 2416 1968 2469 καὶ

305 2509 310 2514 ’
391 2509 827 2579 ἐπαγγείλασθαι
851 2510 1130 2576 δουλείαν,
1162 2510 1374 2564 πολλῶν
1391 2511 1643 2578 ἐγένοντο
1680 2510 1836 2573 αὖθις
1863 2509 1964 2563 κύ-

393 2618 524 2672 ριοι,
543 2601 686 2654 κατὰ
705 2602 883 2666 νάπας
917 2603 1126 2667 καὶτὰς
1159 2603 1450 2673 φάραγγας
1478 2604 1732 2672 εὑρόντες
1760 2603 1969 2655 διεσκε-

388 2699 658 2771 δασμένα,
695 2700 976 2770 ὡνήσαντό
1006 2715 1065 2752 τε
1091 2699 1186 2752 καὶ
1215 2699 1324 2753 ἀπὸ
1347 2699 1444 2768 τῆς
1471 2700 1732 2769 στρατιᾶς
1771 2699 1964 2754 πολλάο

390 2791 534 2864 ὑπὲρ
565 2791 943 2846 πεντακοσίων
972 2792 1070 2846 ἕνα
1111 2793 1442 2864 παρέχοντες
1493 2792 1728 2863 χρυσοῦν
1761 2792 1970 2863 προϐά-

387 2899 521 2949 των,
552 2884 692 2954 ὑπὲρ
720 2882 860 2953 βοῶν
889 2883 966 2948 δὲ,
1006 2882 1221 2935 ἐκατόν.
1261 2882 1454 2944 Ἐθους
1486 2883 1542 2936 δέ
1572 2883 1723 2946 ὄντος
1768 2883 1967 2953 πρότε-

389 2991 488 3048 ρον
511 2976 576 3047 τῇ
606 2977 857 3047 στρατιᾷ,
885 2974 1108 3030 ἐπειδάν
1146 2991 1290 3039 τινος
1343 2976 1664 3048 κρατήσωσι
1714 2975 1886 3038 λείας,
1931 2975 1964 3046 ἦ

390 3070 635 3134 πλείονος
663 3069 696 3140 ἢ
721 3068 1031 3137 ἐλάσσονος,
1058 3069 1155 3139 τὴν
1183 3069 1446 3138 πέμπτην
1482 3071 1680 3139 μοῖραν
1703 3069 1966 3143 παρέχειν

390 3163 667 3232 ἀριστεῖον
702 3161 941 3232 βασιλεῖ,
971 3162 1067 3216 καὶ
1101 3162 1222 3231 μετ’
1255 3162 1463 3216 ἐκεῖνον
1492 3163 1569 3231 τῷ
1623 3163 1846 3232 μεγάλῳ
1884 3162 1969 3216 δο-

390 3257 638 3326 μεστίκῳ
669 3255 794 3324 ῐσην
819 3248 908 3308 οἷα
927 3252 996 3322 δὴ
1022 3253 1124 3326 τῆς
1154 3255 1452 3324 συμπάσης
1481 3243 1771 3326 ⁴ἡγουμένῳ
1801 3269 1966 3322 στρα-

389 3350 533 3414 τιᾶς,
567 3349 689 3402 τότε
726 3348 880 3402 οὐδὲν
925 3349 1150 3402 ἐποίουν
1200 3347 1310 3401 τῶν
1359 3347 1652 3402 εἰωθότων.
1708 3346 1844 3400 Οὐδὲ
1878 3363 1964 3408 τις

387 3441 620 3514 ⁴ιλνώχλει
656 3442 842 3505 αὐτοῖς
883 3429 1141 3511 περὶτῆς
1170 3439 1450 3510 πέμπτης.
1496 3437 1636 3490 Ἀλλ’
1670 3437 1862 3507 ὥσπερ
1902 3436 1964 3501 ἐξ

389 3537 632 3593 ἀεννάων
677 3533 944 3606 ποταμῶν
978 3533 1108 3603 ἐξῆν
1155 3532 1374 3603 ἑκάστῳ
1418 3532 1559 3585 ὅσων
1599 3531 1667 3584 ἂν
1717 3531 1963 3601 βούλοιτο

391 3627 579 3699 κύριος
635 3627 917 3693 γενέσθαι.
955 3621 1194 3681 Τοιαῦτα
1243 3625 1344 3696 μὲν
1400 3624 1649 3678 Ἀλϐανοὶ
1695 3626 1963 3695 πρότερον

387 3723 512 3785 τοὺς
544 3723 837 3793 ἑσπερίους
864 3720 1086 3778 ἠδίκουν
1110 3737 1121 3748 ·
1160 3719 1420 3786 τοιαύτην
1448 3719 1506 3772 δὲ
1532 3719 1724 3772 ἔδοσαν
1755 3719 1850 3790 τὴν
1881 3718 1964 3771 δίο

388 3834 491 3886 κην
521 3817 663 3885 ὑπὲρ
693 3811 767 3870 ὧν
795 3816 1014 3886 ἠδίκουν
1049 3815 1294 3884 ὕστερον.
1344 3814 1534 3876 Πόλεις
1577 3813 1634 3866 δὲ
1673 3813 1732 3865 αἱ
1764 3813 1960 3877 πρότε-

391 3923 485 3976 ρον
519 3908 823 3978 πάσχουσαι
845 3908 1033 3970 κακῶς
1050 3906 1244 3974 διπλῆς
1270 3905 1592 3974 ἀπήλαυσαν
1614 3904 1957 3976 εὐεργεσίαςο

390 4000 656 4071 ἐπηρείας
688 4017 747 4053 τε
788 4001 884 4068 τῆς
917 4002 1069 4069 παρὰ
1113 3999 1386 4052 Ἀλϐανῶν
1416 3998 1835 4068 ἀπηλλαγμένοι
1865 3999 1961 4053 καὶ

387 4091 488 4161 τῆς
522 4091 788 4162 βασιλέως
811 4091 1218 4153 ἀπολαύσαντες
1243 4091 1538 4160 ἐπιδημίας
1563 4092 1654 4144 καὶ
1674 4092 1956 4163 προνοίας.

394 4185 459 4236 Ὃ
491 4183 664 4254 μείζω
687 4183 782 4236 καὶ
813 4183 1203 4256 λαμπροτέραν
1222 4183 1402 4246 αὐτοῖς
1425 4181 1520 4250 τὴν
1543 4183 1739 4252 ἡδονὴν
1760 4184 1957 4248 ἐποίει,

387 4277 484 4327 καὶ
513 4275 708 4346 ἑορτὴν
736 4271 870 4346 ἦγον
897 4275 996 4344 τὴν
1024 4274 1216 4327 πασῶν
1255 4278 1640 4345 χαριεστάτην.
1691 4275 1823 4328 Ἀπὸ
1847 4261 1960 4346 ,γὰρ

387 4368 493 4422 τῶν
524 4367 806 4439 Κομνηνοῦ
840 4366 932 4420 τοῦ
964 4367 1223 4431 Μανουὴλ
1253 4366 1520 4436 βασιλέως
1566 4367 1774 4436 χρόνων
1801 4369 1960 4438 ἄχρις

400 4461 741 4532 Ἀνδρονίκου
759 4460 866 4514 τῶν
893 4459 1272 4528 Παλαιολόγων
1293 4459 1386 4512 τοῦ
1407 4461 1662 4528 δευτέρου
1690 4461 1961 4530 βασιλέως

2073 1969 2263 2022 spersa
2291 1957 2656 2028 invenientes,
2712 1969 2862 2023 etab
2908 1973 3152 2028 exercitu
3202 1992 3426 2048 quoque
3479 1983 3653 2037 multa

2072 2049 2324 2112 mercati,
2359 2066 2457 2120 pro
2483 2056 2807 2127 quingentis
2839 2063 3039 2119 ovibus
3063 2082 3255 2131 unum,
3296 2085 3396 2140 pro
3424 2074 3653 2129 totidem

2069 2153 2200 2193 vero
2234 2140 2410 2199 bobus
2443 2156 2664 2201 centum
2685 2165 2885 2207 aureos
2916 2170 3370 2216 numeraverunt.
3402 2163 3655 2221 Consue-

2071 2240 2224 2285 verat
2253 2242 2412 2290 antea
2464 2241 2744 2298 exercitus
2792 2244 2975 2315 aliqua
3010 2252 3189 2317 praeda
3219 2263 3378 2323 capta
3418 2269 3655 2325 quanta-

2068 2335 2289 2393 cunque
2314 2325 2478 2393 l'oret,
2509 2331 2756 2400 quintam
2805 2347 3016 2404 partem
3046 2339 3362 2410 imperatori
3415 2347 3468 2402 in
3499 2347 3654 2402 forti-

2071 2415 2278 2471 tudinis
2342 2419 2629 2488 pranniutn
2693 2440 2793 2480 seu
2854 2428 3211 2488 honorarium
3265 2435 3510 2505 oll‘erre,
3586 2455 3654 2495 ac

2055 2509 2376 2600 secundum
2413 2513 2566 2568 illum
2599 2531 2757 2586 aeque
2811 2527 3025 2576 tantum
3073 2540 3274 2596 magno
3312 2528 3643 2594 domestico.

2070 2599 2222 2656 velut
2245 2601 2376 2658 duci
2405 2620 2620 2661 summo
2647 2609 2816 2666 totius
2830 2616 3130 2671 exercitus.
3161 2617 3312 2674 Itane
3339 2632 3645 2680 consuetu-

2069 2695 2256 2747 dinem
2280 2704 2410 2750 tunc
2431 2699 2653 2767 penitus
2674 2701 2890 2770 omisit;
2917 2721 3095 2776 neque
3119 2709 3224 2764 fuit
3238 2712 3332 2781 qui
3359 2711 3429 2768 de
3448 2716 3644 2785 quinta

2069 2795 2224 2854 parte
2250 2803 2360 2842 non
2394 2789 2607 2846 reddita
2655 2807 3114 2867 conquereretur,
3163 2802 3260 2857 sed
3289 2807 3452 2874 quasi
3481 2823 3516 2861 e
3554 2825 3651 2878 pe-

2071 2883 2334 2972 rennibus
2380 2883 2562 2940 ﬂuviis
2592 2888 2772 2946 cuivis
2802 2898 3071 2961 quantum
3115 2897 3220 2952 sibi
3271 2914 3373 2969 pro
3436 2906 3653 2972 peculio

2070 2970 2256 3036 vellet,
2287 2973 2485 3029 tollere
2513 2975 2790 3047 integrum
2819 2991 2958 3037 erat.
2993 2984 3101 3040 llas
3126 2987 3352 3046 Albanis
3393 2970 3654 3051 occiden-

2071 3062 2275 3117 talibus
2309 3063 2540 3136 injurias
2594 3069 2928 3141 irrogarunt,
2951 3084 3008 3131 et
3041 3076 3248 3136 hancce
3279 3091 3468 3152 postea
3499 3101 3655 3142 mer-

2070 3154 2260 3247 cedem
2294 3171 2394 3225 pro
2422 3157 2749 3216 malefactis
2778 3165 3106 3223 retulerunt.
3135 3167 3310 3228 Urbes
3340 3189 3474 3231 vero
3494 3179 3652 3247 prius

2070 3243 2320 3337 direptae,
2352 3247 2630 3318 duplicem
2664 3257 2906 3308 [rut-tum
2942 3271 3332 3329 perceperunt,
3353 3272 3412 3319 et
3442 3243 3650 3337 rapinis

2071 3336 2410 3431 Albanorum
2440 3342 2707 3406 liberatas,
2737 3358 2793 3401 et
2821 3349 2968 3418 quod
3004 3345 3110 3408 illis
3139 3352 3454 3413 uberiorem
3485 3336 3650 3431 liqui-

2073 3430 2394 3503 dioremque
2425 3436 2764 3507 voluptatem
2818 3441 3104 3508 atl'erebat,
3148 3446 3498 3516 imperatoris
3547 3430 3650 3510 id.

2073 3535 2239 3579 ventu
2290 3530 2788 3601 procurationeque
2848 3536 3149 3602 perfruita'.
3187 3539 3454 3606 Quocirca
3477 3554 3535 3600 et
3566 3547 3649 3602 le-

2073 3627 2218 3709 stum
2248 3619 2392 3674 diem
2420 3623 2668 3677 utnnium
2699 3626 2754 3679 in
2779 3627 2888 3682 vita
2908 3628 3371 3696 iucundissimum
3390 3640 3646 3709 agebant.

2068 3708 2207 3765 Nam
2237 3728 2269 3768 a
2295 3715 2637 3784 temporibus
2691 3717 2956 3776 Manuelis
2983 3721 3255 3781 Comueni
3298 3708 3647 3802 iperatorie

2075 3817 2248 3872 usque
2274 3805 2341 3869 ad
2371 3805 2521 3862 hunc
2564 3809 2941 3867 Andronicum
2971 3815 3398 3888 Palasologorum
3443 3839 3646 3880 secun-

2071 3898 2226 3964 dum,
2262 3900 2402 3955 alius
2427 3901 2495 3956 ad
2520 3916 2617 3957 eos
2643 3902 2944 3972 imperator
2971 3923 3080 3962 non
3111 3913 3280 3976 venit,
3322 3930 3500 3987 neque
3534 3928 3644 3975 tam

2069 3992 2306 4047 sollicite
2335 3994 2444 4049 illis
2469 3996 2770 4064 prospexit.
2791 3997 2947 4053 Unde
2977 4001 3144 4055 etiam
3175 4010 3287 4060 non
3309 4021 3340 4062 e
3363 4011 3527 4066 terris
3547 4013 3650 4066 all-

2070 4099 2236 4153 quem
2268 4086 2578 4149 mortalem,
2615 4087 2712 4142 sed
2742 4096 3001 4159 tanquam
3043 4091 3234 4149 divum
3271 4101 3584 4172 quempiam
3614 4120 3646 4160 e

2072 4177 2228 4234 eteiis
2258 4179 2326 4234 ad
2375 4193 2436 4233 se
2469 4179 2689 4235 venisse
2714 4181 3060 4251 interpretati
3089 4197 3243 4242 sunt.
3274 4191 3464 4249 Persas
3491 4211 3644 4252 com-

2048 4271 2276 4341 .gressis
2308 4271 2536 4326 Albanis
2586 4272 2882 4341 imperator
2919 4274 3132 4332 dimisit
3163 4295 3180 4332 :
3209 4281 3305 4351 qui
3347 4299 3445 4353 per
3469 4286 3644 4345 Thes-

2070 4364 2260 4418 saliam
2319 4362 2645 4419 etBoIiaram
2679 4362 3121 4424 Thessalonicam
3153 4371 3528 4442 devenientcs,
3556 4382 3644 4434 in-

2074 4459 2139 4510 de
2163 4457 2395 4513 navibus
2423 4456 2477 4511 in
2529 4455 2738 4512 Ioniam
2768 4460 3212 4518 transmiserunt.
3244 4464 3428 4536 Ipsum
3455 4481 3642 4528 autem

386 4551 572 4622 ἕτερος
618 4551 866 4620 βασιλεὺς
903 4551 1005 4604 οὐκ
1047 4551 1396 4622 ἐπεδήμησεν
1432 4553 1638 4616 αὐτοῖς,
1674 4551 1791 4604 οὐδὲ
1824 4569 1962 4622 προ-

2072 4564 2203 4602 cura
2234 4548 2302 4604 de
2332 4547 2640 4618 irruptione
2687 4548 2744 4602 in
2788 4547 3154 4608 Acarnaniam
3203 4559 3457 4615 versabat
3490 4578 3646 4632 :quo

393 4644 536 4703 νοίας
566 4643 767 4713 ἠξίωσε
799 4641 1092 4708 τοσαύτης.
1113 4642 1204 4695 Διὸ
1231 4645 1324 4696 καὶ
1346 4645 1444 4714 τὴν
1471 4644 1771 4714 ἐπιδημίαν
1793 4646 1962 4699 αὐτοῦ

388 4738 488 4805 οὐχ
516 4735 590 4799 ὡς
622 4737 730 4788 τῶν
754 4737 1015 4804 ἐπιγείων
1044 4736 1212 4798 τινος,
1238 4735 1348 4790 τῶν
1373 4736 1702 4806 κρειττόνων
1728 4736 1785 4790 δὲ
1805 4734 1963 4808 ἦγον.

392 4829 529 4891 Τοὺς
580 4829 686 4898 μὲν
742 4826 836 4883 οῦν
890 4830 1106 4900 Πέρσας
1157 4830 1296 4898 μετὰ
1339 4830 1400 4882 τὸ
1447 4829 1965 4884 καταδουλώσασθαι

402 4921 692 4986 Ἀλϐανοὺς
725 4922 1062 4992 ἀπέπεμπεν
1103 4925 1129 4975 ό
1165 4920 1421 4991 βασιλεὺς
1472 4924 1548 4984 εἰς
1583 4922 1682 4991 τὴν
1732 4921 1962 4975 οἰκείαν.

390 5014 453 5068 Οἳ
488 5015 581 5069 καὶ
615 5016 704 5069 διὰ
730 5017 1029 5079 Θετταλίας
1075 5017 1172 5069 καὶ
1204 5015 1490 5078 Βοττιαίας
1522 5016 1601 5078 είς
1637 5013 1966 5067 Θεσσαλονί⁹

2064 4642 2168 4697 adh
2179 4658 2244 4696 ue
2259 4641 2406 4712 apud
2428 4641 2694 4712 Balagrita
2709 4652 2981 4714 morante,
2999 4645 3068 4700 de
3095 4647 3293 4706 infesto
3311 4651 3649 4722 ejusadveu-

2070 4744 2127 4788 tu
2153 4734 2292 4788 fatua
2314 4735 2424 4803 jam
2444 4734 2723 4804 divulgata
2743 4737 2950 4793 multus
2969 4743 3116 4794 inter
3129 4743 3444 4800 Acarnanas
3461 4761 3644 4802 serum

2066 4827 2187 4880 fuit.
2217 4827 2386 4880 Erant
2412 4827 2595 4896 igitur,
2618 4828 2712 4897 qui
2733 4843 2915 4899 neque
2937 4830 3180 4890 in—urbes
3197 4825 3602 4894 admittendum
3625 4883 3640 4904 ,

2065 4933 2248 4986 neque
2287 4934 2316 4971 a
2353 4926 2567 4972 vetusta
2591 4932 2719 4988 ergo
2755 4919 3015 4991 Angelos,
3057 4925 3152 4994 qui
3195 4925 3360 4998 longo
3385 4929 3498 4998 jam
3523 4945 3642 4988 sevo

2065 5010 2201 5079 ipsis
2257 5008 2689 5078 imperitassent,
2753 5011 3139 5072 benevolentia
3192 5018 3640 5090 des'eiscendum,

393 5124 493 5177 κην
523 5109 960 5178 καταντήσαντες
994 5108 1205 5162 ἐκεῖθεν
1233 5109 1352 5170 ταῖς
1392 5109 1584 5162 ναυσὶν
1613 5108 1965 5178 ἐπεραιώθη·

2070 5115 2230 5174 atque
2276 5104 2593 5173 imperatori
2649 5107 2911 5178 deinceps
2942 5111 3268 5180 parendum,
3304 5116 3401 5171 sed
3449 5119 3642 5187 potius

1631 5227 1842 5288 Jacobi
1881 5224 2144 5286 Pontani
2181 5231 2365 5284 nota).
3676 5204 3678 5207 ’

459 5331 570 5403 (52)
603 5332 796 5403 Placet
826 5331 985 5398 mihi,
1033 5329 1180 5403 quod
1214 5331 1335 5400 lego
1364 5331 1508 5397 apud
1542 5331 1806 5403 Jacobum
1853 5330 1962 5384 Bil-

392 5401 855 5465 Iium,'0bservat.
885 5418 1094 5456 sacrar.
1127 5401 1226 5456 lib.
1265 5417 1304 5462 ι,
1339 5417 1460 5470 cap.
1503 5403 1589 5456 40.
1627 5401 1765 5455 Cum
1801 5403 1964 5454 inuu-

392 5473 558 5528 meris
595 5474 734 5526 locis
781 5472 952 5528 Graeci
992 5473 1180 5527 Patres
1225 5472 1536 5540 οίκονομίαν
1571 5474 1692 5524 ἀντὶ
1735 5470 1836 5539 τῆς
1882 5476 1968 5522 ὲν-

393 5543 798 5612 ανορωπήσεως
829 5544 921 5594 τοὺ
956 5544 1194 5612 Χριστοῦ
1218 5541 1510 5610 accipiant,
1543 5556 1774 5608 eamque
1794 5540 1961 5612 etiam

397 5613 466 5667 ita
502 5611 1157 5682 Theudoretusexponat
1197 5613 1250 5665 in
1283 5613 1668 5680 Polylnorpho,
1710 5611 1802 5678 qui
1847 5619 1961 5663 tum

392 5685 856 5754 dispensationem,
888 5683 972 5736 vei
1013 5683 1525 5736 administrationem
1578 5691 1791 5754 vertere
1843 5695 1962 5754 ma-

395 5753 532 5814 lunt,
559 5767 720 5821 quam
761 5754 1203 5816 incarnationem,
1238 5754 1321 5806 vel
1354 5761 1685 5821 assumptum
1717 5753 1964 5802 humani-

336 5861 342 5867 -
395 5833 579 5886 tatem,
614 5825 697 5876 vel
729 5824 854 5892 (nisi
895 5822 1041 5890 quod
1094 5824 1194 5876 huc
1233 5825 1558 5878 vocabulum
1608 5822 1805 5875 durius
1855 5824 1958 5892 cst)

641 5922 910 5980 I‘A'rnut.
950 5921 1065 5980 (in.
1115 5917 1318 5979 CLIII.

2063 5331 2557 5412 inhumanationent
2591 5348 2608 5385 :
2640 5345 2978 5412 quanti-cete
3010 5338 3063 5392 id
3100 5338 3318 5412 faciant.
3356 5341 3460 5412 ipsi
3491 5342 3643 5400 vide-

2067 5402 2214 5484 rint;
2250 5399 2382 5484 mihi
2427 5399 2673 5480 quidcm'
2706 5403 2860 5484 nihil
2908 5407 3094 5462 dicere
3128 5399 3431 5484 sidentur,
3490 5399 3641 5484 quod

2069 5472 2243 5552 lector
2289 5469 2464 5552 Graeci
2519 5475 2792 5526 sermonis
2849 5469 3430 5552 ignaruskintelligat:
3474 5469 3647 5542 D'ocet

2069 5541 2237 5620 etiam
2309 5540 2547 5620 ttulimus
2613 5540 3025 5620 commentariis
3095 5540 3338 5620 linguae"
3386 5540 3641 5620 Graecae,

2071 5614 2389 5691 οἰκονομίαν
2425 5612 2605 5691 valere
2640 5616 3096 5691 ἐνανθράητησιν.Δ
3119 5612 3231 5675 ΙηῘο
3264 5625 3376 5680 vita
3409 5612 3641 5691 Christi,

2069 5681 2276 5752 etejus
2312 5680 2558 5752 theurgia
2593 5691 2729 5742 tota,
2764 5680 2817 5738 et
2853 5680 3135 5752 pro—nncia
3166 5691 3244 5745 illi
3275 5709 3304 5746 a
3342 5695 3453 5749 Deo
3489 5680 3645 5751 Patre

2069 5749 2334 5820 injuncta,
2368 5749 2575 5809 Gra'cis
2610 5749 2866 5808 Patribus
2891 5755 3178 5828 οίκονομία
3201 5763 3426 5818 dicitur.

3246 5898 3327 5989 eo
