4060 6422
381 411 487 474 εις)

1583 411 1908 473 JOANNIS
1947 409 2474 473 CANTACUZENI

3526 409 3632 473 620

382 523 587 594 regine
609 523 801 590 Annae,
827 522 1042 595 coniugi
1067 521 1294 581 Joannis
1316 522 1578 595 dospotae,
1623 524 1744 580 ﬁliae
1774 534 1962 594 proto-

2071 541 2167 576 σαν
2205 525 2341 596 πρὸς
2382 525 2610 578 Ἰωνίαν.
2631 523 2800 587 Αὐτὸς
2824 524 2878 576 δὲ
2897 523 3152 577 διενοεῖτο
3171 524 3247 587 ὡς
3271 523 3348 587 είς
3365 523 3634 593 Ἀκαρνα-

380 616 636 672 vestiarii
673 619 859 686 (quem
889 625 1230 687 postremum
1278 618 1423 672 inter
1455 617 1814 687 imperatores
1840 616 1956 670 bel-

383 710 498 764 lum
525 707 873 779 potissimum
922 709 1191 763 excitasse
1223 708 1538 776 docuimus)
1567 717 1622 762 et
1647 706 1961 776 Niceplioro

379 802 499 872 ejus
530 799 642 855 ﬁlio
675 808 992 855 constanter
1031 800 1191 854 ﬁdem
1246 801 1572 856 servandam
1615 814 1737 855 esse
1768 815 1959 854 cense-

381 891 535 945 bant.
571 889 738 961 305
777 889 883 944 Alii
937 898 1153 955 contra,
1188 890 1576 961 imperatorem
1610 891 1834 945 omnino
1874 903 1960 944 re-

382 981 515 1050 cipi,
549 997 614 1036 ac
641 981 769 1036 belli
805 990 1107 1036 sementem
1146 982 1262 1037 tolli
1305 982 1584 1037 volebant.
1619 982 1719 1036 Cui
1743 983 1786 1036 si
1813 995 1958 1036 nunc

381 1088 439 1126 se
475 1071 856 1135 tradidissent,
911 1080 967 1127 et
996 1073 1301 1142 regionem,
1343 1083 1401 1129 et
1435 1074 1764 1145 semetipsos
1798 1073 1960 1128 belli-

381 1174 570 1213 carum
597 1158 947 1214 miseriarum
996 1157 1274 1215 immunes
1323 1169 1768 1224 conservaturos,
1818 1161 1960 1230 regi-

380 1264 577 1320 meque
621 1264 686 1304 ac
737 1249 1048 1321 Nicephoro
1101 1253 1429 1323 ejusgnato
1492 1253 1858 1308 conducibilia
1890 1252 1960 1308 ab

379 1342 713 1412 imperatore
753 1343 1064 1413 petituros;
1096 1343 1182 1398 sin
1218 1344 1286 1398 ad
1321 1359 1472 1399 arma
1525 1345 1800 1407 veniatur,
1845 1344 1962 1414 pri-

353 1448 531 1488 mum
562 1433 789 1503 quidem
827 1433 906 1488 illi
945 1435 1211 1491 resistere
1279 1451 1391 1490 non
1443 1451 1624 1507 posse.
1660 1453 1769 1491 non
1797 1437 1962 1491 modo

355 1522 510 1592 =quia
531 1523 838 1578 exercitum
873 1526 1226 1594 frequentem
1259 1524 1522 1590 adducat,
1575 1540 1765 1580 verum
1793 1525 1958 1580 etiam

361 1614 644 1683 quoniam
676 1613 768 1683 qui
798 1613 875 1669 illi
919 1629 1045 1670 cum
1071 1615 1249 1684 copiis
1281 1626 1558 1678 occurrat.
1585 1615 1789 1686 quique
1829 1631 1960 1670 con.

380 1711 464 1758 tra
516 1712 624 1759 stet
670 1718 832 1758 nemo
861 1704 956 1768 sit,
999 1704 1313 1776 Nicephoro
1340 1706 1580 1777 despota:
1617 1706 1725 1760 ﬁlio
1757 1719 1960 1760 annum

379 1792 680 1862 septimum
717 1791 966 1847 nondum
1005 1801 1154 1850 nato.
1181 1793 1338 1860 Quod
1369 1794 1415 1849 si
1447 1795 1612 1849 etiam
1643 1795 1960 1864 aliquandiu

379 1892 662 1953 sequeant
694 1882 1011 1948 defendere,
1046 1884 1221 1940 nihilo
1255 1885 1377 1955 plus
1398 1884 1960 1968 profecturos,rquam
1995 1863 2037 1919 Β

380 1984 443 2030 ιιι
467 1975 691 2047 regione
721 1977 1022 2042 devastata,
1042 1987 1101 2034 et
1118 1979 1339 2045 concisa
1365 1978 1632 2044 exercitu,
1655 1978 1874 2034 tandem
1906 1988 1963 2034 et

378 2068 504 2138 ipsi,
532 2074 641 2123 non
677 2068 872 2124 iisdem
914 2071 1120 2140 quibus
1151 2086 1329 2136 nunc,
1375 2072 1473 2128 sed
1505 2067 1678 2142 longe
1703 2073 1963 2127 intolera-

376 2161 670 2217 bilioribus
719 2162 1156 2228 conditionibus,
1193 2165 1548 2235 imperatore,
1583 2166 1711 2235 quia
1756 2165 1960 2220 bellum

380 2253 700 2320 maluerint,
728 2254 1031 2312 iratissimo
1061 2257 1407 2314 deditionem
1441 2259 1628 2314 facere
1667 2269 1957 2329 cogantur.

363 2348 508 2404 Haec
557 2349 665 2404 illis
695 2365 818 2420 quae
873 2351 1142 2416 dicerent,
1174 2361 1562 2419 occurrerunt,
1611 2354 1963 2422 sperantibus

380 2457 491 2496 non
524 2441 629 2498 sibi
659 2442 839 2497 solum
899 2451 957 2497 et
989 2443 1134 2508 aliis,
1177 2443 1272 2498 sed
1297 2451 1354 2497 et
1380 2443 1725 2513 imperatoris
1754 2445 1962 2499 studio-

380 2535 458 2587 sis
489 2533 576 2603 (ad
599 2548 736 2603 quos
790 2534 1116 2590 clanculum
1149 2549 1380 2588 arcanas
1407 2534 1616 2589 litteras
1641 2535 1960 2600 missitarat,

380 2638 493 2693 quo
526 2635 774 2694 tempore
804 2623 1032 2680 Albanis
1061 2624 1473 2693 populationem
1536 2626 1961 2696 vastitatemqne

377 2713 676 2785 inferebat)
731 2712 1026 2770 consilium
1059 2728 1321 2784 prospere
1349 2722 1696 2770 eventurum.
1721 2714 1860 2770 Cum
1882 2717 1962 2770 sic

367 2807 574 2861 studia
621 2806 677 2859 in
715 2805 991 2860 contraria
1036 2804 1446 2869 scinderentur,
1478 2805 1687 2876 placuit
1715 2805 1782 2860 ad
1821 2805 1964 2876 regi-

369 2911 512 2951 -nam
543 2911 764 2966 quoque
812 2894 1046 2958 referre,
1090 2904 1150 2950 ut
1174 2909 1287 2966 quo
1333 2897 1449 2966 ipsa
1475 2896 1863 2966 propenderet,
1894 2912 1964 2952 eo

367 3005 574 3045 omnes
596 2997 981 3059 sequerentur.
1003 2987 1132 3054 Quae
1148 2988 1387 3060 primum
1415 2990 1606 3060 gratiis
1629 2991 1786 3056 actis,
1815 2991 1960 3061 quod

375 3099 494 3138 non
526 3083 748 3138 sibimet
769 3082 1058 3147 duntaxat,
1084 3082 1179 3138 sed
1213 3081 1318 3152 ipsi
1345 3097 1568 3152 quoque
1627 3093 1682 3138 et
1706 3084 1824 3154 ejus
1849 3084 1960 3138 lilio

2061 613 2179 666 νίαν
2213 614 2489 684 ἐμϐαλών.
2527 614 2649 667 Ἔτι
2691 614 2747 666 δὲ
2796 613 2938 667 κατὰ
2984 612 3051 667 τὰ
3087 612 3402 684 Βαλάγριτα
3430 612 3635 683 διατρί-

2061 701 2210 757 6οντι
2258 703 2418 774 λόγος
2467 705 2766 776 Ἀκαρνᾶσι
2811 705 2977 768 πολὺς
3025 695 3238 772 ὲγίνετο
3275 702 3406 773 περὶ
3442 702 3631 758 αὐτοῦ.

2059 797 2221 867 Φήμη
2257 795 2368 866 γὰρ
2420 795 2561 867 διῄει
2599 797 2672 858 ὼς
2704 797 2889 858 αὐτοῖς
2923 793 3365 865 ὲπιστρατεύσει.
3421 793 3486 846 Ol
3537 793 3635 862 μὲν

2063 888 2155 942 οὖν
2208 889 2283 958 μὴ
2337 888 2590 959 δέχεσθαι
2647 892 2766 950 ταῖς
2813 889 3032 942 πόλεσιν
3084 887 3296 958 ἠξίουν,
3356 885 3491 956 μηδὲ
3536 886 3637 954 τῆς

2063 977 2305 1041 παλαιᾶς
2331 978 2544 1039 εὐνοίας
2575 978 2837 1049 τῆςπρδς
2871 979 2998 1040 τοὺς
3041 977 3339 1046 Ἀγγέλους
3364 978 3639 1030 ἀποστάν-

2060 1090 2180 1135 τας,
2216 1072 2382 1127 πολὺν
2416 1073 2515 1145 ήδη
2541 1073 2732 1143 χρόνον
2758 1071 3027 1140 ἄρξαντας
3055 1070 3256 1135 αὐτῶν,
3291 1066 3397 1123 ὑπὸ
3429 1069 3640 1138 βασιλεῖ

2063 1164 2414 1236 ὑποχειρίους
2469 1165 2742 1232 γίνεσθαι,
2797 1163 2932 1217 ἀλλά
2962 1166 3027 1234 τῇ
3076 1163 3339 1217 δεσπότου
3390 1161 3637 1214 Ἰωάννου

2062 1253 2286 1321 γυναικὶ
2338 1255 2403 1323 τῇ
2458 1253 2746 1324 βασιλίσσῃ
2810 1254 3001 1324 Ἀννη,
3053 1252 3089 1324 ἢ
3136 1251 3638 1324 πρωτοϐεστιαρίου

2065 1345 2316 1415 Θυγάτηρ
2343 1340 2411 1415 ἦν
2458 1323 2800 1416 Ἀνδρονίκου
2830 1345 2924 1398 τοῦ
2954 1323 3352 1412 νΠαλῖιιολόγου,
3393 1323 3640 1396 diplom-

2066 1433 2318 1503 ρήκαμεν
2345 1433 2440 1486 τοῦ
2488 1435 2625 1501 πρὸς
2673 1434 2941 1505 ἀλλήλους
2970 1433 3284 1487 τελευταίου
3333 1431 3443 1485 τῶν
3481 1431 3637 1502 βασι-

2061 1523 2201 1577 λέων
2234 1525 2476 1595 πολέμου
2515 1527 2750 1598 μάλιστα
2771 1527 3098 1591 αἰτιώτατον
3129 1525 3515 1597 γεγενημένον,
3546 1527 3636 1578 καὶ

2065 1615 2369 1687 Νικηφόρῳ
2414 1616 2496 1681 τῷ
2531 1618 2743 1672 ἐκείνου
2792 1617 2949 1671 παιδὶ
2985 1617 3086 1688 τὴν
3120 1618 3302 1672 πίστιν
3333 1619 3521 1687 τηρεῖν
3550 1616 3636 1684 βε-

2064 1707 2246 1760 σαίαν.
2274 1710 2338 1762 Oi
2374 1709 2430 1762 δὲ
2480 1711 2804 1779 ἀντέλεγον·
2854 1713 2951 1765 καὶ
3003 1711 3116 1765 δεῖν
3176 1710 3521 1764 ὲὸουλεύοντο
3550 1710 3634 1762 δέ·

2064 1797 2256 1867 χεσθαι
2286 1797 2532 1868 βασιλέα,
2570 1799 2664 1852 καὶ
2696 1799 2773 1872 μὴ
2802 1800 3040 1871 πόλεμον
3069 1801 3266 1855 κινεῖν.
3303 1800 3634 1870 Πρρσχωρή-

2069 1905 2269 1952 σαντας
2299 1891 2409 1960 γὰρ
2445 1891 2541 1944 νῦν
2563 1890 2641 1961 τῷ
2673 1891 2909 1961 βασιλεῖ,
2941 1895 3040 1964 τήν
3073 1911 3132 1950 τε
3163 1894 3352 1964 χώραν
3378 1892 3640 1962 διατηρὴ-

2069 1997 2205 2045 σειν,
2237 1983 2332 2036 καὶ
2367 1985 2510 2051 σφᾶς
2537 1985 2736 2048 αὐτοὺς
2767 1985 2877 2040 τῶν
2905 1985 2972 2040 ὲκ
2997 1985 3093 2040 τοῦ
3125 1985 3366 2056 πολέμου
3400 1986 3636 2054 ἀπειρά-
3731 2001 3740 2008 ’

2064 2091 2188 2137 τους
2205 2075 2414 2140 κακῶν,
2435 2076 2531 2129 καὶ
2550 2075 2861 2150 βασιλίσσῃ,
2888 2078 2981 2132 καὶ
2999 2077 3300 2148 Νικηφόρῳ
3325 2077 3400 2148 τῷ
3421 2077 3632 2147 ἐκείνης

2069 2166 2222 2220 παιδὶ
2253 2165 2402 2238 παρὰ
2436 2165 2704 2237 βασιλέως
2729 2168 2798 2222 τὰ
2829 2168 3180 2240 συμφέροντα
3211 2169 3477 2239 αἰτήσειν.
3511 2168 3633 2222 Ἐὰν

2065 2257 2121 2311 δὲ
2159 2259 2476 2313 καταστῶσι
2527 2261 2664 2329 πρὸς
2711 2259 2804 2313 τδν
2857 2260 3134 2330 πόλεμον,
3174 2259 3394 2332 πρῶτον
3440 2259 3539 2331 μὲν
3569 2259 3632 2313 οὐ
3681 2273 3683 2278 ‘

2064 2349 2390 2419 δυνήσεσθαι
2443 2350 2604 2420 πρὸς,
2635 2349 2864 2420 βασιλέα
2915 2352 3302 2422 ἀντισχήσειν,
3357 2352 3418 2406 οὐ
3472 2353 3635 2422 μόνον

2067 2439 2152 2493 διὰ
2191 2442 2251 2494 τὸ
2284 2441 2488 2512 πολλὴν
2534 2444 2691 2511 ἄγειν
2726 2443 3011 2514 στρατιὰν,
3066 2441 3183 2498 ἀλλ’
3233 2445 3317 2497 ὅτι
3361 2445 3456 2498 καὶ
3482 2445 3510 2497 ό
3538 2445 3634 2497 ἀν·
3703 2493 3710 2498 .

2064 2534 2523 2605 τιστρατηγήσων
2557 2534 2705 2604 αὐτῷ
2739 2535 2832 2588 καὶ
2887 2533 3023 2604 πρὸς
3074 2534 3166 2588 τὸν
3218 2535 3458 2606 πόλεμον
3489 2535 3637 2588 ἀντι-

2065 2625 2547 2694 καταστησόμενος
2577 2624 2679 2678 οὐκ
2718 2624 2858 2691 ἐστι,
2896 2625 3215 2698 Νικηφόρον
3243 2626 3337 2680 τοῦ
3375 2627 3634 2680 δεσπότου

2065 2715 2254 2778 παιδὸς
2285 2714 2438 2769 οὔπω
2471 2715 2566 2786 ἐτη
2598 2718 2741 2772 έπτά
2793 2719 3192 2789 γεγενημένου.
3226 2718 3290 2772 Ei
3323 2719 3382 2772 δὲ
3414 2719 3508 2773 καὶ
3538 2721 3631 2772 ἀνι

2064 2806 2317 2875 τιστῆναι
2337 2809 2661 2877 δυνήσονται
2685 2809 2822 2879 πρὸς
2840 2810 3050 2881 χρόνον,
3070 2810 3222 2864 οὐδὲν
3254 2810 3632 2880 λυσιτελήσειν

2066 2895 2252 2961 πλέον,
2286 2897 2318 2966 ἢ
2354 2897 2481 2950 ὅσον
2503 2897 2603 2968 τῆς
2643 2915 2703 2952 τε
2735 2899 2922 2970 χώρας
2964 2901 3270 2955 ἀναστάτου
3318 2901 3630 2970 γινομένης,

2065 2987 2289 3059 καῖ”τῆς
2316 2991 2578 3059 στρατιᾶς
2609 2990 3043 3064 διεφθαρμένης,
3070 2994 3388 3048 τελευταῖον
3425 2993 3581 3063 βασιλ
3612 2995 3636 3047 ῖ

2065 3085 2161 3139 καὶ
2190 3083 2390 3147 αὐτοὺς
2427 3084 2521 3137 ὑπ’
2555 3084 2803 3155 ἀνάγκης
2833 3089 3179 3156 προσχωρεῖν
3199 3126 3212 3149 ,
3244 3086 3344 3140 οὐκ
3393 3087 3488 3140 ἐπὶ
3522 3089 3634 3150 τοῖς

382 3173 765 3244 providerent,
795 3185 948 3226 arma
966 3171 1247 3240 dissuasit,
1270 3173 1469 3243 quibus
1485 3189 1594 3228 non
1615 3183 1800 3230 essent
1819 3175 1959 3230 bene

2065 3176 2247 3238 αὐτοῖς
2275 3173 2463 3245 ὥσπερ
2487 3173 2604 3238 νῦν,
2647 3175 2783 3230 ἀλλά
2810 3177 3022 3246 χείροσι
3073 3175 3272 3248 πολλῷ,
3302 3179 3441 3250 όργῇ
3478 3195 3638 3248 φερο-

377 3264 732 3321 defuncturi:
765 3264 986 3334 quando
1011 3265 1125 3335 ipsa
1147 3265 1220 3320 sit
1235 3265 1452 3331 mulier,
1487 3265 1630 3320 illius
1651 3266 1852 3332 infans,
1881 3266 1958 3321 illi

381 3365 607 3427 propter
641 3357 1014 3426 interregnum
1051 3355 1388 3411 factionibus
1410 3357 1656 3412 distracti
1712 3373 1777 3412 ac
1816 3359 1961 3428 peri-

383 3450 518 3503 turi.
553 3449 755 3504 Verum
797 3448 867 3502 de
919 3448 1054 3516 ipsis
1081 3447 1566 3516 prudentissimos,
1600 3451 1960 3520 gerendseque

382 3541 701 3611 reipublicae
728 3540 1128 3596 scientissimus
1177 3539 1518 3610 deligendos,
1560 3542 1653 3610 qui
1685 3543 1752 3596 ad
1788 3543 1964 3612 impe-

383 3640 626 3686 ratorem
657 3630 844 3699 legati,
875 3636 1105 3699 petant:
1137 3630 1404 3700 primum,
1461 3640 1520 3684 ut
1553 3631 1734 3702 magni
1773 3633 1962 3687 dome-

383 3723 508 3779 stici
540 3722 706 3776 ﬁliam
736 3721 1048 3790 Nicephoro
1084 3719 1196 3775 ﬁlio
1223 3735 1325 3776 suo
1353 3720 1720 3793 despondeat;
1751 3733 1894 3795 post,
1914 3724 1960 3780 si

383 3814 504 3870 ﬁeri
556 3821 743 3884 queat,
796 3823 854 3868 ut
892 3828 989 3868 eos
1040 3812 1157 3870 suis
1199 3813 1448 3869 viventes
1486 3815 1702 3886 legibus
1733 3833 1960 3887 regnum

381 3905 768 3962 administrare
803 3920 902 3975 pro
929 3905 1160 3959 arbitrio
1201 3905 1458 3974 patiatur.
1481 3905 1682 3977 Copias
1721 3923 1963 3978 prasen-

377 4008 468 4052 tes
500 3997 818 4061 tradituros,
850 3997 1052 4066 quibus
1079 4011 1191 4066 quo
1219 3997 1384 4052 vellet
1415 4006 1668 4054 uteretur
1703 4019 1716 4054 :
1755 4009 1811 4055 et
1844 4001 1960 4070 ipse

383 4089 627 4162 vicissim
667 4091 712 4144 si
749 4089 830 4144 illi
886 4098 1136 4160 egerent,
1171 4089 1438 4144 auxilium
1468 4091 1868 4161 suppeditaret.
1901 4091 1960 4150 Si

381 4181 472 4236 liis
499 4181 910 4237 conditionibus
939 4184 1159 4251 spretis,
1195 4193 1424 4252 regnum
1471 4183 1578 4239 sibi
1629 4184 1963 4240 omnimodis

380 4276 659 4346 subjicere
683 4276 1064 4341 contenderet,
1091 4276 1279 4344 petitis
1306 4292 1428 4346 quae
1460 4275 1514 4331 in
1547 4291 1726 4344 suam,
1751 4286 1810 4334 et
1839 4277 1960 4343 ﬁlii,

2070 3266 2235 3335 μένου
2301 3267 2570 3337 βασιλέως
2619 3266 2758 3338 πρὸς
2815 3269 3013 3332 αὐτοὺς
3071 3269 3161 3324 διὰ
3221 3273 3312 3325 τὸν
3372 3271 3632 3342 πόλεμον.

2067 3356 2303 3411 Τοιαῦτα
2326 3357 2382 3410 δὲ
2409 3357 2598 3420 αὐτοῖς
2623 3354 2782 3430 ἐπῄει
2809 3359 3012 3428 λέγειν,
3045 3361 3106 3414 οὐ
3157 3363 3319 3432 μόνον
3365 3365 3635 3434 οἰομένοις

2069 3452 2284 3513 ἑαυτοῖς
2328 3467 2387 3502 τε
2423 3451 2650 3514 καὶτοῖς
2677 3451 2860 3516 ἄλλοις
2905 3451 3005 3525 τὴν
3064 3454 3260 3524 βουλὴν
3312 3454 3632 3524 λυσιτελεῖν,

2069 3541 2206 3597 ἀλλὰ
2231 3542 2326 3595 καὶ
2373 3543 2439 3596 τὰ
2491 3541 2756 3614 βασιλέως
2783 3547 3122 3613 πράττουσιν
3166 3545 3390 3615 ἀφανῶς
3425 3546 3635 3617 (κρύφα

2067 3637 2156 3691 διὰ
2189 3637 2538 3708 γραμμάτων
2571 3638 2708 3708 πρὸς
2728 3639 2923 3702 αὐτοὺς
2957 3638 3334 3708 διειλεγμένου
3371 3640 3490 3692 καθ’
3515 3642 3638 3693 ὅσον

2068 3731 2263 3801 χρόνον
2308 3728 2557 3802 ὲλῃίξετο
2598 3731 2690 3782 καὶ
2734 3731 2958 3801 ἐπόρθει
3020 3730 3356 3800 Ἀλϐανούς).
3389 3729 3546 3785 Οὕτω
3594 3729 3638 3784 δ’

2068 3819 2352 3890 ἑκατέροις
2401 3820 2583 3881 αὐτοῖς
2636 3819 3048 3891 βουλευομένοις
3097 3820 3354 3890 ἀλλήλοις
3395 3820 3638 3886 ἐναντία,

2067 3911 2241 3965 ἒδόκει
2270 3912 2382 3965 δεῖν
2414 3911 2511 3965 καὶ
2541 3911 2828 3984 βασιλίσσῃ
2856 3911 2958 3983 τὴν
2985 3911 3184 3985 βουλὴν
3224 3913 3534 3968 ἀνατιθέναι
3567 3915 3642 3975 ὼς

2069 4005 2204 4059 am
2230 4002 2296 4057 ἂν
2325 4003 2503 4057 ἕλοιτο
2529 4004 2690 4074 αὑτὴ,
2717 3988 3182 4077 ’διαπραξομένων
3215 4005 3314 4060 καὶ
3343 4005 3528 4060 αὐτῶν
3551 4022 3568 4037 ο
3607 4006 3640 4074 ἡ

2067 4095 2126 4148 δὲ
2161 4095 2356 4164 πρῶτα
2391 4093 2493 4164 μὲν
2519 4095 2792 4164 ὡμολόγει
2817 4092 3051 4166 χάριτας
3089 4095 3277 4158 αὐτοῖς
3311 4096 3533 4162 πολλὰς,
3567 4095 3644 4155 ῶς

2069 4188 2170 4258 οὐχ
2205 4188 2348 4258 ὑπὲρ
2398 4186 2613 4240 ἑαυτῶν
2671 4188 2859 4257 μόνον,
2893 4187 3034 4242 ἀλλά
3083 4188 3178 4242 καὶ
3215 4189 3388 4254 αὐτῆς
3421 4190 3510 4241 καὶ
3547 4188 3642 4240 τοῦ

2069 4278 2261 4340 παιδὸς
2314 4277 2574 4348 πρόνοιαν
2606 4280 2981 4349 ποιουμένοις.
3034 4279 3399 4335 Συνεϐούλευέ
3451 4297 3511 4333 τε
3569 4277 3646 4349 μὴ

383 4376 441 4422 et
478 4367 698 4423 illorum
729 4383 846 4422 rem
883 4367 1014 4432 sint,
1049 4369 1098 4422 ei
1128 4365 1436 4422 cedendum
1464 4385 1478 4434 ;
1517 4383 1587 4422 ne
1617 4382 1716 4438 per
1738 4377 1962 4424 conten-

2073 4372 2208 4442 πρὸς
2236 4369 2462 4440 βασιλέα
2497 4369 2742 4440 πόλεμον
2771 4357 2944 4424 κινεῖν
2972 4372 3048 4434 ὼς
3075 4372 3176 4424 οὐκ
3228 4368 3644 4434 ἀπαλλάξοντας

385 4460 588 4515 tionem
639 4467 697 4514 et
731 4473 810 4523 se,
852 4469 908 4513 et
947 4459 1228 4528 regionem
1262 4457 1601 4530 gravissimis
1647 4460 1776 4516 belli
1814 4462 1962 4517 cala-

2071 4459 2281 4524 καλῶς,
2310 4455 2400 4513 οἷα
2437 4459 2502 4528 δὴ
2532 4461 2702 4531 αὐτῆς
2732 4461 2832 4531 μὲν
2861 4459 3032 4531 οὔσης
3059 4461 3339 4530 γυναικὸς,
3373 4459 3468 4514 τοῦ
3514 4476 3646 4512 παι-

387 4550 674 4605 mitatibus
713 4549 1014 4604 involvaut.

2070 4553 2158 4615 δὸς
2191 4551 2250 4605 δὲ
2279 4551 2496 4621 νηπίου,
2544 4553 2728 4606 αὐτῶν
2755 4553 2812 4607 δὲ
2846 4553 2937 4606 διὰ
2981 4554 3081 4623 τὴν
3121 4555 3388 4624 ἀναρχίαν
3422 4569 3648 4606 στασια-

389 4643 592 4695 σόντων
627 4641 766 4712 πρὸς
794 4641 1061 4712 ἀλλήλους
1123 4643 1216 4695 καὶ
1276 4643 1819 4716 διαφθαρησομένων,
1855 4646 1992 4702 ἀλλά
2031 4646 2330 4717 πρεσϐείαν
2372 4647 2512 4717 πρὸς
2571 4647 2798 4716 βασιλέα
2847 4647 3111 4718 πέμπειν,
3161 4649 3288 4712 τοὺς
3341 4644 3646 4702 συνετωτόμ

386 4750 510 4796 τους
548 4732 761 4787 ἑαυτῶν
787 4733 880 4787 καὶ
912 4732 1146 4803 μάλιστα
1175 4734 1385 4798 εἰδότας
1411 4735 1700 4806 πράγμασι
1724 4737 1957 4805 χρῆσθαι
1997 4736 2459 4807 ἁπολεξαμένους·
2524 4737 2620 4790 καὶ
2690 4737 2886 4806 πρῶτα
2913 4737 3016 4804 μὲν
3047 4737 3220 4792 αἰτεῖν
3249 4737 3353 4808 τὴν
3404 4736 3645 4806 μεγάλου

387 4827 710 4896 δομεστικου
758 4827 1035 4898 θυγατέρα
1095 4827 1392 4899 Νικηφόρῳ
1436 4827 1514 4896 τῷ
1589 4827 1806 4898 ἐκείνης
1876 4827 2030 4882 παιδὶ
2065 4829 2400 4899 κατεγγυᾷν.
2437 4828 2693 4893 Ἔπειτα,
2727 4831 2776 4881 εί
2814 4828 2914 4898 μὲν
2961 4825 3074 4885 οἷόν
3119 4845 3180 4882 τε
3209 4825 3265 4902 ᾖ,
3311 4829 3648 4900 αὐτονόμους

385 4922 504 4991 ιᾷν,
536 4920 635 4984 τὴν
687 4919 824 4974 ἰδίαν
872 4916 1117 4995 ἀρχὴν
1151 4921 1446 4994 βούλωνται
1495 4919 1718 4973 διοικεῖν
1773 4920 1950 4974 αὐτοί.
1990 4921 2263 4990 Στρατιάν
2307 4919 2366 4972 δὲ
2437 4919 2703 4991 παρέχειν
2751 4920 2854 4991 ὅση
2932 4921 3200 4992 πρόσεστι
3251 4916 3650 4990 πολεμησείον-

305 5007 309 5011 ’
391 5031 490 5068 σαν
535 5008 616 5078 οἷς
642 5014 712 5069 ἂν
742 5011 955 5069 κελεύοι
995 5013 1274 5086 βασιλεύς.
1310 5013 1422 5067 Καὶ
1449 5011 1614 5065 αὑτὸν
1659 5013 1863 5081 ὁμοίως
1922 5010 1990 5066 ἄν
2025 5009 2110 5076 τις
2177 5013 2362 5076 αὐτοῖς
2417 5009 2568 5084 ἐπίῃ,
2627 5013 2954 5081 συμμαχίαν
3007 5013 3274 5082 πέμπειν.
3330 5011 3428 5066 ’Δν
3483 5010 3539 5063 δὲ
3572 5011 3646 5079 μὴ

389 5104 633 5173 βούλοιτο
665 5107 758 5159 ἐπὶ
787 5105 998 5168 τούτοις
1065 5103 1342 5176 βασιλεὺς,
1371 5101 1488 5156 ἀλλ’
1520 5099 1612 5169 ὑφ’
1673 5098 1856 5170 ἑαυτῷ
1926 5099 2242 5154 παντάπασι
2287 5100 2694 5172 τὴν,ημετέραν
2723 5101 3000 5156 ποιεῖσθαι
3067 5102 3243 5174 ἀρχὴν
3279 5102 3643 5172 φιλονεικοίη.

387 5198 598 5268 ὅσαπερ
628 5199 693 5252 ἂν
721 5197 907 5268 δοκοίη
931 5199 1053 5268 ἐμοὶ
1087 5215 1148 5250 τε
1181 5195 1273 5249 καὶ
1308 5195 1406 5263 υἱῴ
1440 5194 1536 5246 καὶ
1573 5194 1702 5262 ὑμῖν
1771 5191 2074 5245 λυσιτελεῖν
2102 5193 2526 5264 αῖτησαμένους,
2589 5194 2688 5266 τῆς
2753 5195 2929 5265 ἀρχῆς
2977 5195 3072 5250 καὶ
3094 5195 3206 5250 τῶν
3229 5193 3443 5249 πόλεων
3469 5212 3648 5264 παραυ

385 5293 606 5364 χωρεῖν,
639 5294 733 5347 καὶ
763 5294 840 5365 μὴ
870 5292 959 5346 διὰ
977 5289 1326 5359 ,φιλονεικίαν
1355 5285 1580 5350 ἑαυτούς
1618 5303 1676 5338 τε
1723 5285 1819 5337 καὶ
1852 5285 1951 5355 τὴν
1989 5283 2175 5355 χώραν
2240 5287 2350 5351 τοῖς
2383 5287 2448 5340 ὲκ
2523 5285 2621 5343 τοῦ
2664 5286 2908 5360 πολέμου
2949 5285 3144 5351 κακοῖς
3185 5286 3444 5359 ἐσχάτοις
3481 5302 3647 5361 περι·-

377 5398 620 5453 εὰλλειν.
