4060 6408
374 413 482 476 ὓΞΒ

1494 429 1506 441 ·
1564 408 1889 471 ΙΟΛΝΝΙΞ
1925 404 2454 466 CANTACUZENI

3511 405 3622 470 624

373 527 710 591 consuleret,
738 526 936 581 obivit.
981 527 1060 581 Ac
1083 526 1265 581 caeteri
1303 524 1526 595 quidem
1562 537 1754 576 omnes
1779 521 1950 590 impc-

2063 519 2257 589 μένους
2305 517 2436 589 παρ’
2466 518 2678 584 αὑταῖς,
2718 519 2902 590 τιμαῖς
2933 537 2990 573 τε
3043 520 3136 574 καὶ
3179 521 3462 592 προσόδοις
3503 523 3626 594 ἐτη-

374 620 570 673 ratoris
611 619 801 690 jngum
857 616 1033 687 aequis
1081 617 1282 672 auitnis
1337 615 1700 684 accipiebant.
1734 611 1946 679 Quibus

370 724 554 768 autem
598 725 760 767 antea
798 711 1005 767 bellum
1034 712 1219 781 potius
1248 708 1512 764 arriserat
1533 750 1547 772 ,
1576 723 1606 761 a
1652 707 1819 762 rebus
1846 720 1948 759 no-

372 803 568 858 vandis
595 818 706 857 non
736 816 794 857 se
826 800 1105 856 abstinere
1137 807 1392 870 poterant
1421 817 1433 853 :
1458 797 1949 864 existimantesqne

373 897 520 951 bello
554 911 612 950 sc
647 895 934 957 valituros,
997 891 1043 947 si
1072 881 1470 962 'Nicephorum
1505 903 1740 959 puerum
1791 887 1949 958 prius

374 987 711 1049 amisissent,
751 994 812 1040 ut
843 993 900 1040 et
948 982 1052 1054 ipsi
1081 999 1182 1054 pro
1213 998 1280 1038 eo
1310 996 1558 1054 pugnare
1607 980 1948 1045 viderentur,

375 1090 429 1135 et
461 1081 598 1134 alios
645 1077 714 1133 ad
750 1093 1030 1133 armorum
1058 1077 1379 1132 societatem
1413 1082 1822 1152 permoverent,
1854 1073 1952 1128 Ri-

376 1171 646 1227 cliardum
681 1171 837 1240 pueri
883 1169 1266 1240 paedagogum,
1316 1177 1374 1222 et
1404 1167 1542 1222 alios
1593 1166 1859 1236 quosdam
1884 1181 1951 1220 eo

373 1262 757 1332 perpulerunt,
776 1269 836 1313 ut
851 1259 1220 1330 Nicephorum
1242 1257 1439 1312 ducam
1463 1257 1801 1312 clandestina
1823 1257 1950 1326 fuga

376 1352 750 1408 subducerent
784 1368 799 1405 :
827 1365 990 1420 quem
1033 1362 1200 1404 noctu
1229 1349 1284 1403 in
1324 1349 1532 1413 navim,
1561 1348 1771 1403 Ionium
1801 1349 1950 1418 pela-

376 1460 476 1514 gus
513 1443 872 1512 traiecturum
918 1423 1237 1511 impon-unt,
1293 1451 1350 1496 et
1379 1441 1446 1496 ad
1491 1440 1818 1511 principem,
1855 1455 1952 1496 seu

379 1535 659 1599 dominam
689 1532 1045 1588 Tarentinam
1079 1532 1451 1603 transfugiunt
1484 1532 1620 1603 (5.1).
1663 1531 1779 1598 Qua
1827 1532 1952 1602 fuga

377 1625 588 1688 audita,
616 1623 920 1692 imperator
940 1623 1214 1678 artiﬁcum
1242 1625 1459 1680 insidiis
1493 1625 1728 1680 necdum
1767 1625 1957 1697 cogni-

379 1717 448 1770 tis
473 1724 527 1770 et
555 1723 779 1786 propter
801 1715 1027 1769 Tarenti
1060 1714 1276 1786 longam
1311 1715 1380 1769 ab
1413 1716 1723 1772 Acarnania
1751 1717 1956 1773 distan-

381 1809 511 1861 tiam
561 1822 792 1876 puerum
836 1820 1096 1861 revocare
1127 1807 1276 1861 haud
1314 1807 1482 1877 potis,
1513 1807 1736 1878 paulum
1789 1808 1945 1863 urbi-

2058 612 2193 671 σίοις
2231 611 2336 662 καὶ
2382 611 2573 673 άλλαις
2629 611 2904 680 ἠμείψατο
2933 612 3296 682 εὐεργεσίαις.
3326 612 3628 686 Νικηφόρῳ

2051 721 2110 755 τε
2169 704 2246 773 τῷ
2290 703 2549 755 δεσπότου
2605 702 2758 755 παιδὶ
2819 703 2918 774 τὴν
2967 704 3208 774 μεγάλου
3292 705 3620 776 δομεστίκου

2052 794 2410 865 κατηγγύησε
2444 795 2746 862 θυγατέρα,
2779 795 2961 849 πάντα
2989 812 3048 848 τε
3094 795 3412 866 διαθέμενος
3445 798 3523 863 ὡς
3555 797 3623 852 ἂν

2053 885 2201 956 αὐτῷ
2251 886 2398 955 ἔχειν
2448 886 2648 956 ἄριστα
2687 886 2886 950 ἐδόκει,
2937 887 3035 950 τάς
3073 888 3258 950 πόλεις
3309 888 3492 950 πάσας
3526 892 3625 959 τῆς

2068 977 2430 1047 ’Δκαρνανίας
2501 978 2715 1048 περιῄει
2782 980 2846 1031 οὐ
2905 981 3068 1048 μόνον
3119 980 3361 1052 ἱστορίας
3420 981 3619 1045 ἓνεκα,

2053 1063 2208 1123 οὔπω
2244 1067 2511 1136 πρότερον
2539 1065 2827 1136 ἑωρακὼς,
2861 1068 2998 1120 ἀλλά
3045 1071 3136 1122 καὶ
3168 1070 3427 1140 προνοίας
3456 1071 3622 1136 ἀξιῶ·

2061 1175 2174 1210 σων
2218 1158 2320 1227 τῆς
2362 1159 2609 1229 δεούσης.
2651 1160 2717 1213 Οί
2769 1160 2868 1230 μὲν
2904 1156 2999 1215 οὖν
3039 1160 3188 1215 ἄλλοι
3242 1155 3440 1223 πάντες
3487 1164 3625 1234 ἠγά-

2059 1266 2176 1302 πων
2207 1249 2312 1302 ὑπὸ
2353 1249 2577 1318 βασιλέα
2614 1253 2959 1322 τεταγμένοι.
2995 1248 3090 1316 υίς
3141 1252 3198 1306 δὲ
3234 1254 3330 1306 καὶ
3368 1254 3630 1326 ⁸πρότερον

2059 1340 2234 1394 ἐδόκει
2279 1342 2480 1411 μᾶλλον
2528 1345 2556 1396 ό
2593 1343 2829 1414 πόλεμος
2877 1345 3150 1414 σίρετέος,
3204 1345 3308 1398 οὐκ
3350 1347 3628 1417 ἠνείχοντο

2056 1434 2107 1485 εί
2139 1433 2213 1502 μὴ
2245 1435 2640 1506 νεωτερίζοιεν·
2665 1436 2903 1505 οἰόμενοι
2931 1435 2986 1488 δὲ
3015 1437 3197 1499 αὐτοῖς
3228 1437 3461 1507 δύναμιν
3493 1439 3626 1508 πρὸς

2056 1525 2149 1578 τὸν
2188 1525 2427 1595 πόλεμον
2461 1527 2744 1599 παρέξειν,
2775 1528 2865 1580 τὸν
2893 1529 3214 1601 Νικηφόρον
3245 1530 3337 1583 τὸν
3362 1530 3627 1584 δεσπότου

2063 1615 2230 1669 παῖδα
2270 1618 2533 1688 πρότερον
2563 1617 2842 1686 ἐκθέσθαι,
2872 1620 2946 1684 ὼς
2971 1621 3036 1675 ἂν
3071 1621 3228 1676 αὐτοί
3257 1639 3316 1674 τε
3348 1623 3488 1694 ὑπὲρ
3530 1623 3627 1677 τοῦ

2059 1706 2250 1770 παιδὸς
2287 1706 2496 1760 δοκοῖεν
2538 1708 2820 1778 πολεμεῖν,
2879 1712 2972 1766 καὶ
3005 1713 3130 1776 τοὺς
3163 1714 3358 1778 ἄλλους
3387 1715 3627 1769 πείθοιεν

2061 1787 2418 1870 συναίρεσθαι
2450 1801 2581 1854 ὅταν
2614 1803 2960 1858 καταστῶσιν
2989 1808 3069 1870 είς
3105 1807 3197 1860 τδν
3237 1809 3492 1879 πόλεμον,
3536 1809 3629 1862 τὸν

382 1902 487 1954 bus
515 1874 620 1953 illis
647 1900 990 1964 immoratus,
1013 1905 1070 1953 et
1092 1897 1148 1952 in
1175 1874 1415 1969 singulas
1445 1874 1772 1969 praesidibus
1799 1899 1955 1954 insti-

2063 1889 2155 1944 τοῦ
2187 1893 2380 1956 παιδὸς
2432 1893 2661 1947 ἔπεισαν
2709 1897 3058 1967 παιδαγωγὸν
3101 1874 3418 1971 Ῥιτζάρδιξν
3438 1943 3453 1970 ,
3480 1874 3486 1876 ⁷
3512 1902 3630 1971 ἁμα

383 1992 537 2058 tutis,
575 2005 881 2060 eorumque
911 1990 1157 2045 omnium
1185 1989 1326 2046 duce
1370 1999 1763 2061 protostratore
1787 1991 1957 2062 Syna-

2066 1981 2161 2034 καί
2195 1998 2341 2035 τισιν
2381 1984 2618 2054 ἑτέροις,
2671 1985 2990 2058 Νικηφόρον
3024 1990 3114 2043 τὸν
3150 1989 3350 2046 δούκαν
3397 1993 3662 2051 ὑπεκθέ·.

353 2075 355 2077 ’
383 2086 530 2141 dcno
558 2084 861 2150 declarato,
887 2093 945 2138 et
985 2083 1108 2138 aliis
1137 2084 1358 2140 demum
1387 2085 1646 2139 omnibus
1670 2100 1770 2154 pro
1803 2084 1956 2139 arbi-

2064 2071 2214 2134 σθαι,
2275 2073 2370 2125 καὶ
2421 2071 2835 2142 παραλαϐόντες
2905 2077 3134 2145 νυκτὸς,
3189 2078 3376 2133 πλοίου
3438 2098 3495 2134 τε
3534 2083 3621 2134 τὸν

382 2179 487 2232 trio
519 2175 941 2243 administratis,
971 2175 1419 2233 Thessalonicam
1447 2177 1701 2234 discessit
1750 2195 1766 2233 :
1819 2193 1957 2250 gau-

2073 2163 2254 2216 ‘linov
2289 2168 2693 2235 περαιουμένου
2737 2165 3056 2235 ἐπιϐάντες,
3096 2171 3177 2234 είς
3220 2172 3322 2242 τὴν
3352 2172 3624 2243 Τάραντις

377 2270 516 2325 dens
544 2269 730 2329 simul.
759 2283 824 2324 ac
851 2267 962 2322 Ι)εο
1011 2269 1313 2339 gratulans,
1349 2269 1607 2340 quoniam
1638 2268 1782 2339 quod
1801 2284 1831 2324 a
1850 2270 1957 2324 Ro-

2063 2253 2368 2326 κρατοῦσαν
2435 2260 2834 2329 πριγκίπισσαν
2879 2260 3252 2332 διαφεύγουσι.
3320 2265 3632 2337 Πυθόμενος

381 2373 542 2416 mauo
583 2361 836 2431 imperio,
863 2357 1028 2429 idque
1059 2359 1162 2414 sub
1191 2361 1383 2416 Alexio
1423 2361 1757 2432 Angelo(55)
1787 2362 1956 2416 semel

2063 2348 2115 2402 δὲ
2154 2348 2246 2402 τὸν
2304 2349 2545 2422 δρασμὸν
2584 2355 2611 2406 6
2667 2353 2943 2425 βασιλεὺς,
2979 2358 3074 2414 καὶ
3105 2361 3245 2431 μήτε
3317 2361 3426 2414 τῶν
3471 2379 3632 2416 συνε-

382 2454 760 2514 abstractum,
829 2447 1018 2503 multis
1078 2449 1390 2518 sumptibus
1451 2459 1507 2504 ct
1557 2449 1957 2518 defatigationi-

2063 2444 2406 2496 σκευακότων
2443 2443 2542 2514 τὴν
2598 2446 2894 2520 ἐπιϐουλὴν
2921 2447 3100 2514 εἰδὼς,
3131 2452 3526 2506 ἀνακαλεῖσθαι
3569 2470 3629 2506 τε

356 2544 483 2598 'bus
529 2543 766 2614 maiores
814 2540 900 2595 sui
943 2540 1307 2610 imperatores
1342 2557 1668 2612 recuperare
1693 2543 1956 2610 nequive-

359 2646 524 2704 rant,
555 2635 609 2688 id
640 2647 788 2688 nunc
830 2632 948 2687 sine
987 2632 1202 2687 bellicis
1247 2633 1646 2688 oll‘ensionibus
1691 2649 1955 2704 prosuero

358 2717 639 2780 'successu
673 2722 938 2794 perﬁcere
973 2724 1075 2778 sibi
1111 2724 1416 2779 annuisset.
1440 2724 1576 2778 Nam
1611 2734 1666 2779 et
1701 2724 1951 2789 Michael,

379 2817 472 2886 qui
498 2830 564 2870 ex
599 2811 916 2882 Palteologis
947 2813 1157 2884 primus
1189 2813 1498 2885 imperavit,
1533 2813 1852 2869 Acarnania:
1899 2824 1954 2871 et

379 2908 676 2962 Thessaliae
696 2921 860 2962 causa
883 2907 1045 2962 enixe
1063 2906 1357 2973 laboravit,
1383 2906 1476 2976 qui
1496 2914 1553 2961 et
1569 2921 1796 2978 magnos
1812 2921 1956 2977 smpe

358 3004 435 3055 ἐι
455 3011 712 3055 strenuos
741 2999 1020 3054 exercitus
1052 2999 1392 3070 eximiosque
1421 2987 1592 3055 duces
1629 3015 1755 3054 cum
1787 3002 1954 3055 Λουτ-

361 3081 615 3146 inanibus
636 3100 691 3145 et
723 3089 1006 3147 Thessalis
1029 3090 1406 3161 deprzeliando
1435 3091 1700 3162 perdidit,
1731 3102 1785 3146 et
1831 3100 1955 3162 post

2055 2533 2146 2586 τὸν
2195 2527 2359 2588 παῖδα
2391 2533 2468 2588 ὢν
2500 2537 2562 2589 οὐ
2591 2537 2840 2602 δυνατὸς,
2871 2539 2960 2594 διὰ
2998 2540 3058 2594 τὸ
3076 2540 3211 2596 πολὺ
3258 2543 3630 2614 Ἀκαρνανίας

2059 2623 2318 2694 Τάραντα
2359 2625 2728 2697 διεστηκέναι,
2753 2630 2842 2683 ἐπ’
2871 2630 3054 2700 ὀλίγον
3079 2635 3200 2697 ταῖς
3242 2634 3461 2690 πόλεσιν
3488 2637 3632 2691 ικεί-

2057 2731 2177 2777 ναις
2211 2716 2563 2789 ἐνδιατρίψας
2621 2721 2715 2776 καὶ
2766 2723 2974 2786 πάσαις
3015 2726 3294 2796 ἡγεμόνας
3324 2728 3630 2799 ἐπιστήσας

2057 2803 2144 2872 ἐφ’
2175 2805 2404 2877 ἑκάστῃ,
2450 2808 2541 2862 τόν
2588 2826 2649 2862 τε
2683 2813 3150 2886 πρωτοστράτορα
3199 2815 3502 2888 Συναδηνδν
3537 2820 3633 2874 ἐπὶ

2059 2893 2225 2945 πᾶσιν
2266 2894 2559 2966 ἀποδείξας
2605 2905 2936 2970 στρατηγὶν,
2971 2904 3063 2956 καὶ
3093 2904 3140 2957 τ’
3166 2903 3300 2958 ἄλλα
3331 2910 3510 2961 πάντα
3555 2909 3632 2972 ὠς

2059 2983 2124 3036 ἂν
2157 2984 2307 3055 αὐτῷ
2341 2987 2516 3040 ἐδόκει
2550 2987 2987 3061 διοικησάμενος,
3038 2994 3178 3065 ἄρας
3227 2998 3436 3052 ἐκεῖθεν
3466 2995 3631 3071 ἦλθεν

2055 3075 2136 3139 είς
2172 3075 2608 3149 Θεσσαλονίκην,
2640 3083 2848 3154 χαίρων
2873 3084 2991 3154 ἅμα
3021 3087 3113 3138 καὶ
3137 3086 3255 3156 Θεῷ
3281 3089 3378 3160 τῆς
3403 3092 3633 3162 εὐεργε-

380 3183 533 3239 ἱιιυιιι
575 3183 929 3238 Andronicus
961 3181 1126 3238 ﬁlius.
1182 3181 1320 3238 Huic
1373 3191 1557 3238 autem
1597 3199 1762 3254 parva
1795 3183 1947 3238 moli

2063 3169 2178 3232 σίας
2229 3169 2458 3240 χάριτας
2491 3172 2797 3242 ὁμολογῶν,
2849 3175 2930 3228 ὅτι
2980 3176 3008 3227 ὃ
3047 3179 3264 3243 πολλοῖς
3306 3181 3629 3252 ἀναλώμασι

381 3273 634 3334 tionc,'ct
686 3269 827 3324 nihil
865 3269 990 3325 belli
1043 3285 1208 3324 causa
1250 3270 1448 3325 durum
1486 3272 1808 3342 perferenti,
1842 3288 1949 3328 non

378 3365 553 3416 solum
603 3361 990 3425 Acarnaniam,
1034 3361 1129 3416 sed
1176 3361 1514 3424 Thessaliam
1547 3377 1765 3434 quoque
1795 3365 1952 3419 subi-

379 3467 529 3520 gere,
561 3458 613 3504 et
643 3449 976 3519 jampridem
1014 3450 1290 3520 sejunctas
1314 3453 1626 3520 provincias
1660 3469 1781 3507 cum
1824 3454 1955 3509 reli-

375 3557 494 3612 quo
547 3539 779 3610 imperio
815 3540 1063 3595 Romano
1104 3540 1287 3596 denuo
1333 3543 1650 3598 consociare
1707 3544 1953 3615 conligit.

385 3635 545 3704 307
569 3635 739 3688 Paulo
767 3641 890 3704 post
915 3633 1311 3704 Adrianopolin
1348 3651 1406 3691 se
1425 3636 1677 3703 contulit,
1704 3638 1794 3693 ubi
1826 3638 1952 3694 Moe-

354 3740 568 3780 sorum
628 3741 718 3780 rex
772 3726 1079 3781 Alexander
1119 3727 1407 3783 verborum
1436 3745 1556 3799 quae
1595 3730 1954 3788 Rhosocastri

384 3823 449 3873 ad
482 3834 606 3873 eum
633 3834 797 3889 super
814 3818 1076 3874 aﬁinitate
1099 3820 1404 3888 habuisset,
1440 3824 1760 3878 memoriam
1785 3826 1832 3878 ei
1859 3841 1959 3895 per

379 3913 588 3982 legatos
637 3901 1049 3981 redintegravit,
1109 3911 1422 3982 certiorque
1469 3913 1587 3968 ﬁeri
1639 3915 1832 3980 voluit,
1871 3931 1960 3972 ec-

379 4005 510 4075 quid
551 4005 655 4059 hoc
681 4003 1089 4059 matrimonium
1125 4005 1174 4060 ei
1212 4007 1364 4061 cordi
1400 4017 1567 4062 esset.
1594 4007 1818 4079 Legatio
1843 4009 1958 4065 haec

291 4153 303 4167 ,
382 4097 703 4166 imperatori
729 4112 916 4166 parum
942 4096 1187 4168 jucunda
1211 4097 1344 4165 fuit;
1382 4099 1547 4154 ﬁliam
1578 4102 1778 4172 quippe
1803 4117 1954 4158 suam

381 4188 529 4243 domi
573 4187 834 4252 retinere,
898 4203 1064 4258 quam
1119 4189 1416 4245 Alexandri
1467 4192 1580 4247 tilio
1615 4193 1670 4247 in
1707 4210 1959 4250 commu-

382 4280 603 4334 nionem
695 4278 797 4334 tori
876 4279 1161 4334 transdere
1248 4283 1555 4348 maluisset,
1631 4299 1753 4338 cum
1789 4289 1959 4342 sciret

383 4371 606 4442 puellae,
656 4371 904 4426 moribus
924 4385 987 4424 ac
1007 4371 1220 4441 legibus
1247 4370 1452 4428 Graecis
1502 4383 1560 4429 et
1589 4376 1959 4448 imperatoriis

381 4464 650 4529 educatae,
685 4463 998 4518 convictum
1036 4463 1404 4518 barbarorum
1435 4466 1814 4525 delectabilem
1846 4488 1957 4527 non

381 4557 654 4612 futurum.
697 4555 909 4609 Tamen
945 4568 1042 4608 eas
1087 4554 1307 4623 nuptias
1337 4557 1615 4617 ,Romanae
1647 4561 1961 4631 reipublicae
1996 4539 2037 4594 θ

385 4653 835 4703 commodaturas
871 4636 1192 4711 arbitratus,
1224 4646 1495 4716 virginem
1537 4663 1691 4703 suam
1721 4651 1961 4724 despono

385 4738 823 4809 dittSﬁ).Legati,
839 4736 985 4807 quod
1004 4737 1318 4807 imperatori
1333 4738 1610 4797 aﬁinitatis
1631 4745 1969 4814 conjunctio-

383 4849 509 4889 nem
533 4829 862 4902 persuadere
884 4830 1211 4900 potuissent,
1241 4832 1440 4901 gaudio
1464 4833 1692 4890 delibuti
1725 4854 1966 4897 recesse-

386 4932 518 4978 runt
533 4941 548 4990 ;
568 4922 687 4993 ipse
697 4920 1016 4991 Byzantium
1032 4920 1152 4976 ﬁliae
1165 4925 1382 4995 nuptias
1396 4925 1764 4987 adornaturus
1781 4933 1963 4991 rediit.

2058 3263 2152 3315 καὶ
2204 3263 2388 3325 πόνοις
2438 3264 2503 3316 ἐκ
2547 3264 2655 3318 τῶν
2703 3266 2941 3331 Ἀλεξίου
2969 3269 3060 3320 τοῦ
3108 3270 3368 3339 Ἀγγέλου
3425 3275 3629 3345 χρόνων

2055 3357 2155 3424 τῆς
2198 3354 2483 3424 Ῥωμαίων
2514 3356 2830 3426 ἀποτμηθὲν
2859 3361 3157 3430 ἡγεμονίας
3178 3365 3226 3415 oi
3250 3365 3445 3420 τούτου
3483 3369 3618 3438 πρό-

2057 3462 2203 3513 γονοι
2266 3445 2510 3515 βασιλεῖς
2565 3449 2959 3505 ἀνασώσασθαι
3021 3455 3121 3506 οὐκ
3178 3456 3428 3525 ίσχυσαν,
3469 3460 3644 3512 τοῦτο·

2062 3539 2160 3593 νῦν
2192 3542 2321 3595 ἄνευ
2355 3543 2612 3611 πολέμων
2640 3545 2734 3595 καὶ
2780 3543 3046 3598 κινδύνων
3077 3546 3319 3618 παρέσχε
3352 3550 3629 3620 κατορθώο

2061 3643 2171 3684 cat.
2226 3634 2450 3701 Μιχαήλ
2508 3651 2566 3686 τε
2616 3635 2724 3701 γὰρ
2773 3638 2800 3688 ό
2861 3635 3078 3706 πρῶτος
3126 3639 3191 3690 ἐκ
3247 3622 3630 3711 Παλαιολόγων

2059 3722 2231 3793 ἄρξας
2299 3725 2503 3794 πολλὴν
2591 3726 2896 3792 ἐνεδείξατο
2959 3727 3195 3799 σπουδὴν
3270 3731 3632 3802 Ἀκαρνανίας

2061 3819 2226 3872 ἕνεκα
2285 3819 2378 3872 καὶ
2437 3819 2758 3884 Θετταλίας,
2798 3820 2893 3874 καὶ
2928 3825 3190 3889 στρατιάν
3223 3822 3477 3881 ἀπώλεσε
3504 3828 3633 3882 πολ-

2061 3913 2158 3978 λήν
2188 3929 2244 3964 τε
2274 3913 2370 3965 καὶ
2402 3913 2640 3982 ἀγαθὴν,
2672 3913 2934 3976 πολλάκις
2963 3916 3055 3969 καὶ
3095 3914 3432 3987 θαυμασίους
3470 3937 3636 3991 στρα-

2061 4005 2286 4072 τηγοὺς,
2313 4004 2617 4074 Ἀκαρνᾶσι
2651 4006 2746 4058 καὶ
2771 4005 3058 4069 Θετταλοῖς
3088 4007 3360 4078 πολεμῶν,
3392 4011 3488 4064 καὶ
3515 4014 3632 4081 μετ’

2065 4097 2229 4148 αὐτὸν
2246 4097 2594 4166 Ἀνδρόνικος
2629 4099 2656 4149 6
2704 4098 2842 4161 υἱός.
2878 4098 3063 4166 Τούτῳ
3091 4099 3146 4152 δὲ
3183 4099 3336 4169 ὀλίγα
3379 4121 3636 4174 πραγμα-

2064 4189 2386 4259 τευσαμένῳ
2436 4189 2532 4242 καί⁷
2579 4189 2737 4242 οὐδὲν
2792 4191 3092 4245 ὑποστάντι
3140 4194 3228 4248 διὰ
3272 4193 3362 4246 τὸν
3399 4197 3636 4265 πόλεμον

2061 4280 2255 4346 δεινὸν,
2298 4281 2360 4332 οὐ
2413 4280 2573 4350 μόνον
2601 4281 2988 4352 Ἀκαρνανίαν,
3027 4284 3164 4338 ἀλλά
3199 4287 3295 4339 καὶ
3333 4285 3636 4342 Θετταλίαν

2063 4374 2346 4442 ἐξεγένετο
2403 4374 2866 4445 παραστήσασθαι
2907 4377 3000 4429 καὶ
3055 4380 3119 4448 τῇ
3179 4377 3341 4450 λοιπῇ
3398 4381 3636 4451 συνάψαι

2063 4468 2340 4538 ἡγεμονία
2371 4470 2437 4537 τῇ
2485 4465 2774 4536 Ῥωμαίων
2820 4467 2906 4520 ἐπ’
2951 4467 3095 4522 ἔτεσι
3134 4470 3350 4534 πολλοῖς
3378 4474 3636 4544 ἀποτμη-

2068 4562 2254 4614 θέντα.
2287 4558 2532 4612 Ἐκεῖθεν
2555 4558 2612 4611 δὲ
2641 4559 2704 4611 οὑ
2738 4559 2873 4612 πολὺ
2907 4558 3134 4630 ὕστερον
3167 4554 3300 4632 ἧκεν
3325 4565 3403 4627 εἰς
3429 4565 3639 4634 Ἀδρια-

2065 4651 2324 4706 νούπολιν
2357 4667 2371 4681 ’
2410 4651 2745 4720 διατρίϐοντί
2789 4668 2849 4704 τε
2882 4653 3000 4705 ὲκεῖ
3048 4656 3076 4704 6
3107 4653 3217 4710 τῶν
3255 4656 3456 4708 Μυσῶν
3488 4657 3640 4726 βασι-

2063 4747 2188 4809 λεὺς
2237 4729 2612 4813 Ἀλέξανδρος,
2652 4744 2870 4813 ἔπεμψε
2916 4745 3217 4815 πρεσϐείαν
3264 4739 3340 4801 ὧν
3373 4751 3512 4818 πρὸς
3544 4751 3641 4802 αὑ-

2064 4839 2154 4892 τὸν
2202 4843 2257 4890 ἐν
2305 4837 2708 4907 Ῥωσοκάστρῳ
2739 4839 2868 4907 περὶ
2898 4837 2992 4891 τοῦ
3020 4839 3219 4906 κήδους
3251 4840 3519 4912 διειλέχθη
3562 4842 3642 4894 λό·

2066 4948 2181 5000 γων
2236 4929 2697 5001 ἀναμιμνήσκων,
2743 4927 2860 4981 νυνί
2889 4947 2945 4982 τε
2979 4932 3026 4982 εί
3062 4931 3206 4985 κατά
3236 4931 3462 5004 γνώμην
3489 4932 3640 5004 αὐτῷ

1634 5089 1854 5152 Jacobi
1891 5091 2152 5154 Pontani
2183 5098 2369 5152 notae.

458 5235 568 5305 (54)
590 5232 773 5308 Grmce
786 5238 889 5308 es},
907 5230 986 5293 είς
1009 5229 1397 5308 τὴν-Τάραντος
1417 5233 1724 5308 κρατοῦσαν
1741 5239 1963 5308 πριγκί-

386 5295 607 5365 πιὰσσίν,
643 5319 711 5357 ex
755 5295 966 5374 Italico,
994 5309 1050 5354 ut
1065 5295 1182 5374 alia
1205 5295 1412 5374 "multa,
1445 5295 1798 5374 principessa:
1827 5295 1958 5373 Quae

383 5389 566 5431 autem
621 5375 738 5428 haec
784 5371 986 5426 mulier
1032 5371 1197 5426 vidua
1243 5371 1651 5444 fuerit,'capit'e
1698 5371 1954 5446 sequenti

427 5456 719 5499 ΧυΟΩΙῐΙΙΓέ

387 5463 716 5515 exponitur;

459 5516 571 5583 (55)
616 5514 730 5567 Sub
785 5510 977 5583 Alexio
1021 5509 1232 5583 Angelo
1268 5511 1510 5581 iuniore,
1552 5511 1752 5583 Alsaacii
1815 5512 1948 5580 ﬁlio,

385 5580 561 5654 quem
596 5583 822 5654 Alexius
884 5580 1133 5654 Angelus
1152 5580 1342 5654 frater
1398 5580 1711 5654 occiderat.
1745 5582 1968 5638 circiter

382 5649 645 5708 annum:
681 5653 900 5707 Christo
928 5660 1076 5721 Anato
1109 5649 1282 5721 A1200,
1319 5649 1413 5704 sed
1449 5666 1636 5704 mense
1661 5661 1786 5721 post
1808 5654 1968 5707 resti-

385 5728 650 5778 tationem
672 5737 823 5774 suam
852 5723 906 5774 in
927 5717 1322 5788 imperiumvix
1350 5732 1542 5775 exacto
1564 5717 1967 5789 (restitutusest

383 5803 568 5846 autem
607 5791 910 5851 Gallorum,
951 5803 1046 5841 seu
1098 5789 1484 5851 Flaudrorum,
1529 5798 1585 5843 et
1630 5793 1996 5847 Venetorum-

389 5861 578 5930 at'mis)
608 5877 634 5914 a
679 5858 1024 5928 Murtzuphlo
1051 5859 1287 5927 quodam
1323 5859 1568 5928 ignobili,
1596 5877 1758 5929 quem
1782 5871 1962 5917 tamen

2072 5237 2138 5292 ad
2189 5251 2464 5292 summum
2495 5237 2779 5308 dignitatis
2833 5237 3059 5308 gradum
3116 5239 3642 5307 extulerat,fraude

2109 5322 2209 5361 uer
2241 5317 2470 5378 necatur
2492 5313 2638 5378 (erat
2668 5317 2849 5362 autem
2877 5323 3146 5363 annorum
3177 5309 3263 5378 l2)
3285 5328 3300 5377 ;
3321 5311 3447 5365 urbs
3473 5312 3642 5367 Gallis

2114 5377 2402 5450 auctisque
2471 5377 2655 5432 dedita
2702 5387 2843 5450 est,
2893 5385 2950 5431 et
2988 5377 3306 5450 imperium
3379 5380 3643 5450 deinceps

2063 5461 2235 5520 penes
2277 5447 2517 5520 Erancos
2545 5463 2641 5503 seu
2680 5447 2944 5502 Flandros
2980 5447 3106 5502 fuit.
3136 5449 3420 5520 Egnatius,
3447 5450 3547 5505 lib.
3578 5447 3640 5509 it.

2132 5517 2245 5585 (56)
2287 5517 2529 5571 Puellam
2568 5527 2906 5589 tum_novem
2939 5533 3114 5574 annos
3136 5517 3461 5589 eiplevisse,
3507 5523 3642 5576 ado-

2074 5585 2377 5659 lescentem
2428 5601 2563 5641 vero
2613 5586 2952 5659 quindecim,
2997 5585 3639 5659 anctor’e‘stGregoras.

2077 5655 2233 5711 Unde
2269 5656 2426 5709 ﬁrma
2475 5671 2578 5725 pax
2612 5655 2758 5710 inter
2803 5657 3078 5713 Romanos
3104 5668 3159 5713 et
3192 5659 3389 5713 Mmsos
3436 5655 3642 5714 consti-

2079 5725 2306 5796 tutasit.
2341 5725 2416 5779 De
2437 5727 2610 5795 puclla
2640 5726 2729 5779 vix
2756 5727 2908 5796 credi
2955 5739 3152 5796 potest.
3186 5729 3229 5783 A
3253 5730 3642 5795 jureconsultis

2071 5795 2297 5860 quidem
2357 5807 2574 5862 tempus
2609 5795 2821 5863 nuptiis
2860 5795 3115 5854 idoneum
3160 5798 3318 5853 annis
3347 5797 3641 5864 duodecim

2071 5865 2548 5920 circumscribitur
2583 5867 2634 5919 in
2666 5867 2890 5920 femina.
