4060 6408
327 401 432 465 625
1510 409 2053 470 I-IISTORIARUM
2094 410 2330 470 LIBER
2372 411 2455 470 Ιῐ.
3487 415 3612 485 (326‘

329 514 414 580 είη
446 511 543 580 τὴν
573 513 881 582 ἐπιγαμίαν
908 516 1176 570 ποιεῖσθαι
1206 518 1425 580 εἰδέναι,
1457 519 1651 586 ἀξιῶν.
1716 497 1938 574 Βασιλεί
1974 521 2031 574 δὲ
2062 519 2223 573 τοῦτο
2297 520 2398 590 μὲν
2427 520 2530 575 οὐκ
2558 516 2628 592 ἦν
2659 524 2783 576 καθ’
2810 525 3024 596 ἡδονήν.
3053 528 3271 582 Μᾶλλον
3301 531 3409 600 γὰρ
3433 529 3592 584 ἐϐού-

241 605 250 612 ’
330 605 452 657 λετο
495 605 595 670 τὴν
622 605 900 678 θυγατέρα
961 610 1103 663 οἴκοι
1167 610 1493 680 διατρίϐειν,
1528 612 1560 681 ἢ
1607 611 1962 684 Ἀλεξάνδρου
2003 612 2081 683 τῷ
2117 614 2226 666 uie!
2274 615 2353 676 είς
2393 615 2684 670 κοινωνίαν
2731 617 3000 670 ἐκδιδόναι
3061 621 3266 690 γάμου,
3305 622 3405 693 τὴν
3441 625 3594 694 παρὰ

328 705 446 766 τοῖς
498 703 795 775 βαρϐάροις
825 705 1113 778 διατριϐὴν
1147 705 1304 770 είδὼς
1341 709 1442 761 οὐκ
1468 709 1738 780 ἐσομένην
1774 709 1911 780 πρὸς
1955 709 2144 781 ἡδονὴν
2206 713 2318 773 τοῖς
2379 711 2536 783 ἤθεσι
2567 713 2662 766 καὶ
2691 714 2879 784 νόμοις
2922 714 3260 786 Ἑλληνικοῖς
3295 718 3593 788 ἐντεθραμ-

331 796 474 865 μένῃ
525 799 620 850 καὶ
658 798 984 867 βασιλικοῖς.
1057 802 1147 868 Τῷ
1189 801 1359 871 κοινῷ
1424 802 1480 854 δὲ
1539 803 1835 873 Ῥωμαίων
1881 804 1974 856 τὸν
2012 805 2193 875 γάμον
2223 806 2471 875 οἰόμενος
2511 806 2611 874 τῆς
2646 807 2922 880 θυγατρὸς
2965 810 3288 877 λυσιτελεῖν,
3326 811 3599 881 ὑπέσχετο

329 892 603 960 ποιήσειν.
660 893 722 947 Oi
772 894 872 963 μὲν
928 894 1021 948 οὖν
1082 895 1442 967 Ἀλεξάνδρου
1496 895 1591 950 τοῦ
1643 896 1910 966 βασιλέως
1947 898 2212 969 πρέσϐεις
2253 899 2388 969 πρὸς
2423 900 2523 971 τὴν
2585 903 2799 955 οἰκείαν
2863 903 3142 973 ἐπανῆκον
3177 895 3599 976 χαίροντες-,ὃτι

331 983 567 1052 βασιλέα
598 985 786 1038 πεῖσαι
820 985 1170 1057 ἠδυνήθησαν
1211 990 1340 1064 περὶ
1395 988 1492 1042 τοῦ
1555 989 1778 1058 κήδους.
1813 989 1986 1053 Αὐτὸς
2023 989 2078 1043 δέ
2111 989 2368 1060 βασιλεὺς
2421 994 2484 1046 ἐκ
2537 993 2638 1064 τῆς
2694 996 2978 1066 Ἀδριανοῦ
3032 997 3168 1069 πρὸς
3207 997 3270 1051 τὸ
3301 998 3598 1063 Βυζάντιον

327 1073 504 1150 ἧκεν,
547 1078 640 1140 ὡς’
681 1080 782 1145 τῆς
838 1078 1116 1148 θυγατρὸς
1163 1080 1602 1152 ἐξαρτυσόμενος
1641 1081 1766 1144 τοὺς
1797 1082 2035 1150 γάμους.

1713 1213 1938 1271 CAPUT
1980 1213 2224 1270 XXXIV.

329 1313 898 1386 Persarutn_incurs_io.
941 1319 988 1386 et
1011 1313 1068 1366 in
1091 1311 1196 1386 illis
1233 1309 1592 1386 trucidandis,
1627 1307 1926 1386 capiendis,
1978 1308 2324 1386 [ugattd_i§_qt_te
2366 1311 2545 1386 magni
2590 1314 2880 1386 domestici,
2916 1318 3077 1386 ipsius
3103 1319 3438 1386 imperatoris
3464 1335 3598 1386 pra:-

403 1384 554 1458 ςζηνα
585 1384 770 1458 virtus.
803 1381 1015 1451 Nuptia:
1043 1385 1188 1458 apud
1209 1381 1598 1448 Adriauopolin
1631 1377 1760 1446 ﬁlice
1787 1377 1983 1458 Mariae
2007 1377 2128 1458 cum
2161 1377 2739 1458 Illic/taeiexilexandri
2767 1377 2900 1447 ﬁlio.
2935 1377 3323 1458 Ducitur-nova
3351 1377 3516 1458 nupta
3544 1391 3598 1444 in

403 1454 657 1509 ﬂlaciam.
692 1449 1001 1526 Acarnanes
1032 1449 1320 1526 deﬁciunt;
1351 1449 1892 1526 protostratorentuin
1929 1456 2210 1526 carcerem
2261 1451 2917 1526 τιςιιάιιηιλΝἰιξερΙιονιιηι
2966 1475 2996 1510 a
3051 1460 3283 1526 principe
3313 1449 3598 1514 Tarentina

401 1531 666 1597 repetunt,
694 1532 752 1597 Aet
804 1523 869 1577 ab
903 1540 965 1597 ea
997 1517 1260 1577 auxilium
1294 1517 1499 1597 petunt.
1521 1594 1530 1597 _
1553 1519 1721 1597 Quem
1771 1517 1868 1597 illa
1913 1517 2142 1597 iibenter
2191 1534 2218 1570 e
2273 1517 2732 1597 duabus-ﬁliabus
2776 1527 2948 1580 altera
2982 1529 3026 1580 ei
3051 1517 3329 1597 'desponsa
3359 1531 3596 1583 dimittit.

402 1589 658 1668 Qumnam
685 1594 795 1668 hinc
829 1594 1041 1668 mulier.
1072 1605 1120 1646 et
1152 1589 1622 1668 quanmnbitiosa
1661 1590 1843 1668 fuerit.
1897 1589 2136 1668 Joannes
2168 1591 2400 1659 Angelus
2451 1592 2742 1668 Piucerna',
2786 1607 2839 1668 et
2877 1589 3256 1652 Monomachus
3291 1614 3409 1652 cum
3438 1602 3601 1668 comis

400 1670 455 1720 in
490 1665 857 1720 Acarnaniam
887 1665 1190 1718 mittuntur.
1223 1664 1422 1718 Eodem
1450 1669 1631 1733 postea
1661 1660 1872 1713 veniens
1896 1661 2190 1728 imperator
2221 1677 2301 1712 res
2334 1663 2699 1718 memorabiles
2727 1660 2886 1734 gerit.

407 1784 601 1841 Ὀντος
637 1765 698 1832 1δέ
738 1779 838 1850 ἤδη
872 1781 1000 1864 περὶ
1050 1779 1282 1842 ἐκϐολὰς
1329 1780 1424 1834 τοῦ
1455 1781 1674 1848 θέρους,
1705 1777 1907 1847 ἠγγέλ-

2085 1776 2355 1847 Praecipiti
2374 1781 2484 1849 jam
2508 1791 2698 1838 aestate
2724 1798 2753 1836 a
2777 1782 2979 1854 Triglia
3006 1785 3159 1854 juxta
3186 1784 3600 1854 Hellespontum

333 1879 452 1929 λετο
485 1877 548 1927 ἐκ
581 1872 876 1945 Τριγλείας
911 1873 1012 1942 τῆς
1047 1873 1182 1943 πρὸς
1220 1873 1622 1943 Ἑλλήσποντον
1648 1871 1722 1932 ὡς
1743 1886 1911 1941 στρα-

335 1971 420 2022 τιὰ
448 1966 676 2040 Περσῶν
724 1966 894 2034 πεζὴ,
945 1969 1009 2020 ἐκ
1036 1966 1146 2019 τῶν
1171 1966 1315 2021 κατὰ
1346 1967 1446 2036 τὴν
1481 1966 1556 2018 ἐω
1590 1963 1798 2017 πόλεων
1827 1962 1916 2014 λο-

341 2061 521 2129 γάδες.
576 2052 652 2113 ὧν
709 2059 984 2129 ὀρχόινης
1030 2059 1150 2112 ἐστὶ
1205 2059 1513 2128 σατράπης,
1543 2056 1604 2122 ἒξ
1632 2057 1726 2110 καὶ
1759 2056 1913 2127 τριάο

346 2170 502 2208 κοντα
531 2152 690 2207 ναυσὶ⁵
724 2153 863 2224 πρὸς
912 2154 981 2206 τὰ.
1037 2151 1168 2222 περὶ
1223 2153 1526 2217 Βυζάντιον
1571 2150 1751 2228 χωρία
1801 2151 1912 2203 etet

347 2244 859 2316 παρεσκευασμένοι
921 2243 1325 2314 περαιοῦσθαι,
1377 2243 1411 2313 ἢ
1466 2241 1639 2313 ταύτῃ
1691 2240 1819 2296 καθ’
1846 2241 1915 2312 ἢν

342 2339 642 2408 ἠγγέλλετο
679 2337 782 2409 τὴν
823 2337 1021 2400 νύκτα,
1075 2338 1110 2409 ἢ
1166 2339 1224 2402 ἐς
1258 2337 1358 2406 τὴν
1404 2336 1726 2406 ὑστεραίανο
1771 2329 1914 2388 εἶναι

337 2432 393 2485 εέ
419 2431 565 2486 οὕτω
593 2430 1160 2503 παρεσκευασμένους
1186 2431 1261 2494 ὡς
1284 2430 1346 2483 οὐ
1370 2431 1580 2500 ταχέως
1615 2427 1916 2498 ἐπανήξον-

333 2542 457 2588 τας,
511 2523 634 2578 οὐδὲ
694 2522 970 2590 λαθραίαν
1020 2522 1120 2592 τὴν
1176 2521 1438 2592 ἁρπαγὴν
1492 2519 1916 2590 ποιησομένους,

329 2615 447 2672 ἀλλ’
478 2615 724 2688 ἁναίδην,
741 2617 839 2670 καὶ
863 2615 1003 2686 μετὰ
1027 2614 1226 2669 πολλοῦ
1254 2614 1351 2670 τοῦ
1379 2613 1666 2685 περιόντος
1696 2613 1918 2670 ἅπαντα

335 2711 721 2784 λῃῖσομένους.
766 2691 1315 2781 Παρασκευάσασθαι
1394 2709 1496 2780 μὲν
1577 2707 1672 2762 οὖν
1732 2709 1920 2778 ἀντίρ-

335 2807 507 2875 ροπον
549 2802 785 2871 δύναμιν
819 2802 954 2872 πρὸς
1008 2801 1112 2872 τὴν
1170 2801 1454 2871 Περσικὴν
1502 2801 1604 2854 οὐκ
1637 2799 1784 2868 ἐνῆν,
1817 2799 1918 2852 οὐκ

333 2897 636 2958 ἐνδιδόντος
666 2895 761 2948 τοῦ
795 2897 990 2967 χρόνου
1034 2896 1127 2950 διὰ
1152 2896 1250 2964 τὴν
1280 2897 1511 2964 ταχεῖαν
1561 2895 1674 2948 τῶν
1709 2894 1918 2965 βαρϐά-

2017 1867 2377 1937 perferuntur
2434 1874 2638 1939 nuntii,
2686 1875 2897 1943 pedites
2921 1877 3114 1933 Persas
3146 1892 3210 1931 ex
3249 1877 3480 1932 orientis
3511 1893 3602 1930 ur-

2018 1958 2185 2015 bibus
2222 1961 2490 2028 delectos,
2514 1962 2766 2020 Orchane
2792 1967 2956 2034 duce,
2977 1983 3073 2022 sex
3101 1979 3158 2023 et
3189 1969 3413 2038 triginta
3447 1967 3603 2022 navi-

2016 2050 2122 2106 bus
2150 2052 2358 2108 ad'loca
2388 2053 2650 2125 Byzantio
2683 2057 2888 2124 vicina,
2918 2067 3015 2114 aut
3058 2075 3122 2115 ea
3161 2060 3299 2128 ipsa,
3329 2068 3425 2114 aut
3450 2069 3602 2115 certe

2022 2151 2242 2212 postera
2273 2154 2436 2201 nocte
2465 2146 2719 2218 trajicere
2747 2156 2971 2218 paratos
3010 2165 3154 2216 esse;
3183 2151 3264 2206 sic
3287 2161 3472 2209 autem
3514 2153 3603 2206 in-

2018 2244 2278 2301 structos,
2315 2248 2374 2291 ut
2419 2253 2528 2294 non
2573 2255 2697 2296 mox
2742 2243 3040 2307 reversuri,
3085 2260 3267 2315 neque
3307 2245 3496 2300 furtim
3533 2247 3600 2301 ad

2020 2329 2240 2399 rapinas
2263 2329 2562 2388 incubituri
2583 2374 2600 2397 ,
2628 2333 2723 2389 sed
2755 2334 3105 2405 impudenter
3153 2346 3209 2393 et
3249 2353 3414 2394 avare
3436 2339 3604 2396 nimis

2019 2421 2202 2476 omnia
2245 2421 2515 2492 direpturi
2550 2425 2866 2482 videantur.
2910 2425 3048 2494 Quia
3090 2429 3260 2499 igitur
3302 2429 3596 2486 festinatus

2020 2515 2381 2573 barbarorum
2419 2517 2713 2583 adventus,
2745 2530 2801 2574 et
2833 2521 3098 2589 temporis
3126 2523 3395 2593 angustia:
3419 2540 3603 2594 aequa~

2020 2608 2127 2665 te":
2158 2610 2461 2668 exercitum
2478 2611 2886 2686 .celligere-non
2907 2614 3196 2685 sinebant,
3241 2617 3605 2679 nﬁn‘ilo'ntincs

2021 2706 2115 2775 qui
2145 2715 2274 2761 tunc
2303 2715 2421 2761 erat
2453 2706 2698 2778 Byzantii
2721 2710 2973 2780 exiguus,
3005 2727 3132 2767 eum
3168 2714 3452 2770 mandavit
3491 2732 3606 2771 ma-

1978 2820 1982 2824 -
2021 2812 2129 2868 gno
2162 2798 2570 2855 domestico'ut
2611 2801 2913 2871 acciperet,
2951 2811 3008 2858 et
3039 2805 3107 2860 ad
3142 2805 3414 2862 maritima
3447 2809 3600 2864 urbis

2022 2891 2141 2944 loca
2184 2890 2523 2946 venientium
2574 2891 2842 2961 impetum
2886 2895 3205 2965 exciperet;
3240 2897 3356 2968 ipse
3387 2899 3605 2954 simute

333 3010 447 3062 ρων
488 2989 696 3059 ἔφοδον.
735 2989 928 3058 Ὅμως
975 2989 1032 3041 δὲ
1083 2990 1186 3053 τὴν
1228 2989 1347 3042 τότε
1399 2990 1828 3058 παρατυχοῦσαν
1858 2990 1918 3040 ἐν

2026 2983 2158 3037 mari
2190 2983 2503 3047 invasurus,
2539 2985 2793 3040 triremes
2821 2987 3092 3043 armabat.
3113 2990 3301 3060 Itaque
3335 2972 3606 3048 domesti-

335 3083 624 3154 Βυζαντίῳ
678 3083 948 3152 στρατιὰν
999 3080 1374 3152 εὐαρίθμητόν
1410 3097 1536 3134 τινα
1578 3065 1772 3144 οὖσαν,
1824 3081 1915 3132 τὸν

2026 3091 2120 3130 cus
2148 3076 2269 3130 loco
2295 3076 2384 3130 cui
2425 3089 2626 3130 nomen
2658 3076 2948 3145 Enacosia,
2994 3080 3316 3137 cohortibus
3351 3085 3466 3138 suis
3495 3085 3609 3139 col-

335 3178 514 3246 μέγαν
545 3175 873 3246 δομέστικον
918 3175 1174 3228 ἐκέλευεν
1215 3175 1245 3227 ὁ
1277 3172 1534 3244 βασιλεὺς
1565 3171 1918 3246 παραλαϐόν-

2026 3169 2236 3231 locatis,
2287 3177 2345 3224 et
2393 3168 2836 3238 speculatoribus
2881 3172 3346 3239 constitutis,'ubi
3384 3177 3605 3244 potissi-

333 3287 430 3334 τα,
454 3269 592 3339 πρὸς
617 3270 687 3322 τὰ
723 3268 855 3338 περὶ
886 3269 1188 3333 Βυζάντιον
1215 3268 1420 3338 χωρεῖν
1449 3266 1700 3337 παράλια
1733 3265 1910 3337 χωρία

2026 3278 2169 3318 mum
2217 3263 2412 3318 Persas
2450 3264 2816 3320 descensuros
2862 3266 3269 3335 suspicabatur,
3302 3269 3376 3322 ibi
3410 3284 3610 3339 perno-

334 3363 441 3432 τὴν
491 3361 682 3432 ἔφοδον
727 3361 836 3414 τῶ)
870 3361 1168 3432 βαρϐάρων
1205 3360 1600 3432 περιμένοντα.
1653 3359 1830 3423 Αὐτὸς
1859 3359 1916 3412 δὲ

2026 3366 2151 3413 ctat.
2190 3355 2306 3412 Sub
2336 3355 2642 3413 diluculum
2674 3358 2898 3429 quidam
2929 3359 3306 3429 speculatores
3356 3373 3606 3435 narrant,

334 3455 416 3519 ὡς
459 3455 576 3523 ἅμα
613 3454 678 3506 ἐκ
707 3452 989 3523 θαλάσσης
1033 3451 1461 3522 ἐπιθησόμενος,
1486 3449 1766 3522 ἐφώπλιζε
1799 3467 1919 3521 τρι-

2026 3450 2188 3522 308
2215 3450 2483 3506 barbaros
2523 3451 2636 3507 illic
2661 3451 2716 3506 in
2740 3453 2894 3508 littus
2925 3455 3139 3522 exisse;
3178 3455 3450 3528 ﬁdemque
3482 3474 3611 3514 nar-

334 3551 523 3620 ήρεις.
589 3544 652 3600 Ὅ
709 3546 884 3617 μέγας
947 3545 1048 3616 μὲν
1098 3539 1194 3598 οὖν
1239 3544 1572 3614 δομέστικος
1631 3545 1769 3617 πρός
1813 3561 1921 3598 τινι

2026 3542 2224 3597 rationi
2273 3551 2496 3608 accepta
2533 3542 2602 3598 ab
2652 3543 2761 3598 illis
2791 3545 3018 3600 vulnera
3064 3546 3404 3602 astruebant.
3434 3549 3611 3604 Carte-

335 3640 528 3712 χωρίῳ
579 3637 902 3694 Ἐννακοσία
947 3637 1492 3715 προσαγορευομένῳ
1549 3637 1920 3708 ἐγκαθίδρυσε

335 3733 443 3804 τὴν
476 3731 760 3802 στρατιάνο
804 3729 1195 3792 κατασκόπους
1221 3747 1284 3784 τε
1328 3731 1683 3802 καταστήσας
1709 3732 1792 3800 ἐφ’
1819 3731 1922 3785 ὅσα

341 3825 586 3898 μάλιστα
636 3824 812 3896 χωρία
849 3823 1123 3880 ἀπόϐασιν
1177 3822 1474 3878 ὑπώπτευε
1527 3823 1641 3877 τῶν
1672 3823 1920 3895 Περσῶν,

337 3919 757 3989 διενυκτέρευεν
811 3918 948 3972 ἐκεῖ.
1005 3917 1143 3988 Περὶ⁵
1177 3917 1235 3971 δὲ
1279 3915 1482 3989 ὄρθρον
1517 3919 1584 3972 ἐκ
1611 3917 1721 3972 τῶν
1749 3935 1926 3972 κατα-

346 4013 574 4066 σκόπων
600 4010 745 4074 τινές
783 4009 1153 4080 ἀπήγγελλον,
1181 4011 1258 4075 ὡς
1277 4012 1327 4065 οῑ
1365 4010 1636 4082 βάρϐαροι
1665 4012 1782 4075 τοῖς
1809 4012 1930 4065 ἐκεῖ

273 4135 286 4145 -
342 4105 632 4175 αἰγιαλοῖς
660 4103 759 4173 τὴν
787 4102 1060 4157 ἀπόϐασιν
1099 4104 1452 4173 ἐποιήσαντο,
1487 4105 1584 4158 καὶ
1622 4106 1928 4176 τεκμήριον

338 4196 542 4267 ἀληθὲς
587 4196 689 4265 τῆς
739 4195 1001 4264 ἀγγελίας
1061 4193 1347 4249 ἐποιοῦντο
1383 4236 1399 4263 ,
1474 4195 1537 4250 τὸ
1586 4195 1928 4264 τραυματίαι

340 4289 681 4360 γεγενῆσθαι
725 4287 856 4358 παρ’
881 4287 1082 4342 αὐτῶν.
1111 4288 1174 4341 Oi
1208 4286 1478 4358 βάρϐαροι
1515 4287 1572 4341 δὲ
1595 4289 1696 4342 οὐκ
1731 4289 1816 4357 ἐφ’
1843 4289 1930 4342 ἐνὶ

342 4382 532 4454 χωρίῳ
567 4381 881 4452 προσέσχον
916 4378 1142 4442 πάντες
1174 4379 1292 4432 ἀλλ’
1317 4380 1380 4432 οὐ
1422 4383 1645 4450 μακρὰν
1677 4379 1930 4451 ἀλλήλων

344 4474 720 4544 διεστηκότες,
753 4473 848 4527 δύο
882 4472 1176 4544 ναυλοχίας
1208 4474 1564 4544 ἐποιήσαντο·
1594 4474 1644 4526 οἱ
1687 4474 1790 4544 μὲν
1833 4469 1930 4527 οὖν

347 4574 414 4624 ἐκ
438 4573 538 4641 τῆς
577 4569 710 4639 μιᾶς
747 4567 986 4638 μερίδος,
1021 4565 1157 4637 πρὸς
1192 4566 1357 4638 ἕτερα
1385 4567 1689 4640 ἐτράποντο
1728 4568 1927 4639 χωρία·

346 4666 399 4716 0t
436 4663 494 4717 δέ
537 4662 638 4732 τῆς
702 4661 898 4731 ἐτέρας
950 4659 1143 4731 ὥσπερ
1209 4659 1452 4724 σκοπούς
1509 4677 1661 4724 τινας
1713 4660 1930 4728 ὀλίγους

347 4754 564 4812 ἑαυτῶν
627 4754 1105 4825 προπέμψαντες,
1158 4754 1208 4806 οί
1262 4755 1443 4807 λοιποὶ
1499 4753 1930 4823 συντεταγμένοι

346 4847 544 4916 ᾔεσαν,
582 4844 657 4906 ὼς
708 4843 796 4896 διὰ
844 4843 953 4896 τῶν
995 4843 1216 4914 χωρίων
1259 4843 1491 4897 ἐκείνων
1541 4844 1927 4913 ἐλευσόμενοι,

347 4937 430 5001 οἷς
465 4939 494 4990 ὁ
544 4937 716 5008 μέγας
757 4937 1089 5004 δομέστικος
1136 4937 1447 5006 ἐνήδρευεν.
1491 4937 1580 4999 Ὠς
1621 4937 1678 4990 δέ
1707 4937 1758 4989 οἱ
1793 4954 1931 5007 προ-

1957 4440 2005 4502 C

2024 3649 2147 3688 rum
2173 3634 2394 3689 barbari
2426 3650 2534 3690 non
2562 3651 2754 3692 omnes
2781 3637 2847 3690 ad
2881 3653 3050 3692 unum
3099 3638 3282 3694 locum
3327 3641 3607 3710 appellen-

2025 3736 2130 3789 tes,
2180 3727 2319 3782 duas
2373 3729 2596 3793 navium
2638 3730 2906 3785 stationes
2940 3729 3086 3785 haud
3116 3732 3280 3803 longo
3320 3733 3610 3788 intervallo

2027 3822 2302 3877 faciebant
2337 3837 2351 3877 ε
2383 3831 2440 3878 et
2477 3823 2569 3877 alii
2591 3823 2813 3893 quidem
2837 3841 2902 3879 ex
2941 3841 3047 3880 una
3089 3834 3244 3896 parte
3273 3827 3382 3881 alio
3421 3842 3480 3882 se
3502 3826 3608 3882 dif-

2027 3914 2362 3988 fundebant.
2397 3915 2489 3970 alii
2530 3930 2594 3970 ex
2640 3917 2832 3981 altera,
2865 3917 3410 3989 velutspeculatores
3443 3935 3610 3990 quos-

2027 4010 2152 4064 dam
2208 4023 2410 4078 paucos
2442 4009 2510 4062 de
2536 4009 2652 4064 suis
2684 4009 3102 4079 praemittentes,
3149 4011 3366 4081 agmine
3391 4026 3614 4081 compo-

2027 4103 2137 4157 sito
2174 4102 2527 4164 incedebant.
2558 4103 2715 4172 quasi
2739 4102 2890 4157 locos
2910 4117 2937 4156 a
2962 4118 3158 4174 magno
3189 4105 3493 4160 domestico
3528 4105 3613 4159 in-

2028 4209 2208 4253 sessos
2254 4194 2560 4250 transituri.
2607 4195 2679 4252 Ut
2731 4197 2970 4267 primum
3021 4189 3283 4251 Romanis
3316 4195 3614 4266 appropin-

2030 4295 2290 4358 quarunt,
2322 4287 2561 4359 demptis
2605 4287 2834 4358 aliquot,
2859 4302 3073 4351 omnes,
3115 4285 3264 4358 quod
3303 4286 3361 4341 in
3395 4285 3611 4340 hostem

2034 4382 2392 4452 improvisum
2449 4381 2798 4446 incidissent,
2845 4381 2997 4437 letho
3041 4382 3443 4438 occubuerunt.
3505 4380 3610 4446 Qui

2034 4485 2345 4539 evaserant,
2415 4474 2482 4530 ad
2573 4488 2705 4530 suos
2790 4473 3134 4544 retrogressi.
3207 4471 3610 4535 memorabant,

2033 4564 2498 4636 quemadmodum
2543 4565 2950 4621 commilitones
2996 4564 3347 4629 cecidissent,
3399 4577 3524 4619 cum
3557 4563 3614 4617 in

2031 4660 2298 4731 quasdam
2330 4659 2595 4729 copiolas,
2641 4667 2698 4712 ut
2737 4657 3031 4713 videbatur
3068 4657 3218 4730 (nam
3262 4671 3361 4726 per
3393 4663 3615 4710 noctem

2033 4753 2180 4808 clare
2217 4754 2597 4808 internoscere
2624 4767 2734 4805 non
2772 4751 3068 4821 potuisse),
3093 4749 3188 4805 sed
3234 4749 3532 4815 animosas,
3561 4757 3620 4801 et
3655 4745 3666 4751 ’
3729 4821 3738 4828 _

2031 4847 2180 4902 bello
2215 4846 2447 4901 invictas
2483 4843 2827 4899 incidissent.
2866 4838 2946 4897 Re
2974 4841 3277 4906 intellecta,
3326 4841 3615 4896 Persarum

2032 4941 2200 4995 duces
2254 4939 2322 4993 ad
2375 4937 2692 4993 conflictum
2735 4935 3120 5005 accinguntur,
3182 4935 3419 5005 luceque
3457 4935 3622 4988 terris

347 5029 680 5100 τεταγμένοι
707 5030 906 5082 ἐκείνοι
947 5029 1200 5096 ἐγένοντο
1234 5029 1466 5099 πλησίον
1509 5029 1610 5099 τῆς
1645 5030 1924 5100 Ῥωμαίων

2026 5033 2140 5105 jam
2169 5030 2368 5085 diﬁusa
2396 5041 2593 5083 manus
2612 5039 3004 5105 conseruntur.
3029 5027 3232 5090 Persae,
3263 5025 3359 5096 qui
3384 5017 3620 5088 nobiles,

351 5123 638 5194 στρατιᾶς,
675 5119 818 5192 πλὴν
851 5120 1054 5188 ὀλίγων
1103 5119 1308 5184 πάντες
1348 5121 1548 5176 ἐπεσον
1583 5123 1930 5194 ἀπροσδοκή-

349 5232 466 5278 τοις
514 5212 884 5283 ἐμπεσόντωνο
915 5212 1032 5264 ὅσοι
1073 5211 1131 5264 δέ
1159 5210 1524 5281 διεσώθησαν,
1562 5215 1644 5278 είς
1682 5217 1784 5284 τὴν
1828 5217 1929 5268 αὑ-

350 5308 458 5358 τῶν
488 5305 735 5369 ἐλθόντες
761 5307 1047 5376 στρατιάν,
1075 5303 1424 5374 ἀπήγγελλον
1447 5303 1522 5366 ὡς
1551 5304 1928 5376 διαφθαροίεν,

355 5397 587 5468 σ-ρατιᾷ
639 5398 1063 5468 περιτυχόντες,
1105 5395 1262 5467 ὀλίγῃ
1319 5397 1463 5466 μὲν,
1515 5394 1592 5460 ὡς
1641 5397 1931 5469 ᾠήθημεν,

354 5488 636 5560 (καθαρῶς
690 5489 792 5543 οὐκ
839 5489 1056 5564 ἔχοντες
1109 5489 1199 5542 διὰ
1242 5490 1342 5561 τὴν
1381 5489 1554 5544 νύκτα
1587 5489 1932 5560 διαγνῶναι),

361 5581 538 5650 ἀγαθῇ
577 5581 634 5633 δέ
673 5581 771 5635 καὶ
805 5567 902 5636 =a'
933 5581 1168 5652 πολέμια
1208 5583 1500 5657 κρατίστῃ.
1543 5586 1610 5636 ’Ὀ
1643 5584 1706 5654 δὴ
1745 5587 1840 5638 καὶ
1885 5587 1937 5639 0i

356 5675 453 5739 τῆς
505 5675 786 5744 Περσικῆς
836 5677 1098 5746 ἄρχοντες
1156 5677 1456 5746 πυθόμενοι
1485 5679 1748 5749 στρατιᾶς
1784 5696 1930 5749 παρ-

361 5767 731 5822 εῖκευάσαντο
754 5770 827 5833 ὡς
880 5773 972 5822 ἐπὶ
1004 5771 1206 5840 μάχην.
1269 5762 1698 5840 Ἒττιγενομένης
1747 5772 1801 5824 δὲ
1829 5773 1930 5841 ἤδη

371 5862 461 5911 καὶ
507 5862 741 5930 ἡμέρας,
789 5864 1188 5917 συνεπλέκοντο
1236 5865 1289 5916 οἵ
1328 5881 1383 5917 τε
1437 5865 1701 5931 Ῥωμαῖοι
1746 5866 1840 5916 καὶ
1886 5865 1932 5916 οί

2030 5103 2089 5181 et
2126 5125 2273 5178 inter
2304 5137 2433 5176 suos
2462 5121 2580 5176 noti
2603 5130 2783 5187 erant,
2811 5103 3002 5175 omnes
3025 5119 3117 5174 diu
3143 5135 3202 5200 se
3229 5118 3619 5173 defenderunt.

2039 5217 2424 5279 Verumtamen
2457 5214 2510 5268 vi
2549 5215 2703 5279 victi,
2735 5223 2932 5285 praeter
2964 5220 3198 5282 septem,
3229 5225 3424 5266 omnes
3454 5211 3532 5264 vel
3570 5212 3623 5264 iu

2034 5323 2216 5380 pugna
2239 5306 2585 5370 ceciderunt,
2608 5308 2690 5361 vel
2729 5306 2838 5360 vivi
2869 5307 2922 5360 in
2948 5313 3279 5376 potestatem
3324 5313 3623 5361 venerunt.

2036 5399 2240 5454 Eadem
2282 5398 2418 5452 liora
2457 5398 2622 5453 etiam
2677 5399 2973 5466 imperator
3025 5397 3240 5452 duabus
3282 5398 3623 5460 triremibus,

2037 5503 2171 5559 quas
2200 5497 2367 5543 noctu
2399 5488 2725 5562 impleverat
2759 5487 3010 5559 (reliqua:
3050 5491 3197 5544 enim
3243 5497 3358 5542 tum
3399 5491 3624 5554 naviga-

2039 5584 2303 5638 liouiuon
2327 5591 2483 5636 erant
2512 5582 2744 5650 idonea!)
2764 5580 3128 5650 adnavigabat
3161 5588 3638 5650 :compet'toque,‘

2040 5676 2401 5730 barbarorum
2437 5672 2562 5726 aliis
2588 5689 2618 5727 a
2649 5687 2847 5741 magno
2874 5671 3181 5727 domestico
3211 5671 3373 5736 fusis,
3405 5687 3532 5726 eum
3569 5672 3624 5722 in

2042 5777 2274 5824 cmtcros
2308 5768 2417 5838 jam
2469 5766 2575 5820 iter
2605 5766 2806 5831 moliri,
2839 5765 3048 5820 triremi
3098 5765 3461 5828 exscendeus,
3491 5778 3629 5832 quo-

2045 5864 2189 5917 niam
2235 5862 2572 5930 imperatorii
2601 5863 2726 5930 equi
2773 5875 2884 5915 non
2925 5857 3174 5919 aderant,
3203 5857 3258 5910 in
3293 5872 3325 5910 e
3347 5873 3500 5925 illum
3532 5857 3635 5907 do-
