4060 6426
395 386 507 449 627

1575 393 1902 455 JOANNIS
1943 392 2470 459 CANTACUZEXI

3554 409 3662 472 C93

390 503 608 558 inestici
643 504 854 560 interea
890 508 1152 567 ascendit,
1183 517 1237 563 et
1263 524 1389 565 eum
1417 508 1534 564 suis
1556 508 1762 579 ingenti
1793 507 1965 564 studit

2085 507 2356 582 βάρϐαροι
2400 513 2676 584 ἀλλήλοις,
2708 518 2804 571 καὶ
2871 517 3134 589 ἀντέσχον
3181 520 3282 589 μὲν
3341 519 3432 572 ἐπὶ
3482 521 3643 583 πολὺ,

391 590 702 664 ardoreque
733 603 924 651 contra
954 597 1151 653 Persas
1172 598 1344 654 vadit.
1369 598 1472 654 Ubi
1493 597 1560 654 ad
1582 599 1766 653 locum
1800 597 1973 664 venit,

391 684 450 737 in
490 698 602 754 quo
626 686 705 740 illi
737 685 1147 758 direptionibus
1190 705 1255 745 ac
1292 689 1490 760 praedis
1536 688 1768 762 agundis
1809 705 1974 745 vaca-

370 776 546 842 .bant,
578 777 828 833 conﬂixit
858 780 1098 851 vicitque
1122 781 1376 838 viriliter.
1403 783 1538 838 Nam
1553 783 1788 852 etipsos.
1816 793 1972 838 extra

395 885 623 939 paucos,
658 879 755 926 aut
782 873 1085 940 interemit,
1117 885 1212 932 aut
1249 878 1495 948 captivos
1523 877 1699 932 duxit.
1730 877 1833 944 Qui
1873 894 1974 934 ne-

391 977 513 1017 cem
563 954 812 1035 eﬂ‘ugere
877 978 1200 1037 potuerunt,
1236 969 1302 1024 ad
1366 984 1534 1024 naves
1602 979 1972 1035 recurrentes,

389 1072 558 1110 unam
576 1057 799 1127 quidem
828 1059 1269 1130 compleverunt,
1294 1061 1510 1117 duabus
1533 1062 1676 1125 aliis,
1705 1063 1798 1118 uni
1819 1071 1969 1130 octo,

388 1150 548 1204 alteri
586 1149 780 1206 decem
817 1150 1167 1222 imponentes
1199 1153 1314 1214 vela
1348 1154 1711 1219 sustulerunt,
1739 1169 1803 1209 ac
1833 1169 1970 1210 ven-

389 1251 474 1292 IOS
530 1242 808 1298 secundos
864 1244 1072 1314 adepti,
1132 1245 1364 1300 exitium
1408 1255 1610 1316 praeter
1647 1246 1968 1317 opinionem

387 1343 541 1383 suam
594 1341 926 1400 evaserunt;
968 1333 1048 1388 sic
1099 1334 1209 1388 Deo
1238 1333 1457 1390 coalitus
1508 1334 1761 1390 barbaris
1811 1344 1869 1392 et
1911 1327 1974 1389 ut

387 1417 768 1496 vincerentur,
801 1429 937 1477 etut
963 1431 1340 1488 servarentur,
1371 1423 1556 1490 ambo,
1586 1425 1836 1496 inquam,
1856 1425 1972 1481 lure

386 1511 764 1580 dispensante.
807 1514 944 1568 Nam
983 1529 1107 1585 quae
1135 1531 1259 1570 cum
1317 1517 1654 1587 imperatore
1697 1525 1973 1572 venerunt

390 1603 646 1659 triremes
664 1605 829 1671 bime,
863 1615 925 1660 ut
963 1607 1214 1664 Persicas
1260 1624 1426 1666 naves
1473 1609 1727 1666 viderunt
1772 1611 1969 1681 pedem

389 1695 610 1762 fecisse,
644 1707 700 1753 et
731 1698 961 1768 fugisse,
1012 1701 1369 1772 remigatione
1420 1701 1692 1773 fugientes
1745 1705 1968 1771 assequi

2075 603 2190 656 τῶν
2226 605 2381 675 παρὰ
2427 606 2668 678 Πέρσαις
2713 611 3000 680 ἐπιφανῶν
3054 612 3209 676 ὄντες
3236 615 3333 667 καὶ
3361 617 3660 686 γνωρίμων

2087 695 2291 760 πάντες
2341 713 2360 731 ο
2407 699 2558 770 ὅμως
2630 701 2951 772 νικηθέντες
3007 705 3152 759 κατὰ
3209 705 3413 776 κράτος
3443 746 3458 769 ,
3519 707 3661 778 πλὴν

2076 788 2236 854 ἑπτὰ,
2267 791 2318 843 oi
2349 792 2449 860 μὲν
2472 792 2746 848 ἀπίθανον
2790 797 2943 868 παρὰ
2971 798 3069 867 τὴν
3108 799 3312 868 μάχην,
3341 801 3389 852 οἱ
3413 799 3459 853 δ’
3486 800 3660 854 ἑάλω-

2085 897 2210 936 σαν.
2243 882 2357 952 Τῆς
2387 884 2564 954 αὐτῆς
2599 885 2658 940 δὲ
2704 885 2854 957 ὥρας
2881 887 2977 942 καὶ
2997 891 3028 942 ὁ
3066 888 3324 959 βασιλεὺς
3356 890 3477 944 δυσὶ
3504 893 3661 961 τριῆ“

2079 987 2202 1040 ρεσι
2247 974 2548 1042 παρέπλει,
2591 973 2658 1037 ἃς
2707 971 2779 1048 ἦν
2831 978 2934 1047 τῆς
2982 979 3180 1043 νυκτὸς
3237 979 3656 1050 πεπληρωκὼς.

2074 1064 2266 1135 ἕτεραι
2293 1067 2405 1136 γὰρ
2455 1068 2557 1120 οὐκ
2605 1067 2802 1138 ἔτυχον
2851 1069 3013 1124 οὖσαι
3043 1070 3304 1142 πλώϊμοι.
3341 1071 3658 1142 Πυθόμενος

2073 1155 2130 1208 δὲ
2152 1157 2228 1220 ὡς
2251 1157 2302 1212 οί
2331 1159 2431 1226 μὲν
2454 1159 2564 1212 τῶν
2602 1159 2896 1233 βαρϐάρων
2926 1162 3212 1232 ἠττηθείεν
3242 1164 3396 1235 παρὰ
3415 1165 3656 1235 μεγάλου

2072 1243 2400 1314 δομεστίκου
2444 1249 2540 1301 καὶ
2576 1249 2676 1318 τῆς
2705 1250 2990 1320 στρατιᾶς,
3030 1252 3122 1304 ἐπὶ
3153 1251 3212 1304 δὲ
3260 1253 3384 1312 τοὺς
3434 1253 3657 1325 ἑτέρους

2073 1332 2177 1402 ἢδη
2196 1335 2712 1405 παρασκευάζονται
2737 1339 2958 1408 χωρεῖν,
2986 1339 3201 1403 ἀποϐὰς
3225 1341 3323 1410 τῆς
3353 1341 3652 1413 τριήρεως,

2073 1426 2202 1480 ἐπεὶ
2230 1427 2341 1481 τῶν
2368 1428 2668 1497 βασιλικῶν
2706 1431 2767 1484 οὐ
2803 1433 3061 1501 παρῆσαν
3085 1431 3264 1498 ἵπποι,
3291 1433 3389 1486 τοῦ
3411 1435 3654 1504 μεγάλου

2071 1514 2398 1584 δομεστίκου
2448 1517 2604 1588 ἵππῳ
2670 1517 2891 1585 ἐπιϐάς,
2938 1519 3090 1589 ἄγων
3135 1520 3232 1575 καὶ
3262 1519 3360 1590 τὴν
3392 1523 3655 1592 στρατιὰν

2070 1605 2428 1675 ιχὼρεικατά
2478 1607 2588 1660 τῶν
2629 1608 2856 1680 Περσῶν
2878 1608 3084 1680 σπουδῇ
3124 1609 3294 1681 πολλῇ
3323 1611 3419 1663 καὶ
3443 1610 3655 1684 προθυ-

2076 1697 2198 1770 μίᾳ.
2219 1698 2330 1753 Καὶ
2361 1701 2654 1770 γενόμενος
2683 1700 2806 1754 καθ’
2839 1700 2876 1756 ἃ
2903 1702 2954 1755 οί
2988 1702 3200 1774 Πέρσαι
3236 1702 3517 1775 ἐληίζοντο
3544 1722 3654 1775 χω·

388 1801 549 1856 posse
575 1786 735 1844 diﬂisi
761 1788 932 1860 (quod
962 1791 1154 1860 procul
1180 1805 1276 1846 eas
1299 1790 1519 1846 ﬂamine
1544 1805 1811 1862 prospero
1834 1791 1965 1847 ferri

2074 1786 2187 1856 ρία,
2225 1787 2520 1842 συνέϐαλλέ
2541 1806 2599 1842 τε
2627 1789 2722 1842 καὶ
2746 1778 2906 1844 ἁνίκα
2937 1791 3084 1844 κατὰ
3113 1789 3334 1861 κράτος.
3367 1791 3513 1862 Πλὴν
3541 1792 3654 1864 γὰρ

386 1855 688 1949 viderent)
744 1855 1077 1936 festinarunt
1122 1892 1180 1936 et
1219 1882 1350 1952 ipsa:
1392 1897 1517 1937 eum
1545 1855 1808 1937 antennis
1844 1882 1965 1939 vela

2075 1877 2293 1944 ὀλίγων,
2326 1883 2422 1932 καὶ
2445 1881 2604 1934 αὐτοὶ
2637 1882 2688 1933 οί.
2715 1880 2817 1950 μὲν
2843 1880 3043 1935 ἔπεσον
3072 1881 3218 1935 κατὰ
3238 1883 3339 1952 τὴν
3361 1881 3566 1954 μάχην,
3597 1885 3650 1936 oi.

387 1967 600 2024 tollere.
639 1968 779 2025 Dum
832 1970 1111 2036 tollerent,
1165 1974 1364 2027 horum
1420 1973 1603 2040 funes,
1635 1973 1841 2044 quibus
1869 1989 1968 2029 an-

385 2067 605 2116 teanam
624 2061 980 2118 attrabebant
1022 2063 1424 2134 rumpebantnr
1458 2079 1473 2116 :
1514 2065 1735 2121 illorum
1769 2073 1968 2123 anten-

385 2167 478 2216 na,
532 2166 700 2210 vento
743 2155 954 2228 deiecta
988 2158 1045 2212 in
1099 2158 1401 2215 tabulatum
1441 2159 1768 2225 decidebat;
1799 2169 1966 2232 atque

386 2245 461 2299 ita
504 2261 563 2302 re
623 2247 910 2318 desperata
967 2252 1352 2321 persecutione
1402 2251 1759 2308 abstiterunt.
1799 2253 1968 2325 309

383 2337 517 2407 Quae
556 2341 837 2397 restabant
868 2343 1051 2412 quina
1083 2352 1140 2399 et
1192 2342 1417 2400 tricena:
1470 2345 1762 2401 Persarum
1794 2362 1967 2403 naves

386 2431 525 2500 (57).
547 2447 730 2488 vacus
761 2433 1024 2490 inlittore
1055 2444 1399 2491 manserunt.
1429 2436 1734 2506 Imperator
1761 2447 1818 2493 et
1851 2439 1962 2505 sui,

385 2536 511 2574 cum
538 2521 859 2577 triremibus
884 2523 994 2578 illic
1017 2533 1233 2580 noctem
1272 2535 1520 2595 agentes,
1555 2526 1826 2584 cadavera
1864 2529 1966 2584 bo-

386 2611 553 2665 stium
602 2613 931 2682 spoliabant.
966 2612 1126 2669 Circa
1183 2615 1423 2669 medium
1471 2615 1718 2686 ejusdem
1758 2620 1962 2684 noctis,

386 2701 479 2756 alii
528 2703 748 2758 barbari
791 2704 870 2758 rei
924 2712 1088 2773 gesta
1142 2703 1340 2773 ignari,
1372 2718 1571 2760 novem
1618 2705 1857 2763 navibus
1892 2709 1960 2763 ad

385 2793 634 2848 eamdem
661 2808 814 2849 oram
845 2793 1014 2850 delati
1042 2805 1190 2858 sunt,
1233 2804 1294 2850 ut
1321 2809 1381 2850 se
1425 2795 1705 2866 prioribus
1731 2798 1964 2866 conjun-

385 2895 601 2955 gerent.
637 2887 943 2958 improviso
985 2897 1170 2943 autem
1211 2889 1477 2944 Romanis
1525 2889 1844 2945 triremibus
1871 2905 1963 2947 oc-

384 2987 692 3042 currentes,
721 2990 791 3032 eo
817 2990 946 3031 casu
973 2977 1398 3046 obstupuerunt.
1434 2977 1640 3034 Tamen
1670 2995 1736 3034 ex
1768 2995 1960 3035 earnm

385 3069 661 3138 paucitate
714 3077 932 3138 sumpta
963 3068 1212 3133 audacia,
1244 3085 1480 3142 pugnam
1537 3080 1840 3144 tentarunt,
1869 3090 1965 3143 pa-

354 3161 621 3232 ‘rumque
651 3161 848 3229 abfuit,
884 3162 1020 3233 quin
1078 3161 1200 3218 illas
1236 3162 1555 3234 perderent,
1584 3180 1710 3220 nam
1741 3166 1795 3220 in
1827 3167 1964 3222 alte—

385 3270 505 3312 ram
528 3256 638 3328 jam
663 3255 1012 3312 insiluerant.
1049 3253 1441 3312 Verumtamen
1471 3257 1739 3313 classiarii
1770 3272 1800 3312 a
1834 3257 1968 3312 viri-

382 3347 490 3402 bus
540 3347 657 3402 suis
687 3355 937 3416 petentes
972 3347 1261 3408 auxilium.
1311 3363 1409 3404 eos
1469 3349 1816 3415 devicerunt,
1849 3365 1969 3407 om-

384 3439 650 3507 niumqne
672 3437 1018 3492 Persii-arum
1038 3438 1280 3503 navium,
1305 3453 1412 3492 una
1436 3439 1612 3494 solum
1638 3438 1964 3510 eﬂ‘ugiente,

384 3527 546 3597 potiti
580 3535 729 3583 sunt.
761 3528 940 3594 Atque
990 3527 1046 3581 hi
1099 3543 1342 3599 quoque,
1377 3539 1436 3584 ut
1497 3531 1732 3600 priores,
1764 3530 1963 3587 delecti

383 3627 565 3683 erant,
595 3627 650 3674 et
679 3618 826 3674 domi
859 3634 971 3674 sua:
1003 3620 1450 3676 nominatissimi.
1476 3620 1657 3688 Quare
1685 3631 1743 3678 et
1763 3623 1966 3678 milites

385 3710 642 3777 Romani,
668 3710 716 3765 si
742 3711 835 3780 qui
859 3726 892 3765 a
920 3711 1248 3782 propinquis
1278 3721 1621 3782 peterentur,
1645 3714 1840 3785 grandi
1871 3729 1967 3784 pe-
1999 3784 2016 3796 .

384 3805 662 3861 cuniaeos
715 3805 1050 3860 vendebant.
1105 3805 1263 3861 Hunc
1324 3807 1380 3860 in
1454 3807 1676 3862 modum
1735 3807 1962 3862 barbari

385 3897 529 3952 male
563 3896 691 3952 mali
723 3897 1032 3967 perierunt.
1071 3897 1377 3968 Imperator
1404 3898 1571 3954 rebus
1601 3897 1864 3955 omnibus
1891 3899 1961 3954 ad

387 3988 513 4043 filiae
563 3989 786 4058 nuptias
833 3989 1154 4060 praeparatis
1225 3997 1282 4044 et
1340 3988 1647 4057 instructis,
1699 3989 1965 4061 Byzantio

384 4078 786 4150 Adrianopolin
841 4081 907 4135 ad
933 4095 1030 4136 eas
1055 4079 1260 4136 ibidem
1296 4080 1636 4153 peragendae
1674 4080 1964 4152 profectus

383 4179 488 4228 est.
525 4169 730 4227 Eodem
759 4185 854 4227 rex
880 4171 1176 4229 Moesorum
1207 4173 1514 4230 Alexander
1543 4189 1667 4231 cum
1701 4175 1815 4231 lilio
1860 4174 1963 4231 Mi-

382 4267 571 4322 chaele
595 4268 775 4324 Asane
807 4268 948 4338 (58),
977 4284 1104 4340 rege
1148 4271 1260 4340 jam
1300 4285 1330 4325 a
1370 4285 1430 4326 se
1470 4270 1760 4326 nominato
1790 4273 1958 4327 venit.

381 4360 452 4415 Et
503 4363 922 4431 apprecationes
976 4363 1220 4432 quidem,
1259 4377 1354 4418 seu
1408 4362 1851 4428 benedictiones,
1907 4373 1963 4419 et

383 4467 726 4523 quaecunque
775 4469 943 4522 super
982 4454 1193 4523 nuptiis
1236 4467 1405 4510 sacrae
1434 4455 1582 4523 leges
1612 4454 1958 4524 praecipiunt.

2073 1969 2121 2022 δ’
2167 1969 2438 2024 ἑάλωσαν.
2477 1970 2634 2024 Ὅσοι
2687 1972 2746 2025 δὲ
2785 1973 2847 2026 τὸ
2895 1973 3264 2044 διαφθαρῆναι
3301 1973 3651 2045 ἠδυνήθησαν

2071 2061 2361 2132 διαφυγεῖν
2387 2065 2540 2133 παρὰ
2568 2064 2666 2127 τάς
2696 2060 2826 2127 ναῦς
2846 2064 2946 2128 τὰς
2975 2064 3188 2120 ἑαυτῶν
3214 2063 3484 2131 noenu,
3516 2065 3646 2135 μίαν

2076 2151 2177 2222 μὶν
2200 2153 2497 2226 ἐπλήρουν,
2516 2153 2638 2206 δυσὶ
2669 2153 2726 2208 δὲ
2748 2154 2985 2224 ἑτέραις,
3023 2155 3092 2226 τῇ
3121 2156 3223 2224 μὲν
3243 2153 3410 2219 ὀκτὼ,
3434 2154 3564 2208 δέκα
3589 2155 3649 2208 δὲ

2073 2244 2142 2313 τῇ
2167 2244 2334 2316 ἑτέρᾳ
2353 2243 2669 2309 ὶπιϐάντες,
2707 2247 2852 2300 ἱστία
2897 2263 2953 2301 τε
2991 2247 3246 2317 ἄραντες,
3283 2250 3379 2302 καὶ
3402 2249 3652 2317 πνεύμα-

2068 2350 2162 2398 τος
2192 2337 2560 2406 εὐτυχηκότες
2590 2338 2884 2408 ὶπιφςρου,
2908 2339 3062 2409 παρὰ
3089 2339 3252 2404 δόξαν
3288 2339 3553 2408 διέφυγον
3581 2342 3646 2392 τὸ

2070 2427 2396 2495 ἀπολέσθαι,
2425 2427 2599 2492 οὕτως
2632 2429 2842 2485 ἄνωθεν
2871 2431 2968 2485 τοῦ
3009 2431 3146 2486 Θεοῦ
3193 2433 3290 2485 καὶ
3343 2433 3442 2503 τὴν
3477 2450 3653 2502 σωτη-

2075 2517 2196 2587 ρίαν
2241 2518 2337 2572 καὶ
2365 2517 2468 2585 τὴν
2495 2515 2667 2590 ἧτταν
2695 2522 2808 2584 τοίς
2853 2521 3153 2593 βαρϐάροις
3197 2523 3649 2592 πρυτανεύοντος.

2068 2611 2265 2680 Αίγάρ
2299 2612 2440 2680 μετὰ
2465 2612 2732 2682 βασιλέως
2755 2611 3012 2668 ἐλθοῦσαι
3069 2614 3164 2668 δύο
3215 2617 3490 2686 τριήρεις,
3525 2617 3654 2668 ἐπεὶ

2065 2701 2167 2764 τὰς
2228 2703 2504 2774 Περσικὲς
2562 2700 2707 2757 εἶδον
2760 2705 3050 2774 άραμὲνας
3106 2707 3246 2777 πρὸς
3304 2709 3367 2760 τὸ
3405 2707 3650 2776 πέλαγος

2071 2794 2219 2849 ἱστία
2261 2795 2355 2847 ἐπὶ
2393 2796 2574 2866 φυγῇ,
2599 2799 2666 2868 τῇ
2711 2798 2928 2866 εἰρεσίᾳ.
2959 2797 3058 2868 τὴν
3106 2799 3294 2863 δίωξιν
3331 2800 3646 2869 ἀπαγορεύο

2071 2905 2261 2950 σαντες
2286 2888 2376 2942 διὰ
2421 2891 2484 2942 τὸ
2511 2889 2758 2959 μήκοθεν
2789 2891 2886 2954 τάς
2923 2891 3198 2960 Περσικὰς
3229 2891 3366 2962 ὁρᾷν
3401 2893 3474 2944 επ
3498 2893 3652 2964 φὸρῳ

2070 2975 2342 3043 πνεύματι
2378 2974 2692 3046 χρωμένας,
2722 2978 2900 3047 αἴρειν
2937 2976 3198 3046 ὥρμηντο
3231 2979 3378 3030 ἑστία
3431 2981 3526 3031 καὶ
3553 2981 3650 3030 αὑ-

2067 3070 2172 3123 τοί.
2231 3070 2384 3136 ’Ἅμα
2442 3069 2498 3124 δὲ
2547 3069 2837 3138 εἰρόντων,
2897 3069 3007 3122 τῶν
3060 3071 3161 3138 μὲν
3221 3071 3547 3140 ὲρῤάγησαν
3597 3076 3650 3124 oi.

2069 3163 2222 3233 κάλῳ
2251 3158 2335 3225 οἷς
2382 3163 2584 3234 ἀνῆγον
2612 3162 2712 3232 τὴν
2744 3162 2994 3232 κεραίαν’
3017 3162 3127 3215 τῶν
3158 3164 3366 3235 ἐτέρων
3398 3163 3455 3218 δὲ
3487 3166 3519 3235 ἡ
3557 3183 3650 3217 κε-

2070 3255 2202 3324 ραία
2228 3253 2589 3323 καταχθεζσα,
2637 3253 2944 3307 κατέπεσεν
3005 3256 3100 3308 ἐπὶ
3121 3254 3214 3308 τοῦ
3243 3256 3648 3326 καταστρώμα-

2066 3364 2160 3408 τος
2183 3367 2197 3382 ο
2227 3347 2324 3400 καὶ
2364 3345 2540 3406 οὕτως
2583 3345 2890 3417 ἀπέσχοντο
2920 3346 2982 3398 τὸ
3033 3345 3253 3400 διώκειν
3290 3347 3644 3413 ἀπειπόντες.

2067 3440 2134 3492 Ai
2165 3441 2355 3493 λοιπαὶ
2374 3439 2433 3494 δὲ
2468 3441 2631 3493 πέντε
2653 3437 2853 3512 [τρεῖς]
2876 3438 2971 3494 καὶ
3003 3439 3299 3510 τριάκοντα
3331 3435 3489 3495 οὖσαι
3517 3440 3649 3510 νῆες

2069 3513 2364 3602 Περσικαὶ,
2413 3533 2854 3603 κατελείφθησαν
2900 3533 2997 3586 lati.
3037 3533 3133 3586 τοῦ
3182 3532 3436 3603 αἰγιαλοῦ
3467 3535 3644 3588 κεναί.

2068 3623 2336 3689 Βασιλεὺς
2362 3625 2421 3679 δλ
2451 3627 2595 3695 μετά
2629 3627 2731 3694 τῆς
2760 3628 3022 3696 στρατιᾶς
3061 3627 3160 3680 καὶ
3184 3628 3242 3680 αί
3268 3627 3521 3699 τριήρεις
3549 3628 3650 3698 ηὑ-

2067 3718 2289 3772 λίσαντο
2319 3718 2489 3772 αὑτοῦ
2515 3718 2616 3789 τὴν
2648 3719 2821 3774 νύκτα
2853 3719 3214 3784 σκυλεύοντες
3260 3722 3386 3780 τοὺς
3418 3719 3648 3790 νεκροὺς

2065 3811 2177 3864 τῶν
2221 3811 2522 3882 πολεμίων.
2563 3814 2674 3881 Τῆς
2706 3813 2878 3882 αὐτῆς
2919 3811 2978 3866 δὲ
3029 3812 3226 3876 νυκτὸς
3279 3813 3409 3881 περὶ
3447 3813 3644 3882 μέσην,

2065 3887 2248 3974 ἕτεροι
2273 3903 2564 3974 βάρϐαροι,
2591 3905 2749 3959 ὲννέα
2775 3903 2959 3968 ναυσὶ,
2995 3904 3162 3973 μηδὲν
3192 3903 3395 3966 εἰδότες
3417 3904 3526 3956 τῶν
3555 3920 3647 3971 γε-

2067 3995 2406 4066 γενημένων,
2434 3995 2738 4051 κατέπλεον
2763 3997 2858 4050 ἐπὶ
2884 3995 3012 4059 τοὺς
3035 3995 3230 4060 αὐτοὺς
3263 3994 3544 4062 αἰγιαλοὺς
3569 3994 3644 4058 ὡς

2069 4081 2436 4154 συμμίξοντες
2465 4087 2578 4146 τοῖς
2600 4083 2805 4146 ἄλλοις·
2837 4083 3266 4154 ἀπροσδοκήτως
3288 4085 3344 4136 δὲ
3378 4087 3498 4147 ταῖς
3525 4084 3645 4137 δυσὶ
3733 4126 3745 4136 .

2064 4173 2318 4244 τριήρεσι
2348 4175 2743 4244 περιπεσόντες
2774 4173 2883 4227 τῶν
2897 4172 3190 4243 Ῥωμαίων
3216 4173 3645 4244 κατεπλάγησαν

2070 4263 2170 4332 μὲν
2212 4262 2294 4332 τῷ
2341 4262 2613 4334 ἀδοκήτῳ.
2649 4262 2796 4333 Πλὴν
2840 4263 2926 4318 διὰ
2961 4264 3058 4335 τὴν
3108 4264 3401 4334 ὀλιγότητα
3438 4265 3647 4336 θαρρή-

2062 4355 2261 4416 σαντες
2293 4354 2501 4416 αὺτὼν,
2531 4353 2931 4409 συνεπλέκοντο
2965 4354 3102 4424 πρὸς
3140 4357 3340 4426 μάχην.
3371 4357 3482 4411 Καὶ
3512 4358 3644 4429 παρ’

2064 4447 2249 4515 ὀλίγον
2298 4440 2398 4516 μὲν
2426 4442 2589 4517 ἦλθον
2620 4447 2719 4508 τὰς
2760 4449 3005 4520 τριήρεις
3035 4449 3370 4518 διαφθεῖραι.
3413 4451 3646 4522 Ἐπέϐη-

383 4546 440 4597 in
482 4542 620 4598 urbe
669 4543 896 4598 ﬁebant.
931 4543 1195 4599 Convivia
1225 4559 1375 4608 vero,
1408 4553 1464 4597 et
1501 4545 1959 4612 compotationes,

2072 4556 2172 4593 σαν
2205 4540 2312 4612 γὰρ
2347 4542 2396 4593 οἱ
2444 4539 2712 4610 βάρϐαροι
2741 4540 2836 4594 καὶ
2864 4544 2964 4610 τῆς
2994 4544 3147 4612 μιᾶς.
3203 4543 3352 4614 Πλὴν
3388 4544 3524 4614 πρὸς
3551 4547 3648 4600 άλ-

381 4645 438 4690 et
463 4650 584 4705 quae
609 4635 677 4689 ad
706 4636 954 4691 laetitiam
986 4633 1250 4689 festorum
1291 4635 1706 4691 connubialium
1737 4633 1957 4692 inventa

266 4737 270 4740 ‘
383 4735 536 4791 sunt,
572 4729 626 4782 in
664 4729 836 4797 pratis
873 4727 1184 4783 Comnenes
1199 4728 1505 4798 appellatis,
1530 4744 1637 4784 non
1671 4730 1863 4799 procul
1888 4729 1958 4784 ab

384 4819 546 4881 urbe,
569 4835 738 4890 prope
769 4819 1040 4875 Tuntzam
1072 4821 1183 4890 (59)
1209 4820 1433 4876 fluvium
1463 4821 1762 4877 obibantur
1795 4841 1811 4882 ;
1839 4823 1960 4878 die-

387 4911 600 4978 busque
638 4919 765 4965 octo
806 4926 836 4966 a
872 4911 1058 4966 Maasis
1109 4925 1166 4966 et
1223 4912 1486 4966 Romanis
1544 4913 1597 4966 in
1664 4913 1750 4967 bis
1787 4915 1960 4969 sacris

385 5000 728 5075 nuptialibus
759 5004 1122 5072 consumptis,
1147 5003 1235 5058 die
1261 5018 1408 5058 nono
1427 5004 1734 5060 Alexander
1756 5021 1853 5060 rex
1901 5016 1958 5062 ct

386 5090 562 5155 lilmsi,
600 5093 956 5162 imperatoris
1004 5094 1192 5161 tiliam,
1256 5095 1497 5165 reginam
1524 5111 1677 5151 suam
1733 5096 1957 5152 Mariam

381 5203 410 5239 e
427 5193 586 5257 gente
607 5185 1030 5257 [‘alzeulogorum
1048 5197 1410 5254 assumcntes,
1437 5190 1488 5244 in
1521 5189 1764 5244 Mmsiam
1784 5191 1959 5245 abdu-

383 5288 534 5344 cunt,
575 5278 759 5334 multis
792 5295 910 5334 eam
947 5295 1014 5336 ex
1054 5278 1293 5334 Romana
1315 5281 1605 5336 nobilitate
1638 5297 1811 5350 usque
1832 5281 1960 5336 Tri-

2068 4631 2170 4701 κὴν
2191 4631 2527 4702 τραπόμενοι
2551 4631 2601 4681 οἱ
2627 4632 2932 4702 τριηρίται,
2959 4631 3218 4702 ἐνίκησάν
3240 4651 3300 4686 τε
3333 4635 3428 4686 καὶ
3455 4636 3646 4688 πασῶν

2065 4725 2380 4792 ἐκράτησαν
2436 4721 2724 4790 Περσικῶν
2779 4723 2933 4782 νεῶν,
2967 4724 3100 4793 μιᾶς
3147 4724 3429 4796 δ.αδράναι
3481 4727 3642 4797 δυνηο

2067 4816 2275 4884 θείοης.
2309 4811 2490 4869 Ἦσαν
2521 4815 2577 4868 δὲ
2623 4815 2721 4868 καί⁸
2756 4809 2904 4869 οὗτοι
2934 4816 3122 4886 ὥσπερ
3153 4819 3247 4870 καὶ
3281 4819 3330 4870 οἰ
3386 4820 3646 4890 πρότεροι

2066 4909 2291 4977 λογάδες
2328 4909 2438 4961 τῶν
2471 4910 2623 4979 παρά
2680 4909 2922 4980 Πέρσαις
2955 4895 3444 4980 ἰδνομαστοτάτων.
3481 4913 3645 4966 Ὅθεν

2067 5003 2164 5056 καὶ
2193 5003 2242 5054 οί
2276 5003 2616 5074 στρατιῶται
2649 5004 2777 5066 τοὺς
2805 5003 3036 5066 ἁλόντας
3069 5003 3252 5058 αὐτῶν
3285 5005 3498 5058 πολλῶν
3523 5004 3644 5058 ἐλυ-

2069 5109 2168 5146 σαν
2216 5095 2517 5165 χρημάτων
2549 5095 2616 5148 ἐκ
2665 5093 2780 5149 τῶν
2812 5094 3032 5148 οἰκείων
3087 5097 3641 5165 μεταπεμπομένους.

2065 5188 2130 5242 Ol
2157 5189 2257 5256 μὲν
2290 5187 2351 5257 δὴ
2406 5187 2672 5258 βάρϐαροι
2718 5186 2892 5251 οὕτως
2921 5187 3203 5240 ἀπώλοντο
3245 5191 3405 5242 κακοὶ
3433 5189 3640 5252 κακῶς.

2068 5283 2330 5345 Βασιλεὺς
2359 5283 2412 5334 δὲ
2443 5283 2564 5334 ἐπεὶ
2592 5283 2659 5336 τὰ
2688 5281 2822 5351 πρὸς
2853 5282 2974 5344 τοὺς
3009 5281 3215 5351 γάμους
3245 5283 3340 5352 τῆς
3374 5282 3642 5352 θυγατρὸς

1636 5401 1852 5461 Jacobi
1889 5402 2154 5463 Pontani
2193 5409 2378 5463 notre.

452 5500 562 5564 (57)
605 5498 779 5570 Supra
810 5498 966 5570 dixit.
1011 5498 1177 5552 fuisse
1215 5516 1305 5553 sex
1337 5510 1389 5553 et
1423 5501 1641 5570 triginta
1672 5519 1685 5565 ;
1730 5511 1944 5569 postea,

380 5570 566 5621 tribus
609 5567 818 5637 I‘ugis~e
869 5567 1104 5630 Persas;
1145 5571 1422 5637 quomodo
1476 5567 1605 5638 ergo
1655 5567 1957 5636 supersunt

381 5643 628 5708 quinque
649 5651 700 5692 et
735 5639 998 5708 triginta?
1031 5640 1213 5706 potius
1248 5640 1468 5708 triginta
1502 5653 1612 5695 tres
1658 5640 1955 5694 dicendurm

383 5707 507 5764 fuit.

457 5777 570 5840 (E58)
609 5778 720 5829 Cur
755 5780 989 5830 Asancm
1022 5780 1410 5845 cognominat?
1443 5797 1507 5830 an
1555 5779 1603 5832 id
1652 5783 1700 5833 ei
1755 5796 1954 5847 cogno-

386 5858 630 5900 mentum
666 5848 733 5901 ab
765 5850 942 5910 Asane
987 5848 1209 5910 honoris
1239 5864 1398 5902 causa
1432 5851 1722 5918 imposuit?

2128 5504 2240 5570 ποθ)
2261 5503 2451 5574 Trium
2473 5502 2815 5558 conﬂuentes
2839 5504 3081 5556 amnium
3101 5515 3222 5562 sunt
3245 5504 3598 5574 Adrianopoli
3623 5525 3635 5560 :

2072 5574 2302 5639 Marine,
2351 5573 2467 5630 sive
2500 5575 2762 5631 Mariscm,
2818 5589 2910 5637 qui
2972 5574 3103 5627 olim
3151 5575 3382 5636 Hebrus,
3418 5575 3638 5630 'l'untzaz

2069 5645 2184 5698 sive
2217 5644 2451 5701 Taenari.
2491 5657 2544 5696 et
2589 5645 2798 5697 llardw.
2842 5644 3138 5711 Postquam
3170 5645 3220 5698 lii
3254 5645 3402 5698 fluvii
3433 5648 3635 5709 coiere,

2064 5714 2262 5768 Mariza
2289 5725 2527 5782 supcrat.
2557 5714 2888 5782 Curruptum
2941 5723 3025 5766 est
3046 5715 3213 5768 Nizan
3255 5731 3317 5768 cx
3350 5715 3636 5783 Tuntzaut,

2066 5788 2248 5853 itaque
2294 5785 2587 5838 emendare
2625 5801 2730 5836 non
2770 5786 3034 5838 dubitavi.
