4060 6434
348 409 463 490 629-

1492 400 2046 467 HISTORIARUM
2083 399 2323 461 LIBER
2363 399 2446 459 Il.

3475 389 3599 452 630-

354 524 528 576 πάντα
581 532 1076 592 παρεσκευασμένα
1127 515 1228 592 ἧν,
1279 522 1418 591 ἄρας
1464 523 1529 575 ἐκ
1582 519 1906 584 Βυζαντίου,

2042 514 2222 568 iobum
2253 510 2715 583 prosequentibus
2761 526 2774 564 :
2823 509 2914 565 ubi
2944 482 3352 564 remanéntibus
3376 521 3516 574 quos
3533 506 3590 560 ei

350 610 485 684 ἧκεν
509 613 1030 684 είἊδριανούπολιν,
1057 615 1174 666 ἐκεῖ
1197 614 1325 678 τοὺς
1351 613 1562 682 γάμους
1583 612 1911 667 ὲκτελέσων.

380 703 490 756 Ηκε
531 706 585 758 δὲ
634 707 726 758 καὶ
781 707 810 757 ό
863 705 972 759 τῶν
1022 705 1228 760 Μυσῶν
1279 705 1534 775 βασιλεὺς
1569 705 1916 776 Ἀλέξανδρος

351 797 504 860 ἄγων
531 799 626 850 καὶ
652 796 743 848 τὸν
775 797 1135 865 υίδνἌσάνην
1177 797 1418 868 Μιχαὴλ.
1449 797 1676 868 βασιλέα
1705 799 1802 853 καὶ
1823 798 1921 852 αὑ-

349 889 440 938 τειν
475 891 992 959 κεχειροτονημένον
1028 889 1120 944 ὑπ’
1166 891 1354 956 αὑτοῦ,
1407 893 1502 946 καὶ
1526 890 1766 959 εὐλογίαι
1817 890 1919 960 μὲν

350 979 444 1028 καὶ
473 978 767 1051 Beat-lepis;
786 981 1097 1050 νενόμισται
1136 983 1227 1034 ἐπὶ
1261 985 1369 1045 τοῖς
1400 983 1597 1052 γάμοις
1630 981 1779 1035 ἔνδον
1803 985 1922 1036 ἐτε-

352 1067 537 1122 λοῦντο
567 1070 666 1140 τῆς
712 1072 920 1136 πόλεως
962 1073 1260 1144 Ἀδριανοῦ.
1296 1075 1534 1145 Εὑωχίαι
1557 1076 1614 1129 δὲ
1642 1076 1736 1129 καὶ
1765 1076 1920 1129 πότοι

352 1162 448 1213 καὶ
486 1163 584 1215 ὅσα
623 1168 762 1233 πρὸς
817 1166 1012 1236 τέρψιν
1049 1167 1340 1238 ἐξεύρηντο
1373 1169 1473 1239 τῆς
1513 1170 1726 1240 ἑορτῆς,
1767 1170 1923 1240 παρὰ

349 1254 478 1314 τοὺς
532 1255 630 1324 τῆς
668 1257 966 1327 Κομνηνῆς
1015 1260 1599 1330 προσαγορευομένους
1648 1260 1921 1330 λειμῶνας

351 1344 412 1395 οὗ
462 1345 598 1400 πολὺ
630 1345 732 1416 τῆς
776 1347 985 1413 πόλεως
1028 1351 1377 1422 διεστηκότας
1415 1353 1567 1422 παρὰ
1613 1352 1714 1423 τὴν
1750 1353 1920 1407 Τοῡν-

354 1438 485 1498 τζαν
527 1437 920 1509 ὠνομασμένον
995 1445 1277 1513 ποταμόν.
1347 1444 1519 1499 Ὀκτὼ
1578 1447 1636 1500 δὲ
1685 1447 1920 1517 ἡμέραις

365 1525 649 1600 Ῥωμαίων
668 1545 727 1583 τε
751 1532 848 1586 καὶ
871 1533 1075 1588 Μυσῶν
1089 1536 1215 1599 τοὺς
1228 1537 1336 1590 τῶν
1360 1537 1638 1607 σφετέρων
1657 1535 1923 1608 βασιλέων

357 1620 567 1690 γάμους
593 1628 1086 1693 συνεορτασάντων,
1109 1630 1172 1699 τῇ
1201 1629 1398 1701 ὲννάτῃ
1417 1629 1533 1698 ἅμα
1551 1629 1646 1700 ἕῳ,
1669 1628 1931 1700 βασιλεὺς

385 1711 712 1783 Αλέξανδρος
733 1717 826 1770 καὶ
855 1716 1038 1770 Μυσοὶ
1083 1720 1180 1790 τὴν
1207 1719 1468 1790 βασιλέως
1499 1721 1796 1798 θυγατέρα,
1831 1720 1929 1791 βα-

361 1805 535 1858 σιλίδα
567 1805 625 1858 δὲ
655 1806 834 1862 αὐτῶν
883 1809 1104 1880 Μαρίαν
1130 1810 1230 1882 τὴν
1277 1813 1703 1882 Παλαιολογίναν
1740 1831 1922 1884 παρα-

361 1892 614 1956 λαδόντες
662 1894 1018 1975 ἀνεχῴρησαν
1065 1900 1143 1961 είς
1185 1899 1285 1970 τὴν
1331 1901 1570 1962 Μυσίαν·
1619 1899 1838 1957 εἶποντο
1866 1901 1922 1955 δὲ

364 1984 498 2056 αὐτῇ
533 1985 625 2038 καὶ
659 1985 946 2057 Ῥωμαίων
976 1990 1041 2042 ὲκ
1093 1990 1202 2046 τῶν
1235 1992 1515 2060 ἐπιφανῶν
1563 1992 1750 2046 πολλοὶ
1795 1994 1926 2064 ἄχρι

367 2077 644 2146 Τρινόεου.
704 2080 849 2135 Ἐκεῖ
887 2081 946 2136 δὲ
979 2083 1454 2155 ὑπολελειμμένων
1497 2086 1606 2140 τῶν
1650 2087 1802 2159 παρὰ
1831 2088 1929 2158 βαο

374 2167 554 2231 σιλέως
579 2171 928 2241 τεταγμένων
957 2174 1044 2228 ἀεὶ
1069 2177 1136 2245 τῇ
1171 2175 1406 2246 θυγατρὶ
1435 2181 1699 2245 συνεῖναι,
1740 2181 1788 2232 oi
1816 2179 1928 2233 λοι-

372 2263 462 2312 ποὶ
499 2261 849 2333 ἀνεχώρησαν
887 2265 976 2319 ἐπ’
1008 2269 1176 2325 οἴκου.
1210 2269 1366 2323 Μετά
1395 2270 1450 2323 δὲ
1475 2273 1668 2341 χρόνον
1698 2273 1797 2326 οὐκ
1823 2272 1934 2326 όλί-

365 2365 480 2418 γον,
533 2354 582 2405 οἱ
637 2353 789 2426 παρὰ
833 2354 1128 2428 ’Δκαρνάσι
1179 2362 1254 2433 μὴ
1308 2361 1624 2434 βουλόμενοι
1661 2365 1933 2421 δουλεύειν

366 2445 597 2512 βασιλεῖ,
629 2449 765 2504 ἀλλά
797 2453 889 2504 καὶ
917 2453 1046 2517 τοὺς
1090 2453 1288 2522 ἄλλους
1340 2457 1611 2529 πρότερον
1647 2459 1930 2533 ἐξορμῶν-

363 2555 455 2602 τες
490 2541 629 2627 προς
653 2541 741 2596 τὸν
769 2545 1026 2616 πόλεμον,
1061 2549 1252 2618 καιρὸν
1279 2550 1491 2615 ἑαυτοῖς
1515 2553 1650 2622 πρὸς
1663 2571 1908 2627 ινεωτερι

363 2630 504 2696 σμὺν
534 2626 798 2704 εἶναιτὴν
834 2635 1100 2706 βασιλέως
1145 2640 1463 2713 ἀποδημίαν
1508 2644 1806 2716 οἰηθέντες,
1839 2626 1936 2704 καὶ

361 2722 586 2792 ἐτέρους
629 2731 1179 2802 προσεταιρι-σάμενοι
1207 2733 1458 2802 πολλοὺς,
1493 2738 1702 2808 ’Δρταν
1752 2741 1853 2810 μὲν
1898 2741 1934 2809 ἢ

360 2816 463 2883 τῆς
482 2813 840 2886 Ἀκαρνανίας
854 2821 930 2884 ὡς
954 2823 1104 2893 παρὰ
1126 2826 1421 2896 κεφάλαιον
1433 2830 1541 2884 τῶν
1565 2831 1773 2885 πόλεών
1795 2835 1934 2900 ἐστι,

360 2905 634 2972 Νικόλαος
685 2912 713 2964 ό
745 2912 1086 2986 Βασιλίτζης
1141 2917 1405 2988 κατέσχεν
1437 2920 1554 2990 ἅμα
1588 2923 1936 2990 Καϐασίλας,

360 2999 686 3069 ἀποστήσας
720 3002 1005 3071 βασιλέως·
1039 3009 1135 3061 καὶ
1161 3009 1252 3062 τὸν
1289 3014 1753 3085 πρωτοττράτορα
1775 3015 1940 3070 αὐτό-

361 3091 422 3143 Ot
446 3090 791 3163 διατρίϐοντα
813 3098 893 3161 είς
917 3098 1290 3171 δεσμωτήριον
1321 3103 1530 3174 ἠγαγον
1563 3106 1667 3160 ὑπὸ
1700 3110 1934 3180 φρουρᾷ,

2018 621 2172 680 pater
2203 615 2499 678 perpetuos
2531 604 2857 660 honorarios
2889 603 3235 666 attribuerat,
3269 599 3452 656 caeteri
3498 612 3590 653 re--

2017 707 2326 756 verterunt.
2356 697 2525 754 Multo
2545 705 2670 768 post
2700 696 2754 752 id
2786 705 3022 766 tempus,
3045 694 3142 764 qui
3175 707 3235 748 se
3256 691 3404 762 apud
3424 690 3593 745 Acar-

2019 807 2192 848 nanas
2233 790 2550 863 imperatori
2584 790 2847 846 nolebant
2895 788 3191 859 subjicere,
3249 794 3304 842 et
3363 794 3594 840 caeteros

2021 901 2241 957 quoque
2290 885 2358 941 ad
2400 899 2552 942 arma
2599 881 2980 947 stimulabant,
3023 880 3141 951 ejus
3173 878 3476 935 absentiam
3523 875 3593 930 ad

2022 991 2112 1032 res
2132 978 2412 1032 novandas
2437 982 2803 1045 opportunam
2827 981 3158 1038 statuentes,
3192 968 3509 1040 complures
3537 967 3594 1021 in

2021 1069 2339 1125 sodalitium
2379 1083 2541 1123 suum
2594 1067 2958 1137 pellexerunt.
3010 1065 3080 1120 Et
3140 1064 3330 1119 Artam
3371 1061 3596 1132 quidem

2024 1162 2242 1218 urbium
2292 1159 2614 1216 Acarnania:
2675 1161 2824 1214 velut
2879 1166 3064 1227 caput,
3105 1155 3362 1213 Nicolaus
3396 1151 3602 1208 Basili-
3649 1199 3653 1210 .

2026 1259 2138 1306 tzes
2170 1259 2225 1307 et
2253 1249 2532 1308 Cahasilas
2563 1265 2595 1303 a
2649 1247 2756 1303 [ide
2787 1247 3137 1318 imperatoris
3158 1259 3407 1304 aversam
3432 1257 3614 1298 oecup-

2024 1352 2315 1417 paverunt,
2351 1357 2415 1398 ac
2443 1349 2895 1411 protostratorem
2917 1338 3028 1396 illic
3056 1338 3348 1409 degentem
3395 1335 3452 1391 in
3477 1349 3600 1390 car-

2025 1451 2232 1498 cerem,
2258 1433 2524 1488 adhibitis
2560 1432 2883 1490 custodibus
2923 1441 3338 1500 compegerunt.
3372 1427 3600 1483 Alexius

2025 1527 2304 1584 Cabasilas
2351 1525 2605 1595 Bhogum
2652 1523 2972 1582 vindicavit.
3006 1519 3379 1591 Quadraginta
3429 1532 3598 1588 porro

2026 1619 2272 1692 ejusdem
2298 1619 2692 1692 coniurationis
2720 1617 2986 1673 satellites
3033 1625 3090 1672 et
3118 1612 3433 1670 administri
3455 1611 3600 1666 Tho-

2027 1720 2361 1768 mocastrum
2380 1710 2447 1766 ad
2487 1724 2639 1766 mare
2666 1708 2830 1778 310
2861 1705 3160 1762 Adrianum
3195 1721 3211 1759 :
3243 1718 3372 1760 cum
3388 1701 3602 1757 nullum

2027 1809 2290 1870 praeterea
2307 1798 2571 1870 oppidum
2593 1797 2876 1863 deﬁceret,
2898 1795 2994 1852 sed
3018 1793 3225 1851 recenti
3251 1807 3469 1862 semper
3493 1802 3610 1848 stu-

2029 1890 2121 1946 dio
2174 1890 2674 1968 .beneVolen'tiaque
2733 1903 2862 1959 erga
2917 1887 3309 1957 imperatorem
3361 1883 3628 1938 ﬂoreret..

2030 1983 2315 2053 Erantque
2360 1983 2560 2052 oppida
2598 1981 2691 2036 illa
2737 1994 2849 2036 non
2895 1991 3070 2048 pauca
3113 1991 3266 2042 sane,
3301 1975 3609 2044 Mesopota-

2033 2090 2206 2142 mum,
2235 2074 2494 2144 Sopotus,
2529 2071 2834 2136 Cliitnarra,
2881 2069 3359 2140 Argyrocastrum,
3413 2065 3608 2134 Parga,

2034 2167 2269 2224 Sanctus
2298 2166 2564 2230 Donatus,
2601 2163 3078 2232 Angelocastrum,
3128 2159 3420 2218 Joannina.
3475 2155 3608 2211 Item

2035 2257 2334 2324 Eulochus,
2372 2256 2605 2320 Baltum,
2645 2263 2700 2309 et
2752 2253 2859 2308 alia
2898 2250 3119 2307 castella
3163 2249 3492 2319 compluria.
3542 2248 3613 2301 At

2035 2353 2182 2408 enim
2205 2351 2515 2406 desertores
2541 2347 2617 2402 illi
2639 2362 2734 2415 per
2771 2345 2982 2414 legatos
3011 2360 3043 2399 a
3067 2341 3292 2398 dmnina
3310 2339 3611 2397 Tarentina

2037 2445 2412 2515 Nicephorum
2440 2441 2687 2511 despotic
2724 2439 2922 2505 tilium,
2950 2436 3056 2494 sibi
3091 2445 3152 2491 ut
3184 2434 3427 2505 parentis
3482 2432 3616 2504 legi-

2037 2540 2234 2595 timum
2289 2549 2667 2593 successorem
2705 2532 3102 2602 imperaturum
3152 2528 3510 2599 repetebant;
3558 2532 3615 2580 et
3657 2586 3664 2591 _

2039 2631 2204 2688 simul
2255 2627 2544 2690 auxilium,
2588 2639 2700 2695 quo
2727 2630 2783 2679 et
2810 2621 2947 2676 alias
2973 2619 3161 2685 urbes,
3207 2618 3255 2673 si
3283 2626 3479 2687 sponte
3514 2631 3614 2672 sua

2038 2723 2270 2784 nollent,
2329 2719 2418 2774 ad-
2447 2716 2814 2774 defectionem
2883 2725 3081 2783 cogere
3117 2717 3362 2780 possent,
3404 2707 3618 2778 ﬂagita-

2039 2812 2196 2868 bant.
2227 2806 2521 2862 l‘aretitina
2547 2804 2806 2875 princeps
2835 2798 3206 2870 Nicephorum
3236 2796 3302 2850 ad
3335 2811 3393 2850 se
3423 2796 3617 2849 confu-

2041 2904 2279 2976 gientem
2320 2901 2442 2954 laeta
2479 2897 2726 2966 excepit,
2769 2895 2915 2962 quod
2943 2905 3044 2961 per
3070 2890 3249 2960 ipsum
3274 2902 3334 2944 se
3369 2888 3422 2941 in
3451 2889 3620 2940 Acar-

2041 2994 2205 3051 nania
2266 2999 2614 3062 regnaturam
2659 2985 2983 3042 conﬁderet.
3045 2983 3197 3046 Post,
3261 2979 3355 3035 ubi
3406 2977 3619 3032 audivit

2043 3090 2311 3163 quosdam
2343 3088 2412 3143 ab
2442 3087 2773 3155 imperatore
2823 3079 2891 3134 ad
2939 3077 3095 3134 illum
3147 3072 3469 3135 descivisse,
3506 3086 3615 3126 non

375 3185 621 3251 Ἀλέξιος
671 3187 729 3242 δὲ
781 3164 1100 3257 Καϐασίλας
1121 3164 1219 3264 τίῆν
1259 3164 1483 3266 .
1520 3164 1939 3271 Tesse-petamus;

2044 3185 2212 3239 invita
2229 3198 2354 3238 cum
2390 3194 2498 3234 una
2529 3177 2765 3233 ﬁliarum
2799 3172 2956 3245 (duas
2979 3170 3126 3226 enim
3156 3167 3414 3234 habebat)
3435 3164 3614 3221 eidem

359 3279 426 3332 δὲ
475 3281 574 3351 τῆς
608 3283 780 3353 αὐτῆς
829 3287 1154 3353 συνομοσίας
1201 3289 1400 3361 ἕτεροι,
1429 3292 1490 3344 τὸ
1535 3291 1943 3366 Θωμόκαστρον

360 3373 776 3444 ὀνομαζόμενον
820 3377 1091 3446 παράλιον
1118 3379 1176 3433 ὃν
1223 3381 1365 3436 κατά
1391 3383 1490 3454 τὴν
1540 3383 1814 3440 θάλασσαν
1840 3389 1941 3457 τὴν

366 3468 516 3535 πρὸς
581 3467 820 3536 Ἀδρίανο
866 3471 981 3525 τῶν
1023 3471 1202 3527 ἄλλων
1233 3473 1633 3530 ἀπάντων-οὐκ
1673 3479 1945 3544 ἀποστάνρ

362 3578 482 3614 των
513 3561 802 3632 βασιλέως,
823 3563 959 3617 ἀλλά
979 3565 1077 3636 τὴν
1096 3565 1308 3620 εὔνοιαν
1334 3568 1690 3638 ἀκμάζουσαν
1717 3571 1947 3643 τηρούν-

360 3668 501 3704 τωνο
528 3646 667 3723 ἦσαν
687 3653 744 3707 δὲ
773 3655 873 3709 οὐκ
898 3655 1074 3725 ὀλίγαι
1100 3646 1306 3720 πόλεις.
1343 3658 1416 3712 Τό
1457 3675 1517 3712 τε
1550 3661 1949 3732 Μεσοπόταμον

363 3745 804 3814 ὀνομαζόμενον,
866 3749 960 3802 καὶ
1001 3751 1030 3803 ὁ
1094 3750 1353 3814 Σοποτὸς,
1398 3753 1494 3805 καὶ⁵
1539 3754 1572 3823 ἡ
1629 3753 1946 3826 Χειμάρρα.

368 3839 520 3910 Πρὸς
547 3839 760 3904 τούτοις
790 3859 850 3894 τε
881 3842 943 3896 τὸ
978 3843 1488 3916 ⁹Λργυρόκαστρον,
1532 3846 1628 3901 καὶ
1656 3849 1690 3918 ἠ
1727 3849 1944 3920 Πάργα,

367 3933 475 3989 καὶ
505 3933 728 4002 nuo;
756 3937 1010 4004 Δονάτος,
1030 3937 1628 4009 καὶἊγγελόκαστρον,
1662 3943 1952 3998 καὶἸωάν-

303 4108 313 4120 ἱ
369 4046 523 4094 νινα,
559 4030 586 4081 ὅ
615 4046 674 4082 τε
704 4029 936 4099 Εὑλοχὸς
992 4033 1086 4085 καὶ
1141 4030 1203 4085 τὸ
1240 4031 1468 4096 Βάλτον,
1505 4036 1598 4087 καὶ
1623 4034 1766 4106 ἕτερ’
1816 4035 1952 4089 ἄττα

371 4122 620 4192 φρούρια
646 4122 746 4176 οὐκ
775 4122 954 4192 ὀλίγα.
973 4123 1200 4177 Ἐκεῖνοι
1245 4124 1301 4177 δὲ
1335 4124 1386 4177 οἱ
1429 4125 1763 4190 ἀποστάντες
1797 4126 1946 4197 βασι-

369 4217 518 4278 λέως
549 4215 850 4286 πρεσϐείαν
897 4215 1038 4286 πρὸς
1091 4215 1498 4285 πριγκίπισσαν
1528 4217 1628 4286 τὴν
1672 4217 1953 4287 Τάραντος

370 4309 633 4366 δεσπότιν
667 4308 1002 4379 πέμψαντες,
1031 4308 1346 4378 Νικηφόρον
1371 4327 1428 4362 τε
1456 4308 1550 4364 τὸν
1573 4309 1736 4363 παῖδα
1762 4311 1955 4382 irrctiv-

374 4415 445 4452 το
481 4397 745 4450 δεσπότου
779 4395 855 4459 ὡς
895 4396 1047 4466 σφῶν
1076 4395 1308 4466 ἄρξοντα
1361 4396 1501 4449 κατὰ
1534 4397 1788 4467 πατρῷον
1818 4397 1954 4468 κλῆ-

2043 3276 2334 3344 desponsa.
2379 3279 2438 3328 et
2474 3267 2722 3325 subsidio
2761 3273 2968 3336 quanto
3008 3261 3188 3332 potuit
3227 3257 3456 3314 dimisit.
3489 3257 3620 3312 Erat

2042 3369 2162 3423 haec
2183 3365 2386 3423 femina
2422 3379 2453 3418 e
2475 3361 2803 3425 minoribus,
2831 3373 2928 3414 seu
2957 3353 3196 3426 posteris
3223 3350 3501 3414 Balduini,
3523 3351 3617 3420 qui

2045 3459 2310 3533 Byzantio
2339 3455 2600 3513 aLatinis
2630 3461 2812 3523 capto,
2841 3446 3162 3518 aliquandiu
3203 3443 3405 3500 ibidem
3439 3441 3622 3512 impe-

2045 3554 2188 3609 ravit
2224 3550 2377 3623 (60):
2413 3561 2472 3605 et
2503 3549 2657 3604 illum
2703 3545 2924 3602 fauiiliae
2961 3558 3075 3599 suae
3105 3551 3386 3597 auctorem
3418 3535 3623 3591 Roma-

2048 3661 2182 3702 num
2214 3649 2626 3715 imperatorem,
2643 3654 2809 3710 seque
2823 3634 3227 3707 imperatricem
3245 3633 3622 3688 Romanorum

2051 3737 2278 3810 (quippe
2313 3736 2461 3790 illius
2492 3733 2735 3802 neptem)
2765 3730 2942 3801 palam
2973 3726 3322 3799 praedicabat.
3357 3721 3495 3778 Hinc
3515 3723 3626 3778 ela—

2048 3830 2305 3893 borabat,
2343 3836 2403 3882 ut
2451 3827 2506 3880 in
2557 3834 2711 3895 parte
2753 3823 2946 3878 saltem
3005 3817 3237 3875 Romani
3282 3815 3629 3888 principatus

2051 3927 2325 3995 imperare
2352 3925 2558 3990 posset.
2601 3914 2774 3982 Quam
2806 3914 2878 3969 ob
2908 3926 3132 3968 causam
3156 3909 3324 3966 etiam
3349 3906 3629 3977 Nicephoc

2054 4031 2176 4073 rum
2225 4012 2423 4082 cupide
2461 4023 2590 4066 cum
2631 4005 2808 4061 navali
2841 4003 2996 4074 copia
3036 4001 3270 4069 dimisit,
3326 3999 3626 4061 arbitrans,

2055 4111 2100 4166 si
2124 4109 2170 4164 is
2205 4106 2327 4161 tiliae
2363 4117 2476 4159 sua:
2507 4098 2758 4156 maritus.
2789 4093 3113 4152 Acarnaniae
3155 4091 3415 4147 dominus
3461 4098 3628 4153 esset,

2056 4200 2366 4257 habituram
2409 4209 2470 4250 se
2517 4191 2667 4262 quod
2695 4186 3107 4258 concupivisset
3139 4203 3151 4239 :
3180 4184 3277 4254 qui
3303 4191 3360 4238 ct
3386 4181 3630 4236 Thomo-

2057 4293 2225 4352 castri
2246 4291 2383 4346 urbe
2424 4283 2699 4341 maritima
2719 4279 2972 4350 degebat.
3012 4277 3318 4346 Imperator
3349 4282 3495 4328 statu
3540 4289 3630 4327 re-

2059 4405 2178 4446 rum
2222 4380 2686 4444 Acanianensium
2726 4385 3011 4448 percepto,
3051 4373 3272 4428 sibimet
3293 4369 3347 4423 in
3365 4380 3628 4439 pratscns,

378 4508 477 4563 ρον
501 4491 596 4544 καὶ
632 4460 954 4559 συμμαχίαν
1005 4460 1129 4559 μεθξ
1150 4484 1217 4559 ἧς
1253 4491 1348 4542 καὶ
1377 4493 1474 4553 τὰς
1505 4460 1672 4552 ἄλλας
1697 4460 1939 4561 δυνήσον-

2059 4487 2382 4539 senescenle
2427 4476 2536 4547 jam
2571 4480 2856 4534 autumno,
2884 4482 3010 4524 cum
3042 4462 3291 4522 exercitu
3316 4477 3384 4518 eo
3413 4460 3636 4531 proﬁci-

373 4597 471 4633 ται
493 4579 676 4641 πόλεις
715 4579 1026 4646 ἀποστῆσαι
1059 4577 1398 4650 βασιλέω;,ἢ
1436 4579 1667 4642 ἑκούσας
1700 4598 1953 4651 προσχω-

380 4674 654 4746 ρησάσας,
701 4672 736 4742 ἢ
795 4670 1114 4741 βιασάμενοι
1164 4674 1278 4732 τοῖς
1334 4673 1541 4736 ὅπλοις.
1579 4672 1958 4742 Πριγκίπισσα

380 4767 441 4820 δὲ
474 4767 646 4836 ἡδέως
678 4782 738 4818 τε
778 4764 1001 4830 ἐδέξατο
1041 4765 1357 4834 Νικηφόρον
1405 4765 1650 4836 φυγόντα
1693 4766 1830 4836 πρὸς
1862 4767 1964 4820 αὐ-

381 4858 486 4928 τήν
507 4873 520 4888 ο
564 4855 759 4926 ἤλπισε
787 4855 894 4924 γὰρ
941 4856 1304 4925 *Ακαρνανίας
1339 4858 1632 4926 κρατήσειν
1660 4857 1727 4909 δι’
1749 4856 1915 4910 αὐτοῦ
1945 4873 1957 4885 ·

384 4951 484 5005 καὶ
506 4948 668 5003 πάλιν
694 4952 818 5004 ἐπεὶ
856 4946 1091 5002 ἐπύθετό
1123 4966 1275 5012 τινας
1315 4949 1582 5017 βασιλέως
1612 4951 1956 5015 ἀποστάντας

385 5045 484 5096 καὶ
533 5039 1039 5110 προσχωρήσαντας
1085 5037 1256 5107 αὐτῷ,
1302 5038 1582 5111 ἐξέπεμπε
1634 5038 1955 5109 προθύμως,

391 5135 489 5187 καὶ
523 5134 650 5203 μίαν
673 5132 867 5198 ἐκείνῳ
894 5129 1002 5183 τῶν
1023 5131 1344 5200 θυγατέρων
1381 5128 1495 5198 (δύο
1542 5129 1596 5182 δὲ
1631 5126 1766 5200 ἦσαν
1799 5132 1963 5201 αὐτῇ)

391 5225 802 5295 κατεγγυήσας,
845 5221 1164 5292 συμμαχίαν
1205 5239 1264 5274 τε
1300 5224 1692 5291 παρασχομένη
1734 5223 1834 5290 ὅση
1870 5222 1964 5272 δυσ

392 5320 548 5388 νατή.
593 5318 655 5370 Ἦ
699 5320 807 5386 γὰρ
843 5315 1210 5384 πριγκίπισσα
1253 5311 1392 5382 αὕτη
1420 5312 1484 5381 δὴ
1538 5313 1804 5381 ἀπόγονος
1831 5312 1966 5366 οὖσα

396 5411 742 5478 Βαλδουϊνου,
771 5410 828 5474 ὃς
883 5409 1181 5473 Βυζαντίου
1230 5405 1582 5459 ἐϐασίλευσεν
1622 5407 1714 5457 ἐπὶ
1772 5405 1968 5474 καιρὸν

397 5505 520 5558 καθ’
542 5505 601 5557 ὃν
625 5503 731 5557 ὑπὸ
765 5503 1021 5565 Λατίνοις
1051 5501 1196 5556 ἑάλω
1240 5500 1454 5570 χρόνον,
1491 5497 1584 5551 τόν
1608 5514 1664 5549 τε
1702 5499 1969 5566 πρόγονον

2024 5165 2034 5174 ο

2056 4573 2324 4632 scendum
2350 4583 2457 4623 non
2499 4561 3032 4637 putavit;Joannem
3063 4568 3248 4612 autem
3307 4555 3634 4626 pincernam

2057 4677 2113 4722 et
2147 4660 2566 4721 Monomachum
2590 4656 2720 4712 illuc
2743 4651 3077 4721 cum,copiis
3097 4648 3634 4720 contenderejussit,

2059 4759 2245 4827 ibique
2286 4753 2600 4814 hibernare,
2655 4756 2710 4804 et
2761 4744 2925 4801 simul
2964 4743 3197 4799 urbibus
3241 4740 3425 4796 adhuc
3471 4739 3632 4795 ﬁdem
3689 4724 3694 4732 ’

2059 4847 2465 4919 praestantibus;
2510 4854 2670 4910 opem
2705 4853 2768 4891 ac
2804 4834 3120 4907 praesidium
3195 4842 3252 4890 et
3301 4832 3520 4898 iisdem,
3567 4847 3637 4886 ne

2063 4941 2296 4996 aliarum
2333 4937 2586 5004 exemplo
2624 4929 2949 4993 deﬁcerent,
2977 4927 3234 4982 timorem
3266 4923 3468 4980 all‘erre
3508 4941 3522 4978 :
3564 4923 3642 4978 si-

2064 5031 2179 5087 mul
2217 5029 2567 5089 desertrices,
2593 5025 2638 5079 si
2659 5038 2769 5078 non
2797 5021 3027 5077 omnino
3053 5017 3330 5082 obsidere,
3362 5025 3417 5072 at
3443 5016 3639 5071 saltem

2069 5121 2510 5196 pepulationibus
2559 5117 2860 5188 exagitare,
2918 5121 2980 5168 ut
3033 5125 3164 5166 vere
3223 5108 3546 5179 incipiente,
3583 5116 3641 5162 et

2065 5220 2396 5286 imperatore
2423 5210 2616 5266 eodem
2645 5223 2771 5264 cum
2801 5205 3050 5261 exercitu
3075 5203 3353 5267 veniente,
3388 5216 3486 5285 per
3517 5199 3640 5254 hie-

2067 5323 2210 5362 mem
2254 5304 2408 5375 prius
2453 5300 2715 5356 aerumnis
2741 5295 3091 5359 conﬂictatae,
3129 5293 3422 5362 multisque
3451 5276 3640 5372 abho-

2067 5399 2248 5456 stibus
2282 5395 2572 5450 cumulata:
2627 5389 2889 5456 miseriis,
2920 5378 3152 5444 'iacilius
3196 5385 3641 5454 subjugarentur.

2069 5490 2338 5546 Pincerna
2367 5481 2624 5538 mandata
2655 5478 2955 5546 facesseris,
2984 5477 3040 5534 in
3069 5475 3382 5532 Acarnania
3413 5473 3645 5539 hiemat,

1650 5641 1866 5702 Jacobi
1903 5638 2167 5701 Pontani
2208 5641 2395 5697 notae.

474 5777 582 5843 (60)
622 5778 696 5830 lle
741 5776 1166 5845 imperatoribus
1193 5771 1818 5845 Constantinopolitanis
1866 5768 1966 5845 [la-

402 5850 533 5902 tinis
559 5840 975 5903 dicemus-infra
1005 5848 1216 5914 att-cap.
1245 5845 1314 5900 56
1338 5845 1431 5914 qui
1469 5844 1696 5909 fuerint,
1721 5840 1966 5910 quandiu

2074 5765 2274 5893 sciugnli
2322 5757 2672 5830 iinperarint.
2713 5753 2873 5814 Dabit
2906 5749 3054 5808 enim
3089 5748 3251 5806 nobis
3299 5747 3647 5804 occasionem

2119 5844 2511 5892 antacuzenus.

2119 5844 2511 5892 antacuzenus.
