4060 6466
341 391 454 455 C35
670 426 694 466 α

1539 398 1868 461 JOANNIS
1906 393 2444 483 CANTAQUZENI

3521 396 3630 459 636

348 504 626 574 liliogum,
659 517 785 560 cum
808 502 1064 562 Cabasila
1100 516 1329 563 acturus
1358 508 1522 567 redit.
1554 511 1659 578 Qui
1705 511 1930 583 paulum

2039 506 2548 578 ἐπαγγειλάμενος,
2596 509 2624 561 ὁ
2668 508 2714 562 δ’
2740 509 2821 573 εἰς
2866 509 2965 579 τὴν
3006 509 3191 577 πόλιν,
3231 508 3330 581 τὴν
3368 501 3630 583 δευτέραν

344 603 690 661 cunctatus,.’,
721 606 1013 668 postquam
1064 601 1202 656 vidit
1252 617 1378 657 eum
1421 604 1568 659 nolle
1617 604 1926 673 discedere,

351 703 577 743 rursum
626 704 906 760 egressus,
937 702 1104 762 ponte
1138 696 1371 750 transito
1395 695 1465 750 ad
1504 712 1632 753 eum
1658 700 1927 768 accessit;

346 796 537 849 quem,
581 780 712 836 licet
757 783 921 855 longa
986 787 1257 854 oratione,
1305 789 1645 848 domesticus
1712 792 1931 870 ﬂectere

344 886 455 926 non
508 873 710 943 potuit,
774 885 836 930 ut
890 892 947 932 se
1006 879 1310 950 urbemqu
1380 882 1701 953 imperatori
1767 886 1934 943 dede-

347 968 458 1027 ret,
528 973 710 1018 tamen
762 967 1006 1022 animum
1059 971 1180 1041 ejus
1230 974 1467 1037 terruit,
1519 991 1587 1031 ne
1648 979 1932 1035 existima-

348 1057 430 1100 ret
480 1052 583 1106 sub
635 1055 969 1123 imperatore
1019 1059 1207 1115 vivere
1273 1062 1432 1131 plane
1487 1065 1928 1137 desperatorum,

264 1194 280 1204 κ
345 1139 507 1213 313
547 1161 647 1201 occ
691 1148 979 1205 obsessum
1043 1155 1206 1214 mori.
1253 1157 1597 1229 subjectione
1639 1163 1934 1232 optabilius

345 1248 503 1299 esse,»
544 1235 803 1312 dictaque
832 1244 1033 1311 salute,
1080 1260 1207 1302 cum
1252 1251 1417 1319 paulo
1448 1262 1573 1322 post
1624 1255 1941 1315 tertiumse

346 1324 665 1384 adfuturum
699 1333 1065 1402 prmdixissct,
1104 1347 1337 1411 uterque
1365 1359 1475 1415 quo
1499 1354 1626 1403 ante
1673 1362 1734 1405 se
1772 1366 1932 1409 rece-

346 1430 573 1489 perunt.
627 1422 822 1495 Lapsis
873 1428 1071 1486 diebus
1126 1433 1338 1504 aliquot
1383 1436 1561 1502 adest,
1608 1450 1816 1497 etcum
1866 1459 1934 1500 eo

350 1534 504 1578 extra
541 1541 731 1583 muros
772 1528 862 1584 die
896 1545 1249 1603 consumpto,
1284 1540 1579 1606 persuadet
1607 1543 1858 1611 tandem,
1875 1556 1937 1602 ut

355 1615 413 1669 in
454 1617 615 1672 ﬁdem
668 1620 1019 1690 imperatoris
1059 1628 1195 1684 urbe
1228 1631 1427 1686 tradita
1459 1636 1664 1690 veniat.
1698 1637 1775 1691 lla
1811 1653 1937 1708 per-

355 1722 578 1763 suasum
625 1709 802 1784 Rhegi
846 1715 1108 1788 relinquit
1144 1736 1158 1771 :
1195 1723 1310 1790 ipse
1349 1727 1417 1778 ad
1452 1726 1839 1802 imperatorem
1866 1732 1934 1787 ad

351 1801 540 1857 Artam
573 1817 754 1861 castra
792 1808 1110 1878 habentem,
1138 1813 1447 1871 Cabasilam
1484 1818 1736 1889 Rbogum
1767 1823 1933 1877 tradi-

2036 599 2333 670 συντυχίαν
2388 598 2805 669 ἀπειπάμενος,
2856 600 3152 659 διελύοντο.
3193 600 3284 666 Ἐς
3330 602 3522 673 τρίτην
3569 603 3629 658 δὲ

2032 691 2252 762 ἡμέραν
2280 693 2309 745 6
2341 690 2515 761 μέγας
2544 691 2869 761 δομέστικος
2898 688 3058 755 αὖθις
3084 688 3255 764 ἦλθεν
3281 695 3363 756 είς
3395 694 3588 763 Ῥωγὼ
3610 734 3629 763 ,

2033 783 2129 836 ἐπὶ
2158 782 2234 853 τῷ
2273 782 2561 854 Καεασίλᾳ
2594 782 2753 847 αὖθις
2790 784 3176 852 συγγενέσθαι.
3218 784 3278 838 '0
3311 784 3627 840 δ’·ἀνασαλ-

2032 873 2261 945 λὸμενος
2308 875 2403 929 ἐπὶ
2449 874 2677 945 μικρὸν,
2722 875 2846 929 ἐπεὶ
2891 877 2992 929 οὐκ
3038 877 3413 948 ἀφιστάμενον
3456 878 3622 948 ἑώρα,

2033 967 2266 1034 ἐξελθὼν
2306 968 2404 1023 καὶ
2446 967 2625 1032 αὖθις,
2664 964 2765 1039 τήν
2805 985 2864 1022 τε
2908 970 3155 1038 γέφυραν
3189 969 3404 1034 διαδάς,
3445 972 3528 1033 είς
3568 969 3623 1025 ἓν

2034 1062 2186 1133 αὐτῷ
2228 1060 2515 1132 συνῆλθεν.
2554 1061 2672 1130 Ἐφ’
2700 1061 2885 1117 ἱκανόν
2925 1080 2984 1116 τε
3024 1064 3053 1117 ὁ
3096 1062 3271 1132 μέγας
3308 1062 3627 1134 δσμέστικος

2036 1153 2187 1225 αὐτῷ
2218 1153 2542 1226 διαλεχθεὶς,
2580 1156 2766 1210 πεῖσαι
2803 1154 2902 1224 μὲν
2933 1155 3035 1209 οὐκ
3070 1154 3259 1227 ῖσχυσε
3294 1157 3624 1230 προσχωρῆ.

2039 1264 2131 1302 σαι
2182 1246 2394 1319 βασιλεῖ
2442 1249 2539 1302 καὶ
2586 1248 2686 1317 τὴν
2734 1247 2890 1302 πόλιν
2942 1246 3280 1320 παραδοῦναι
3306 1265 3320 1280 ο
3374 1250 3523 1320 ὅμως
3566 1251 3624 1305 δὲ

2035 1337 2300 1393 διέσεισεν
2334 1338 2501 1392 αὐτοῦ
2535 1339 2664 1403 τοὺς
2697 1337 2993 1408 λογισμοὺς
3025 1338 3120 1392 τοῦ
3158 1338 3234 1410 μὴ
3268 1338 3374 1392 τῶν
3407 1339 3623 1409 ἀπηγοο

2040 1429 2322 1499 ρευμένων
2354 1430 2670 1486 παντάπασι
2701 1431 2760 1483 τὸ
2792 1430 2896 1484 61:6
2924 1430 3153 1501 βασιλέα
3181 1430 3392 1485 οἴεσθαι
3419 1431 3620 1496 τελεῖν,

2045 1522 2176 1592 μηδ’
2201 1520 2565 1594 αἱρετώτερον
2596 1523 2852 1593 ἡγεῖσθαι
2880 1524 2979 1593 τῆς
3008 1512 3255 1587 δουλείας
3286 1523 3346 1577 τὸ
3376 1524 3621 1596 ἀποθνή-

2039 1630 2192 1669 σκειν
2227 1615 2745 1687 πολιορκουμένους.
2779 1616 3193 1682 Συνταξάμενος
3227 1617 3285 1670 δὲ
3319 1616 3491 1687 αύτῷ,
3527 1617 3619 1670 καὶ

2038 1701 2193 1770 αὖθις
2217 1705 2369 1776 ⁴ἥξειν
2395 1707 2675 1778 προειπὼν
2700 1708 2817 1779 μετ’
2836 1708 2898 1762 ού
2926 1708 3084 1772 πολὺ,
3105 1709 3132 1760 ὁ
3153 1708 3250 1779 μὲν
3272 1708 3353 1771 είς
3375 1711 3434 1762 τὸ
3459 1726 3627 1781 στρα-

2037 1798 2284 1866 τόπεδον,
2309 1802 2338 1854 6
2358 1799 2415 1854 δὲ
2439 1802 2520 1863 εἰς
2542 1802 2642 1872 τὴν
2665 1801 2824 1856 πόλιν
2847 1801 3226 1872 ἀνεχώρησαν.
3251 1800 3390 1855 Μεθ’
3410 1803 3624 1872 ἡμέρας

353 1900 537 1949 turum
586 1898 945 1956 nuntiaturus
998 1902 1079 1958 ire
1134 1906 1332 1977 pergit.
1378 1908 1439 1986 In
1492 1861 1688 1994 itinere
1740 1913 1835 1970 ubi
1866 1915 1935 1971 ad

2039 1888 2095 1943 δέ
2128 1861 2283 1955 τινας
2324 1891 2420 1945 καὶ
2462 1861 2621 1956 αὖθις
2664 1861 2981 1994 προσελθὼὲ
3155 1861 3620 1994 συνδιημερεύσας

350 1981 557 2040 fontem
590 1989 884 2056 quemdam
924 2008 1067 2063 aqua
1094 1994 1294 2068 frigida
1329 1981 1415 2056 ac.
1442 1982 1742 2071 pellucida,
1791 2005 1936 2062 baiu-

352 2086 555 2148 stuque
583 2077 902 2139 dulcissima
933 2097 1244 2144 manantem
1275 2092 1450 2158 venit,
1472 2094 1763 2164 placuitlab
1778 2100 1936 2168 equis

352 2169 713 2257 descendere,
745 2186 802 2231 et
835 2192 1037 2249 corpus
1085 2183 1210 2238 cibo
1259 2187 1514 2242 reﬁcere.
1562 2185 1933 2261 Descendunt,

352 2276 418 2318 ac
452 2267 780 2323 recumbunt
812 2286 826 2324 :
853 2286 956 2326 nec
1006 2288 1154 2329 mora
1183 2275 1366 2349 longa,
1395 2287 1452 2333 et
1481 2278 1785 2338 Cabasilam
1813 2299 1938 2352 pro-

353 2367 485 2420 pere
518 2354 930 2426 adequitantem
974 2363 1387 2435 conspicantur.
1429 2369 1550 2436 Quo
1584 2371 1696 2441 jam
1727 2373 1934 2441 vicino,

292 2506 299 2509 _
351 2445 677 2516 priusquam
713 2452 942 2508 verbum
972 2453 1186 2522 ederet,
1213 2455 1442 2527 Opinor,
1475 2461 1554 2517 ait
1582 2478 1808 2535 magnus
1835 2466 1939 2523 do-

355 2538 642 2602 mesticus,
686 2548 738 2595 te
769 2542 892 2597 aliis
924 2545 1348 2615 quiritantibus,
1380 2567 1446 2607 ac
1482 2554 1710 2611 nimiam
1758 2558 1938 2615 facili-

313 2655 324 2667 -
356 2633 525 2680 tatem
559 2636 704 2683 tuam
744 2635 1157 2703 accusantibus,
1190 2641 1335 2708 quod
1367 2643 1433 2696 ad
1469 2659 1579 2711 me,
1618 2648 1712 2715 qui
1759 2647 1937 2706 hostis

354 2731 477 2772 esse
511 2719 727 2781 videor.
759 2724 913 2779 nullo
946 2729 1260 2787 securitatis
1308 2733 1540 2804 pignore
1595 2747 1701 2793 tam
1744 2740 1936 2799 incon-

352 2809 522 2877 sulto,
551 2820 885 2884 utapparet,
922 2817 1110 2888 adeas,
1153 2823 1426 2879 volentem
1482 2826 1630 2883 facto
1678 2831 1798 2901 ipso
1834 2832 1936 2889 do-

353 2916 502 2966 cere,
539 2905 685 2975 quod
729 2921 836 2962 non
888 2908 1164 2982 imperite,
1200 2931 1382 2986 neque
1425 2921 1790 2991 conﬁdenter,
1837 2928 1934 2985 sed

352 2996 526 3066 probe
583 2998 786 3066 sciens,
834 3002 922 3057 cui
972 3013 1023 3059 te
1075 3006 1400 3073 credideris,
1458 3021 1514 3066 et
1565 3014 1655 3069 cui
1687 3014 1933 3074 ofﬁcium

350 3100 597 3156 pra-ares,
620 3091 743 3148 illos
777 3096 998 3164 quidem
1028 3114 1154 3154 cum
1184 3100 1369 3158 stultis
1395 3105 1821 3176 cogitationibus
1850 3127 1936 3168 re-

2039 1981 2192 2053 αύτῷ
2224 1981 2331 2049 ἔξω
2363 1985 2644 2057 γενομένῳ
2674 1985 2783 2038 τῶν
2816 1983 3035 2055 τειχῶν,
3069 1984 3258 2038 ἔπεισε
3297 1981 3618 2056 προσχωρῆ-

2041 2090 2132 2129 σαι
2159 2075 2395 2146 βασιλεῖ,
2422 2076 2517 2131 καὶ
2540 2075 2641 2149 τὴν
2671 2077 2825 2131 πόλιν
2852 2075 3211 2148 παραδοῦναι.
3243 2075 3398 2131 Ἐπεὶ
3422 2076 3475 2130 δὲ
3502 2074 3611 2148 εἶχε

2039 2168 2427 2238 πεπεισμένον,
2450 2169 2612 2223 αὐτὸν
2642 2168 2742 2239 μὲν
2791 2170 2850 2222 ἐν
2884 2166 3081 2238 Ῥωγοῖ
3104 2168 3400 2222 κατέλιπεν
3423 2168 3575 2233 αὖθις
3597 2184 3612 2199 ι

2037 2256 2201 2317 αὐτὸς
2229 2256 2286 2312 δὲ
2317 2259 2453 2329 πρὸς
2483 2257 2711 2329 βασιλέα
2736 2258 2897 2333 παρά
2926 2259 3027 2328 τὴν
3052 2260 3262 2331 ’Δρταν
3293 2261 3620 2328 ὲστρατοπε-
3704 2303 3710 2308 .

2038 2348 2286 2420 δευμένω
2319 2350 2403 2405 δτι
2438 2350 2758 2423 παραδιδοίη
2793 2350 3110 2414 Καὸασιλας
3146 2350 3339 2421 Ῥωγὼ
3371 2354 3623 2421 ἀπαγγε-

2036 2439 2147 2495 λῶν
2180 2440 2419 2513 ἐχώρει·
2456 2441 2697 2497 ὁδεύοντι
2739 2441 2798 2497 δὲ
2841 2442 3015 2512 αύτῷ,
3052 2445 3177 2497 ἐπεὶ
3214 2445 3437 2514 ἐγένετο
3477 2446 3624 2500 κατά

2035 2547 2159 2586 τινα
2191 2532 2377 2604 πηγὴν
2402 2534 2611 2606 ψυχρὸν
2638 2534 2756 2604 ἅμα
2778 2534 3009 2605 ῥέουσαν
3040 2535 3135 2589 καὶ
3164 2535 3357 2601 διειδὲς
3390 2537 3483 2591 καὶ
3503 2538 3624 2610 ἥδι-

2040 2637 2164 2678 στον
2196 2624 2372 2691 πιεῖν,
2409 2625 2584 2681 ὲδὸκει
2614 2626 2725 2680 δεῖν
2757 2625 2867 2681 τῶν
2903 2627 3086 2682 ἵππων
3120 2629 3460 2695 ἀωῦἀντας,
3497 2630 3624 2701 ἀρι-

2040 2729 2165 2768 στον
2191 2713 2431 2783 ἑλέσθαι,
2460 2718 2554 2770 καὶ
2581 2717 2890 2783 ἀποϐάντες
2918 2720 3320 2775 κατεκλίνοντο.
3347 2721 3504 2775 Μετά
3534 2740 3626 2791 μι-

2039 2804 2168 2878 κρὸν
2189 2807 2247 2860 δὲ
2273 2808 2365 2861 καὶ
2385 2808 2414 2860 6
2440 2808 2760 2875 Κασασίλας
2785 2812 2987 2883 σπουδῇ
3009 2813 3192 2880 ὡρᾶτο
3214 2812 3619 2883 προσελαύνων,

2037 2900 2132 2952 καὶ
2160 2899 2350 2969 ἐπειδὴ
2377 2902 2542 2969 ἔγγὺς
2570 2897 2660 2975 ἦν,
2690 2902 2822 2974 πρίν
2847 2920 2902 2957 τι
2930 2902 3268 2973 φθέγξασθαι
3295 2905 3480 2972 αὑτὸν,
3501 2906 3622 2960 Oto-

2040 3010 2164 3064 μαι,
2191 2996 2219 3047 6
2251 2993 2422 3064 μέγας
2448 2994 2769 3065 δομέστικος
2799 2989 2944 3060 εἶπε,
2977 2997 3059 3049 σοὶ
3083 2996 3193 3050 τῶν
3218 2996 3454 3066 ἑταίρων
3482 3014 3623 3068 μεμ-

2037 3085 2321 3156 φομένων,
2367 3087 2462 3139 καὶ
2506 3086 2712 3157 πολλὴν
2758 3085 3211 3157 κατηγορούντων
3249 3086 3500 3142 εὐκολίαν
3538 3090 3621 3144 ὅτι

350 3179 624 3251 linquere,
675 3194 732 3241 et
768 3186 837 3242 ad
863 3204 986 3256 nos,
1017 3206 1157 3261 quos
1194 3193 1319 3250 aliis
1352 3173 1626 3255 ﬁdeliores
1647 3202 1935 3273 judieasti,

2042 3176 2177 3247 1:96;
2208 3176 2309 3245 ἐμὲ
2341 3176 2603 3246 πολέμιον
2632 3177 2896 3235 δοκοῦντα
2929 3173 3070 3233 εἶναι
3091 3221 3106 3243 ,
3143 3180 3309 3249 μηδὲν
3340 3179 3479 3253 ἔχων
3505 3183 3622 3235 ἐνέ-

352 3272 635 3330 advenire.
691 3277 994 3349 Respondit
1044 3283 1350 3353 Cabasilas,
1404 3289 1510 3344 nisi
1562 3272 1774 3361 primus
1818 3272 1935 3365 ipse

351 3371 484 3439 pust.
519 3378 808 3422 sermones
846 3369 1021 3441 ltbogi
1074 3373 1292 3431 habitos
1335 3377 1674 3445 advenisset,
1713 3384 1937 3442 difﬁcile

352 3455 698 3511 crediturum
736 3458 929 3524 fuisse,
971 3465 1248 3520 neminem
1283 3483 1381 3524 eos
1429 3472 1635 3527 ibidem
1664 3474 1935 3543 dictorum

352 3548 610 3602 nuntium
642 3552 939 3620 accepisse.
975 3552 1070 3609 llis
1096 3557 1245 3611 enim
1304 3559 1439 3629 ipsis
1490 3562 1634 3618 inter
1677 3582 1780 3622 nos
1812 3583 1940 3638 pro-

349 3640 499 3704 latis,
528 3640 729 3710 inquit,
776 3643 985 3700 relictis
1021 3645 1128 3702 illis
1161 3646 1229 3702 ad
1266 3658 1318 3704 te
1347 3652 1567 3709 advolo.
1600 3655 1682 3711 Tu
1714 3660 1939 3716 noveris

351 3729 486 3797 quid
527 3746 614 3788 me
647 3730 828 3816 facere
883 3737 1081 3793 melius
1143 3739 1214 3795 sit
1252 3760 1265 3796 :
1303 3750 1556 3801 tet-umne
1595 3749 1663 3802 ad
1704 3747 1941 3821 impera-

355 3831 531 3879 torem
566 3826 911 3895 progrediar,
965 3843 1034 3883 an
1084 3830 1197 3895 hic,
1255 3836 1500 3903 quandiu
1531 3838 1767 3909 iusseris
1800 3845 1936 3901 sub-

356 3917 588 3971 sistam?
622 3918 734 3991 Ego
777 3922 952 3989 enim,
996 3925 1142 3980 scias
1194 3928 1380 3997 velim,
1435 3946 1717 4002 nunquam
1762 3937 1939 4008 impe-

354 4008 528 4061 ratori
584 4025 669 4066 me
720 4011 1103 4074 dedidissent:
1189 4019 1285 4074 sed
1346 4023 1810 4090 quemadmodum
1857 4029 1938 4085 illi

354 4099 628 4167 dixeram,
690 4105 853 4173 mori,
915 4122 1076 4177 quam
1135 4110 1187 4166 ei
1235 4111 1436 4179 subjici
1482 4115 1819 4175 maluissem.
1880 4121 1939 4178 ln

355 4205 547 4246 amore
574 4203 757 4250 autem
789 4195 867 4250 tui
898 4212 1125 4266 prorsus
1146 4217 1230 4255 me
1249 4212 1618 4274 expugnatum
1652 4209 1939 4278 conﬁteor,

354 4291 763 4355 proptereaque
808 4300 897 4343 me
951 4287 1129 4359 ipsum
1184 4306 1312 4345 cum
1359 4291 1576 4348 civibus
1628 4296 1938 4366 tradidisse,

355 4384 418 4428 ut
445 4374 717 4447 integrum
749 4379 848 4435 tibi
886 4379 959 4434 sit
1006 4381 1073 4435 de
1108 4381 1268 4436 nobis
1301 4392 1547 4440 statuere
1581 4385 1730 4455 quod
1762 4388 1938 4444 voles.

355 4466 585 4535 Magnus
614 4462 956 4526 domesticus
992 4481 1103 4525 tam
1151 4473 1435 4528 benevola:
1491 4476 1762 4532 voluntati
1804 4479 1940 4535 actis

2038 3285 2207 3340 χυρον
2236 3268 2561 3336 ἀσφαλείας,
2591 3271 3015 3336 ἀπερισκέπτως
3041 3271 3183 3326 οὕτω
3206 3271 3268 3325 τὸ
3291 3271 3480 3327 δοκοῦν
3507 3290 3624 3343 φοι-

2036 3361 2134 3434 τᾷς
2151 3401 2166 3426 ,
2196 3360 2479 3432 βουληθεὶς
2505 3361 2688 3433 ἔργοις
2715 3364 2994 3430 ἀποδεῖξαι
3020 3365 3096 3429 ὡς
3122 3367 3221 3419 οὐκ
3246 3366 3474 3437 ἀμαθῶς
3498 3367 3622 3420 οὐδὲ

2039 3453 2307 3525 θρασέως,
2337 3453 2453 3508 ἀλλ’
2479 3449 2537 3509 εὗ
2565 3446 2721 3519 εἰδὼς
2748 3449 2901 3524 ᾧτινι
2936 3456 3213 3520 πιστεύεις
3242 3462 3493 3526 σεαυτὸν,
3553 3460 3623 3512 τὰ

2037 3548 2224 3602 δέοντα
2252 3552 2450 3614 ποιεῖς,
2478 3548 2722 3610 ἐκείνους
2754 3549 2853 3619 μὲν
2881 3547 3204 3602 καταλιπεῖν
3229 3549 3435 3620 ἀνόητα
3465 3549 3623 3603 aveo.

2041 3640 2349 3709 μουμένους
2369 3681 2382 3703 ,
2422 3641 2556 3712 παρ’
2582 3642 2732 3711 ἡμᾶς
2767 3640 2824 3694 δὲ
2856 3640 3049 3711 ήκειν,
3084 3638 3179 3703 οὓς
3211 3640 3476 3710 κέκρικας
3512 3642 3624 3697 τῶν

2038 3731 2216 3788 ἀλλων
2275 3733 2478 3803 μᾶλλον
2534 3733 2908 3803 πιστοτέρους.
2948 3732 3008 3787 '0
3054 3733 3097 3785 δ’
3132 3735 3181 3785 εί
3238 3733 3315 3803 μὴ
3368 3732 3621 3804 πρῶτος,

2040 3824 2303 3894 ἔφασκεν,
2336 3825 2501 3889 αὐτὸς
2530 3819 2729 3896 ἀφῖκτο
2763 3825 2901 3895 μετά
2930 3825 3058 3887 τοὺς
3089 3825 3205 3877 ἐκεῖ
3236 3823 3501 3895 ῥηθέντας
3532 3825 3624 3878 λὸ-

2039 3933 2196 3988 γους,
2237 3918 2300 3971 οὐ
2345 3916 2634 3971 πιστεῦσαι
2676 3916 2742 3971 ἂν
2782 3915 2982 3990 ῥᾳδίως
3027 3917 3104 3986 μὴ
3145 3916 3267 3970 τινά
3304 3916 3411 3970 τῶν
3450 3917 3623 3986 λόγων

2040 4012 2268 4065 ἐκείνων
2312 4010 2547 4079 ἄγγελον
2595 4009 2795 4065 ἐλθεῖν.
2841 4010 3058 4064 Τούτων
3107 4011 3216 4080 γὰρ
3265 4009 3447 4063 αὐτῶν
3492 4011 3625 4080 ἡμῖν

2041 4108 2182 4173 πρὸς
2214 4101 2476 4173 ἀλλήλους
2510 4101 2818 4173 εἰρημένων
2838 4142 2855 4168 ,
2891 4100 3207 4156 καταλιπὼν
3237 4101 3434 4163 αὐτοὺς
3458 4141 3473 4166 ,
3505 4101 3625 4171 ήκω

2042 4194 2195 4265 παρὰ
2223 4194 2282 4247 σέ
2308 4212 2321 4225 ⁸
2350 4195 2512 4258 αὐτὸς
2539 4194 2584 4247 δ’
2606 4194 2676 4247 ἂν
2702 4194 2902 4264 εἰδείης
2951 4196 2981 4249 6
3021 4212 3075 4248 τι
3127 4196 3388 4265 πράττειν
3417 4192 3627 4263 βέλτιον

2041 4288 2145 4358 ὲμέ
2170 4302 2185 4318 ·
2219 4286 2314 4343 καὶ
2348 4287 2381 4357 ἢ
2414 4289 2550 4358 πρὸς
2581 4286 2804 4357 βασιλέα
2833 4286 2991 4358 ἥκειν
3018 4287 3137 4359 ἅμα
3170 4286 3287 4353 σοὶ,
3320 4286 3353 4355 ἢ
3387 4285 3625 4340 ἐνταῦθα

2045 4380 2252 4453 μένειν,
2283 4380 2442 4451 ἄχρις
2476 4379 2543 4434 ἂν
2574 4380 2736 4442 αὐτὸς
2768 4379 3019 4453 κελεύῃς.
3057 4376 3198 4449 Ἐγὼ
3228 4378 3357 4450 γάρ,
3391 4374 3451 4434 εὖ
3488 4379 3619 4446 ἴσθι,

2043 4472 2258 4543 βασιλεῖ
2293 4471 2393 4542 μὲν
2448 4473 2550 4525 οὐκ
2583 4471 2650 4526 ἀν
2685 4488 2814 4525 ποτε
2850 4469 3274 4542 προσεχώρησα,
3310 4468 3451 4536 ἀλλ’,
3486 4472 3625 4541 ὅπερ

355 4559 551 4627 gratiis
583 4559 919 4630 ingentibus,
958 4561 1212 4633 Rliogum
1248 4565 1551 4621 Cabasilam
1583 4569 1848 4637 remittit;
1877 4586 1936 4628 se

2041 4563 2178 4633 έφην
2208 4563 2346 4634 πρὸς
2376 4564 2613 4630 ἐκεῖνον,
2646 4562 2848 4633 μᾶλλον
2877 4561 2946 4616 ἂν
2976 4563 3271 4616 ἀποθανεῖν
3299 4562 3557 4634 εἱλόμην,
3588 4562 3621 4635 ἢ

352 4649 599 4704 crastina
636 4651 758 4706 luce
808 4666 934 4706 cum
985 4650 1150 4707 donis
1206 4655 1482 4726 regalibus
1510 4666 1824 4724 venturum,
1857 4658 1937 4729 ip—

352 4756 591 4809 sumque
663 4750 720 4796 et
761 4752 992 4798 caeteros
1024 4761 1126 4815 pro
1161 4747 1494 4816 imperatore
1522 4750 1575 4803 in
1608 4757 1934 4819 potestatem

350 4840 738 4902 accepturum.
768 4834 902 4890 Inde
932 4837 998 4891 ad
1032 4837 1419 4906 imperatorem
1452 4843 1650 4908 tendit,
1678 4841 1746 4897 de
1769 4842 1939 4899 Caba-

272 4930 277 4933 ’
354 4923 464 4979 sila
530 4932 588 4980 et
643 4924 839 4996 Rliogo
912 4929 1374 4997 quemadmodum
1438 4947 1498 4986 se
1562 4932 1935 5001 tradidissent,

352 5027 759 5072 commemorat
788 5035 801 5071 :
829 5030 1135 5091 nactusque
1166 5023 1548 5078 auctoritatem
1595 5038 1941 5094 quaecunque

355 5108 502 5177 iusta
551 5116 608 5161 et
656 5114 948 5167 commoda
1000 5113 1229 5170 duceret
1284 5114 1339 5169 in
1391 5116 1516 5170 illos
1564 5114 1941 5172 beneﬁcentia:

361 5216 523 5254 causa
555 5200 892 5268 conferendi,
920 5206 1009 5262 die
1036 5208 1293 5278 sequenti
1319 5208 1572 5279 Rhogum
1604 5208 1707 5263 init
1732 5226 1748 5275 ;
1775 5224 1939 5278 quem

360 5291 560 5365 liliogii
607 5296 744 5352 urbe
775 5299 1041 5355 transdila
1074 5300 1357 5371 accipiunt
1385 5319 1400 5368 ;
1442 5302 1559 5371 ipse
1594 5302 1737 5357 dona
1771 5303 1943 5373 impe-

363 5387 582 5455 ratoris,
638 5396 699 5443 ut
749 5406 969 5462 quoque
1016 5393 1244 5463 dignum
1295 5402 1436 5461 erat,
1490 5394 1796 5457 distribuit.
1858 5410 1943 5451 as-

364 5472 709 5549 sumptisque
743 5497 981 5552 quorum
1040 5484 1183 5538 inter
1234 5500 1331 5540 eos
1394 5487 1671 5555 prrecipua
1726 5486 1945 5555 vigebat

364 5572 725 5641 castimalim
756 5576 1027 5646 simulque
1059 5576 1307 5633 Cabasila
1351 5576 1517 5648 314
1558 5581 1942 5647 imperatorem

370 5663 518 5728 adit;
548 5666 747 5734 quibus
789 5683 848 5723 se
879 5668 1237 5724 adorantibus
1283 5669 1797 5740 subjectioncmque
1822 5683 1947 5740 pro—

375 5753 972 5824 ﬁientibustmansueta
1011 5778 1074 5817 az:
1102 5762 1211 5816 leni
1246 5762 1495 5815 oratione
1542 5758 1845 5829 respondit.
1891 5770 1947 5819 et

376 5860 474 5912 pro
507 5847 810 5905 mutatione
845 5851 899 5905 in
955 5853 1148 5909 melius
1205 5851 1473 5912 iatt'dalos.
1521 5850 1586 5906 ad
1614 5866 1672 5904 se
1714 5850 1940 5921 diligcn'

2039 4657 2235 4727 ἐκείνῳ
2260 4656 2570 4727 ὑποχείριος
2595 4654 2854 4724 γενέσθαι
2875 4670 2890 4685 ⁶
2914 4655 3013 4725 τῆς
3043 4654 3142 4724 σῆς
3167 4654 3223 4708 δὶ
3251 4653 3430 4724 φιλίας
3455 4656 3624 4726 ἡττῆ-

2043 4746 2168 4802 σθαι
2191 4748 2344 4819 παρά
2368 4747 2503 4800 πολὺ
2526 4746 2775 4815 ὁμολογῶ
2792 4763 2804 4776 ο
2830 4746 2926 4800 καὶ
2946 4744 3135 4799 τούτου
3157 4763 3220 4815 γε
3242 4746 3407 4800 ἕνεκα
3448 4748 3624 4816 έμαυ·

2039 4841 2132 4893 τόν
2159 4857 2221 4893 τε
2257 4840 2352 4894 καὶ
2387 4840 2610 4902 πολίτας
2641 4833 3078 4910 ἐγκεχειρικέναι
3109 4841 3234 4902 τοὺς
3269 4839 3458 4910 ἐμοὺς,
3490 4839 3622 4894 ὥσθ’

2041 4931 2078 4986 ἀ
2120 4948 2203 4986 σοι
2249 4932 2392 4987 κατὰ
2437 4931 2688 5002 γνώμην,
2729 4931 2930 4999 ἐξεῖναι
2976 4932 3239 5003 πράττειν
3279 4932 3410 5001 περὶ
3451 4933 3621 5002 ἡμᾶς.

2055 5022 2113 5078 Ὀ
2152 5024 2324 5094 μέγας
2355 5025 2411 5077 δὲ
2443 5024 2766 5094 δομέστικος
2799 5023 3000 5093 πολλὴν
3031 5022 3182 5093 αύτῷ
3211 5022 3314 5094 τῆς
3345 5025 3425 5089 εἰς
3460 5024 3624 5078 αὐτὸν

2045 5114 2257 5177 εὐνοίας
2282 5115 2443 5184 χάριν
2471 5113 2837 5184 ὁμολογήσας,
2865 5115 2945 5175 εἰς
2972 5111 3165 5181 Ῥωγὼ
3192 5112 3444 5166 ἐκέλευεν
3468 5109 3623 5178 αὖθις

2044 5205 2280 5272 ἐπιέναι,
2303 5206 2379 5268 ὡς
2398 5204 2496 5276 τὴν
2521 5204 2813 5274 ὑστεραίαν
2838 5204 3003 5259 αὐτοῦ
3032 5203 3171 5275 μετὰ
3193 5204 3302 5259 τῶν
3328 5203 3623 5274 βασιλικῶι

2044 5293 2371 5366 ἀφιξομένου
2409 5293 2653 5365 δωρεῶν,
2711 5294 2807 5347 καὶ
2847 5293 3007 5347 αὐτόν
3038 5309 3099 5346 τε
3142 5295 3237 5346 καὶ
3268 5294 3395 5357 τοὺς
3430 5295 3623 5358 ἄλλους

2046 5388 2506 5459 παραληψομένου
2529 5405 2542 5421 ·
2575 5389 2603 5440 6
2636 5386 2694 5441 δὲ
2726 5386 2992 5452 πεισθεὶς,
3024 5384 3180 5449 αὖθις
3212 5386 3517 5456 ἐπανῆλθεν
3543 5391 3622 5452 εἰς

2024 5478 2031 5479 ί
2059 5476 2269 5547 Ῥωγὼ.
2304 5478 2545 5533 Ἐκεῖθεν
2573 5479 2630 5531 δὲ
2663 5481 2690 5532 ὁ
2727 5480 2901 5547 μέγας
2933 5478 3252 5548 δομέστικος
3285 5479 3366 5541 είς
3398 5476 3625 5548 βασιλέα

2048 5569 2254 5635 ἐλθὼν,
2290 5573 2385 5625 καὶ
2421 5570 2551 5640 περὶ
2587 5569 2872 5625 Καὸασίλα
2910 5572 3006 5625 καὶ
3039 5569 3279 5639 Ῥωγοῦς
3313 5570 3388 5633 ὡς
3426 5586 3624 5636 προσεο

2048 5662 2307 5733 χώρησαν
2329 5663 2690 5734 ἀπαγγείλας,
2714 5663 3041 5733 ὲπιτραπείς
3060 5680 3118 5716 τε
3145 5662 3276 5731 παρ’
3294 5664 3502 5716 ἐκείνου
3526 5664 3625 5718 ὅσα

2053 5755 2119 5810 ἂν
2200 5755 2385 5810 δίκαια
2408 5756 2503 5812 καὶ
2527 5757 2876 5827 συμφέροντα
2900 5756 3146 5818 εὐποιῖας
3168 5745 3334 5809 ἕνεκα
3357 5754 3624 5824 πράσσειν

2054 5851 2188 5918 πρ“ς
2218 5849 2442 5914 αὐτοὺς,
2472 5849 2550 5911 εἰς
2578 5848 2675 5905 τὴν
2705 5848 3001 5910 ὑστεραίαν
3026 5847 3180 5911 αὖθις
3210 5848 3289 5909 είς
3316 5845 3509 5900 Ῥωγὼ
3538 5847 3624 5897 ὲ).-
