4060 6472
313 428 420 494 639
1499 425 1829 489 JOANNIS
1872 425 1954 487 CA

2054 425 2417 491 rscuzsm
3490 388 3593 487 ιω

311 540 641 611 Quanquam
686 538 733 595 si
792 536 1030 594 maxime
1064 535 1281 600 liceret,
1316 535 1478 592 nobis
1520 536 1708 606 aliquo
1741 533 1954 595 modo}

2054 553 2107 590 εν
2139 537 2202 590 ού
2243 536 2430 608 ῥᾴδιόν
2484 537 2632 592 ἐστιν
2691 536 2952 592 ἰάσασθαι
2984 535 3086 607 τὴν
3137 535 3370 604 ἔνδειαν,
3412 539 3592 595 καίτοι

228 659 239 667 -
313 630 609 688 obsidione
649 628 915 700 depulsis.
952 643 1149 683 secure
1186 627 1395 692 vivere,
1433 641 1504 681 ne
1534 625 1609 682 ita
1656 624 1907 696 quidem,

2054 626 2161 697 ίγε
2196 626 2434 699 μάλιστα
2469 629 2601 699 ἐνῆν
2654 630 2844 701 τρόπῳ
2901 629 2967 699 δή
3026 646 3137 683 τινι
3174 630 3596 700 ἀναστήσαντας

317 727 391 781 ob
443 730 670 795 accepta
723 722 923 778 damna
973 720 1254 785 videlicet,
1312 720 1473 775 vobis
1533 719 1668 791 ipsis
1699 719 1911 775 utiliter

2054 720 2161 789 μᾶς
2184 720 2252 774 ἐκ
2274 720 2377 790 τῆς
2411 720 2731 790 πολιορκίας
2779 721 2993 789 διάγειν
3018 722 3075 774 ἐν
3107 720 3284 794 ἀδείᾳ,
3316 722 3427 776 οὐδ’
3455 721 3600 776 οὕτω

317 816 695 883 consuluisse,
737 833 767 872 ιι
800 814 1149 887 sapientibus
1185 812 1534 867 videremini.
1587 811 1755 882 Atqui
1786 825 1913 882 gra-

318 910 473 965 viora
529 909 817 980 prioribus
872 909 926 963 in
977 916 1262 978 posterum
1320 904 1717 988 exspectanda.
1759 913 1909 978 sunt.

318 1002 441 1058 Non
478 1002 627 1057 cnim
661 1010 769 1067 est,
834 1015 945 1055 non
977 1009 1082 1058 est.
1115 1001 1365 1068 inquam,
1400 997 1507 1053 nisi
1547 996 1682 1067 quid
1714 1005 1916 1067 praeter

323 1094 639 1164 opinionem
673 1093 744 1149 de
772 1093 914 1148 caelo
963 1092 1030 1147 ad
1059 1093 1293 1148 salutem
1336 1102 1577 1147 vestram
1618 1091 1917 1160 expedieno

325 1186 449 1240 dam
487 1185 818 1256 impetretis,
857 1184 1006 1256 quod
1046 1200 1149 1240 nos
1202 1186 1271 1241 ab
1318 1184 1726 1256 oppugnatione
1761 1198 1918 1239 revo-

326 1277 535 1330 caverit
568 1295 582 1329 z
617 1284 679 1331 ut
713 1291 814 1330 vos
842 1290 967 1330 cum
992 1290 1122 1343 agro
1147 1273 1340 1329 urbem
1370 1286 1593 1343 quoque
1617 1270 1921 1327 amissuros

328 1368 629 1423 verisimile
683 1368 798 1423 ﬁat.
856 1368 1025 1422 Miror
1075 1380 1258 1422 autem
1316 1363 1490 1435 quod,
1536 1379 1662 1419 cum
1699 1363 1918 1430 iisdem,

331 1460 416 1514 vel
449 1460 797 1531 gravioribus
829 1461 996 1515 etiam
1048 1457 1211 1512 malis
1238 1471 1403 1527 quam
1431 1454 1631 1526 Rhogii
1661 1469 1923 1510 exercea-

286 1596 294 1604 .
334 1553 491 1610 mini.
525 1561 585 1637 et
631 1552 817 1607 velitis
862 1551 1050 1606 nolitis
1095 1550 1417 1621 propediem
1462 1550 1520 1603 in
1551 1547 1926 1618 “imperatoris

331 1648 419 1720 jus
446 1662 511 1700 ac
542 1652 867 1715 potestatem
927 1643 1144 1699 venturi
1176 1642 1322 1706 sitis,
1355 1657 1463 1696 non
1489 1643 1665 1697 solum
1696 1656 1793 1696 eos
1831 1640 1850 1711 (
1868 1649 1928 1695 ut

336 1739 429 1807 qui
465 1738 580 1793 suis
610 1737 922 1792 rationibus
946 1736 1086 1791 bene
1144 1734 1485 1802 honesteque
1514 1736 1924 1803 prospexerint,

338 1832 471 1885 dum
499 1838 792 1900 antequam
838 1830 893 1883 in
935 1838 1246 1883 extremum
1280 1820 1696 1880 delaberentur
1737 1824 1931 1880 discri-

338 1940 488 1984 men.
533 1923 766 1978 salutem
824 1929 880 1977 et
939 1918 1291 1975 commodum
1347 1917 1564 1973 consilii
1621 1917 1928 1971 mutatione

340 2015 883 2085 sibi‘quaesierunt)
936 2026 1049 2066 non
1090 2009 1515 2075 commendetis,
1571 2008 1669 2064 sed
1728 2006 1930 2062 multas

341 2108 526 2179 potius
557 2106 923 2163 contumelias
968 2105 1021 2159 in
1051 2105 1200 2175 ipsos
1229 2102 1561 2169 effuderilis,
1592 2101 1721 2171 quia
1758 2109 1929 2155 teme-

344 2200 528 2254 ritatis
562 2213 626 2253 ac
656 2197 903 2252 stultitia:
932 2207 1134 2251 vestrae
1170 2196 1305 2251 socii
1341 2209 1468 2250 esse
1494 2193 1814 2248 noluerunt.
1862 2190 1932 2246 At

344 2294 492 2349 cnim
545 2292 840 2348 intuemini
890 2292 1194 2362 paulisper,
1247 2306 1411 2360 quam
1488 2286 1687 2357 iniqui,
1767 2300 1932 2356 quam

347 2383 600 2442 damnosi
627 2394 684 2440 et
712 2383 989 2439 vobismet
1023 2384 1174 2452 ipsis,
1200 2393 1252 2438 et
1279 2382 1508 2450 reliquis
1553 2379 1938 2435 Acarnanibus

349 2479 492 2545 sitis,
526 2479 656 2534 dum
685 2478 745 2531 in‘
768 2478 871 2531 hac
894 2476 1225 2547 cogitatione
1252 2469 1568 2543 persistitis.
1601 2472 1708 2542 ipsi
1733 2470 1938 2541 quippe

351 2571 500 2627 bello
538 2568 854 2637 consumpti
906 2556 1174 2637 periistis,
1224 2576 1279 2620 et
1323 2566 1448 2621 aliis
1501 2564 1742 2635 oppidis,
1795 2574 1936 2619 tam-

352 2666 459 2721 etsi
511 2661 838 2719 del‘ectionis
888 2669 1086 2731 vestrae
1135 2659 1281 2714 haud
1332 2657 1715 2727 participibus,
1764 2671 1940 2712 nocu-

354 2766 539 2813 menta
564 2768 675 2811 non
710 2752 953 2825 vulgaria
985 2751 1288 2805 invexistis.
1317 2750 1606 2805 Exercitus
1635 2751 1783 2805 enim
1802 2748 1939 2820 (65),

357 2864 424 2905 ac
462 2847 768 2919 praesertim
824 2854 1028 2908 tantus.
1078 2846 1131 2898 in
1191 2853 1379 2899 extera
1432 2843 1657 2913 regione
1708 2843 1943 2912 harens,

361 2942 605 2997 hostium
630 2956 792 3012 agros
815 2939 1180 2995 inclementer
1213 2938 1600 3010 depopulatur.
1640 2937 1736 2994 Sin
1759 2949 1946 2996 autem

362 3034 696 3089 csociorum
745 3047 956 3102 suaque
1017 3031 1302 3102 provincia
1369 3031 1687 3087 alimoniam
1744 3032 1945 3103 capiat,

2014 809 2447 875 λυσιτελούντως
2485 812 2670 883 σφίσιν
2706 811 2894 875 αὐτοῖς
2920 811 2988 865 ἂν
3031 812 3266 867 ἐδοκεῖτε
3316 813 3601 884 βεϐουλεύ-

2017 906 2143 961 σθαι
2170 906 2323 977 παρὰ
2354 905 2695 977 σωφρονοῦσι
2715 907 2805 961 διὰ
2834 908 2934 980 τὴν
2956 909 3333 979 γεγενημένην
3354 909 3597 980 βλάϐηνο

2017 999 2136 1055 νυνὶ
2179 999 2237 1054 δὲ
2296 1000 2594 1071 συμϐαίνει
2624 1001 2903 1072 δεινότερα
2940 1001 3230 1056 πείσεσθαι
3286 1002 3597 1073 προσδοκᾷν

2018 1090 2398 1163 ὑπαρξάντων.
2434 1091 2511 1145 Οὐ
2551 1092 2660 1163 γάρ
2689 1095 2860 1158 ἐστιν,
2896 1093 2998 1148 οὐκ
3026 1093 3181 1146 ἔστιν
3231 1093 3407 1161 οὐδὲν,
3438 1094 3486 1147 εί
3525 1093 3600 1164 μή

2019 1202 2073 1239 τι
2098 1185 2411 1256 παράλογον
2455 1181 2517 1250 ἐξ
2543 1185 2776 1255 οὐρανοῦ
2810 1184 2948 1256 πρὸς
2979 1186 3261 1255 σωτηρίαν
3302 1185 3436 1257 ὑμῖν
3465 1202 3604 1256 πραο

2024 1277 2205 1348 χθείη,
2234 1277 2263 1330 ὃ
2296 1276 2394 1330 τοῦ
2440 1277 2759 1347 πολιορκεῖν
2806 1277 2955 1348 ἡμᾶς
2988 1279 3170 1331 πείσει
3222 1277 3563 1349 ἀποσχέσθαι
3587 1295 3603 1312 ο

2022 1369 2164 1424 ὥστε
2196 1370 2342 1432 είκδς
2380 1369 2518 1433 πρὸς
2547 1372 2613 1440 τῇ
2648 1368 2803 1441 χώρᾳ
2833 1370 2925 1423 καὶ
2942 1369 3042 1441 τὴν
3078 1370 3229 1423 πόλιν
3256 1370 3402 1440 ὑμᾶς
3428 1387 3605 1441 προσ-

2025 1464 2271 1519 απολεῖν.
2335 1463 2617 1535 Θαυμάζω
2667 1463 2725 1517 δὲ
2775 1463 2930 1535 ὑμῶν
2986 1465 3037 1517 εί
3068 1465 3181 1528 τοῖς
3218 1465 3401 1527 αὐτοῖς
3453 1464 3488 1535 ἢ
3516 1463 3612 1519 καὶ

2030 1558 2243 1628 μείζοσι
2278 1560 2471 1622 κακοῖς
2515 1555 2831 1628 ἐνεχόμενοι
2869 1554 3141 1626 Ῥωγίοις,
3176 1557 3271 1611 καὶ
3323 1557 3613 1627 μέλλοντες

2028 1649 2125 1701 ὑπ’
2157 1648 2408 1719 ἀνάγκης
2428 1649 2550 1703 ὅσον
2580 1648 2798 1701 οὐδέπω
2846 1645 3060 1718 βασιλεῖ
3086 1649 3434 1719 προσχωρεῖν
3458 1646 3617 1700 αὐτοὶ

2029 1744 2090 1797 οὐ
2128 1742 2291 1814 μόνον
2323 1742 2424 1795 οὐκ
2474 1743 2753 1795 ἐπαινεῖτε
2814 1739 2891 1804 ὡς
2921 1739 3104 1803 καλῶς
3175 1741 3272 1793 καὶ
3307 1739 3618 1809 συμφερόν-

2031 1853 2139 1896 τως
2170 1836 2388 1899 ἑαυτοῖς
2448 1834 2939 1906 βεϐουλευμένους,
2973 1833 3057 1887 ὅτι
3100 1827 3236 1903 πρὶν
3263 1833 3342 1897 εἰς
3388 1831 3619 1901 ἔσχατον

2039 1927 2289 1981 κινδύνου
2315 1927 2495 1999 ἥκειν,
2536 1926 2815 1997 σωτηρίαν
2854 1928 2952 1980 καὶ
2994 1925 3265 1994 ὠφέλειαν
3291 1924 3620 1994 ἐπορίσαντο

2039 2021 2259 2083 ἑαυτοῖς
2314 2022 2377 2072 ἐκ
2406 2019 2506 2089 τῆς
2538 2017 2868 2089 μεταϐολῆς,
2902 2017 3040 2071 ἀλλὰ
3090 2017 3191 2072 καὶ
3227 2013 3414 2086 ὕϐρεις
3448 2032 3615 2069 κατα-

2040 2115 2193 2186 χὲετε
2233 2112 2412 2166 αὐτῶν
2463 2111 2691 2177 πολλὰς,
2723 2111 2805 2165 ὅτι
2840 2111 2901 2165 οὐ
2931 2110 3032 2179 τῆς
3061 2109 3231 2182 αὐτῆς
3287 2108 3418 2179 ὑμῖν
3448 2107 3615 2163 ἀϐου-

2040 2207 2160 2271 λίας
2211 2205 2422 2260 εἴλοντο
2459 2200 2600 2258 εἶναι
2663 2197 2955 2258 κοινωνοί·
2990 2202 3171 2258 καίτοι
3226 2200 3497 2272 σκέψασθε
3544 2200 3621 2263 ὼς

2042 2297 2169 2352 οὔτε
2203 2298 2389 2352 δίκαια
2439 2294 2567 2350 οὔτε
2623 2296 2981 2368 συμφέροντα
3039 2294 3153 2348 οὔθ’
3207 2294 3446 2358 ἑαυτοῖς,
3501 2291 3626 2345 οὔτε

2045 2392 2158 2452 τοῖς
2193 2389 2724 2460 ἄλλοιςἊκαρνάσιν
2752 2389 2910 2442 αὐτοὶ
2944 2390 3150 2442 ποιεῖτε
3181 2387 3283 2456 τῆς
3309 2387 3481 2456 αὐτῆς
3510 2385 3632 2457 ἑχό-

2051 2500 2203 2555 μενοι
2245 2481 2479 2544 ἐννοίας.
2507 2481 2673 2535 Δύτοί
2706 2497 2766 2535 τε
2801 2479 2910 2551 γὰρ
2941 2480 3261 2533 ἀπολώλατε
3291 2477 3630 2548 διαφθαρέν-

2046 2591 2139 2637 τες
2169 2572 2276 2627 uno
2308 2571 2403 2626 τοῦ
2431 2571 2699 2643 πολέμου,
2743 2572 2835 2626 καὶ
2866 2573 2991 2635 ταῖς
3021 2570 3211 2633 ἄλλαις
3245 2569 3434 2623 πόλεσι
3499 2568 3635 2639 βλά-

2049 2668 2154 2737 ϐης
2210 2667 2273 2720 οὐ
2312 2666 2540 2738 μετρίας
2587 2664 2754 2719 αῐτιοι
2811 2664 3145 2736 κατέστητε,
3203 2666 3449 2731 καίτοιγε
3505 2661 3636 2730 ὑμῖν

2053 2759 2321 2831 βασιλέως
2350 2759 2413 2812 οὐ
2446 2758 2912 2822 συναποστάσαις.
2943 2757 3184 2827 Στρατιὰ
3214 2756 3324 2826 γὰρ
3354 2755 3446 2808 ἐπὶ
3476 2752 3637 2822 ξένης

2051 2853 2414 2925 διατρίϐουσα
2440 2853 2536 2907 καί⁸
2566 2850 2804 2923 μάλιστα
2831 2850 3095 2923 τοσαύτη,
3123 2849 3223 2921 τὴν
3244 2848 3351 2922 μὲν
3367 2849 3637 2921 πολεμίαν

2054 2948 2233 3018 κείρει
2263 2947 2506 3018 ἀφειδῶς
2531 2962 2547 2978 ο
2577 2949 2640 3000 ἐν
2677 2946 2736 3002 δὲ
2769 2948 2869 3018 τῆς
2900 2944 3247 3017 συμμαχίδος
3303 2944 3399 3000 καὶ
3424 2943 3634 3007 οἰκείας

2054 3038 2397 3112 τρεφομένη,
2429 3037 2592 3110 λιμὸν
2641 3038 2781 3110 αὐτῇ
2826 3037 3095 3108 αἰφνίδιον
3125 3035 3322 3106 ἐπάγει
3349 3051 3363 3065 ·
3401 3034 3639 3089 ἀδικεῖτε

363 3127 710 3199 repentinam
735 3125 813 3180 illi
861 3124 1063 3180 famem
1126 3123 1361 3180 inducit.
1422 3122 1600 3196 Agitis
1646 3139 1811 3197 porro
1844 3125 1951 3181 ini-

2056 3133 2113 3189 δὲ
2143 3133 2210 3187 τὰ
2242 3132 2469 3204 ἔσχατα,
2504 3132 2629 3186 ἀντὶ
2653 3130 2757 3202 τῆς
2788 3129 3082 3202 Ῥωμαίων
3113 3128 3416 3201 βασιλείας,
3445 3128 3481 3199 ἢ
3513 3143 3641 3199 σχε-

365 3220 657 3291 quissime,
703 3218 799 3289 qui
846 3233 947 3290 pro
996 3217 1373 3278 Romanorum
1427 3217 1682 3310 imperio,
1727 3216 1874 3288 quod
1917 3232 1948 3271 a
1979 3250 2023 3310 ο
2059 3225 2149 3280 sev
2175 3224 2359 3287 αὐτοῖς
2392 3225 2457 3277 ὲκ
2487 3218 2596 3277 τῶν
2647 3221 2930 3294 Καίσαρος
2978 3220 3186 3292 χρόνων
3224 3218 3458 3291 πάτριός
3500 3219 3642 3282 ἐστι,

365 3313 497 3372 Julii
555 3314 789 3371 Caesaris
866 3312 1041 3368 ferme
1104 3310 1451 3381 temporibus
1511 3309 1648 3381 ipsis
1713 3310 1951 3381 patrium

2061 3319 2164 3387 τὴν
2190 3317 2548 3390 Ταραντίνων
2594 3316 2779 3379 αὐτοῖς
2811 3313 3121 3387 ἀνθρώπων
3156 3310 3453 3384 βαρϐάρων
3513 3309 3647 3363 ἐπάο

369 3370 454 3464 est
469 3407 606 3478 (64),
622 3406 1070 3469 Tarentinorum,
1091 3370 1375 3459 hominum
1395 3370 1757 3460 barbarorum
1781 3403 1954 3459 domi-

2281 3370 2493 3481 ⁵ἀρχήν.
2554 3370 2876 3481 Νικηφύρος
2910 3370 3044 3478 γὰρ,
3106 3370 3248 3477 ὑπὲρ
3301 3370 3363 3458 ού
3410 3401 3649 3473 μάλιστα

371 3501 654 3556 nationem
718 3496 1095 3553 introducitis.
1171 3495 1516 3566 Nicephorus
1579 3497 1749 3563 enim,
1801 3496 1954 3566 cujus

2063 3476 2222 3559 αὐτοὶ
2253 3476 2439 3556 οἴεσθε
2468 3502 2567 3556 τὸν
2597 3476 2836 3573 πόλεμον
2880 3476 3182 3570 αίρεῖσθαι,
3233 3494 3347 3551 οὗθ’
3374 3495 3504 3565 ὑμῖν
3533 3490 3651 3547 οὗθ’

374 3591 724 3664 potissimum
757 3603 921 3646 causa
951 3589 1055 3645 hoc
1086 3588 1292 3645 bellum
1329 3604 1428 3644 vos
1469 3588 1707 3644 militare
1740 3589 1954 3660 proﬁte-

2067 3596 2250 3667 ἐαυτῷ
2277 3591 2389 3660 οἶός
2418 3595 2480 3650 τέ
2508 3597 2661 3649 ἐστιν
2685 3568 2953 3666 ἐξαρκεῖν
2979 3591 3117 3663 πρὸς
3147 3588 3247 3661 τὴν
3291 3583 3608 3655 ἐλευθερίαν
3633 3600 3648 3613 ·

379 3682 620 3749 mini,ad
654 3682 964 3737 libertatem
999 3680 1167 3753 316
1194 3696 1374 3753 neque
1403 3681 1583 3746 vobis,
1612 3698 1795 3753 neque
1829 3681 1954 3739 sibi-

2067 3689 2205 3746 ἀλλὰ
2238 3689 2599 3760 Ταραντίνοις
2649 3684 3012 3758 προσφυγὼν,
3062 3685 3130 3753 τῇ
3204 3678 3417 3734 ἐκεῖθεν
3479 3675 3652 3729 οῐεται

386 3784 503 3841 met
541 3773 876 3846 pariundam
904 3773 1040 3829 satis
1066 3773 1231 3829 habet
1258 3774 1460 3828 virium
1494 3788 1510 3827 :
1545 3790 1732 3830 verum
1756 3775 1824 3831 ad
1856 3775 1954 3831 Ta-

2067 3781 2301 3853 δυνάμει
2341 3781 2702 3852 Ἀκαρνανίας
2753 3777 2986 3849 βασιλέα
3036 3773 3337 3840 ἐξελάσειν.
3389 3767 3563 3824 Τοῦτο
3596 3765 3654 3871 δὲ

382 3870 633 3925 rentinos
682 3880 805 3923 cum
857 3869 1183 3941 perfugerit,
1248 3867 1380 3922 inde
1424 3867 1650 3939 adjutus
1689 3885 1758 3924 ex
1793 3863 1995 3925 Acar-'

385 3966 550 4023 nania
582 3966 973 4037 imperatorem
1025 3981 1085 4020 se
1141 3964 1500 4035 expulsurqu
1531 3962 1810 4034 opinatur.
1857 3962 1970 4021 Hoc

384 4069 570 4116 autem
601 4074 660 4115 se
697 4074 880 4130 posse,
927 4073 1031 4114 nec
1078 4058 1203 4113 illos
1250 4058 1331 4113 fas
1365 4066 1450 4112 est
1499 4059 1715 4128 opinari
1747 4074 1873 4125 nec,
1921 4060 1969 4115 si

386 4162 670 4225 poterunt,
740 4155 860 4209 sine
935 4151 1146 4223 magnis
1211 4149 1521 4213 laboribus,
1599 4148 1974 4222 periculisque

391 4250 672 4314 poterunt.
696 4240 802 4309 Qui
834 4242 999 4312 igitur
1026 4241 1133 4295 tale
1167 4238 1368 4295 bellum
1392 4254 1493 4309 pro
1522 4238 1678 4294 vobis
1704 4239 1975 4294 adversus

270 4354 277 4361 ο
390 4336 781 4405 imperatorem
829 4332 1131 4406 gerendum
1189 4332 1514 4403 suscipicnt,
1573 4332 1620 4388 si
1662 4324 1977 4403 superiores

392 4428 627 4486 evadere
692 4426 997 4497 quiverint,
1052 4440 1239 4480 nonne
1315 4424 1660 4494 provinciam
1713 4434 1977 4493 vestram,

396 4531 653 4591 tanquam
687 4518 934 4585 virtutis,
971 4517 1454 4585 certaminumque
1502 4517 1802 4571 multorum
1843 4534 1981 4588 praa~

2070 3873 2198 3929 οὔτε
2226 3872 2558 3943 δυνήσεσθαι
2583 3871 2795 3926 οἴεσθαι
2832 3867 3001 3923 αὐτὸν
3039 3866 3218 3932 είκδς,
3269 3861 3383 3917 οὔτ’
3411 3860 3461 3915 εί
3495 3857 3658 3929 δυνη-

2074 3985 2231 4022 σεται
2261 3969 2390 4022 ἄνευ
2424 3966 2603 4019 πόνων
2642 3963 2900 4033 μεγάλων
2937 3961 3030 4016 καὶ
3059 3958 3348 4015 κινδύνων.
3385 3954 3525 4019 Τοὺς
3564 3951 3659 4011 οὖν

2075 4061 2317 4141 πόλεμον
2341 4059 2590 4115 τοιοῦτον
2611 4058 2755 4128 ὑπὲρ
2786 4054 2943 4127 ὑμῶν
2972 4053 3111 4125 πρδς
3148 4052 3372 4124 βασιλέα
3394 4049 3662 4141 ἀναδεξα-

2080 4140 2304 4227 μένους,
2363 4153 2412 4205 εί
2478 4149 2763 4223 κρείττους
2811 4147 3140 4217 δυνήσονται
3202 4142 3484 4214 γενέσθαι,
3553 4140 3659 4195 οὐκ

2078 4245 2267 4302 οῐεσεε
2296 4244 2443 4314 ὑμᾶς
2500 4242 2602 4312 τῆς
2641 4240 2844 4313 ἀρετῆς
2897 4235 3065 4294 ἆθλον
3122 4238 3219 4292 καὶ
3271 4234 3383 4290 τῶν
3435 4235 3665 4305 ἀγώνων

2082 4338 2311 4409 σχήσειν
2345 4334 2456 4389 τῶν
2496 4333 2754 4399 πολλῶν;
2792 4332 2894 4386 οὐκ
2944 4331 3055 4402 ἄρα
3083 4331 3267 4398 δόξετε
3325 4329 3503 4402 ὀρθῶς
3534 4344 3667 4399 φρο-

2080 4432 2213 4484 νεῖν.
2248 4427 2392 4497 Ἐγὼ
2416 4427 2475 4482 δέ
2500 4429 2551 4481 εί
2575 4427 2671 4483 καὶ
2691 4426 2813 4481 καθ’
2839 4425 3070 4490 ἑαυτοὺς
3099 4426 3261 4496 ὑμεῖς
3299 4422 3665 4496 Ἀκαρνανίας

2082 4525 2185 4597 τὴν
2219 4524 2394 4595 ἀρχὴν
2416 4524 2720 4594 Νικηφόρῳ
2754 4520 3024 4592 ἠδύνασθε
3051 4522 3384 4592 περιποιεῖν,
3418 4517 3673 4574 ἀδικοῦν·

399 4614 570 4667 mium
610 4609 903 4665 habituros
932 4607 1322 4663 arbitramini?
1349 4608 1469 4661 Non
1501 4616 1650 4662 recte
1680 4610 1897 4678 sapitis,
1934 4627 1954 4666 ε

2054 4614 2056 4635 ¹
2085 4596 2185 4680 τας
2217 4617 2283 4672 ἂν
2307 4616 2377 4671 τὰ
2402 4616 2637 4688 μέγιστα
2669 4614 2893 4686 βασιλέα
2914 4614 3172 4683 ἀπέφηνα
3196 4613 3362 4683 ὑμᾶς.
3381 4610 3673 4679 Ἀγγέλους

401 4705 504 4757 hoc
539 4716 648 4755 non
678 4698 924 4754 creditis.
957 4697 1070 4767 Ego
1116 4711 1268 4761 vero,
1298 4695 1513 4749 etiamsi
1548 4710 1646 4764 per
1692 4711 1790 4751 vos
1827 4696 1987 4753 Nice-

400 4798 582 4867 phoro
610 4790 931 4848 Acarnaniae
986 4788 1357 4859 principatum
1408 4788 1697 4858 acquirere
1724 4789 1984 4858 possetis,

404 4889 459 4944 in
487 4889 878 4957 imperatorem
908 4870 1369 4954 iniuriosis-Simos
1392 4897 1516 4938 esse
1542 4883 1986 4952 pronuntiarem.

407 4976 601 5049 Angeli
644 4975 792 5031 enim
847 4988 959 5028 non
1010 4988 1041 5027 a
1092 4971 1353 5028 Barbarie
1398 4973 1707 5030 Acarnania
1761 4984 1991 5040 asserta,

409 5070 781 5142 principatum
836 5065 1118 5121 consecuti
1168 5074 1317 5128 sunt.
1376 5066 1472 5123 sed
1493 5068 1604 5139 jam
1653 5078 1765 5123 lum
1810 5067 1996 5139 subje.

410 5177 557 5223 ctam
591 5167 965 5219 Romanorum
1021 5163 1475 5233 imperatoribus,
1503 5178 1629 5219 cum
1683 5165 1752 5219 ab
1797 5164 1880 5219 eis
1904 5179 2003 5218 an-

412 5277 581 5315 nuam
606 5261 724 5331 ejus
746 5259 1187 5329 procurationem
1216 5256 1507 5322 haberent,
1531 5268 1754 5328 propter
1777 5257 2005 5323 bellum,

2088 4711 2196 4781 γὰρ
2225 4709 2328 4763 οὐκ
2356 4710 2468 4764 ἀπὸ
2491 4708 2789 4781 βαρϐάρων
2806 4706 3172 4777 Ἀκαρνανίαν
3196 4703 3675 4775 ἐλευθερώσαντας

2091 4801 2408 4874 κτήσασθαι
2463 4801 2668 4871 συνέϐη
2721 4799 2821 4870 τὴν
2878 4799 3097 4871 ἀρχήν*
3154 4797 3272 4850 ἀλλ’
3324 4796 3675 4866 ὑποχειρίους

2092 4896 2259 4960 ὂντας
2276 4894 2567 4966 Ῥωμαίων
2591 4891 2900 4964 βασιλεῦσι,
2933 4892 3025 4946 καὶ
3052 4889 3185 4962 παρ’
3206 4887 3435 4944 ἐκείνων
3463 4889 3680 4959 ἐτήσιον

2096 4987 2277 5059 ἀρχὴν
2314 4986 2414 5057 τῆς
2438 4985 2624 5057 χώρας
2655 4983 3192 5055 ἐπιτετραμμένους,
3255 4979 3684 5053 σφετερίσασθαι

2098 5078 2199 5147 τὴν
2232 5075 2409 5147 ἀρχὴν
2443 5075 2533 5130 διὰ
2556 5076 2650 5131 τὸν
2680 5074 3052 5145 ἐπενεχθέντα,
3075 5074 3197 5126 τότε
3242 5072 3396 5144 παρά
3438 5071 3686 5126 Λατίνων

2123 5165 2424 5239 Ῥωμαίοις
2447 5168 2706 5235 πόλεμον·
2739 5160 2816 5222 ὧν
2846 5167 2911 5237 δὴ
2941 5166 3036 5219 τοῦ
3060 5164 3374 5236 κρείττονος
3397 5162 3691 5237 συγχωρή-

2104 5278 2189 5317 σει
2234 5260 2534 5327 Βυζαντίου
2589 5260 2992 5331 κρατησάντων
3031 5259 3128 5312 καὶ
3181 5256 3407 5328 Θρᾴκης
3447 5255 3692 5325 ἁπάσης,

417 5355 567 5426 quod
613 5354 792 5409 Latini
821 5353 1089 5409 Romanis
1122 5352 1455 5416 intulerunt,
1490 5365 1611 5405 eam
1657 5350 1764 5405 sibi
1792 5358 1851 5405 ut
1882 5366 1954 5421 pri

2108 5353 2205 5408 καὶ
2230 5352 2338 5407 τῶν
2365 5354 2509 5408 κατὰ
2554 5350 2899 5407 Μακεδονίαν
2927 5350 3141 5404 πόλεων
3193 5348 3428 5414 πολλῶν,
3468 5345 3693 5418 βασιλέα

421 5449 595 5519 priam
629 5445 1001 5502 vindicarunt.
1053 5442 1290 5510 Quibus,
1327 5443 1538 5498 Latinis
1582 5443 1832 5513 inquam,
1879 5458 2012 5500 con-

2116 5443 2218 5518 μέν
2269 5445 2304 5517 ἡ
2343 5443 2636 5516 Ῥωμαίων
2694 5442 2933 5512 ὑπέθορε
2995 5442 3133 5511 πρὸς
3183 5440 3295 5494 ἓωο
3337 5436 3697 5510 ’Δκαρνανίας
3809 5463 3817 5469 -

1697 5568 1913 5629 Jacobi
1949 5569 2219 5631 Pontani
2254 5577 2422 5632 notes

498 5691 609 5759 (65)
643 5689 1029 5759 Demosthenis
1058 5687 1337 5759 sententia
1387 5688 1569 5759 estin
1627 5688 1997 5759 Olynthiacis,

431 5758 635 5830 quibus
663 5758 1011 5831 orationibus
1041 5758 1408 5831 Athenienses
1437 5758 1504 5811 ad
1537 5758 1801 5831 auxilium
1836 5759 2007 5831 Olyn-

440 5827 572 5884 thiis
588 5838 779 5883 contra
820 5828 1130 5896 Philippum
1165 5827 1450 5880 ferendum
1481 5829 1824 5894 cohortatur,
1857 5827 1924 5884 ne
1954 5834 2006 5885 in

437 5917 535 5955 sua
589 5899 808 5968 regione
865 5897 1082 5953 hostem
1147 5897 1408 5963 habeant,
1461 5898 1505 5952 si
1566 5899 1691 5954 illos
1751 5901 2009 5958 deserue-

2113 5691 2244 5746 rint.

2193 5763 2307 5833 (64)
2348 5762 2481 5818 Inde
2537 5778 2710 5834 usque
2753 5779 2783 5817 a
2824 5761 2968 5826 Julio
2997 5761 3211 5817 Caesare
3249 5756 3479 5815 Romani
3515 5763 3705 5812 tenent

2120 5832 2505 5889 Acarnaniam.
