4060 6478
341 375 442 438 641
1511 373 2062 435 HISTORIARUM
2104 373 2338 434 LIBER
2377 373 2462 432 Il.
3484 366 3593 431 652

341 490 400 542 δέ
432 488 531 558 τὴν
561 488 733 560 ἀρχὴν
766 490 1026 559 ’Ἄγγελοι
1071 491 1544 560 προσεποιήσαντο
1582 493 1792 555 ἑαυτοῖς
1827 492 1920 546 καὶ

2043 505 2182 546 :cssu
2238 476 2490 546 Numinis
2549 489 2826 558 Byzantio,
2861 488 3114 550 universa
3161 487 3412 551 Thracia,
3451 485 3598 542 mul-

344 579 494 635 ἄλλοι
529 578 699 640 ἄλλας
755 580 864 632 τῶν
920 580 1192 650 ἐσπερίων
1244 580 1527 650 ἐπαρχιῶν
1584 573 1660 634 ὧν
1693 581 1916 635 ἕκαστοι

2047 586 2201 653 isque
2273 583 2504 636 urbibus
2564 580 2894 634 Macedoniae
2956 581 3166 648 petitis,
3220 580 3594 633 Romanorum

346 671 540 740 ἔτυχον
602 670 1078 739 ἐπιτροπεύοντες,
1108 671 1194 724 διὰ
1231 671 1292 725 τὸ
1321 670 1600 741 βασιλεῦσι
1631 672 1918 738 Ῥωμαίων

2043 657 2242 742 [uideni
2278 671 2569 740 imperium
2611 671 2665 723 in
2695 669 2975 723 Orientem
3002 685 3120 724 sese
3151 669 3422 723 contraxit
3450 667 3595 737 (65).

345 762 514 816 δίοδον
547 762 650 816 οὐκ
683 757 823 816 εἶναι
854 765 992 832 πρὸς
1024 765 1222 828 αὐτοὺς
1255 765 1344 817 διά
1369 763 1591 836 Θρᾴκης
1621 764 1714 818 καὶ
1734 764 1920 817 Μακε-

345 853 525 916 δονίας
552 853 728 906 οὐσῶν
758 853 864 906 ὑπὸ
913 853 1187 916 Λατίνοις.
1215 853 1482 922 ’Ύστερον
1506 852 1563 905 δέ
1598 853 1744 906 ἔτεσι
1791 853 1921 906 πολ-

345 945 458 1006 λοῖς
483 943 589 998 ὑπὸ
616 943 726 997 τῶν
751 944 1131 1011 Παλαιολόγων
1169 944 1488 1014 ίθυνομένης
1514 944 1613 1013 τῆς
1628 944 1922 1013 Ῥωμαίων

349 1035 652 1108 βασιλείας,
687 1037 948 1101 Λατίνους
979 1037 1076 1106 μὲν
1105 1035 1260 1100 αὖθις
1286 1035 1382 1088 τοῦ
1433 1034 1567 1089 Θεοῦ
1599 1033 1924 1104 συναιρομέ-

347 1146 463 1194 νου,
499 1129 601 1196 τῆς
641 1130 932 1201 Ῥωμαίων
956 1129 1226 1200 ἐξήλασαν
1254 1127 1572 1199 ἡγεμονίαςο
1613 1127 1705 1180 καὶ
1739 1126 1923 1180 Ἀσίαν

351 1222 444 1274 καὶ
476 1220 749 1292 Εὐρώπην
783 1222 913 1290 ὅσης
969 1215 1142 1291 ἦρχον
1175 1221 1255 1283 είς
1285 1218 1343 1273 ἐν
1387 1217 1634 1288 συνῆψαν
1655 1233 1670 1248 ·
1720 1218 1923 1289 Ἀκαρ-

349 1313 543 1366 νανίαν
592 1312 652 1364 δέ
694 1312 984 1381 Ἀγγέλους
1043 1311 1425 1377 ἀπαιτοῦντες,
1503 1310 1605 1364 οὐκ
1664 1309 1926 1380 ἠδύναντο

355 1405 646 1458 ἀπολαϐεῖν
667 1419 683 1438 ⁸
711 1405 828 1460 ἀλλ’
859 1405 1022 1459 ἄδικα
1049 1405 1146 1458 καὶ
1178 1403 1330 1474 βίαια
1360 1403 1663 1468 ποιοῦντες,
1695 1401 1929 1455 ἀπεστέ-

363 1514 491 1567 ρουν
515 1516 528 1531 ·
562 1497 658 1560 καὶ
701 1496 965 1566 στρατιὰν
1003 1495 1266 1558 πολλάκις
1297 1495 1386 1548 ἐπ’
1416 1494 1660 1558 ἐκείνους
1703 1495 1928 1564 πέμψα-

359 1605 463 1652 σιν,
489 1585 630 1640 ὃπλα
652 1585 970 1658 ἀντῄροντο,
995 1590 1093 1640 καὶ
1115 1586 1241 1651 τοὺς
1267 1587 1581 1661 περιοίκους
1606 1587 1928 1657 συμμάχους

359 1680 626 1748 ἐπήγοντο
661 1677 993 1748 βαρϐάρους.
1034 1678 1143 1732 Τὸν
1179 1677 1536 1747 βασιλεύοντα
1565 1677 1625 1730 δέ
1660 1679 1777 1730 νυνὶ
1809 1679 1930 1730 ἐπι-

359 1764 731 1834 στρατεύοντα
761 1765 913 1834 ύμῖν,
949 1767 1044 1818 καὶ
1072 1768 1137 1837 τῇ
1164 1765 1372 1820 ἀνωθεν
1403 1767 1694 1837 ἐπικουρίᾳ
1727 1765 1928 1820 δουλω-

359 1857 612 1932 σάμενον,
647 1857 748 1910 οὐκ
777 1857 983 1911 ἀδικεῖν
1026 1857 1093 1911 ἄν
1139 1875 1224 1920 τις
1251 1858 1388 1926 φαίη
1415 1857 1514 1925 τὴν
1543 1857 1748 1929 ἐτέρων
1781 1873 1926 1927 παρ·
1959 1841 2000 1896 Β

359 1950 686 2020 αιρούμενον
748 1950 924 2020 ἀρχήν
949 1964 964 1979 ⁸
991 1949 1128 2004 ἀλλά
1156 1951 1392 2019 μάλιστα
1423 1950 1492 2003 τὰ
1535 1949 1721 2004 δίκαια
1756 1950 1930 2003 ποιεῖν

361 2037 814 2108 ἀπολαμϐάνοντα
867 2037 966 2111 τὴν
1027 2039 1313 2112 πατρῴαν.
1376 2041 1438 2093 Εἰ
1470 2040 1579 2111 γὰρ
1629 2040 1932 2111 Νικηφόρῳ

365 2129 570 2184 δίκαιον
588 2132 648 2184 τὸ
672 2134 736 2186 ἐκ
765 2134 1053 2202 προγόνων
1085 2133 1147 2202 οὐ
1178 2132 1390 2187 πολλῶν
1425 2132 1596 2187 ὄντων
1619 2133 1722 2200 τὴν
1755 2130 1931 2202 ἀρχὴν

369 2223 720 2290 κατάγεσθαι,
770 2225 954 2295 πολλῷ
987 2225 1191 2296 μᾶλλον
1245 2224 1460 2296 βασιλεῖ
1506 2224 1614 2278 τῶν
1661 2223 1932 2297 ἐξ-ἀρχῆς

363 2311 797 2383 βασιλευσάντων
841 2315 1129 2388 Ῥωμαίων
1164 2316 1278 2372 sm
1329 2317 1582 2387 ἀπογόνῳ
1642 2317 1785 2371 κατὰ
1839 2315 1934 2370 τὸν

359 2404 518 2474 λόγον
566 2406 666 2477 τῆς
714 2407 989 2480 διαδοχῆς.
1039 2409 1102 2463 Et
1153 2409 1210 2464 δέ
1243 2409 1303 2464 τὸ
1357 2409 1454 2464 τοῦ
1508 2408 1702 2482 χρόνου
1759 2409 1935 2479 μῆκος

360 2495 663 2566 ἀξιόχρεων
691 2498 842 2552 δοκεῖ
877 2499 1014 2572 πρὸς
1045 2499 1329 2554 δικαίωσιν
1381 2499 1535 2572 ὑμῖν,
1571 2499 1685 2554 ίστε
1740 2502 1937 2556 τάναν-

360 2581 454 2634 τία
507 2583 854 2654 λογιζόμενοι
902 2588 1012 2641 τῶν
1036 2587 1207 2643 όντων
1230 2605 1248 2621 ο
1283 2589 1486 2660 μᾶλλον
1518 2589 1628 2662 γὰρ
1655 2590 1745 2645 διὰ
1773 2589 1936 2644 τοῦτο

358 2672 520 2744 δίκης
551 2674 712 2741 ἄξιοι,
757 2678 838 2732 ὄτι
892 2677 1150 2736 τοσοῦτον
1181 2679 1376 2750 χρόνον
1425 2680 1686 2751 ἠδικεῖτε.
1742 2683 1808 2738 Et
1842 2678 1936 2738 οὖν

365 2769 583 2838 μηχανῇ
619 2784 679 2821 τε
700 2769 924 2841 οὐδεμιᾷ
956 2770 1019 2824 τὸ
1047 2772 1254 2828 ἁλῶναι
1281 2774 1344 2827 οὐ
1373 2773 1607 2830 δύνασθε
1631 2774 1933 2844 διαφυγεῖν,

362 2858 421 2911 εῐ
439 2874 496 2912 τε
529 2859 626 2914 καὶ
673 2859 910 2931 δύναμις
936 2863 1064 2934 ὑμῖν
1087 2864 1272 2936 παρῆν
1310 2866 1669 2938 Ἀκαρνανίας
1711 2867 1937 2937 βασιλέα

365 2947 701 3018 ἐξελαύνειν,
752 2952 814 3005 τὸ
872 2953 1081 3009 ἀδικεῖν
1113 2955 1214 3009 οὐκ
1237 2955 1305 3010 ἂν
1329 2951 1399 3028 ἦν
1431 2957 1744 3028 διαφυγεῖν,
1771 2960 1825 3014 τί
1858 2962 1939 3017 δεῖ

363 3041 612 3113 ἀνήνυτα
663 3042 962 3110 πονοῦντας
1032 3047 1133 3118 τήν
1192 3049 1575 3118 κακοπραγίαν
1639 3051 1938 3108 ἐπιτείνειν

365 3133 606 3238 ἑαυτοῖς,
639 3136 732 3189 καὶ
764 3136 839 3238 μή
876 3136 1234 3238 πειθομένους
1290 3142 1414 3210 ἐμοὶ
1469 3142 1539 3196 τὰ
1571 3142 1766 3212 βελτίω
1793 3162 1936 3215 συμσ
1967 3178 2011 3238 C

365 3223 698 3293 ϐουλεύοντι,
732 3229 885 3299 σφίσι
907 3229 1005 3300 μὲν
1033 3231 1217 3295 αὐτοῖς
1245 3233 1456 3298 αίτίους
1485 3235 1741 3303 γενέσθαι
1767 3237 1940 3306 μεγά-

364 3318 478 3372 λων
515 3319 758 3388 ἀγαθῶν,
797 3323 946 3394 ἡμᾶς
988 3323 1047 3378 δὲ
1095 3325 1277 3394 ὀλίγου
1308 3328 1475 3380 πόνου
1530 3314 1837 3393 ἀπαλλάξαι
1883 3330 1942 3384 ὃν

368 3411 758 3483 ὑπομενοῦμεν
783 3415 928 3484 ὑμᾶς
959 3419 1465 3489 καταστρεφόμενοι
1497 3438 1512 3486 ;
1539 3422 1660 3475 Ὀτι
1683 3422 1740 3476 δὲ
1771 3423 1803 3494 ἡ
1835 3423 1942 3494 ἐμὴ

368 3504 702 3574 παραίνεσις
757 3508 1119 3580 συμφέρουσα
1188 3513 1339 3581 ὑμῖν,
1402 3514 1579 3579 ἔξεστι
1634 3515 1945 3586 χρήσασθαι

369 3596 705 3668 συμϐούλοις
735 3601 848 3663 τοῖς
884 3602 1174 3670 συγγενέσι
1203 3603 1298 3656 καὶ
1336 3604 1575 3675 ἑταίροις
1607 3606 1760 3674 ὑμῶν
1805 3605 1944 3659 Ῥω-

369 3692 538 3760 γίοις,
597 3692 649 3745 οἳ
686 3694 809 3763 ἐμοὶ
841 3693 1020 3750 πάντα
1074 3695 1401 3766 ἀναθέμενοι
1433 3698 1500 3751 τὰ
1538 3699 1660 3751 κατ’
1717 3700 1941 3766 αὐτοὺς,

368 3785 507 3851 ὅσης
543 3786 870 3857 ἀπήλαυσαν
920 3789 1132 3854 εὐνοίας
1188 3793 1284 3845 καὶ
1338 3791 1598 3862 προνοίας
1658 3792 1757 3863 τῆς
1811 3793 1948 3863 πρὸς

375 3875 666 3945 βασιλέως,
705 3880 1149 3949 μαρτυρήσουσιν
1184 3883 1365 3938 αὐτοί.
1430 3883 1494 3937 Et
1519 3879 1613 3936 οὖν
1643 3885 1740 3937 καί⁵
1790 3885 1949 3954 ὑμεῖς

375 3968 446 4020 τὰ
481 3967 721 4040 ὑμέτερα
759 3971 1032 4041 ἀνάθησθε
1062 3973 1204 4044 ἐμοὶ,
1239 3975 1453 4028 εἴσεσθε
1487 3975 1668 4040 καλῶς
1714 3975 1790 4039 ὡς
1813 3977 1948 4046 ἀλη·

381 4056 468 4110 θεῖ
488 4059 584 4111 καὶ
613 4058 807 4132 δικαίῳ
843 4062 938 4114 καὶ
967 4061 1248 4134 δυναμένῳ
1263 4063 1339 4124 ,ρεῦ
1369 4067 1542 4118 ποιεῖν
1591 4064 1950 4120 ἐπιστεύσατε

375 4151 554 4223 ἀνδρί.
628 4154 952 4224 Ἀπολογίαν
1017 4155 1120 4226 μέν
1179 4152 1275 4210 οὖν
1326 4159 1420 4210 ἐπὶ
1475 4161 1590 4221 τοῖς
1641 4159 1951 4230 εἰρημένοις

375 4246 631 4299 ἀπαιτεῖν
659 4247 722 4299 οὐ
753 4245 964 4301 δίκαιον
990 4248 1130 4314 νυνὶ,
1157 4249 1268 4303 τῶν
1299 4249 1559 4304 πλειόνων
1588 4267 1647 4304 τε
1679 4252 1948 4317 ἀπόντων,

376 4337 474 4391 καὶ
505 4337 658 4406 ὑμῶν
687 4337 1040 4411 ἀμελετήτων
1097 4341 1234 4410 πρὸς
1260 4342 1386 4406 τοὺς
1416 4342 1607 4412 λόγους
1631 4344 1830 4398 ὄντων·
1865 4346 1955 4398 ἐκ-

378 4430 612 4499 κλησίαν
641 4431 700 4487 δέ
727 4433 1083 4504 ἀθροίσαντες
1115 4435 1210 4488 καὶ
1235 4434 1666 4506 βουλευσάμενοι
1698 4439 1825 4508 περὶ
1845 4439 1953 4492 τῶν

2018 764 2381 819 Acarnaniam
2418 769 2598 815 autem
2653 761 2864 830 Angeli,
2914 760 3120 829 aliique
3168 760 3303 814 alias
3336 760 3592 814 occideno

2023 855 2159 911 tales
2193 854 2528 923 provincias,
2554 867 2788 920 quarum
2820 861 3082 919 praetores
3107 861 3287 914 erant,
3331 852 3433 906 sibi
3469 853 3600 904 sub-

2021 943 2282 1002 dideruht
2311 964 2323 999 :
2354 953 2645 1015 propterea
2676 944 2821 1012 quod
2858 944 3118 999 Romanis
3151 944 3598 1012 imperatoribus,

2024 1039 2312 1094 Thraciam
2347 1046 2400 1092 ct
2428 1038 2801 1092 Macedoniam
2857 1035 3076 1090 Latinis
3109 1036 3425 1092 tenentibus
3464 1038 3596 1106 (66),

2025 1133 2092 1187 ad
2123 1133 2244 1188 illas
2275 1131 2540 1187 transitus
2572 1146 2683 1185 non
2715 1131 2956 1198 patebat.
2991 1128 3236 1182 Tandem
3277 1138 3400 1197 post
3426 1145 3600 1183 annos

2026 1222 2312 1292 plurimos,
2363 1236 2488 1276 cum
2540 1219 2832 1290 imperium
2887 1219 3263 1273 Romanorum
3322 1235 3351 1272 a
3388 1220 3598 1274 Palzeo—

2025 1314 2164 1384 logis
2197 1325 2501 1383 regeretur,
2533 1312 2762 1366 Latinos
2793 1313 2901 1366 Deo
2943 1311 3250 1381 epitulantc
3284 1312 3598 1381 principatu

2027 1405 2359 1476 depulerunt
2434 1412 2491 1460 et
2539 1404 2721 1458 Asiam
2765 1412 2930 1474 atque
2990 1404 3264 1472 Europam
3315 1419 3602 1472 quousque

2028 1497 2393 1567 imperabant,
2443 1497 2640 1552 iterum
2697 1498 3109 1566 conjunxerunt
3173 1512 3187 1547 :
3235 1496 3600 1550 Acarnaniam

2027 1586 2096 1641 ab
2128 1587 2349 1658 Angelis
2395 1586 2599 1641 frustra
2650 1586 3047 1656 repetiverunt,
3099 1585 3194 1655 qui
3246 1602 3341 1654 per
3377 1587 3484 1639 vim
3545 1597 3604 1640 et

2028 1680 2208 1735 scelus
2270 1693 2392 1734 eam
2447 1679 2769 1742 retinentes,
2825 1678 3026 1747 srepius
3081 1688 3274 1733 contra
3317 1693 3374 1731 se
3421 1679 3605 1734 missis

2029 1772 2385 1836 exercitibus,
2413 1787 2538 1826 cum
2569 1771 2765 1826 vicinis
2801 1770 3062 1825 barbaris
3105 1770 3170 1824 ad
3223 1771 3483 1825 auxilium
3517 1773 3604 1826 in-

2030 1864 2238 1919 vocatis
2287 1863 2634 1918 restiterunt.
2679 1861 3076 1930 Imperatorem
3109 1875 3277 1939 porro
3310 1861 3476 1925 hunc,
3510 1863 3606 1931 qui

2030 1969 2180 2010 nunc
2209 1969 2307 2010 vos
2333 1954 2542 2010 cmlesti
2593 1953 2762 2008 fultus
2809 1966 2914 2020 ope
2960 1952 3128 2008 armis
3168 1952 3404 2024 subegit,
3446 1969 3607 2009 nemo

2031 2047 2294 2118 injustum
2331 2061 2456 2101 esse
2507 2044 2743 2106 dixerit,
2782 2044 2912 2098 dum
2972 2043 3114 2099 alios
3161 2044 3435 2115 imperare
3494 2061 3605 2099 non

2032 2140 2266 2206 patitur,
2342 2138 2438 2194 sed
2464 2138 2857 2210 iustissimum,
2881 2135 2976 2204 qui
3006 2134 3288 2208 paternam
3319 2135 3610 2191 haeredita-

2033 2239 2144 2287 tem
2171 2238 2440 2300 reposcat.
2485 2230 2543 2285 Si
2585 2230 2733 2286 enim
2773 2244 2994 2302 aequum
3021 2236 3128 2292 est,
3165 2227 3536 2299 Nicephorum
3575 2242 3607 2283 a

2033 2318 2337 2390 majoribus
2385 2317 2531 2373 haud
2584 2318 2660 2372 ita
2693 2317 2885 2373 multis
2908 2315 3274 2387 principatum
3311 2313 3609 2380 deducere,

2034 2419 2244 2481 quanto
2290 2409 2503 2479 sequius
2535 2409 2950 2480 imperatorem,
2981 2407 3374 2478 imperatorum
3407 2404 3501 2474 qui
3540 2404 3611 2459 ab

2035 2501 2194 2557 initio
2226 2501 2584 2557 Acarnaniam
2619 2507 2919 2556 tenuerunt
2978 2506 3236 2568 nepotem
3317 2510 3616 2552 successo-

2009 2609 2264 2664 .remque
2293 2592 2647 2665 legitimum?
2678 2592 2834 2660 Quod
2859 2591 2930 2648 .si
2973 2587 3433 2662 longinquitatem
3475 2595 3616 2641 tem-

2036 2687 2189 2758 poris
2245 2701 2426 2744 causa:
2490 2695 2688 2742 vestra;
2750 2685 2886 2739 satis
2951 2681 3282 2754 patrocinari
3347 2677 3612 2744 censetis,

2038 2779 2234 2836 scitote
2261 2795 2360 2835 vos
2389 2777 2588 2834 falsum
2618 2775 2939 2832 ratiocinari
2971 2774 3119 2846 (67);
3149 2787 3274 2827 nam
3309 2771 3380 2825 ob
3410 2770 3466 2826 id
3501 2785 3619 2824 mae

2038 2873 2121 2944 gis
2155 2872 2429 2943 supplicio
2478 2871 2628 2942 digni
2674 2871 2832 2935 estis,
2881 2868 2976 2939 qui
3029 2866 3218 2924 tandiu
3276 2867 3332 2920 in
3368 2863 3618 2920 facienda

2041 2966 2246 3038 injuria
2279 2963 2797 3036 perseveraveritis.
2829 2960 2972 3032 Ergo
3001 2960 3048 3016 si
3078 2958 3229 3014 nulla
3260 2956 3458 3011 fraude
3489 2970 3621 3010 eva-

2040 3060 2173 3116 de‘re
2200 3059 2454 3130 potestis,
2486 3058 2618 3128 quin
2653 3052 3089 3116 convincamini,
3135 3051 3297 3122 317
3328 3059 3382 3103 et
3411 3049 3454 3104 si
3487 3049 3622 3103 viri.

2041 3153 2146 3208 bus
2173 3151 2242 3206 ad
2273 3151 2660 3220 imperatorem
2687 3146 2998 3203 Acarnania
3038 3143 3368 3214 ejiciendum
3412 3142 3622 3197 valere-

2045 3244 2135 3308 tis.
2154 3258 2264 3298 non
2290 3242 2527 3313 possetis
2558 3250 2738 3296 tamen
2767 3239 2983 3310 injuriae
3008 3237 3323 3308 opinionem
3355 3235 3617 3303 effugi-re,

2043 3334 2199 3406 quid,
2248 3350 2455 3405 qureso,
2493 3333 2734 3389 inaniter
2782 3331 3119 3392 laborantes,
3157 3327 3432 3382 miseriam
3462 3325 3622 3380 vobis

2044 3428 2390 3499 producitis?
2439 3426 2584 3492 Quin
2645 3425 2780 3480 mihi
2836 3422 3099 3479 salut-aria
3156 3419 3400 3474 monenti
3461 3417 3625 3471 obse-

2046 3530 2301 3592 quentes,
2321 3517 2550 3575 etvobis
2577 3516 2920 3572 uberrimum
2947 3512 3184 3567 fructum
3215 3507 3618 3578 adipiscimini;

2047 3618 2104 3662 et
2129 3621 2230 3661 nos
2279 3621 2308 3660 a
2364 3606 2583 3660 tantillo
2618 3604 2830 3670 labore,
2867 3615 3030 3674 quem
3087 3598 3246 3654 vobis
3299 3596 3626 3652 edomandis

2048 3696 2467 3764 sustinebimus,
2492 3696 2700 3752 liberos
2728 3710 2853 3750 esse
2876 3690 3095 3750 sinitis?
3127 3689 3400 3750 Caeterum
3427 3688 3627 3746 cohor-

2049 3793 2313 3847 tationem
2366 3805 2544 3844 meam
2602 3796 2661 3843 ut
2719 3802 2828 3842 non
2885 3786 3138 3842 inutilem
3200 3785 3366 3840 rebus
3407 3785 3624 3842 vestris.

2051 3884 2250 3954 Rhogii
2293 3883 2512 3955 cognati
2573 3897 2637 3936 ac
2674 3881 2807 3937 socii
2849 3881 3017 3935 vestri
3053 3878 3424 3942 testabuntur,
3457 3878 3500 3932 si
3531 3891 3628 3930 eos

2050 3977 2318 4033 adhibere
2369 3974 2721 4052 cqnsiliarios
2770 3972 3064 4028 volueritis
3099 3988 3111 4022 :
3144 3971 3238 4041 qui
3286 3985 3411 4025 cum
3446 3970 3499 4022 in
3540 3983 3629 4021 ar-

2052 4069 2221 4124 bitrio
2261 4083 2386 4123 meo
2427 4083 2527 4123 sua
2573 4065 2908 4136 posuissent,
2950 4073 3158 4133 quanta
3206 4077 3340 4117 cura
3393 4061 3630 4114 benem-

2052 4161 2333 4230 lentiaque
2380 4161 2448 4215 ab
2480 4161 2813 4229 imperatore
2844 4154 3050 4226 dignati
3087 4154 3220 4218 sint,
3253 4153 3356 4223 ipsi
3397 4154 3630 4221 loquen-

2054 4263 2165 4310 tur.
2199 4253 2254 4310 Si
2305 4254 2435 4309 item
2461 4268 2564 4308 vos
2591 4261 2774 4308 vestra
2807 4249 2941 4304 mihi
2973 4247 3360 4318 permiseritis,
3395 4245 3628 4300 efﬁciam

2055 4355 2116 4400 ut
2165 4360 2230 4400 ca
2279 4344 2492 4399 homini
2546 4342 2728 4398 veraci
2767 4351 2823 4396 et
2865 4343 3035 4412 justo,
3087 4348 3144 4394 et
3179 4337 3272 4408 qui
3304 4336 3629 4392 benefacere

2055 4439 2250 4510 possit,
2309 4436 2633 4507 permisisse
2685 4434 2946 4505 praeclare
2995 4429 3334 4501 intelligatis.
3377 4429 3630 4496 Respon-

375 4523 628 4600 δεόντων,
664 4525 724 4587 ἐς
772 4526 873 4597 τὴν
923 4526 1245 4597 ὑστεραίαν,
1301 4529 1350 4581 εί
1380 4529 1544 4590 δοκεῖ,
1605 4529 1832 4584 ἀπόδοτε
1862 4531 1942 4585 τὸν

2057 4532 2268 4588 sionem
2299 4529 2353 4584 in
2382 4544 2624 4600 praesens
2653 4542 2763 4582 non
2791 4525 3032 4598 postulo,
3059 4522 3278 4594 quando
3303 4521 3476 4592 major
3505 4534 3631 4590 pars

375 4598 562 4681 ὶΒγον.
605 4614 664 4667 Ὀ
699 4615 797 4684 μέν
824 4612 916 4671 οὖν
964 4618 1137 4672 εἰπὼν
1166 4619 1394 4673 τοιαῦτα
1449 4620 1585 4691 πρὸς
1646 4620 1951 4691 Ἀρταίους,

377 4707 729 4779 ἀνεχώρησεν
777 4711 860 4774 είς
901 4711 963 4764 τὸ
1025 4713 1412 4784 στρατόπεδον,
1480 4713 1801 4768 Καϐασίλαν
1856 4716 1952 4768 καὶ

377 4799 506 4860 τοὺς
521 4799 713 4865 ἀλλους
730 4799 992 4870 Ῥωγίους
1021 4804 1364 4874 διαλέγεσθαι
1399 4806 1585 4868 αὐτοῖς
1608 4804 1948 4873 καταλιπὼν,

2058 4623 2249 4687 abest;
2279 4631 2334 4678 et
2368 4637 2466 4676 vos
2511 4620 2580 4675 ad
2631 4617 3075 4690 respondendum
3130 4631 3241 4671 non
3280 4613 3416 4693 estis
3461 4611 3635 4666 medi-

2060 4717 2178 4771 tati.
2215 4714 2322 4771 Ubi
2354 4722 2479 4770 acto
2519 4722 2794 4768 conventu
2840 4711 2910 4766 de
2957 4725 3170 4766 summa
3204 4723 3387 4762 rerum
3421 4704 3633 4761 delibe-

2061 4808 2338 4874 raveritis,
2383 4805 2630 4862 crastino
2657 4805 2773 4870 die,
2816 4805 2861 4861 si
2895 4804 3109 4871 libebit,
3138 4801 3484 4872 respondete.
3536 4798 3632 4852 llis

1649 4920 1866 4984 Jacobi
1903 4921 2168 4982 Pontani
2203 4931 2397 4986 notae.

456 5043 929 5118 (65)_‘Tlieod9ro
989 5043 1210 5118 Lascari
1276 5046 1610 5116 imperatore
1671 5045 1956 5118 designato

384 5113 532 5172 circa
561 5114 795 5170 Nicaeam
826 5113 1114 5185 Bithyniae.

457 5186 568 5255 (66)
613 5185 714 5240 Per
760 5199 936 5255 annos
961 5184 1095 5255 fere
1129 5184 1218 5240 65.
1249 5184 1480 5255 ilnterea
1522 5186 1857 5242 Nicomediae
1899 5185 1954 5241 in

387 5254 642 5326 Bith'ynia
675 5255 861 5326 sedem
893 5254 1205 5309 habuerunt
1233 5254 1826 5326 Constantinopolitani
1857 5256 1960 5310 im-

390 5323 696 5395 pera'tores.
745 5323 967 5395 Primus
1026 5332 1209 5395 autem
1258 5339 1327 5378 ex
1365 5394 1370 5395 γ
1405 5323 1616 5381 Latinis
1665 5327 1956 5395 imperavit

389 5394 900 5463 Constantinopoli,
952 5408 1096 5447 anno
1162 5394 1378 5449 Domini
1443 5396 1603 5459 1200,
1653 5394 1956 5452 Balduinus

391 5464 626 5519 Flander
691 5465 973 5519 mensibus
1026 5478 1082 5518 ιι.
1136 5463 1257 5530 Quo
1309 5480 1341 5519 a
1378 5465 1565 5521 Maesia
1613 5475 1670 5522 et
1708 5464 1958 5533 Bulgaris

393 5543 555 5604 capto
575 5544 740 5606 atque
769 5533 1082 5600 interfecto,
1118 5534 1630 5606 interregnumﬂl‘uit
1650 5550 1956 5606 announo

387 5611 449 5673 et
487 5605 770 5662 mensibus
821 5613 1075 5673 quatubr.
1131 5604 1441 5669 Secundus,
1494 5604 1788 5668 Henricus,
1830 5604 1958 5658 Bal-

395 5672 548 5727 duini
581 5674 746 5740 illius,
780 5674 874 5743 qui
911 5673 1031 5728 sine
1066 5673 1254 5730 liberis
1277 5676 1432 5731 obiit.
1459 5676 1704 5739 Tertius,
1737 5675 1954 5739 Petrus,

395 5757 576 5800 omnes
624 5743 1093 5799 Altisiodorensis.
1142 5744 1402 5811 Quartus,
1465 5747 1765 5800 Robertus.
1809 5744 1952 5798 Petri

399 5813 556 5870 Illius.
588 5815 846 5881 Quintus.
871 5813 1167 5868 Balduinus
1207 5818 1501 5885 secundus,
1535 5816 1758 5870 Roberti
1788 5815 1951 5867 lilins.

2062 5047 2248 5104 Donec
2278 5047 2510 5119 Michael
2549 5048 2888 5119 Palamlogus
2945 5046 3242 5119 imperium
3274 5041 3641 5119 Latinisnere-

2061 5125 2216 5187 ptum
2272 5118 2475 5174 Graecis
2526 5110 2816 5180 restituit:
2842 5133 2987 5171 anno
3027 5110 3244 5187 Domini
3288 5113 3444 5167 1258.
3488 5110 3640 5187 Quo-

2065 5182 2228 5244 inodo
2276 5189 2596 5259 praeclaram
2651 5189 2797 5242 illam
2835 5188 3035 5259 urbem
3061 5185 3242 5259 Latini
3291 5182 3634 5259 occuparint,

2059 5265 2119 5330 et
2149 5254 2313 5328 quam
2357 5258 2642 5330 horribilia
2674 5259 2882 5330 scelera
2922 5256 3287 5330 designarint,
3319 5254 3448 5330 fuse
3472 5254 3636 5330 doc«_t

2058 5321 2278 5384 Nicetas
2336 5330 2390 5384 in
2440 5329 2632 5384 Alexio
2670 5328 2977 5390 Comneno,
3027 5321 3127 5380 lib.
3175 5341 3260 5389 ιιι,
3318 5324 3372 5377 in
3404 5321 3639 5392 imperio

2057 5397 2233 5452 Alexii
2274 5400 2457 5464 Ducac,
2492 5407 2860 5468 cognomento
2885 5394 3239 5468 Murtzupbli.

2131 5469 2245 5538 (67)
2289 5469 2408 5524 Non
2453 5466 2582 5523 vult
2603 5469 2722 5523 dari
2759 5466 3234 5538 praescriptionem
3273 5466 3328 5521 in
3367 5467 3550 5538 regnis
3583 5472 3640 5538 et
3691 5507 3694 5511 .

2059 5534 2361 5608 provinciis
2405 5557 2420 5594 :
2469 5548 2526 5594 et
2565 5539 2659 5608 qui
2716 5534 2804 5591 vel
2832 5534 3055 5608 centum
3106 5537 3268 5591 annis
3326 5534 3635 5608 possederit

2062 5604 2453 5690 regnum‘non.
2483 5604 2668 5690 suum,
2715 5606 2861 5690 quod
2902 5605 3091 5690 inique
3139 5604 3446 5690 occuparit,
3472 5622 3538 5662 eo
3570 5604 3640 5690 ab

2061 5674 2552 5803 hajredctlegitimo
2577 5674 2778 5750 depelli
2809 5690 2970 5747 posse
2990 5674 3015 5741 ;“
3041 5677 3109 5730 de
3140 5691 3249 5745 quo
3275 5674 3641 5747 iureconsulti

2061 5764 2110 5801 Vl
2153 5766 2272 5803 CI’III
2305 5789 2320 5803 ι

2060 5764 2320 5806 ιἰιιρῐιιιῐ.
