4060 6434
407 411 508 468 (.45

1573 398 2117 460 HISTORIARUM
2157 398 2392 459 LIBER
2434 402 2511 460 II.

3547 403 3652 467 6ίῦ

403 525 590 577 δέοντα
629 527 718 576 καὶ
764 524 948 590 σφίσιν
985 521 1170 582 αὐτοῖς
1225 515 1318 569 καὶ
1356 514 1573 583 πατρίδι
1615 511 1978 582 βουλευσάμε-

2087 522 2207 577 vos;
2234 521 2288 565 et
2332 511 2562 581 patriam
2617 520 3001 566 conservatum
3058 511 3216 568 vtstis
3245 528 3260 567 :
3293 529 3527 583 quorum
3568 531 3652 568 vo-

397 616 909 678 wt).ua::e)tobvta,
934 615 1029 667 καὶ
1053 612 1283 672 ἑαυτοὺς
1307 607 1585 661 σεσώκατε
1606 605 1702 658 καὶ
1726 603 1979 674 πατρίδα’

408 703 484 760 ὧν
538 708 606 761 τά
643 707 863 778 σῶστρα
897 706 1028 775 ὑμῖν
1078 701 1318 770 ὀφείλειν
1373 697 1535 761 αὐτὸς
1584 696 1854 767 ὁμολογῶ,
1895 693 1984 748 διὰ

402 800 504 868 τὴν
541 799 833 868 εὐμένειαν
861 797 960 868 τὴν
991 796 1128 864 πρὸς
1161 794 1330 862 ὑμᾶς,
1359 790 1518 844 πάνθ’
1549 791 1650 842 ὅσα
1679 789 1815 858 πρλς
1839 788 1983 856 ὑμᾶς

403 891 527 961 ἥκει
558 890 741 958 ἀγαθὰ
769 888 1124 956 λογιζόμενος
1150 884 1431 951 διαφέρειν
1463 879 1707 951 ἐμαυτῷ.
1745 877 1984 932 Τοιαῦτα

404 984 496 1036 καὶ
555 983 700 1052 ἕτερ’
769 980 906 1034 ἄττα
948 977 1157 1044 πολλῆς
1208 975 1448 1042 γέμοντα
1525 972 1831 1041 πραότητος
1888 967 1984 1022 καὶ

403 1071 631 1140 χάριτος
669 1067 808 1137 πρὸς
833 1066 1033 1127 αὐτοὺς
1065 1061 1391 1132 διαλεχθεὶς,
1425 1060 1544 1130 ἅμα
1573 1057 1876 1129 Βασιλίτζῃ
1905 1056 1984 1127 τῷ

408 1161 507 1229 τῆς
543 1160 754 1219 πόλεως
791 1158 1020 1227 ἄρχοντι
1059 1155 1158 1208 καὶ
1196 1153 1324 1215 τοὺς
1361 1151 1560 1214 ἀλλους
1615 1151 1733 1203 ὅσοι
1759 1144 1902 1220 ἦσαν
1925 1150 1983 1201 ἐν

406 1249 554 1317 λόγῳ
581 1246 940 1318 παραλαϐὼν,
972 1245 1181 1316 ἢγαγεν
1211 1242 1286 1306 ὡς
1323 1241 1553 1312 βασιλέα
1577 1259 1591 1271 ·
1646 1239 1984 1312 συγγνώμης

410 1358 466 1394 τε
525 1340 608 1408 ἐφ’
642 1335 723 1403 οἷς
772 1341 1090 1408 ἀπέστησαν
1119 1337 1375 1407 τυχόντες
1405 1337 1500 1389 καὶ
1532 1333 1747 1388 πολλῶν
1776 1334 1982 1404 ἐτέρων

411 1428 765 1496 εὐεργεσιῶν,
820 1425 1209 1487 ἐπανελθόντες
1237 1424 1328 1477 καί
1388 1423 1830 1485 ἀναπετάσαντες
1884 1420 1984 1485 τὰς

411 1518 611 1582 πύλας,
642 1517 978 1583 εἰσεδέξαντο
1001 1516 1230 1588 βασιλέα
1255 1516 1348 1570 καὶ
1379 1518 1478 1584 τὴν
1499 1515 1666 1584 ἄλλην
1700 1512 1982 1584 στρατιὰν,

408 1611 507 1682 τὴν
535 1611 691 1664 πόλιν
749 1611 1109 1681 παραδόντες.
1167 1609 1432 1670 Βασιλεὺς
1462 1606 1518 1660 δὲ
1557 1606 1664 1660 ’καὶ
1715 1603 1983 1676 πρότερον

410 1702 511 1770 μὲν
541 1696 869 1756 ἐκεκάκωτο
882 1702 948 1756 τὰ
981 1700 1295 1770 σπλάγχνα,
1323 1700 1418 1753 καὶ
1455 1698 1692 1752 διέκειτο
1731 1695 1984 1767 πονηρῶς

406 1792 498 1845 ὑπ’
529 1793 732 1846 αὐτῶν·
766 1793 894 1846 τότε
931 1791 990 1846 δέ
1029 1794 1094 1845 ὲκ
1148 1794 1250 1858 τῆς
1288 1790 1663 1854 κακοπαθείας
1694 1790 1792 1859 τῆς
1837 1786 1983 1842 κατὰ

2089 603 2172 656 bis
2200 603 2420 671 σῶστρα
2449 602 2539 674 [id
2574 615 2681 669 est,
2714 605 2988 659 libertatis
3013 619 3076 660 ac
3103 605 3298 660 salutis
3327 617 3660 664 conservata:

2086 695 2359 765 pretium]
2396 695 2583 749 deberi
2619 693 2908 758 confiteor,
2939 694 3031 764 qui
3069 709 3258 750 amore
3289 697 3525 766 quodam
3564 712 3661 760 ve-

2086 787 2211 852 stri,
2261 787 2443 841 omnia
2499 787 2564 841 ad
2624 802 2719 842 vos
2764 787 2904 842 bona
2954 787 3311 853 continentia,
3350 804 3467 843 mea
3517 789 3659 843 bona

2081 877 2298 948 judico.
2361 880 2510 934 Talia
2569 890 2626 934 et
2690 881 2848 950 plura
2912 882 3200 938 suavitatis
3250 881 3662 952 gratiarumqne

2086 969 2246 1040 plena
2297 983 2423 1023 cum
2480 969 2852 1033 disseruisset,
2886 970 3196 1025 Basilitzem
3233 969 3551 1040 praefectum
3605 977 3665 1024 et

2087 1060 2222 1114 alios
2271 1058 2512 1114 civitatis
2550 1059 2826 1129 principes
2857 1059 2924 1114 ad
2963 1060 3353 1128 imperatorem
3382 1057 3609 1116 adducit
3644 1077 3660 1112 :

2085 1151 2176 1222 qui
2214 1149 2374 1205 venia
2405 1165 2469 1204 ac
2501 1149 2662 1205 donis
2701 1147 3139 1220 insuper'aﬂ‘ecti
3174 1151 3492 1212 redeuntes,
3524 1165 3660 1218 por-

2089 1245 2158 1298 tis
2201 1242 2434 1298 reclusis
2461 1256 2586 1296 cum
2633 1244 2878 1298 exercitu
2915 1259 3041 1298 eum
3075 1243 3514 1305 inn-omiserunt,
3564 1257 3660 1295 ur»

2086 1334 2322 1404 bemque
2352 1333 2703 1389 dediderunt.
2753 1334 3056 1402 Imperator
3087 1350 3211 1389 cum
3243 1342 3400 1388 antea
3439 1349 3662 1404 quoque

2086 1426 2472 1482 intestinorum
2523 1425 2707 1480 dolere
2751 1433 3122 1495 torqueretur,
3168 1435 3226 1480 et
3268 1439 3333 1479 ex
3369 1426 3452 1480 eis
3489 1423 3660 1477 vehe-

2085 1526 2300 1572 menter
2323 1517 2617 1581 laboraret,
2642 1524 2774 1571 tunc
2795 1531 2863 1569 ex
2887 1515 3250 1570 incommodis
3273 1514 3659 1586 expeditionis,

2084 1620 2138 1665 et
2168 1607 2474 1680 praesertim
2530 1621 2596 1662 ex
2653 1609 2777 1663 coeli
2837 1607 3133 1663 insolentia
3187 1613 3304 1660 toto
3354 1604 3661 1660 obsidionis

2085 1711 2332 1772 tempore
2381 1701 2701 1771 wgrotabat.
2771 1701 3087 1756 Exercitum
3151 1708 3420 1770 praeterea
3481 1705 3657 1752 totum

2084 1793 2242 1847 alvus
2282 1791 2451 1847 citata
2482 1791 2799 1857 exercebat,
2832 1792 3122 1861 febresque
3195 1798 3252 1844 et
3280 1789 3438 1844 dolor
3465 1787 3660 1856 capitis

405 1883 504 1952 τὴν
540 1886 859 1957 στρατείαν,
919 1885 1154 1955 μάλιστα
1190 1884 1247 1938 δὲ
1300 1884 1394 1937 καί
1423 1881 1512 1936 διά
1540 1881 1650 1936 τῶν
1673 1881 1852 1949 ἀέρων
1875 1880 1978 1949 τὴν

2085 1882 2440 1949 divexabant,
2458 1897 2521 1937 ac
2544 1883 2705 1952 pauci
2731 1883 2894 1954 hujus
2919 1881 3046 1936 mali
3066 1891 3323 1951 expertes
3347 1878 3656 1933 manebant.

405 1979 657 2049 ἀήθειαν,
712 1977 864 2048 παρὰ
918 1979 1100 2032 πάντα
1141 1977 1232 2031 τὸν
1285 1977 1385 2046 τῆς
1436 1975 1757 2044 πολιορκίας
1786 1971 1981 2043 χρόνον

406 2069 604 2123 ἐνόσειο
627 2069 725 2124 καὶ
756 2070 788 2140 ἡ
814 2069 950 2141 άλλη
976 2069 1034 2123 δὲ
1068 2070 1220 2123 πᾶσα
1251 2067 1480 2138 στρατιά
1513 2064 1820 2136 διαρροίαις
1848 2078 1983 2116 κατ-

2086 1973 2251 2045 319
2310 1971 2481 2027 Nemo
2528 1982 2708 2027 tamen
2752 1982 2950 2043 prmter
3011 1971 3348 2042 Sphranzetu
3401 1984 3661 2040 magnum

2090 2064 2629 2135 stratopedarcham,
2661 2064 2892 2130 interiit,
2923 2064 3019 2118 sed
3053 2063 3262 2118 diutius
3295 2077 3422 2117 cum
3467 2061 3662 2116 morbo

404 2163 655 2232 εχόμενοι
711 2163 806 2217 καὶ
861 2164 1120 2234 πυρετοῖς
1176 2161 1272 2214 καὶ
1326 2157 1580 2229 κεφαλῶν
1663 2155 1978 2225 ἀλγήμασιν

2085 2155 2363 2210 colluctati
2408 2155 2886 2210 convalesrebant.
2938 2154 3102 2224 Equi,
3139 2153 3297 2216 muli,
3334 2161 3390 2207 et
3447 2150 3661 2219 siquid

404 2249 646 2319 ἐπασχον
680 2249 869 2313 κακῶς
895 2266 913 2284 ο
941 2249 1038 2304 καὶ
1070 2248 1244 2318 ὀλίγοι
1276 2242 1417 2318 ἦσαν
1453 2245 1502 2299 οἰ
1535 2243 1896 2313 διαφυγόντες
1914 2241 1978 2295 τδ

2081 2246 2226 2302 aliud
2269 2245 2586 2302 animalium
2629 2255 2768 2313 erat,
2796 2247 3090 2302 dillieulter
3120 2247 3290 2300 vitam
3321 2245 3658 2301 retinebant.

405 2342 597 2395 κακόν.
667 2342 988 2411 Ἐτεθνήκει
1047 2341 1106 2395 δὲ
1162 2339 1344 2403 οὐδεὶς
1396 2337 1505 2392 ὑπὸ
1554 2337 1734 2400 νόσου,
1788 2336 1838 2389 εἰ
1904 2334 1978 2406 μὴ

2081 2334 2260 2402 Quare
2303 2335 2371 2390 de
2407 2335 2595 2390 multis
2625 2334 2770 2388 haud
2806 2333 2963 2389 multi
2992 2348 3117 2388 cum
3149 2333 3309 2403 equis
3350 2333 3659 2390 redierunt.

290 2448 296 2454 '
405 2433 728 2506 Σφραντζὴς
783 2437 812 2488 ὁ
870 2434 1047 2506 μέγας
1084 2430 1609 2504 στρατοπεδάρχης·
1669 2428 1760 2480 ἐπὶ
1789 2427 1978 2498 χρόνον

2081 2429 2211 2482 Arta
2246 2436 2490 2498 recepta,
2529 2427 2828 2497 imperator
2879 2425 3085 2481 ibidem
3119 2426 3191 2480 ob
3224 2425 3480 2481 aiilietam
3509 2424 3661 2478 vale-

405 2524 462 2578 δέ
505 2525 716 2598 ’συχνὸν
771 2527 1130 2589 παλαίοντες.
1165 2526 1233 2595 τῇ
1296 2523 1460 2594 νόσῳ,
1523 2520 1937 2591 ἀπηλλάττοντο
1961 2535 1977 2551 ο

2081 2518 2328 2574 tudinem
2361 2520 2583 2574 mansit.

404 2615 562 2669 ’ίπποι
623 2617 681 2671 δέ
739 2618 836 2672 καὶ
889 2618 1130 2688 ἡμίονοι,
1205 2615 1304 2668 καὶ
1367 2612 1423 2666 ετ
1483 2629 1538 2667 τι
1597 2613 1708 2666 τῶν
1771 2611 1986 2679 ἀλόγων
2061 2609 2251 2682 ἕτερον
2305 2606 2416 2682 ἦν,
2485 2610 2745 2680 χαλεπῶς
2809 2609 3066 2680 διέφευγε
3131 2611 3192 2663 τὸ
3268 2609 3660 2679 ἀποθνήσκειν.

407 2707 500 2760 Διδ
530 2709 623 2762 καὶ
661 2709 726 2762 ἐκ
769 2711 981 2766 πολλῶν
1045 2712 1218 2781 ὀλίγοι
1261 2713 1467 2776 ῖππους
1543 2711 1762 2784 ἔχοντες
1814 2706 2147 2773 ἀνέζευξαν·
2189 2709 2311 2762 τότε
2357 2707 2414 2760 δὲ
2475 2709 2598 2760 ἐπεὶ
2648 2709 2681 2778 ἠ
2719 2707 2900 2777 ’Δρτα
2947 2707 3369 2779 προσεχώρησε,
3402 2704 3660 2777 βασιλεὺς

410 2798 507 2869 μὲν
527 2797 619 2852 διὰ
648 2799 750 2871 τὴν
774 2802 932 2857 νόσον
959 2803 1356 2857 καταλέλειπτο
1391 2802 1526 2856 ἐκεῖ.

1766 2911 1992 2968 CAPUT
2031 2905 2292 2964 XXXVII.

412 3017 895 3070 Thomocastrenses
925 3027 1189 3082 amnmgno
1223 3010 1506 3065 domestico
1545 3007 1870 3082 obsidentur.
1901 3006 2088 3082 Quare
2138 3009 2466 3082 essent-tam
2502 3000 2811 3082 superbi.“
2851 3001 3175 3082 refractarii:
3219 3003 3298 3056 Ad
3341 3005 3660 3082 deditionem

474 3083 908 3139 exstimulantur.
943 3069 1143 3135 Eodein
1165 3098 1319 3148 scopo
1344 3089 1392 3134 et
1417 3097 1536 3134 cum
1561 3081 1845 3148 pa'dagogo
1893 3074 2172 3148 Nicephori
2225 3071 2404 3148 multis
2431 3071 2629 3148 αυὶιιςν.
2666 3069 2768 3123 Ille
2801 3069 2934 3148 feni
2985 3073 3058 3148 _ad
3089 3074 3349 3148 primores
3394 3078 3576 3145 refert.
3609 3088 3660 3132 et

473 3156 779 3217 renuntiat;
821 3151 1042 3206 concilio
1070 3141 1578 3206 uisum-deditionem
1609 3141 1919 3216 impiarutori
1955 3141 2277 3214 Ιαὸὶειιάανη.
2310 3141 2521 3194 Laudat
2547 3141 2746 3210 factum
2777 3141 3123 3205 domesticus;
3157 3141 3506 3215 pwdagoguiu
3538 3165 3658 3202 cum

476 3223 763 3294 Nicephoro
814 3231 863 3278 et
893 3223 1234 3292 Optimatibus
1263 3221 1332 3274 ad
1365 3237 1419 3275 se
1454 3221 1629 3274 redire
1654 3217 1829 3290 jubet.

487 3336 550 3392 '0
583 3339 754 3408 μέγας
776 3338 833 3391 δέ
854 3338 1180 3406 δομέστικος
1212 3335 1478 3404 στρατιὰν
1507 3332 1794 3388 ἀναλαϐὼν
1816 3327 1978 3402 ἦλθεν

2155 3328 2383 3398 Magnus
2405 3325 2742 3382 domesticus
2765 3325 3068 3380 exercitum
3103 3325 3500 3408 Thomocastro
3529 3341 3658 3387 ante

403 3431 484 3486 εἰς
532 3428 935 3499 Θωμόκαστρον
995 3429 1093 3484 καὶ
1155 3428 1422 3499 πρότερον
1477 3427 1936 3498 πολιορκούμενον
1960 3439 1974 3454 ο

404 3521 534 3576 ἔνθα
589 3525 688 3574 καὶ
723 3521 1038 3592 Νικηφόρος
1071 3521 1102 3574 δ
1147 3521 1409 3574 δεσπότου
1463 3521 1596 3583 παῖς
1642 3519 1708 3572 ἐκ
1760 3517 1980 3587 Τάραν-

401 3631 496 3676 τος
525 3611 697 3666 ἐλθὼν
726 3611 868 3680 μετὰ
893 3612 1006 3665 τῶν
1040 3612 1218 3666 ἀλλων
1245 3610 1354 3664 τῶν
1391 3610 1648 3679 φυγάδων
1669 3607 1750 3662 ἔτι
1783 3609 1979 3676 νήπιος

401 3706 480 3760 ὢν
537 3705 909 3774 ἐπολιορκεῖτο
944 3719 960 3734 ο
1013 3698 1160 3758 οὗτοι
1213 3703 1270 3756 δέ
1330 3701 1428 3755 ἀτε
1481 3702 1576 3754 καὶ
1605 3701 1664 3754 ἐν
1721 3697 1979 3767 ἀφθόνοις

402 3799 556 3860 δντες
585 3796 675 3850 διὰ
694 3797 756 3848 τὺ
785 3795 1279 3864 θαλασσοκρατεῖν,
1304 3793 1577 3864 τριήρεων
1601 3791 1662 3844 οὐ
1690 3791 1979 3861 παρουσῶν

405 3885 729 3959 βασιλικῶν,
776 3885 872 3939 καί
898 3884 1344 3954 δυσπειθέστεροι
1396 3884 1505 3937 τῶν
1553 3882 1729 3936 ἀλλων
1774 3880 1980 3952 μᾶλλον

413 3975 582 4051 ἦσαν,
617 3980 715 4032 καὶ
741 3979 862 4032 οὐδέ
887 3977 1046 4045 λόγου
1062 3977 1191 4044 γοῦν
1211 3975 1370 4046 ψιλοῦ
1396 3976 1580 4046 ἠξίουν
1601 3975 1732 4035 τοὺς
1759 3961 1981 4044 πολιορέ

405 4068 658 4132 κοῦντας.
695 4068 808 4122 Καὶ
831 4068 965 4137 ,γὰρ
1011 4066 1106 4120 καὶ
1137 4065 1232 4120 τοῦ
1275 4065 1516 4136 μεγάλου
1561 4065 1888 4133 δομεστίκου
1918 4064 1990 4122 ἐν,

406 4159 502 4214 δύο
523 4161 617 4214 καὶ
658 4161 867 4214 εἴκοσιν
897 4159 1160 4229 ἡμέραις,
1193 4157 1253 4211 αἰ
1283 4156 1425 4228 μετά
1449 4155 1548 4226 τὴν
1591 4154 1778 4223 ἄφιξιν
1807 4152 1975 4208 αὐτοῦ

405 4252 692 4323 παρῆλθον
747 4251 1216 4323 προσπέμποντος
1242 4249 1329 4303 ἀεί
1361 4265 1512 4311 τινας
1556 4248 1741 4309 αὐτοῖς
1771 4247 1866 4301 καὶ
1879 4246 1978 4316 τὴν

405 4343 584 4397 αἰτίαν
609 4345 871 4415 ἐρομένου
902 4342 970 4396 δι’
991 4342 1060 4412 ἢν
1086 4341 1261 4404 οὕτως
1289 4341 1616 4408 ἀσυμϐάτως
1639 4339 1823 4409 ἔχουσι
1840 4339 1977 4406 πρὸς

405 4431 648 4501 βασιλέα,
679 4435 777 4487 καὶ
813 4433 997 4488 πάντα
1027 4430 1230 4502 μᾶλλον
1255 4430 1311 4484 αἳ
1335 4429 1449 4501 (68)
1485 4429 1783 4500 ὑπομένειν
1809 4429 1841 4499 ἢ
1879 4427 1974 4482 ὑπ’

401 4524 565 4577 αὐτὸν
615 4524 811 4589 τελεῖν,
869 4523 1129 4593 οὐδεμίαν
1161 4523 1441 4593 παρέσχον
1472 4522 1802 4591 ἀπολογίανο
1858 4508 1978 4591 ἀμᾰ

405 4613 505 4684 μὲν
537 4613 636 4667 καὶ
671 4614 761 4668 διὰ
803 4615 866 4668 τὸ
906 4613 980 4682 μὴ
1026 4611 1368 4683 ἑκατέρωθεν
1415 4612 1518 4680 γῆς
1562 4610 1973 4678 πολιορκεῖσθαι

2077 3423 2188 3493 jam
2224 3421 2455 3476 obsesso
2522 3419 2797 3478 admovet.
2847 3419 2936 3472 ubi
2984 3434 3121 3490 puer
3151 3402 3656 3492 Nicephdrus(69),

2080 3511 2323 3580 despoue
2355 3511 2521 3573 (ilius,
2549 3509 2789 3564 Tarento
2811 3524 2936 3562 cum
2960 3509 3084 3563 aliis
3113 3509 3356 3579 fugitivis
3379 3526 3656 3580 reversus,

2079 3603 2462 3659 obsidebatur.
2514 3601 2916 3656 Tltomocastrii
2965 3600 3116 3654 velut
3171 3601 3346 3670 copiis
3399 3603 3658 3659 omnibus

2079 3693 2549 3757 circumﬂuentes,
2583 3691 2729 3761 quod
2773 3706 2924 3745 mare
2963 3691 3302 3753 obtinerent.
3341 3693 3433 3748 ubi
3479 3693 3653 3764 impe-

2079 3791 2299 3844 ratorite
2333 3787 2588 3842 triremes
2632 3785 2797 3840 nulla:
2837 3793 3018 3848 erant,
3055 3785 3228 3840 multo
3275 3785 3398 3854 plus
3441 3789 3655 3842 exteris

2079 3879 2440 3935 caleitrabant
2464 3918 2481 3942 ,
2531 3892 2634 3932 nec
2673 3878 2856 3932 verbis
2901 3878 3095 3933 saltem
3133 3878 3296 3933 nudis
3336 3879 3656 3934 obsessores

2078 3971 2470 4044 digna‘bantur.
2507 3970 2725 4026 Etenim
2773 3985 2898 4026 cum
2935 3988 3166 4042 magnus
3195 3973 3533 4029 domesticus
3557 3990 3655 4043 per

2079 4066 2200 4121 dies
2227 4063 2370 4120 duos
2435 4074 2492 4118 et
2517 4065 2739 4119 vicenos
2767 4063 2834 4118 ab
2857 4065 3095 4119 adventu
3129 4081 3230 4120 suo
3253 4066 3320 4120 ad
3349 4082 3446 4120 eos
3467 4068 3654 4135 quoti-

2079 4159 2170 4215 die
2197 4159 2462 4222 mitteret,
2488 4164 2545 4212 et
2566 4171 2784 4212 causam
2815 4157 3132 4226 quuirenet
3159 4173 3259 4212 cur
3283 4159 3420 4214 adeo
3451 4159 3654 4215 nullam

2077 4266 2204 4308 cum
2261 4249 2596 4320 imperatore
2657 4249 3117 4317 compositionem
3177 4257 3538 4318 paterentur,
3598 4261 3655 4306 et

2079 4341 2321 4412 quidvis,
2371 4356 2537 4411 quam
2580 4341 2631 4395 ei
2666 4355 2858 4409 parere
2915 4339 3164 4401 mallent,
3215 4341 3353 4396 nihil
3406 4342 3653 4410 responsi

2079 4432 2301 4499 dabant,
2349 4432 2512 4487 simul
2557 4431 2684 4502 quia
2733 4448 2842 4485 non
2893 4431 3176 4500 utrinque,
3212 4441 3355 4486 terra
3405 4435 3655 4503 marique

2077 4525 2557 4596 Oppugnabantur,
2580 4524 2744 4578 simul
2763 4525 2889 4590 quia
2910 4523 3148 4578 Tarento
3171 4525 3435 4578 auxilium
3458 4541 3655 4595 exspe-

2079 4617 2321 4683 ctabant,
2355 4620 2501 4685 quod
2549 4616 2810 4669 Romanis
2861 4614 3170 4684 perterritis
3232 4615 3520 4670 obsidione
3555 4633 3653 4671 eos

407 4678 501 4756 καὶ
531 4704 834 4772 θαλάσσης,
905 4678 1024 4774 ἅμα
1057 4705 1112 4757 δὲ
1157 4678 1249 4756 καὶ
1280 4678 1597 4772 συμμαχίαν
1626 4701 1973 4770 ἐκδεχόμενει

2081 4707 2362 4763 liberaret.
2418 4708 2545 4761 Post
2594 4704 2897 4782 secundum
2954 4717 3136 4760 autem
3218 4715 3275 4760 et
3327 4706 3646 4762 vicesimum

405 4797 471 4850 ἐκ
497 4796 802 4866 Τραντίνων
832 4795 914 4868 [γ.
959 4791 1262 4866 Τάραντος]
1302 4793 1454 4865 ἥξειν
1489 4793 1556 4862 ἢν
1585 4789 1754 4862 ῷοντο
1785 4792 1972 4853 αὐτοῖς

399 4889 582 4942 λύσειν
609 4888 704 4957 τὴν
721 4887 1041 4958 πολιορκίαν
1061 4887 1188 4950 τοὺς
1204 4887 1510 4957 Ῥωμαίους
1532 4884 1968 4955 ἐκφοῦήσαντας·

406 4978 546 5049 μετά
596 4977 654 5029 δὲ
685 4977 784 5046 τὴν
811 4975 1074 5046 δευτέραν
1126 4974 1224 5028 καὶ
1255 4973 1510 5044 εἰκοστὴν
1543 4975 1778 5044 ἡμέραν,
1829 4967 1966 5042 ἧκον

398 5074 462 5127 ἐκ
494 5071 585 5125 τοῦ
617 5071 900 5140 Τάραντος
929 5071 986 5123 αἱ
1021 5068 1473 5140 προσδοκώμεναι
1507 5068 1640 5122 δέκα
1670 5070 1914 5139 τριήρεις
1951 5106 1968 5130 ,

400 5163 494 5214 καὶ
545 5162 970 5230 πεντηκόντοροι
1000 5160 1151 5228 τρεῖς
1175 5173 1187 5188 ο
1228 5157 1292 5220 ἂς
1328 5158 1526 5220 ἰδόντες
1567 5160 1616 5210 οξ
1649 5158 1973 5227 πολιορκοὺ⁴

2081 4800 2225 4854 diem
2283 4799 2525 4854 Tarento
2559 4809 2834 4853 venerunt
2877 4805 3207 4866 exspectata:
3258 4795 3511 4851 triremes
3553 4795 3647 4854 de~

2077 4906 2220 4952 eum,
2269 4900 2325 4946 et
2363 4902 2474 4947 tres
2522 4891 2662 4953 alite,
2695 4905 2929 4958 quarunt
2973 4889 3202 4959 singulm
3249 4887 3648 4959 quinquaginta

2079 4981 2244 5034 remis
2288 4980 2612 5051 agebantur.
2658 4978 2860 5033 Eat-um
2892 4987 3192 5047 conspectu
3233 4977 3443 5031 obsessi
3479 4977 3653 5046 pluri-

2072 5089 2220 5126 mmn
2277 5073 2591 5135 exbilarati,
2653 5073 2901 5142 σωτήρια
2955 5071 3032 5142 [id
3089 5079 3194 5136 est,
3247 5070 3392 5124 diem
3446 5069 3644 5126 festum

2073 5160 2289 5234 salutis]
2326 5163 2584 5233 agebant,
2635 5179 2697 5217 ac
2740 5166 2806 5216 de
2853 5177 3010 5216 muro
3063 5161 3280 5216 divinas
3327 5161 3536 5223 laudes,
3588 5168 3649 5216 ut

403 5269 558 5323 μενοι
587 5255 646 5308 ἐν
672 5251 1088 5322 Θωμοκάστρῳ,
1123 5247 1317 5320 ἡδονῆς
1345 5265 1403 5300 τε
1435 5243 1578 5318 ἦσαν
1610 5249 1855 5317 ἕμπλεω,
1879 5250 1974 5302 καὶ

2081 5251 2175 5322 iam
2202 5253 2355 5306 malis
2383 5253 2651 5312 defuncti.
2685 5253 3051 5307 concinebant
3077 5269 3090 5304 :
3121 5251 3214 5320 qui
3249 5261 3426 5304 tamen
3471 5249 3646 5303 nihilo

402 5345 648 5416 σωτήρια
701 5344 1010 5416 ἑώρταζον,
1064 5342 1157 5396 καί
1192 5338 1508 5401 ἐπαιάνιζον
1566 5340 1671 5392 ἀπὸ
1719 5340 1813 5392 τοῦ
1863 5340 1975 5393 τεί-

398 5454 547 5507 χους,
581 5437 657 5502 ὡς
692 5438 793 5508 ἤδη
821 5437 929 5490 τῶν
958 5437 1146 5490 κακῶν
1176 5431 1596 5504 ἀπηλλαγμένοι
1621 5447 1634 5462 ⁸
1670 5433 1718 5484 οἱ
1751 5432 1807 5483 δὲ
1833 5428 1973 5503 ἦσαν

2075 5343 2244 5412 magis
2276 5344 2583 5399 minoribus
2620 5355 2779 5398 erant
2816 5344 2870 5398 itt
2905 5345 3084 5399 malis.
3112 5343 3338 5413 Magnus
3369 5343 3644 5412 siquidem

2073 5436 2433 5500 domesticus,
2481 5436 2584 5491 etsi
2633 5447 2856 5508 propter
2910 5452 3064 5490 mare
3116 5449 3295 5493 castra
3347 5437 3644 5506 posuisset,

1652 5547 1866 5607 Jacobi
1900 5549 2162 5612 Pontani
2202 5561 2387 5612 notua.

444 5665 587 5750 .(6_8)
627 5665 773 5722 Nihil
812 5665 880 5721 ad
905 5679 1020 5720 rem
1056 5662 1206 5718 istud
1263 5660 1351 5765 ut:
1377 5658 1690 5732 Legendum
1754 5660 1974 5718 videtur

404 5751 808 5876 αξῖἓξῖτῖίῖτοτ,
838 5820 962 5861 cum
992 5803 1155 5874 P3010
1179 5810 1301 5874 Ροεί
1328 5801 1495 5870 mea"
1527 5799 1696 5859 fuisse
1719 5801 1962 5860 dum“.

2080 5680 2204 5720 nem
2238 5683 2251 5719 :
2286 5681 2391 5736 qua
2417 5676 2566 5721 certe
2603 5675 2762 5720 :etate
2785 5681 2892 5720 non
2924 5653 3051 5720 sunt
3078 5665 3334 5721 infantes.
3361 5663 3475 5721 Nisi
3505 5664 3645 5722 forte

2077 5751 2174 5806 per
2201 5736 2428 5806 μείωσιν
2460 5747 2554 5790 aut
2586 5746 2958 5807 contemptum
2989 5745 3145 5790 vocet
3179 5737 3390 5806 νήπιον.
