4060 6576
290 519 374 578 σω
1427 497 1976 574 ttisromAnUM
2021 498 2254 557 LIBER
2295 463 2380 558 tt.

3364 477 3367 481 ’
3423 496 3534 560 διο

289 633 341 703 δὴ
377 628 456 683 ἐπ’
489 622 844 697 ἀμφοτέρων·
891 620 998 690 κᾷν
1045 618 1143 688 μέν
1172 633 1290 669 τινα
1328 619 1387 669 ἐκ
1417 616 1524 668 τῶν
1556 616 1854 686 είργασμέυ

1978 651 2089 700 um,
2123 635 2267 705 quod
2302 649 2492 689 verum
2525 639 2580 688 et
2641 641 2849 689 rectum
2876 649 2986 690 non
3015 641 3100 690 est
3120 633 3410 702 deseratis,
3442 639 3538 694 sed

293 743 378 777 νων
467 719 528 784 ἐξ
563 713 638 773 ὧν
671 714 830 768 αὐτοὶ
853 711 1103 775 ἐλπίζετε
1135 709 1422 779 δυνώμεθα
1452 709 1650 774 εὑρεῖν,
1675 708 1851 760 ταῦτα.

290 816 520 884 πράττειν
558 810 615 873 ἐξ
643 826 718 860 ων
749 806 814 860 ἂν
839 806 919 864 εἰς
946 803 1120 873 πέρας
1149 802 1292 855 ἔλθοι
1316 804 1385 854 τά
1412 800 1848 880 βεϐουλευμένοι,

293 905 345 958 ἂν
375 905 418 956 δ’
451 900 712 962 ἐναντίως
748 899 948 966 ἔχοντα
991 895 1022 964 ἦ
1052 895 1204 946 αὐτοὶ
1258 893 1541 962 ὑπονοῆτε,
1579 892 1651 959 μὴ
1689 892 1852 960 μόνον

292 995 588 1066 ἀφίστασθαι
639 991 748 1044 τῶν
834 989 909 1059 μὴ
985 986 1164 1058 ὀρθῶς
1233 987 1490 1056 ἐχόντων,
1548 985 1684 1039 ἀλλὰ
1759 986 1854 1037 καὶ

291 1091 392 1159 ἐμοὶ
414 1086 696 1140 πείθεσθαι
739 1080 1100 1152 παραινοῦντι
1156 1077 1224 1129 τὰ
1259 1077 1595 1132 συνοίσοντα.
1664 1077 1855 1148 ’Υμεῖς

289 1179 442 1230 τοίνυν
481 1174 748 1246 βασιλέως
781 1169 1127 1230 ἀποστάντες
1170 1167 1323 1220 οὐδὲν
1370 1169 1450 1231 είς
1494 1169 1640 1238 ὑμᾶς
1679 1169 1858 1236 ἀγνω·

304 1265 641 1333 μονήσαντος,
677 1258 1134 1328 προσεχωρήσατε
1162 1257 1274 1317 τοῖς
1306 1256 1661 1324 Ταραντίνοις
1686 1295 1703 1319 ,
1750 1256 1850 1325 οὐχ

295 1355 455 1413 ἁπλῶς
485 1353 604 1403 οὐδὲ
633 1351 846 1418 ἀλόγως
875 1389 890 1412 ,
921 1347 1034 1400 ἀλλ’
1063 1349 1304 1417 οἰόμενοι
1346 1353 1412 1420 τῇ
1445 1351 1669 1404 ἐκείνων
1715 1369 1856 1419 συμ-

299 1449 458 1513 μαχίᾳ
479 1440 845 1512 Ἀκαρνανίαν
863 1440 1186 1507 δυνήσεσθαι
1211 1441 1442 1508 ὑπάγειν
1461 1443 1698 1504 ἑαυτοῖς.
1725 1443 1860 1494 Τοῦ-

297 1551 348 1584 το
375 1537 422 1586 δὲ
441 1534 557 1585 οὐδὲ
587 1534 762 1599 ὀλίγου
791 1534 871 1584 δεῖ
899 1531 990 1583 τοῦ
1020 1527 1158 1584 εἶναι
1189 1533 1433 1585 δυνατόν·
1458 1535 1611 1586 αὐτοὶ
1633 1538 1738 1604 γὰρ
1764 1537 1859 1603 ἀφ’

296 1626 482 1678 ἑαυτῶν
507 1625 608 1694 ἰδίᾳ
625 1623 928 1691 κινούμενοι
951 1622 1236 1694 πλεονεξίᾳ
1260 1627 1520 1689 πολλάκις
1558 1625 1860 1696 Ἀκαρνάσι

296 1718 489 1787 στρατῷ
506 1717 725 1788 μεγάλῳ
741 1718 1196 1787 ἐπεστράτευσαν,
1213 1721 1304 1772 καὶ
1321 1720 1419 1791 τὴν
1437 1722 1620 1792 χώραν
1644 1723 1859 1774 ἐκάκω-

292 1824 378 1859 σαν
395 1808 488 1858 ὅσα
511 1807 744 1874 μάλιστα
759 1806 906 1876 ἐξῆν.
929 1807 1138 1869 Πόλεως
1158 1808 1213 1861 δὲ
1231 1809 1485 1879 οὐδεμιᾶς
1508 1810 1860 1880 ἠδυνήθησαν

290 1899 450 1966 κύριοι
469 1897 745 1965 γενέσθαι,
765 1897 898 1950 οὗτε
925 1898 1112 1960 ὅπλοις
1136 1899 1458 1968 βιασάμενοι
1494 1900 1615 1953 οὔτε
1643 1903 1861 1970 πολιορ-

1956 736 2012 778 ct
2042 727 2176 780 mihi
2210 728 2348 782 bene
2376 727 2686 780 consulenti
2727 727 3230 796 obtemperandunr
3248 727 3538 782 existime-

1959 815 2051 870 tis.
2090 816 2198 871 Vos
2235 816 2418 885 itaque
2460 815 2612 868 nullo
2648 815 3000 883 imperatoris
3051 826 3277 885 peccato
3317 817 3536 876 oll‘ettsi.

1956 906 2022 957 ad
2057 905 2386 959 Tarentinos
2427 905 2834 974 transfugistis;
2871 921 2972 960 nec
3003 908 3051 960 id
3095 907 3423 976 simpliciter
3486 918 3541 961 ct

1969 995 2319 1059 inconsulto,
2381 996 2476 1050 sed
2540 997 2642 1050 rati
2713 997 2930 1051 illorum
2976 998 3175 1066 opibus
3233 1000 3539 1053 Acarnania

1956 1071 2253 1154 potiturbs.
2289 1085 2403 1139 lloc
2453 1095 2662 1150 autem,
2692 1087 2829 1156 proh
2866 1089 2878 1140 l
2915 1097 3178 1158 quantum
3218 1089 3288 1144 ab
3338 1088 3541 1145 eil'eettt

1959 1178 2146 1232 abest?
2175 1178 2280 1246 Ipsi
2323 1179 2472 1232 enim
2505 1195 2602 1232 sua
2645 1180 2904 1248 privatim
2940 1182 3244 1250 cupiditate
3275 1192 3330 1237 et
3361 1185 3539 1237 avari-

1959 1270 2034 1325 tia
2064 1270 2307 1339 itupulsi,
2343 1272 2546 1340 saepius
2610 1271 2662 1324 iit
2692 1273 3005 1326 Acarnanas
3041 1288 3164 1327 cum
3192 1290 3387 1344 magno
3414 1291 3541 1344 pro-

1959 1362 2093 1417 fecti
2123 1363 2396 1429 exercitu,
2434 1363 2715 1432 regionem
2741 1363 2965 1431 quidem
2998 1365 3453 1433 populationibus
3484 1377 3540 1419 et

1961 1455 2248 1508 maleficiis
2293 1455 2552 1509 infestam
2596 1453 2934 1517 habuerunt,
2968 1456 3160 1508 urbem
3194 1466 3375 1510 tamen
3417 1456 3542 1510 ttul-

1961 1547 2069 1600 lam
2095 1561 2197 1600 nec
2215 1547 2382 1600 armis
2399 1546 2765 1617 expugnando
2788 1555 3080 1615 ceperunt,
3107 1561 3207 1601 nec
3233 1547 3540 1601 obsidendo

1963 1637 2032 1689 ad
2068 1635 2406 1690 deditionem
2453 1646 2772 1707 coegerunt,
2811 1638 2906 1692 sed
2955 1639 3134 1707 c0piis
3191 1655 3298 1692 non
3346 1655 3537 1708 parum

1965 1729 2298 1794 imminutis,
2352 1739 2688 1783 remearunt.
2721 1730 2952 1793 Paucas,
2992 1747 3189 1799 nempe
3235 1730 3542 1794 Bontitzen,

1964 1820 2306 1888 Naupactum
2364 1829 2420 1874 et
2467 1821 2828 1876 Botltrentum
2867 1821 3105 1890 excipio,
3141 1823 3344 1891 quibus
3381 1823 3546 1876 Acar-

1969 1910 2148 1964 nania:
2190 1912 2496 1980 principes,
2528 1920 2589 1966 ut
2629 1927 2725 1968 cos
2759 1911 2888 1966 belli
2919 1922 3113 1967 contra
3157 1915 3543 1982 imperatorem

289 1986 373 2055 κίᾳ
413 1985 822 2051 ἀναγκάσαντες
869 1985 1130 2056 ὁμολογίᾳ
1158 1987 1636 2057 παραδοῦναι,ἁλλ’
1659 1989 1861 2058 ἀνεχώ-

1977 2001 2161 2055 socios
2197 2001 2488 2064 baberent,
2523 2012 2829 2056 cesserunt.
2872 2002 2974 2069 Qui
3009 2003 3177 2073 igitur
3211 2019 3337 2058 cum
3375 2006 3546 2059 Acar-

285 2092 442 2144 ρησαν
488 2071 565 2129 ὧν
601 2072 734 2146 ἦγον
776 2076 1142 2139 ἀποϐαλόντες
1163 2077 1263 2129 οὐκ
1308 2078 1702 2152 ὀλίγους,πλὴν
1724 2083 1864 2150 εἰμὴ

291 2162 358 2219 ὧν
381 2167 561 2228 αὐτοῖς
607 2169 823 2230 ἑκόντες
853 2170 900 2220 ol.
935 2167 1297 2238 Ἀκαρνανίας
1325 2169 1584 2240 ἄρχοντες
1613 2173 1864 2242 παρεχώ-

289 2273 472 2326 ρησαν,
528 2256 820 2326 Βοντίτζης
866 2256 962 2309 καλ⁸
1011 2255 1348 2310 Ναυπάκτου
1383 2257 1478 2309 καὶ
1531 2256 1860 2326 Βοθρεντοῦ,

279 2344 408 2397 ὥστε
435 2345 575 2414 ἔχειν
611 2346 807 2407 αὐτοὺς
865 2345 1182 2414 συμμάχους
1216 2345 1351 2416 πρὸς
1387 2345 1478 2399 τὸν
1519 2347 1653 2415 πρὸς
1711 2345 1864 2414 βασι-

282 2435 370 2488 λέα
398 2435 684 2504 Ῥωμαίων
715 2435 972 2503 πόλεμον.
999 2434 1062 2488 Οἳ
1089 2431 1182 2489 οὖν
1211 2436 1514 2506 Ἀκαρνᾶσι
1557 2437 1736 2506 μόνοις
1767 2453 1863 2488 πο-

283 2525 564 2596 λεμοῦντες
612 2526 762 2580 οὐδὲν
789 2526 1134 2598 ἠδυνήθησαν
1188 2527 1384 2581 ἁνύσαι
1424 2530 1605 2593 πλέον,
1651 2528 1735 2592 τίς
1768 2530 1861 2581 ἐλ-

288 2622 370 2682 πὶς
417 2619 805 2688 περιγενέσθαι
849 2617 945 2671 νῦν
982 2621 1076 2672 καὶ
1115 2619 1378 2690 βασιλέως
1425 2623 1690 2692 παρόντος
1739 2621 1857 2692 ἅμα

289 2714 535 2785 στρατιᾷ,
565 2713 621 2775 ὃς
654 2713 920 2782 πρότερόν
947 2730 1006 2765 τε
1034 2713 1128 2766 καὶ
1153 2711 1246 2765 νῦν
1273 2714 1402 2782 ῥᾷον
1427 2712 1648 2784 ἐξαρκεῖ
1666 2715 1861 2783 Ἀκαρ-

287 2810 433 2859 νάσιν
459 2804 594 2876 Λμοῦ
629 2807 724 2858 καὶ
756 2806 1117 2876 Ταραντίνοις
1141 2807 1399 2874 πολεμεῖν
1420 2823 1434 2872 ;
1456 2807 1532 2858 Uti
1575 2807 1704 2883 μὴν,
1741 2807 1856 2860 ἀλλ’

281 2899 404 2951 ούδέ
443 2897 574 2968 ὑμῖν
620 2898 777 2960 ἐλπὶς
827 2899 1180 2967 Ἀκαρνάνων
1224 2899 1377 2960 τινὰς
1409 2899 1855 2967 συναποστῆναιο

283 2995 372 3044 καὶ
406 2988 453 3042 οἱ
494 2991 602 3062 γὰρ
645 2990 935 3061 πρότερον,
976 2987 1196 3055 Ῥώγιοι
1243 2990 1338 3042 καὶ
1397 2989 1654 3058 Ἀρταῖοι,
1693 3005 1856 3041 συνα-

281 3084 576 3151 πέστησαν,
612 3081 792 3143 καλῶς
831 3081 960 3150 περὶ
997 3079 1148 3148 σφῶν
1199 3079 1378 3131 αὐτῶν
1429 3079 1856 3148 βουλευσάμενοι

281 3172 349 3222 τά
374 3170 579 3232 δέοντα,
613 3167 824 3237 βασιλεῖ
843 3169 944 3230 τὰς
1000 3165 1180 3226 πόλεις
1221 3165 1556 3233 παραδόντες
1582 3166 1858 3235 προσεχώ-

1969 2091 2207 2145 nauibus
2251 2092 2384 2146 solis
2428 2092 2573 2146 bello
2624 2093 3042 2159 contendentes,
3100 2095 3237 2149 nihil
3287 2107 3543 2165 egerunt.

1967 2199 2089 2252 quae
2118 2197 2244 2252 spes
2285 2192 2649 2252 superaturos
2689 2199 2832 2238 nunc
2879 2194 3205 2253 pnesentetn
3251 2188 3548 2254 imperato-

1967 2290 2082 2328 rem
2132 2290 2256 2328 cum
2308 2277 2578 2340 exercitu,
2613 2276 2707 2345 qui
2759 2285 2815 2329 et
2857 2277 2995 2330 aitas
3051 2277 3253 2346 potttit,
3305 2287 3360 2331 et
3401 2295 3548 2333 nunc

1965 2364 2180 2418 facilius
2233 2375 2417 2434 potest
2473 2381 2600 2420 cum
2685 2367 3073 2423 Acarnanibus
3116 2378 3174 2422 et
3215 2368 3546 2423 .Tarentinis

1965 2457 2130 2511 simul
2184 2460 2388 2513 bellum
2441 2460 2679 2529 gerere?
2750 2461 2822 2514 At
2887 2474 3066 2531 neque
3120 2462 3278 2516 vobis
3326 2477 3546 2531 sperare

1967 2548 2117 2613 licet,
2152 2549 2505 2603 Acarnanum
2542 2551 2761 2620 aliquos
2794 2561 2980 2606 vestro
3010 2553 3267 2621 exemplo
3301 2553 3548 2606 defectu-

1964 2655 2073 2694 ros.
2105 2641 2240 2694 Nam
2281 2641 2376 2710 qui
2439 2642 2590 2710 prius
2640 2641 2925 2696 vobiscum
2983 2643 3310 2698 'defeceraut
3353 2642 3549 2713 Rhogii

1964 2741 2020 2786 et
2060 2731 2250 2794 Artaei,
2287 2733 2454 2786 rebus
2487 2732 2602 2786 suis
2649 2733 2823 2804 probe
2873 2735 3258 2797 consulentes,
3310 2735 3551 2806 impera-

1965 2824 2066 2878 tori
2098 2841 2156 2879 se
2185 2823 2540 2887 addixerunt,
2578 2825 2860 2896 multaque
2903 2826 3009 2881 sibi
3080 2841 3144 2880 ac
3179 2825 3395 2880 civibus
3434 2827 3552 2880 suis

1968 2919 2038 2973 ab
2069 2933 2134 2973 eo
2170 2919 2316 2974 dona
2358 2921 2666 2986 consecuti,
2705 2921 2920 2974 felicem
2951 2927 3154 2974 Statum
3189 2920 3545 2974 invenerunt.

1966 3007 2297 3062 Tarentinos
2349 3009 2557 3078 itaque,
2597 3010 2814 3064 etiamsi
2889 3011 3164 3074 venerint,
3211 3025 3401 3079 parum
3448 3023 3545 3063 aut

1968 3099 2108 3152 nihil
2156 3098 2314 3153 vobis
2367 3107 2550 3168 operae
2593 3109 2890 3154 navaturos
2937 3099 3377 3154 demonstratum
3418 3111 3549 3155 est:

1934 3211 1950 3227 -
1971 3205 2199 3260 prorsus
2228 3199 2413 3244 autem
2459 3206 2568 3243 non
2603 3200 2886 3256 venturos,
2918 3190 3047 3244 inde
3090 3191 3338 3245 conabor
3366 3203 3553 3245 osten-

280 3277 452 3332 ρησαν
469 3302 483 3315 .
508 3260 599 3313 καὶ
620 3259 768 3327 σφίσι
795 3275 851 3311 τε
871 3258 1052 3319 αὐτοῖς
1068 3258 1230 3310 αἴτιοι
1252 3255 1500 3324 ἐγένοντο
1522 3257 1825 3336 εὐπραγίας
1841 3272 1855 3286 ·

1970 3255 2126 3336 dere.
2160 3280 2487 3351 Quicunque
2522 3292 2616 3335 aut
2643 3290 2874 3352 propter
2907 3282 3150 3351 privatas
3191 3280 3549 3344 offensiones,

278 3353 494 3404 πολλῶν
543 3352 652 3419 γὰρ
676 3349 936 3419 ἐπέτυχον
964 3349 1070 3401 τῶν
1094 3349 1358 3418 βασιλέως
1391 3349 1739 3418 εὐεργεσιῶν,
1762 3349 1857 3400 καὶ

275 3445 390 3504 τοῖς
413 3442 657 3502 πολίταις
678 3443 786 3502 τοῖς
812 3439 1012 3493 αὐτῶν.
1035 3439 1120 3501 Ὠς
1141 3441 1240 3508 μὲν
1256 3437 1348 3491 οὖν
1365 3439 1415 3492 εί
1445 3439 1859 3509 καὶῆξουσιΤα-

276 3537 550 3605 ραντῐνοι,
597 3533 756 3599 ὀλίγα
804 3532 837 3599 ἢ
889 3532 1042 3585 οὐδὲν
1089 3531 1532 3602 λυσιτελήσουσιν
1577 3532 1729 3602 ὑμῖν,
1770 3532 1859 3585 δέ-

273 3627 490 3678 δεικται
519 3625 651 3692 ἡμῖν
670 3636 684 3652 ⁸
716 3623 798 3674 ὅτι
823 3622 877 3674 δὲ
908 3622 1032 3674 ούδέ
1057 3621 1252 3690 ἥξουσι
1285 3622 1384 3690 τὴν
1413 3621 1608 3691 ἀρχὴν,
1632 3621 1856 3673 αὐτόθεν

272 3719 380 3789 ἤδη
416 3714 755 3782 πειράσομαι
786 3713 1083 3782 κατάδηλον
1115 3714 1432 3776 ποιείνᾸΙάς
1465 3714 1573 3783 γὰρ
1604 3713 1854 3766 ὁστισοῦν

273 3805 632 3866 ιδίων;έπιεκα
655 3803 1018 3873 ἐγκλημάτων
1049 3804 1081 3875 ἢ
1114 3804 1326 3874 ἑτέροις
1355 3803 1660 3873 συμμαχῶν
1691 3804 1862 3857 ἁπτό-

275 3917 446 3971 μενος
482 3899 747 3966 πολέμου,
779 3898 836 3949 ἐν
861 3897 1058 3970 ἀρχαῖς
1086 3897 1182 3966 μὲν
1216 3895 1454 3965 μάλιστα
1485 3897 1579 3947 καὶ
1611 3895 1714 3965 χρή
1725 3912 1860 3964 μασι

273 3990 383 4041 καὶ
429 3987 618 4050 ὅπλοις
671 3987 982 4056 ἐρρωμένος
1051 3986 1235 4054 ἐχεται
1283 3984 1602 4057 προθύμως,
1655 3984 1749 4037 ἐὰν
1808 3984 1865 4035 δὲ

272 4070 436 4142 ἅπαξ
464 4079 558 4130 καὶ⁵
589 4078 667 4140 δίς
695 4078 1053 4147 ἐπιχειρήσας
1085 4077 1287 4146 σφαλῇ,
1307 4075 1641 4146 ἀμϐλύνεται
1665 4091 1864 4145 ’πριγ-

277 4173 521 4223 ximam
579 4170 888 4241 τοιγαροῦν,
921 4168 996 4230 ὡς
1036 4166 1188 4220 αὐτοί
1240 4184 1299 4220 τε
1339 4167 1536 4230 οἴεσθε,
1571 4167 1666 4218 καὶ
1706 4166 1866 4235 ἡμεῖς

269 4266 390 4317 οὐκ
425 4264 490 4315 ἂν
512 4261 722 4331 ἔξαρνοι
745 4259 1060 4330 γενοίμεθα,
1095 4257 1390 4328 προθύμως
1416 4257 1512 4310 τοῦ
1539 4257 1679 4326 ὑπὲρ
1706 4256 1860 4325 ὑμῶν

273 4356 529 4424 πολέμου
561 4355 842 4423 ἁπτομένη
868 4354 925 4404 ἐν
949 4349 1184 4418 ἐνιαυτῷ
1212 4349 1448 4418 μάλιστα
1469 4343 1513 4416 ᾧ
1534 4349 1662 4400 πολε
1673 4347 1860 4418 μεῖσθε

272 4447 380 4514 ὑφ’
416 4446 602 4515 ἡμῶν,
641 4443 1177 4513 παρασκευαζομένη
1225 4443 1320 4494 νῦν
1363 4441 1460 4503 τὰς
1494 4441 1623 4492 δέκα
1665 4439 1864 4502 ταύτας

271 4539 552 4607 πέπομφε
580 4540 825 4606 τριήρεις
845 4553 859 4566 ο
897 4535 947 4588 οἳ
980 4537 1078 4604 οὐχ
1108 4535 1256 4601 ὃτιγε
1287 4535 1436 4603 ὑμῖν,
1457 4532 1570 4586 ἀλλ’
1595 4532 1715 4584 οὐδὲ
1742 4533 1868 4586 ἐαυ-

1963 3382 2060 3427 aut
2107 3383 2166 3427 ut
2217 3372 2405 3426 socius
2448 3373 2656 3428 bellum
2696 3373 2956 3442 capessit,
2989 3372 3266 3443 principio
3295 3373 3543 3442 quidem,

1963 3464 2094 3519 dum
2135 3464 2303 3518 armis
2352 3476 2409 3518 et
2469 3464 2702 3534 pecunia
2763 3473 2848 3520 est
2915 3465 3408 3530 instructissimus,
3453 3466 3552 3519 im-

1966 3556 2121 3626 pigre
2151 3572 2291 3627 opus
2351 3556 2592 3622 invadit;
2629 3557 2673 3611 si
2705 3555 2875 3611 semel
2909 3557 3220 3627 iterumque
3267 3557 3319 3611 id
3352 3557 3554 3612 frustra

1972 3645 2181 3710 fecerit,
2211 3645 2529 3714 languescit
2559 3645 2815 3714 impetus.
2845 3645 3109 3714 Princeps
3141 3645 3306 3716 igitur
3340 3646 3550 3702 Tareno

1971 3735 2083 3789 tina
2108 3745 2286 3791 vestra
2323 3737 2604 3806 opinione,
2637 3747 2691 3790 et
2723 3751 2852 3791 vero
2875 3739 3037 3792 etiam
3065 3747 3274 3805 nostra,
3299 3748 3550 3808 prompte

1971 3841 2070 3895 pro
2107 3827 2268 3880 vobis
2300 3827 2504 3882 bellum
2545 3843 2866 3897 capessens,
2909 3845 3019 3882 uno
3051 3829 3154 3882 hoc
3183 3843 3346 3894 anno,
3385 3843 3495 3898 quo
3522 3846 3552 3882 a

1972 3917 2132 3971 nobis
2182 3917 2621 3987 oppugnatnini,
2675 3929 3029 3988 comparatas
3078 3919 3330 3974 triremes
3389 3921 3554 3975 hasce

1973 4008 2146 4070 misit.
2169 4023 2290 4077 qua:
2341 4017 2551 4062 tantum
2605 4009 2785 4074 abest,
2819 4017 2877 4062 ut
2902 4026 2998 4064 vos
3025 4010 3340 4076 defendant,
3375 4021 3559 4066 utnec

1973 4098 2183 4166 seipsas
2216 4108 2421 4166 queant
2448 4098 2768 4156 defendere.
2799 4099 2882 4152 Me
2938 4100 3084 4152 enim
3111 4099 3265 4169 juxta
3292 4114 3439 4152 mare
3463 4114 3555 4153 ca-

1975 4196 2359 4254 strametante,
2386 4204 2487 4244 nec
2513 4189 2917 4244 descenderunt
2946 4191 3253 4256 classiarii,’
3271 4205 3373 4244 nec
3401 4189 3556 4259 quasi

1976 4291 2163 4334 essent
2217 4284 2423 4335 mortui
2489 4279 2828 4335 descendere
2878 4289 3197 4350 potuerunt.
3260 4280 3552 4349 Reliquum

1977 4383 2080 4438 est,
2133 4381 2193 4427 ut
2233 4372 2422 4427 vacuis
2475 4371 2732 4425 manibus
2774 4372 2840 4426 ad
2891 4387 3011 4426 eam
3063 4371 3315 4438 redeant,
3370 4387 3400 4425 a
3447 4387 3555 4440 qua

1977 4466 2130 4520 missi
2187 4474 2336 4520 sunt.
2376 4464 2506 4530 Quae
2547 4479 2672 4517 eum
2719 4463 3008 4533 intelliget,
3051 4463 3254 4517 bellum
3298 4462 3560 4516 adversus

1980 4557 2372 4627 imperatorem
2418 4571 2519 4610 nec
2573 4555 2804 4608 modicis
2853 4553 3184 4624 sumptibus,
3237 4561 3294 4607 et
3342 4552 3556 4622 magnis

267 4631 401 4689 τοῖς
422 4627 654 4697 ἀμύνειν
683 4623 784 4680 οἷοί
811 4627 868 4680 τέ
891 4628 1052 4681 εἰσιν.
1099 4627 1262 4694 Ἑμοῦ
1286 4625 1394 4694 γάρ
1421 4625 1567 4693 παρὰ
1591 4624 1862 4678 Θάλασσαν

1982 4623 2142 4720 egere
2173 4649 2479 4715 laboribus,
2517 4649 2584 4702 de
2615 4658 2811 4702 caetero
2841 4663 2962 4717 qua:
2984 4623 3134 4702 fellici
3162 4661 3272 4702 non
3303 4658 3554 4717 possunt,

266 4715 890 4786 ἐστρατοπεδευμένου,
925 4713 1050 4766 οὔτε
1080 4715 1387 4783 ἀπέϐησαν,
1439 4712 1563 4766 οὔτε
1596 4712 1868 4782 ἁποῦῆναι

265 4805 395 4862 οἷοί
427 4809 488 4860 τὲ
518 4808 658 4861 εἰσιν
688 4822 702 4838 ο
737 4807 854 4859 ἀλλ’
879 4806 1062 4873 ὀλίγον
1110 4805 1434 4858 άπεοίκασιν
1474 4805 1716 4876 ἀψύχων.
1751 4805 1873 4859 Λεί-

264 4918 458 4955 πεται
506 4899 570 4968 δὴ
623 4886 714 4952 οὖν
779 4898 965 4960 κεναῖς
1019 4897 1179 4967 χερσὶ
1232 4898 1370 4966 πρὸς
1416 4896 1514 4967 τὴν
1573 4897 1871 4967 πέμψασαν

265 4992 618 5049 ἐπανελθεῖν
644 5007 656 5022 ο
693 4989 876 5058 ἐκείνη
922 4989 980 5041 δὲ
1025 4989 1211 5056 ὁρῶσα
1241 4988 1318 5050 ὡς
1355 4989 1454 5041 οὐκ
1490 4989 1687 5057 ὀλίγων
1712 4989 1873 5043 τινῶν

268 5083 696 5154 ἀναλωμάτων,
731 5080 856 5132 οὐδὲ
884 5078 1094 5151 φαύλης
1123 5081 1502 5149 πραγματείας
1529 5081 1556 5131 ὁ
1594 5082 1731 5150 πρὸς
1771 5082 1874 5150 βα-

270 5178 456 5230 σιλέα
513 5175 686 5226 δεῖται
756 5171 1030 5239 πόλεμος,
1088 5172 1460 5239 ἀποσχήσεται
1519 5173 1873 5243 ἐπιχειροῦσα

266 5269 580 5329 ἀδυνάτοις
608 5283 623 5297 ⁸
668 5267 796 5336 ὑμῖν
844 5264 900 5316 δὲ
945 5263 1175 5334 ἐρήμοις
1225 5265 1324 5332 τῆς
1371 5264 1582 5316 ἐκεῖθεν
1621 5265 1872 5334 βοηθείας

263 5364 673 5430 λειπομένοις,
709 5357 859 5410 οὐδὲν
897 5354 1026 5410 ἄλλο
1067 5353 1376 5424 λείπεταιῆ
1411 5356 1549 5420 σφᾶς
1585 5356 1783 5418 αὐτοὺς
1817 5359 1874 5409 ὲν

258 5454 652 5523 ἀνδραπόδων
705 5451 871 5520 μοίρᾳ
914 5446 1253 5517 παραδοῦναι
1307 5447 1485 5517 ἐνδείᾳ
1530 5449 1870 5514 πιεσθέντας,

257 5549 398 5600 καὶ
430 5545 647 5605 δούλους
674 5544 769 5596 καὶ
807 5539 1144 5599 ἀναστάτους
1180 5538 1511 5607 γενέσθαι,ἢ
1559 5539 1875 5609 πολιορκου-

255 5643 501 5711 μένους
553 5634 784 5688 ἐνταῦθα
855 5632 1152 5684 ἀπολέσθαι
1204 5629 1476 5698 πανδημεὶ
1519 5632 1579 5682 ἐν
1630 5631 1878 5701 φρουρίῳ

259 5729 564 5800 πνιγηρῴ
597 5730 693 5780 καὶ
733 5727 937 5797 πλήρει
971 5724 1238 5786 δυσωδίας
1289 5723 1873 5790 κατακεκλεισμένους.

255 5823 562 5885 "Briso-cu:
593 5819 684 5872 οὖν
721 5818 955 5887 συνορᾷν
994 5814 1094 5886 τὴν
1121 5815 1392 5884 ὠφέλειαν
1414 5810 1483 5887 ἧς
1515 5815 1672 5868 αὐτοί
1697 5831 1755 5866 τε
1785 5816 1877 5868 καὶ

247 5915 624 5985 Νικηφόρος
675 5915 702 5964 ὁ
737 5910 892 5981 ὑμῶν
941 5908 1210 5978 δεσπότης
1254 5907 1628 5968 ἀπολαύσεται
1676 5910 1740 5962 ἐκ
1769 5909 1868 5980 τῆς

540 6038 812 6095 Ρηιιυι..
854 6030 969 6089 Gtt.
1011 6023 1215 6087 CLIII.

1978 4753 2088 4792 non
2139 4739 2394 4794 tentabit.
2450 4738 2615 4793 Vobis
2667 4753 2798 4793 vero
2858 4739 2950 4792 illo
3001 4732 3277 4792 frustratis
3323 4737 3552 4798 auxilio,

1982 4831 2131 4886 aliud
2172 4831 2310 4885 nihil
2341 4831 2502 4902 322
2551 4831 2802 4897 restabit,
2838 4847 3001 4899 quam
3071 4839 3132 4884 ut
3170 4829 3350 4884 vexati
3393 4839 3449 4886 et
3479 4847 3544 4884 re

1984 4938 2105 4976 rum
2139 4930 2381 4992 egestate
2412 4924 2683 4992 oppressi,
2722 4937 2820 4992 pro
2851 4922 3146 4992 mancipiis
3177 4937 3274 4976 vos
3305 4923 3556 4985 trada'tis.

1975 5030 2040 5069 ac
2086 5015 2314 5069 sedibus
2360 5015 2561 5069 vestris
2627 5013 2841 5084 profugi
2891 5009 3212 5068 servitutem
3282 5013 3557 5078 serviatis,

1985 5115 2079 5160 aut
2104 5105 2195 5159 hic
2227 5105 2281 5158 in
2322 5105 2584 5174 oppidulo
2615 5115 2854 5160 aestuoso
2918 5120 2980 5160 ac
3026 5105 3235 5160 fmtnris
3267 5105 3429 5174 plet-.0
3461 5105 3559 5158 ub-

1975 5199 2110 5253 sessi
2165 5205 2220 5252 et
2251 5195 2515 5262 conclusi,
2541 5211 2666 5252 eum
2707 5195 2910 5266 populo
2949 5196 3206 5250 universo
3253 5196 3558 5250 intereatis.

1992 5289 2362 5356 Quamobrem
2414 5287 2545 5341 hinc
2579 5288 2896 5349 utilitatem,
2942 5302 3108 5356 quam
3152 5286 3436 5340 vobiscum
3467 5286 3562 5341 de-

1984 5393 2138 5453 spota
2163 5392 2345 5436 vester
2373 5397 2438 5435 ex
2469 5381 2570 5436 hac
2601 5381 2909 5438 defectione
2940 5390 3204 5452 capturus
3232 5382 3326 5448 sit,
3354 5379 3563 5450 perspi-

1985 5489 2113 5528 cere
2180 5473 2333 5527 licet.
2391 5472 2550 5538 Quod
2598 5475 2643 5527 si
2707 5474 2873 5528 etiam
2919 5476 3383 5541 concederemus,
3437 5488 3562 5528 cum

1991 5565 2197 5634 ingenti
2229 5577 2497 5634 apparatu
2525 5565 2829 5620 concitatos
2854 5567 2961 5622 huc
2983 5569 3177 5622 venire
3204 5567 3553 5631 Tarentinos,

1994 5659 2263 5711 incertum
2307 5667 2414 5720 est,
2467 5670 2597 5709 num
2653 5667 2708 5710 et
2753 5658 2835 5712 sic
2869 5671 2970 5711 nos
3008 5657 3308 5711 Acarnania
3360 5665 3564 5725 queant

1981 5750 2284 5818 depellere,
2313 5749 2406 5816 qui
2449 5763 2550 5802 nec
2591 5764 2622 5803 a
2670 5748 2801 5802 solis
2858 5747 3262 5810 Acarnanibus,
3314 5745 3564 5815 quamvis

1980 5856 2074 5892 eos
2109 5855 2250 5908 stepe
2294 5839 2554 5908 aggressi,
2596 5839 2715 5893 sine
2763 5837 3097 5893 detrimento
3129 5843 3425 5907 potuerunt
3450 5836 3566 5889 dis‘.‘

1989 5931 2207 5986 cedere.
2245 5928 2400 5996 Quod
2447 5931 2494 5985 si
2531 5939 2588 5984 et
2633 5930 2736 5985 hoc
2772 5929 3050 5994 daremus,
3092 5928 3214 5983 illos
3267 5928 3426 5983 nobis
3454 5939 3556 5996 pos

3085 6024 3159 6081 21
