4060 6436
497 412 595 478 651

1676 417 1923 479 JDANN
1939 421 2007 482 lS
2047 422 2586 486 CANTACUZENI

3665 424 3772 487 ῦίέ

497 525 767 584 tentiores
818 526 1189 594 existimatos,
1242 524 1410 581 urbes
1466 525 1833 596 subacturos;
1877 530 2082 585 nihilo-

2197 536 2553 597 ἀποστασίας.
2587 535 2650 589 Ei
2684 535 2727 589 δ’
2766 536 2870 606 ἄρα
2918 537 3013 592 καὶ
3070 537 3528 607 συγχωρήσαιμεν
3587 553 3769 603 παρα-

501 620 686 675 minus
736 630 851 675 tum
886 634 1110 690 quoque
1149 618 1349 673 misera
1393 618 1502 673 erit
1560 628 1741 674 vestra
1786 632 1845 676 et
1885 622 2075 677 infelix

500 712 774 768 conditio.
805 712 1133 767 Necessario
1154 711 1312 765 enim
1341 710 1448 765 illis
1474 711 1747 767 servietis.
1786 712 1904 767 Non
1932 715 2080 769 enim

500 805 749 876 profecto
795 804 935 859 adeo
983 803 1308 872 insipientes
1338 809 1490 867 sunt,
1537 813 1599 857 ut
1642 803 1791 872 quod
1830 819 2086 874 saepenu-

500 910 654 950 mero
704 895 1017 965 cupierunt,
1070 893 1114 948 si
1178 894 1231 948 id
1270 900 1398 963 post
1455 908 1685 964 magnos
1754 895 1973 950 labores
2023 907 2081 951 et

502 987 748 1057 pericula
802 994 1195 1056 assequantur,
1256 986 1396 1040 citra
1456 986 1624 1040 ullam
1690 988 2082 1045 necessitatem

501 1081 661 1135 vobis
710 1079 1052 1134 condonent.
1104 1077 1279 1144 Quale
1330 1088 1512 1133 autem
1565 1089 1622 1135 et
1670 1095 1836 1149 quam
1880 1078 2083 1135 durum

503 1168 926 1225 Tarentinorum
985 1169 1329 1239 aliorumque
1394 1168 1714 1224 Latinorum
1790 1170 2084 1240 imperium

507 1263 600 1325 sit,
643 1275 740 1315 vos
769 1260 1112 1324 experientia
1152 1260 1266 1329 ipsa
1319 1261 1515 1315 melius
1542 1275 1705 1330 quam
1743 1275 1845 1315 nos
1876 1275 2083 1332 cogno—

502 1353 679 1409 vistis.
722 1354 995 1421 Quocirca
1044 1353 1161 1408 sive
1211 1352 1615 1423 adjuvabimini
1665 1368 1697 1407 a
1743 1353 2084 1416 Tarentinis,

503 1446 619 1500 sive
652 1461 797 1512 non;
828 1446 946 1500 sive
969 1460 1069 1500 nos
1097 1444 1355 1508 vicerint,
1385 1445 1501 1499 sive
1522 1461 1553 1499 a
1583 1444 1749 1499 nobis
1771 1445 2086 1508 vincentur,

504 1538 643 1593 nihil
694 1537 894 1600 aberit,
931 1537 1228 1606 quominus
1274 1538 1329 1591 in
1370 1536 1635 1592 extremis
1691 1537 1849 1591 malis
1894 1549 2086 1591 verse-

507 1629 666 1683 mini.
707 1629 814 1683 Sed
854 1642 1038 1698 nequc
1069 1642 1171 1681 nos
1202 1628 1572 1683 diuturnitate
1618 1628 1966 1682 remissiores
2009 1627 2088 1682 fa-
2127 1648 2131 1656 ι

505 1732 626 1778 ctos
659 1721 1008 1777 obsidionem
1049 1721 1333 1775 soluturos
1379 1720 1639 1775 arbitrari
1671 1721 1959 1790 prudentis
2002 1729 2087 1775 est

505 1813 767 1869 hominis.
804 1812 917 1867 Nos
949 1811 1053 1880 ipsi
1082 1811 1303 1881 quidem
1353 1828 1461 1866 non
1502 1827 1721 1881 semper
1747 1811 1907 1867 vobis
1944 1811 2088 1866 assi-

2189 628 2358 695 σκευῇ
2393 627 2608 698 μεγάλῃ
2647 629 3015 696 Ταραντίνους
3048 631 3111 682 ὲκ
3141 630 3243 699 τῆς
3274 629 3482 692 οἰκείας
3505 629 3773 700 ὁρμηθένο

2186 734 2283 779 τας
2318 718 2506 771 ἐνθάδε
2535 719 2714 790 ήκειν,
2741 720 2935 790 ἄδηλον
2991 721 3093 789 μὲν
3120 722 3167 773 εί
3194 721 3291 775 καὶ
3334 720 3476 774 οὕτω
3510 721 3772 791 δυνήσον-

2186 825 2278 860 ται
2317 809 2470 877 ἡμᾶς
2487 810 2851 880 ’Λκαρνανίας
2877 811 3150 876 ἐξελάσαι,
3178 811 3228 864 οἳ
3256 811 3378 865 οὐδὲ
3406 811 3543 881 πρὸς
3577 811 3773 880 μόνους

2199 901 2564 972 Ἀκαρνᾶνας,
2600 903 2847 969 καίτοιγε
2875 904 3140 966 πολλάκις
3180 905 3654 973 ἐπιχειρήσαντες.
3689 903 3772 954 ῖσ-

2187 1010 2362 1063 χυσαν
2397 998 2567 1065 χωρὶς
2604 996 2809 1066 ζημίας
2865 996 3177 1062 ἀπαλλάξαι
3210 993 3602 1064 πολεμοῦντες.
3636 996 3699 1048 Εἰ
3726 993 3772 1048 δ’

2189 1085 2299 1153 ἄρα
2348 1086 2633 1141 καὶτοῦτο
2687 1088 2911 1158 δοίημεν
2960 1091 3019 1141 τὸ
3059 1088 3217 1159 ήμῶν
3266 1089 3464 1151 αὐτοὺς
3508 1086 3773 1156 ὀφθέντας

2189 1178 2475 1247 κρείττους
2505 1164 2971 1250 παραστήσασθαι
3000 1183 3101 1245 τὰς
3152 1180 3356 1245 πόλεις,
3386 1181 3507 1233 τότε
3540 1196 3603 1249 γε
3645 1181 3774 1248 ὑμῖν

2188 1270 2255 1321 τὰ
2311 1272 2618 1341 πράγματα
2665 1274 2927 1342 οὐδεμιᾶς
2980 1273 3193 1343 βέλτιον
3240 1273 3354 1341 ἕξει
3402 1274 3501 1327 δυσ
3522 1276 3768 1344 τραγίας.

2202 1363 2446 1434 Ἀνάγκη
2474 1364 2584 1435 γὰρ
2614 1364 2760 1435 ὑμᾶς
2786 1366 2974 1429 αὐτοῖς
3001 1364 3302 1420 δουλεύειν.
3351 1367 3427 1419 Οὐ
3464 1368 3575 1437 γάρ
3597 1368 3767 1436 δήπου

2189 1470 2253 1519 γε
2287 1456 2679 1524 ἀνοηταίνουσι
2708 1456 2985 1520 τοσοῦτον,
3019 1456 3162 1510 ὥστε
3190 1447 3251 1510 οὗ
3283 1458 3547 1521 πολλάκις
3577 1458 3774 1511 ἐπεθύ-

2194 1558 2399 1617 μησαν,
2435 1548 2574 1616 μετὰ
2600 1549 2727 1611 τοὺς
2756 1549 3029 1618 μεγάλους
3049 1553 3257 1612 ,πόνους
3281 1550 3377 1603 καὶ
3412 1551 3561 1603 κινδύ
3576 1568 3692 1610 ιους
3724 1553 3772 1618 εί

2190 1637 2461 1704 παρέσται
2513 1640 2761 1711 ἀνάγκης
2792 1640 3053 1709 οὐδεμιᾶς
3104 1641 3393 1712 παρούσης
3426 1642 3556 1712 ὑμῖν
3605 1645 3773 1713 προέὶ

2194 1728 2341 1783 σθαι.
2381 1729 2574 1783 Ὀποία
2607 1731 2663 1783 δὲ
2700 1733 2732 1801 ή
2765 1732 3118 1802 Ταραντίνων
3147 1733 3240 1786 καὶ
3272 1734 3383 1786 τῶν
3435 1733 3613 1787 ἄλλων
3660 1735 3774 1786 Λα-

2190 1822 2352 1875 τίνων
2408 1822 2647 1887 δουλεία,
2681 1826 2835 1877 αὐτοὶ
2895 1826 3017 1879 ἴστε
3075 1827 3248 1898 πείρα
3302 1826 3513 1898 βέλτιον
3565 1828 3765 1898 ἡμῶνο
3839 1828 3842 1831 ’

506 1928 784 1983 debimus.
838 1925 997 1980 Nunc
1051 1927 1199 1981 enim
1268 1925 1592 1995 imperator,
1645 1923 1923 1978 arbitrans
1967 1925 2086 1994 ipso

2197 1912 2329 1966 ὥστε
2354 1913 2465 1967 εἴτε
2509 1918 2971 1986 συμμαχήσουσιν
3019 1918 3149 1989 ὑμῖν
3177 1923 3226 1973 οἱ
3270 1919 3623 1991 Ταραντῖνοι,
3657 1919 3770 1973 εἴτε

504 2029 709 2077 eventu
743 2019 959 2084 doctos,
992 2033 1158 2089 quam
1190 2017 1256 2072 de
1280 2017 1553 2072 vobismet
1580 2015 1720 2069 male
1751 2015 2084 2077 metueritis.

505 2124 715 2170 mutata
755 2113 1042 2168 voluntate
1080 2111 1143 2165 ad
1174 2126 1233 2166 se
1294 2124 1637 2175 accessuros,
1669 2119 1726 2164 et
1764 2110 1878 2179 ipse
1906 2108 2089 2163 adhuc

503 2213 811 2277 exspectat,
839 2212 895 2259 et
927 2218 1067 2273 quas
1091 2202 1145 2255 in
1174 2200 1299 2256 aliis
1345 2201 1576 2255 urbibus
1611 2201 1830 2255 habetis
1860 2199 2090 2255 faculta-

506 2311 611 2363 tes,
665 2296 908 2351 nondum
963 2294 1017 2349 in
1067 2293 1204 2348 alios
1247 2292 1527 2362 dispertit.
1563 2291 1621 2347 Si
1673 2307 1769 2347 vos
1812 2292 2086 2346 calculum

505 2391 838 2446 reducturos
861 2382 1259 2455 desperaverit,
1292 2398 1402 2437 non
1432 2391 1646 2438 vestras
1677 2381 1963 2447 duntaxat,
1991 2380 2085 2435 sed

505 2494 563 2539 et
620 2489 983 2553 cognatorum
1050 2486 1367 2532 vestrorum
1420 2475 1679 2540 fortunas
1740 2476 2086 2528 Acarnanum

505 2573 911 2649 potentissimis
958 2571 1130 2643 gratis
1159 2570 1331 2624 dabit.
1366 2568 1469 2634 Qui
1524 2567 1609 2622 sui
1655 2576 1896 2636 quaestus
1941 2567 2091 2637 cupi-

505 2670 635 2725 dine
661 2665 948 2728 commoti,
976 2662 1060 2718 vel
1088 2662 1230 2717 ultra
1268 2660 1414 2715 vires
1447 2658 1705 2725 animosi,
1736 2667 1793 2712 et
1826 2672 1997 2727 parvo
2019 2656 2088 2711 ab

507 2763 843 2831 imperatore
890 2764 1115 2824 accepto
1161 2750 1438 2822 praesidio,
1482 2759 1543 2804 ut
1589 2749 2090 2819 perniciosissimos

505 2856 696 2909 hostes
730 2866 827 2906 vos
859 2846 1280 2919 oppugnabant,
1311 2859 1413 2900 nec
1442 2843 1703 2898 obsidere
1764 2842 2087 2902 cessabunt.

505 2947 687 3019 quoad
726 2944 982 2999 subactos
1046 2954 1171 2994 cum
1214 2936 1542 3008 coniugibus
1587 2945 1641 2990 et
1676 2934 1864 2990 liberis
1913 2934 2088 3003 patria

504 3048 757 3095 extorres
791 3032 1159 3090 reddiderint.
1194 3027 1305 3085 Nos
1332 3043 1458 3103 cpm
1502 3029 1838 3097 imperatore
1865 3025 2089 3081 domum

504 3139 874 3188 revertemur.
928 3124 1126 3180 Videte
1180 3121 1381 3193 igitur,
1437 3121 1644 3192 quibus
1696 3119 1918 3175 casibus
1984 3108 2125 3173 hoc'

2117 3269 2164 3332 Ο

504 3223 714 3278 bellum
749 3233 849 3274 vos
879 3215 1199 3286 objectabit.
1252 3213 1308 3269 Si
1363 3229 1450 3269 me
1497 3213 1727 3268 meliora
1762 3212 2085 3265 suadentem

505 3311 817 3374 audieritis,
843 3320 1054 3376 vosque
1086 3314 1143 3359 et
1182 3304 1373 3359 urbem
1400 3302 1716 3373 imperatori
1740 3300 2085 3365 dedideritis,

504 3407 744 3478 primum
799 3400 1045 3471 quidem,
1105 3395 1256 3469 quod
1310 3395 1567 3461 studetis,
1625 3394 1943 3463 Nicephoro
1991 3392 2089 3446 de-

513 3504 685 3566 spots:
722 3502 910 3548 vestro
941 3489 1290 3545 commodare
1334 3486 1560 3553 licebit;
1592 3501 1693 3565 ego
1729 3484 1878 3543 enim
1923 3483 2089 3537 filiam

508 3602 682 3641 meam
712 3584 761 3640 ei
800 3597 1025 3637 uxorem
1056 3582 1409 3649 coniungam,
1449 3577 1597 3647 quod
1626 3577 1681 3630 in
1722 3591 1935 3631 summa
1965 3575 2089 3629 fcli-

506 3680 675 3732 citate
724 3673 1042 3747 ponendum
1099 3668 1204 3754 n‘e'c
1259 3685 1360 3725 vos
1408 3669 1655 3724 nescitis.
1706 3669 1979 3723 Praeterea
2032 3675 2092 3722 ut

509 3771 680 3826 filium
734 3783 915 3824 meum
965 3764 1126 3837 323
1177 3762 1463 3830 educabo;
1521 3772 1578 3817 et
1633 3762 1955 3831 imperator,
1995 3759 2089 3829 qui

508 3863 644 3920 mibi
681 3863 824 3917 bene
852 3860 992 3926 vult,
1020 3872 1140 3914 mea
1165 3871 1329 3912 causa
1359 3848 1668 3910 honoribus
1694 3870 1757 3909 ac
1807 3851 2091 3909 beneﬁciis

507 3953 654 4025 apud
689 3953 969 4008 Romanos
996 3932 1418 4021 amplitudinem
1443 3948 1562 4019 ejus
1584 3946 1908 4002 illustrabit.
1936 3945 2090 4000 Adde

507 4048 655 4119 quod
676 4056 732 4102 et
751 4045 906 4100 vobis
935 4061 1043 4099 non
1069 4058 1241 4113 pauca
1264 4041 1395 4095 hinc
1410 4041 1782 4095 emolumenta
1804 4037 2085 4107 parabitis.

507 4143 644 4199 Nam
688 4152 744 4195 et,
777 4139 866 4193 hic
897 4152 1030 4208 opes
1067 4146 1280 4191 vestras
1319 4133 1626 4189 cuumlabit
1656 4133 1981 4200 imperator,
2033 4138 2092 4184 et

507 4251 629 4305 qua:
660 4234 707 4287 N
732 4233 977 4302 ccpboro
1016 4230 1263 4299 despota:
1298 4238 1495 4281 vestro
1532 4225 1985 4296 assignabuntur,
2023 4240 2092 4279 ex

508 4329 576 4384 iis
634 4325 870 4380 fructum
932 4322 1171 4391 aliquem
1247 4318 1499 4388 capietis.
1557 4315 1718 4371 Plura
1784 4316 2091 4370 acervanda

508 4425 678 4479 dictis
703 4436 812 4476 non
845 4432 1068 4480 censeo,
1095 4430 1221 4470 cum
1247 4431 1311 4469 ex
1348 4415 1456 4477 his,
1488 4412 1581 4481 qui
1606 4412 1847 4481 sapiunt,
1874 4411 2093 4481 possint

512 4514 845 4581 intelligere,
890 4520 1149 4579 quantam
1195 4507 1300 4559 vim
1340 4505 1607 4558 malorum
1649 4504 1876 4569 bellum,
1918 4519 2094 4573 quan-

513 4618 621 4660 tam
660 4601 1216 4673 vicissimbonorum
1246 4596 1460 4666 c0piam
1498 4595 1707 4649 deditio
1737 4595 1967 4650 allatura
1998 4594 2088 4649 sit.
2127 4627 2171 4681 ι)

514 4697 625 4752 Vos
659 4692 1033 4756 considerate,
1065 4699 1118 4744 et
1146 4680 1425 4742 utrumvis
1457 4686 1728 4756 eligitote.
1764 4686 1833 4743 Ut
1860 4686 2096 4758 absolyit

502 4782 1214 4850 ‘domesticus,Richardus
1261 4780 1406 4835 inter
1457 4778 1757 4835 familiares
1796 4779 2096 4848 Nicepliori

516 4881 726 4950 primas
755 4887 943 4931 tenere
995 4889 1053 4929 se
1087 4874 1204 4943 ipse
1233 4887 1453 4942 quoque
1481 4887 1591 4925 non
1622 4869 1858 4941 negabat
1878 4915 1889 4935 ,
1912 4879 2095 4924 tamen

513 4970 580 5026 ad
630 4969 754 5022 illos
791 4981 1011 5036 quoque
1055 4963 1426 5028 referendum,
1462 4972 1518 5017 et
1560 4961 1931 5016 communiter
1963 4960 2098 5030 quid

515 5060 601 5131 agi
631 5057 975 5121 conveniret,
1027 5054 1458 5110 decernendum.
1501 5053 1855 5124 Approbante
1900 5066 2098 5121 magno

517 5150 850 5215 domestico,
878 5149 967 5203 die
998 5148 1251 5218 sequenti
1288 5147 1597 5202 rediturum
1663 5159 2099 5217 responsumque

518 5243 821 5297 relaturum
853 5241 1156 5310 pollicitus,
1190 5240 1247 5294 in
1290 5239 1487 5295 urbem
1523 5254 1587 5293 se
1627 5239 1857 5308 recepit.
1898 5237 2099 5292 Coacto

515 5351 546 5391 e
599 5333 973 5404 praesentibus
1022 5340 1324 5397 conventu,
1361 5341 1644 5401 quierunt,
1693 5330 1894 5401 ecquid
1943 5346 2001 5386 se
2043 5341 2100 5386 et

516 5428 779 5498 oppidum
843 5426 1113 5487 tradant,
1163 5425 1458 5494 magnique
1524 5422 1813 5478 domestici
1875 5423 2098 5477 monitis

517 5520 877 5590 obscquelam‘
906 5518 1215 5573 faciendam
1245 5532 1517 5573 consensu
1558 5516 1799 5571 ﬁrmant.
1827 5517 2101 5572 Postridie

519 5610 1115 5670 rediens.Ricliardus
1167 5610 1338 5665 Deum
1401 5619 1660 5669 testatur,
1717 5610 1870 5678 ipsos
1920 5627 2100 5681 neque

518 5710 649 5764 odio
696 5706 1070 5776 imperatoris,
1122 5721 1303 5776 neque
1351 5706 1434 5760 sui
1484 5718 1730 5775 qiizesms
1779 5721 1946 5761 causa
1986 5708 2102 5778 ejus

517 5798 709 5856 l‘rcnos
738 5801 1073 5865 excussisse,
1114 5799 1210 5854 sed
1255 5798 1573 5868 Opinautes.
1624 5798 1668 5851 si
1700 5801 1862 5867 primi
1903 5800 2104 5854 deﬁce-

526 5902 670 5963 rent,
705 5894 947 5966 reliquos
986 5896 1303 5951 Acarnanas
1344 5903 1654 5955 secuturos,
1693 5901 1749 5947 et
1791 5892 1895 5948 hoc
1935 5898 2100 5949 modo

2194 2005 2290 2076 μὴ,
2323 2007 2434 2060 εἴτε
2465 2010 2784 2077 νικήσουσιν
2820 2012 2988 2081 ἡμᾶς,
3025 2013 3137 2064 εἴτε
3170 2013 3570 2084 ἡττηθήσονται
3591 2013 3769 2078 αὐτοὶ,

2190 2086 2345 2151 οὐδὲν
2395 2100 2526 2170 ὑμῖν
2558 2101 2801 2154 ἐλλείπει
2852 2102 2948 2155 τοῦ
2984 2102 3062 2173 μὴ
3120 2106 3201 2166 είς
3240 2104 3472 2174 ἔσχατον
3521 2104 3771 2158 κινδύνου

2190 2188 2520 2257 ἀφικέσθαι*
2548 2191 2610 2244 οὐ
2666 2192 2774 2263 μὴν
2825 2178 2940 2246 ἁλλ’
2973 2194 3094 2247 οὐδὲ
3139 2196 3289 2265 ἡμᾶς
3326 2195 3775 2266 ὀλιγωρήσαντας

2189 2276 2278 2330 διὰ
2320 2278 2412 2332 τὸν
2443 2280 2656 2350 χρόνον,
2701 2282 3116 2353 ἀποστήσεσθαι
3163 2284 3265 2355 τῆς
3297 2284 3617 2354 πολιορκίας
3662 2285 3775 2338 οῖε-

2194 2366 2342 2432 σθαι,
2379 2368 2506 2422 νοῦν
2558 2371 2792 2440 ἐχόντων
2844 2373 2993 2425 ἐστὶν
3049 2372 3380 2444 ἀνθρώπων.
3429 2375 3504 2427 Οὐ
3555 2375 3663 2445 γὰρ
3708 2374 3774 2442 δή

2190 2459 2344 2512 αὐτοὶ
2388 2460 2764 2532 καθοδούμεθα
2793 2463 2955 2535 μέχρι
2991 2466 3194 2530 παντὸς
3227 2467 3372 2535 ὑμᾶς
3421 2467 3775 2540 πολιορκοῦν-

2189 2568 2299 2613 τες,
2337 2550 2453 2605 Νῦν
2509 2554 2609 2622 μὲν
2674 2556 2785 2624 γὰρ
2839 2554 3098 2633 βασιλεὺς
3155 2559 3404 2630 οἰόμενος
3473 2558 3533 2625 ἐξ
3594 2562 3771 2615 αὐτῶν

2190 2642 2541 2713 διδαχθέντας
2597 2646 2707 2699 τῶν
2740 2649 3087 2718 πραγμάτων
3138 2651 3230 2721 ὡς
3278 2654 3338 2704 οὐ
3388 2654 3774 2709 λυσιτελοῦντα

2191 2735 2589 2791 ἐϐουλεύσασθε
2630 2739 2761 2808 ὑμῖν
2790 2742 2994 2807 αὐτοῖς,
3040 2745 3408 2814 μεταγνόντες
3438 2750 3771 2818 προσχωρή-

2194 2845 2315 2883 σετε
2355 2830 2527 2900 αὐτῷ,
2578 2831 2745 2894 αὑτός
2788 2850 2846 2885 τε
2884 2834 2965 2886 ἔτι
3001 2837 3310 2906 περιμένει,
3361 2839 3456 2891 καὶ
3508 2841 3630 2894 οὐδὲ
3678 2844 3777 2903 τὰς

2195 2927 2421 2997 κτήσεις
2445 2925 2600 2996 ὑμῶν
2629 2926 2725 2990 τὰς
2759 2928 2817 2980 ἐν
2857 2931 2977 2988 ταῖς
3022 2928 3214 2994 ἄλλαις
3245 2933 3437 2986 πόλεσι
3467 2935 3779 3005 παρέσχετο

2194 3020 2443 3089 ὲτέροιςο
2495 3018 2562 3073 ἂν
2619 3019 2676 3072 δὲ
2708 3020 2938 3090 ἁπογνῷ
2971 3022 3069 3091 τὴν
3107 3024 3475 3092 μεταμέλειαν
3509 3027 3686 3096 ὑμῶν,
3716 3027 3778 3078 οὐ

2197 3112 2354 3182 μόνον
2388 3112 2454 3166 τὰ
2498 3113 2743 3185 ὑμετέρα
2790 3117 3071 3184 κτήματα,
3123 3115 3262 3170 ἀλλὰ
3312 3119 3404 3172 καὶ
3436 3120 3546 3172 τῶν
3601 3119 3779 3173 ἄλλων

2196 3208 2476 3271 συγγενῶν
2505 3205 2661 3272 ὑμῶν
2705 3207 2819 3268 τοῖς
2849 3205 3253 3270 δυνατωτάτοις
3296 3208 3645 3280 Ἀκαρνάνων
3675 3228 3782 3263 πα-

2201 3292 2436 3371 ραδώσει
2467 3310 2479 3323 ’
2516 3293 2567 3346 οἳ
2599 3296 2824 3364 κέρδους
2855 3296 3018 3350 ἕνεκα
3057 3298 3213 3365 ἰδίου,
3251 3301 3343 3354 καὶ
3380 3302 3518 3375 ὑπὲρ
3551 3303 3781 3373 δύναμιν

2199 3385 2604 3455 πολεμήσουσιν
2644 3388 2772 3457 ὑμῖν
2821 3390 2895 3453 ὡς
2957 3389 3394 3459 πολεμιωτάτοις
3449 3395 3544 3448 καὶ
3591 3396 3782 3468 ὀλίγην

2199 3480 2417 3548 ἔχοντες
2476 3482 2540 3533 ὲκ
2576 3480 2841 3550 βασιλέως
2900 3487 3186 3556 στρατιάν,
3222 3488 3317 3541 καὶ
3368 3490 3471 3543 οὐκ
3516 3492 3783 3561 ἀνήσουσι

2200 3570 2622 3640 πολιορκοῦντες
2652 3574 2816 3642 ἄχρις
2859 3568 2921 3628 οὗ
2958 3579 3453 3651 παραστησάμενοι
3485 3582 3682 3645 αὐτούς
3720 3598 3780 3634 τε

2198 3668 2293 3719 καὶ
2323 3669 2594 3730 γυναῖκας
2626 3668 2722 3721 καὶ
2750 3667 2939 3734 τέκνα,
2978 3669 3243 3739 θήσουσιν
3294 3673 3643 3743 ὑπερορίους.
3678 3676 3785 3729 Βα-

2202 3760 2383 3822 σιλεὺς
2410 3759 2465 3811 δὲ
2489 3759 2583 3813 καὶ
2602 3761 2766 3831 ἡμεῖς
2800 3760 2986 3814 οἶκαδε
3019 3764 3475 3835 ἀναχωρήσομεν.
3500 3766 3785 3836 Σκέψασθι

2198 3852 2291 3906 οὖν
2313 3848 2368 3906 οἷ
2396 3852 2581 3906 κακῶν
2607 3854 2634 3906 ὁ
2656 3852 2794 3924 πρὸς
2823 3853 3052 3922 βασιλέα
3080 3855 3317 3926 πόλεμος
3343 3857 3471 3926 ὑμῖν
3504 3862 3784 3928 χωρήσει·

2199 3949 2293 4001 ἐὰν
2321 3947 2366 3999 δ’
2430 3947 2554 4016 ἐμοὶ
2585 3946 2656 3999 τὰ
2703 3944 2900 4016 βελτίω
2954 3949 3315 4018 παραινοῦντι
3364 3951 3629 4020 πείθησθε
3685 3952 3785 4006 καὶ

2200 4042 2429 4102 ἑαυτοὺς
2469 4040 2683 4111 βασιλεῖ
2718 4041 2811 4093 καὶ
2866 4040 2964 4111 τὴν
2994 4043 3147 4095 πόλιν
3209 4043 3525 4113 παραδῶτε,
3560 4046 3782 4113 πρῶτον

2205 4135 2327 4204 μὲν,
2364 4135 2499 4204 ὅπερ
2528 4135 2686 4187 αὐτοὶ
2717 4133 2807 4187 διὰ
2840 4134 3083 4203 σπουδῆς
3111 4134 3355 4187 ποιεῖσθε
3386 4137 3447 4188 τὸ
3475 4136 3785 4209 Νικηφόρφ

2201 4228 2279 4296 τῷ
2335 4228 2492 4296 ὑμῶν
2523 4227 2759 4297 δεσπότῃ
2794 4224 3066 4293 ὠφέλειάν
3097 4243 3218 4278 τινα
3249 4226 3492 4296 ἐξευρεῖν
3538 4226 3780 4293 ἐξέσται.

2215 4321 2360 4390 Ἐγὼ
2403 4320 2513 4391 γὰρ
2546 4320 2697 4389 αὐτῷ
2735 4319 2833 4389 τὴν
2874 4317 3016 4390 ἐμὴν
3048 4321 3415 4390 κατεγγυήσω
3464 4321 3738 4392 Θύγατέρα
3762 4341 3782 4356 -

2202 4415 2339 4481 ὅπερ
2373 4414 2454 4466 ὅτι
2504 4429 2569 4480 γε
2623 4412 2839 4474 οὐδενὸς
2885 4411 3142 4482 δεύτερον
3183 4414 3264 4474 είς
3305 4412 3560 4483 εὐτυχίας
3598 4414 3781 4481 λόγον,

2202 4506 2312 4558 οὐδ’
2346 4505 2503 4558 αὐτοὶ
2535 4505 2781 4571 ἀγνοεῖτε
2842 4503 3040 4571 δήπου.
3083 4501 3228 4569 Ἐγώ
3282 4520 3342 4555 τε
3392 4504 3502 4574 γὰρ
3536 4504 3610 4567 ὡς
3666 4507 3784 4558 υίὶν

2202 4595 2489 4667 ὲκθρέψω’
2538 4597 2633 4648 καὶ
2664 4594 2920 4664 βασιλεὺς
2953 4595 3053 4663 τῆς
3094 4596 3175 4657 είς
3207 4596 3308 4665 ἐμὲ
3336 4596 3551 4659 εὐνοίας
3593 4599 3781 4661 ἕνεκα,

2200 4690 2389 4757 τιμαῖς
2423 4704 2483 4740 τε
2511 4687 2606 4739 καὶ
2657 4685 2884 4747 πολλαῖς
2923 4686 3269 4757 εὐεργεσίαις
3303 4689 3584 4759 περιφανῆ
3629 4692 3787 4760 παρὰ

2211 4781 2508 4850 Ῥωμαίοις
2545 4779 2725 4847 θήσει.
2761 4778 2993 4832 Ἔπειτα
3046 4780 3138 4830 καὶ
3192 4779 3407 4840 ἑαυτοῖς
3440 4782 3542 4833 οὐκ
3587 4781 3786 4848 ὀλίγων

2201 4876 2361 4929 τινῶν
2395 4872 2619 4942 ἀγαθῶν
2678 4872 2844 4926 αῖτιοι
2896 4870 3221 4941 γενήσεσθε.
3263 4871 3535 4926 Ἑνταῦθὰ
3566 4890 3625 4925 τε
3674 4874 3787 4944 γὰρ

2203 4967 2348 5036 ὑμᾶς
2380 4961 2440 5019 εὖ
2467 4967 2685 5033 ποιήσει
2741 4965 3019 5034 βασιλεὺς,
3042 4958 3123 5027 οἷς
3158 4964 3338 5033 εἴχετε
3386 4966 3651 5034 πρότερον
3687 4966 3786 5017 καὶ

2200 5059 2367 5129 ἔτερα
2412 5058 2672 5130 προσθείς
2695 5075 2710 5088 ·
2744 5061 2838 5112 καὶ
2883 5057 2992 5110 τῶν
3040 5057 3349 5128 Νικηφόρῳ
3384 5057 3461 5129 τῷ
3513 5060 3669 5129 ὑμῶν
3695 5060 3786 5112 δε·-

2205 5152 2380 5222 σπότῃ
2413 5149 2992 5221 άπονεμηθησομένων
3062 5150 3406 5203 ἀπολαύσετε
3466 5151 3527 5204 τὸ
3593 5150 3781 5222 μέρος.

2202 5244 2381 5297 Πλείω
2422 5244 2523 5313 μὲν
2550 5241 2643 5296 οὖν
2683 5244 2867 5297 οὐκέτι
2907 5243 3018 5295 δεῖν
3048 5243 3232 5310 οἴομαι
3266 5243 3537 5313 συνείρειν
3559 5282 3576 5307 ,
3620 5243 3785 5297 ἱκανά

2202 5338 2311 5408 γὰρ
2344 5337 2478 5407 παρ’
2527 5335 2588 5390 εὖ
2633 5335 2896 5406 φρονοῦσι
2931 5333 3027 5387 καὶ
3072 5334 3142 5387 τὰ
3189 5334 3458 5404 εἰρημένα
3484 5372 3500 5397 ,
3542 5335 3684 5388 ὅσων
3724 5351 3783 5387 τε

2203 5431 2388 5485 κακῶν
2418 5431 2549 5498 ὑμῖν
2571 5430 2600 5482 δ
2632 5428 2868 5498 πόλεμος
2905 5427 3080 5491 αἴτιος
3108 5427 3264 5480 ἔσται
3289 5426 3656 5497 καταμαθεῖν,
3692 5427 3783 5480 καὶ

2201 5526 2344 5579 ὅσων
2375 5521 2602 5592 ἀγαθῶν
2627 5522 2688 5574 τὸ
2714 5520 3113 5592 προσχωρῆσαι
3136 5521 3368 5593 βασιλεῖ.
3399 5522 3560 5592 Ὑμῖν
3581 5521 3638 5573 δὲ
3667 5518 3786 5584 ἑξέ-

2206 5634 2331 5671 σται
2387 5614 2874 5683 διασκεψαμένοις,
2905 5614 3014 5666 τῶν
3066 5616 3379 5685 εἰρημένων
3443 5612 3780 5683 προσθέσθαι

2204 5708 2512 5776 ὁποτέροις.
2543 5704 2784 5758 Τοιαῦτα
2812 5704 3187 5774 διειλεγμένου
3216 5706 3311 5758 τοῦ
3342 5704 3585 5774 μεγάλου
3617 5704 3783 5771 δομε-

2209 5800 2413 5864 στίχου,
2458 5800 2487 5849 ὀ
2527 5795 2840 5867 Ῥιτζάρδος
2876 5796 2986 5849 τῶν
3030 5796 3127 5868 μὲν
3170 5798 3470 5868 Νικηφόρῳ
3527 5809 3782 5867 συμπαρο

2206 5895 2375 5972 ὄντων
2416 5891 2594 5946 ἄλλων
2637 5890 2915 5960 ὡμολόγει
2977 5890 3067 5943 καὶ
3092 5891 3276 5953 αὐτὸς
3342 5890 3596 5961 προέχειν
3623 5929 3638 5955 ,
3674 5886 3784 5940 δεῖν
