4060 6430
304 411 411 474 655

1485 403 1814 466 JOANNIS
1853 402 2385 467 CANTACUZENI

3451 406 3564 470 Filii

303 543 402 582 sua
453 533 540 582 tot
588 523 832 578 maculas
886 519 1228 590 quotidianis
1297 518 1608 573 actionibus
1674 520 1888 574 inustas

2004 518 2085 583 Ξεν
2129 521 2212 582 είς
2271 517 2585 582 αὖτὸν,καὶ
2643 517 2742 571 νῦν
2799 519 3000 581 ἐδεῖτο.
3035 516 3142 573 τῶν
3197 516 3298 590 μὲν
3352 523 3586 590 ἐτησίων

300 621 486 685 cluat;
545 626 600 672 et
649 616 792 669 hanc
837 628 1000 668 unam
1046 627 1272 666 causam
1327 611 1688 681 profectionis
1729 611 1892 680 hujus

302 711 406 766 sibi
441 709 740 766 exstitisse.
792 707 1019 777 Magnus
1065 703 1404 759 domesticus
1427 704 1582 757 illum
1608 716 1736 758 vera
1766 717 1892 755 nar-

304 819 427 857 rare
475 781 753 872 opinatus,
797 815 903 856 nec
945 815 1006 854 se
1059 798 1112 852 id
1171 796 1596 866 permissurum,
1630 808 1731 848 nec
1764 809 1889 850 cum

307 897 640 966 imperatore
695 908 861 963 super
929 907 995 946 ea
1050 905 1110 946 re
1151 889 1469 945 locuturum
1525 889 1887 943 asseveravit.

302 987 668 1056 Apocauchus
745 999 964 1040 rursum
1026 997 1090 1038 ac
1138 982 1339 1051 saepius
1392 979 1678 1044 accedere,
1743 979 1888 1034 idem

304 1079 572 1150 ﬂagitare,
607 1088 661 1132 et
691 1077 880 1148 jurare
939 1089 998 1130 se
1033 1089 1101 1129 ex
1149 1073 1334 1128 animo
1378 1079 1565 1142 petere
1589 1113 1603 1137 ,
1635 1070 1796 1140 325
1820 1071 1891 1125 si-

305 1166 468 1235 bique
507 1176 614 1218 tam
645 1165 966 1234 frugiferum
998 1163 1140 1217 nihil
1165 1177 1325 1232 posse
1355 1162 1696 1231 contingere,
1722 1175 1886 1229 quam

304 1273 334 1311 a
370 1255 576 1310 ntundo
604 1260 862 1310 secedere
886 1254 996 1324 (Ἡ)
1025 1270 1038 1308 :
1074 1267 1176 1307 nec
1207 1259 1520 1322 susceptam
1544 1250 1885 1305 voluntatem

303 1349 719 1419 depositurum,
761 1359 872 1415 quo
923 1360 1013 1400 res
1064 1359 1284 1413 cunque
1343 1342 1626 1398 ceciderit.
1685 1339 1889 1396 Orabat

303 1439 474 1509 igitur
505 1437 847 1508 suppliciter,
879 1442 940 1489 ut
979 1435 1046 1489 ad
1093 1437 1265 1490 multa
1298 1435 1352 1489 in
1382 1449 1441 1489 se
1471 1432 1754 1489 benefacta
1781 1431 1889 1486 hoc

305 1542 645 1602 postremum
719 1529 959 1600 adjicere
989 1544 1060 1582 ne
1144 1536 1486 1599 gravaretur.
1545 1526 1732 1595 Itaque
1798 1525 1888 1578 ille

304 1623 530 1693 quidem
591 1621 777 1688 serio,
836 1629 896 1676 ut
975 1620 1304 1688 videbatur,
1354 1621 1460 1675 hoc
1531 1619 1884 1690 efﬂagitabat.

304 1717 532 1786 Magnus
557 1724 740 1770 autem
771 1713 1109 1770 domesticus
1133 1727 1448 1783 quanquam
1472 1712 1538 1767 de
1568 1711 1677 1766 isto
1706 1726 1889 1766 seces-

303 1823 367 1860 su
403 1805 595 1861 dolens
640 1816 696 1860 et
737 1805 933 1860 anxius
967 1805 1158 1867 animi,
1193 1813 1373 1858 tamen
1405 1804 1532 1873 quia
1564 1802 1882 1873 petitionem

301 1899 525 1954 videbat
548 1899 814 1952 momenti
851 1896 1094 1960 maximi,
1124 1911 1245 1951 eam
1279 1894 1597 1966 imperatori
1621 1895 1885 1965 exponit:

301 2005 464 2058 quem
511 1988 756 2058 suspicio
807 2003 935 2042 vera
981 1988 1231 2051 incessit,
1283 2002 1399 2042 rem
1458 2001 1568 2041 non
1601 1986 1674 2040 ita
1703 2000 1762 2042 se
1796 1985 1892 2039 ha-

301 2083 455 2146 bere,
497 2080 592 2135 sed
634 2081 737 2134 alia
784 2079 1042 2148 quapiam
1079 2081 1145 2134 de'
1177 2095 1339 2134 causa
1372 2088 1548 2134 totum
1570 2077 1724 2147 ﬁngi.
1760 2075 1894 2130 Pro-

303 2175 430 2227 inde
463 2171 650 2226 mirari
691 2186 750 2226 se
781 2170 922 2224 dixit
955 2185 1212 2240 magnum
1237 2169 1626 2232 domesticum,
1651 2167 1696 2223 si
1725 2165 1888 2221 ﬁdem

302 2265 478 2335 possit
509 2264 776 2319 tribuere.
821 2264 942 2329 Quo
989 2271 1369 2327 asseverante,
1417 2275 1542 2317 esse
1589 2259 1749 2315 aliter
1778 2274 1889 2313 non

303 2375 488 2430 posse,
536 2359 678 2428 Ergo
730 2365 811 2420 tu,
872 2357 1074 2426 inquit,
1133 2353 1463 2425 pericliteris
1513 2353 1699 2416 velim,
1729 2351 1892 2422 eique

305 2449 482 2512 dicas,
515 2448 624 2502 non
672 2445 1058 2516 probaturum,
1090 2444 1184 2499 sed
1245 2445 1473 2498 moleste
1524 2443 1759 2496 laturum
1791 2455 1891 2510 po-

306 2539 414 2592 tius
471 2538 885 2606 imperatorem,
921 2538 965 2590 si
1007 2551 1033 2588 a
1068 2537 1178 2588 vita
1213 2532 1488 2588 communi
1550 2547 1609 2586 se
1637 2543 1891 2585 remove-

306 2631 402 2684 rit.
445 2630 836 2685 Verumtamen
867 2642 935 2680 ne
977 2641 1092 2679 rem
1125 2625 1262 2678 adeo
1319 2624 1630 2686 honestam,
1673 2620 1894 2691 Dcoque

307 2719 601 2774 amabilem
654 2715 1007 2788 impediendo
1059 2714 1315 2770 videatur
1341 2715 1394 2768 ei
1445 2713 1590 2767 bona
1621 2712 1890 2778 invidere,

307 2832 414 2872 non
443 2823 902 2886 repugnaturum.
951 2812 1070 2868 Non
1115 2827 1255 2882 opus
1285 2819 1392 2876 est,
1425 2811 1626 2880 excipit
1664 2825 1896 2880 magnus

306 2910 667 2970 domesticus,
705 2905 951 2962 tentandi
997 2904 1170 2975 gratia
1224 2904 1339 2958 haec
1388 2903 1438 2957 ei
1472 2902 1695 2969 dicere;
1730 2901 1896 2957 simul

306 3001 452 3055 enim
493 3013 820 3070 responsum
872 2997 1082 3063 audiet,
1118 2996 1384 3052 valedicet
1415 3011 1479 3051 ac
1511 2996 1762 3062 secedet;
1797 2997 1894 3052 sed

305 3094 513 3162 potius,
549 3091 594 3144 si
631 3089 762 3161 quid
795 3104 862 3144 eo
899 3096 1074 3160 egeat,
1110 3097 1293 3157 empto
1316 3087 1746 3157 prohibendum.
1788 3087 1895 3144 lm-

308 3196 526 3255 perator
563 3184 764 3237 iterato
803 3180 964 3251 jubet
1007 3179 1197 3234 eadem
1230 3179 1374 3245 dici;
1418 3195 1542 3234 nam
1576 3181 1895 3238 audientem
1923 3212 1972 3278 ο

308 3276 444 3340 fore,
468 3288 523 3330 et
574 3276 630 3329 iu
685 3282 830 3328 statu
875 3273 1062 3342 priore
1094 3271 1479 3342 perStiturum.
1515 3272 1677 3326 Paret
1704 3272 1894 3327 dome-

309 3371 519 3432 sticus;
557 3365 903 3434 imperatoris
955 3377 1283 3434 responsum
1335 3363 1900 3433 Apocaucborenun-

313 3462 428 3514 ιὶ.ιι.
492 3457 596 3526 Qui
664 3471 770 3512 nec
832 3465 1008 3511 totum
1060 3454 1286 3526 quidem
1348 3453 1541 3509 audire
1597 3455 1900 3518 sustinens,

312 3560 506 3620 putare
565 3564 624 3603 se
679 3549 777 3610 ait,
833 3561 1111 3601 secessum
1164 3561 1327 3600 suum
1379 3545 1698 3615 imperatori
1734 3545 1899 3601 etiam

314 3653 482 3711 atque
535 3640 700 3695 etiam
737 3637 1040 3710 jucundqu
1079 3636 1352 3703 accidere,
1382 3639 1612 3709 ejusque
1671 3638 1902 3693 faculta-

314 3747 424 3791 tem
454 3733 820 3789 libentissime
861 3733 1168 3787 concedere
1207 3750 1220 3786 :
1254 3731 1382 3802 quia
1416 3747 1549 3786 vero
1574 3731 1678 3802 ipsi
1709 3733 1901 3787 dome-

315 3830 457 3882 stico
511 3825 856 3896 displiceret,
911 3839 1019 3879 non
1068 3839 1128 3880 se
1159 3824 1530 3880 facturum.ls
1565 3824 1750 3879 verbis
1781 3827 1903 3895 ejus

315 3929 478 3974 antea
524 3934 585 3973 se
632 3917 1117 3986 circumscriptum
1166 3916 1334 3972 fuisse
1364 3915 1700 3986 intelligens,
1733 3915 1907 3985 impe-

317 4010 486 4065 ratori
526 4007 878 4081 jocahundus
959 4005 1093 4076 quid
1152 4005 1243 4061 ille
1293 4004 1644 4076 responderit
1693 4015 1901 4059 narrat.

314 4102 471 4158 Unde
506 4116 616 4154 non
648 4097 1004 4154 mediocriter
1031 4097 1339 4152 delectatus
1359 4097 1684 4168 imperator,
1715 4096 1906 4150 dome-

316 4198 460 4250 stico
492 4209 588 4264 per
611 4195 802 4250 ludttm
832 4237 847 4262 ,
885 4193 1088 4250 Saltem
1124 4209 1273 4250 nunc
1336 4195 1551 4260 credes,
1582 4193 1782 4264 inquit,
1819 4207 1907 4248 me

317 4289 666 4345 solertiorem
717 4303 840 4344 esse
889 4296 961 4354 te,
996 4288 1284 4358 magisque
1319 4301 1488 4342 nosse
1515 4301 1583 4341 ex
1616 4286 1906 4340 hominum

316 4382 504 4437 verbis
535 4397 724 4435 comm
759 4392 922 4435 sensa
953 4379 1253 4447 conjicere.
1283 4378 1424 4432 Tum
1468 4377 1828 4442 domesticus,
1852 4388 1908 4432 et

314 4472 640 4544 jampridem
689 4469 1018 4534 credidisse,
1058 4484 1161 4523 nec
1200 4468 1278 4522 ita
1307 4467 1580 4522 excellere
1614 4466 1906 4536 ipsumju—

1998 611 2302 681 προσόδων,
2359 611 2425 673 ἃς
2494 611 2660 674 αὐτὸς
2735 612 3072 682 καρποῦται,
3133 611 3407 682 βασιλέως
3477 633 3584 667 πα-

1998 703 2294 772 ρασχόντος
2328 702 2705 773 κληρονόμους
2753 697 2896 755 εἶναι
2959 703 3160 765 παῖδας
3213 705 3345 767 τοὺς
3393 704 3584 759 αὑτοῦ.

1992 796 2168 849 Αὑτὸν
2199 795 2256 849 δὲ
2287 794 2473 858 ἀδείας
2501 795 2737 865 τυχόντα
2763 796 2828 847 ἐκ
2857 794 3150 864 βασιλέως,
3177 797 3588 868 φροντιστηρίῳ

1993 886 2339 956 προσελθεῖν,
2396 890 2534 940 πᾶσι
2581 889 2696 949 τοῖς
2748 885 2844 939 τοῦ
2900 886 3019 956 βίον
3078 887 3293 956 χαίρειν
3339 889 3584 942 ἀπόντα·

1997 977 2123 1048 μίαν
2154 979 2210 1031 δὲ
2255 981 2581 1047 ποιούμενον
2607 977 2889 1047 φροντίδα,
2927 979 2990 1030 τὸ
3032 978 3132 1048 τὴν
3167 978 3350 1049 ψυχὴν
3383 982 3448 1033 ἐκ
3476 980 3587 1032 τῶν

1993 1069 2208 1122 πολλῶν
2258 1070 2495 1139 κηλίδων
2558 1068 2625 1132 ἃς
2688 1069 2828 1138 αὐτῇ
2887 1068 3296 1138 προσετρίψατο
3355 1070 3419 1123 ἐκ
3477 1069 3588 1122 τῶν

1991 1163 2338 1232 πραγμάτων
2365 1161 2697 1231 ἐκκαθᾶραι.
2723 1161 2816 1224 Εἰς
2846 1160 3010 1214 τοῦτο
3043 1161 3153 1232 γὰρ
3183 1162 3248 1214 ἐκ
3281 1160 3586 1225 Βυζαντίου

1989 1254 2181 1324 ἥκεινο
2232 1252 2490 1324 οὐδεμίαν
2543 1252 2739 1323 ἑτέραν
2789 1251 2890 1320 τῆς
2914 1251 3212 1322 ἐπιδημίας
3261 1251 3458 1322 ἔχοντα
3503 1253 3589 1305 ai-

1989 1344 2130 1400 τίαν.
2175 1345 2234 1398 Ὃ
2288 1345 2462 1415 μέγας
2521 1344 2622 1414 μὲν
2680 1337 2775 1398 οὗν
2825 1342 3156 1412 δομέστικος
3215 1343 3466 1414 οἰόμενος
3520 1344 3588 1397 τὰ

1989 1437 2258 1507 εἰρημένα
2314 1435 2456 1491 εἶναι
2514 1436 2715 1505 ἀληθῆ,
2753 1434 2920 1497 αὐτὸς
2970 1451 3030 1486 τε
3091 1434 3336 1503 ἔφασκεν
3385 1436 3483 1487 οὐκ
3522 1436 3586 1488 ἂν

1989 1527 2266 1591 ἐνδώσειν,
2307 1529 2442 1596 μήτε
2473 1525 2688 1596 βασιλεῖ
2717 1525 2848 1594 περὶ
2896 1523 3092 1578 τούτου
3119 1507 3484 1588 διαλέξεσθαι.
3529 1526 3586 1577 '0

1988 1619 2046 1672 δὲ
2081 1615 2241 1682 αὖθις
2267 1618 2362 1671 καὶ
2417 1617 2684 1680 πολλάκις
2726 1616 3066 1686 προσελθὼν,
3107 1617 3276 1670 ἐδεῖτο
3316 1617 3444 1687 περὶ
3476 1617 3585 1669 τῶν

1989 1709 2204 1773 αὐτῶν,
2270 1711 2362 1762 καὶ
2413 1711 2611 1779 ὅρκους
2667 1709 2986 1776 προσετίθει
3039 1709 3114 1772 di;
3169 1711 3230 1763 οὐ
3285 1711 3583 1764 πλάττεται

1991 1806 2093 1876 τὴν
2123 1807 2344 1877 αίτησιν
2370 1821 2385 1836 °
2419 1804 2558 1857 ἀλλά
2620 1803 2908 1876 προῦργου
2939 1803 3140 1867 παντὸς
3192 1803 3341 1873 αὐτῷ
3372 1805 3406 1873 ή
3453 1805 3579 1856 ἀνα-

1997 1898 2243 1968 χώρησις
2271 1896 2363 1950 τοῦ
2413 1897 2646 1966 κόσμου,
2672 1898 2768 1948 καὶ
2803 1896 2878 1958 ὡς
2908 1896 3021 1949 οὐδ’
3072 1897 3138 1949 ἂν
3182 1895 3235 1948 εῐ
3277 1912 3330 1947 τι
3377 1895 3584 1962 γένοιτο

2001 1991 2300 2060 μεταϐάλοι
2344 1990 2445 2060 τῆς
2499 1991 2838 2061 προθέσεως.
2867 1991 2959 2043 Διὸ
3013 1990 3108 2043 καὶ
3138 1989 3343 2058 ταύτην
3375 1988 3585 2041 ἱκέτευε

1997 2078 2318 2132 τελευταίαν
2358 2077 2687 2147 εὐεργεσίαν
2723 2077 3050 2132 καταθεῖναι
3082 2079 3174 2131 ἐπὶ
3217 2077 3443 2140 πολλαῖς
3473 2079 3590 2138 ταῖς

1999 2169 2268 2239 πρότερον
2320 2169 2762 2240 γεγενημέναιμ
2807 2171 2868 2222 '0
2918 2169 3020 2240 μὲν
3065 2165 3157 2223 οὖν
3181 2169 3410 2224 τοιαῦτα
3453 2169 3592 2239 μετά

2001 2263 2241 2333 σπουδῆς
2275 2263 2449 2317 ἐδεῖτο
2481 2263 2554 2327 ώς
2584 2264 2784 2318 ἐδόκει.
2828 2263 2891 2315 '0
2930 2263 3110 2333 μέγας
3145 2262 3204 2316 δὲ
3237 2261 3588 2331 δομὲστικος.

1999 2355 2181 2424 ἀλγῶν
2213 2356 2317 2424 μὲν
2346 2356 2441 2409 καὶ
2470 2355 2570 2426 τὴν
2602 2355 2784 2426 ψυχὴν
2822 2352 3156 2426 δακνόμενᾱς
3183 2354 3275 2408 ἐπὶ
3303 2356 3368 2424 τῇ
3404 2353 3592 2406 τούτου

2002 2447 2379 2518 ἀναχωρήσει,
2416 2449 2564 2518 ὅμως
2590 2448 2647 2501 δὲ
2675 2448 2988 2517 ἀναγκαίαν
3033 2447 3131 2517 τὴν
3158 2447 3379 2515 αἴτησιν
3422 2445 3590 2516 ὁρῶν,

2001 2539 2316 2608 ἀπήγγελλε
2365 2540 2581 2610 βασιλεῖ
2625 2541 2728 2594 ὅσα
2773 2541 2802 2593 ὁ
2837 2537 3343 2609 παρακοιμώμενος
3393 2537 3588 2590 ἐδεῖτο.

2002 2631 2266 2695 Βασιλεὺς
2292 2631 2350 2685 δὲ
2390 2633 2740 2694 ὑποπτεύσας
2776 2632 2913 2701 ὅπερ
2952 2627 3043 2703 ἦν,
3074 2631 3149 2694 ὡς
3177 2631 3280 2684 οὐκ
3307 2629 3482 2699 ἀληθῆ
3516 2627 3586 2680 τά

2002 2720 2292 2789 εἰρημένα,
2318 2720 2455 2774 άλλά
2474 2739 2617 2782 τινος
2638 2721 2802 2774 ἕνεκα
2832 2720 3012 2782 αἰτίας
3045 2719 3342 2773 πλάττεται
3371 2718 3594 2788 ἐτέρας,

2003 2811 2307 2882 θαυμάζειν
2351 2813 2504 2882 ἔλεγε
2553 2815 2629 2885 τῷ
2688 2815 2910 2885 μεγάλῳ
2962 2812 3298 2883 δομεστίκῳ,
3331 2815 3380 2866 εἰ
3422 2810 3595 2865 ταῦτα

2001 2904 2171 2969 ὅντως
2219 2905 2392 2959 οἴεται
2441 2903 2581 2960 εἶναι
2626 2906 2828 2976 ἀληθῆ.
2863 2905 2970 2960 Τοῦ
3007 2905 3065 2958 δὲ
3119 2901 3594 2976 δῖῖσχυριζομένου

2006 2997 2082 3068 μὴ
2125 2998 2192 3052 ἂν
2243 2998 2418 3062 ἄλλως
2469 2999 2638 3069 ἔχειν,
2673 2997 2908 3062 Οὐκοῦν,
2941 2999 3090 3066 αὐτῷ
3138 2997 3368 3066 ἔφασκε,
3401 2997 3597 3064 πείρας

2002 3089 2167 3143 ἕνεκα
2225 3091 2436 3162 φράσον
2491 3089 2567 3154 ὡς
2625 3089 2844 3160 βασιλεῖ
2902 3089 3005 3160 μὲν
3041 3089 3142 3142 οὐκ
3189 3088 3256 3142 ἂν
3312 3088 3398 3158 εἴη
3451 3087 3590 3139 κατά

2003 3179 2252 3252 γνώμην,
2303 3181 2440 3233 ἁλλά
2484 3183 2577 3232 καὶ
2642 3181 2862 3250 ἄχθοιτο
2913 3179 3260 3249 μᾶλλον,τοῦ
3325 3179 3438 3248 βίου
3499 3177 3590 3230 σοῦ

2002 3273 2434 3343 ἀναχωροῦντος.
2474 3272 2563 3334 Ὠς
2597 3271 2663 3324 ἂν
2691 3270 2748 3324 δὲ
2779 3271 2854 3343 μὴ
2889 3271 3218 3341 πράγματος
3246 3270 3388 3322 οὕτω
3425 3269 3590 3321 καλοῦ

2003 3366 2097 3417 καὶ
2133 3365 2422 3431 θεοφιλοῦς
2444 3362 2676 3433 κώλυμα
2701 3365 2866 3428 αὐτὸς
2892 3365 3083 3432 ὀφθεὶς
3117 3363 3243 3435 δοκῇ
3274 3363 3595 3434 βασκαίνειν
3668 3414 3674 3422 ,,

2002 3457 2113 3517 τοῖς
2139 3454 2348 3517 καλοῖς,
2386 3454 2686 3509 ἐνδίδωσιν.
2735 3455 2794 3508 Ὀ
2826 3456 3001 3526 μέγας
3047 3454 3105 3508 δὲ
3135 3455 3484 3525 δομέστικος,
3517 3453 3592 3524 μὴ

2006 3547 2202 3616 πείρας
2237 3547 2402 3599 ἕνεκα
2445 3547 2676 3600 τοιαῦτα
2720 3546 2902 3615 λέγειν
2934 3546 3142 3616 ἔφασκε
3184 3545 3303 3599 δέον
3328 3561 3340 3574 ·
3378 3545 3453 3606 ὡς
3497 3545 3596 3598 οὐκ

2004 3640 2069 3695 ἂν
2100 3640 2295 3711 φθάνοι
2322 3638 2420 3711 τὴν
2447 3639 2748 3707 ἀπολογίαν
2777 3638 3042 3710 εἰληφὼς,
3065 3641 3159 3693 καὶ
3188 3639 3596 3708 συνταξάμενος

2004 3735 2388 3804 ἀναχωρήσει·
2423 3732 2562 3786 ἀλλά
2622 3733 2826 3803 μᾶλλον
2862 3732 2917 3784 εἴ
2954 3749 3004 3784 τι
3050 3732 3226 3785 δέοιτο
3266 3732 3455 3801 αὐτοῦ,
3487 3750 3598 3786 κω-

2005 3827 2175 3880 λύειν.
2224 3827 2494 3889 Βασιλεὺς
2534 3825 2591 3879 δὲ
2643 3827 2738 3879 καὶ
2767 3820 2924 3889 αὖθις
2965 3825 3173 3896 ἔφασκε
3217 3827 3286 3878 τὰ
3335 3842 3602 3897 προειρη-

2010 3919 2146 3989 μένα
2175 3918 2362 3986 λέγειν
2390 3918 2526 3988 πρὸς
2557 3918 2744 3972 αὐτόν.
2776 3918 2890 3970 Καὶ
2920 3918 3030 3988 γὰρ
3058 3914 3353 3970 ἀκούσεταί
3381 3935 3440 3969 τε
3489 3917 3597 3971 τῶν

2005 4012 2204 4078 λόγων,
2237 4010 2330 4063 καὶ
2395 4011 2546 4079 μενεῖ
2601 4010 2694 4062 ἐπὶ
2751 4011 2867 4071 τοῖς
2913 4010 3207 4079 πρότερον.
3251 4009 3308 4061 Ὀ
3361 4010 3462 4078 μὲν
3504 4005 3598 4061 οὖν

2006 4101 2260 4155 ἐπείθετό
2282 4117 2340 4152 τε
2373 4100 2625 4170 βασιλεῖ’
2660 4100 2758 4153 καὶ
2789 4100 3277 4171 παρακοιμωμὲνῳ
3305 4100 3602 4169 ἐξήγγελλε

2006 4195 2132 4257 τοὺς
2151 4193 2417 4264 βασιλέως
2433 4193 2648 4263 λόγους.
2673 4192 2733 4244 '0
2750 4192 2807 4245 δέ
2828 4192 2961 4262 μηδὲ
2984 4192 3139 4258 ὅλους
3156 4193 3343 4263 σχεδὸν
3365 4194 3600 4246 ἀκοῦσαι

2009 4284 2328 4356 ἀναμείνας,
2362 4285 2569 4338 οἴεσθαι
2621 4283 2832 4353 ἔφασκε
2891 4284 3130 4352 μάλιστα
3179 4285 3324 4338 κατά
3374 4285 3605 4354 γνώμην

2010 4377 2156 4432 εἶναι
2201 4379 2415 4448 βασιλεῖ
2463 4378 2561 4449 τὴν
2588 4381 2798 4431 ἐκείνου
2823 4380 3178 4449 ἀναχώρησιν
3214 4380 3310 4432 καὶ
3339 4380 3438 4454 ὅλῃ
3473 4396 3606 4451 προ-

2014 4472 2163 4522 θέσει
2185 4471 2542 4539 ἐπιτρέπεινο
2581 4473 2704 4522 ἐπεὶ
2729 4470 2786 4522 δὲ
2829 4471 2889 4523 οὐ
2917 4471 3070 4540 φίλον
3098 4471 3270 4542 αὐτῷ,
3299 4472 3410 4524 οὐδ’
3440 4474 3605 4525 αὑτὸν

319 4562 488 4625 dicio,
534 4578 592 4614 ut
639 4561 871 4623 lateret;
918 4566 973 4612 et
993 4573 1141 4611 nunc
1177 4556 1414 4610 maxime
1455 4555 1734 4618 conﬁteri,
1766 4555 1900 4609 seat

2023 4564 2293 4631 ποιήσειν.
2335 4561 2393 4612 '0
2422 4561 2522 4630 μὲν
2565 4557 2658 4614 οὖν
2693 4563 2767 4624 ὡς
2795 4563 2888 4615 ἐπὶ
2915 4566 3028 4625 τοῖς
3072 4565 3342 4635 πρότερον
3376 4565 3606 4634 λεγομέο

326 4670 394 4708 eo
449 4650 793 4721 intelligendi
827 4648 1122 4720 prudentia
1175 4649 1334 4716 longe
1364 4646 1570 4700 victum
1609 4661 1752 4700 esse.
1787 4646 1918 4699 Haec

329 4745 406 4799 illi
462 4744 611 4797 inter
653 4759 712 4798 se
758 4743 1032 4813 jocantes.
1091 4739 1455 4810 Apocauchus
1505 4739 1696 4809 paucis
1725 4737 1924 4794 diebus

328 4836 658 4908 interjectis,
684 4835 868 4890 denuo
897 4849 1155 4903 magnum
1179 4832 1540 4887 domesticum
1563 4831 1919 4895 conveniens,

330 4929 540 4983 mundo
565 4928 790 4999 penitus
818 4930 1073 4981 nuntium
1106 4925 1392 4980 remittere
1416 4939 1527 4979 non
1562 4924 1669 4980 sibi
1700 4924 1923 4979 licuisse

321 5024 483 5088 dixit,
545 5023 900 5094 quantumvis
974 5021 1028 5074 id
1085 5018 1489 5075 ardentissime:
1549 5019 1856 5089 cupivisset
1905 5036 1918 5073 :

323 5133 519 5170 verum
574 5116 896 5181 secundam,
948 5114 1095 5184 quod
1149 5115 1327 5178 aiunt,
1359 5112 1764 5182 navigationem
1811 5111 1920 5167 sibi

323 5224 644 5273 occurrere,
673 5219 732 5262 ut
763 5207 960 5262 divisis
1001 5207 1146 5262 inter
1185 5205 1328 5260 lilios
1364 5205 1739 5272 facultatibus,
1774 5205 1917 5260 divi-

183 5308 196 5329 '
254 5317 258 5321 '
323 5302 526 5358 tiarum
578 5301 683 5356 sibi
732 5309 938 5368 partem
999 5299 1270 5369 potiorem
1320 5298 1576 5362 retineat,
1621 5314 1785 5369 quam
1854 5299 1908 5354 in

320 5392 526 5448 bellum
583 5389 865 5445 Persicum
909 5387 1176 5443 conferat.
1211 5385 1376 5456 326
1436 5385 1558 5442 Scis
1618 5390 1787 5453 enim,
1824 5391 1908 5442 in-

321 5483 462 5552 quit,
492 5481 775 5553 quomodo
806 5479 986 5550 plenis
1018 5477 1288 5533 classibus
1343 5477 1551 5533 insulas
1587 5478 1696 5550 jam
1733 5494 1904 5548 prope

2025 4669 2138 4715 νοις
2215 4651 2530 4719 ἐξηπατᾶτο
2592 4654 2826 4719 συνιεὶς,
2883 4654 3099 4723 βασιλεῖ
3180 4656 3318 4725 μετά
3390 4655 3607 4717 παιδιάς

2023 4743 2364 4814 προσελθὼν,
2420 4744 2770 4815 ἀπήγγελλεν
2843 4747 2945 4800 ὅσα
3011 4750 3038 4799 ὁ
3109 4747 3605 4819 παρακοιμὼμενος

2021 4833 2368 4905 ἀποκριθείη.
2422 4833 2642 4887 Βασιλεῖ
2681 4835 2738 4888 δὲ
2802 4837 3088 4910 διατριϐήν
3143 4857 3202 4891 τε
3268 4839 3328 4892 οὐ
3378 4838 3607 4909 μετρίαν

2021 4926 2364 4997 παρέσχοντο
2413 4929 2464 4980 ol
2511 4925 2685 4994 λόγοι,
2741 4928 2836 4983 καὶ
2887 4931 2965 5000 τῷ
3025 4932 3252 5001 μεγάλῳ
3301 4933 3608 5002 δομεστίκῳ

2023 5020 2238 5082 παίζων
2281 5020 2490 5089 ἔλεγεν,
2527 5020 2603 5084 ώς
2652 5020 2748 5075 νῦν
2784 5023 2918 5090 γοῦν
2955 5026 3022 5080 ἂν
3049 5027 3327 5096 πεισθείη,
3353 5026 3610 5096 ὀξύτερόν

2019 5129 2079 5165 τε
2125 5114 2267 5167 νοεῖν
2316 5113 2446 5167 ὄντα
2499 5114 2689 5180 αὐτοῦ,
2740 5117 2835 5170 καὶ
2896 5119 3102 5189 μᾶλλον
3158 5123 3222 5174 ἐκ
3275 5121 3386 5173 τῶν
3433 5120 3610 5188 λόγων

2016 5205 2196 5258 εἰδότα
2284 5205 2790 5278 καταστοχάζεσθαι
2872 5209 3098 5279 γνώμας
3170 5211 3421 5282 ἀνδρῶν·
3485 5215 3513 5264 ὁ
3566 5211 3612 5264 δ’

2019 5297 2246 5365 ἔφασκε,
2266 5299 2437 5353 πάλαι
2470 5316 2529 5352 τε
2565 5302 2862 5356 πεπεῖσθαι
2891 5303 3013 5354 οὐδὲ
3043 5302 3298 5355 τοσοῦτον
3326 5304 3450 5357 ὅσον
3485 5306 3612 5357 λαν-

2017 5391 2204 5444 θάνειν
2261 5391 2612 5465 διαφέροντα,
2653 5396 2749 5448 καὶ
2795 5395 2891 5449 νῦν
2940 5397 3180 5465 μάλιστα
3223 5399 3507 5468 ὁμολογεῖν
3536 5396 3611 5458 ὡς

2021 5481 2266 5547 ἀπάσαις
2311 5484 2514 5555 ψήφοις
2566 5484 2732 5538 αὑτοῦ
2777 5487 2972 5556 κρατεῖ
3016 5485 3152 5558 πρὸς
3181 5487 3238 5540 τὸ
3269 5491 3490 5560 φρονεῖν
3515 5501 3528 5516 ⁸
3563 5489 3612 5539 oi

1613 5598 1830 5660 Jacobi
1863 5601 2133 5662 Pontani
2171 5613 2358 5665 notas.

392 5707 508 5778 (Ἠ)
551 5707 722 5762 Istum
787 5720 1070 5762 secessum
1112 5704 1494 5778 ἀναχώρησιν
1551 5703 1765 5778 ἐκητοῦ
1793 5704 1922 5778 ’κό-

324 5773 503 5846 σμου,
546 5786 601 5830 et
645 5781 706 5830 ἐκ
745 5796 852 5830 των
895 5773 1419 5846 πραγμάτων”ιιι⁷ιι)ἱ
1478 5774 1735 5846 appellat.
1793 5773 1921 5827 Inde

322 5845 697 5917 ἀναχωρηται,
747 5849 814 5901 ad
871 5845 1124 5912 verbum,
1193 5860 1497 5898 sccessores.
1549 5845 1690 5909 Quid
1739 5855 1920 5897 autent

2024 5707 2214 5761 mundi
2237 5723 2467 5781 nomen.
2491 5708 2666 5763 sacris
2695 5708 3081 5781 scriptoribus
3105 5709 3311 5774 valeat,
3343 5711 3467 5781 quis
3505 5720 3611 5766 tant

2023 5793 2206 5833 crassa
2235 5779 2500 5845 Minerva,
2533 5788 2592 5834 ut
2626 5795 2736 5834 non
2770 5780 3036 5849 intelligat
3064 5780 3087 5833 ?
