4060 6426
496 432 598 494 657

1661 435 2204 495 lliS’l‘JllllliUM
2249 436 2476 497 LIBER
2514 438 2593 498 ΙΙ.

3656 432 3762 496 658

499 551 599 620 μὲν
646 545 758 624 ἱοῦν
812 546 1039 600 τοιαῦτα
1089 547 1226 618 πρὸς
1277 547 1541 621 ἀλλήλους
1600 551 1981 624 διειλέχθησαν
2026 553 2082 605 ἐν

2190 550 2241 605 in
2293 553 2617 623 servitutem
2671 551 2979 622 redegerint
3012 593 3027 619 ,
3060 553 3338 623 quomodo
3381 552 3671 608 Thraciam
3706 564 3766 607 et

500 612 715 708 παιδίᾷ.
750 636 1091 708 Ἀπόκαυχος
1114 612 1169 691 δέ
1199 638 1260 690 ού
1292 612 1432 707 μετα
1462 641 1662 704 πολλὰς
1688 612 1903 714 ἡμέρας
1929 641 2087 707 αὖθις

423 713 444 736 ⁸
495 732 574 797 τῷ
601 729 825 799 μεγάλῳ
854 729 1159 800 δομεστίκῳ
1187 731 1523 799 προοελθὼν,
1543 733 1616 786 Τὸ
1644 713 1745 804 μὲν
1763 735 2084 805 ἀποστῆναι,

496 821 732 896 ἔφασκε,
776 820 1096 873 παντάπασι
1154 820 1249 874 τοῦ
1309 823 1537 892 κόσμου,
1602 826 1784 879 καίτοι
1849 827 2086 896 μάλιστα

499 894 643 963 κᾶτά
696 907 928 978 γνώμην
988 896 1072 974 ὃν,
1122 909 1222 961 οὐκ
1284 908 1585 978 ἐξεγένετο.
1633 894 1897 984 Δεύτερον
1937 915 2016 980 δὲ,
2057 916 2086 969 ὃ

502 1018 691 1069 φασιν,
733 999 944 1068 ἐπῆλθέ
1001 1017 1092 1069 μοι
1143 1000 1331 1065 πλοῦν,
1382 1002 1481 1071 τὴν
1526 1003 1717 1058 οὐσίαν
1771 1008 1883 1068 τοῖς
1927 1009 2087 1060 παισὶ

500 1089 815 1158 διελομένῳ,
844 1090 943 1158 τήν
967 1087 1333 1158 διαφέρουσαν
1360 1091 1483 1159 ἐμοὶ
1509 1091 1603 1145 τοῦ
1634 1092 1869 1147 πλούτου
1892 1097 2086 1165 μοῖραν

504 1178 582 1240 εἱς
637 1179 728 1230 τὸν
786 1176 927 1229 κατὰ
982 1175 1093 1229 τῶν
1158 1177 1387 1248 Περσῶν
1434 1180 1673 1252 πόλεμον
1724 1183 2083 1249 ἐξαναλῶσαι.

509 1262 681 1321 Οἶσθα
715 1267 823 1338 γὰρ
855 1266 929 1330 ὡς
966 1266 1068 1338 ήδη
1101 1270 1196 1323 καὶ
1235 1270 1394 1324 αὐτοὶ
1440 1273 1651 1338 στόλοις
1678 1275 1820 1338 ὅλοις
1866 1278 2087 1349 χρώμε.

513 1375 617 1419 νοι,
670 1360 862 1427 νήσους
909 1375 971 1411 τε
1026 1358 1127 1428 ήδη
1174 1358 1704 1431 ἐξηνδραποδίσαντο
1754 1369 1959 1439 σχεδὸν,
1993 1372 2086 1424 καὶ

518 1450 648 1520 πρὸς
681 1451 901 1523 Θρᾴκην
936 1452 1332 1523 περαιούμενοι
1372 1457 1467 1509 καὶ
1515 1458 1613 1528 τὴν
1643 1459 1810 1529 ἄλλην
1842 1462 2086 1516 Μακεδο-

513 1540 731 1607 νίαν,ού
773 1541 879 1612 μὴν
929 1542 1087 1613 ἁλλὰγ
1114 1544 1210 1596 καὶ
1262 1544 1491 1601 Ἐλλάδα
1541 1550 1634 1602 καὶ
1676 1551 2085 1624 Πελοπόννησον

434 1672 437 1675 .
513 1630 698 1693 κακῶς
750 1631 1021 1686 ποιοῦσιν.
1050 1627 1137 1688 ‘El
1183 1632 1278 1687 οὖν
1324 1654 1407 1690 σοι
1459 1640 1698 1708 πρῶτον,
1751 1641 1942 1696 ἔπειτα
1992 1647 2085 1698 καὶ

510 1721 720 1792 βασιλεῖ
776 1723 1065 1796 πυθομένῳ
1122 1727 1294 1792 δῦξειε
1354 1728 1677 1798 λυσιτελεῖν,
1732 1737 1827 1788 καὶ
1894 1739 2080 1807 παράο

510 1814 727 1884 σχοισθε
764 1813 1062 1880 Βυζαντίου
1093 1835 1150 1871 τε
1180 1821 1274 1871 καὶ
1303 1820 1410 1873 τῶν
1437 1822 1620 1891 νήσων
1646 1826 1745 1894 τὴν
1771 1826 1967 1896 ἀρχὴν,
1990 1827 2085 1881 καὶ

507 1905 767 1974 χρήματα
803 1905 866 1957 ἐκ
890 1904 1000 1959 τῶν
1037 1905 1235 1960 κοινῶν
1267 1909 1368 1962 ὅσα
1395 1908 1462 1963 ἂν
1490 1912 1619 1981 ύμῖν
1647 1912 1993 1983 βουλομένοις
2025 1911 2080 1988 ᾗ,

510 1994 696 2047 στόλον
760 1993 1137 2065 ἐξαρτύσομαι
1214 1998 1398 2065 αὐτὸς,
1453 2001 1547 2053 καὶ
1616 2003 1682 2055 ἐκ
1757 2003 1866 2056 τῶν
1936 2006 2085 2060 ίδίων

510 2085 982 2155 προσαναλώσαςο
1032 2088 1129 2141 καὶ
1176 2090 1329 2161 πάσῃ
1396 2090 1599 2163 σπουδῇ
1654 2093 1750 2147 καὶ
1806 2096 2088 2169 προθυμίᾳ

511 2175 809 2246 πολεμήσω
852 2180 965 2241 τοῖς
996 2177 1302 2250 βαρδάροις
1330 2180 1571 2252 ὀίομαι
1603 2183 1661 2236 δέ
1704 2183 1998 2255 Ῥωμαίοις
2026 2204 2086 2240 τε

505 2267 783 2336 ὠφέλειαν
831 2270 892 2320 ού
936 2271 1034 2340 τὴν
1079 2270 1352 2341 τυχοῦσαν
1412 2272 1512 2343 τὴν
1567 2275 1832 2346 ναυτικὴν
1881 2277 2086 2347 ταύτην

514 2359 873 2431 προξενήσειν
900 2359 1135 2431 δύναμιν
1164 2362 1720 2435 θαλασσοκρατοῦσαν
1758 2368 1855 2420 καὶ
1888 2368 2088 2438 ἀπείρ-

512 2468 718 2519 γουσαν
748 2454 873 2515 τοὺς
911 2451 1223 2524 βαρδάρους
1253 2455 1347 2509 τοῦ
1381 2456 1458 2527 μὴ
1488 2457 1588 2521 τὰς
1631 2460 1831 2529 νήσους
1861 2464 1958 2515 καὶ
1988 2460 2086 2532 τὴν

511 2547 742 2618 ἠπειρον
789 2547 1159 2616 κακουργεῖν·
1188 2548 1283 2601 καὶ
1332 2548 1472 2613 πρὸς
1521 2549 1621 2619 τὴν
1670 2552 1950 2625 σωτηρίαν
1984 2552 2087 2623 τῆς

514 2638 655 2706 ἐμῆς
697 2635 878 2706 ψυχῆς
938 2636 1007 2690 τὰ
1060 2637 1299 2707 μέγιστα
1359 2639 1733 2710 συμϐαλέσθαι
1794 2636 1860 2696 ἂν
1920 2645 2088 2698 οἱονεὶ

512 2727 685 2800 λύτρα
706 2730 770 2782 τὰ
795 2730 899 2800 χρή
910 2745 1055 2798 ματα
1089 2729 1451 2802 παρεχομένῳ
1473 2732 1614 2804 ὑπὲρ
1639 2732 1749 2795 τῶν
1781 2735 2087 2804 μελλόντων

514 2822 619 2874 ὑπὸ
644 2821 754 2876 τῶν
777 2823 1077 2893 βαρϐάρων
1098 2822 1528 2876 ἀποκτίννυσθαι
1567 2824 1662 2877 καλ⁸
1701 2826 2086 2898 ἐξανδραποδί-

517 2913 729 2977 ζεσθαι.
780 2916 867 2978 Ὠς
914 2912 1008 2968 οὖν
1047 2915 1128 2978 είς
1178 2932 1237 2967 τε
1289 2915 1350 2968 τὸ
1399 2916 1579 2970 κοινὸν
1641 2915 1931 2990 Ῥωμαίων
1986 2920 2088 2991 τῆς

515 3003 729 3058 ἐκεῖθεν
776 3003 1048 3072 ὠφελείας
1100 3002 1515 3075 διαδαινούσης,
1542 3007 1641 3060 καὶ
1691 3008 1798 3078 ίδίᾳ
1834 3009 1957 3078 ἐμοὶ
1989 3009 2088 3063 οὐκ

513 3096 703 3166 ὀλίγης
758 3097 1029 3166 ἐσομένης
1088 3099 1168 3159 είς
1223 3095 1322 3166 τὴν
1386 3097 1666 3168 σωτηρίαν
1725 3098 1828 3170 τῆς
1879 3100 2084 3173 ψυχῆς.

2190 639 2585 708 Macedoniam,
2617 656 2685 697 eo
2739 642 3096 713 trajicicntes,
3128 644 3237 697 imo
3276 653 3331 698 et
3367 643 3645 698 Helladem
3697 656 3763 696 ac

2189 732 2625 809 Peloponnesum
2688 734 2996 789 incursent.
3030 733 3210 799 Quare
3264 735 3310 788 si
3362 734 3459 788 tibi
3502 734 3760 801 primum,

2193 824 2394 879 deinde
2426 824 2744 893 imperatori
2780 825 2877 879 abs
2898 834 2949 878 te
2983 840 3245 893 persuaso
3276 824 3588 880 conducere
3616 825 3768 880 vide-

2188 911 2357 972 bitur.
2417 923 2476 967 ut
2525 912 2771 983 Byzantii
2833 913 3248 983 insularumque
3310 913 3627 984 praefectum
3679 930 3765 971 me

2186 1001 2498 1066 declaretis,
2538 1001 2940 1072 pecuniamque
2993 1016 3062 1057 ex
3116 1002 3333 1069 aerario,
3364 1008 3626 1073 quautam
3665 1020 3765 1057 vo—

2185 1094 2419 1155 lueritis.
2452 1095 2901 1162 subministretis,
2941 1109 3043 1166 ego
3085 1093 3293 1151 addens
3334 1094 3403 1152 de
3438 1111 3562 1151 meo
3625 1096 3765 1150 clas-

2185 1200 2301 1239 sem
2353 1187 2644 1251 instruam,
2722 1185 2988 1255 omnique
3048 1186 3331 1257 diligentia
3378 1196 3436 1243 et
3482 1188 3766 1242 alacritate

2184 1291 2309 1331 cum
2375 1274 2633 1331 Barbarie
2692 1276 3011 1333 decertabo.
3064 1278 3207 1333 Puto
3274 1284 3459 1333 autem
3515 1279 3763 1333 navalem

2186 1365 2349 1421 istam
2375 1365 2783 1436 expeditionem
2816 1381 2964 1423 mare
2990 1367 3355 1434 obtinentem,
3384 1368 3767 1439 Barbarosque

2185 1468 2549 1524 coercentem,
2574 1473 2643 1513 ue
2673 1459 2729 1513 in
2765 1457 2972 1512 insulas
3031 1467 3086 1512 et
3113 1460 3488 1514 continentem
3514 1476 3765 1530 grasspn.

2188 1558 2298 1615 tur,
2328 1562 2455 1603 cum
2502 1548 2769 1603 Romanis
2824 1563 2939 1603 non
2976 1563 3166 1618 parum
3216 1548 3555 1618 profuturam
3590 1592 3604 1616 ,
3643 1562 3756 1605 tum

2185 1640 2253 1694 ad
2306 1639 2504 1695 animm
2553 1654 2692 1695 mea:
2740 1640 2976 1695 salutem
3038 1650 3381 1696 momentum
3429 1645 3763 1711 praecipuum

2185 1732 2510 1798 allaturam,‘
2537 1732 2584 1787 si
2621 1732 2757 1786 mihi
2800 1740 3086 1803 argentum
3116 1744 3302 1787 meum
3333 1731 3403 1787 ad
3429 1731 3614 1788 futura
3647 1743 3767 1788 tan-

2189 1839 2352 1893 quam
2404 1824 2607 1895 lytrum
2638 1833 2994 1893 peccatorum
3047 1823 3407 1894 impcndeuti,
3447 1838 3477 1877 a
3511 1823 3768 1878 Barbaris

2189 1927 2285 1969 aut
2348 1915 2628 1985 captivum
2677 1914 2923 1979 abduci,
2989 1922 3087 1969 aut
3147 1913 3386 1969 interfici
3447 1915 3763 1984 contigerit.

2183 2005 2413 2073 Quando
2444 2007 2611 2078 igitur
2639 2006 2707 2061 ad
2737 2020 3030 2061 commune
3075 2005 3478 2072 Romanorum,
3499 2014 3558 2062 et
3585 2006 3653 2061 ad
3680 2021 3766 2060 me

2184 2112 2454 2163 seorsum,
2482 2096 2553 2152 ad
2602 2098 2833 2152 salutem
2864 2098 3064 2153 animae
3096 2113 3209 2152 non
3239 2114 3407 2168 parva
3432 2113 3501 2153 ex
3537 2098 3643 2153 hoc
3679 2113 3766 2152 reo

2181 2189 2492 2244 duudatura
2539 2198 2624 2246 est
2673 2189 2901 2255 utilitas,
2940 2191 3328 2262 imperatorem
3383 2200 3441 2247 et
3498 2197 3552 2246 te
3605 2207 3760 2262 rogo,

2186 2281 2406 2336 uti'hoc
2422 2281 2568 2351 apud
2600 2295 2688 2338 me
2721 2280 3049 2338 beneficium
3083 2297 3291 2351 ponere
3314 2281 3522 2338 velitis.
3542 2281 3766 2352 Magnus

2186 2372 2521 2427 domesticus
2575 2371 2970 2441 Apocaucbum
3020 2371 3128 2426 sibi
3166 2381 3225 2427 et
3254 2372 3574 2441 reipublicae
3616 2385 3767 2425 com-

2185 2463 2347 2516 moda
2394 2471 2583 2531 petere
2623 2460 2898 2532 judicans,
2938 2461 3196 2526 assensit,
3227 2469 3285 2515 et
3332 2460 3609 2515 facturmu
3639 2473 3770 2530 spo-

2168 2550 2380 2622 -poudit
2408 2588 2423 2614 ,
2464 2564 2631 2619 reque
2689 2548 2758 2603 ad
2801 2549 3196 2618 imperatorem
3266 2548 3467 2611 relata,
3513 2562 3641 2603 eum
3696 2550 3765 2605 ad

2150 2643 2442 2721 petitioni
2498 2640 2667 2707 huic,
2715 2640 2884 2696 veluti
2934 2639 3254 2710 reipublicte
3305 2640 3557 2707 salutari.
3605 2640 3769 2696 obse-

2186 2733 2470 2804 quendum
2534 2731 2817 2802 impellere
2874 2729 3096 2786 institit.
3149 2729 3488 2800 Imperator,
3530 2745 3662 2784 num
3701 2746 3769 2786 ex

2187 2825 2372 2880 animo
2428 2825 2530 2879 ista
2582 2824 2832 2893 citraque
2876 2822 3376 2878 dissimulationem
3404 2822 3550 2877 dicat
3575 2822 3767 2878 scisci~

2186 2923 2335 2971 tatur
2361 2955 2377 2981 ,
2427 2914 2766 2983 audiensque
2811 2926 2923 2968 non
2969 2914 3128 2983 quasi
3161 2913 3314 2969 aliud
3362 2922 3645 2983 agentem,
3671 2914 3769 2969 sed

2186 3004 2371 3061 dedita
2401 3018 2571 3075 opera
2616 3004 2822 3059 dixisse
2859 3043 2875 3070 ,
2911 3004 3181 3075 Equidem
3214 3013 3270 3058 te
3301 3005 3548 3075 impense
3578 3006 3771 3072 miror,

2184 3095 2387 3167 inquit,
2412 3109 2536 3150 cum
2570 3094 2640 3149 ad
2682 3094 3067 3166 hujuscemodi
3117 3104 3350 3150 conatus
3381 3095 3768 3165 Apocauchum

513 3188 707 3257 δέομαι
763 3186 1031 3257 βασιλέως
1076 3204 1136 3242 τε
1187 3188 1282 3241 καὶ
1344 3188 1462 3253 σοῦ,
1515 3190 1615 3261 τὴν
1667 3192 1828 3261 χᾶριν
1877 3194 2083 3266 ταύτην

2190 3186 2449 3241 idoneum
2487 3184 2778 3240 ceusuistl.
2807 3184 2864 3239 Si
2893 3184 3042 3239 enim
3065 3184 3366 3239 arbitratus
3388 3199 3509 3240 esse
3534 3187 3769 3240 amicum

514 3280 834 3349 παρασχεῖν.
882 3279 942 3331 '0
987 3279 1163 3349 μέγας
1186 3278 1242 3333 δὲ
1277 3279 1600 3351 δομέστικος
1650 3282 1830 3353 ἑαυτῷ
1874 3302 1934 3338 τε
1985 3288 2081 3340 καὶ

513 3368 594 3439 τῷ
622 3368 786 3439 κοινῷ
839 3368 1227 3425 λυσιτελοῦντα
1280 3371 1529 3442 οἰόμενος
1586 3374 2083 3447 παρακοιμώμενον

516 3464 709 3528 αἰτεῖν,
735 3463 896 3515 αὐτόν
917 3479 977 3517 τε
1000 3463 1269 3529 ἐπείθετο,
1295 3465 1390 3518 καὶ
1411 3466 1779 3535 ἐπηγγείλατο
1797 3468 2047 3539 ποιήσειν
2064 3486 2079 3501 ·

517 3554 612 3606 καὶ
641 3552 857 3624 βασιλεῖ
884 3554 1196 3625 ἀπήγγελλε
1223 3554 1539 3626 προσελθών
1561 3570 1577 3586 ⁶
1611 3555 1730 3626 ἅμα
1757 3561 1852 3612 καὶ
1875 3559 2084 3629 ἐνάγων

519 3645 657 3713 πρὸς
731 3646 793 3699 τὸ
845 3647 956 3699 δεῖν
1018 3646 1117 3717 τὴν
1179 3644 1406 3712 ἀξίωσιν
1463 3649 1628 3702 αὐτοῦ
1696 3649 2086 3706 λυσιτελοῦσαν

518 3735 779 3805 πράττειν
815 3734 894 3806 τῷ
920 3736 1102 3806 κοινῷ.
1129 3737 1390 3799 Βασιλεὺς
1412 3738 1469 3791 δὲ
1494 3739 1542 3791 εί
1572 3739 1888 3804 σπουδάζων
1915 3743 2086 3797 ταῦτα

521 3829 617 3880 καὶ
678 3826 754 3898 μὴ
802 3828 1234 3899 εἰρωνευόμενος
1288 3828 1439 3898 λέγει
1489 3831 1859 3886 ἐπυνθάνετοο
1908 3834 1983 3897 ὡς
2042 3835 2088 3889 δ’

519 3912 717 3988 ἤκουεν
740 3920 838 3972 οὐκ
865 3922 922 3975 ἐν
957 3920 1249 3991 παρέργῳ,
1279 3920 1417 3975 ἀλλὰ
1449 3922 1590 3991 μετὰ
1627 3923 1864 3996 σπουδῆς
1884 3924 2085 3995 λέγειν,

518 4010 824 4081 θαυμάζειν
860 4011 1100 4080 ἔφασκεν
1135 4013 1301 4067 αὐτοῦ
1337 4013 1530 4081 πολλὰ,
1565 4016 1614 4068 εἰ
1661 3998 1805 4087 πρὶς*
1828 4017 2089 4091 τοιαύτην

520 4104 866 4175 ἐπιχείρησιν
910 4103 1208 4174 ἀξιόχρεων
1256 4104 1412 4175 ᾠήθη
1460 4105 1682 4160 ἔσεσθαι
1726 4108 2088 4181 Ἀπόκαυχον.

522 4195 582 4248 El
618 4194 717 4264 μὲν
763 4196 872 4265 γὰρ
902 4194 1146 4265 οἰόμενος
1200 4194 1285 4249 σοὶ
1332 4194 1485 4264 φίλον
1528 4191 1667 4251 εἶναι
1695 4199 1900 4269 ταύτην
1934 4202 2091 4255 ἐϐου-

524 4287 701 4341 λεύσω
761 4285 911 4357 αὐτῷ
961 4287 1059 4356 τὴν
1108 4286 1275 4357 χάριν
1329 4286 1671 4353 καταθεῖναι,
1712 4290 1819 4343 ίσθι
1868 4293 2092 4347 σεαυτὸν

525 4378 834 4443 ἐξαπατῶν.
884 4378 1052 4433 Οὐδὲν
1095 4378 1206 4449 γὰρ
1250 4372 1415 4449 ἦττον
1450 4376 1561 4447 ἐγώ
1609 4395 1696 4433 σοι
1739 4381 2088 4454 πο).έμιος,ἢ

527 4470 731 4531 ἐκείιος
782 4467 974 4536 φίλος⁸
1006 4468 1054 4520 εί
1107 4466 1165 4521 δέ
1217 4467 1294 4530 ὠς
1348 4466 1426 4537 τῷ
1470 4467 1635 4538 κοινῷ
1668 4469 2093 4541 λυσιτελήσοντα

2185 3278 2309 3343 tibi,
2339 3277 2446 3331 hoc
2478 3276 2534 3331 iu
2564 3290 2689 3331 eum
2738 3275 3011 3330 collocare
3052 3275 3310 3330 meritum
3335 3276 3580 3354 voluisti,
3607 3278 3772 3333 crede

2183 3369 2341 3436 mihi,
2377 3377 2493 3425 tute
2513 3368 2733 3424 tibimet
2773 3366 2980 3423 illudis.
3016 3366 3152 3422 Tam
3189 3368 3338 3423 enim
3390 3383 3493 3438 ego
3530 3369 3630 3423 tibi
3663 3368 3772 3423 ini-

2183 3460 2362 3516 micus
2416 3467 2582 3530 atque
2632 3459 2834 3534 hostis,
2863 3474 3027 3529 quam
3068 3460 3161 3515 ille
3215 3459 3450 3515 amicus.
3484 3460 3540 3515 Si
3588 3468 3772 3514 autem

2184 3544 2393 3601 bellum
2436 3546 2490 3599 ei
2551 3553 2746 3598 contra
2803 3542 3004 3599 Persas
3058 3543 3503 3614 aggrediundum
3556 3545 3773 3618 suades,

2184 3637 2426 3706 amplius
2458 3636 2652 3712 miror,
2685 3635 2962 3692 undeuam
2998 3644 3058 3691 tu
3090 3651 3390 3706 persuasus
3455 3636 3600 3691 idem
3636 3637 3771 3690 mihi

2185 3726 2521 3798 persuadere
2568 3724 2768 3783 uitare.
2800 3726 3094 3798 Nunquam
3127 3725 3219 3783 hic
3262 3725 3455 3792 homo,
3495 3742 3775 3796 nunquam

2188 3819 2247 3874 in
2287 3817 2439 3872 omni
2467 3817 2580 3873 vita
2630 3833 2728 3873 sua
2771 3816 3015 3873 militare
3068 3816 3292 3887 aliquod
3333 3816 3548 3874 facinus
3577 3815 3772 3883 edidit,

2189 3922 2369 3978 neque
2411 3908 2539 3963 edet
2563 3958 2584 3987 ,
2613 3907 2710 3964 sed
2779 3907 3109 3964 tributorum
3141 3906 3484 3980 publiwque
3529 3908 3775 3978 pecuniae

2186 4010 2246 4058 et
2299 3998 2576 4056 redituum
2637 4000 2951 4055 coactiones
3022 4000 3559 4070 procurationesque
3643 4014 3772 4055 eum

2189 4097 2501 4163 delectant;
2560 4096 2617 4150 in
2668 4111 2780 4165 quo
2842 4109 3075 4150 munere
3125 4094 3389 4165 quoniam
3457 4094 3773 4157 consenuit,

2185 4190 2311 4260 jure
2388 4187 2616 4243 multam
2698 4184 3098 4256 experientiam
3176 4191 3263 4240 est
3325 4185 3582 4255 adeptus.
3649 4183 3778 4240 Haec

2192 4293 2375 4337 autem
2436 4279 2657 4351 negotia
2713 4285 2771 4334 et
2819 4278 3010 4349 praelia
3055 4277 3335 4333 maritima
3391 4278 3570 4332 virum
3623 4294 3774 4348 quaa—

2194 4383 2359 4440 ruut,
2410 4373 2682 4438 maxime,
2744 4372 2837 4443 qui
2872 4370 3121 4431 militiam
3185 4385 3217 4424 a
3281 4384 3451 4440 puero
3511 4371 3777 4425 tolerave—

2194 4469 2303 4533 rit,
2357 4466 2608 4537 claraque
2659 4463 2996 4520 fortitudinis
3068 4470 3125 4517 et
3178 4461 3382 4518 bellicte
3426 4462 3776 4517 exercitatio-

526 4563 616 4614 τὸν
653 4561 797 4615 κατὰ
849 4560 1079 4630 Περσῶν
1126 4560 1369 4631 πόλεμον
1412 4561 1740 4632 ἐγχειρίζειν
1780 4568 2090 4633 παραινεῖς,

2197 4563 2282 4618 uis
2360 4563 2684 4617 documenta
2754 4572 2896 4627 saepe
2972 4556 3209 4619 dederit.
3289 4554 3433 4610 Tum
3506 4554 3638 4620 ille,
3719 4570 3777 4608 se

529 4653 609 4705 ἔτι
652 4652 855 4724 μᾶλλον
909 4650 1236 4721 θαυμάζειν,
1269 4651 1396 4706 ὅθεν
1447 4652 1773 4724 ὁρμώμενος
1822 4652 1989 4718 αὑτός
2036 4673 2094 4709 τε

528 4744 810 4814 ἐπείσθης,
846 4745 941 4798 καὶ
981 4746 1108 4816 ἐμοὶ
1150 4745 1402 4816 προείλου
1432 4744 1500 4799 τὰ
1542 4744 1636 4799 ίσα
1685 4746 2096 4816 συμϐουλεύειν.

529 4828 663 4889 Ούδέ
708 4838 816 4905 γὰρ
863 4836 984 4889 οὐδὲ
1036 4837 1188 4906 παρὰ
1238 4836 1419 4891 πάντα
1453 4838 1545 4891 τὸν
1592 4837 1726 4908 βίον,
1754 4837 1879 4892 οὔτε
1933 4856 2100 4893 κατεο

530 4927 778 4997 πράξατό
800 4944 853 4980 τι
885 4931 1190 4999 στρατιώτῃ
1221 4928 1451 4998 πρέπον,
1476 4928 1599 4982 οὕτε
1629 4927 1897 4998 ἐμέλησεν
1919 4946 1935 4962 ·
1964 4930 2101 4983 ἀλλὰ

530 5018 713 5086 φῦρων
742 5033 802 5068 τε
842 5015 1161 5085 εἰσπράξεις
1204 5016 1482 5085 δημοσίων
1535 5016 1630 5069 καὶ
1675 5016 1975 5088 χρημάτων
2004 5018 2102 5070 καὶ

533 5108 811 5178 προσόδων
853 5109 1154 5175 διοικήσεις
1188 5108 1364 5178 φίλαι.
1397 5105 1485 5172 αἷς
1512 5110 1933 5183 ἐγγεγηρακὼς,
1959 5112 2104 5164 εἰκός-

531 5219 637 5264 τως
666 5202 725 5254 ἐν
774 5202 888 5263 τοῖς
931 5198 1200 5264 τοιούτοις
1246 5200 1547 5271 ἐμπειρίαν
1575 5204 1845 5271 ἐκτήσατο
1877 5190 2099 5271 πολλὴν.

537 5295 642 5355 Τὰς
678 5295 734 5346 δὲ
755 5292 1010 5355 τοιαύτας
1043 5292 1271 5361 πράξεις
1300 5293 1395 5346 καὶ
1423 5291 1524 5354 τὰς
1557 5293 1889 5363 ναυμαχίας,
1909 5293 2103 5363 ἀνδρὸς

531 5382 739 5436 δεῖσθαι
765 5381 1003 5452 μαλιστα
1031 5384 1144 5445 τοῖς
1176 5380 1361 5445 ὅπλοις
1388 5382 1772 5451 ἐντραφέντος,
1791 5384 1886 5435 καὶ
1913 5385 2104 5449 σαφεῖς

531 5477 629 5537 τὰς
684 5474 989 5539 ἀποδείξεις
1036 5477 1094 5529 ὲν
1140 5475 1356 5538 πολλοῖς
1417 5475 1847 5545 παρεσχημένου
1894 5475 1992 5543 τῆς
2042 5492 2103 5528 τε

459 5569 465 5574 ”
531 5566 740 5639 τόλμης
772 5568 865 5619 καὶ
892 5567 990 5636 τῆς
1025 5568 1322 5638 ἐμπειρίας
1362 5571 1460 5637 τῆς
1484 5568 1624 5620 κατὰ
1660 5568 1759 5630 τὰς
1799 5566 1999 5637 μάχας.
2043 5567 2103 5622 Ὀ

532 5657 577 5710 δ’
611 5657 839 5726 ἔφασκε,
863 5660 932 5712 τὰ
961 5660 1051 5712 ῐσα
1083 5661 1179 5730 μὲν
1210 5663 1305 5714 καὶ
1335 5661 1497 5723 αὐτὸς
1535 5660 1735 5714 εἰδέναι
1770 5660 1899 5729 περὶ
1928 5677 2106 5728 παραυ

536 5748 907 5817 κοιμωμένου.
943 5748 1079 5802 Οὔτε
1126 5750 1235 5821 γὰρ
1270 5750 1465 5806 ἑαυτὸν
1492 5751 1655 5821 ήσκει
1694 5749 1846 5820 παρὰ
1872 5749 1963 5802 τὸν
1993 5749 2108 5818 βίον

537 5839 598 5894 ἐν
625 5841 738 5903 τοῖς
778 5839 1151 5911 προσήκουσιν
1181 5840 1364 5913 ἔργοις
1419 5839 1731 5912 στρατιώτῃ
1752 5853 1766 5870 ο
1811 5838 1933 5892 οὒτε
1967 5840 2106 5892 ἁπό-

2201 4668 2421 4724 quoque
2448 4654 2598 4708 haud
2632 4655 2864 4718 nescire,
2892 4649 3285 4721 Apucaucltum
3321 4647 3565 4717 quan-diu
3601 4647 3779 4700 adhuc

2201 4745 2420 4811 vixerit,
2480 4746 2535 4800 in
2588 4744 2741 4799 nullo
2790 4758 2959 4814 opere
3000 4740 3230 4797 militari
3262 4748 3544 4797 versatum
3571 4789 3587 4814 ,
3614 4737 3775 4808 327

2203 4850 2380 4904 neque
2430 4833 2602 4889 ullum
2650 4833 2733 4889 vel
2769 4834 3025 4903 generosi
3062 4829 3234 4886 animi
3291 4828 3379 4887 vel
3429 4845 3564 4884 usus
3601 4831 3775 4882 Iu-Ilici

2202 4926 2482 4995 specimen
2539 4925 2864 4995 prodidisse.
2918 4922 3192 4989 Quocirca
3225 4938 3335 4977 uou
3381 4936 3441 4976 se
3498 4928 3779 4975 auctorem

2203 5032 2349 5083 esse,
2376 5029 2438 5071 ut
2478 5028 2736 5085 tauquam
2763 5015 3179 5071 accommodato
3210 5014 3337 5070 duci
3364 5013 3568 5069 bellum
3595 5011 3782 5067 Persi-

2200 5123 2330 5165 cum
2400 5111 2713 5173 mandetur,
2748 5109 2861 5164 sed
2900 5123 3029 5163 cum
3071 5106 3253 5162 videat
3301 5104 3498 5161 Persas
3541 5106 3783 5175 pedestri
3810 5115 3837 5135 ο

2202 5203 2558 5272 equestrique
2610 5216 2790 5275 pugna
2833 5202 3019 5258 valere
3070 5200 3394 5272 plurimum,
3437 5198 3640 5269 quibus
3670 5197 3782 5251 dux

2208 5299 2345 5350 bene
2402 5295 2616 5364 peritus
2648 5294 2859 5367 ορροιιί
2920 5292 3139 5357 debeat,
3172 5290 3354 5347 navali
3408 5297 3592 5344 autem
3654 5303 3785 5343 cou-

2209 5387 2358 5442 ﬂictu
2417 5387 2637 5443 eosdem
2700 5394 2926 5456 propter
2975 5382 3324 5438 insolentiam
3378 5378 3779 5438 timidissimus,

2208 5478 2479 5548 facileque
2537 5493 2567 5531 a
2622 5476 2820 5547 quovis
2876 5475 3043 5530 obvio
3096 5471 3349 5544 superari
3393 5471 3514 5526 :ad
3547 5469 3683 5524 haec.
3725 5468 3781 5521 iu

2211 5570 2474 5626 Romanis
2556 5567 2879 5622 triremibus
2945 5564 3064 5621 fore
3128 5564 3334 5620 navalis
3392 5572 3449 5617 et
3508 5561 3783 5641 terrestris

2209 5659 2377 5731 praelii
2428 5656 2855 5722 scientissimus,
2918 5670 3059 5726 quos
3114 5655 3209 5709 ille
3254 5652 3547 5725 magistros
3584 5665 3784 5721 capere

2208 5751 2459 5820 poterit,
2495 5749 2618 5804 ideo
2665 5763 2724 5803 se
2773 5746 3150 5810 existimasse,
3184 5746 3307 5815 cjus
3370 5742 3440 5798 ad
3500 5758 3589 5798 res
3641 5756 3784 5811 pra!-

2211 5840 2387 5894 rlaras
2426 5839 2691 5910 impetum
2732 5836 2947 5894 retuu.'i
2986 5844 3105 5893 nun
3131 5843 3410 5907 spatiere,
3436 5845 3491 5890 et
3530 5838 3785 5887 ut'uavau
