4060 6424
296 458 404 521 65‘)

1493 462 1817 523 JOANNIS
1856 463 2386 525 CANTACUZENI

3465 451 3573 514 660

298 570 367 625 lis
428 568 707 626 exercitus
770 570 1071 640 imperator
1134 571 1249 634 ﬁat.
1328 582 1577 644 rogatum
1642 577 1878 629 venisse.

1999 574 2162 642 δειξίν
2208 592 2333 629 τινα
2375 574 2688 644 παρέσχετο
2714 570 3000 641 οὐδεμίαν,
3027 568 3154 623 οὔτε
3189 567 3419 639 τόλμης,
3445 563 3577 619 οὐτε

300 664 547 720 Forsitan
579 664 728 721 enim
753 665 1007 720 ardorem
1061 665 1181 733 ejus
1212 664 1561 720 timiditatem
1589 667 1878 736 pristinam

295 768 350 811 et
383 752 657 812 inscitiam
690 766 1209 827 compensaturum,
1247 768 1298 812 et
1337 757 1500 813 alicui
1537 759 1615 811 rei
1658 757 1883 829 agendae

295 857 483 918 aptum
526 857 690 919 atque
737 850 927 905 utilem
972 850 1338 906 redditurum.
1390 848 1626 904 Rursum
1707 850 1884 919 impe-

294 951 467 1008 rator,
487 942 625 1010 Quia
646 953 698 999 te
722 943 790 998 ad
814 942 1119 998 triremium
1147 943 1529 1013 praefecturam
1554 942 1885 1012 Apocauclm

294 1033 660 1089 mandandam
711 1035 850 1090 mire
908 1049 1244 1105 propensum
1315 1049 1505 1099 cerno,
1564 1034 1722 1104 plura
1775 1050 1884 1088 non

294 1126 518 1192 dicam;
556 1142 614 1181 tu
666 1127 813 1198 quod
857 1127 1222 1182 deliberatum
1274 1127 1467 1191 habes,
1514 1126 1684 1181 facias
1731 1126 1884 1182 licet.

291 1217 516 1274 Utinam
574 1218 746 1276 falsus
791 1228 946 1276 vates
1012 1220 1282 1292 reperiar.
1350 1220 1480 1276 Post
1544 1219 1883 1290 colloquium

295 1310 470 1376 istuc,
504 1312 599 1367 ubi
644 1322 857 1369 certum
910 1313 1034 1378 fuit,
1065 1313 1400 1380 Apocaucho
1455 1312 1702 1381 Byzantii
1739 1312 1863 1366 insu

292 1402 584 1474 larumque
632 1398 1020 1474 praefecturam
1089 1418 1217 1461 cum
1285 1418 1473 1459 earum
1529 1402 1892 1475 vectigalibus

294 1484 681 1564 committere,
741 1497 1175 1555 instrumentum
1248 1496 1603 1568 imperatoris
1668 1495 1892 1551 nomine

294 1587 607 1643 confectum
651 1597 758 1654 est,
796 1604 908 1659 quo
936 1589 1030 1644 ille
1068 1589 1264 1646 classis
1294 1598 1487 1645 contra
1556 1588 1748 1644 Persas
1787 1587 1890 1642 du-

299 1687 421 1736 ctor
453 1679 868 1751 designabatur,
920 1691 976 1736 et
1009 1681 1076 1736 dc
1112 1681 1309 1737 arrario
1339 1691 1560 1737 centum
1597 1696 1893 1736 aureorum

296 1772 466 1827 millia
493 1788 712 1828 sumere
747 1773 1072 1853 jubebatur,
1122 1784 1184 1829 ut
1222 1774 1353 1832 hinc
1413 1783 1471 1830 et
1520 1791 1588 1830 ex
1628 1775 1891 1845 propriis,

297 1865 444 1934 quod
482 1865 872 1936 pollicebatur,
895 1866 1152 1930 triremes
1178 1876 1554 1937 compararet,
1584 1881 1648 1921 ac
1686 1881 1897 1921 merce-

300 1957 474 2012 nariis
516 1957 788 2012 militibus
839 1957 910 2012 de
966 1959 1120 2013 victu
1162 1957 1505 2028 provideret.
1545 1958 1644 2016 His
1686 1959 1893 2014 litteris

295 2048 559 2119 acceptis,
593 2057 652 2104 et
702 2048 1089 2120 praefecturam
1139 2057 1497 2117 consecutus,
1563 2048 1891 2121 Byzantium

182 2150 197 2163 '
299 2140 491 2205 venit,
526 2154 632 2196 nec
671 2154 766 2196 eas
815 2140 871 2197 in
927 2148 1206 2196 conventu
1242 2141 1504 2212 legendas
1530 2141 1804 2204 exhibuit,
1832 2149 1893 2194 ut

294 2245 490 2286 omnes
538 2237 790 2292 nossent,
849 2229 1096 2286 classem
1145 2230 1522 2301 imperatoriae
1570 2246 1701 2300 erga
1763 2229 1893 2286 illos

293 2320 689 2379 benevolentiae
714 2335 779 2376 ac
810 2320 1199 2378 sollicitudinis
1235 2335 1375 2392 opus
1395 2336 1517 2378 esse
1538 2361 1554 2386 ,
1578 2330 1892 2393 sumptum-

296 2428 409 2482 que
490 2412 560 2469 de
625 2412 986 2484 imperatoris
1039 2413 1273 2484 pecunia
1340 2412 1733 2485 suppeditari,
1782 2427 1895 2483 quo

294 2504 531 2575 proinde
567 2504 723 2563 illum
777 2504 973 2576 vulgus
1013 2504 1626 2561 admurmurationibus
1682 2504 1894 2581 etlau:

294 2598 458 2653 dibus
495 2606 951 2669 prosequeretur,
1002 2596 1099 2654 sed
1165 2612 1262 2654 eas
1299 2597 1523 2667 quidem
1574 2597 1893 2653 occultavit.

295 2691 419 2761 ipse
443 2707 571 2747 cum
605 2706 636 2745 a
664 2691 1031 2761 quaestoribus
1076 2690 1218 2746 clam
1262 2689 1555 2762 pecuniam
1589 2689 1888 2759 acciperet,

298 2785 471 2838 domo
532 2798 631 2838 sua
687 2781 981 2838 manifeste
1047 2781 1208 2836 aliam
1253 2781 1499 2850 petebat,
1534 2788 1593 2834 et
1637 2778 1897 2833 triremes

296 2875 638 2939 instruebat,
679 2890 745 2931 ac
783 2875 1107 2946 popularem
1144 2888 1335 2928 auram
1366 2872 1644 2943 captabat,
1670 2886 1898 2943 magno-

299 2983 544 3038 pc-reque
567 2966 957 3037 celebrabatur
985 2965 1055 3020 ab
1103 2963 1383 3026 omnibus.
1420 2961 1565 3033 quod
1602 2978 1705 3020 nec
1729 2978 1900 3034 pecu-

297 3055 410 3110 niis
473 3056 613 3121 suis,
676 3070 780 3110 nec
845 3053 1134 3111 laboribus
1194 3053 1522 3126 adjuvandae
1578 3053 1900 3126 reipublicae

297 3156 463 3197 causa
503 3151 776 3213 parceret.
805 3140 1010 3199 Contra
1035 3143 1425 3212 imperatorem
1457 3154 1665 3211 autem,
1696 3153 1759 3200 ut
1781 3153 1932 3200 eratr

295 3241 760 3292 consentaneum.
785 3233 929 3303 apud
961 3232 1177 3303 plebem
1224 3235 1467 3306 querelae
1502 3250 1899 3305 murmuraque

295 3323 704 3388 excitabantur,
737 3332 798 3379 ut
836 3327 933 3394 qui
975 3327 1356 3395 subjectorum
1407 3327 1696 3381 commoda
1741 3326 1897 3382 nullo

300 3398 421 3470 2eeo
441 3417 683 3471 haberet.
709 3414 1380 3486 Apocaucbusinstructis
1402 3417 1726 3470 triremibus
1746 3416 1899 3470 insu-

298 3513 379 3569 las
395 3527 570 3582 usque
591 3511 790 3569 Chium
812 3510 1312 3583 circumnavigans,
1326 3527 1449 3568 cum
1475 3513 1530 3566 in
1550 3527 1743 3567 novem
1767 3510 1899 3566 Per-

297 3607 441 3662 sicas
469 3620 640 3660 naves
665 3604 970 3671 incidisset,
1000 3605 1066 3659 iis
1098 3620 1223 3659 cum
1249 3605 1383 3675 ipsis
1412 3604 1729 3662 vectoribus
1755 3605 1899 3676 poti-

300 3709 413 3764 tus,
433 3695 759 3769 Byzantium
788 3697 1005 3768 relegit.
1025 3697 1349 3767 Imperator,
1372 3706 1434 3753 ut
1467 3699 1590 3769 ejus
1620 3698 1677 3752 in
1698 3697 1899 3753 litteris

299 3787 708 3858 supprimendis
763 3788 1093 3857 nequitiam,
1141 3797 1195 3842 et
1235 3788 1518 3858 quomodo
1568 3788 1625 3842 in
1656 3788 1883 3858 vulgum

301 3895 464 3936 voces
497 3880 815 3951 sparsisset,
849 3896 963 3935 non
999 3880 1376 3951 imperatoris,
1401 3880 1571 3953 328
1597 3880 1694 3936 sed
1739 3896 1895 3937 suam

303 3987 423 4027 esse
475 3972 795 4042 pecuniam,
848 3987 972 4042 quae
1024 3972 1081 4027 in
1132 3971 1390 4027 triremes
1453 3972 1894 4043 impenderetur,

303 4062 552 4128 rescivit,
579 4062 637 4118 in
663 4063 940 4120 hominem
965 4065 1399 4129 excandescens,
1421 4081 1677 4137 magnum
1706 4065 1899 4120 dome-

303 4156 526 4220 sticum,
587 4162 652 4210 ut
701 4156 822 4228 ejus
866 4164 1199 4226 perpetuum
1250 4156 1525 4213 fautorem
1575 4157 1662 4213 his
1711 4157 1899 4212 verbis

300 4247 595 4318 compellat
632 4246 882 4303 :Sentin’
922 4247 1055 4317 quid
1114 4249 1482 4318 Apoeauchus
1513 4250 1727 4304 struat?
1781 4250 1897 4320 Ego

311 4326 468 4406 vero,
509 4339 728 4395 tametsi
762 4338 1027 4409 frequens
1060 4338 1210 4410 quod
1241 4348 1361 4396 erat
1390 4355 1636 4419 mearum
1653 4342 1894 4412 partium

300 4432 471 4498 volui,
525 4432 625 4486 abs
683 4441 737 4486 te
786 4430 1089 4501 impeditus
1137 4431 1323 4487 omisi.
1358 4431 1520 4487 Nunc
1549 4432 1686 4487 mihi
1720 4432 1787 4487 ad
1832 4447 1895 4488 ea

301 4541 423 4596 quae
451 4541 483 4579 e
512 4524 795 4593 republica
825 4524 944 4579 fore
966 4524 1156 4596 judico
1184 4524 1456 4594 facienda,
1484 4527 1625 4582 nihil
1657 4527 1764 4581 erit
1787 4526 1898 4581 im-

304 4618 642 4688 pedimento.
694 4615 822 4672 Haec
879 4616 973 4671 ille
1037 4617 1245 4673 irarum
1294 4620 1510 4689 plenus.
1553 4620 1899 4675 Domesticos
1925 4648 1979 4706 Β

302 4711 408 4766 sibi
443 4708 700 4764 conscius
732 4715 793 4762 ut
833 4711 1045 4765 auctori
1091 4710 1259 4781 hujus
1286 4711 1567 4781 tragmdiae
1591 4712 1731 4783 (ipse
1753 4727 1908 4767 nam-

301 4818 411 4873 que
446 4801 777 4871 imperatore
815 4800 1037 4857 nolente
1084 4803 1410 4872 praefectura
1448 4802 1602 4858 illum
1631 4803 1903 4874 auxerat),

304 4909 435 4951 cum
467 4893 690 4949 silentio
720 4893 1000 4951 discessit.
1030 4894 1335 4966 Imperator
1367 4911 1543 4965 usque
1575 4896 1647 4952 ad
1676 4913 1901 4959 vernam

307 4995 686 5058 tempestatem
739 4987 1147 5045 Thessalonica:
1186 4998 1454 5053 moratus,
1488 4990 1617 5046 inde
1645 4990 1903 5062 Didymo-

200 5076 223 5095 °
308 5081 515 5136 tichum
557 5089 615 5136 et
666 5080 831 5151 paulo
878 5091 1003 5151 post
1048 5081 1366 5153 Byzantium
1423 5098 1483 5139 se
1522 5084 1776 5152 contulit,
1806 5084 1899 5139 ubi

305 5189 430 5229 cum
466 5174 612 5228 haud
646 5173 741 5229 diu
775 5173 1091 5238 mansisset,
1118 5190 1344 5231 rursum
1374 5177 1431 5232 in
1460 5176 1753 5233 Thraciam
1781 5186 1902 5234 erat

309 5281 657 5335 egressurus,
683 5275 745 5321 ut
768 5267 1052 5333 antiquam
1077 5269 1271 5323 urbem
1293 5270 1403 5338 jam
1428 5286 1699 5338 eversam,
1723 5272 1899 5327 alicu-

310 5359 364 5413 bi
400 5360 574 5414 muris
597 5374 773 5425 usque
828 5358 992 5415 hodie
1041 5361 1224 5417 adhuc
1258 5363 1485 5433 integris
1514 5365 1696 5432 (cujus
1726 5365 1897 5420 Arca-

309 5451 460 5505 dium
495 5452 795 5509 Theodosii
835 5453 1018 5523 magni
1059 5453 1227 5510 ﬁlium
1258 5456 1599 5513 conditorem
1629 5457 1835 5520 ferunt,
1865 5471 1897 5510 a

306 5560 416 5613 quo
449 5555 506 5600 et
539 5560 740 5600 nomen
793 5544 1027 5612 invenit,
1051 5546 1429 5616 Arcadiapolis
1463 5548 1635 5616 dicta)
1660 5547 1891 5603 resedifi-

306 5647 477 5699 caret,
503 5638 609 5694 loci
661 5651 856 5695 natura
904 5639 1208 5696 delectatus
1255 5640 1533 5695 videlicet.
1560 5639 1693 5694 Erat
1723 5640 1897 5710 siqui-2

307 5726 431 5781 dem
492 5729 795 5799 imperator
826 5731 993 5787 etiam
1043 5730 1470 5787 aedificationum
1522 5731 1891 5802 percupidus},

305 5825 636 5891 paratusque
667 5838 775 5877 non
804 5823 1151 5879 necessitatis
1184 5822 1368 5890 modo,
1393 5823 1488 5878 sed
1513 5832 1569 5879 et
1598 5823 1895 5893 voluptatis

305 5922 469 5966 causa
508 5910 566 5966 in
597 5911 827 5972 aediﬁcia
872 5922 1126 5985 sumptus
1162 5914 1504 5987 impendere.
1537 5915 1699 5974 Certe
1719 5932 1891 5988 prope

1990 667 2315 738 ἐμπειρίας.
2343 667 2508 722 Ὅθεν
2553 663 2675 717 οὐδέ
2704 661 2793 718 οἷα
2822 662 3124 733 ἀξιόχρεων
3165 661 3304 732 πρὸς
3340 676 3578 729 στρατη-
3623 701 3644 723 ,

1988 760 2119 827 γίας
2172 759 2265 813 τὸν
2320 759 2464 812 κατά
2514 758 2746 828 Περσῶν
2775 757 3017 827 πόλεμον
3061 755 3214 824 αὐτῷ
3245 751 3578 823 ἐγχειρίζειν

1988 853 2311 923 παραινεῖν⁹
2362 851 2478 904 ἀλλ’
2511 850 2666 913 εἰδὼς
2712 849 2953 920 μάλιστα
2994 848 3122 910 τοὺς
3155 848 3373 916 Πέρσας
3416 843 3584 908 πεζο-

1992 942 2197 1013 μαχίας
2254 943 2354 1013 μὲν
2417 946 2511 996 καὶ
2577 942 2926 1012 ἱππομαχίας
2983 940 3443 1010 ἐμπειροτάτους,
3479 937 3578 991 καὶ

1989 1031 2164 1085 δεινοῦ
2193 1032 2483 1103 δεομένους
2509 1031 2604 1085 τοῦ
2634 1031 3103 1101 ἀντιστησομένου
3133 1029 3442 1100 στρατηγοῦ
3469 1069 3484 1094 ,
3521 1031 3581 1081 ἐν

1991 1125 2323 1196 ναυμαχίαις
2367 1124 2425 1178 δὲ
2470 1124 2874 1194 άτολμοτάτους
2917 1124 2985 1177 δι’
3034 1125 3296 1195 ἀπειρίαν
3321 1163 3335 1188 ,
3361 1124 3453 1177 καί
3485 1126 3583 1193 ρᾳ-

1991 1218 2137 1282 δίους
2156 1216 2236 1288 τῷ
2266 1217 2633 1286 προστυχόντι
2663 1218 2826 1270 παντὶ
2856 1216 3163 1287 ἡττᾶσθαι·
3196 1217 3373 1279 ἄλλως
3403 1234 3461 1270 τε
3488 1217 3584 1269 καὶ

1993 1310 2247 1378 τριήρεσι
2308 1309 2431 1371 ταῖς
2503 1307 2807 1378 ἡμετέραις
2864 1306 3097 1370 πολλοὺς
3170 1306 3584 1377 παρεσομένους

1994 1398 2433 1469 ἐμπειροτάτους
2463 1399 2562 1453 καὶ
2606 1398 2931 1468 ναυμαχιῶν
2967 1400 3059 1451 καὶ
3090 1396 3470 1467 πεζομαχιῶν,
3502 1388 3585 1457 οἷς

1997 1490 2264 1561 χρήσεται
2316 1484 2831 1559 παρακοέμώμενος
2885 1488 3229 1551 διδασκάλοις
3285 1488 3424 1557 πρὸς
3488 1486 3583 1540 τὸν

1998 1581 2260 1649 πόλεμον,
2290 1580 2457 1644 αὐτός
2514 1570 2576 1632 τε
2632 1579 2819 1649 ᾠήθην
2869 1580 2947 1650 μὴ
2984 1579 3096 1632 δεῖν
3131 1577 3434 1648 ἀμϐλύνειν
3481 1577 3582 1647 τὴν

1999 1671 2313 1741 προθυμίαν
2364 1668 2533 1723 αὐτοῦ
2566 1670 2668 1740 τὴν
2719 1670 2847 1741 περὶ
2876 1669 2946 1722 τὰ
2975 1668 3121 1722 καλά
3145 1686 3159 1700 ·
3194 1669 3288 1723 καὶ
3327 1667 3421 1721 σοῦ
3462 1667 3585 1737 ἥκω

1997 1761 2328 1833 δεησόμενος
2362 1760 2466 1831 τὴν
2504 1760 2851 1831 στρατηγίαν
2887 1758 3239 1830 ἐπιτρέπειν.
3275 1760 3435 1820 Ἴσως
3474 1758 3583 1826 γὰρ
3676 1816 3681 1825 ,

2000 1855 2034 1925 ἡ
2068 1853 2349 1926 προθυμία
2407 1856 2476 1926 τῇ
2513 1853 2761 1933 ἀτολμία
2819 1855 2916 1906 καὶ
2968 1851 3197 1921 ἀπειρίᾳ
3253 1851 3585 1921 ἀντίρῤοπος

1996 1947 2250 2016 ὀφθεῖσα,
2287 1948 2562 2018 χρήσιμον
2612 1946 2748 2015 πρός
2776 1962 2829 1997 τι
2861 1943 2971 1997 τῶν
3004 1943 3235 1997 δεόντων
3285 1939 3582 2003 ἀποδείξει.

1997 2042 2141 2113 Πρὸς
2164 2039 2341 2094 ταῦτα
2366 2041 2394 2093 6
2426 2038 2703 2109 βασιλεὺς,
2738 2036 2882 2108 Ὀρῶ
2913 2036 3012 2105 μέν
3047 2052 3130 2100 σε,
3164 2028 3310 2095 εἷπε,
3348 2031 3588 2100 μάλιστα

1997 2133 2457 2205 προθυμούμενον
2496 2129 2827 2200 Ἀτοκαύχῳ
2871 2129 2983 2182 τῶν
3020 2127 3294 2198 τριήρεων
3342 2124 3584 2194 ἐγχειρί-

1997 2227 2115 2294 ζειν
2155 2229 2254 2296 τὴν
2306 2229 2507 2300 ἀρχήν.
2539 2227 2650 2280 Καὶ
2698 2225 2787 2279 διὰ
2831 2224 2993 2278 τοῦτο
3049 2222 3171 2277 οὐδὲ
3228 2221 3400 2274 πολὺν
3456 2219 3587 2289 περὶ

1996 2320 2162 2377 αὐτοῦ
2216 2320 2481 2391 βούλομαι
2533 2318 2814 2373 ποιεῖσθαι
2863 2319 3057 2387 λόγον’
3089 2316 3209 2369 ἀλλ’
3245 2315 3274 2368 6
3327 2312 3583 2383 προείλου

1997 2415 2236 2484 πράττω
2267 2411 2505 2483 εὐχομαι
2549 2411 2607 2465 δὲ
2662 2410 2737 2482 μὴ
2790 2392 3058 2472 κάν’τοῖς
3105 2407 3374 2471 τοιούτοις
3424 2406 3590 2469 αὐτὸς

1997 2506 2287 2576 φανεῖσθαι
2324 2503 2633 2575 ἀληθεύων.
2662 2501 2905 2557 Τοιαῦτα
2935 2502 3072 2571 πρὸς
3100 2499 3371 2568 ἀλλήλους
3402 2498 3587 2551 αὐτῶν

1995 2598 2383 2668 διειλεγμένων
2438 2596 2564 2650 ἐπεὶ
2619 2594 2871 2648 ἐδέδοκτο
2929 2591 3426 2663 παρακοιμωμένῳ
3476 2593 3587 2644 Βυ-

1998 2690 2218 2755 ζαντίου
2268 2689 2364 2771 καὶ
2401 2688 2511 2741 τῶν
2542 2687 2727 2757 νήσων
2766 2686 3091 2756 ἐπιτρέπειν
3124 2685 3225 2752 τὴν
3258 2684 3437 2754 ἀρχὴν
3466 2685 3586 2753 διμα

1996 2782 2108 2843 τοῖς
2161 2782 2227 2834 ἐκ
2275 2779 2482 2835 τούτων
2523 2776 2768 2847 ἐτησίοις
2818 2777 3030 2846 φόροις,
3061 2775 3371 2845 γράμματα
3420 2775 3590 2844 ἐγρά-

2000 2889 2132 2944 φετο
2181 2871 2462 2942 βασιλικὰ,
2494 2869 2734 2940 ἄρχοντα
2783 2868 3183 2921 ἀποδεικνύντα
3230 2867 3621 2936 παρακοιμὼο,

2002 2982 2165 3036 μενον
2199 2963 2293 3017 τοῦ
2328 2963 2517 3017 στόλου
2562 2960 2659 3015 τοῦ
2709 2962 2851 3015 κατά
2895 2959 3122 3030 Περσῶν
3145 2975 3160 2991 ο
3198 2959 3293 3012 καὶ
3343 2959 3449 3011 ἀπὸ
3479 2956 3589 3009 τῶν

1999 3057 2278 3129 δημοσίων
2325 3056 2621 3110 κελεύοντα
2671 3053 2977 3124 λαμϐάνειν
3031 3054 3258 3124 χρυσίου
3319 3052 3587 3122 μυριάδας

2000 3149 2134 3204 δέκα
2162 3148 2305 3202 ὥστε
2343 3147 2492 3219 ἐχειν
2538 3147 2603 3199 ἐκ
2635 3162 2698 3198 τε
2737 3147 2948 3198 τούτων
2999 3148 3092 3198 καὶ
3143 3145 3252 3197 ἀπὸ
3282 3143 3392 3197 τῶν
3439 3144 3588 3196 ἰδίων

2001 3241 2078 3304 ὡς
2116 3241 2404 3310 ὑπέσχετο,
2444 3240 2692 3310 τριήρεις
2738 3253 2798 3289 τε
2852 3237 3324 3306 παρασκευάζειν,
3374 3239 3466 3288 καί
3524 3234 3588 3289 τὸ

2008 3329 2403 3400 μισθοφορικὸν
2432 3330 2656 3399 τρέφειν
2691 3329 2749 3382 τὸ
2790 3328 2846 3376 ἐν
2877 3326 3128 3392 ταύταις.
3162 3329 3313 3380 Ἐπεὶ
3350 3327 3405 3379 δὲ
3433 3328 3497 3379 τά
3527 3342 3586 3378 τε

1972 3468 1975 3471 .
2005 3423 2316 3493 γράμματα
2355 3422 2571 3491 εἰλήφει
2604 3422 2700 3475 καὶ
2732 3421 2832 3491 τὴν
2861 3424 3038 3491 ἀρχὴν
3061 3420 3425 3490 ἐνεχειρίσθη,
3454 3420 3590 3488 πρὸς

2006 3511 2302 3575 Βυζάντιον
2355 3508 2550 3577 ἐλθὼν,
2599 3509 2668 3562 τὸ.
2715 3511 2812 3581 μὲν
2868 3509 3129 3581 βασιλικά
3175 3513 3483 3580 γράμματα
3527 3510 3590 3560 οὐ

2007 3601 2319 3671 παρέσχετο
2375 3598 2854 3668 ἀναγινώσκεσθαι
2907 3599 2995 3651 ἐπ’
3050 3599 3369 3666 ἐκκλησίας,
3404 3598 3479 3661 ὡς
3524 3599 3590 3651 ἂν

2005 3696 2199 3748 εἰδεῖεν
2249 3696 2454 3758 πάντες
2511 3694 2587 3756 ὡς
2640 3694 2741 3762 τῆς
2805 3695 2934 3765 περὶ
2982 3694 3180 3757 αὐτοὺς
3235 3693 3450 3755 εὐνοίας
3506 3694 3587 3762 εἴη

2005 3788 2102 3842 καὶ
2162 3788 2491 3857 κηδεμονίας
2557 3786 2822 3856 βασιλέως
2873 3787 2901 3838 6
2957 3785 3144 3849 στόλος
3200 3785 3387 3856 ἔργον,
3420 3787 3483 3839 ἐκ
3532 3802 3589 3838 τε

2004 3879 2115 3936 τῶν
2167 3880 2466 3948 βασιλικῶν
2529 3881 2836 3952 χρημάτων
2884 3881 2918 3950 ἡ
2980 3880 3217 3949 δαπάνη,
3274 3879 3360 3932 ἴνα
3416 3880 3506 3932 καὶ
3557 3881 3589 3949 ή

2006 3972 2251 4043 εὐφημία
2273 3971 2385 4025 τῶν
2413 3970 2627 4024 πολλῶν
2650 3971 2744 4023 καὶ
2779 3972 2806 4024 6
2832 3971 3055 4034 ἔπαινος
3082 3971 3217 4039 πρὸς
3262 3969 3493 4040 βασιλέα
3573 3988 3587 4002 ο

2005 4064 2143 4119 ἀλλά
2193 4064 2369 4117 ταῦτα
2419 4064 2520 4134 μὲν
2573 4064 2811 4135 ἀφανείᾳ
2867 4064 3159 4134 παρεδίδου
3185 4080 3198 4093 ’
3240 4066 3401 4126 αὐτὸς
3436 4064 3490 4116 δὲ
3524 4065 3590 4116 τά

2007 4155 2109 4226 μὲν
2138 4154 2397 4225 βασιλικά
2429 4156 2694 4226 χρήματα
2722 4155 2875 4225 παρὰ
2902 4156 3011 4210 τῶν
3043 4157 3110 4208 τὰ
3140 4156 3376 4225 δημόσια
3414 4174 3593 4226 πρατ-

2003 4247 2211 4301 τόντων
2268 4247 2568 4317 λαμϐάνων
2630 4246 2838 4318 κρύφα,
2889 4247 3104 4302 οἷκοθεν
3160 4248 3217 4301 δὲ
3281 4248 3587 4313 άναιρανδὶν

2010 4338 2534 4411 μεταπεμπόμενος,
2595 4339 2840 4411 ἐπλήρου
2889 4340 2991 4402 τάς
3040 4339 3312 4410 τριήρεις.
3370 4338 3461 4403 ἘΞ
3513 4333 3588 4391 ὧν

2006 4432 2171 4495 αὐτὸς
2222 4433 2323 4502 μὲν
2368 4430 2609 4501 ἐθηρᾶτο
2650 4431 2751 4502 τὴν
2807 4431 2968 4496 δόξαν
3004 4433 3103 4503 τὴν
3144 4432 3293 4501 παρά
3318 4432 3412 4485 τοῦ
3450 4431 3589 4499 πλή-

2007 4521 2137 4584 θους
2162 4538 2177 4553 ο
2218 4522 2315 4576 καὶ
2347 4521 2518 4586 πολὺς
2546 4516 2615 4593 ἦν
2655 4522 2919 4593 ᾁδόμενος
2962 4523 3109 4594 παρά
3146 4527 3312 4578 πᾶσιν
3361 4525 3436 4587 ὡς
3481 4525 3587 4577 τῶν

2007 4615 2227 4669 οἰκείων
2258 4615 2322 4669 οὐ
2360 4615 2682 4685 φειδόμενος
2716 4613 2842 4669 οὔτε
2875 4612 3180 4687 χρημάτων
3233 4617 3360 4670 οὔτε
3409 4620 3586 4670 πόνων

2013 4707 2156 4779 ὑπὲρ
2201 4708 2310 4761 τῶν
2350 4710 2506 4779 κοινῇ
2543 4707 2991 4765 λυσιτελούντων.
3024 4711 3249 4763 Βασιλεῖ
3277 4711 3354 4777 δὲ,
3398 4700 3587 4778 ῶσπερ

2010 4802 2180 4864 εἰκὸς,
2206 4799 2604 4871 προσετρίϐετο
2627 4801 2727 4868 τὴν
2758 4801 2968 4870 μέμψιν
3008 4802 3103 4854 καὶ
3133 4800 3224 4855 τὸν
3269 4800 3586 4869 τογγυσμὸν

2007 4895 2100 4948 τὸν
2124 4893 2276 4965 παρά
2320 4895 2430 4948 τῶν
2469 4893 2705 4961 πολλῶν,
2739 4893 2813 4957 ῶς
2846 4894 2958 4947 τῶν
2986 4893 3416 4947 λυσιτελούντων
3447 4893 3588 4964 ὑπηο

2005 4985 2156 5048 κόοις
2213 4983 2490 5055 μηδεμίαν
2557 4984 2871 5054 ποιουμένῳ
2941 4983 3221 5053 πρόνοιαν.
3286 4984 3476 5053 Ὅμως
3530 4984 3586 5036 δὲ

2006 5076 2306 5148 πληρώσας
2349 5078 2452 5142 τὰς
2506 5077 2758 5147 τριήρεις
2823 5077 3187 5148 περιέπλευσε
3237 5077 3335 5139 τὰς
3390 5078 3584 5147 νήσους

2006 5173 2172 5243 μέχρι
2202 5171 2361 5238 Χίου,
2388 5172 2486 5224 xa‘t
2524 5170 2683 5227 ἐννέα
2728 5172 2888 5226 ναυσὶ
2932 5173 3231 5243 Περσικαῖς
3274 5168 3583 5241 περιτυχὼν

2004 5263 2312 5335 ἐκράτησεν
2361 5263 2701 5335 αὐτάνδρων,
2731 5264 2828 5317 καὶ
2883 5264 3046 5318 πάλιν
3097 5262 3441 5316 ἀπέπλευσεν
3488 5260 3584 5325 ἐὶς

2002 5357 2323 5420 Βυζάντιον.
2352 5355 2667 5422 Πυθόμενος
2692 5355 2750 5409 δὲ
2780 5357 2809 5409 6
2839 5336 3097 5426 βασιλεὺς
3125 5355 3226 5407 ὅσα
3262 5354 3415 5424 αὐτῷ
3450 5355 3581 5424 περὶ

2000 5450 2068 5503 τὰ
2096 5448 2356 5520 βασιλικά
2388 5449 2699 5520 γράμματα
2726 5447 3161 5518 κακουργηθείη,
3185 5452 3279 5501 καὶ
3311 5447 3387 5510 ὡς
3417 5447 3578 5516 λόγου

1999 5542 2228 5613 διαδοίη,
2269 5543 2345 5615 μὴ
2381 5544 2672 5613 βασιλέως,
2708 5542 2823 5595 ἀλλ’
2866 5545 2933 5595 ἐκ
2974 5541 3084 5594 τῶν
3127 5542 3273 5595 ἰδίων
3309 5540 3578 5613 εἶναιτὴν

1998 5634 2251 5706 δαπάνην
2307 5637 2417 5689 τῶν
2483 5637 2781 5706 τριήρεων,
2837 5637 2974 5707 ὀργῇ
3028 5652 3088 5688 τε
3155 5638 3386 5708 ἐφέρετο
3444 5636 3577 5700 πρὸς

1999 5726 2186 5794 αὐτὸν,
2238 5728 2333 5780 καὶ
2388 5727 2528 5798 πρὸς
2573 5727 2666 5779 τὸν
2723 5727 2901 5798 μέγαν
2953 5728 3296 5796 δομέστικον,
3327 5730 3401 5793 ὡς
3436 5729 3578 5797 ὑπὲρ

2000 5819 2213 5874 ἐκείνου
2246 5821 2559 5892 πράττοντα
2599 5820 2916 5894 ἀεὶ,⁹ορᾷς,
2948 5822 3077 5893 ἐφη,
3112 5816 3201 5876 οἷα
3235 5821 3578 5889 Ἀπόκαυχος

1999 5913 2256 5983 τυοεύει;
2289 5911 2402 5983 ἐγὼ
2424 5913 2482 5969 δέ
2508 5912 2687 5970 καίτοι
2711 5915 2970 5982 πολλάκις
3002 5916 3266 5989 ὁρμηθεὶς
3290 5916 3358 5969 τὰ
3387 5912 3577 5967 δέοντα
