4060 6440
387 369 490 428 6ῧῖ

1555 366 1878 426 JOANNIS
1915 366 2000 423 CA
2015 364 2443 425 NTACUZENI

3526 331 3638 430 est

391 479 622 534 Romani
680 479 898 547 imperii
929 477 1398 548 {Thessalonicam
1458 475 1719 538 advenit;
1784 472 1968 526 multis

2079 473 2255 541 μαίων
2292 473 2608 542 ἐπεδήμησε
2643 471 2913 541 βασιλείῳ
2961 469 3174 524 πολλῶν
3228 471 3354 541 γὰρ.
3393 475 3659 544 ἐνέπλησε

385 571 533 624 enim
581 572 905 641 magnisque
956 569 1325 624 seditionibus
1383 569 1682 624 Ecclesiam
1725 575 1969 634 pacatam

383 663 658 732 implevit.
681 662 786 728 Qui
819 677 943 716 cum
987 677 1043 715 se
1071 662 1390 716 Latinorum
1421 660 1670 728 dogmata
1711 655 1968 725 proﬂiga-

382 763 571 808 turum
621 755 954 820 simulassct,
998 754 1198 808 libellis
1245 754 1537 806 adversum
1580 750 1702 804 illos
1745 761 1970 816 compo-

384 845 523 908 sitis,
577 847 931 901 conclusione
982 846 1258 899 rationum
1308 842 1742 903 demonstrabat,
1771 856 1868 894 eos
1914 839 1967 892 in

381 939 664 1008 religionis
694 939 945 992 doctrina
981 938 1308 991 hallucinari
1371 952 1434 991 ac
1479 935 1612 1001 labi,
1649 933 1970 1003 nostrisque

379 1029 654 1099 gaudebat
710 1029 977 1085 institutis
1014 1040 1069 1083 et
1120 1029 1358 1099 legibus,
1386 1037 1442 1083 et
1472 1045 1500 1082 a
1547 1043 1605 1082 se
1651 1027 1968 1080 Latinorum

336 1162 337 1165 η
381 1119 736 1173 eteremonias
757 1133 921 1189 atque
947 1120 1203 1188 dogmata
1235 1135 1303 1172 ex
1331 1118 1513 1172 animo
1540 1117 1790 1172 damnari
1815 1130 1972 1182 aper—

379 1209 590 1264 tissima
625 1209 790 1264 dabat
822 1210 1046 1271 indicia,
1074 1221 1133 1284 ut
1157 1210 1475 1280 apparebat.
1505 1208 1586 1264 Ob
1632 1209 1774 1262 hanc
1806 1208 1970 1276 igitur

378 1315 613 1367 sacram,
646 1311 701 1356 et
734 1302 880 1356 illam
925 1302 1088 1356 aliam
1133 1303 1351 1356 civilem
1398 1300 1766 1354 eruditionem
1801 1300 1970 1366 impe-

377 1401 531 1444 rator
579 1392 788 1446 honore
827 1404 883 1446 et
908 1408 1096 1447 amore
1125 1408 1250 1446 eum
1284 1393 1633 1462 dignabatur,
1662 1399 1718 1445 et
1741 1405 1970 1458 magnus

376 1487 608 1553 quoque
646 1483 983 1539 domesticus
1045 1483 1274 1539 curabat
1311 1493 1367 1537 et
1402 1483 1702 1552 diligebat;
1752 1495 1857 1535 nec
1887 1481 1966 1533 illi

377 1575 681 1645 quidquam
732 1577 797 1630 ad
847 1576 1161 1631 felicitatem
1212 1575 1424 1630 deerat.
1467 1576 1564 1629 Hic
1594 1590 1727 1644 ergo
1757 1575 1970 1627 Barlaa-

350 1676 500 1718 ‘mus
540 1666 656 1720 sive
689 1665 871 1721 statim
903 1683 932 1721 a
974 1667 1246 1737 principio
1279 1682 1341 1722 ea
1397 1667 1658 1736 opinione
1693 1668 1962 1728 imbutus.

2076 566 2171 616 καὶ
2196 564 2454 632 μεγάλων
2498 565 2743 618 στάσεων
2763 561 2991 632 εἰρήνην
3023 562 3268 630 ἄγουσαν
3294 564 3393 630 τὴν
3429 567 3662 636 Ἐκκλη-
3683 624 3694 631 δ

2075 653 2218 707 σίαν.
2268 654 2740 724 Ὑποκρινάμενος
2770 654 2879 722 γὰρ
2907 653 2975 706 τὰ
3000 655 3250 708 Λατίνιον
3287 655 3657 722 ἀποσείεσθαι,

2075 746 2266 812 λόγους
2301 763 2364 798 τε
2423 746 2794 814 συνεγράφετο
2817 743 2940 798 κατ’
2975 745 3175 808 αὐτῶν,
3215 748 3312 801 καὶ
3336 748 3658 801 ἀπεδείκνυε

2075 837 2314 905 λογικῶς
2368 837 2498 908 περὶ
2560 837 2658 908 τὴν
2690 837 2872 891 πίστιν
2908 838 3339 908 σφαλλομένους,
3395 843 3488 892 καὶ
3543 846 3659 905 τοῖς

2075 933 2367 1002 ἡμετέροις
2423 931 2644 1002 ἔχαιρεν
2669 931 2825 1003 ἡθεσι
2875 933 2970 986 καὶ
3021 934 3231 1002 νόμοιςο
3268 937 3362 989 καὶ
3391 937 3528 993 ὅλως
3563 956 3660 988 σα-

2072 1027 2194 1094 φεῖς
2226 1026 2406 1079 ἐδόκει
2433 1026 2768 1095 παρέχεσθαι
2800 1027 2898 1088 τὰς
2922 1027 3231 1092 ἀποδείξεις
3258 1028 3352 1080 τοῦ
3378 1046 3655 1094 κατεγνω-

2073 1118 2229 1168 κέναι
2267 1118 2337 1170 τὰ
2377 1117 2624 1170 Λατίνων
2653 1117 2894 1185 ἀληθῶς.
2935 1118 3033 1170 Διὰ
3078 1118 3255 1171 ταῦτά
3314 1138 3371 1172 τε
3418 1118 3511 1171 οὖν
3565 1121 3657 1172 καὶ

2074 1209 2173 1278 τὴν
2196 1209 2363 1278 ἀλλην
2395 1209 2590 1277 σοφίαν
2621 1209 2721 1277 τῆς
2751 1227 2810 1260 τε
2851 1210 3003 1276 παρὰ
3025 1210 3290 1278 βασιλέως
3337 1213 3644 1266 ἀπέλαυνεν

2072 1299 2362 1367 εὐμενείας
2419 1301 2514 1351 καὶ
2577 1299 2742 1368 τιμῆς
2776 1337 2792 1362 ,
2844 1299 2941 1351 καὶ
2995 1300 3147 1368 παρὰ
3199 1301 3444 1368 μεγάλου
3493 1301 3650 1368 δομε-

2073 1391 2258 1444 στίκου
2308 1391 2460 1444 οὐδὲν
2493 1387 2654 1463 ἧττον
2691 1392 2945 1460 ἠγαπᾶτο
3001 1392 3096 1444 καὶ
3145 1394 3404 1460 προνοίας
3457 1393 3669 1465 ἡξιοῦε

2069 1500 2131 1536 το
2158 1523 2173 1548 ,
2216 1484 2314 1536 καὶ
2355 1483 2511 1536 οὐδὲν
2564 1483 2736 1535 ἐνέδει
2786 1483 2934 1552 αὐτῷ
2970 1483 3067 1536 τοῦ
3101 1485 3175 1552 μὴ
3211 1487 3267 1536 ἐν
3298 1484 3636 1552 εὐπραγίαις

2072 1573 2233 1627 εἶναι.
2268 1567 2437 1636 Οὗτος
2463 1574 2529 1642 δὴ
2575 1575 2602 1626 ό
2628 1573 2896 1644 Βαρλαὰμ
2929 1573 3040 1625 εἴτε
3081 1574 3178 1626 καὶ
3199 1573 3360 1634 εὐθὺς
3385 1572 3443 1636 ἐξ
3478 1573 3649 1641 ἀρχῆς

2067 1666 2170 1735 τὴν
2204 1666 2400 1734 ὁμοίαν
2429 1665 2656 1735 γνώμην
2696 1664 2857 1735 ἔχων,
2893 1666 3006 1718 εἴτε
3039 1664 3264 1731 ὕστερον
3300 1664 3644 1733 μεταϐαλὼν,

378 1756 494 1811 sive
543 1769 732 1828 postea
785 1760 1132 1822 immutatus,
1178 1761 1286 1826 vel,
1331 1769 1388 1813 ut
1443 1760 1620 1814 dicam
1678 1760 1964 1825 rectius,a

2076 1757 2278 1826 μᾶλλον
2318 1759 2374 1811 δὲ
2405 1758 2512 1810 ὐπὸ
2540 1757 2634 1810 τοῦ
2671 1756 2852 1810 κοινοῦ
2879 1757 2988 1808 τῶν
3030 1756 3378 1826 Χριστιανῶν
3424 1755 3647 1823 πληρώ-

378 1849 659 1902 ι·οηιιηιιηί
697 1847 1138 1905 Christianorum
1174 1852 1329 1905 hoste
1375 1851 1689 1916 instinctus,
1725 1852 1972 1906 occasio—

379 1951 504 1988 nem
535 1941 826 2005 quamdam
862 1939 1151 2001 aﬂectans,
1186 1955 1295 2008 qua
1330 1949 1517 1995 nostra
1552 1942 1705 2010 quasi
1743 1956 1842 2010 per
1873 1956 1968 1995 co-

379 2025 636 2080 moediam
680 2028 1009 2094 traduceret,
1051 2039 1108 2085 et
1138 2031 1340 2085 bellum
1385 2032 1672 2086 nobiseum
1719 2043 1969 2102 apertum

377 2128 613 2186 gereret,
645 2122 794 2176 velut
851 2122 1098 2179 discendi
1141 2139 1304 2178 causa
1353 2125 1418 2177 ad
1465 2124 1759 2193 quemdam
1805 2125 1971 2182 exiis

383 2214 474 2280 qui
511 2213 776 2267 dicuntur
797 2214 1149 2284 quiescentes
1179 2215 1337 2288 [sive
1375 2216 1669 2289 solitarii],
1702 2227 1886 2272 mente
1906 2233 1971 2273 ac

381 2305 595 2358 ratione
641 2306 802 2375 plane
856 2322 1118 2373 vacuum,
1159 2309 1494 2378 paulumque
1535 2325 1562 2361 a
1601 2311 1765 2363 bruto
1815 2309 1974 2364 diffe-

382 2409 621 2465 rentem,
652 2415 829 2471 neque
873 2401 1058 2457 idiotae
1086 2405 1278 2459 saltem
1312 2405 1485 2458 instar
1516 2406 1844 2475 prudentem
1881 2420 1972 2460 ac-

379 2493 569 2557 cessit,
602 2507 772 2563 seque
801 2494 868 2549 ab
908 2495 1027 2564 ipso
1062 2495 1301 2560 institui,
1334 2507 1393 2550 et
1429 2497 1652 2551 modum
1686 2497 1810 2551 vita:
1842 2497 1974 2550 soli-

380 2585 553 2653 tariae,
586 2598 652 2638 ac
689 2595 960 2655 praecepta
1003 2585 1335 2642 obedientim
1359 2589 1428 2642 ab
1459 2588 1553 2642 illo
1590 2588 1803 2644 discere
1831 2589 1973 2644 velle

379 2673 684 2728 simulavit.
724 2674 897 2740 Quem
945 2679 1202 2746 precibus
1247 2679 1416 2746 vicit,
1467 2695 1783 2750 paucosque
1827 2682 1972 2752 apud

378 2779 507 2818 eum
537 2765 653 2840 dies
679 2767 905 2821 mansit.
939 2768 1186 2823 Posthrec
1220 2771 1288 2824 ab
1337 2771 1594 2840 imperito
1623 2772 1715 2826 illo
1746 2781 1977 2827 conten-

378 2857 480 2919 dit,
509 2865 571 2911 ut
595 2872 652 2913 se
681 2873 853 2928 genus
879 2860 1014 2916 illud
1047 2862 1168 2916 vita?
1194 2862 1440 2927 doceret,
1465 2871 1520 2916 ct
1548 2863 1828 2932 quomodo
1854 2864 1970 2933 ipse

379 2967 603 3021 quoque
653 2953 738 3008 vel
767 2953 888 3023 ipso
955 2954 1050 3008 illo
1102 2955 1191 3008 die
1245 2953 1388 3008 inter
1442 2955 1720 3010 solitarius
1781 2954 1972 3014 referri

299 3103 308 3108 _
383 3050 586 3109 posset.
615 3042 717 3109 Qui
747 3044 932 3099 dolum
959 3045 1106 3099 haud
1137 3045 1424 3110 olfaciens,
1454 3056 1508 3100 et
1545 3045 1714 3101 nimia
1747 3047 1971 3105 levitate

2076 1866 2245 1918 ματος
2299 1849 2564 1916 πολεμίου
2625 1847 2972 1916 ὲναγόμενος.
3003 1847 3277 1915 πρόφασίν
3311 1864 3432 1898 τινα
3464 1845 3646 1914 ζητῶν

2072 1946 2132 2012 ἐξ
2149 1941 2216 2019 ἦς
2249 1946 2319 1999 τὰ
2354 1946 2607 2016 ἡμέτερα
2635 1945 3054 2015 διακωμῳδὴσει
3101 1944 3195 1996 καὶ
3236 1943 3374 2013 πρδς
3411 1941 3650 2008 πόλεμον

2069 2038 2313 2109 χωρήσει
2357 2037 2609 2106 φανερῶς
2663 2025 2751 2100 ὡς’
2778 2038 2841 2107 δὴ
2872 2037 3157 2107 μαθητιῶν
3208 2053 3316 2088 τινι
3373 2033 3648 2103 προσῆλθε

2071 2131 2180 2184 τῶν
2208 2129 2612 2200 ἡσυχαζόντων,
2629 2131 2788 2198 λόγου
2807 2147 2866 2181 τε
2890 2129 3323 2199 ἀπεστερημένῳ
3347 2126 3541 2183 παντελ
3560 2126 3648 2191 ἒς.

2073 2223 2169 2276 καὶ
2205 2222 2386 2291 ὀλίγον
2439 2223 2752 2293 διαφέροντι
2781 2221 2990 2288 ἀλόγων
3015 2261 3029 2282 ,
3057 2221 3154 2274 καὶ
3186 2221 3308 2274 οὐδὲ
3334 2220 3650 2288 φρονήσεως

2072 2313 2204 2382 γοῦν
2231 2315 2589 2384 μετεσχηκότι
2626 2313 2944 2384 πρεπούσης
2979 2311 3183 2382 ἰδιώτῃ·
3207 2315 3300 2365 καὶ
3324 2310 3650 2376 ὑπεκρίνετο

2075 2404 2364 2475 βούλεσθαι
2402 2403 2747 2475 μαθητεῦσαι
2779 2405 2911 2475 παρ’
2935 2405 3107 2474 αὐτῷ,
3160 2404 3257 2458 καὶ
3283 2405 3382 2472 τὴν
3406 2404 3526 2456 ὁδὸν
3551 2402 3650 2471 τῆς

2078 2497 2313 2568 ἡσυχίας
2341 2496 2793 2561 ἐκδιδάσκεσθαι,
2849 2497 2942 2548 καὶ
2993 2496 3123 2557 τούς
3151 2494 3352 2562 νόμους
3382 2493 3483 2560 τῆς
3517 2493 3654 2544 ὑπο·
3721 2543 3734 2550 ,

2075 2589 2276 2658 ταγῆς.
2305 2587 2540 2642 Ἐπεισέ
2567 2605 2624 2641 τε
2653 2587 2893 2655 δεηθεὶς,
2929 2587 3024 2640 καὶ
3054 2583 3300 2654 διέτριψε
3337 2584 3472 2652 παρ’
3501 2581 3650 2650 αὐτῷ

2075 2681 2289 2751 ἡμέρας
2323 2681 2383 2732 οὐ
2437 2679 2661 2742 πολλάς.
2715 2678 2826 2730 Καὶ
2881 2677 3019 2746 μετὰ
3066 2675 3238 2729 ταῦτα
3272 2674 3366 2727 τοῦ
3403 2673 3650 2743 ἀμαθοῦς

2073 2774 2285 2827 ἐκείνου
2312 2774 2487 2826 ἐδεῖτο
2515 2772 2792 2825 διδάσκειν
2819 2771 2949 2841 περὶ
2981 2770 3241 2841 ἡσυχίαςο
3272 2769 3367 2821 καὶ
3389 2769 3496 2838 ὅτῳ
3525 2767 3650 2835 τρό-

2077 2885 2162 2937 πῳ
2193 2867 2289 2919 καὶ
2339 2865 2502 2926 αὐτὸς
2544 2865 2602 2916 ὲν
2635 2865 2969 2933 ἡσυχασταῖς
3017 2861 3337 2930 αὐθημερὸν
3377 2860 3649 2912 τελέσειεν

2076 2958 2399 3013 ὑποθέσθαι.
2445 2957 2502 3010 '0
2531 2957 2589 3010 δὲ
2633 2957 2728 3009 τόν
2776 2973 2836 3008 τε
2867 2955 3017 3008 δόλον
3051 2955 3126 3023 μὴ
3153 2952 3406 3017 συνιδὼν,
3445 2951 3549 3003 ὐπό
3588 2967 3646 3002 τε

2073 3053 2174 3117 τῆς
2205 3052 2346 3120 ἄγαν
2391 3051 2729 3118 κουφότητος
2763 3047 3028 3117 ἐπαρθεὶς
3054 3085 3069 3111 ,
3108 3045 3244 3098 ἄλλα
3281 3062 3342 3096 τε
3401 3043 3646 3096 ἐδίδασκε

381 3137 580 3203 elatus,
636 3153 761 3192 cum
815 3138 921 3193 alia
971 3139 1254 3193 hominem
1310 3140 1784 3210 improbissimum
1841 3143 1962 3212 ipse

2072 3147 2155 3201 τὸν
2191 3144 2565 3216 πονηρότατον
2595 3142 2625 3193 ό
2657 3140 2884 3210 ἀνόητος
2909 3179 2924 3204 ,
2969 3137 3065 3192 καὶ
3125 3137 3202 3200 ὡς
3240 3135 3646 3205 προκόπτοντες

384 3228 587 3283 stultus
621 3228 834 3295 docuit,
866 3239 980 3284 tum
1010 3230 1174 3300 33o
1207 3245 1316 3300 quo
1351 3240 1512 3300 pacto
1541 3232 1802 3301 paulatim
1835 3247 1968 3303 pro-

379 3320 632 3375 ficientes
675 3322 938 3389 solitarii,
976 3329 1033 3378 ct
1082 3324 1378 3392 tranquille
1418 3324 1830 3394 precationibus
1881 3325 1966 3378 in-

379 3411 539 3475 tenti,
569 3413 936 3468 exsultatione
980 3413 1150 3468 animi
1211 3425 1266 3469 et
1305 3414 1490 3470 divina
1539 3417 1777 3486 quadam
1812 3418 1967 3471 inex-

380 3502 740 3572 plicabilique
779 3503 1063 3573 voluptate
1096 3505 1516 3574 perfunduntur,
1559 3519 1615 3562 et
1642 3510 1819 3564 oculis
1845 3524 1969 3564 eor-

382 3595 569 3663 porcis
592 3593 778 3648 lumen
799 3609 858 3649 se
881 3595 1308 3667 circumfulgens
1329 3600 1621 3668 aspiciant.
1644 3601 1967 3657 Barlaamus

381 3699 437 3742 et
467 3686 669 3756 alioqui
709 3688 986 3742 hominem
1031 3689 1190 3745 valde
1258 3691 1537 3747 indoctum
1576 3703 1967 3766 amentemque

376 3779 654 3848 judicare,
686 3787 742 3833 et
775 3779 962 3835 lumen
995 3781 1230 3836 audiens
1264 3784 1416 3838 cerni
1451 3786 1630 3840 oculis
1658 3791 1964 3858 corporeis,

381 3889 492 3927 non
523 3873 624 3928 sibi
655 3882 984 3944 temperare,
1018 3875 1151 3957 quin
1174 3879 1544 3933 communiter
1575 3880 1851 3936 solitarios
1886 3882 1969 3936 iu-

385 3969 720 4025 sectaretur,
777 3974 874 4014 eos
923 3961 1275 4029 impostores,
1331 3962 1644 4024 mendaces,
1693 3963 1970 4021 Massalia-

384 4068 486 4104 nos
543 4051 654 4122 (75)
685 4060 741 4106 et
766 4050 1274 4124 Omphalopsychos
1307 4055 1439 4125 (74),
1470 4059 1968 4128 germanorumque

384 4141 644 4196 Ecclesiae
673 4141 988 4214 dogmatum
1021 4153 1392 4214 corruptores,
1418 4154 1472 4199 et
1509 4145 1783 4208 similibus
1807 4164 1970 4204 voca-

383 4233 528 4288 bulis
579 4234 894 4305 appellans,
945 4235 1233 4305 palamque
1287 4235 1604 4300 testificans,
1659 4254 1852 4296 omnes
1899 4242 1968 4298 ab

386 4333 582 4373 eorum
618 4317 1035 4376 consuetudine’
1059 4322 1314 4396 refugere
1355 4323 1578 4390 debere,
1617 4328 1708 4396 qui
1742 4329 1968 4386 seduce-

383 4418 509 4464 rent
546 4419 600 4464 et
629 4411 1070 4467 seducerentur:
1108 4429 1248 4481 quos
1283 4407 1587 4484 oportebat
1612 4419 1812 4474 virtute
1848 4437 1971 4490 per-

2068 3231 2213 3288 κατὰ
2274 3228 2474 3300 μικρὸν
2527 3229 2577 3281 οί
2628 3227 3019 3299 ἡσυχάζοντες,
3071 3224 3164 3276 καὶ
3215 3220 3645 3293 προσευχόμενοι

2075 3323 2390 3394 ἀθορύϐως,
2435 3319 2762 3388 ἀγαλλίασίν
2793 3319 2854 3372 τέ
2891 3335 3016 3371 τινα
3047 3316 3142 3371 καὶ
3173 3316 3411 3387 ἄρρητον
3450 3313 3646 3384 ἡδονὴν

2069 3417 2165 3470 καὶ
2193 3416 2349 3470 θείαν
2381 3412 2729 3482 ἐπιδέχονται
2778 3412 2837 3464 ἐν
2882 3396 2952 3480 τῇ
3001 3409 3173 3480 ψυχῇ·
3201 3409 3293 3462 καὶ
3328 3407 3442 3477 φῶς
3472 3404 3644 3476 ὁρῶσι

2067 3510 2182 3571 τοῖς
2215 3507 2550 3576 σωματικοῖς
2581 3504 2887 3574 ὀφθαλμοῖς
2913 3502 3232 3574 ἀστράπτον
3259 3499 3389 3569 περὶ
3427 3496 3642 3559 αὐτούς.

2080 3599 2207 3653 Ἐπὶ
2249 3599 2348 3665 μὲν
2379 3593 2472 3651 οὖν
2531 3600 2645 3658 τοῖς
2699 3597 2904 3658 ἄλλοις,
2943 3595 3150 3661 πολλὴν
3186 3591 3594 3660 κατεγίνωσκεν
3618 3589 3647 3640 ὁ

2069 3691 2335 3761 Βαρλαὰμ
2378 3690 2569 3744 ἄνοιαν
2613 3689 2707 3742 τοῦ
2753 3689 2945 3757 ἀνδρὸς
2992 3687 3090 3740 καὶ
3119 3682 3539 3753 ἀμαθίαν·,φῶς
3589 3681 3646 3733 δὲ

2069 3785 2314 3847 ἀκούσας
2363 3783 2648 3853 δρώμενον
2701 3780 3004 3849 ὀφθαλμοῖς
3054 3777 3427 3846 σωματικοῖς,
3460 3773 3645 3825 οὐκέτι

2069 3877 2193 3930 οὐδὲ
2236 3877 2467 3945 ἠρεμεῖν
2521 3873 2804 3943 ἡνέσχετο,
2855 3871 2992 3924 ἀλλὰ
3051 3869 3238 3938 κοινὴν
3268 3869 3507 3920 ἐποιεῖτο
3539 3863 3646 3917 τῶν

2072 3967 2462 4040 ἡσυχαζόντων
2513 3966 2886 4036 καταδρομὴν,
2939 3963 3266 4024 ἀπατεῶνας
3320 3959 3499 4013 καλῶν
3552 3960 3647 4010 καὶ

2069 4059 2436 4130 ψευδομένους
2468 4061 2566 4112 καὶ
2595 4055 3022 4117 Μασσαλιανούς
3039 4053 3133 4108 καὶ
3167 4052 3644 4123 Ὀμφαλοψύχους,

2073 4151 2171 4205 xei.
2192 4150 2260 4205 τὰ
2284 4150 2420 4220 ὀρθὰ
2443 4149 2544 4220 τῆς
2581 4147 2913 4218 Ἐκκλησίας
2931 4147 3179 4215 δόγματα
3201 4145 3645 4214 διαστρέφοντας,

2073 4243 2172 4298 καὶ
2200 4241 2255 4295 εἴ
2284 4259 2338 4295 τι
2383 4242 2572 4310 ἓτερον
2618 4238 2884 4293 τοιοῦτονο
2940 4240 3039 4291 καλ¹
3085 4234 3480 4305 διεμαρτύρετο
3515 4238 3648 4286 ἀνα.

2072 4333 2269 4404 φανδὸν
2297 4333 2372 4396 ὡς
2419 4333 2500 4385 δεῖ
2542 4331 2719 4385 πάντα
2758 4329 3040 4384 ὁντιναοῦν
3109 4327 3411 4398 ἀπέχεσθαι
3467 4323 3649 4380 αὐτῶν

2075 4425 2410 4478 πλανώντων
2467 4439 2527 4475 τε
2554 4422 2650 4479 καὶ
2701 4422 3097 4490 πλανωμένων,
3149 4418 3242 4483 οὒς
3295 4419 3403 4471 ἔδει
3446 4421 3546 4487 τήν
3589 4433 3648 4468 τε

382 4505 556 4561 feetos
619 4513 675 4559 et
723 4504 986 4560 doctrina:
1049 4506 1332 4576 religionis
1383 4509 1749 4577 peritissimos
1819 4527 1966 4578 esse,

2073 4515 2278 4588 ἀρετὴν
2309 4513 2548 4576 τελείους
2580 4509 2742 4580 εἶναι,
2771 4517 2864 4566 καὶ
2889 4482 3020 4582 περὶ
3043 4482 3113 4565 τόι
3133 4511 3381 4581 δόγματα
3416 4482 3649 4580 μάλιστα

386 4604 578 4665 utpote
607 4597 808 4666 quibus
837 4598 1017 4653 caeteri
1057 4599 1338 4662 mortales,
1382 4611 1607 4669 propter
1645 4616 1766 4654 eam
1800 4618 1964 4671 quam

387 4706 500 4760 prze
526 4706 585 4744 se
617 4690 824 4744 ferrent
846 4690 1131 4760 pietatem,
1165 4690 1378 4744 animas
1414 4706 1541 4745 suas
1571 4692 1961 4750 credidissent.

2072 4605 2360 4676 ἀσφαλεῖς,
2400 4605 2476 4668 ὡς
2505 4603 2613 4658 τῶν
2659 4603 2963 4674 ἀνθρώπων
2996 4603 3096 4667 τὰς
3133 4603 3310 4676 ψυχὰς
3349 4603 3532 4664 αὐτοῖς
3563 4601 3651 4654 διὰ

2071 4699 2170 4769 τὴν
2222 4697 2491 4751 δοκοῦσαν
2534 4695 2826 4752 εὐλάϐειαν
2875 4698 3338 4764 ὲμπιστευόντων.
3365 4695 3552 4750 Ταῦτα
3590 4695 3647 4748 δὲ

1656 4826 1876 4890 Jacobi
1919 4831 2184 4892 Ponteni
2225 4836 2417 4892 notae.

461 4953 575 5022 (Ἱὸ)
617 4949 953 5022 Massaliani,
998 4963 1094 5003 seu
1129 4947 1440 5022 liessaliani
1482 4949 1584 5022 sub
1614 4949 1825 5022 Yalent.
1861 4952 1966 5006 im-

387 5019 735 5094 peratore_et_
761 5021 990 5094 Damaso
1036 5019 1296 5094 pontifice
1329 5020 1466 5094 n_ati_,
1501 5020 1726 5094 circiter
1746 5037 1962 5094 annum

388 5087 602 5149 Domini
640 5091 746 5144 380
791 5104 819 5140 a
850 5088 1184 5156 quibusdam
1236 5087 1368 5142 dicti
1421 5089 1692 5156 Euchitae,
1742 5092 1796 5146 id
1850 5103 1954 5154 est.

389 5172 629 5226 orantes,
654 5176 682 5212 a
733 5157 1454 5229 nonnullishEnthusiastae,
1488 5161 1539 5215 id
1588 5170 1672 5217 est
1696 5203 1710 5229 ,
1741 5163 1967 5216 numine

391 5233 575 5292 aﬂlali,
608 5232 858 5284 daemone
890 5226 1165 5281 videlicet.
1195 5226 1475 5293 Negabant
1501 5226 1711 5286 animos
1735 5233 1911 5287 creari
1938 5248 1967 5286 a

390 5305 525 5358 Deo.
547 5300 764 5355 Nullam
793 5297 1064 5365 baptismo
1098 5300 1356 5352 virtutem
1393 5301 1724 5357 tribuebant.
1756 5303 1967 5357 Eucha-

393 5375 607 5427 ristiam
636 5367 909 5423 docebant
932 5381 1034 5420 nec
1064 5369 1324 5436 prodesse
1352 5371 1584 5436 homini,
1614 5387 1719 5426 nec
1749 5374 1963 5428 obesse.

394 5441 660 5497 Laborem
695 5452 956 5491 manuum
992 5447 1050 5490 ut
1085 5439 1288 5491 malum
1321 5442 1735 5494 aversabantur.
1765 5441 1970 5497 Somno

395 5509 770 5580 indulgebant,
800 5517 855 5561 et
883 5509 1094 5580 somnia
1119 5524 1215 5561 sua
1247 5511 1567 5578 prophetias
1597 5512 1969 5579 appellabant.

393 5583 529 5636 Vide
559 5578 991 5641 Theodoretum,
1028 5578 1126 5632 lib.
1153 5593 1226 5643 ιν,
1262 5593 1384 5647 cap.
1416 5580 1504 5642 11,
1540 5578 1785 5641 Historia:
1813 5582 1974 5635 eccle-

394 5653 663 5716 siastica;
719 5648 1090 5717 Nicephorum
1143 5649 1240 5705 lib.
1299 5665 1360 5712 ll,
1418 5665 1539 5718 cap.
1608 5651 1708 5714 υς
1768 5651 1972 5706 Cedre-

399 5721 649 5844 nllm,5i7ll
676 5718 1071 5786 Constantino;
1109 5719 1610 5788 Augustinum,lib.
1657 5719 1734 5774 Dc
1764 5722 1974 5788 hccres.,

401 5805 521 5844 can.
627 5828 641 5844 .
821 5827 838 5838 ρ

401 5805 521 5862 cap.
553 5792 641 5845 57.

2141 4952 2263 5024 (74)
2295 4953 2586 5009 Existimat
2619 4953 2910 5024 Gretserus
2944 4964 3134 5010 noster
3162 4955 3508 5010 Barlaamum
3543 4971 3646 5010 vo-

2065 5027 2372 5079 casse'hos
2431 5023 2732 5078 monachos
2778 5023 3222 5094 ὀμφαὶοψύχους,
3275 5027 3340 5079 ad
3392 5026 3641 5092 verbum,

2065 5094 2507 5156 umbilicanimos,
2543 5094 2670 5163 quia
2702 5107 2796 5148 eos
2819 5101 2880 5147 ut
2905 5098 3076 5150 ventri
3112 5095 3329 5149 deditos
3363 5103 3551 5150 notare
3582 5113 3646 5153 ac

2065 5166 2440 5236 perstringere
2467 5164 2662 5225 voluit,
2690 5163 2859 5236 quasi
2879 5163 3115 5236 animam
3150 5166 3204 5218 in
3233 5175 3428 5218 ventre
3462 5167 3645 5220 feren-

2068 5233 2174 5295 tes,
2210 5250 2276 5289 co
2302 5233 2488 5300 modo,
2522 5250 2632 5304 quo
2659 5234 2790 5304 olim
2818 5233 3194 5289 Tertullianus
3228 5237 3292 5288 ad
3329 5235 3640 5290 Montanum

2073 5311 2465 5377 transgressus,
2499 5303 2836 5377 orthodoxos
2868 5305 3145 5377 appellare
3177 5305 3390 5359 solebat
3420 5307 3643 5377 psychi~

2076 5390 2191 5446 eos,
2235 5373 2968 5446 animales,_voluptuarios,
3013 5384 3110 5446 etc:
3163 5384 3239 5446 ut_
3267 5373 3643 5446 ὀμφαλόῷυχοι

2073 5444 2183 5498 sint
2217 5443 2559 5512 gastrimargi
2589 5457 2605 5496 :
2638 5457 2756 5504 seu,
2798 5453 2853 5494 ut
2888 5443 3181 5512 Apostolus
3211 5443 3504 5501 Cretenses
3551 5443 3646 5502 vo-

2073 5523 2177 5586 c_at,
2220 5516 2486 5586 γαστέρες
2532 5514 2720 5580 ἀργαὶ,
2756 5525 2960 5586 ventres
2998 5515 3154 5583 pigri.
3200 5515 3264 5568 Et
3296 5517 3643 5586 Nicephorus

2075 5583 2342 5653 Gregoras
2370 5583 2632 5636 Barlaami
2666 5581 2916 5653 partibus
2946 5581 3131 5652 postea
3157 5588 3402 5649 studens,
3435 5581 3488 5640 in
3521 5603 3642 5642 eos-

2075 5652 2200 5706 dem
2232 5653 2551 5717 monachos,
2583 5663 2641 5706 ut
2680 5652 2919 5720 crapula:
2951 5665 3006 5707 et
3053 5653 3368 5710 vinolentia:
3405 5657 3639 5721 deditos,

2077 5723 2274 5846 aceniilie
2315 5723 2560 5778 invectus
2597 5731 2700 5789 est,
2733 5731 2794 5776 ut
2823 5721 2965 5778 libro
2994 5733 3192 5796 quarto
3223 5725 3642 5787 Cantacuzenus

2077 5807 2182 5846 scrt
2229 5802 2285 5846 tt.

2075 5802 2285 5846 scribit.
