4060 6418
479 363 589 426 665

1574 384 1581 391 ’
1659 372 2209 437 HISTORIARUM
2250 378 2481 441 LIBER
2517 381 2599 445 II.

3643 381 3753 446 666

476 453 540 526 «οὗ
569 474 750 543 λόγοις
787 475 948 548 μόνον
1002 477 1308 550 διεθρύλλει
1360 481 1557 545 κοινῶς
1608 486 1751 540 κατὰ
1797 486 1897 557 τῆς
1933 488 2056 556 ἡσυ-

2170 488 2351 559 Atque
2399 492 2517 548 haec
2562 509 2672 548 non
2703 493 2891 549 verbis
2919 501 3130 549 tantum
3174 494 3392 564 publice
3425 501 3616 550 contra
3644 505 3758 549 sta-

477 568 604 639 χίας
661 568 738 631 ὡς
792 570 971 623 αίτίου
1030 571 1132 639 τῆς
1189 572 1404 643 πλάνης
1454 576 1770 648 γινομένης,
1804 579 2064 634 ἀλλὰκαὶ

479 663 882 731 συνεγράφετο,
926 662 1015 715 ἵνα
1054 663 1112 724 ἐς
1156 665 1246 718 ἀεὶ
1297 666 1654 736 ἀνάγραπτος
1685 672 1719 739 ἡ
1750 668 1910 739 ὓόρις
1948 670 2060 741 εἴη,

477 753 668 807 Ταῦτα
694 754 752 806 δὲ
790 754 1095 825 ἐπράττετο
1127 760 1183 809 ὲν
1213 757 1586 831 Θεσσαλονίκῃ
1637 763 1695 815 ἐν
1736 758 1817 827 οἷς
1846 767 2064 835 καιροῖς

476 847 573 897 καὶ
627 848 654 898 ὁ
709 845 973 915 βασιλεὺς
1025 848 1118 900 ἐπὶ
1175 848 1554 921 Ἀκαρνανίαν
1609 855 1904 926 ἀπεδήμει.
1974 857 2063 909 Ἐν

475 937 648 1006 ταύτῃ
679 937 737 989 δὲ
768 938 922 992 ἄλλοι
969 955 1028 992 τε
1063 941 1320 1010 παρῆσαν
1367 944 1741 1012 ἡσυχάζοντες
1774 948 1982 1011 πολλοὶ,
2011 948 2062 1002 οἳ

473 1026 621 1081 δεινά
652 1030 940 1084 ἐποιοῦντο
993 1032 1063 1085 τὰ
1102 1034 1369 1105 Βαρλαὰμ
1417 1037 1913 1111 διαθρυλλούμενα,
1961 1043 2060 1097 καὶ

480 1118 717 1188 μάλιστα
748 1120 1061 1191 Γρηγόριος
1110 1125 1137 1175 ό
1182 1125 1474 1194 Παλαμᾶς,
1503 1127 1562 1189 ὃς
1593 1131 1688 1183 καὶ
1717 1130 1949 1205 ὕστερον
1978 1135 2061 1199 είς

482 1211 774 1279 ἀρχιερέας
829 1211 1049 1265 ἐτέλεσε
1098 1213 1529 1289 Θεσσαλονίκης·
1561 1221 1621 1284 ὃς
1651 1222 1710 1288 ἐξ
1769 1224 1955 1289 Ἀσίας
1984 1225 2061 1281 ὢν

489 1302 545 1353 τὸ
579 1302 752 1367 γένος,
783 1304 879 1357 καὶ
905 1303 1205 1374 βασιλείοις
1228 1308 1420 1372 αὐλαῖς
1442 1311 1912 1384 ἐντεθραμμένος.
1941 1318 2061 1389 ἅμα

489 1390 638 1442 δυσὶν
700 1392 908 1465 ἑτέροις
968 1394 1267 1463 ἀδελφοῖς,
1332 1401 1430 1451 ἐπὶ
1495 1402 1642 1455 πάνυ
1710 1405 1938 1478 παιδικῇ
1988 1411 2058 1479 τῇ

489 1479 696 1556 ἡλικίᾳ,
739 1483 936 1551 κτῆσιν
992 1490 1088 1539 καὶ
1141 1490 1335 1556 γονέας
1370 1493 1464 1546 καὶ
1494 1494 1594 1564 τὴν
1621 1496 1792 1567 ἄλλην
1822 1500 2064 1570 περιφάει

484 1589 630 1623 νειαν
654 1573 748 1627 τοῦ
800 1576 940 1643 βίου,
977 1578 1074 1632 καὶ
1095 1581 1287 1644 τάςνέκ
1323 1584 1592 1655 βασιλέως
1619 1590 1808 1660 τιμὰς,
1843 1593 1920 1656 ὡς
1950 1593 2061 1647 ὀλί-

480 1678 577 1730 γου
623 1664 657 1734 ἢ
706 1666 924 1732 οὐδενὸς
969 1673 1288 1739 ἐκλιπόντες
1344 1677 1499 1745 ἄξια,
1552 1682 1788 1754 ,Χριστῷ
1848 1685 2059 1742 εἵλοντο

2170 591 2282 637 tum
2320 585 2629 642 solitarium
2656 627 2672 652 ,
2720 598 2781 641 ιιι
2830 603 3051 642 causam
3093 588 3299 641 erroris
3337 586 3754 651 disseminabat,

2165 673 2263 728 sed
2297 676 2351 729 in
2383 677 2596 733 litteras
2625 694 2848 749 quoque
2880 678 3183 748 redigebat,
3214 687 3275 732 nt
3301 685 3584 732 ex-tarent
3608 692 3751 730 Sam-

2164 778 2264 832 per
2292 767 2412 835 ejus
2445 770 2819 824 contumeliae.
2853 769 2978 824 Haec
3004 767 3411 823 Thessalonicae
3447 779 3568 820 acta
3596 775 3746 828 sunt,

2164 870 2277 925 quo
2310 865 2565 928 tempore
2602 863 2902 930 imperator
2930 862 2983 916 in
3016 845 3377 916 Acarnaniam
3405 859 3636 913 abierat.
3672 857 3754 911 lbi

2163 960 2289 1002 cum
2342 950 2496 1005 multi
2556 952 2784 1006 solitarii
2842 961 3222 1015 versarentur,
3273 951 3368 1021 qni
3422 951 3659 1021 jactatos
3714 962 3745 1001 a

2162 1034 2449 1093 Barlaamo
2486 1055 2770 1094 sermones
2799 1040 3052 1097 ferebant
3077 1040 3343 1112 graviter,
3369 1050 3483 1092 tum
3521 1053 3748 1106 praescr-

2163 1133 2262 1187 tim
2307 1132 2606 1204 Gregorius
2636 1134 2904 1200 Palamas,
2943 1135 3036 1206 qui
3077 1144 3267 1205 postea
3305 1134 3755 1202 archiepiscopus

2163 1223 2671 1283 Thessalonicensis
2707 1229 3053 1284 renuntiatus
3080 1236 3185 1292 est,
3210 1243 3420 1297 genere
3453 1225 3752 1290 Asiaticus,

2161 1324 2218 1373 et
2245 1317 2303 1372 in
2342 1319 2465 1374 aula
2498 1321 2849 1390 imperatoria
2877 1322 3167 1377 educatus.
3196 1319 3299 1375 Hic
3332 1328 3389 1375 et
3414 1319 3525 1373 dno
3558 1319 3753 1372 fratres

2161 1408 2301 1479 ejus,
2325 1419 2486 1465 aetate
2511 1411 2803 1466 admodum
2827 1412 3026 1482 puerili
3052 1412 3446 1481 possessiones,
3472 1420 3750 1480 parentes.

2159 1512 2218 1558 et
2249 1502 2518 1573 quidquid
2574 1511 2660 1558 est
2707 1504 2764 1558 in
2821 1502 3110 1558 hominum
3145 1503 3257 1558 vita
3304 1503 3664 1572 conspicuum
3697 1509 3756 1556 et

2160 1594 2509 1662 admirabile,
2556 1604 2613 1649 et
2656 1595 2899 1651 honores
2932 1595 3002 1650 ab
3043 1596 3379 1664 imperatore
3428 1594 3750 1663 promissos,

2164 1695 2222 1743 ut
2269 1688 2422 1756 parvi
2464 1695 2574 1742 aut
2610 1686 2821 1742 nullius
2882 1685 3150 1742 momenti
3187 1685 3562 1755 reliquerant,
3594 1682 3756 1739 Chri—

481 1755 631 1851 μνῖνῳ
688 1759 1033 1851 ἀκολουθεῖν,
1092 1764 1190 1818 καὶ
1244 1767 1348 1837 τήν
1414 1770 1630 1847 ἐκεῖθεν
1687 1773 2054 1848 λαμπρότητα

2160 1790 2420 1851 stumque
2447 1781 2626 1836 solum
2650 1781 2832 1851 sequi,
2851 1790 2908 1836 et
2927 1796 3050 1849 quae
3077 1780 3135 1834 in
3156 1779 3316 1837 cadis
3343 1789 3428 1834 est
3448 1778 3755 1833 claritatem

476 1849 781 1940 ἐπιζητεῖν·
832 1854 931 1906 καὶ
969 1845 1278 1928 ίΝαζιραίοι
1327 1859 1407 1931 τῷ
1448 1845 1584 1935 ⁷Θεῷ
1632 1845 2047 1940 γεγεννημένος,

475 1935 575 2004 τὴν
620 1940 899 2010 πτωχείαν
939 1943 1141 2011 μᾶλλον
1187 1947 1396 2002 εἴλοντο
1443 1953 1546 2021 τὴν
1598 1951 1670 2007 δι’
1711 1935 1884 2010 αὐτὸν
1906 1999 1920 2023 ,
1956 1962 2053 2012 καὶ

475 2028 573 2099 τὴν
611 2031 884 2103 ἀκτησίαν
908 2036 1002 2088 καὶ
1025 2036 1136 2107 τῆν’
1158 2038 1428 2096 δουλείαν.
1469 2045 1584 2098 Καὶ
1621 2046 1761 2121 πρὸς
1795 2048 1945 2102 ’Δθω
1973 2048 2054 2121 τῷ

480 2121 612 2192 ἱερῷ
654 2125 942 2195 γενόμενοι
973 2129 1091 2198 ὄρει
1140 2132 1303 2203 (ὅπερ
1323 2135 1427 2189 οὐκ
1465 2138 1532 2191 ἄν
1559 2155 1644 2201 τις
1680 2120 1922 2212 ἁμάρτοι
1953 2120 2053 2196 1:6;-

477 2212 560 2266 λιν
598 2217 917 2284 προσειπὼν
945 2220 1221 2294 οὐράνιον)
1257 2225 1624 2285 ἑκδεδώκασιν
1657 2232 1890 2297 ἑαυτοὺς
1915 2235 2054 2289 ὑπο-

475 2307 617 2373 ταγῇ
667 2306 875 2376 πατρὸς
912 2312 1313 2379 πνευματικοῦ
1345 2309 1407 2368 οὗ
1446 2316 1510 2387 δὴ
1557 2319 1649 2371 τὸν
1679 2325 2054 2393 πνευματικὸν

476 2396 897 2467 ἀγωνιζομένων
925 2399 1168 2469 δίαυλον,
1199 2407 1296 2458 καὶ
1321 2406 1552 2463 Θεόντων
1575 2411 1667 2463 τὸν
1696 2416 1829 2484 περὶ
1848 2414 2051 2487 ψυχῆς,

476 2489 504 2538 ὁ
525 2486 840 2552 τελευταῖος
858 2491 1078 2557 ἐξέλιπε
1106 2495 1216 2548 τῶν
1259 2496 1511 2569 ἀδελφῶν
1542 2503 1761 2573 πρῶτος
1789 2486 2054 2578 χωρήσας

478 2581 614 2649 πρὸς
660 2583 731 2634 τά
792 2581 1025 2651 βρασεία
1053 2587 1148 2657 τῆς
1176 2589 1291 2643 ἄνω
1325 2592 1599 2662 κλήσεωςο
1634 2598 1731 2651 καὶ
1759 2600 1878 2668 μετ’
1906 2602 2056 2655 ἐκεῖ·

478 2689 569 2725 νον
607 2675 636 2726 ὁ
675 2674 1000 2741 διδάσκαλος
1045 2678 1212 2748 όλίγω
1271 2682 1504 2754 ὕστερον
1539 2689 1917 2758 ἀπηλλάττετο
1944 2694 2055 2751 τῶν

474 2762 692 2833 δασμῶν
740 2766 836 2819 τοῦ
872 2767 1110 2837 γεώδους
1144 2775 1338 2828 τούτου
1372 2779 1470 2831 καὶ
1499 2783 1764 2837 ταπεινοῦ
1798 2786 2054 2857 σαρκίον,

475 2856 570 2951 καὶ
609 2858 745 2926 πρὸς
776 2858 836 2913 ὃν
879 2861 1122 2951 ἐπόθησε
1157 2867 1481 2934 μετέϐαινεν
1522 2871 1583 2936 ἐξ
1609 2874 1805 2946 ἀρχῆς.
1847 2856 2060 2951 Γρηγοο

476 2950 582 3018 ρίῳ
631 2950 689 3004 δὲ
738 2953 835 3006 καὶ
882 2950 1180 3025 (ἀδελφῷ
1230 2958 1298 3011 ὲκ
1350 2962 1558 3030 πατρὸς
1608 2968 2058 3038 καταλειφθεῖσιν

472 3041 757 3112 ὀρφανοῖς,
797 3045 898 3097 οὐκ
930 3046 1109 3101 ἐδόκει
1155 3049 1266 3102 δεῖν
1299 3049 1381 3105 ἔτι
1430 3054 1716 3110 πιστεύειν
1746 3061 1814 3131 τῇ
1846 3061 2057 3135 ήλικίᾳο

2155 1884 2411 1943 expetere
2432 1873 2789 1929 instituerant
2816 1889 2831 1927 :
2874 1889 2939 1929 ac
2957 1872 3200 1928 Nazaraei
3225 1872 3448 1958 Christo
3471 1870 3596 1925 facti
3615 1869 3753 1958 (75),

2153 1972 2534 2034 paupertatem
2599 1966 2774 2037 magis
2817 1965 3341 2037 possessionumque
3374 1963 3617 2034 inopiam
3643 2002 3659 2027 ,
3696 1978 3756 2031 eg

2158 2055 2560 2127 subiectionem
2617 2056 2768 2113 illius
2815 2072 2985 2113 causa
3025 2058 3332 2127 elegerant.
3380 2055 3562 2125 Atque
3605 2054 3755 2124 apud

2152 2144 2299 2201 Atho
2319 2155 2570 2203 sanctum
2588 2156 2829 2204 montem
2848 2148 3112 2220 degentes
3137 2148 3323 2218 (quem
3350 2148 3448 2218 qui
3468 2146 3753 2202 caelestem

2155 2238 2434 2294 civitatem
2484 2239 2799 2310 appellarit,
2831 2254 2943 2295 non
2987 2238 3301 2311 erraverit)
3337 2238 3518 2294 Patris
3547 2237 3751 2292 ibidem

2155 2328 2463 2398 spiritualis
2489 2329 2743 2395 arbitrio,
2765 2343 2864 2385 seu
2889 2327 3219 2384 obedientiae
3247 2342 3305 2383 se
3335 2334 3750 2384 consecrarunt.

2158 2423 2259 2479 Ubi
2300 2423 2565 2478 nimirum
2596 2423 2652 2478 in
2699 2422 2934 2493 spiritali
2964 2422 3115 2478 circo
3152 2421 3259 2476 illis
3287 2419 3652 2482 certantibus,
3692 2424 3751 2471 et
3843 2461 3849 2467 .

2158 2530 2385 2571 cursum
2438 2530 2541 2585 pro
2591 2516 2790 2570 animae
2843 2516 3020 2571 salute
3071 2512 3447 2575 currentibus,
3488 2510 3752 2565 minimus

2156 2617 2292 2663 natu
2328 2606 2538 2676 primus
2589 2607 2854 2672 decessit,
2889 2606 2957 2661 ad
2991 2605 3244 2661 bravium
3294 2618 3546 2674 supernae
3588 2616 3753 2656 voca-

2161 2699 2325 2755 tionis
2354 2698 2658 2769 profectus.
2687 2698 2807 2754 Non
2839 2698 2932 2753 diu
2968 2705 3094 2768 post
3141 2697 3296 2752 illum
3340 2694 3602 2766 magister
3633 2693 3754 2748 vin-

2158 2791 2298 2847 culis
2319 2799 2553 2847 terrenae
2576 2791 2743 2861 hujus
2784 2799 2843 2845 et
2861 2789 3094 2860 abjectac
3115 2787 3425 2844 carunculae
3443 2786 3749 2848 exsolutus,
3788 2856 3796 2865 ο

2157 2883 2227 2938 ad
2262 2898 2390 2938 eum
2419 2897 2582 2954 quem
2624 2882 2695 2937 ab
2722 2881 2882 2938 initio
2916 2880 3295 2950 concupierat,
3320 2878 3580 2933 evolavit.
3615 2876 3752 2931 Gre-

2156 2977 2315 3045 gorio
2360 2984 2545 3030 autem
2583 2982 2639 3029 et
2668 2972 2846 3038 fratri,
2877 2972 3036 3042 quasi
3069 2971 3337 3039 orphanis
3369 2986 3398 3024 a
3431 2977 3587 3038 patre
3617 2967 3750 3021 reli-

2158 3064 2285 3131 ctis,
2330 3065 2510 3120 visum
2551 3075 2654 3130 est,
2690 3079 2802 3119 non
2832 3072 3096 3133 oportere
3140 3062 3250 3133 jam
3301 3062 3451 3114 aetati
3489 3057 3748 3121 credere;

472 3135 593 3230 ἀλλ’
617 3136 801 3230 ἑτέρω
841 3139 1102 3230 φέροντες
1151 3142 1431 3230 ὑπέταξαν
1461 3149 1633 3219 πατρὶ
1665 3156 2046 3227 πνευματικῷ-

2160 3171 2328 3230 quare
2356 3156 2515 3212 alteri
2550 3157 2694 3227 patri
2740 3153 3013 3226 spirituali
3063 3167 3124 3209 se
3177 3150 3445 3217 subdunt,
3502 3149 3607 3205 sub
3637 3163 3751 3218 quo

478 3224 568 3293 ὑφ’
608 3218 651 3292 ᾧ
685 3227 825 3295 ὑπὲρ
878 3228 1023 3281 ὀκτὼ
1086 3229 1409 3296 τελέσαντες
1465 3218 1587 3305 ἐτη,
1641 3222 1773 3291 east
1804 3218 2054 3309 κάκείνδς

475 3318 586 3371 τῶν
618 3317 749 3389 τῇδε
803 3321 1228 3390 ἀπηλλάττετο,
1277 3327 1417 3394 πρὸς
1471 3329 1537 3398 τῇ
1586 3329 1730 3382 κατᾶ
1787 3332 2056 3405 Βέῤῥοιαν

474 3410 661 3482 Σκήτῃ
711 3415 1131 3484 φροντιστήριον
1187 3416 1562 3490 οἰκοδομήσας
1617 3423 1646 3474 ὁ
1692 3423 2006 3498 Γρηγόριος
2035 3472 2051 3495 ,

479 3505 575 3557 καὶ
633 3505 1005 3568 κατακλείσας
1061 3508 1258 3562 ἑαυτὸν
1285 3548 1300 3574 ,
1358 3513 1544 3568 πᾶσάν
1597 3532 1658 3568 τε
1713 3519 2056 3589 ἀποθέμενος

352 3592 371 3611 ⁵
476 3597 740 3668 φροντίδα
780 3600 1014 3668 γηϊνην,
1066 3600 1249 3672 ἑαυτῴ
1297 3602 1354 3655 δὲ
1391 3604 1543 3677 μόνῳ
1575 3609 1671 3660 καὶ
1718 3609 1842 3683 Θεῷ
1880 3630 2056 3686 προσ.

480 3690 811 3760 αδολεσχῶν,
851 3691 986 3745 δέκα
1021 3692 1328 3750 διετέλεσεν
1351 3695 1470 3768 ἔτη,
1507 3698 1681 3757 πολλὰ
1739 3704 1840 3774 τὴν
1875 3707 2057 3779 σάρκα

478 3781 907 3851 παιδαγωγὴσας
961 3783 1057 3837 καὶ
1098 3784 1375 3851 ὑποτάξας
1410 3787 1489 3859 τῷ
1553 3790 1854 3862 πνεύματι·
1886 3796 1962 3861 ὡς
1989 3799 2057 3853 ἐκ

474 3874 575 3942 τῆς
609 3873 1021 3946 συντονωτδπης
1075 3876 1171 3930 καὶ
1221 3877 1364 3945 ἄγαν
1416 3879 1707 3935 ἀνενδότου
1736 3886 2053 3956 ἀσκήσεως,

478 3966 702 4020 καὶτοῦ
735 3967 1005 4039 σπηλαίου
1065 3970 1169 4038 τῆς
1221 3971 1359 4042 πρὸς
1412 3971 1588 4043 ψύχος
1646 3975 2055 4051 ἀσυμμετρίας,

478 4065 619 4133 νόσῳ
655 4062 803 4133 δεινῇ
839 4063 1213 4134 περιπεσόντα
1239 4104 1254 4128 ,
1307 4067 1369 4120 οὐ
1409 4068 1631 4136 μακρὰν
1667 4071 1926 4139 γενέσθαι
1960 4075 2057 4129 τοῦ

474 4156 791 4210 ἀποθανεῖν’
820 4150 882 4211 οὗ
909 4159 1048 4228 μετὰ
1085 4159 1154 4211 τά
1187 4158 1325 4212 δέκα
1360 4158 1456 4230 ἔτη
1491 4162 1742 4226 ἀποστὰς
1765 4164 1876 4219 τῶν
1908 4169 2058 4223 ὲκεῖ-

476 4264 537 4304 σε
570 4251 926 4321 διακριτικῶν
961 4252 1220 4324 Πατέρων
1252 4251 1654 4320 κελευσάντων,
1688 4252 1773 4320 οἷς
1806 4258 1906 4312 οὐκ
1931 4262 2062 4333 ἐξῆν

2154 3260 2280 3308 octo
2311 3252 2471 3306 annis
2497 3249 2807 3315 transactis,
2830 3258 3122 3319 postquam
3146 3254 3205 3302 et
3237 3245 3326 3301 ille
3355 3245 3426 3299 ab
3456 3244 3542 3298 bis
3571 3241 3745 3296 rebus

2154 3345 2401 3401 moriens
2445 3343 2698 3411 recessit,
2747 3342 2893 3414 apud
2924 3342 3123 3397 Sceten
3169 3324 3444 3394 Berl-licem
3476 3335 3751 3391 aedificato

2149 3436 2313 3508 331
2371 3435 2711 3492 monasterio
2758 3449 2819 3490 se
2857 3433 3162 3506 Gregorius
3205 3430 3462 3495 includit,
3490 3428 3751 3497 omnique

2150 3526 2452 3584 labentium
2504 3542 2570 3583 ac
2620 3526 2974 3597 pereuntium
3043 3539 3177 3581 cura
3244 3521 3512 3591 deposita,
3561 3532 3751 3574 secum

2154 3617 2273 3672 solo
2323 3627 2378 3671 et
2408 3631 2534 3672 cum
2559 3616 2674 3672 Deo
2715 3616 3058 3686 colloquens,
3095 3612 3426 3669 decennium
3455 3610 3528 3665 ibi
3563 3609 3753 3679 tradu-

2156 3708 2253 3771 cit,
2274 3706 2504 3762 studens
2535 3707 2893 3763 vehementer
2921 3705 3174 3774 frangere
3199 3703 3569 3774 appetitiones
3594 3714 3749 3761 suas,

2157 3808 2216 3855 et
2244 3799 2468 3869 spiritui
2517 3814 2614 3859 eas
2660 3798 2959 3869 subjicere,
2999 3797 3138 3853 adeo
3169 3805 3230 3851 ut
3257 3811 3326 3850 ex
3373 3792 3750 3848 assiduissima

2157 3891 2574 3963 asperrimaque
2631 3891 2858 3960 pietatis
2924 3889 3384 3944 exercitationum
3432 3884 3752 3954 usurpatio-

2156 3999 2229 4039 ne
2261 3982 2397 4054 (76),
2427 3991 2483 4038 et
2508 3983 2788 4052 speluncae
2814 3982 3039 4053 frigore,
3078 3982 3131 4036 in
3172 3981 3451 4036 dillicilem
3494 3977 3751 4032 morbum

2159 4075 2443 4145 delapsus,
2474 4090 2585 4129 non
2618 4074 2811 4145 procul
2838 4075 2907 4130 ab
2938 4075 3165 4130 interitu
3191 4074 3431 4128 abesset.
3463 4072 3596 4126 inde
3621 4085 3748 4124 cum

2163 4180 2286 4241 post
2332 4183 2537 4223 annum
2591 4167 2895 4235 decimum,
2951 4170 3287 4223 auctoritate
3350 4167 3578 4220 Patrum
3635 4165 3750 4219 illic

2164 4264 2532 4319 discretorum
2573 4260 2854 4331 (quorum
2907 4259 3133 4332 Optimis
3184 4259 3434 4315 consiliis
3487 4257 3751 4328 refragari

1757 4380 1976 4445 Jacobi
2017 4386 2286 4451 Pontani
2318 4395 2509 4448 notua.

545 4489 656 4560 (75)
696 4489 1078 4572 Monasticum“
1132 4491 1384 4572 habitum
1443 4508 1610 4566 supra
1661 4496 2048 4572 indumentum
2082 4498 2129 4557 ι)
2158 4512 2351 4558 rantur
2386 4500 2938 4572 sanctificanturque.

473 4560 854 4615 Nazaraiornm
902 4561 1218 4631 appellavit,
1258 4575 1313 4617 et
1351 4560 1842 4623 nunc‘monachos
1881 4570 2055 4627 Naza-

477 4647 615 4686 raeos
641 4632 909 4694 nominat,
940 4640 1166 4700 propter
1192 4634 1612 4690 similitudinem
1641 4639 1766 4692 vitae
1805 4654 2055 4696 morum-

474 4717 600 4771 que.
650 4702 761 4757 Lex
822 4710 1005 4772 autem
1068 4700 1451 4759 Nazareorum
1504 4707 1621 4764 haec
1665 4709 2055 4772 est,Numero-

474 4789 593 4825 rum
621 4788 823 4852 capdv
862 4770 1007 4852 :AVt'r
1042 4772 1148 4825 sive
1200 4774 1409 4852 mulier.
1439 4794 1558 4852 cum
1597 4770 1820 4852 fecerint
1850 4790 2052 4852 votum,

471 4852 528 4895 ut
566 4838 987 4921 sanctiﬁcantur,
1018 4852 1147 4921 et_s_e
1174 4845 1435 4921 uoluerint
1464 4838 1693 4902 Domino
1718 4838 2054 4921 consecrare;

474 4931 504 4965 a
538 4913 679 4976 vino,
703 4923 749 4964 et
771 4912 915 4983 omini
942 4913 1081 4979 quod
1104 4914 1370 4969 inebriare
1393 4925 1580 4983 potest,
1607 4935 1661 4972 se
1688 4912 2055 4979 abstinebant.

473 4984 689 5062 Acetum
717 4997 781 5036 ea:
814 4982 933 5034 uino
960 4988 1009 5034 et
1038 4983 1261 5062 extalia
1304 4982 1538 5062 quatioet
1572 4992 1802 5056 potione,
1820 5000 1879 5062 ει
1907 4994 2059 5062 quid-

474 5053 605 5122 quid
637 5053 702 5106 de
739 5068 851 5107 uua
897 5053 1234 5121 exprimitur,
1272 5049 1376 5107 non
1419 5049 1629 5123 bibent,-
1665 5049 1798 5113 uvas
1820 5049 2057 5118 iacentes

474 5126 743 5198 siccasque
770 5139 874 5176 non
895 5123 1388 5198 comedentcuuctis
1414 5125 1615 5192 diebus,
1639 5131 1826 5198 quibus
1852 5148 1915 5185 ea:
1942 5143 2057 5188 volo

479 5194 700 5271 Domino
719 5200 1119 5247 consecrantur.
1134 5192 1409 5271 Quidquid
1432 5211 1499 5248 ea:
1521 5192 1672 5252 uinea
1701 5215 1812 5271 esse
1866 5211 2054 5271 potest,

410 5292 419 5299 ε
476 5264 539 5316 ab
566 5280 667 5318 uva
698 5280 857 5332 passa
884 5279 1050 5334 usque
1075 5264 1144 5317 ad
1169 5265 1400 5330 acinum,
1437 5282 1541 5322 non
1577 5264 1875 5325 comedent:
1901 5264 2056 5327 Omni

476 5342 706 5403 tempore
734 5335 1092 5406 separationis
1116 5349 1226 5389 sua:
1256 5335 1512 5390 novacula
1543 5354 1647 5392 non
1690 5342 1934 5394 transibit
1965 5360 2059 5406 per

473 5415 632 5478 caput
669 5408 805 5476 ejus.
837 5421 1000 5478 usque
1041 5406 1111 5458 ad
1152 5407 1469 5478 completum
1513 5407 1651 5461 diem
1698 5426 1801 5478 quo
1833 5411 2057 5467 Domino

477 5474 834 5530 consecratur.
872 5474 1101 5530 Sanctus
1141 5477 1241 5529 erit
1290 5485 1554 5530 crescente
1598 5474 1815 5533 cwsarie
1858 5484 2053 5544 capitis

478 5545 616 5620 ejus,
648 5558 753 5599 exc.
792 5546 1028 5600 Nazartei
1058 5546 1282 5620 fuerunt
1311 5546 1564 5620 Samson,
1588 5550 1943 5620 ut_scriptum
1974 5564 2057 5609 est

515 5617 725 5669 udicum
759 5632 881 5685 cap.
916 5633 1031 5679 xm,
1062 5628 1118 5669 et
1150 5616 1467 5672 Rechabita:
1509 5618 1601 5672 lilii
1652 5616 1922 5683 Jonadab,
1957 5640 2057 5677 ne-

476 5693 634 5765 potes
683 5685 924 5765 Rechab,
953 5685 1201 5765 Ieremia:
1243 5702 1366 5765 cap.
1412 5704 1525 5742 Lm.
1562 5687 1707 5765 Bene
1739 5700 1919 5745 autem
1954 5694 2057 5765 hoc

478 5753 589 5826 illis
636 5771 836 5811 nomen
874 5757 1213 5826 imponitur;
1243 5753 1531 5815 Nauticus
1577 5759 1724 5814 enim
1761 5770 1921 5816 sonat
1955 5762 2056 5820 lia-

483 5825 598 5881 tine
620 5837 925 5898 separatur,
955 5825 1350 5897 sancti/icurae,-
1375 5837 1432 5884 et
1468 5830 1605 5888 tales
1634 5830 1871 5889 Domino
1893 5848 2055 5908 sepa-

2229 4574 2343 4645 (76)
2405 4572 2565 4643 Apud
2631 4568 2841 4645 sacros'
2880 4579 3136 4645 auctores
3190 4571 3398 4645 deusta
3436 4576 3548 4645 est_
3581 4568 3754 4623 vitam

2159 4640 2403 4699 sanctam
2456 4640 2525 4699 ac
2582 4643 2894 4714 religiosam
2965 4640 3436 4714 profiteri.'Unde
3485 4641 3756 4714 _&§X'qotc

2158 4715 2246 4768 vel
2271 4714 2569 4785 ἀσκητικὸς
2602 4711 2753 4785 βίοξ,
2794 4729 2897 4785 pro
2938 4711 3032 4785 pio
3078 4729 3143 4769 ac
3187 4713 3281 4769 Dei
3325 4712 3497 4768 cultui
3538 4711 3754 4785 dicato,

2159 4793 2325 4854 atque
2353 4782 2675 4839 consecrato
2708 4782 2834 4839 vitae
2873 4782 3074 4851 genere
3103 4791 3403 4852 usurpatur
3430 4801 3444 4836 :
3477 4791 3533 4837 et
3566 4782 3755 4854 ἀσκη-

2157 4851 2256 4923 τὴς
2304 4854 2568 4925 appellari
2634 4854 2797 4915 solet,
2841 4856 2935 4924 qui
2997 4851 3518 4924 pictatis’colenda:
3566 4851 3760 4925 studio

2158 4922 2220 4979 se
2278 4922 2454 4979 totum
2503 4922 2873 4994 mancipaviti
2915 4922 3012 4980 At_
3048 4941 3367 4995 quanquam
3424 4922 3753 4995 bujusmodi

2158 5011 2263 5048 vox
2324 4996 2653 5065 plerumque
2692 4992 2781 5049 'iis
2830 4992 3099 5051 duntaxat
3156 4992 3455 5058 tribuatur,
3501 4992 3621 5064 'qni
3683 4992 3755 5065 ad

2164 5062 2528 5137 nionasticam
2553 5062 2719 5119 vitam
2737 5080 2801 5137 Asc
2828 5066 3181 5121 contulerunt
3212 5065 3392 5137 (unde
3413 5062 3754 5137 etiamapud

2158 5135 2423 5189 Basilium
2478 5137 2681 5205 regula:
2735 5135 2859 5197 illae.
2907 5150 3046 5205 quas
3103 5133 3393 5191 monachis
3446 5133 3755 5197 sanciebat,

2159 5208 2234 5257 τὰ
2262 5205 3004 5273 daxnrtxainscribuntur),
3029 5215 3241 5261 certum
3276 5216 3362 5261 est
3390 5216 3595 5269 tamen,
3631 5219 3752 5259 eam

2158 5275 2175 5328 l
2200 5275 2326 5349 .tius
2356 5286 2569 5349 patere.
2599 5287 2768 5349 atque
2801 5277 2869 5331 ad
2899 5288 2995 5349 eos
3026 5292 3222 5333 omnes
3248 5277 3414 5332 etiam
3448 5277 3748 5349 pertinere.

2159 5345 2274 5413 qui,
2314 5345 2528 5417 tametsi
2566 5345 2746 5415 palam
2792 5361 2857 5403 ac
2890 5347 3110 5417 publice
3145 5357 3414 5416 concepto
3453 5345 3589 5400 voto
3631 5345 3753 5398 mo-

2161 5415 2389 5469 nasticis
2426 5414 2641 5484 legibus
2693 5431 2815 5472 sese
2854 5414 3079 5472 minime
3113 5414 3530 5479 obstrinxerim,
3567 5425 3750 5469 tamen

2161 5484 2217 5538 in
2248 5485 2455 5557 mundo
2488 5486 2561 5540 ita
2590 5486 2808 5551 vivunt,
2843 5498 3007 5557 atque
3032 5489 3078 5543 si
3102 5489 3156 5541 in
3193 5489 3588 5542 monasterium
3618 5499 3754 5540 con-

2161 5555 2481 5627 cessissent,
2534 5566 2699 5626 atque
2754 5555 2984 5627 abiectis
3028 5560 3287 5614 omnibus
3342 5557 3747 5626 voluptatibus,

2161 5641 2225 5679 ac
2258 5626 2382 5697 vita:
2413 5628 2644 5697 hujusce
2675 5634 2844 5693 curis,
2883 5638 3027 5683 totos
3054 5644 3113 5682 se
3167 5628 3237 5681 ad
3269 5629 3490 5697 pietatis
3538 5628 3751 5697 cultum

2158 5706 2215 5750 et
2244 5696 2557 5751 divinarum
2597 5714 2781 5753 rerum
2829 5699 3241 5754 meditationem
3270 5696 3605 5754 conferunt.
3634 5696 3747 5753 Bil~

2158 5766 2287 5836 lius,
2317 5767 2595 5825 Observat.
2630 5786 2839 5825 sacrar.
2871 5769 2969 5824 lib.
2999 5784 3039 5834 ι,
3072 5782 3198 5841 cap.
3225 5767 3318 5832 40.
