4060 6416
295 351 399 413 ΕῈΊ

1456 360 1782 423 JOANNIS
1825 357 2358 421 CANTACUZENI
2467 367 2493 387 ⁸

3459 364 3570 426 663

299 472 453 525 nefas
500 473 659 541 erat)
708 472 1080 541 discessisset,
1118 492 1355 549 primum
1410 478 1636 547 quidem
1685 478 1783 532 diu
1835 478 1887 531 in

1994 478 2065 531 τά
2123 477 2321 546 βελτίω
2364 474 2799 546 συμϐουλεύουσι
2846 476 2922 545 μὴ
2979 475 3313 540 πείθεσθαι,
3378 480 3574 549 πρῶτα

296 563 646 616 monasteriis
676 565 819 633 apud
847 567 992 621 Atho
1024 580 1264 624 montem
1288 570 1426 625 vixit
1450 610 1467 636 ,
1495 570 1695 624 deinde
1724 584 1886 625 cura-

296 652 447 707 tione
467 654 643 708 morbi
671 668 920 727 urgente,
941 660 1388 716 Thessalonicam
1411 662 1583 717 venit.
1604 662 1707 717 Hic
1751 678 1885 731 ergo

294 742 501 808 aliique
549 747 805 800 monachi
856 748 1139 803 Barlaamo
1185 766 1356 805 sacrae
1391 751 1593 820 quietis
1633 750 1885 807 instituto

299 832 608 899 insultanti,
639 839 935 908 multisque
955 842 1222 898 conviciis
1261 843 1398 897 illud
1425 844 1730 899 cumulanti
1764 860 1888 899 suc-

298 934 610 991 censeutes,
653 929 989 997 quibusdam
1020 935 1219 989 amicis
1261 936 1329 989 ad
1365 935 1518 991 illum
1548 953 1659 1007 pro
1690 939 1885 1006 legatis

301 1017 407 1081 rsi,
436 1019 719 1086 rogabant,
756 1031 815 1075 ut
850 1024 977 1077 talia
1010 1034 1067 1079 et
1095 1027 1324 1094 sentire,
1356 1037 1414 1083 et
1440 1029 1589 1107 loqui
1621 1030 1887 1084 adversus

299 1110 646 1176 quiescentes
668 1113 810 1182 (sive
836 1115 1141 1187 solitarios)
1166 1118 1469 1184 desineret,
1496 1130 1551 1174 et
1576 1135 1645 1175 ne
1662 1131 1889 1191 propter

300 1201 463 1253 unius
512 1202 844 1270 imperitiam
897 1223 1091 1263 omnes
1140 1211 1456 1273 damnaret,
1504 1212 1763 1281 quodque
1817 1212 1884 1266 ad

298 1289 476 1359 ipsum
500 1294 782 1361 attineret,
809 1312 1070 1367 supremo
1109 1316 1174 1355 ac
1200 1302 1603 1371 perfecuis~imo
1641 1304 1763 1357 vitae
1794 1318 1889 1373 ge.-

297 1397 431 1435 nere
468 1384 722 1441 homines
761 1389 1035 1456 privatum
1066 1392 1191 1453 iret.
1222 1394 1354 1446 dum
1397 1410 1520 1463 qua:
1551 1410 1657 1447 non
1702 1403 1887 1449 essent
1924 1450 1935 1463 ,

297 1474 653 1540 mentiretur,
703 1488 759 1532 ct
790 1482 1081 1536 calumniis
1146 1496 1205 1538 ut
1235 1486 1422 1540 nescio
1453 1502 1685 1554 quorum
1721 1487 1890 1541 malo-

299 1582 420 1619 rum
453 1569 721 1639 originem
755 1587 1119 1645 oppugnaret,
1165 1579 1673 1647 abstinendumque
1719 1581 1787 1634 ab
1821 1597 1888 1635 co

300 1662 631 1727 persuadere
668 1676 986 1722 conaretur.
1033 1668 1140 1723 Sed
1179 1672 1222 1724 si
1273 1672 1406 1740 quid
1448 1674 1693 1728 audisset
1728 1674 1886 1728 iude-

299 1753 539 1813 cenlius,
594 1756 826 1811 in~citize
868 1759 1105 1814 dicentis
1149 1764 1497 1817 ascriberet:
1546 1765 1717 1833 ipsam
1763 1765 1889 1818 vitae

1990 571 2094 639 μὲν
2142 571 2228 638 ἐφ’
2280 568 2469 623 ἱκανὸν
2520 571 2579 621 ὲν
2630 570 2746 631 τοῖς
2790 570 2935 623 κατά
2966 571 3059 621 τὸν
3125 570 3278 624 ΙΙἈθω
3328 570 3575 645 διέτριψε

1989 660 2463 733 φροντιστηρίοις.
2506 661 2742 714 Ἔπειτα
2795 661 2895 730 τῆς
2935 664 3065 730 περὶ
3097 662 3159 716 τὸ
3218 663 3385 733 σῶμα
3419 682 3576 718 νοσο-

1988 755 2191 824 κομίας
2222 753 2579 823 ἐπειγούσης,
2621 750 2789 824 ἦλθεν
2821 757 2902 815 είς
2935 754 3367 825 Θεσσαλονίκην.
3404 750 3574 822 Οὗτος

1987 847 2052 918 δὴ
2087 848 2202 918 ἅμα
2233 851 2344 911 τοῖς
2389 847 2573 911 ἄλλοις
2591 848 2653 900 ού
2687 850 2930 918 μετρίως
2945 848 3394 919 δυσχεράναντες
3429 850 3574 905 κατὰ

1988 939 2257 1010 Βαρλαάμ
2300 940 2369 992 τά
2421 939 2524 1009 τῆς
2559 941 2715 1009 ἱερᾶς
2744 939 2977 1009 ἡσυχίας
3013 938 3434 1011 ἐξορχουμένου,
3476 942 3574 995 καὶ

1989 1030 2198 1092 πολλὰς
2239 1030 2413 1099 αὐτῆς
2447 1030 2813 1099 καταχέοντος
2840 1032 2941 1092 τάς
2986 1030 3285 1100 λοιδορίας,
3315 1035 3430 1085 τισὶ
3461 1033 3573 1086 τῶν

1990 1124 2160 1193 φίλων
2183 1124 2322 1195 πρὸς
2357 1124 2523 1177 αὑτὸν
2555 1123 2899 1194 χρησάμενοι
2935 1125 3333 1193 πρεσϐευταῖς,
3359 1127 3575 1179 ἐδέοντο

1990 1216 2260 1270 παύεσθαι
2290 1215 2385 1269 τοῦ
2407 1215 2635 1269 τοιαῦτα
2670 1216 2766 1269 καὶ
2801 1217 3053 1284 φρονεῖν,
3088 1216 3186 1268 καὶ
3216 1216 3401 1284 λέγειν
3427 1219 3571 1271 κατά

1988 1302 2097 1354 τῶν
2127 1300 2538 1371 ἡσυχαζόντωνο
2568 1300 2666 1354 καὶ
2700 1299 2774 1371 μὴ
2810 1301 2899 1354 διὰ
2923 1300 3022 1370 τὴν
3060 1302 3321 1371 ἀπειρίαν
3360 1302 3480 1365 ἑνὸς
3506 1304 3571 1355 τά

1992 1395 2079 1446 In
2123 1396 2344 1447 πάντων
2385 1391 2911 1463 καταψηφίζεσθαι,
2962 1392 3057 1444 καὶ
3100 1393 3165 1445 τό
3196 1392 3375 1458 γεέίς
3403 1394 3570 1447 αὑτὸν

1988 1480 2145 1555 ἧκον,
2180 1484 2273 1538 τοῦ
2320 1485 2632 1554 ἀκροτάτου
2667 1484 2784 1554 βίου
2817 1485 2933 1547 καὶ,
2963 1485 3063 1552 τῆς
3095 1483 3440 1552 τελεωτάτης
3468 1501 3570 1536 πο-

1990 1576 2200 1638 λιτείας
2251 1578 2374 1639 τοὺς
2430 1574 2757 1646 ἀνθρώπους
2813 1577 3144 1644 ἀποστερεῖν
3190 1573 3259 1627 τά
3307 1576 3407 1627 οὑκ
3438 1576 3569 1627 ὄντα

1993 1667 2498 1736 καταιζοευδῦμενον,
2534 1669 2631 1720 καὶ
2677 1666 2753 1729 ὡς
2785 1667 2974 1720 κακῶν
3004 1667 3184 1720 αἰτίαν
3213 1666 3568 1719 διαϐάλλοντα

1997 1763 2089 1813 καὶ
2117 1761 2374 1814 πείθοντα
2404 1760 2704 1830 ἀπέχεσθαι
2738 1761 2935 1830 αὐτῆς.
2977 1761 3119 1814 Ἀλλ’
3143 1764 3191 1814 εί
3240 1761 3337 1829 μέν
3380 1779 3432 1814 τι
3466 1762 3567 1814 καὶ

301 1844 571 1897 rationem
614 1859 855 1901 sanctam
924 1860 976 1903 et
1004 1852 1246 1906 divinam
1286 1854 1535 1920 duceret,
1570 1866 1626 1910 et
1655 1855 1705 1909 ei
1732 1854 1887 1909 obla-

1997 1854 2148 1922 παρὰ
2173 1853 2233 1906 τὸ
2272 1853 2555 1922 προσῆκον
2593 1853 2863 1923 ήκουσται
2903 1851 3081 1922 αὐτῷ,
3110 1856 3175 1922 τῇ
3208 1853 3434 1923 ἀπειρίᾳ
3466 1850 3564 1904 τοῦ

303 1944 448 1988 trare
491 1938 806 1993 desisteret.
839 1940 893 1995 Si
954 1944 1087 2011 quid
1134 1946 1302 2014 etiam
1335 1947 1601 2000 adversus
1637 1948 1883 2001 eamdem

300 2026 498 2080 ali‘ectu
527 2046 637 2084 non
660 2035 801 2086 hono
829 2049 856 2085 a
894 2043 1044 2087 recto
1076 2036 1326 2092 detortus
1356 2039 1798 2107 conscripsisset,
1827 2048 1886 2092 ut

298 2120 611 2189 perditione
638 2123 887 2191 dignum,
918 2126 1153 2182 llanimis
1178 2128 1443 2183 aboleret.
1462 2129 1575 2184 Nec
1592 2131 1740 2184 enim
1762 2144 1887 2185 esse

301 2214 401 2269 fas,
432 2228 531 2267 nec
553 2216 854 2267 secundum
882 2218 1172 2284 rationem,
1195 2224 1505 2291 quempiam
1528 2223 1883 2292 geometrica,

301 2304 689 2368 astronomica,
723 2316 778 2358 et
804 2323 1159 2363 numerorum
1188 2312 1580 2381 proportiones
1605 2313 1881 2367 volentem

301 2393 616 2461 percipere,
673 2397 877 2451 nedum
943 2399 1010 2453 ad
1094 2402 1541 2458 indoctissimum
1582 2445 1596 2469 ,
1651 2406 1745 2459 sed
1816 2405 1883 2458 ad

302 2486 682 2540 doctissimum
708 2495 1001 2552 vent'tare.
1038 2493 1090 2546 in
1128 2510 1255 2549 vera
1291 2506 1474 2550 autem
1538 2498 1885 2566 philosoiihia

300 2582 360 2628 et
404 2572 717 2646 cognitione
768 2597 952 2635 rerum
995 2585 1297 2640 rmlestium
1365 2589 1655 2657 profanum
1685 2607 1749 2646 ac
1774 2607 1883 2645 non

306 2666 581 2721 initiatum
636 2672 953 2740 inagiStruiii
1006 2676 1294 2745 adhibere.
1365 2679 1690 2750 Oportuisse
1733 2684 1882 2738 enim

304 2758 461 2837 illum
513 2770 572 2815 ut
609 2763 1022 2834 philosophum,
1060 2778 1111 2822 el
1139 2771 1502 2841 intelligentia
1540 2786 1883 2842 praestantem

305 2852 516 2917 multis,
552 2854 829 2925 siquidem
883 2859 1007 2912 talia
1042 2862 1255 2917 discere
1284 2865 1563 2933 cupiebat,
1603 2877 1697 2921 aut
1732 2868 1885 2937 prius

304 2950 567 3014 quaesisse
615 2968 643 3005 a
682 2953 791 3008 Deo
843 2956 1154 3027 hujnsuiodi
1200 2961 1372 3030 gratia
1420 2962 1702 3030 dignatum
1736 2965 1884 3033 (non

302 3043 449 3097 enim
483 3045 720 3101 humano
752 3050 1031 3105 intellectu
1089 3054 1341 3109 studiove
1365 3055 1464 3108 ista
1493 3058 1881 3131 acquiruntur)

1989 1948 2242 2010 εἰπόντος
2283 1945 2767 2016 προσλογίζεσθαι’
2807 1946 2983 2015 αὐτὴν
3028 1946 3086 1998 δὲ
3131 1945 3386 2015 ἡγεῖσθαι
3420 1946 3566 1997 θεῖόν

1988 2055 2040 2090 τι
2064 2039 2255 2108 χρῆμα
2280 2039 2377 2091 καλ⁵
2410 2038 2581 2103 ἱερὸν.
2611 2040 2708 2093 καὶ
2736 2038 2832 2093 τοῦ
2862 2056 2921 2092 τε
2953 2038 3076 2092 κατ’
3103 2038 3273 2107 αὐτῆς
3293 2036 3568 2091 παύεσθαι

1988 2130 2193 2196 λέγειν.
2244 2130 2405 2184 Ἀλλά
2457 2131 2552 2184 καὶ
2582 2129 2635 2182 εί
2696 2147 2753 2182 τι
2801 2130 3208 2201 συναρπασθεὶς
3258 2129 3570 2200 συνέγραψε

1988 2224 2110 2276 κατ’
2158 2224 2353 2292 αὐτῆς,
2405 2224 2483 2287 ὡς
2534 2222 2813 2286 ἀπωλείας
2845 2222 2976 2290 ἀξια
3008 2223 3366 2294 παραδιδόναι
3410 2223 3567 2293 πυρί.

1988 2316 2125 2371 Οὐδὲ
2156 2316 2266 2385 γάρ
2297 2318 2463 2383 ὅσιον,
2499 2316 2621 2370 οὐδὲ
2665 2317 2849 2381 ἄλλως
2874 2316 3007 2370 νοῦν
3040 2316 3190 2387 ἔχον,
3215 2318 3568 2388 γεωμετρίαν

1992 2411 2092 2479 μὲν
2150 2412 2247 2463 καὶ
2316 2410 2723 2481 ἀστρονομίαν,
2789 2409 2886 2462 καὶ
2939 2410 3195 2481 ἀριθμῶν
3266 2409 3569 2477 ἀναλογίας

1988 2504 2315 2575 βουλόμενόν
2358 2521 2485 2557 τινα
2529 2502 2943 2557 ἐκδιδάσκεσθαι
2976 2504 3051 2573 μὴ
3076 2502 3154 2572 τῷ
3176 2504 3568 2573 ἀμαθεστάτῳ,

1986 2595 2123 2648 ἀλλὰ
2159 2594 2235 2665 τῷ
2262 2595 2556 2661 δεινοτάτῳ
2583 2596 2714 2665 περὶ
2742 2594 2917 2647 ταῦτα
2939 2592 3153 2665 φοιτᾷνο
3180 2593 3281 2663 τῆς
3308 2593 3366 2645 δὲ
3395 2594 3569 2657 ὅντως

1989 2686 2334 2755 φιλοσοφίας,
2387 2686 2483 2738 καὶ
2531 2686 2634 2753 τῆς
2694 2684 2826 2754 περὶ
2883 2684 3160 2755 οὐρανίων
3215 2684 3569 2755 πραγμάτων

1986 2776 2246 2846 γνώσεως
2306 2776 2387 2847 τῷ
2445 2776 2577 2846 περὶ
2636 2776 2815 2829 ταῦτα
2876 2775 3110 2845 ἀμυήτῳ
3161 2774 3401 2845 χρῆσθαι
3424 2772 3569 2827 διδα-

1990 2870 2199 2937 σκάλῳ.
2244 2868 2449 2939 Ἐχρῆν
2484 2867 2594 2940 γάρ
2633 2868 2798 2922 αὐτὸν
2831 2867 2964 2920 ὄντα
2996 2866 3309 2935 φιλόσοφον,
3337 2867 3431 2918 καὶ
3456 2864 3567 2919 τῶν

1988 2961 2204 3017 πολλῶν
2251 2963 2593 3031 ὑπερέχοντα
2653 2960 2895 3022 συνέσει,
2948 2963 3071 3030 εῖγε
3121 2961 3251 3030 περὶ
3306 2958 3568 3011 τοιούτων

1990 3054 2163 3107 ἐδεῖτο
2197 3054 2393 3124 μαθεῖν
2425 3053 2800 3122 πραγμάτων,
2833 3053 2868 3123 ἢ
2909 3053 3178 3123 πρότερον
3214 3050 3569 3121 διερευνησά-

303 3146 357 3189 et
389 3137 603 3192 sincero
634 3141 838 3202 anima,
874 3152 1040 3212 atque
1066 3145 1132 3197 ab
1165 3145 1312 3199 omni
1344 3147 1680 3215 malignitate
1710 3166 1881 3203 vacuo

1996 3162 2180 3215 μενον,
2227 3147 2306 3215 τῷ
2352 3146 2503 3214 παρὰ
2540 3144 2659 3214 Θεῷ
2697 3146 2796 3214 τῆς
2828 3144 3089 3214 τοιαύτης
3139 3144 3361 3214 χάριτος
3406 3141 3572 3213 ηξιω-

304 3230 590 3293 accedere,
628 3243 683 3305 et
728 3233 796 3286 de
843 3236 1048 3303 quibus
1089 3238 1278 3302 vellet,
1310 3254 1504 3308 rogare
1538 3240 1724 3295 doceri
1756 3243 1882 3312 (qui

304 3323 493 3390 utique
523 3324 838 3379 divinarum
872 3343 1055 3380 rerum
1083 3344 1309 3398 gnarus,
1339 3340 1396 3383 et
1433 3343 1700 3393 quantum
1738 3336 1893 3402 quis-

303 3430 408 3482 que
442 3416 605 3486 hujus
643 3417 948 3487 disciplinae
984 3430 1228 3488 caperet,
1269 3422 1415 3476 haud
1450 3425 1691 3488 nescius,
1735 3427 1889 3496 juxta

303 3508 501 3561 divum
534 3512 874 3579 purgationis
922 3514 1203 3568 modulum
1252 3531 1361 3570 non
1394 3497 1575 3572 statim
1626 3521 1695 3575 ab
1730 3521 1890 3574 initio

304 3614 467 3653 aures
506 3600 763 3656 ilm'eidas
807 3606 1036 3660 tonitrui
1078 3608 1261 3661 sonitu
1296 3609 1605 3676 imbuisset,
1638 3612 1733 3667 sed
1767 3613 1891 3669 vitae

305 3691 461 3771 prius
489 3697 864 3760 accuratione,
896 3699 1176 3769 multaque
1223 3702 1473 3769 scientia,
1503 3703 1664 3773 332
1690 3713 1745 3759 et
1772 3720 1892 3759 om-

305 3786 458 3838 nium
494 3787 888 3856 cogitationum
926 3798 1292 3860 terrenarum,
1324 3809 1389 3850 ac
1424 3796 1627 3850 rationi
1658 3810 1891 3852 consen-

305 3877 558 3932 tientium
622 3884 1161 3953 repugnantiumque
1240 3886 1587 3958 depositione
1643 3891 1887 3945 animum

306 3986 613 4040 expurgare
644 3973 946 4036 docuisset,
975 3984 1030 4031 et
1057 3977 1128 4031 ita
1154 3978 1220 4031 ad
1245 3993 1397 4033 sacra
1427 3979 1697 4034 vestibula
1729 3983 1891 4052 hujus

307 4061 508 4117 divinze
531 4065 812 4133 sapientiae
834 4067 1119 4131 accedere.
1145 4070 1313 4123 multa
1340 4071 1533 4134 Deum,
1551 4070 1717 4125 multa
1747 4074 1891 4128 viros

309 4156 411 4212 hac
461 4157 798 4226 perfectione
844 4159 1041 4230 dignos
1091 4162 1313 4217 habitos
1347 4173 1686 4232 precantem,
1728 4173 1785 4219 ut
1820 4166 1889 4220 ad

205 4282 218 4301 .
308 4264 446 4318 opus
493 4259 601 4303 tam
633 4250 890 4317 sublime,
921 4261 977 4307 et
1011 4253 1251 4308 humana
1299 4253 1560 4310 facultate
1608 4258 1888 4326 superius,

308 4341 629 4412 adjumento
663 4343 768 4397 sibi
800 4358 921 4398 esse
966 4360 1034 4399 ne
1066 4346 1440 4417 recusarent),
1482 4358 1577 4402 aut
1601 4358 1889 4418 postquam

260 4442 265 4447 '
308 4447 535 4503 propter
579 4436 848 4490 desidiam
902 4452 1060 4492 suam
1113 4439 1423 4493 inconsulto
1458 4440 1523 4492 ad
1574 4441 1887 4508 proximum

1997 3233 2143 3308 μένῳ
2179 3240 2262 3304 (ού
2303 3237 2414 3308 γὰρ
2446 3238 2511 3306 δὴ
2548 3237 2873 3309 ἀνθρωπίνῃ
2926 3253 2991 3303 γε
3040 3235 3259 3288 συνέσει
3294 3235 3326 3303 ἢ
3361 3233 3566 3302 σπουδῇ

1991 3334 2060 3384 τὰ
2091 3331 2316 3383 τοιαῦτα
2365 3328 2742 3398 περιγίνεται)
2775 3328 2949 3394 ἀδόλῳ
2982 3327 3203 3399 γνώμῃ,
3241 3326 3337 3379 καὶ
3388 3326 3570 3393 πάσης

1991 3422 2394 3492 ἀπηλλαγμένῃ
2427 3420 2771 3490 κακουργίας
2804 3419 3149 3489 προσελθεῖν,
3186 3420 3283 3471 καὶ
3333 3418 3464 3486 περὶ
3492 3411 3569 3468 ὧν

1992 3515 2253 3567 ἐϐούλετο
2310 3513 2522 3568 δεῖσθαι
2570 3514 2766 3584 μαθεῖν
2806 3508 2862 3583 (ἦ
2914 3514 3026 3582 γὰρ
3077 3513 3144 3564 ἂν
3174 3512 3379 3572 ἐκεῖνος
3410 3508 3571 3578 σοφὸς

1993 3605 2072 3658 ὣν
2112 3606 2182 3659 τὰ
2217 3606 2340 3659 θεῖα
2383 3605 2479 3658 καὶ
2521 3606 2697 3674 μέτρα
2756 3604 3105 3674 μαθημάτων
3136 3603 3353 3670 ἑκάστῳ
3399 3616 3572 3668 προσ-

1995 3700 2203 3769 ήκοντα
2242 3696 2400 3760 εἰδὼς
2450 3697 2597 3750 κατά
2630 3696 2733 3764 τὴν
2765 3696 2866 3765 τῆς
2898 3693 3222 3764 καθάρσεως
3256 3692 3570 3761 ἀναλογίαν,

1993 3793 2097 3845 ούκ
2138 3790 2206 3845 ἂν
2258 3789 2650 3842 ἐνεπίστευσεν
2686 3789 2826 3858 ἀκοῇ
2879 3786 3057 3858 σαθρᾷ
3091 3786 3321 3857 βροντῆς
3345 3780 3480 3855 ἦχον
3507 3785 3570 3835 ὲκ

1996 3882 2303 3952 προοιμίων
2336 3880 2521 3945 εὐθὺς,
2546 3879 2683 3932 ἀλλά
2704 3878 2822 3948 βίου
2865 3878 3139 3948 πρότερον
3186 3876 3445 3946 ἀκριϐείᾳ
3477 3875 3572 3927 καὶ

1995 3974 2165 4045 πολλῇ
2202 3972 2519 4045 φιλοσοφίᾳ.
2553 3972 2648 4024 καὶ
2689 3970 2883 4024 πασῶν
2916 3962 3125 4040 γηΐνων
3154 3969 3376 4023 ἐννοιῶν
3422 3966 3573 4019 εὐλό-

1993 4085 2106 4137 γων
2149 4084 2209 4119 τε
2252 4065 2347 4119 καὶ
2401 4064 2475 4134 μὴ
2526 4062 2792 4116 τοιούτων
2831 4062 3123 4127 ἀποθέσει,
3163 4061 3263 4133 τὴν
3291 4058 3471 4131 ψυχὴν
3503 4059 3571 4112 ἂν

1994 4161 2265 4233 πρότερον
2314 4158 2554 4222 ἐδίδαξεν
2597 4158 2927 4228 ἐκκαθᾶραι,
2961 4155 3058 4209 καὶ
3082 4154 3228 4208 οὕτω
3255 4154 3366 4207 τῶν
3406 4153 3570 4222 ἱερῶν

1992 4253 2289 4325 προθύρων
2328 4253 2427 4320 τῆς
2459 4250 2610 4312 θείας
2645 4249 2881 4318 ταυτησὶ
2910 4248 3103 4315 σοφίας
3134 4246 3436 4300 ἐπιϐαίνειν
3461 4245 3575 4298 δέο-

1997 4363 2184 4418 μενον,
2224 4346 2322 4399 καὶ
2352 4342 2490 4397 Θεοῦ
2519 4344 2694 4396 πολλὰ
2726 4344 2822 4394 καὶ
2868 4340 3083 4410 ἀνδρῶν
3119 4339 3229 4392 τῶν
3254 4340 3325 4394 τά
3349 4337 3574 4393 τοιαῦτα

1994 4437 2258 4492 δύνασθαι
2300 4435 2629 4506 ἠξιωμένων
2701 4432 3041 4504 συνάρασθαι
3088 4432 3226 4502 πρὸς
3287 4429 3351 4483 τὸ
3411 4431 3575 4500 ἔργον

307 4527 666 4591 accessisset,
701 4528 949 4582 auditum
990 4545 1303 4585 sermonem
1336 4531 1484 4599 illius
1517 4530 1748 4586 inscitia:
1787 4535 1887 4587 tri-

1993 4529 2168 4595 οῦτως
2224 4529 2283 4583 δν
2344 4528 2584 4599 ὑψηλὸν,
2653 4529 2747 4580 καὶ
2806 4527 2905 4596 τὴν
2960 4524 3312 4596 ἀνθρωπίνην
3402 4524 3575 4594 ὑπερσ

310 4618 479 4671 ιλιι-το
507 4633 522 4671 :
555 4634 658 4671 nec
686 4619 840 4673 velut
869 4619 1054 4673 dedita
1096 4636 1287 4689 Opera,
1321 4629 1377 4675 et
1413 4629 1671 4690 tanquam
1707 4623 1893 4692 inspe-

310 4720 487 4759 ratum
520 4708 731 4761 lucrum
760 4724 823 4762 ea
854 4710 1023 4764 verba
1054 4714 1318 4779 arripere,
1350 4720 1784 4782 arroganterque
1839 4723 1896 4769 et

310 4801 554 4871 projecte
583 4800 636 4854 in
668 4816 875 4856 sacram
903 4803 1144 4871 quietem
1173 4802 1457 4869 invadere,
1478 4811 1533 4859 et
1557 4819 1621 4859 ea
1649 4805 1896 4861 fruentes

309 4892 616 4947 maledictis
640 4894 1025 4961 conscindere,
1044 4897 1395 4967 impostores,
1423 4898 1735 4964 mendaces,
1757 4899 1895 4956 Mas-

309 4983 546 5037 salianos
591 5000 930 5056 nuncupare,
966 5003 1035 5042 ex
1066 5004 1132 5042 eo
1174 4990 1320 5058 quod
1367 4989 1616 5046 audisset
1662 5000 1886 5047 sanctos

309 5072 517 5127 lumine
557 5076 944 5145 circumfundi,
980 5079 1222 5149 plurium
1255 5081 1715 5137 contumeliarum
1754 5099 1886 5139 ansa

307 5177 525 5235 arrepta
581 5167 851 5224 videlicet.
904 5171 1227 5243 Quanquam
1269 5173 1551 5229 doctorem
1599 5175 1767 5230 istum
1816 5176 1884 5231 de

308 5259 430 5313 aliis
473 5258 697 5329 quidem
737 5263 932 5317 merito
964 5264 1215 5329 forsitan,
1244 5265 1312 5320 de
1358 5265 1463 5321 hoc
1503 5275 1687 5322 autem
1717 5283 1749 5321 a
1785 5284 1884 5323 ue-

308 5356 456 5403 mine
487 5368 644 5419 posse
680 5352 1027 5421 reprehendi.
1052 5356 1186 5409 Nam
1218 5366 1271 5410 et
1302 5359 1441 5412 alios
1469 5357 1671 5412 multos
1698 5372 1883 5427 perse-

308 5441 546 5502 cutiais
589 5444 926 5512 temporibus
960 5462 1059 5514 pro
1104 5444 1322 5501 Christo
1369 5446 1716 5510 dimicantes,
1777 5447 1882 5501 hoc

311 5532 557 5589 divinum
588 5535 773 5590 lumen
801 5539 1138 5593 convestisse
1172 5536 1308 5609 (Ti),
1343 5547 1401 5593 et
1443 5549 1689 5593 sanctum
1712 5536 1883 5592 Anto-

1995 4621 2180 4674 ϐαῖνον
2205 4620 2462 4689 δύναμιν)
2486 4633 2503 4650 ο
2543 4618 2796 4687 ἦῖπειδή
2827 4634 2892 4685 γε
2931 4616 3021 4671 διά
3064 4616 3343 4689 ρᾳθυμίαν
3374 4617 3574 4686 ἀπερι-

1997 4713 2252 4775 σκέπτως
2281 4710 2361 4781 τῷ
2394 4710 2759 4781 προστυχόντι
2791 4708 3210 4780 προσεχώρησε,
3258 4711 3324 4779 τῇ
3362 4709 3574 4762 ἐκείνου

1996 4805 2211 4876 ἀμαθίᾳ
2282 4801 2764 4874 προσλογίσασθαι
2824 4800 2953 4865 τοὺς
3018 4800 3254 4869 λόγους,
3311 4800 3446 4854 ἀλλὰ
3501 4801 3576 4871 μὴ

1993 4898 2189 4969 ὥσπερ
2226 4895 2545 4966 ἐξεπίτηδες
2578 4896 2773 4963 ὥσπερ
2800 4898 2949 4957 τινὸς
2993 4893 3232 4964 ἑρμαίου
3274 4892 3575 4962 λαϐόμενον

1994 4991 2104 5045 τῶν
2136 4990 2338 5056 λόγων,
2390 4986 2642 5051 αὐθαδῶς
2699 4987 2795 5040 καὶ
2830 4984 3082 5057 θρασέως
3126 4988 3250 5039 κατ’
3280 4986 3450 5052 αὐτῆς
3479 4985 3577 5053 τῆς

1998 5084 2151 5155 ἱερᾶς
2182 5079 2433 5152 χωρῆσαι
2460 5079 2719 5150 ἡσυχίας,
2753 5079 2850 5132 καὶ
2883 5080 2998 5142 τοῖς
3032 5078 3372 5148 ἡσυχάζουσι
3405 5078 3577 5132 πολλά

2000 5174 2448 5247 προστρίψασθαι
2487 5172 2667 5243 ὀνείδη
2696 5212 2712 5238 ,
2753 5172 3084 5234 ἀπατεῶνας
3131 5171 3430 5236 καλοῦντα,
3483 5172 3580 5224 καὶ

1998 5262 2367 5331 ψευδομένους
2410 5258 2681 5314 καλοῦντα
2719 5260 2816 5313 καὶ
2865 5259 3289 5323 Μασσαλιανοὺς
3316 5298 3333 5323 ,
3365 5262 3431 5314 ἐκ
3478 5257 3575 5312 τοῦ

2001 5353 2118 5422 φῶς
2172 5352 2644 5423 περιαστράπτειν
2697 5353 2828 5415 τοὺς
2883 5353 3075 5418 ἁγίους
3125 5352 3427 5423 ἀκηκοέναι
3480 5350 3578 5416 τάς

2002 5445 2260 5516 ἀφορμάς
2306 5446 2570 5515 εἰληφότα
2624 5444 2733 5496 τῶν
2786 5443 2998 5497 πολλῶν
3060 5444 3365 5515 λοιδοριῶν·
3396 5443 3580 5498 καίτοι

2000 5553 2065 5603 γε
2107 5536 2187 5605 τῷ
2220 5536 2518 5604 διδάξαντι,
2552 5537 2682 5606 περὶ
2712 5534 2892 5590 ἄλλων
2936 5536 3038 5605 μὲν
3080 5536 3150 5599 ἄν,
3170 5553 3253 5599 τις
3309 5536 3582 5607 μέμφοιτο

1590 5644 1804 5707 Jacobi
1842 5646 2106 5707 Ponlani
2139 5656 2329 5708 nota).

388 5742 505 5812 (77)
545 5743 658 5820 lloc
706 5764 771 5801 ex
804 5750 1051 5805 historiis
1085 5760 1386 5820 martyrum
1419 5758 1585 5820 patet,
1614 5750 1667 5803 in
1693 5749 1897 5819 quibus

317 5816 742 5881 persaepelegas,
768 5836 863 5876 eos
893 5830 1019 5876 ante
1051 5816 1290 5879 iudicum
1320 5816 1635 5884 tribunalia,
1663 5816 1723 5875 et
1748 5821 1889 5875 inter

2008 5767 2203 5805 manus
2244 5751 2568 5806 carnificum
2603 5751 2816 5807 cmlesti
2853 5752 3089 5820 quodam
3139 5750 3434 5821 splendore
3467 5765 3579 5803 cir-

2001 5822 2284 5878 cumfusos
2333 5822 2502 5878 fuisse
2539 5841 2551 5877 :
2584 5838 2694 5884 (ιιιο
2727 5823 2881 5883 signo
2909 5823 3053 5879 Deus
3082 5836 3211 5879 suos
3261 5836 3383 5876 esse
3416 5829 3582 5876 testes
