4060 6456
286 436 454 508 “6’9

1521 440 1811 500 IllS'l‘Ol’.
1827 435 2082 496 lARUM
2118 441 2351 501 LIBER
2390 442 2468 503 Il.

3512 441 3619 505 670

344 555 591 621 δικαίως,
622 559 753 623 περὶ
789 550 981 607 τούτου
1012 551 1071 605 δὲ
1103 540 1549 614 οὖδείς.Ἀλλους
1596 569 1653 605 τε
1689 552 1798 620 γὰρ
1838 566 1931 602 πε-

2045 550 2186 605 nium
2244 569 2351 606 non
2377 560 2568 606 contra
2596 562 2875 624 tyrannos,
2895 551 2989 606 sed
3013 561 3203 607 contra
3226 552 3618 623 d:emonas(78)

348 644 656 717 ριήστραψε
688 643 927 704 πολλοὺς
975 644 1038 695 τὸ
1085 641 1231 695 θεῖον
1263 640 1424 694 τοῦτο
1453 644 1566 709 φῶς
1598 645 1657 694 ὲν
1687 644 1799 693 τοῖ;
1831 638 1927 691 τοῦ

344 737 585 806 διωγμοῦ
618 739 834 805 καιροῖς
875 735 1322 803 ἀγωνιζομένους
1356 734 1499 803 ὑπὲρ
1528 734 1773 804 Χριστοῦ
1796 774 1811 797 ,
1838 735 1932 785 καὶ

357 826 640 880 Ἀντώνιον
682 826 774 879 τὸν
805 824 974 886 θεῖον,
1005 824 1068 876 οὐ
1105 824 1244 895 πρὸς
1265 824 1588 894 τυράννους,
1620 823 1757 876 ἀλλὰ
1802 823 1932 884 τοὺς

345 916 686 985 δεινοτέρους
721 914 1008 984 τυράννων
1032 914 1295 983 δαίμονας
1323 912 1825 983 παρατεταγμένον.
1857 912 1934 974 ὡς

347 1007 412 1058 ἐκ
437 1007 547 1058 τῶν
574 1008 704 1075 περὶ
729 1006 901 1059 αὑτοῦ
940 1006 1461 1075 συγγεγραμμένων
1499 1004 1680 1068 ἔξεστι
1718 1004 1930 1075 μαθεῖν,

351 1099 411 1151 οὑ
448 1098 556 1168 μὴν
593 1099 712 1150 ἀλλ’
741 1101 789 1150 εί
811 1100 894 1150 δεῖ
919 1100 1018 1150 καὶ
1049 1096 1227 1151 ταῦτα
1255 1097 1434 1151 πάντα
1462 1098 1935 1169 παραδραμόντος

359 1188 496 1253 πρὸς
548 1186 609 1240 τὸ
654 1188 874 1256 πρῶτον
932 1187 1292 1256 παράδειγμα
1337 1188 1699 1259 ἀναδραμεῖν,
1748 1188 1935 1257 σαφῶς

363 1278 583 1341 ἐξέσται
631 1278 725 1329 τοῦ
771 1277 998 1331 δυνατὸν
1044 1271 1332 1342 εἶναιτοῖς
1362 1281 1699 1347 σωματικοῖς
1732 1278 1928 1348 ὀφθαλ·

368 1369 493 1435 μοῖς
522 1367 666 1422 θεῖον
711 1372 804 1421 καὶ
833 1369 1088 1422 ἄκτιστον
1111 1369 1229 1437 φῶς
1257 1369 1560 1424 θεάσασθαι
1591 1371 1690 1441 τὴν
1717 1372 1936 1425 ἀπόδει-

365 1456 447 1521 ξιν
492 1459 699 1515 λαϐεῖν.
732 1459 1071 1529 Παραλαϐὼν
1116 1461 1248 1530 γὰρ,
1292 1463 1479 1532 φησὶν,
1529 1465 1554 1516 ὁ
1582 1464 1785 1532 Κύριος
1828 1463 1937 1533 πρὸ

363 1549 457 1601 τοῦ
501 1550 708 1612 πάθους
762 1552 891 1614 τοὺς
946 1552 1281 1624 προκρίτους
1326 1555 1436 1606 τῶν
1483 1554 1776 1624 μαθητῶν,
1840 1557 1936 1607 καὶ

363 1642 603 1696 ανελθὼν
650 1644 742 1697 ἐπὶ
782 1642 1007 1713 Θασὼρ,
1048 1646 1455 1716 μετεμορφώθη
1489 1646 1802 1716 ἔμπροσθεν
1834 1648 1935 1716 αὺ-

361 1732 469 1783 τὼν
525 1733 620 1784 καὶ
668 1732 878 1803 ἔλαμψε
920 1735 981 1787 τὸ
1022 1735 1315 1806 πρόσωπον
1365 1737 1531 1791 αὐτοῦ
1591 1739 1666 1800 ὡς
1703 1714 1935 1809 eam);

2036 644 2284 711 tyrannis
2316 644 2700 698 horribiliOres
2737 645 2791 697 in
2838 645 2956 698 acie
2989 653 3251 708 stantem,
3289 645 3341 698 id
3376 645 3522 714 quod
3552 660 3618 698 ex

2034 733 2265 788 historia
2297 737 2415 803 ejus
2447 736 2572 790 vitae
2610 745 2812 805 pateat.
2848 736 3054 791 Verum
3091 738 3396 803 enimvero,
3437 738 3480 791 si
3534 737 3623 790 his

2033 824 2291 877 omnibus
2314 826 2610 892 prmterilis
2642 827 2707 879 ad
2735 827 2975 895 primum
3023 828 3306 897 exemplar
3336 842 3625 880 recurren-

2034 913 2164 967 dum
2197 916 2289 977 sit,
2323 929 2478 982 posse
2530 914 2643 968 ﬂeri
2693 923 2752 968 ut.
2799 915 2977 969 oculis
3025 918 3315 984 corporeis
3348 915 3623 984 quispiam

2034 1002 2283 1056 divinum
2333 1012 2388 1056 et
2452 1003 2759 1059 inereatum
2806 1005 2990 1059 lumen
3042 1007 3467 1075 contempletur,
3499 1022 3625 1075 per-
3712 992 3719 999 ’

2036 1095 2226 1163 spicue
2250 1095 2629 1148 demonstrare
2658 1095 2845 1151 licere.
2876 1097 3272 1167 Evangelistam
3301 1098 3452 1151 enim
3486 1098 3625 1151 seri-

2039 1187 2199 1251 bere,
2235 1186 2527 1241 Dominum
2555 1195 2680 1239 ante
2710 1197 2939 1241 mortem
2974 1203 3128 1241 suam
3160 1188 3437 1257 principes
3468 1188 3625 1243 disci-

2036 1280 2203 1349 pulos
2240 1280 2646 1348 assumpsisse:
2679 1289 2882 1334 etcum
2910 1278 3255 1333 ascendisset
3288 1279 3341 1332 in
3380 1289 3622 1333 montem

2037 1371 2280 1435 Thabor,
2321 1372 2768 1442 transﬁguratum
2809 1385 2929 1426 esse
2960 1378 3086 1424 ante
3112 1385 3229 1436 eos,
3251 1371 3625 1440 resplenduis-

2037 1478 2205 1531 seque
2249 1463 2446 1518 faciem
2499 1463 2620 1532 ejus
2672 1464 2818 1518 sicut
2880 1464 3073 1518 solem.
3129 1462 3299 1530 Cujus
3354 1463 3621 1532 fulgorem

2002 1558 2009 1565 '
2038 1554 2339 1623 discipulos
2369 1569 2477 1607 non
2509 1555 2849 1609 sustinentes
2888 1554 3110 1617 intueri,
3149 1554 3204 1606 in
3238 1563 3440 1607 terram
3478 1552 3625 1606 ceci-

2038 1642 2285 1698 disse.Si
2311 1644 2576 1713 igiturilli
2596 1654 2652 1699 ct
2681 1643 2956 1710 homines,
2987 1651 3044 1696 et
3075 1642 3257 1696 adhuc
3288 1642 3622 1712 imperfecti,

2039 1735 2467 1805 circumfulgens
2515 1735 2665 1804 ipsos
2709 1734 2959 1788 divinum
3007 1742 3063 1789 et
3097 1734 3403 1788 inereatum
3439 1733 3624 1787 lumen

364 1816 439 1874 0-5
485 1824 560 1891 μὴ
602 1825 867 1894 φέροντες
892 1828 992 1896 τὴν
1035 1827 1402 1898 λαμπρότητα
1427 1830 1559 1900 ὁρᾷν
1588 1829 1637 1882 oi
1670 1830 1935 1900 μαθηταὶ,

2045 1829 2227 1882 videre
2261 1836 2579 1898 potuerunt,
2624 1826 2758 1896 quid
2792 1827 2993 1880 mirum
3044 1826 3090 1880 si
3123 1837 3179 1880 et
3222 1840 3370 1880 nunc
3409 1832 3629 1879 sanctos

363 1889 792 1967 κατέπεσον-ἐπὶ
824 1916 923 1987 τὴν
947 1889 1090 1985 γῆν.
1109 1889 1209 1971 Ἐξ.
1227 1889 1330 1973 οὖν*
1353 1889 1620 1984 κάκέίνοι,
1652 1889 1937 1990 ἀνθρωποί

2045 1936 2280 1990 superne
2306 1935 2336 1974 a
2362 1921 2472 1973 Deo
2495 1919 2854 1973 collustratos
2879 1918 3130 1973 dicamus
3150 1918 3336 1972 lumen
3362 1918 3628 1972 eernere?

363 2023 420 2058 τε
452 2006 638 2071 ὅντες,
672 2009 766 2060 καὶ
812 2008 895 2062 ἔτι
930 2011 1284 2080 ἀτελέστερον
1321 2012 1698 2084 διακείμενοι,
1742 2015 1804 2066 τὸ
1846 2031 1942 2067 πε-

367 2099 715 2170 ριαστράψαν
766 2095 969 2166 αὐτοὺς
1008 2102 1150 2156 θεῖον
1181 2106 1275 2157 καὶ
1304 2104 1561 2159 ἄκτιστον
1595 2106 1711 2174 φῶς
1747 2105 1942 2175 ἠδυνή-

366 2189 539 2257 θησαν
583 2189 736 2255 ἰδεῖν,
782 2190 837 2243 τί
888 2190 1204 2260 θαυμαστὸν
1238 2195 1287 2246 εί
1323 2197 1417 2248 καὶ
1460 2195 1559 2249 νῦν
1585 2197 1712 2259 τοὺς
1751 2196 1942 2264 ἁγίους

369 2282 611 2350 φαίημεν
647 2281 765 2350 φῶς
793 2284 927 2353 ὁρᾷν
961 2284 1166 2338 ἄνωθεν
1207 2287 1651 2357 ἐλλαμπομένυυς
1683 2289 1749 2342 ἐκ
1780 2288 1937 2355 Θεοῦ;

366 2372 458 2425 Δό
514 2373 578 2443 δή
630 2390 725 2425 σου
774 2374 870 2426 καὶ
904 2374 1139 2444 δεόμεθα
1186 2379 1316 2448 περὶ
1363 2380 1472 2433 τῶν
1513 2381 1772 2434 τοιούτων
1802 2383 1941 2452 μήτε

366 2462 547 2530 λέγειν
571 2505 587 2528 ,
632 2466 768 2535 μήτε
814 2470 1203 2539 λογογραφεῖν,
1231 2472 1306 2533 ὡς
1346 2471 1507 2540 ὀλίγα
1547 2473 1579 2545 ἢ
1615 2473 1768 2526 οὐδὲν
1813 2474 1943 2543 περὶ

356 2555 550 2608 αὐτῶν
578 2557 780 2610 εἰδότα·
812 2559 949 2612 ἀλλά
994 2564 1090 2615 καὶ
1121 2563 1189 2615 τά
1222 2563 1592 2633 γεγραμμένα
1631 2564 1941 2633 ἀφανίζειν,

371 2645 446 2709 ὡς
477 2648 689 2719 πολ-λοῖς
715 2648 868 2703 αἴτια
897 2653 1107 2725 βλάϐης
1135 2656 1493 2726 ³Ξταρεσὸμενα
1523 2657 1583 2711 ού
1615 2659 1716 2727 τῆς
1740 2658 1941 2729 τυχού-

371 2752 491 2803 σης.
536 2736 785 2791 Τοιαῦτα
848 2741 947 2817 μὲν
1002 2743 1312 2814 Γρηγόριος
1350 2748 1448 2798 καὶ
1498 2748 1547 2800 οἱ
1595 2751 1726 2819 περὶ
1783 2750 1945 2804 αὑτὸν

368 2824 833 2896 διεπρεσϐεύοντο
852 2833 990 2902 πρὸς
1022 2834 1307 2906 Βαρλαὰμ,
1340 2839 1581 2912 οἰόμενοι
1610 2840 1710 2909 τὴν
1736 2841 1944 2909 παραίο

369 2933 517 2970 νεσιν
550 2920 697 2991 αὑτῴ
725 2923 826 2993 τὴν
863 2923 1248 2995 γλωσσαλγίαν
1295 2928 1540 2997 στήσειν.
1577 2930 1654 2981 Τὸ
1700 2930 1744 2982 δ’
1778 2933 1944 2985 ὲναν-

372 3009 503 3074 τίως
531 3012 561 3081 ἢ
596 3014 751 3067 αὐτοὶ
782 3016 1047 3087 ᾠήθησαν
1075 3019 1279 3089 ἀπέϐη.
1325 3020 1410 3082 Ὦς
1447 3020 1556 3092 γὰρ
1593 3021 1720 3083 τοὺς
1750 3019 1945 3089 λόγους

375 3103 402 3153 ὁ
436 3104 758 3174 πρεσϐεύων
789 3107 931 3179 διῄει
977 3110 1120 3180 πρὸς
1167 3111 1358 3172 αὑτὸν,
1396 3114 1454 3164 ὲν
1487 3113 1588 3182 μὲν
1619 3115 1732 3174 τοῖς
1759 3112 1943 3178 ἄλλοις

372 3196 610 3293 ἡσυχίαν
642 3194 769 3293 ᾗγεθ
800 3200 861 3293 το
888 3202 964 3293 ,έν
1007 3203 1276 3274 Θαϐωρίῳ
1302 3205 1358 3257 δὲ
1386 3204 1611 3275 λάμψειν
1644 3207 1760 3275 φῶς
1794 3208 1947 3262 ἄκτι-
1970 3230 2017 3293 C

372 3302 497 3338 σςον
531 3288 791 3355 ἀκούσας,
836 3292 949 3361 Τῆς
981 3294 1236 3360 ἀτοπίας,
1268 3296 1531 3366 ἀνεϐόησε
1551 3315 1565 3328 ·
1590 3300 1804 3353 καπνὸν
1833 3303 1946 3370 γὰρ

372 3380 686 3447 φεύγοντες,
712 3383 1161 3455 ἐμπεπτώκαμεν
1194 3388 1274 3451 είς
1317 3389 1449 3461 πῦρ·
1492 3391 1686 3459 ἄκουε,
1721 3394 1946 3464 ούρανὲ,

373 3472 464 3525 καὶ
493 3473 775 3537 ἑνωτίζου,
806 3478 839 3547 ἡ
873 3478 965 3546 γῆ·
995 3477 1056 3531 τὸ
1079 3480 1134 3531 ὲν
1165 3479 1363 3549 Θαϐὼρ
1394 3483 1508 3549 φῶς
1540 3485 1819 3553 ἀκτιστον,
1855 3487 1949 3541 καὶ

370 3565 423 3616 τί
479 3563 605 3618 ἄλλο
651 3564 855 3635 ἢΘεὸς
905 3568 1029 3620 καθ’
1060 3570 1251 3639 ’ὐμᾶςς
1314 3573 1479 3625 Οὐδὲν
1543 3576 1649 3641 γὰρ
1691 3575 1949 3630 ἄκτιστυν

375 3658 457 3710 ὅτι
510 3655 588 3726 μὴ
641 3656 871 3719 Θεός⁶,εί
919 3657 1014 3711 οὖν
1047 3648 1185 3731 μήτε
1240 3662 1447 3733 κτίσμα
1489 3663 1549 3717 τὸ
1591 3667 1707 3734 φῶς
1747 3668 1944 3731 ἐκεῖνο,

375 3749 513 3819 μήτε
562 3749 697 3802 Θεοῦ
745 3750 904 3803 οὐσία
962 3753 1137 3823 (Θεὸν
1169 3754 1276 3823 γὰρ
1319 3755 1523 3822 οὐδεὶς
1578 3757 1804 3826 ἑώρακε
1832 3758 1951 3814 πώ-

374 3840 564 3908 ποτε).
600 3843 653 3894 τί
705 3842 892 3897 λοιπὸν
944 3844 976 3915 ἢ
1020 3844 1141 3898 δυσὶ
1193 3846 1483 3917 λατρεύειν
1531 3847 1699 3913 θεοῖς,
1728 3852 1812 3904 ἑνὶ
1849 3851 1949 3921 μὲν

373 3934 451 4002 τῷ
480 3933 704 3987 πάντων
736 3935 1084 4006 δημιουργῷ,
1123 3937 1182 3990 ὃν
1234 3939 1329 3990 καὶ
1372 3939 1604 4009 ἀόρατον
1634 3943 1746 4005 πᾶς
1769 3961 1852 4005 τις
1882 3944 1951 3996 ἂν

379 4024 760 4096 ὁμολογήσειε,
804 4027 1047 4098 δευτέρῳ
1086 4028 1143 4080 δὲ
1188 4029 1267 4099 τῷ
1323 4031 1447 4085 καθ’
1509 4034 1654 4103 ὑμᾶς
1683 4035 1950 4108 ὁρωμένῳ

374 4117 617 4186 ἀκτίστῳ
672 4117 850 4187 τούτῳ
905 4119 1078 4187 φωτί;
1122 4118 1235 4189 ἐγὼ
1273 4121 1330 4174 δὲ
1373 4121 1501 4175 οὔτε
1540 4125 1806 4196 πρότερον
1835 4127 1951 4182 οὔθ’

375 4207 602 4280 ὕστερόν
642 4226 775 4265 ποτε
825 4211 1167 4282 ἀνασχοίμην
1198 4212 1264 4266 ἂν
1297 4215 1547 4269 ὁπωσοῦν
1583 4233 1638 4269 τι
1689 4219 1952 4291 διαφέρον

373 4298 477 4368 τῆς
505 4299 694 4363 οὐσίας
733 4300 825 4353 τοῦ
859 4299 994 4354 Θεοῦ
1021 4301 1277 4357 ἄκτιστον
1315 4305 1591 4375 ἡγεῖσθαι.
1628 4306 1722 4361 Ἐκ
1742 4312 1951 4366 τούτων
1998 4310 2005 4317 ’

374 4393 437 4461 δὴ
467 4392 577 4444 τῶν
631 4393 806 4461 λόγων
858 4392 1048 4465 ὥσπερ
1084 4393 1391 4467 ἀφετηρίας
1439 4401 1724 4471 ὁρμηθεὶς,
1778 4404 1993 4459 πολλά-

376 4488 469 4538 κα¹ι
523 4482 644 4538 εἶπε
719 4486 816 4539 καὶ
861 4488 1243 4559 συνεγράψατο
1297 4493 1443 4546 κατὰ
1498 4494 1803 4569 Γρηγορίου
1854 4502 1950 4554 καὶ

2043 2013 2310 2079 Quocirca
2351 2027 2411 2066 se
2441 2011 2596 2066 illum
2627 2020 2841 2065 oratum
2892 2010 3030 2065 velle
3073 2019 3134 2064 ut
3159 2009 3228 2065 de
3266 2010 3350 2063 his
3380 2008 3547 2062 rebus
3573 2015 3628 2061 et

2040 2104 2319 2175 loquendo
2348 2117 2401 2159 et
2420 2105 2712 2159 scribendo
2740 2102 3129 2173 supersedeat;
3164 2101 3367 2171 quippe
3425 2099 3521 2168 qui
3557 2097 3626 2152 de

2042 2198 2112 2252 iis
2138 2212 2336 2267 pauca,
2374 2196 2470 2251 adt
2496 2195 2633 2249 nihil
2661 2196 2902 2258 noverit,
2929 2195 3040 2249 imo
3072 2208 3203 2249 vero
3229 2193 3395 2248 etiam
3420 2190 3626 2260 scripta

2034 2290 2171 2360 jam,
2206 2299 2262 2342 ut
2290 2289 2480 2342 multis
2512 2302 2621 2341 non
2665 2285 2966 2357 vulgariter
3013 2285 3290 2348 nocitura,
3320 2281 3624 2352 disperdat.

2043 2380 2170 2435 Haec
2190 2379 2488 2449 Gregorius
2528 2385 2585 2431 et
2611 2376 2746 2431 socii
2774 2376 3056 2430 Barlaamo
3074 2390 3170 2445 per
3192 2382 3624 2432 oratorem,eum

2043 2486 2175 2542 spe,
2230 2470 2662 2543 admonitionem
2688 2469 2832 2522 hanc
2866 2466 3224 2536 petulantiam
3264 2464 3384 2532 ejus
3428 2462 3629 2530 lingua:

2043 2563 2434 2617 eoercituram.
2470 2558 2627 2626 Quod
2675 2573 2834 2613 secus
2883 2555 3093 2611 evenit.
3136 2555 3208 2611 Ut
3236 2552 3383 2609 enim
3416 2553 3630 2620 legatus

2042 2654 2267 2709 Patrum
2297 2653 2464 2707 verba
2512 2651 2562 2706 ei
2607 2649 2906 2714 recensuit,
2949 2647 3018 2702 ad
3064 2655 3261 2702 eretcra
3302 2643 3525 2713 quidem
3563 2657 3624 2696 se

2046 2747 2359 2811 continuit,
2395 2746 2578 2800 lucem
2613 2751 2798 2798 autem
2845 2742 2897 2795 in
2934 2739 3156 2794 Thabor
3194 2738 3492 2792 incrcatam
3530 2749 3632 2787 au-

2045 2840 2202 2895 diens
2230 2880 2246 2905 ,
2275 2838 2320 2894 0
2360 2852 2475 2892 rem
2509 2835 2802 2892 absurdam
2825 2876 2840 2901 ,
2882 2831 3345 2904 333-exclamat
3366 2871 3380 2894 ,
3422 2827 3632 2881 fumum

2045 2928 2193 2983 enim
2218 2927 2507 2997 fugientes,
2542 2928 2595 2979 in
2628 2926 2807 2994 ignem
2839 2922 3165 2975 incidimus.
3200 2917 3367 2981 Audi,
3401 2915 3631 2977 coelum,

2046 3032 2101 3076 et
2135 3020 2366 3076 auribus
2394 3019 2639 3089 percipe,
2675 3028 2840 3073 terra.
2869 3013 2982 3068 Lux
3010 3013 3064 3066 in
3092 3011 3314 3065 Thabor
3344 3009 3587 3062 increata
3616 3025 3631 3067 ;

2048 3112 2183 3183 quid
2212 3127 2345 3181 ergo
2371 3110 2461 3164 illa
2485 3108 2658 3172 aliud,
2692 3107 2797 3160 nisi
2823 3106 2965 3160 Deus
2993 3101 3298 3159 secundum
3328 3099 3457 3154 vos?
3484 3098 3634 3153 Nihil

2047 3204 2193 3261 enim
2231 3203 2561 3263 increatum,
2610 3198 2719 3254 nisi
2754 3197 2915 3252 Deus.
2954 3195 3010 3249 Si
3062 3200 3241 3247 autem
3262 3192 3448 3246 lumen
3498 3190 3634 3244 illud

2049 3310 2229 3365 neque
2288 3309 2378 3347 res
2453 3290 2674 3346 condita
2700 3330 2715 3354 ,
2748 3301 2927 3358 neque
2964 3285 3054 3340 Dei
3099 3292 3293 3338 natura
3321 3291 3426 3349 est,
3466 3281 3635 3335 Deum

2050 3389 2189 3441 enim
2238 3401 2389 3441 nemo
2441 3383 2573 3436 vidit
2621 3378 2922 3450 unquam‘,
2971 3374 3104 3446 quid
3159 3374 3430 3443 reliquum
3460 3409 3475 3434 ,
3527 3371 3633 3425 nisi

2050 3462 2149 3535 vos
2196 3478 2415 3532 duobus
2459 3474 2568 3529 diis
2605 3471 2835 3534 servire,
2868 3468 2964 3523 uni
3006 3464 3228 3536 quidem
3271 3464 3519 3519 omnium
3557 3463 3636 3516 la-

2051 3570 2334 3633 bricatori,
2374 3582 2538 3638 quem
2582 3575 2639 3620 et
2675 3562 3128 3634 inaspectabilem
3177 3573 3371 3612 omnes
3403 3557 3637 3612 conﬁte-

2050 3680 2209 3725 mur;
2244 3659 2406 3715 alteri
2434 3673 2568 3712 vero
2597 3671 2665 3710 ex
2695 3653 2968 3709 sententia
3000 3660 3180 3707 vestra
3211 3652 3313 3705 sub
3350 3657 3634 3718 aspectum

2051 3757 2289 3818 cadenti,
2310 3763 2367 3807 et
2389 3752 2634 3805 increato
2652 3748 2851 3802 lumini
2870 3746 2894 3799 ?
2915 3747 3022 3816 Ego
3043 3760 3176 3800 vero
3197 3742 3341 3798 haud
3367 3757 3632 3810 unquam,

2051 3846 2315 3920 quidquid
2367 3842 2585 3897 tandem
2621 3840 2726 3905 sit,
2759 3855 2789 3892 a
2830 3838 3017 3891 diuina
3079 3835 3319 3890 essentia
3356 3833 3636 3888 diversum

2052 3958 2117 3997 ac
2143 3940 2481 4007 discrepans,
2518 3933 2820 3987 increatum
2853 3929 3183 3989 arbitrabor.
3217 3927 3293 3994 Ex
3325 3926 3413 3979 his
3434 3938 3639 3980 sermo-

2051 4034 2240 4089 nibus.
2286 4029 2438 4083 velut
2480 4042 2510 4080 a
2555 4025 2873 4079 carceribus
2915 4021 3147 4080 adesus.
3194 4027 3384 4073 contra
3429 4016 3638 4086 Grego-

2052 4128 2197 4183 rium
2239 4123 2487 4191 aliosque
2538 4120 2838 4173 monachos
2907 4114 3077 4168 multa
3131 4111 3300 4166 verbo
3331 4119 3386 4163 et
3430 4110 3639 4177 scripto

2053 4217 2367 4281 blatcravit,
2417 4223 2614 4284 praeter
2659 4220 2853 4264 caetera
2895 4207 3060 4284 etiam
3114 4203 3344 4266 διθεῖαν,
3393 4200 3489 4272 [id
3528 4208 3635 4261 est,

2054 4280 2844 4372 divinitatem-duplicatam]
2894 4280 3031 4368 ipsis
3080 4293 3299 4348 crimini
3350 4292 3487 4345 dans
3564 4290 3636 4341 At

2053 4406 2200 4459 enim
2259 4414 2363 4454 nec
2420 4395 2613 4450 Patres
2670 4407 2728 4447 se
2776 4390 2955 4461 palam
3011 4385 3156 4442 tueri
3209 4382 3528 4454 parcebant,
3586 4390 3641 4435 cl.

2056 4493 2371 4554 ostendere,
2411 4490 2567 4542 illum
2619 4492 2936 4554 corruptam
2985 4478 3292 4536 doctrinam
3333 4486 3392 4529 et
3453 4473 3637 4526 divina

375 4576 481 4628 τῶν
509 4577 682 4630 ἄλλων
722 4578 999 4648 μοναχῶν,
1034 4580 1172 4649 πρὸς
1235 4585 1351 4645 τοῖς
1397 4567 1809 4657 πρότερονήκαῖ
1863 4592 1945 4645 δι·

2055 4585 2323 4658 sapieutia
2346 4581 2583 4637 eruditis
2606 4576 2876 4647 theologis
2901 4574 3234 4628 contrariam
3260 4567 3635 4658 introducere.

348 4669 524 4722 ’θεῖπν
585 4670 854 4734 ἐγκαλῶν.
909 4673 984 4726 Οὐ
1036 4677 1145 4743 μὴν
1189 4675 1312 4729 οὐδὲ
1351 4679 1552 4734 ἐκεῖνοί
1600 4698 1665 4750 γε
1706 4683 1952 4753 ἠμέλουν

374 4761 466 4814 τοῦ
501 4761 576 4832 μὴ
598 4763 906 4834 ἀντιλέγειν
936 4767 1189 4838 φανερῶς
1207 4770 1300 4822 καὶ¹
1329 4770 1712 4842 διεφθαρμένα
1743 4774 1952 4845 δόγμα-

376 4867 441 4902 τι
472 4853 766 4918 εἰσάγοντα
794 4854 1182 4910 ἀποδεικνύναι
1210 4860 1305 4942 καὶ
1327 4865 1439 4923 τοῖς
1464 4860 1742 4932 θεοσόφοις
1774 4866 1952 4933 λόγοις

377 4944 616 4999 ἐναντία.
661 4947 934 5018 Βαρλαάμ
985 4948 1042 5002 δὲ
1091 4949 1339 5021 οἰόμενος
1393 4952 1489 5005 καὶ⁸
1540 4954 1650 5009 τῶν
1699 4958 1950 5028 ἀρχαίων

450 5099 463 5125 ¹
504 5092 711 5147 lJoan.
745 5107 820 5156 tv,
856 5091 944 5146 l2.

2054 4654 2373 4735 Barlaamus
2406 4678 2589 4726 autem
2620 4666 2876 4735 antiquos
2906 4663 3078 4718 etiam
3121 4661 3404 4728 theologos
3435 4654 3642 4709 doctri-

2055 4787 2123 4826 na
2169 4777 2225 4824 et
2273 4766 2324 4820 vi
2373 4757 2746 4834 persuadendi
2799 4772 2859 4812 se
2927 4762 3312 4824 superaturum
3373 4749 3638 4811 conlisus,

2052 4858 2380 4917 szantium
2426 4853 2667 4920 navigat,
2693 4846 2890 4904 Joanni
2915 4861 3013 4916 per
3048 4845 3099 4898 id
3134 4854 3352 4911 tempus
3399 4841 3640 4911 patriar-

2048 4920 2165 5016 chae
2181 4942 2610 5007 commentarios
2630 4954 2760 4996 suos
2775 4942 2964 4993 contra
2989 4934 3286 4989 monachos
3304 4931 3468 4985 tradit
3487 4932 3533 5002 ('3
3544 4929 3576 4982 9
3584 4939 3597 4996 }
3620 4968 3636 4994 ,

1652 5191 1868 5255 Jacobi
1901 5188 2173 5258 Pontani
2205 5193 2392 5247 notae.

374 5293 588 5359 sibique
630 5302 887 5361 acceptos
919 5291 1109 5346 testari
1141 5289 1334 5345 voluit.
1375 5290 1580 5346 Verum
1631 5294 1765 5348 illud
1810 5295 1951 5350 divi-

376 5380 504 5441 unm
536 5363 765 5441 dumen.
795 5371 1062 5441 creatum
1098 5361 1372 5441 quoddam
1424 5362 1807 5441 lumen'fuit.
1840 5381 1949 5421 non

375 5433 680 5487 divmitatis
709 5432 902 5499 ipsius,
934 5443 993 5487 ut
1051 5431 1234 5501 inepte
1268 5440 1324 5484 et
1358 5431 1577 5486 indocte
1614 5431 1951 5490 Fatiocinan-

377 5514 465 5555 tur
498 5505 584 5555 isu
614 5503 884 5566 Graeculi;
916 5517 1038 5555 nam
1070 5510 1124 5555 et
1150 5501 1372 5571 quidam
1406 5503 1651 5572 integros
1680 5504 1852 5559 libros
1884 5521 1952 5560 ea

372 5574 443 5627 de
477 5590 531 5626 re
564 5575 921 5635 scripserunt.
1599 5592 1604 5597 -

2049 5297 2206 5362 m’que
2234 5303 2355 5343 cum
2384 5283 2614 5362 elev_aret
2633 5278 2836 5362 oculos,
2858 5277 2990 5362 vidit
3049 5277 3275 5362 desuper
3308 5271 3495 5362 sariunt
3523 5287 3641 5337 ape-

2301 5354 2526 5410 diductis
2559 5350 2781 5424 tenebris
2813 5349 3022 5401 radium
3054 5350 3123 5400 ad
3146 5344 3199 5424 se
3237 5344 3367 5397 lucis
3398 5344 3638 5424 inﬂuere.

2203 5412 2319 5500 ejus
2343 5424 2650 5500 splendoris
2673 5422 2978 5500 adventum.
3003 5432 3096 5469 nec
3114 5416 3425 5500 'drr'm'oumn
3448 5412 3642 5500 aliquis

2053 5484 2330 5576 eam,
2361 5484 2408 5549 ἐι
2442 5494 2676 5576 corporis
2705 5484 3393 5576 d0‘“'2.,"?‘f‘f".‘,i’.’.9.f‘?‘f.‘f‘.i
3416 5491 3514 5576 #3:-

2280 5553 2571 5637 G'regoras',
2597 5564 2695 5617 ιιι).
2732 5577 2761 5614 x
2793 5558 3011 5640 {Quare
3038 5557 3230 5609 veritus
3264 5553 3545 5640 Iliari'uam.‘
3575 5567 3641 5604 ne

447 5621 733 5710 (ῖθίῖίοξί
747 5621 1086 5711 descriptam
1120 5642 1287 5712 hujus
1317 5642 1652 5698 sanctissimi
1688 5643 1787 5696 viri
1859 5660 1960 5713 pu-
2060 5621 2441 5713 monachorum
2471 5621 2739 5713 munibus
2787 5621 3638 5713 discerperetur,“piurillzua‘

376 5730 536 5784 gn-m
566 5729 689 5765 eum
736 5713 1101 5784 tlmtrtoitibtis,
1153 5713 1227 5766 ita
1275 5714 1506 5784 legimus
1555 5713 1612 5767 in
1659 5714 1784 5784 ejus
1816 5714 1958 5777 Vita,

375 5782 532 5837 cu'us
561 5794 750 5836 auctor
788 5792 874 5836 est
915 5782 975 5835 D.
1006 5783 1340 5838 Athanasius
1375 5802 1386 5837 :
1423 5783 1544 5838 Non
1581 5783 1773 5837 oblitus
1805 5784 1963 5837 Iesus

375 5801 756 5906 coiiuctationis
777 5854 913 5906 servi
937 5855 1041 5906 sui.
1072 5854 1238 5906 eidem
1258 5863 1517 5906 protector
1544 5856 1711 5906 factus
1739 5864 1836 5906 est.
1867 5854 1963 5906 De-

2060 5691 2367 5768 te'i'e'nionte
2395 5707 2546 5767 Atho,
2579 5713 2628 5755 et
2681 5691 3058 5755 Thessalon’icte
3089 5712 3151 5748 ac
3184 5691 3642 5768 Byzantiiaccolis

2066 5761 2449 5852 Ebiﬂiiéuubus
2489 5778 2503 5840 (
2532 5761 2788 5844 putabant
2830 5772 2970 5852 enim
3002 5761 3353 5852 ignominiam
3390 5761 3541 5814 illam
3574 5761 3643 5813 ad

375 5836 756 5909 colluctationis
777 5836 1041 5921 serviani,
1072 5836 1711 5926 eidemprotecﬁtorrfactus
1739 5836 1971 5909 ξεί.ῡῷ
2068 5836 2249 5912 omnes
2294 5864 2440 5906 a'aue
2496 5836 2799 5916 pertinere)
2847 5836 3494 5905 σοηδίαηίῖηοροίίιαηωη
3548 5848 3645 5902 im"
