4060 6470
295 428 406 487 673

1483 414 1850 476 HISTORIA
1865 414 2030 477 liUM
2067 417 2303 480 LIBER
2343 417 2426 484 II.

3489 433 3595 500 674

293 542 489 606 δείξεις
543 538 652 592 τῶν
704 534 1042 606 λεγομένων,
1097 529 1158 584 οὐ
1193 527 1576 600 συλλογισμοῖς
1595 530 1884 620 χρώμενος

1990 530 2280 602 tthIOgiae
2304 534 2613 602 peritorum
2630 534 2920 593 hominum
2947 536 3151 609 eﬂatis,
3179 558 3301 614 quae
3326 543 3438 602 illis
3464 547 3592 620 Spi-

293 636 393 717 καὶ
443 631 855 703 γεωμετρικαῖς
908 625 1178 694 ἀνάγκαις
1235 624 1378 695 (οὑδὲ
1416 624 1523 696 γάρ
1563 618 1678 678 οἷόν
1730 641 1793 717 τε

292 714 405 781 τῶν
432 724 555 780 καθ’
587 725 737 794 ἡμᾶς
779 718 1168 776 ἀποδεικνύναι
1214 717 1283 770 τά
1327 715 1470 788 ὑπὲρ
1510 716 1719 788 ἡμᾶς),
1747 714 1885 769 ἀλλά

297 822 407 882 tot;
435 817 614 886 λόγοις
647 815 756 869 τῶν
796 813 973 881 ἀγίων
1024 811 1119 864 καὶ
1141 808 1411 875 θεολόγων
1432 807 1662 878 ἀνδρῶν,
1700 807 1792 869 οὓς
1823 807 1884 859 τὸ

303 909 523 978 Πνεῦμα
571 907 634 960 τὸ
668 904 826 974 ἅγιον
867 901 1210 973 ἐχρημάτισε
1261 899 1333 952 δι’
1362 897 1563 964 αὐτῶν,
1616 890 1661 966 ᾧ
1705 899 1884 952 πάντα

302 1003 606 1071 ἐρευνᾶται,
640 1000 734 1051 καὶ
781 999 850 1050 τὰ
877 995 1022 1067 βάθη
1063 992 1157 1046 τοῦ
1203 991 1339 1045 Θεοῦ
1362 1008 1377 1021 ’
1410 991 1702 1045 ἀπεδείκνυ
1733 1010 1792 1044 τε
1820 994 1885 1046 ἐκ

301 1093 512 1146 πολλῶν
546 1091 655 1145 τῶν
704 1088 1021 1157 λεγομένων
1051 1085 1113 1137 τὺ
1161 1083 1302 1137 κατά
1333 1082 1394 1136 τὺ
1424 1082 1711 1153 Θαϐὡριον
1755 1084 1884 1147 τοὺς

307 1184 556 1253 μαθητὰς
612 1177 1034 1250 περιαστράψαν
1091 1177 1208 1244 φῶς
1234 1215 1250 1239 ,
1304 1174 1461 1241 δόξαν
1513 1174 1754 1244 ἄναρχον
1787 1175 1884 1228 τοῦ

305 1276 443 1329 Θεοῦ
462 1319 480 1341 ,
520 1276 616 1328 καὶ
654 1274 769 1343 φῶς
799 1273 1076 1339 θεότητος,
1116 1267 1212 1320 καὶ
1243 1266 1499 1336 θεότητα,
1524 1268 1621 1347 καὶ
1654 1270 1885 1336 φυσικὸν

311 1368 407 1421 καὶ
428 1368 601 1421 ἀΐδιον
629 1367 724 1420 τοῦ
745 1365 881 1418 Θεοῦ
914 1364 1048 1433 φῶς,
1079 1363 1176 1416 καὶ
1208 1362 1310 1416 ὅσα
1338 1362 1566 1414 τοιαῦτα
1591 1361 1745 1433 παρά
1770 1364 1886 1425 τοῖς

309 1458 582 1525 θεολόγοις
633 1456 1022 1527 πιστευόμενόν
1060 1472 1122 1507 τε
1172 1454 1267 1507 καὶ
1310 1454 1882 1537 προσαγορευόμενον.

308 1544 444 1601 Εἶτα
475 1552 539 1602 ἐκ
585 1548 694 1601 τῶν
742 1548 957 1617 ῥήσεων
988 1545 1117 1619 ’τῶν
1153 1545 1483 1613 θεολογικῶν
1531 1549 1885 1616 συνεπέραινε

307 1640 403 1692 καὶ
436 1639 620 1705 αὐτὸς,
641 1640 715 1702 ὡς
744 1639 805 1691 τὸ
828 1639 997 1691 ἀΐδιον
1025 1639 1119 1691 καὶ
1150 1638 1379 1705 φυσικὸν
1402 1637 1496 1690 τοῦ
1520 1637 1654 1691 Θεοῦ
1682 1640 1784 1692 οὐκ
1816 1639 1882 1692 ἂν

302 1732 389 1801 εἴη
426 1731 664 1797 κτιστὸν,
684 1731 806 1784 οὐδὲ
838 1732 872 1801 ἡ
895 1731 1129 1800 ἄναρχος
1157 1729 1287 1796 δόξα
1319 1732 1414 1784 καὶ
1446 1730 1477 1800 ἡ
1508 1730 1759 1801 βασιλεία
1789 1730 1885 1784 τοῦ

301 1821 478 1886 Θεοῦς
530 1821 641 1875 οὐδ’
685 1822 786 1876 ὅσα
831 1821 966 1892 πρὸς
1017 1822 1129 1875 τῶν
1165 1821 1433 1890 θεολόγων
1464 1822 1529 1875 τὸ
1562 1822 1677 1891 φῶς
1705 1823 1880 1876 ἐκεῖνο

305 1912 567 1983 ὕμνηται.
613 1913 738 1967 Ἐπὶ
766 1913 978 1976 τούτοις
1007 1913 1064 1965 δὲ
1107 1914 1199 1965 καὶ
1224 1913 1317 1965 τὸν
1345 1912 1450 1965 ὑπὸ
1473 1913 1581 1965 τῶν
1610 1913 1753 1966 κατά
1788 1913 1877 1965 τὸν

307 2004 461 2055 Ἀῠω
493 2000 657 2057 ὁσίων
709 2001 921 2073 ἀνδρῶν
963 2001 1380 2071 συντεθειμένον
1425 2001 1647 2071 παρῆγε
1692 2001 1882 2072 τόμον,

304 2093 364 2155 ὃς
382 2092 531 2162 αὐτῷ
557 2093 656 2163 μὲν
684 2095 979 2163 συνηγόρει
1011 2092 1088 2156 ῶς
1110 2092 1180 2146 τά
1211 2092 1303 2146 ἶσα
1349 2092 1461 2154 τοῖς
1519 2092 1693 2160 ἁγίοις
1721 2093 1889 2161 φθεγ-

303 2180 547 2251 γομένῳ.
610 2179 881 2250 Βαρλαάμ
933 2180 991 2232 δέ
1030 2178 1384 2250 βλασφημίαν
1412 2179 1510 2231 καὶ
1563 2180 1886 2247 κακοδοξίαν

302 2272 599 2343 κατηγόρει
633 2272 862 2342 πολλήν.
908 2271 1066 2325 Ἐπεὶ
1096 2272 1156 2325 δὲ
1180 2273 1247 2325 ὲκ
1277 2270 1491 2326 πολλῶν
1513 2271 1623 2325 τῶν
1654 2272 1887 2344 λεγομέ-

304 2382 408 2418 νων
443 2364 478 2434 ή
515 2363 641 2435 νίκη
669 2364 808 2434 πρὸς
844 2363 1148 2434 Γρηγόριον
1182 2362 1462 2418 ἀπέϐλεπε
1493 2367 1588 2418 καὶ
1619 2367 1746 2429 τοὺς
1781 2383 1881 2436 μο-

304 2458 520 2527 ναχοὺς,
556 2457 776 2510 πάντων
814 2457 914 2527 ἤδη
957 2455 1349 2525 πεπεισμένων
1398 2458 1514 2521 τοῖς
1540 2457 1727 2526 ἀγίοις
1756 2458 1886 2513 ἐπε-

302 2546 428 2601 σθαι
461 2549 558 2601 καὶ
587 2547 882 2615 θεολόγοις,
910 2548 1007 2599 καὶ
1038 2546 1115 2618 μὴ
1144 2550 1261 2611 τοῖς
1291 2549 1356 2602 ἐκ
1397 2549 1605 2612 κοιλίας
1651 2551 1882 2622 εἰρημέ-

302 2657 414 2702 νοις
468 2639 754 2711 Βαρλαάμ,
810 2639 1062 2711 συνεώρα
1107 2657 1169 2693 τε
1211 2643 1308 2694 καὶ
1361 2642 1525 2706 αὐτὸς
1552 2643 1627 2706 ὡς
1673 2645 1776 2697 οὐκ
1818 2645 1886 2698 ἂν

300 2733 604 2801 διαδράσειε
657 2733 756 2802 τῆς
805 2732 1190 2801 γλωσσαλγίας
1241 2734 1334 2786 καὶ
1390 2736 1489 2804 τῆς
1547 2734 1887 2807 βωμολοχίας

301 2827 486 2879 δοῦναι
504 2826 683 2894 δίκην,
721 2825 801 2896 τῷ
850 2826 1075 2896 μεγάλῳ
1106 2826 1420 2899 δομεστίκῳ
1465 2831 1883 2900 συνεδριάζοντι

301 2919 421 2971 ἐκεῖ
476 2916 553 2986 τῷ
582 2916 793 2988 βασιλεῖ
845 2916 1182 2989 προσελθὼν,
1237 2912 1501 2988 σύντομόν
1537 2938 1658 2974 τινα
1703 2923 1886 2992 ᾐτεῖτο

307 3009 404 3062 καὶ
434 3008 686 3080 βοήθειαν
720 3011 816 3064 καὶ
849 3009 1050 3082 βουλὴν
1101 3009 1162 3075 ἐξ
1188 3004 1257 3082 ἧς
1300 3012 1401 3081 τὴν
1423 3012 1883 3085 προσδοκωμένην

301 3099 583 3168 διαφυγεῖν
613 3099 832 3164 ἐξέσται
851 3100 1006 3170 δίκην
1024 3116 1037 3130 ·
1068 3103 1096 3154 ὁ
1121 3100 1179 3155 δὲ
1205 3102 1471 3172 πρότερόν
1500 3119 1559 3155 τε
1582 3103 1789 3171 ἔφασκε
1813 3105 1882 3157 τὰ

1989 619 2131 675 ritus
2180 632 2409 678 sanctus
2463 626 2756 695 suggessit,
2811 643 2924 696 quo
2980 632 3167 688 omnia
3226 619 3590 706 indagantur,

1987 713 2154 768 etiam
2191 716 2460 784 profunda
2499 719 2631 785 Dei;
2665 718 3011 792 docebatque
3038 725 3280 793 copiose,
3309 729 3499 784 lumen
3532 731 3591 786 in

1988 803 2228 870 Thabor,
2260 808 2409 876 quod
2443 808 2749 880 discipulos
2786 813 3157 882 collustravit,
3184 832 3309 874 esse
3353 821 3589 890 gloriam

1988 893 2107 958 Dei,
2137 896 2416 967 principio
2447 911 2750 967 carentem,
2797 913 2853 958 et
2890 906 3230 977 maiestatem
3257 909 3396 980 ejus,
3425 922 3480 965 et
3505 913 3593 966 lu-

1989 1000 2113 1040 men
2164 986 2490 1054 divinitatis,
2550 1000 2609 1045 et
2653 992 2933 1062 deitatem,
2992 1005 3048 1053 et
3100 1002 3354 1057 naturale
3426 1013 3592 1060 aeter-

1987 1090 2231 1146 numque
2286 1077 2384 1132 Dci
2417 1079 2626 1147 lumen,
2687 1092 2745 1138 et
2800 1099 3146 1157 quaecunque
3193 1091 3320 1146 talia
3365 1107 3397 1147 a
3433 1094 3595 1150 theo-

1986 1167 2125 1237 logis
2195 1168 2264 1223 de
2357 1187 2424 1226 eo
2500 1177 2802 1229 creduntur
2882 1180 3271 1250 dicunturque.
3343 1183 3595 1242 Postmo-

1988 1256 2118 1311 dum
2151 1275 2218 1314 ex
2252 1263 2620 1328 pronuntiatis
2678 1266 3002 1338 theologieis
3031 1281 3088 1326 et
3125 1274 3242 1342 ipse
3292 1258 3592 1334 conclude-

1988 1350 2101 1414 bat,
2130 1362 2402 1408 aeternum
2459 1365 2514 1411 et
2546 1361 2795 1415 naturale
2821 1361 2919 1415 Dei
2964 1378 3073 1417 non
3118 1379 3238 1420 esse
3282 1370 3588 1438 conditum,

1988 1458 2090 1497 m-c
2132 1445 2251 1514 ejus
2299 1446 2531 1516 gloriam
2582 1460 2640 1505 et
2680 1438 3047 1522 majestatem,
3090 1471 3194 1512 nec
3242 1459 3514 1531 quidquid
3556 1478 3587 1519 a

1990 1537 2260 1608 theologis
2291 1541 2425 1596 illud
2455 1543 2644 1599 lumen
2678 1560 2800 1601 esse
2841 1548 3179 1616 praedicatur
3213 1555 3582 1609 ac‘laudatur.

1986 1630 2150 1701 335
2228 1633 2501 1690 Praeterea
2554 1620 2788 1692 'tomum
2858 1655 2888 1693 a
2947 1642 3154 1697 sanctis
3228 1643 3364 1700 viris
3440 1646 3588 1716 apud

1997 1724 2143 1779 Atho
2170 1725 2553 1784 habitantibus
2573 1732 2939 1801 compositum
2966 1735 3278 1801 promebat,
3310 1753 3420 1807 quo
3462 1754 3590 1794 eum

1990 1830 2115 1869 eum
2141 1819 2345 1871 sanctis
2375 1820 2691 1875 consentire
2720 1822 3042 1887 docebatur,
3068 1836 3123 1880 et
3148 1825 3417 1882 Barlaami
3445 1828 3592 1885 blaso

1985 1908 2213 1975 phemiae
2234 1925 2602 1981 perversaque
2636 1912 2885 1969 doctrina
2919 1916 3428 1988 jredarguebantur.
3452 1918 3588 1976 Cum

1977 2000 2089 2070 jam
2132 2009 2259 2069 post
2286 2001 2504 2074 longam
2541 2005 2979 2075 disputationem
3004 2009 3242 2066 victoria
3274 2012 3339 2066 ad
3378 2010 3593 2082 Grego-

1986 2092 2131 2146 rium
2209 2102 2268 2148 et
2319 2095 2619 2151 monachos
2667 2096 2983 2163 inclinaret,
3027 2101 3419 2171 persuasisque
3467 2104 3590 2157 uni-

1986 2185 2187 2252 versis,
2216 2196 2534 2242 sanctorum
2564 2198 2621 2244 et
2681 2190 3065 2261 theologorum
3097 2193 3323 2262 placita,
3351 2209 3462 2250 non
3489 2211 3589 2250 au-

1989 2284 2098 2332 tem
2123 2291 2188 2331 ex
2223 2267 2766 2336 cerebro'Barlaami
2799 2282 3049 2353 profecta
3098 2296 3411 2342 commenta
3465 2303 3585 2342 am—

1987 2364 2313 2436 plectentia,
2354 2368 2684 2440 videretque
2744 2370 2863 2440 ipse
2894 2413 2910 2438 ,
2959 2386 3072 2427 non
3115 2372 3470 2445 effugiturum
3503 2393 3583 2438 se.

1987 2457 2121 2527 quin
2184 2458 2472 2529 loquacem
2540 2460 2989 2518 maledicentiam
3053 2473 3111 2520 et
3187 2466 3587 2524 scurrilitatem

1991 2564 2146 2606 suam
2178 2551 2376 2617 lueret,
2408 2551 2475 2607 ad
2521 2567 2780 2624 magnum
2857 2553 3223 2610 domesticum
3258 2556 3586 2625 imperatori

2013 2641 2344 2696 assidentem
2377 2643 2666 2709 accedens,
2699 2645 3171 2715 compendiarium
3198 2648 3477 2716 quoddam
3516 2648 3588 2703 ab

1987 2745 2055 2786 eo
2082 2731 2367 2803 rauxilium
2399 2743 2454 2789 et
2503 2734 2797 2789 consilium
2855 2734 3135 2806 ﬂagitabat
3168 2777 3185 2803 ,
3249 2752 3360 2806 quo
3409 2738 3589 2792 inuni-

1985 2830 2205 2876 nentem
2234 2838 2456 2892 pinnam
2487 2825 2774 2881 evaderet.
2810 2825 2948 2880 Tum
2992 2827 3105 2892 ille,
3131 2836 3187 2882 et
3209 2837 3368 2884 antea
3395 2843 3453 2883 se
3480 2844 3584 2898 op-

1985 2920 2220 2981 portuna
2254 2915 2517 2980 suasisse,
2548 2914 2680 2969 dum
2737 2930 2767 2971 a
2820 2917 2981 2986 longa
3011 2933 3139 2973 eum
3190 2918 3584 2988 digladiatione

1987 3003 2315 3070 deterreret,
2347 3015 2403 3060 et
2468 3006 2537 3060 ad
2567 3006 2904 3062 credendum
2945 3008 3229 3063 monachis
3257 3049 3272 3076 ,
3307 3018 3495 3078 utpote
3530 3011 3588 3066 in

1985 3094 2073 3148 his
2104 3094 2541 3164 sapientioribus
2572 3097 2894 3153 hortaretur
2944 3117 2958 3153 :
2997 3109 3054 3154 et
3103 3115 3253 3155 nunc
3299 3100 3588 3155 nihilomi-

302 3189 490 3242 δέοντα
511 3188 897 3257 βεϐουλεῦσθαι
919 3190 1090 3261 αὐτῷ,
1125 3191 1413 3263 παραινῶν
1438 3192 1536 3263 τῆς
1561 3192 1764 3264 πολλῆς
1790 3211 1883 3263 φι-

1988 3199 2095 3242 nus
2121 3202 2436 3253 suasurum,
2460 3186 2843 3260 facturumque
2871 3190 3017 3259 quod
3049 3190 3126 3244 illi
3155 3190 3417 3260 prodesse
3461 3208 3588 3261 pos-

303 3283 575 3345 λονεικίας
601 3283 961 3352 ἀποσχέσθαι,
996 3286 1088 3337 καὶ
1136 3284 1426 3339 πείθεσθαι
1466 3288 1579 3347 τοῖς
1627 3290 1893 3357 μοναχοίςι

301 3372 382 3434 ὡς
404 3372 473 3428 τά
493 3372 717 3427 τοιαῦτα
750 3375 1083 3446 σοφωτέροις
1107 3393 1121 3408 ο
1151 3376 1247 3430 καὶ
1277 3376 1373 3431 νῦν
1392 3377 1548 3431 οὐδὲν
1567 3374 1732 3450 ἦττον
1763 3379 1888 3449 βου-

302 3459 591 3514 λεύσεσθαι
622 3460 715 3514 καὶ
748 3462 981 3533 πράξειν
1010 3464 1079 3516 τὰ
1100 3464 1421 3517 συνοίσοντα
1444 3465 1585 3535 ὑπὲρ
1610 3465 1797 3520 αὑτοῦ.
1822 3466 1884 3521 Εί

301 3555 412 3622 γὰρ
439 3552 577 3621 μήτε
607 3553 912 3621 ἀντιλέγειν
943 3554 1024 3609 ἔτι
1048 3556 1184 3627 πρὸς
1212 3557 1280 3609 τὰ
1314 3558 1713 3628 προτεινόμενα
1741 3560 1883 3629 ἔχει,

280 3644 536 3697 κπέπεικέ
585 3663 645 3698 τε
700 3646 898 3699 ἑαυτὸν
929 3646 1007 3710 ὡς
1061 3645 1261 3716 βελτίω
1315 3649 1412 3701 καὶ
1451 3649 1769 3718 δικαιότερα
1791 3654 1885 3705 καὶ

303 3738 416 3799 τοῖς
438 3737 614 3805 ἁγίοις
644 3737 854 3806 συνῳδὰ
874 3735 1211 3806 φθέγγονται
1232 3739 1281 3791 oi
1323 3740 1574 3810 μοναχοὶ,
1601 3741 1654 3793 τί
1681 3741 1763 3794 δεῖ
1783 3741 1882 3812 τὴν

303 3829 481 3896 ψῆφον
511 3827 637 3882 κατ’
669 3828 836 3882 αὑτοῦ
864 3828 1209 3900 ἐξαγομένην
1237 3830 1561 3902 περιμένειν
1593 3832 1833 3885 κατιδεῖν
1861 3870 1884 3899 ,

300 3920 437 3975 ἀλλά
488 3919 564 3990 μὴ
620 3921 885 3991 πρότερον
918 3920 1329 3989 ἐξαναστάντα,
1362 3923 1466 3995 τήν
1495 3940 1556 3976 τε
1603 3926 1882 3995 προτέραν

300 4008 521 4074 ἄγνοιαν
548 4009 638 4062 ἐπὶ
661 4010 875 4064 πάντων
888 4010 1196 4081 ὁμολογεῖν,
1225 4013 1319 4067 καὶ
1341 4013 1441 4084 τὴν
1465 4012 1561 4068 νῦν
1583 4016 1882 4085 ἐπίγνωσιν

299 4099 399 4169 τῆς
411 4100 688 4170 ἀληθείας,
716 4103 941 4165 καὶτοῖς
963 4118 1025 4155 τε
1049 4104 1230 4172 ἁγίοις
1260 4104 1547 4159 πείθεσθαι
1573 4108 1886 4173 συνθέσθαι,

305 4193 401 4245 καὶ
420 4192 519 4263 τὴν
536 4192 736 4263 ἔχθραν
754 4192 1048 4248 καταλύειν
1064 4195 1165 4265 τὴν
1182 4195 1321 4266 πρὸς
1339 4195 1466 4260 τοὺς
1489 4180 1758 4267 μοναχούς
1782 4215 1798 4262 ;
1825 4201 1883 4252 Ei

300 4281 411 4351 γὰρ
440 4280 613 4334 ταῦτα
641 4281 969 4351 πειθόμενος
992 4283 1144 4354 αὐτῷ
1174 4285 1415 4354 ποιήσει,
1444 4285 1569 4338 οὕτε
1596 4285 1770 4356 βλάϐη
1800 4304 1883 4351 τις

300 4373 490 4443 ἕψεται
521 4376 585 4428 ἐκ
611 4376 718 4428 τῶν
746 4375 922 4444 λόγων
945 4374 1192 4447 οὐδεμία,
1228 4376 1485 4448 βασιλεύς
1509 4395 1569 4432 τε
1592 4380 1687 4433 καὶ
1713 4381 1763 4433 οἱ
1786 4381 1879 4434 ἀλ-

300 4465 382 4518 λοι
421 4467 620 4528 πάντες
651 4467 1033 4521 ἐπαινέσονται
1076 4468 1177 4539 τῆς
1221 4470 1358 4540 πρὸς
1393 4470 1461 4523 τὰ
1494 4469 1690 4540 βελτίω
1718 4489 1884 4541 μετα-

1988 3278 2081 3334 sit.
2118 3277 2175 3333 Si
2233 3280 2383 3333 enim
2428 3295 2531 3335 nec
2560 3280 2628 3335 ad
2657 3280 2820 3335 allata
2872 3281 2929 3335 in
2989 3282 3228 3336 medium
3287 3282 3575 3338 refellendi

1986 3385 2154 3425 causa
2178 3370 2479 3441 quidquam
2512 3371 2699 3428 dicere
2726 3371 2957 3429 haberet
3007 3375 3266 3444 amplius,
3297 3376 3581 3431 crederet-

2000 3478 2107 3533 que
2138 3464 2440 3520 monachos
2474 3465 2702 3520 meliora
2735 3474 2790 3520 et
2826 3466 3063 3537 justiora
3115 3478 3171 3522 et
3217 3470 3423 3524 sanctis
3456 3483 3584 3524 con.

1986 3564 2249 3628 sentanea
2306 3555 2608 3622 disserere,
2661 3556 2796 3628 quid
2847 3574 2987 3628 opus
3040 3566 3185 3613 esset
3236 3567 3579 3628 exspectare,

1993 3644 2171 3701 donec
2200 3654 2322 3700 atro
2353 3647 2569 3703 calculo
2611 3663 2671 3703 se
2703 3648 2956 3703 damnari
3011 3649 3226 3705 videret
3254 3650 3278 3703 ?
3309 3647 3452 3714 Quin
3485 3666 3584 3721 po-

1991 3735 2103 3789 tius
2134 3745 2482 3803 exsurgeret,
2506 3735 2861 3806 prioremque
2897 3736 3173 3792 inscitiam
3224 3745 3282 3792 et
3333 3738 3575 3808 agnitam

1992 3826 2282 3881 veritatem
2307 3827 2485 3897 palam
2508 3828 2889 3894 confiteretur,
2912 3836 2968 3883 et
2986 3828 3190 3885 sanctis
3217 3827 3585 3884 assentiretur

1990 3914 2422 3988 inimicitiasque
2444 3935 2569 3975 cum
2589 3921 2880 3977 monachis
2895 3931 3149 3991 poneret.
3169 3920 3227 3978 Si
3250 3936 3310 3977 se
3333 3921 3575 3987 audiret,

1991 4024 2170 4079 neque
2197 4009 2517 4065 detrimenti
2543 4010 2843 4081 quidquam
2869 4021 3214 4076 secuturum,
3245 4020 3301 4067 et
3332 4014 3571 4083 impera-

1970 4110 2165 4156 .torem
2203 4111 2535 4171 ceterosque
2592 4104 3010 4158 conversionem
3078 4104 3197 4174 ejus
3223 4103 3575 4160 laudaturos.

1985 4191 2106 4247 Non
2139 4193 2288 4248 enim
2317 4202 2426 4248 tam
2452 4194 2676 4265 dignum
2707 4208 2829 4249 esse
2861 4195 3109 4249 accusari
3143 4194 3236 4263 qui
3272 4211 3302 4250 a
3333 4196 3567 4255 veritate

1988 4285 2348 4353 aberraverit,
2380 4301 2547 4356 quam
2587 4286 2989 4351 commendari,
3023 4286 3119 4356 qui
3185 4286 3253 4340 ad
3296 4302 3418 4341 eam
3447 4304 3578 4342 san-

1988 4377 2093 4433 ctis
2116 4377 2254 4432 viris
2281 4386 2338 4433 et
2367 4378 2636 4449 theologis
2660 4376 2895 4434 credens
2920 4377 3143 4432 redierit
3163 4396 3177 4433 :
3196 4386 3253 4433 et
3276 4380 3579 4436 monachos

1990 4469 2296 4523 secundum
2322 4469 2473 4539 leges
2507 4470 2752 4538 ipsorum
2806 4469 3085 4540 spiritales
3126 4471 3338 4539 majore
3389 4471 3444 4523 in
3476 4485 3580 4539 po-

302 4556 484 4625 ϐολῆς.
511 4557 586 4610 Οὐ
618 4557 727 4627 γὰρ
750 4558 1007 4614 τοσοῦτον
1036 4559 1097 4613 τδ
1125 4561 1226 4631 τῆς
1260 4560 1525 4630 ἀληθείας
1556 4563 1881 4633 ἀποπλανη-

1988 4570 2196 4616 sterqu
2224 4562 2490 4616 charitate
2521 4562 2877 4632 candoreque
2901 4561 3068 4615 animi
3101 4561 3157 4616 in
3183 4576 3309 4623 eum
3338 4561 3575 4627 futuros,

303 4648 460 4716 θῆναι
491 4650 825 4721 κατηγορίας
873 4650 1044 4717 ἄξιον,
1077 4653 1201 4706 ὅσον
1229 4655 1291 4708 τὸ
1322 4655 1462 4726 πρὸς
1501 4655 1674 4728 αὐτὴν
1713 4658 1885 4712 ἐπαν-

301 4740 476 4795 ελθεῖν
506 4743 620 4805 τοῖς
668 4743 849 4812 ἁγίοις
903 4743 1227 4814 πειθόμενον
1260 4745 1355 4799 καὶ
1413 4746 1692 4816 θεολόγοις
1727 4749 1890 4802 ἐπαι-

300 4832 452 4885 νετόν
485 4849 500 4865 ο
567 4834 662 4887 καὶ
723 4837 772 4888 oi
852 4837 1082 4905 μοναχοὶ
1157 4837 1217 4890 δὲ
1300 4841 1414 4901 τοῖς
1488 4845 1888 4911 πνευματικοῖς

304 4924 619 4992 πειθόμενοι
665 4927 870 4997 νόμοις.
946 4928 1173 4996 μείζονα
1226 4930 1559 4996 ἐνδείξονται
1616 4933 1738 4987 νυνὶ
1787 4932 1887 5004 τὴν

1988 4667 2152 4723 quam
2214 4653 2369 4721 prius
2440 4652 2814 4709 amaritudine
2875 4662 2932 4708 et
2985 4653 3266 4708 simultate
3323 4651 3574 4707 fuerint:

1988 4745 2193 4815 quippe
2227 4744 2321 4814 qui
2359 4759 2468 4799 non
2495 4744 2757 4798 convitiis
2788 4744 2840 4798 in
2873 4760 2931 4799 se
2964 4744 3180 4812 effusis,
3212 4760 3409 4821 verum
3445 4760 3574 4814 per-

1987 4836 2236 4891 versitati
2275 4836 2541 4890 doctrinae
2574 4835 2967 4891 ecclesiasticas
3004 4839 3265 4891 resistant
3302 4855 3314 4890 :
3370 4838 3579 4906 quibus

1989 4928 2153 4992 bene,
2187 4936 2350 4998 atque
2383 4936 2442 4980 ut
2467 4927 2626 4982 decet
2668 4927 3086 4989 demonstratis,
3119 4928 3161 4982 si
3210 4927 3259 4982 ei
3308 4927 3454 4982 facta
3500 4929 3575 4983 sit

303 5014 484 5081 φιλίαν
511 5015 649 5082 πρὸς
690 5014 749 5067 σὲ
784 5014 881 5082 καὶ
909 5015 1009 5084 τὴν
1043 5017 1495 5089 εὐγνωμοσύνην,
1528 5020 1562 5090 ἢ
1599 5014 1734 5074 me"
1755 5023 1880 5077 ὅσον

1988 5021 2145 5081 ﬁdes,
2176 5021 2315 5074 nihil
2360 5019 2599 5088 amplius
2640 5008 3096 5084 desideraturos,
3131 5019 3225 5074 sed
3267 5019 3572 5074 correctio-

303 5105 568 5176 πρότερον
593 5105 962 5177 ἐνεδείκνυντο
991 5105 1090 5176 τὴν
1140 5108 1368 5179 πικρίαν
1412 5111 1507 5165 καὶ
1535 5112 1636 5181 τὴν
1664 5112 1885 5184 ἔχθραν,

301 5198 377 5260 ὡς
399 5198 458 5250 οὐ
491 5197 597 5249 τῶν
626 5199 707 5261 είς
733 5197 933 5261 αὐτοὺς
961 5199 1125 5252 ἕνεκα
1153 5198 1459 5269 λοιδοριῶν,
1488 5202 1625 5256 ἀλλὰ
1649 5203 1751 5273 τῆς
1772 5206 1884 5258 τῶν

300 5289 585 5357 δογμάτων
613 5289 944 5359 ἀμυνόμενοι
967 5290 1305 5361 διαστροφῆς
1323 5309 1339 5325 ο
1372 5284 1449 5346 ὧν
1482 5293 1664 5357 καλῶς
1688 5297 1783 5348 καὶ
1813 5295 1888 5359 ὡς

302 5381 578 5451 προσῆκεν
596 5381 1063 5452 ἀποδεδειγμένων
1081 5386 1128 5437 εἰ
1166 5386 1261 5437 καὶ
1294 5389 1359 5438 σὺ
1392 5385 1700 5457 πεισθείης,
1732 5388 1884 5440 οὐδὲν

299 5472 410 5525 οὐδ’
436 5473 590 5525 αὐτοὶ
617 5473 919 5543 ζητήσουσι
944 5475 1259 5546 περαιτέρω
1282 5492 1298 5508 ⁸
1327 5477 1445 5530 ἀλλ’
1463 5477 1620 5544 ἀξίαν
1650 5479 1887 5549 ἀμοιϐὴν

295 5565 405 5618 τῶν
435 5564 645 5620 πολλῶν
672 5565 851 5619 πόνων
880 5567 973 5620 καὶ
994 5566 1257 5622 κινδύνων
1287 5567 1565 5639 νομιοῦσιν
1597 5568 1743 5638 ἔχειν
1789 5569 1886 5638 τὴν

293 5658 581 5726 διόρθωσιν
609 5657 708 5726 τὴν
741 5659 863 5726 σήν.
893 5659 1159 5728 Βαρλαάμ
1199 5659 1256 5711 δὲ
1317 5661 1411 5714 καὶ
1440 5658 1589 5725 αὐτῷ
1625 5660 1724 5729 μὲν
1750 5659 1883 5727 ἐφα-

296 5765 426 5803 σκεν
446 5749 677 5818 ἀρίστην
711 5748 998 5817 φαίνεσθαι
1019 5749 1228 5821 ταύτην
1255 5751 1355 5821 τὴν
1382 5750 1580 5821 βουλήν
1599 5767 1614 5783 ·
1645 5749 1884 5804 δεδοικέυ

293 5857 380 5891 ναι
419 5839 474 5891 δὲ
514 5840 589 5909 μὴ
631 5839 731 5893 οῦκ
777 5839 1167 5912 ἐξαρκέσουσιν
1204 5842 1252 5894 oi
1309 5842 1459 5911 λόγοι
1514 5841 1651 5912 πρὸς
1673 5840 1732 5892 τὸ
1765 5845 1879 5894 τῶν

1990 5126 2115 5165 nem
2198 5109 2373 5179 ipsius
2430 5110 2726 5165 multorum
2784 5110 3033 5165 laborum
3089 5110 3576 5180 periculorumque

1990 5218 2216 5258 suorum
2249 5217 2430 5271 operae
2461 5201 2700 5271 pretium
2735 5200 3223 5270 interpretaturos.
3255 5200 3575 5255 Barlaamus

1992 5290 2283 5356 afﬁrmare,
2318 5291 2424 5346 sibi
2451 5305 2673 5360 quoque
2697 5292 2965 5359 Optimum
2996 5290 3173 5344 videri
3202 5290 3342 5344 istuc
3388 5291 3574 5344 consi-

1991 5381 2127 5436 lium
2155 5422 2170 5446 ,
2212 5382 2404 5435 timere
2433 5389 2637 5442 tamen,
2666 5396 2733 5433 ne
2760 5380 2925 5433 verba
2957 5379 3024 5433 ad
3059 5394 3118 5434 se
3148 5379 3393 5448 periculo
3424 5379 3567 5433 liba-4

1995 5473 2228 5529 randum
2284 5474 2418 5528 satis
2476 5489 2586 5528 non
2639 5474 2805 5536 sint,
2855 5472 2951 5526 sed
3000 5481 3125 5538 post
3165 5472 3568 5527 confessionem

1992 5580 2212 5635 quoque
2241 5560 2425 5633 aliqua
2462 5563 2729 5617 multetur
2771 5562 3094 5632 ignominia,
3158 5578 3282 5616 cum
3322 5564 3576 5632 probatis

1994 5670 2051 5713 et
2083 5659 2319 5728 receptis
2347 5656 2619 5726 dogmatis
2664 5672 2722 5710 se
2758 5656 3101 5724 opposuerit.
3135 5654 3275 5709 Tum
3313 5656 3573 5711 infamem

1988 5750 2126 5814 fore,
2154 5766 2252 5804 nec
2276 5750 2453 5803 locum
2490 5747 2827 5803 defensionis
2869 5745 3116 5801 retiolum
3142 5746 3207 5800 iri
3231 5748 3385 5815 quasi
3417 5747 3468 5800 id
3496 5747 3581 5802 in-

1984 5839 2130 5910 juste
2156 5839 2414 5909 patiatur,
2437 5834 2881 5910 quandoquidem
2915 5849 2974 5890 se
2990 5834 3168 5906 ipsum
3190 5835 3532 5890 damnaverit
3555 5850 3570 5890 :
