4060 6436
459 371 567 439 675

1629 361 1871 424 JOANN
1886 360 1957 418 lS
1997 352 2526 416 CANTACUZENI

3607 353 3711 418 676

465 499 522 544 ut
543 489 774 559 proinde
789 488 835 544 si
857 488 985 543 talia
1014 500 1274 557 passurus
1290 486 1383 549 sil,
1405 481 1601 539 melius
1618 481 1869 536 videatur
1885 476 2052 531 silen-

2160 470 2422 524 κινδύνων
2450 467 2760 538 ἐξαρπάσαι
2781 482 2796 498 '
2829 466 2967 521 άλλά
2994 467 3088 520 καὶ
3125 465 3270 547 μετά
3297 467 3394 539 τὴν
3418 469 3739 540 ὁμολογίαν,

460 581 538 634 tio
554 580 696 635 ferre
708 578 1001 649 judicium,
1016 588 1075 632 ut
1093 587 1149 631 et
1167 577 1331 646 336
1347 575 1399 628 in
1426 581 1703 642 posterum
1722 568 1828 623 sibi
1855 565 2052 621 factam

464 672 721 739 iujuriam
742 670 925 725 dicere
942 678 1130 739 queat,
1151 666 1485 738 etjudicium
1514 660 1757 716 revocari
1776 658 1967 727 possit.
1987 654 2056 707 At

469 778 706 832 magnus
725 762 1064 816 domesticus
1082 761 1235 814 illum
1261 756 1588 811 conﬁrmare
1611 763 1968 817 monereque,
1985 762 2053 800 ne

465 855 594 921 quid
622 853 932 921 hnjusmodi
979 860 1184 906 metuat
1208 865 1221 901 :
1248 864 1306 902 se
1333 857 1619 917 priesente,
1648 838 1785 896 nihil
1809 841 1860 895 ei
1888 841 2044 893 triste

442 955 810 999 eventurum.
830 942 929 997 Cui
957 943 1342 1009 obtemperans
1364 939 1703 998 Barlaamus,
1727 935 1781 988 in
1808 931 2050 987 medium

466 1037 672 1105 prodit,
719 1038 1051 1104 praeteritam
1077 1034 1443 1103 ignorantiam
1469 1029 1783 1095 conﬁtetur,
1834 1025 2051 1079 veniam

471 1129 543 1181 ob
571 1128 737 1181 stulte
766 1126 913 1179 dicta
946 1126 1121 1193 petit:
1158 1139 1217 1178 se
1267 1139 1375 1176 non
1428 1119 1807 1176 contentionis
1861 1131 2051 1180 causa,

477 1233 655 1284 neque
686 1214 834 1284 quod
864 1215 1244 1283 theologorum
1277 1214 1345 1266 de
1376 1213 1488 1266 Deo
1512 1210 1754 1265 decretis
1779 1223 1887 1261 non
1922 1222 2045 1261 cre-

465 1311 644 1372 deret,
675 1308 742 1360 ad
779 1307 881 1361 hos
911 1321 1196 1361 sermones
1229 1316 1578 1374 provectum,
1618 1302 1715 1356 sed
1773 1314 1900 1371 cum
1930 1300 2047 1369 ipse

465 1412 659 1452 errans
691 1397 831 1449 alios
856 1410 1047 1450 errare
1081 1394 1433 1465 Opinarelur,
1473 1393 1539 1446 ad
1578 1406 1773 1446 eorum
1806 1403 2051 1444 errorem

467 1488 878 1545 emendandum
929 1503 1147 1541 omnem
1200 1486 1540 1556 diligentiam
1601 1484 1831 1554 impigre
1884 1481 2049 1537 adhi-

472 1580 680 1632 buisse.
720 1575 877 1631 Nunc
922 1577 1082 1646 plane
1131 1574 1383 1638 credere,
1418 1574 1542 1629 illos
1573 1573 1642 1627 de
1674 1571 2047 1628 controversia

472 1667 671 1720 melius
700 1680 917 1733 sapere,
946 1672 1002 1718 et
1038 1665 1091 1718 in
1134 1664 1259 1718 aliis
1304 1662 1442 1716 nihil
1493 1662 1561 1716 ab
1616 1661 1700 1716 eis
1737 1659 2046 1725 dissidere;

468 1767 528 1811 et
569 1756 717 1825 quod
769 1755 826 1809 in
854 1755 1074 1810 Tltabor
1103 1755 1288 1808 lumen
1321 1752 1624 1821 discipulos
1663 1748 2049 1812 circuntlulsit,

468 1845 700 1915 gloriam
736 1844 831 1898 Dei
897 1843 1153 1912 principii
1198 1852 1499 1911 expertem,
1535 1848 1591 1894 et
1632 1850 1898 1895 aeternum
1930 1854 2052 1893 esse

468 1936 663 1990 lumen
691 1936 919 1989 credere
968 1950 1025 1987 se
1063 1945 1225 2002 atque
1278 1931 1555 1986 confiteri.
1593 1929 1715 1984 Mox
1748 1928 2051 2000 Gregorius

438 2026 719 2080 ‘Palamas
761 2040 886 2078 cum
940 2032 1085 2077 cmtu
1115 2039 1215 2077 suo
1243 2035 1533 2091 surgentes
1590 2020 2046 2088 Barlaamumque

468 2118 763 2187 complexi,
793 2116 1006 2171 veniam
1044 2115 1335 2185 praeteritis
1389 2113 1626 2167 libenter
1660 2112 1955 2178 dederunt,
1988 2122 2046 2165 et

469 2211 788 2278 praeclaram
848 2208 1009 2261 istam
1063 2206 1422 2260 mutationem
1466 2202 1863 2272 priedicarunt,
1910 2202 2053 2256 Deo-

443 2317 579 2387 .qne
612 2300 759 2369 pacis
794 2308 849 2354 et
894 2298 1209 2353 concordire
1239 2298 1447 2367 gratias
1476 2304 1755 2369 egerunt,
1787 2293 2052 2363 promea-

471 2402 575 2453 tes,
605 2405 705 2444 nec
731 2405 788 2444 se
817 2401 1158 2445 terrenarum
1193 2403 1257 2442 ac
1287 2386 1640 2456 pereuntium
1671 2400 1853 2439 rerum
1880 2384 2053 2452 gratia

473 2492 581 2533 tam
618 2480 819 2533 acriter
846 2492 1116 2547 pugnasse
1146 2516 1161 2539 ,
1216 2474 1312 2529 sed
1351 2489 1419 2528 ne
1450 2473 1505 2527 in
1539 2473 1724 2543 plures
1747 2471 1889 2525 malo
1922 2485 2053 2540 pro-

471 2577 695 2638 pagato,
724 2577 820 2621 aut
859 2581 1248 2636 perversorum
1298 2563 1617 2634 dogmatum
1667 2561 1912 2617 Ecclesia
1967 2576 2055 2616 re—

473 2660 743 2728 pleretur,
798 2668 894 2710 aut
944 2656 1388 2710 laetionibus'et
1439 2655 1688 2708 dissidiis
1727 2654 1781 2707 in
1835 2669 1895 2708 se
1935 2654 2052 2723 ipsa

474 2749 835 2815 divideretur,
871 2748 1002 2801 dum
1044 2747 1137 2800 alii
1187 2746 1295 2812 his,
1346 2746 1438 2800 alii
1479 2744 1590 2799 illis
1638 2744 1940 2799 adharrent.
1975 2744 2054 2797 Ac

473 2853 764 2910 preptcrea
796 2838 1090 2893 immodice
1116 2838 1387 2909 litigiosos
1412 2853 1470 2893 se
1498 2837 1845 2907 apparuisse,
1877 2836 1972 2905 qui
2000 2837 2054 2889 in

473 2932 598 2985 aliis
647 2929 906 2984 omnibus
955 2929 1020 2983 ad
1074 2929 1557 2984 mansuetudinem
1620 2938 1675 2982 et
1727 2929 1893 2981 animi
1927 2927 2057 2983 sul)-

474 3023 791 3077 missionem
820 3021 1022 3075 eruditi
1049 3023 1157 3076 sint
1194 3039 1209 3079 :
1245 3022 1551 3109 ubi.autem
1585 3018 1729 3075 Deus
1752 3021 1806 3073 in
1840 3019 2056 3088 perieu—

2156 562 2347 630 ἀτιμία
2367 577 2447 625 τις
2465 559 2627 613 αὐτοῦ
2647 559 3056 629 καταψηφισθῇ,
3085 553 3172 612 οἷα
3195 542 3267 629 δὴ·
3282 559 3426 613 κατὰ
3439 561 3548 614 τῶν
3569 562 3743 631 ὀρθῶν

2155 646 2442 715 δογμάτων
2497 641 2947 716 ἐξενηνεγμένου.
3006 648 3278 700 Kal-:61:
3345 648 3543 718 ἄτιμον
3601 647 3742 705 εἶναι

2158 737 2497 808 συμϐήσεται
2529 736 2699 806 αὐτῷ,
2733 739 2831 791 καὶ
2882 738 3008 807 μηδ’
3035 740 3336 808 ἀπολογίαν
3371 744 3492 793 τινα
3517 740 3744 812 ὕστερον

2154 827 2300 897 ἔχειν
2330 828 2407 905 ὡς
2429 826 2490 881 οὐ
2514 827 2741 890 δικαίως
2772 829 2999 881 τοιαῦτα
3035 830 3220 895 πάθοι,
3256 824 3344 883 οἶα
3373 832 3437 900 δὴ
3469 833 3560 884 καὶ
3584 834 3744 887 αὐτὸν

2154 918 2635 988 κατεψηφισμένον
2662 918 2859 971 ἑαυτοῦ
2883 934 2896 949 ⁸
2934 918 3010 982 ὡς
3038 920 3089 971 εῐ
3108 937 3172 987 γε
3205 920 3431 974 τοιαῦτα
3460 924 3739 976 πείσεσθαι

2157 1003 2365 1073 μέλλοι,
2388 1004 2593 1073 βέλτιον
2618 1008 2798 1075 σιωπῇ
2828 1007 2928 1075 τὴν
2973 1006 3131 1077 δίκην
3163 1009 3431 1076 ἐνεγκεῖν,
3458 1010 3599 1062 ὥστε
3646 1012 3736 1062 καὶ

2154 1093 2400 1158 εἰσαῦθις
2426 1095 2718 1165 ἠδικῆσθαι
2769 1094 2951 1163 λέγειν
2977 1095 3264 1161 δύνασθαι,
3301 1101 3396 1152 καὶ
3444 1101 3542 1166 τὴν
3585 1101 3735 1166 δίκην

2155 1186 2564 1241 ἀνακαλεῖσθαι.
2599 1187 2656 1241 Ὀ
2695 1182 2870 1256 μέγας
2900 1188 2957 1240 δὲ
2980 1188 3308 1257 δομέστικος
3362 1193 3743 1263 παρεθάρρυνέ

2156 1296 2239 1345 τε,
2275 1282 2371 1332 καὶ
2403 1279 2478 1350 μὴ
2510 1279 2741 1332 τοιαῦτα
2794 1281 3030 1351 παρῄνει
3062 1281 3385 1348 δεδοικέναι,
3442 1284 3518 1346 ὡς
3574 1286 3739 1338 αὶτοῦ

2159 1371 2453 1439 παρόντος,
2515 1370 2732 1432 οὐδενὸς
2786 1374 3162 1442 γενησομένου
3217 1375 3311 1427 τοῦ
3345 1376 3539 1427 λυπεῖν
3577 1377 3745 1428 αὑτὸν

2157 1458 2552 1527 δυνησομένου·
2598 1453 2643 1527 ᾧ
2674 1460 2770 1512 καὶ
2807 1460 3130 1529 πειθόμενος
3162 1464 3190 1515 ὁ
3218 1464 3505 1534 Βαρλαὰμ,
3543 1466 3747 1532 παρελο

2156 1549 2265 1603 θὼν
2287 1552 2368 1613 εἰς
2410 1550 2631 1620 μέσους,
2656 1550 2757 1619 τήν
2782 1567 2843 1603 τε
2874 1552 3146 1621 προτέραν
3174 1554 3399 1619 ἄγνοιαν
3445 1555 3744 1624 ὡμολόγει,

2154 1641 2251 1693 καὶ
2281 1640 2618 1709 συγγνώμην
2663 1641 2758 1693 ἐπὶ
2807 1642 2920 1703 τοῖς
2960 1642 3277 1711 εἰρημένοις
3330 1645 3532 1713 ᾐτεῖτο,
3562 1644 3639 1707 ὼς
3680 1646 3743 1695 οὐ

2155 1733 2487 1800 φιλονεικίας
2510 1733 2676 1785 ἕνεκα
2710 1731 2908 1800 λέγων,
2939 1732 3063 1785 οὐδὲ
3094 1732 3186 1785 τοῦ
3210 1733 3282 1805 μή
3309 1735 3598 1787 πείθεσθαι
3626 1740 3745 1799 τοῖς

2083 1808 2126 1863 Β
2155 1826 2258 1878 ὑπὸ
2284 1824 2394 1877 τῶν
2434 1825 2703 1891 θεολόγων
2761 1826 3075 1893 εἰρημένοις
3123 1825 3253 1896 περὶ
3315 1825 3450 1877 Θεοῦ
3487 1829 3568 1888 εἰς
3611 1826 3745 1887 τοὺς

2154 1916 2430 1979 τοιούτους
2464 1916 2572 1967 τῶν
2599 1916 2775 1983 λόγων
2810 1916 3181 1986 ἐξενηνέχθαι,
3237 1917 3351 1970 ἀλλ’
3384 1918 3476 1970 ὑπ’
3516 1919 3747 1984 ἀγνοίας

2154 2008 2398 2076 οἰόμενος
2424 2006 2551 2068 τοὺς
2580 2005 2779 2069 ἄλλους
2810 2007 3170 2076 ἁμαρτάνειν,
3201 2006 3364 2058 ἕνεκα
3396 2007 3489 2058 τοῦ
3513 2006 3748 2075 διορθώε-

2156 2097 2353 2148 σασθαι
2388 2098 2565 2149 πᾶσαν
2597 2096 2823 2164 εἰσῆγον
2849 2099 3091 2165 σπουδὴν
3115 2099 3212 2150 καὶ
3236 2099 3570 2168 προθυμίαν.
3601 2099 3745 2152 Νυνί⁵

2154 2187 2211 2239 δὲ
2238 2188 2338 2257 ἤδη
2368 2187 2733 2255 πεπειπμένος
2763 2187 3006 2255 ἀκριϐῶς
3031 2188 3105 2250 ὡς
3141 2190 3294 2241 αὐτοὶ
3332 2189 3542 2258 βέλτιον
3575 2191 3745 2260 ἐφρό-

2156 2294 2282 2328 νουν
2323 2280 2453 2347 περί
2502 2272 2576 2328 ὧν
2613 2278 3097 2347 ἡμφισδητοῦμεν,
3155 2281 3284 2344 περί
3315 2298 3373 2331 τε
3420 2281 3529 2332 τῶν
3571 2282 3750 2335 ἄλλων

2154 2368 2370 2431 οὶδενὲς
2395 2368 2727 2439 διαφέρομαι
2754 2370 2892 2439 πρὸς
2925 2370 3149 2434 αὐτοὺς,
3176 2374 3276 2425 καὶ
3308 2373 3367 2423 τὸ
3391 2372 3448 2424 ὲν
3474 2373 3751 2442 Θαϐωρίῳ

2154 2462 2281 2523 τοὺς
2323 2460 2573 2529 μαθητὰς
2627 2460 2988 2529 περιλάμψαν
3038 2461 3154 2527 φῶς
3201 2463 3372 2515 ἀΐδιον
3425 2465 3525 2515 καὶ
3584 2463 3752 2515 πεπίο

2158 2568 2363 2604 στευκα
2392 2554 2486 2602 καὶ
2515 2547 2655 2605 εἶναι
2689 2553 2958 2621 ὁμολογῶ.
2998 2553 3121 2605 Ἐπὶ
3150 2554 3365 2616 τούτοις
3397 2556 3495 2605 καὶ
3532 2555 3749 2625 Γρηγό·

2158 2656 2273 2709 ριος
2305 2642 2332 2691 ὁ
2361 2640 2628 2706 Παλαμᾶς
2661 2642 2756 2693 καὶ
2772 2644 2887 2694 ὅσοι
2920 2643 3017 2695 σὺν
3050 2643 3197 2711 αὐτῴ
3230 2640 3392 2710 ἦσαν,
3412 2646 3750 2709 ἀναστάντες

2160 2730 2516 2798 περιέϐαλλον
2546 2748 2601 2782 τε
2636 2732 2922 2802 Βαρλαάμ,
2982 2732 3078 2784 καὶ
3133 2733 3466 2803 συγγνώμην
3496 2737 3592 2788 ἐπὶ
3635 2740 3751 2800 τῖς

2160 2823 2447 2891 προτέροις
2476 2823 2703 2892 ἄσμενοι
2738 2816 3003 2893 παρεῖχον
3024 2840 3041 2856 ο
3071 2828 3310 2895 ἐπῄνουν
3340 2843 3400 2879 τε
3431 2828 3533 2895 τῆς
3569 2828 3750 2895 καλῆς

2159 2914 2483 2985 μεταϐολῆς,
2516 2916 2608 2967 καὶ
2633 2915 2711 2985 τῷ
2734 2915 2853 2984 Θεῷ
2882 2918 2979 2985 τῆς
3001 2915 3253 2985 ὁμονοίας
3312 2917 3609 2986 ὁμολόγουν
3642 2921 3749 2990 χάο

2160 3024 2315 3076 ριτας
2340 3023 2354 3037 ο
2383 3005 2706 3075 φάσκοντες,
2732 3007 2839 3059 οὐδ’
2870 3008 3026 3061 αὐτοὶ
3056 3009 3259 3078 γηΐνων
3286 3009 3449 3062 ἕνεκα
3480 3011 3575 3063 καὶ
3593 3010 3742 3079 φθει⁴

472 3113 586 3167 lutn
622 3124 872 3175 vocatur,
910 3112 987 3166 ibi
1023 3122 1304 3183 promptos
1335 3097 1472 3167 'css'e
1537 3127 1592 3167 et
1632 3111 2002 3165 inexorabiles
2031 3150 2046 3174 ,

2162 3097 2407 3165 ρομένων
2460 3098 2805 3166 πραγμάτων
2829 3099 3085 3151 τοσοῦτον
3116 3101 3483 3169 ἐνστήσασθαι
3511 3102 3703 3167 ἀγῶνα
3724 3144 3740 3165 ,

473 3215 528 3259 et
553 3221 732 3274 neque
766 3206 832 3259 ad
864 3205 1225 3275 opprobrium
1260 3221 1588 3274 aegrescere,
1616 3221 1797 3275 neque
1829 3204 1896 3257 ad
1933 3205 2053 3258 lau-

471 3298 596 3352 dem
626 3298 920 3351 humanam
949 3298 1327 3351 emollescere.
1365 3295 1636 3363 Quoniam
1671 3311 1801 3350 vero
1831 3296 1978 3365 pacis
2000 3304 2056 3349 et

472 3390 786 3443 concordia:
815 3389 960 3443 Deus
994 3388 1255 3444 distantia
1291 3388 1585 3457 copularit,
1627 3398 1683 3442 et
1713 3402 1770 3441 se
1804 3395 2055 3456 prompte

473 3498 503 3534 a
532 3480 887 3536 contentione
934 3480 1225 3543 desistere,
1249 3489 1306 3533 et
1335 3479 1409 3533 illi
1456 3480 1658 3549 gratias
1710 3479 1935 3543 habere,
1959 3478 2055 3547 qui

476 3572 626 3639 pacis
679 3571 841 3637 hujus
891 3580 1085 3623 auctor
1139 3569 1195 3622 in
1238 3570 1434 3638 primis
1488 3568 2049 3624 fuerit.Postmodnm

475 3664 775 3731 imperator
806 3671 860 3715 et
886 3661 1201 3730 patriarcha
1231 3672 1498 3730 utrosque
1524 3661 1593 3716 de
1622 3676 1776 3731 pace,
1810 3670 1868 3713 ut
1894 3674 2058 3726 opor-

475 3755 645 3819 tebat,
697 3753 917 3807 allocuti
982 3753 1252 3823 synodum
1314 3754 1666 3807 dimiserunt.
1728 3752 2054 3806 Barlaamus

477 3846 624 3899 haud
655 3847 878 3914 longum
908 3857 1121 3914 tempus
1154 3844 1395 3915 Byzantii
1428 3855 1693 3905 moratus,
1729 3844 2055 3911 imperatore

485 3939 643 3992 brevi
676 3938 961 4001 defuncto,
988 3953 1142 4006 atque
1171 3947 1232 3991 ut
1281 3937 1435 4006 prius
1473 3938 1540 3991 de
1588 3936 1856 4005 dogmatis
1902 3935 2053 3987 litem

477 4029 669 4093 movit,
720 4028 989 4097 judicium
1032 4028 1189 4082 valde
1241 4029 1582 4082 claudicasse
1633 4027 1922 4080 clamitans
1954 4064 1969 4086 ,
1998 4033 2056 4077 et

478 4119 765 4189 aufugiens
797 4120 847 4172 in
888 4120 1120 4182 Italiam,
1148 4134 1272 4173 eum
1303 4119 1540 4184 Latinis,
1564 4128 1622 4173 ut
1647 4128 1829 4182 antea,
1858 4117 2051 4184 sensit,

479 4211 549 4264 ab
589 4211 779 4279 eisque
834 4210 1079 4265 Hieracis
1139 4210 1432 4279 episcopus
1488 4220 1710 4265 creatus
1763 4219 1869 4263 est.
1928 4208 2051 4262 Non

481 4303 654 4355 multo
726 4310 845 4368 [ost
895 4300 1037 4355 alius
1102 4299 1325 4369 quidam
1375 4299 1675 4369 Gregorius
1726 4298 2051 4364 monachus,

480 4394 807 4462 Acindynus
860 4393 1316 4462 cognominatus,
1385 4390 1655 4445 Barlaami
1709 4392 1762 4444 in
1829 4390 2054 4460 profana

2160 3187 2272 3241 ἀλλ’
2307 3188 2393 3241 ῐνα
2436 3187 2509 3258 μὴ
2540 3190 2618 3252 εἰς
2647 3188 2869 3252 πλείους
2900 3190 3324 3261 διανεμηθέντος
3354 3190 3449 3245 τοῦ
3480 3192 3682 3259 κακοῦ,
3712 3193 3743 3264 ἢ

2156 3277 2566 3346 διεφθαρμένων
2584 3277 2872 3346 δογμάτων
2896 3280 3182 3342 ἀνάπλεως
3198 3281 3426 3353 γένηται
3448 3284 3478 3352 ή
3522 3283 3745 3350 Ἐκκλη·

2159 3369 2273 3432 σία,
2327 3368 2359 3436 ἢ
2415 3367 2777 3439 διαστασιάσῃ
2823 3370 2957 3441 πρὸς
2985 3371 3207 3443 ἑαυτὴν,
3236 3374 3345 3427 τῶν
3379 3377 3477 3445 μὲν
3498 3375 3679 3428 τούτοι
3717 3413 3732 3440 ,

2159 3460 2270 3512 τῶν
2300 3460 2355 3512 δὲ
2386 3458 2616 3523 ἐκείνοις
2662 3463 3126 3533 προστιθεμένων,
3180 3467 3276 3518 καὶ
3325 3466 3413 3521 διὰ
3453 3467 3608 3521 τοῦτο
3650 3468 3743 3520 καὶ

2158 3551 2250 3604 τοῦ
2283 3550 2509 3620 μετρίου
2546 3552 2689 3621 πέρα
2727 3554 2963 3624 ὀφθῆναι
3022 3557 3364 3624 φιλονείκους
3390 3598 3404 3622 ,
3441 3557 3538 3612 άτε
3586 3558 3655 3629 δὴ
3690 3562 3744 3612 ὲν

2162 3647 2262 3714 μὲν
2288 3648 2396 3710 τοῖς
2430 3645 2609 3708 ἄλλοις
2654 3646 2829 3698 ἅπασι
2876 3648 3084 3715 πράους
3131 3644 3271 3702 εἶναι
3324 3649 3742 3718 δεδιδαγμένους

2161 3739 2252 3793 καὶ
2278 3738 2599 3799 ταπεινούς·
2635 3740 2692 3789 ἐν
2715 3732 2795 3801 οἷς
2821 3739 2879 3792 δὲ
2902 3740 3036 3803 Θεός
3066 3743 3183 3794 ἐστι
3242 3742 3305 3793 τὸ
3356 3742 3751 3809 κινδυνευόμε-

2157 3845 2269 3893 νον,
2301 3828 2442 3894 ὀξεῖς
2490 3824 2629 3881 εῖναι
2679 3829 2774 3881 καὶ
2834 3832 3269 3901 ἀπαραιτήτους,
3305 3835 3400 3885 καὶ
3435 3834 3571 3901 μήτε
3606 3836 3747 3902 πρδς

2157 3919 2256 3989 τὴν
2284 3920 2503 3984 ἀδοξίαν
2526 3919 2926 3991 δυσχεραίνειν,
2970 3923 3108 3992 μήτε
3154 3925 3294 3992 πρὸς
3328 3925 3418 3976 τὸν
3451 3924 3603 3994 παρὰ
3630 3926 3743 3976 τῶι

2159 4006 2465 4080 ἀνθρώπων
2512 4012 2739 4064 ἔπαινον
2793 4014 3215 4080 μαλακίζεσθαι.
3269 4016 3423 4067 Ἐπεὶ
3476 4015 3532 4067 δὲ
3580 4018 3608 4066 ὀ
3643 4016 3747 4083 τῆς

2159 4104 2386 4174 εἰρήνης
2445 4104 2539 4156 καλ⁵
2594 4107 2693 4174 τῆς
2749 4106 3003 4172 ὁμονοίας
3037 4106 3170 4166 Θεὸς
3223 4107 3303 4168 εἰς
3348 4105 3407 4157 ἓν
3444 4106 3646 4173 συνῆψε
3682 4107 3749 4158 τὰ

2159 4196 2450 4257 διεστῶτα.
2472 4195 2629 4249 αὐτοί
2665 4212 2724 4247 τε
2755 4195 3052 4265 προθύμως
3082 4197 3491 4265 ἀποστήσονται
3514 4198 3748 4263 φιλονει-

2162 4288 2309 4355 κίας,
2334 4289 2427 4340 καὶ
2458 4287 2607 4358 αὖτῷ
2635 4288 2840 4357 πολλὴν
2871 4289 3149 4358 εἰδήσουσι
3172 4287 3270 4357 τὴν
3303 4288 3482 4358 χάριν,
3506 4289 3747 4357 μάλιστα

2161 4382 2468 4450 αἰτιωτάτῳ
2506 4380 2608 4448 τῆς
2636 4381 2863 4450 εἰρήνης
2892 4380 3012 4433 νυνὶ
3060 4382 3438 4448 γεγενημένῳ.
3478 4380 3601 4432 Ἐπὶ
3624 4382 3749 4432 τού-

428 4550 435 4557 ο
475 4484 725 4536 doctrina
758 4483 920 4551 longo
958 4481 1226 4549 temporis
1262 4481 1442 4548 spatio
1473 4479 1802 4549 discipulus,
1839 4480 2052 4534 dissen-

2159 4490 2273 4536 τοις
2315 4477 2408 4525 καὶ
2454 4471 2708 4541 βασιλεύς
2737 4489 2795 4524 τε
2827 4473 2919 4524 καὶ
2946 4473 3300 4542 πατριάρχης
3334 4474 3433 4524 ὅσα
3481 4473 3589 4523 ἔδει
3628 4473 3748 4524 δια-

476 4576 686 4628 sionem
738 4575 858 4639 ejus
897 4579 952 4624 et
998 4572 1151 4624 litem
1226 4586 1349 4624 cum
1411 4570 1628 4623 Palama
1667 4581 1726 4624 ut
1772 4588 2056 4626 socer-ssor

476 4664 832 4733 arripuit,eui
861 4662 1119 4731 quiddam
1148 4661 1440 4714 ridiculum
1466 4662 1712 4731 conligit.
1735 4664 1895 4734 337
1921 4664 2056 4717 Bar-

475 4758 713 4810 laamum
748 4755 913 4808 verbo
948 4753 1273 4822 repudiabat
1296 4753 1469 4825 (α),οι
1502 4762 1561 4807 ut
1584 4755 1720 4809 male
1744 4758 2055 4826 sanctisque

478 4846 735 4900 Patrihus
763 4846 1039 4898 contraria
1069 4843 1401 4898 sentientem
1425 4846 1721 4900 accusabat
1749 4864 1762 4901 :
1789 4863 1848 4901 re
1871 4859 2054 4902 autem

478 4953 606 4990 vera
643 4952 869 5006 prorsus
899 4952 1023 4990 eum
1059 4938 1414 5006 sequebatur,
1452 4938 1700 5007 nihilque
1729 4942 1955 4995 omnino
1987 4944 2056 4997 ab

479 5043 547 5082 eo
583 5026 888 5080 differebat.
927 5028 1166 5082 Rursum
1200 5029 1386 5098 itaque
1422 5030 1696 5085 seditione
1726 5048 1788 5086 ac
1819 5035 2055 5088 tumultu

484 5119 539 5172 in
575 5117 817 5171 Ecclesia
849 5118 1153 5180 exoriente.
1194 5119 1509 5187 patriarcha
1548 5121 1796 5191 iniquum
1826 5122 2056 5187 ducens,

483 5218 709 5277 propter
756 5207 1121 5275 quorumdam
1163 5208 1339 5261 rixosa
1402 5209 1617 5278 ingenia
1656 5210 1919 5264 Ecclesia:
1950 5218 2061 5261 stn-

482 5308 595 5353 tum
629 5300 938 5367 perturbari
962 5341 977 5363 ,
1005 5299 1275 5369 synodum
1301 5300 1355 5353 in
1380 5300 1522 5355 idem
1542 5300 1762 5370 SOphiae
1796 5302 2059 5370 templum

477 5394 643 5463 cogit,
678 5391 954 5445 assidente
989 5390 1093 5461 ipsi
1124 5401 1181 5446 et
1220 5408 1418 5463 magno
1452 5393 1778 5456 domestico,
1812 5402 1866 5445 et
1897 5401 2054 5459 quot-

478 5493 612 5553 quot
643 5482 888 5551 Byzantii
919 5492 1078 5535 erant
1112 5483 1487 5537 senatoribus.
1514 5482 1652 5538 Cum
1683 5483 1929 5554 Gregorii
1961 5484 2055 5539 diu

480 5574 876 5629 tontroversati
907 5582 1136 5639 essent,
1173 5574 1268 5627 ubi
1308 5575 1750 5629 animadversum
1778 5585 1863 5629 est
1896 5576 2060 5631 Acin-

2158 4563 2442 4633 λεχθέντες
2474 4566 2600 4633 περὶ
2628 4564 2851 4631 εἰρήνης
2891 4564 3027 4633 πρδς
3062 4566 3386 4633 ἑκατέρους,
3434 4563 3746 4621 διελύσαντο

2159 4656 2256 4727 τὴν
2289 4655 2531 4709 σύνοδον.
2568 4656 2837 4724 Βαρλαὰμ
2869 4656 2924 4708 δὲ
2956 4656 3143 4724 ὀλίγας
3171 4656 3449 4725 Βυζαντίῳ
3478 4655 3749 4725 ἐνδιατρί-

2158 4748 2266 4817 ψας
2299 4747 2533 4816 ἡμέρας,
2588 4747 2710 4797 ἐπεὶ
2761 4748 2855 4799 καὶ
2889 4748 2916 4799 ὁ
2949 4747 3206 4815 βασιλεὺς
3233 4749 3555 4817 ἐτελεύτησε
3608 4747 3749 4815 μετὰ

2164 4838 2380 4910 μικρὸν,
2416 4838 2511 4889 καὶ
2538 4838 2637 4898 τὰς
2696 4838 2938 4907 περὶτὰ
2995 4839 3244 4907 δόγματα
3301 4840 3750 4907 ἀμφισϐητήσεις

2160 4930 2315 4984 οὗδεν
2343 4923 2508 5002 ἦττον
2538 4927 2796 4997 ἐχόμενος
2826 4930 2860 4999 ἣ
2893 4929 3185 5001 πρότερον,
3235 4932 3332 4999 τῆς
3370 4931 3532 4999 δίκης
3560 4928 3638 4991 ὡς
3662 4933 3755 4981 ἑκ-

2161 5023 2555 5095 διδιῃτημένης
2581 5022 2748 5099 πολλά
2778 5023 3089 5090 καταδιὼν,
3120 5009 3357 5092 άποῦρὰς
3383 5022 3558 5093 ᾠχετο
3614 5024 3755 5091 πρὶς

2175 5115 2426 5178 Ἰταλίαν,
2454 5115 2547 5166 καλ⁵
2578 5116 2974 5186 συμφρονήσας
2995 5115 3267 5179 Λατίνοις,
3291 5113 3479 5184 ὥσπερ
3508 5113 3600 5163 καὶ
3624 5110 3758 5179 πρό⁴

2164 5224 2343 5276 τερον,
2400 5207 2700 5268 ἐπίσκοπος
2731 5206 2822 5258 ὑπ’
2886 5206 3067 5260 αὐτῶν
3135 5207 3381 5275 Ίέρλκος
3438 5203 3750 5273 ἀνεδείχθη.

2169 5301 2280 5354 Καὶ
2311 5298 2372 5352 οὐ
2414 5299 2597 5369 πολλῷ
2640 5299 2869 5369 ὕστερον
2903 5299 3203 5370 Γρηγόριός
3243 5316 3327 5361 τις
3356 5298 3548 5367 ἕτερος
3583 5310 3755 5361 μονα-

2164 5390 2258 5460 χδς
2296 5389 2607 5451 Ἀκίνδυνος
2664 5387 3100 5458 ἐπικεκλημένος
3126 5429 3143 5453 ,
3185 5388 3453 5458 ὁμιλητὴς
3489 5386 3753 5455 Βαρλαὰμ

2170 5482 2310 5534 κατὰ
2344 5481 2445 5549 τὴν
2470 5481 2575 5545 ἔξω
2612 5481 2807 5548 σοφίαν
2842 5481 3235 5549 γεγενημένος,
3269 5481 3367 5533 κοιλ⁵
3402 5472 3749 5541 πολὺνπὺτῷ

2165 5574 2428 5643 φοιτήσας
2453 5572 2666 5642 χρόνον,
2697 5572 2805 5625 τῶν
2837 5572 3051 5623 ἐκείνου
3074 5573 3349 5643 διαφορῶν
3373 5564 3450 5628 ὧν
3483 5564 3737 5637 διηνέχθη

544 5713 616 5781 (η)
656 5713 809 5761 Deest
840 5710 933 5781 hie_
950 5713 1138 5781 aliquid
1170 5712 1219 5759 in
1256 5711 1674 5781 interpretatione
1712 5715 1914 5764 Pontani
1964 5716 2142 5766 Locum
2177 5717 2250 5767 sic
2284 5718 2555 5781 οκνϐτερρο
2588 5713 2805 5781 restitue
2842 5732 2853 5765 :
2894 5715 3407 5781 Barlaanmmrverbog
3430 5709 3738 5777 repudiabat,

477 5774 615 5839 quasi
640 5786 749 5839 qua;
780 5786 889 5824 eum
915 5775 1195 5823 hortaretur
1222 5780 1272 5823 ut
1303 5773 1436 5824 illius
1465 5777 1743 5825 sem-utinm
1771 5792 1907 5828 suam
1935 5785 2130 5841 “erret,
2162 5788 2203 5831 cl
2229 5780 2426 5842 repulsa
2454 5776 2829 5839 cunsuciuliene,
2854 5784 2904 5828 ut
2927 5779 3071 5835 male,
3097 5789 3194 5828 etc.
3223 5780 3356 5827 Eutr.
3387 5773 3537 5829 [‘u'n.
