4060 6510
418 585 527 651 689

1545 589 2087 651 HISTORIARUM
2134 588 2362 656 LIBER
2410 590 2540 659 [Li

3558 597 3685 660 6‘10"

417 698 519 767 τῆς
546 693 834 758 κοινωνίας
865 692 972 747 τῶν
996 691 1313 765 όρθοδόξων,
1367 695 1416 748 εἰ
1467 695 1544 768 μὴ
1582 699 1990 769 ἐπιστρέφοιεν,

2116 715 2147 752 n
2195 712 2359 772 caput
2391 704 2675 770 invadens,
2706 703 2832 776 quia
2872 705 3025 762 dolor
3079 698 3427 762 acutissimus
3449 705 3667 762 videba-

421 789 537 844 ἀλλ’
565 787 881 858 ἐπιμένοιεν
914 789 980 857 τῇ
1018 784 1208 857 κακίᾳ.
1266 785 1342 838 Οὐ
1397 787 1505 859 μὴν
1558 790 1759 842 ἐκεῖνοι
1823 791 1995 860 μόνοι,

425 881 560 936 άλλά
577 883 672 935 καὶ
702 882 756 935 ετ
779 896 864 943 τις
893 879 1053 941 ἄλλος
1079 878 1306 950 ὕστερον
1330 882 1442 944 τοῖς
1469 880 1603 945 ἴσοις
1631 884 1999 954 ἐπιχειρήσοι,

425 975 518 1025 καὶ
552 970 792 1041 Παλαμᾷ
817 969 913 1022 καὶ
938 970 1050 1030 τοῖς
1081 966 1292 1032 λοιποῖς
1334 968 1409 1032 ὡς
1437 971 1536 1026 οὐκ
1553 971 1732 1041 ὀρθῶς
1762 975 1999 1043 φρονοῦ.

427 1080 512 1117 σιν
540 1064 724 1116 αἰτίαν
747 1062 1041 1128 ἐπαγάγοι,
1062 1058 1167 1112 ὑπὸ
1195 1060 1293 1132 τὴν
1324 1061 1494 1132 αὐτὴν
1525 1060 1812 1133 ἐπιτιμίαν
1837 1060 1998 1134 εῖναι,

427 1159 476 1211 εἰ
504 1158 580 1228 μὴ
607 1155 944 1226 μεταϐάλλοι
987 1154 1081 1208 καὶ
1121 1154 1285 1218 αὐτός
1304 1172 1319 1188 ο
1347 1156 1441 1209 ἐπὶ
1462 1155 1672 1221 τούτοις
1699 1157 1756 1211 δὲ
1788 1158 1881 1212 καὶ
1910 1160 2001 1213 1:6-

394 1283 404 1292 .
432 1265 534 1318 μον
565 1247 850 1309 συνθέντες
900 1245 1038 1301 κατά
1070 1244 1131 1298 τὺ
1185 1247 1412 1316 ἀρχαῖον
1452 1245 1562 1300 τῶν
1595 1247 1828 1302 συνόδων
1859 1248 2000 1314 ἔθος,

431 1338 526 1392 καὶ
548 1335 966 1405 ὐπογράψαντες
1010 1333 1174 1389 αὐτὸν
1205 1335 1234 1389 δ
1263 1352 1320 1389 τε
1353 1324 1705 1408 πατριάρχηξ
1749 1338 2001 1412 Ἰωάννης

435 1429 528 1482 καὶ
558 1426 858 1497 ἀρχιερέων
890 1427 1003 1480 ὅσοι
1043 1426 1166 1479 τότε
1197 1428 1475 1497 παρῆσαν,
1511 1427 1740 1499 ὕστερον
1767 1431 1876 1502 γὰρ
1906 1434 2003 1487 καὶ

434 1519 610 1586 ἕτεροι
641 1517 824 1570 πολλοί
847 1518 961 1580 τοῖς
993 1517 1283 1588 προτέροις
1335 1516 2004 1594 ύπογεγράφαοίσύμψη-

433 1625 522 1674 φοι
552 1607 913 1676 γεγενημένοι
951 1607 1185 1680 Παλαμᾷ
1231 1609 1329 1664 καὶ
1370 1612 1481 1673 τοῖς
1527 1611 1677 1682 αὐτῷ
1729 1612 2001 1680 συνοῦσιν,

429 1699 823 1770 ἐγχειρίζουσιν
854 1701 934 1765 εἰς
948 1700 1252 1758 δικαίωσιν.
1307 1701 1473 1756 Ἀλλά
1497 1700 1674 1758 ταῦτα
1709 1704 1810 1771 μὲν
1841 1703 1970 1759 ὐστε
1989 1732 2002 1743 -

410 1793 542 1862 ρον.
573 1792 708 1846 Τότε
761 1792 818 1846 δὲ
858 1795 888 1863 η
925 1792 1143 1858 σύνοδος
1172 1793 1294 1847 ἐπεὶ
1345 1793 1640 1862 διελέλυτο,
1687 1795 1799 1851 τῶν
1829 1797 2004 1851 ἄλλων

429 1883 679 1937 ἑκάστων
711 1883 1222 1954 διεσκεδασμένων,
1274 1885 1304 1938 ὁ
1337 1883 1593 1954 βασιλεὺς
1625 1886 1914 1941 ἐκέλευσεν
1944 1889 2004 1942 ἐν

427 1976 496 2045 τῇ
530 1977 666 2044 μονῇ
695 1974 806 2029 τῶν
841 1974 1089 2044 Ὀδηγῶν
1119 1974 1440 2046 ἀναπαύλης
1465 1976 1611 2039 τινὸς
1640 1980 1826 2048 τυχεῖν
1845 1994 1861 2011 ο
1908 1979 2005 2032 καὶ

430 2067 720 2135 γενόμενος
749 2049 888 2130 ἐκεῖ,
919 2068 1000 2129 εἰς
1030 2064 1129 2137 τὴν
1159 2065 1452 2137 ὑστεραίαν
1482 2067 1688 2139 ἤρξατο
1711 2064 2006 2136 πυρέττειν

431 2159 650 2230 ὁμαλῶς
669 2176 684 2192 ο
727 2157 821 2211 καὶ⁵
850 2156 1023 2211 ἐδόκει
1046 2159 1158 2220 τοῖς
1186 2158 1296 2211 τῶν
1329 2158 1532 2228 ἰατρῶν
1562 2161 1720 2212 παισὶ
1749 2160 1850 2230 τὴν
1867 2161 2009 2216 κατά

433 2253 533 2322 τὴν
554 2250 774 2305 σύνοδον
795 2249 1040 2320 ταραχὴν
1065 2249 1158 2303 καλ⁹
1181 2250 1393 2304 ἀσιτίαν
1432 2247 1524 2302 τοῦ
1555 2251 1792 2322 πυρετοῦ
1825 2251 2008 2305 αἰτίαν

431 2345 780 2414 γεγενῆσθαι.
816 2343 1052 2413 Δευτέρα
1098 2344 1156 2397 δὲ
1186 2345 1389 2413 ἡμέρα,
1416 2343 1552 2414 πρὸς
1579 2345 1644 2416 τῇ
1674 2343 1891 2417 κεφαλῇ
1923 2345 2009 2398 ἐν·

435 2436 654 2502 σκῆψαν
705 2435 765 2486 τὸ
795 2432 1004 2497 κακὸν,
1056 2433 1302 2502 πονηρὰς
1350 2435 1580 2502 παρεῖχε
1608 2433 1709 2496 τὰς
1759 2433 2004 2499 ἐλπίδας.

444 2521 732 2592 Ἐφαίνετο
760 2521 869 2591 γὰρ
922 2521 1030 2573 τῶν
1083 2519 1364 2584 ὀξυτάτων
1418 2515 1582 2574 εἶναι.
1617 2521 1790 2593 Τρίτῃ
1827 2521 1885 2576 δὲ
1938 2525 2004 2594 τῇ

441 2615 556 2682 μετ’
592 2614 782 2682 αὐτὴν,
814 2612 982 2666 ἔωθεν
1024 2613 1124 2682 μέν
1176 2611 1352 2665 ἐδόκει
1403 2611 1688 2666 ἐνδιδόναι.
1750 2615 1846 2667 καὶ
1890 2617 2006 2680 τοῖς

439 2707 643 2774 ἰατροῖς
670 2705 935 2772 ὑπέφαινε
962 2705 1207 2775 χρηστὰς
1238 2704 1479 2773 ἐλπίδας,
1516 2707 1638 2762 ἐπεὶ
1668 2707 1726 2762 δέ
1749 2709 1852 2781 ἥδη
1876 2711 2004 2783 περὶ

441 2795 790 2867 μεσημϐρίαν
819 2791 910 2866 ἦν,
954 2795 1256 2864 μεταϐαλὸν
1299 2795 1558 2867 ἐξαίφνης
1587 2797 1648 2850 οὐ
1696 2798 1838 2866 μετά
1867 2800 2002 2855 πολύ

441 2889 898 2961 ἀποτεθνήξεσθαι
924 2886 1109 2958 ἐδήλου
1136 2883 1359 2958 βασιλέα
1379 2904 1394 2919 ⁸
1419 2891 1513 2941 καὶ
1543 2891 1750 2961 ἰατροῖς
1772 2891 2003 2962 οὐδεμία

445 2983 714 3052 σωτηρίας
739 2979 1064 3034 ὑπελείπετο
1099 2980 1274 3043 ἐλπίς.
1316 2981 1472 3036 Ἐπεὶ
1519 2982 1576 3036 δὲ
1632 2984 1860 3040 τοιαῦτα
1893 2988 2003 3041 διεο

447 3071 734 3143 θρυλλήθη,
767 3071 845 3142 τῷ
879 3071 1100 3142 μεγάλῳ
1127 3070 1436 3142 δομεστικῳ
1479 3072 1816 3146 ’Δπόκαυχος
1838 3077 1867 3130 δ
1898 3095 2004 3132 πα-

445 3164 853 3235 ραηιμὼμενος
879 3163 1215 3234 προσελθὼν,
1248 3164 1631 3236 συνεϐούλευεν
1647 3167 1868 3238 ἔχεσθαι
1891 3173 2003 3226 τῶν

440 3254 799 3326 πραγμάτων,
823 3258 917 3309 καὶ
950 3261 1297 3330 παρασήμοις
1334 3259 1658 3327 κοσμεῖσθαι
1699 3260 2002 3332 βασιλικοῖς

2103 799 2210 856 tur,
2248 808 2398 863 Spem
2434 811 2625 864 parum
2671 787 2870 850 bonam
2910 796 3198 852 aﬂerebat.
3236 797 3471 853 Rursum
3503 798 3667 851 tertio

2102 892 2223 951 post
2253 885 2344 940 die
2369 902 2398 941 a
2435 903 2592 942 mane
2625 888 2777 944 visus
2807 889 2967 944 dolor
3003 890 3304 954 remittere,
3342 900 3399 945 et
3441 891 3668 944 medicis

2100 967 2243 1023 bona
2290 985 2415 1040 spes
2450 973 2678 1030 all'ulsit.
2710 975 2868 1031 Circa
2905 977 3192 1032 meridiem
3226 980 3511 1047 repentina
3544 994 3666 1030 mu-

2102 1059 2256 1123 tatio,
2289 1061 2675 1132 imperatorem
2706 1066 2816 1120 vita
2843 1082 2968 1120 mox
3018 1069 3320 1124 cariturum
3373 1067 3666 1137 signiﬁcat,

2100 1157 2154 1203 et
2184 1153 2381 1209 medici
2409 1171 2628 1225 quoque
2655 1159 2886 1214 salutem
2911 1159 3032 1229 ejus
3053 1158 3367 1230 desperant.
3390 1158 3525 1214 Cum
3553 1159 3671 1212 haec

2099 1246 2478 1314 vulgarentur,
2503 1247 2570 1330 ad
2601 1265 2858 1317 magnum
2902 1234 3268 1306 domesticum
3303 1244 3497 1306 adiens
3525 1253 3670 1321 Apo-

2102 1337 2344 1393 cauchus
2397 1339 2537 1394 sacri
2593 1340 2837 1395 cubiculi
2887 1341 3200 1410 praefectus.
3251 1341 3530 1406 hortatur,
3583 1343 3667 1396 uti

2102 1427 2497 1497 rempublicam
2527 1442 2794 1498 capessat,
2823 1441 2878 1485 et
2905 1431 3131 1501 insignia
3166 1432 3516 1500 imperatoria
3550 1442 3674 1502 post

2102 1519 2224 1586 ejus
2254 1518 2467 1573 obitum
2501 1518 2630 1590 (jam
2660 1520 2806 1574 enim
2839 1521 3242 1577 conclamatum
3275 1523 3416 1592 esse)
3461 1523 3671 1578 induat.

2104 1610 2270 1665 Plane
2301 1609 2437 1663 nihil
2469 1611 2742 1666 facturum
2775 1612 2905 1665 novi
2935 1631 2949 1666 :
2982 1611 3078 1666 sed
3115 1611 3262 1682 quod
3292 1613 3407 1682 ipse
3439 1613 3674 1683 impera-

2106 1709 2194 1754 tor
2219 1715 2348 1756 eum
2384 1715 2585 1771 cogere
2609 1701 2810 1772 saepius
2841 1701 3080 1757 voluerit
3107 1720 3121 1757 :
3153 1703 3413 1773 quodque
3446 1704 3674 1759 Romani

2073 1808 2212 1846 -non
2247 1792 2407 1863 pauci
2435 1792 2644 1857 norint,
2677 1793 2772 1862 qui
2813 1806 2926 1848 non
2955 1793 3227 1848 minorem
3258 1793 3332 1858 ei,
3367 1808 3531 1863 quam
3578 1793 3679 1847 ἰιιι⁴

2105 1883 2346 1953 peratori
2373 1882 2644 1938 honorem
2671 1895 2888 1952 semper
2911 1881 3259 1938 habuissent.
3303 1883 3494 1954 Neque
3545 1900 3677 1940 vero

2109 1973 2283 2028 multo
2319 1973 2509 2029 labore
2561 1984 2618 2029 et
2669 1975 2973 2030 certamine
3023 1989 3139 2028 rem
3198 1974 3478 2045 indigere;
3511 1976 3677 2029 verbo

2111 2074 2325 2120 tantum
2371 2064 2708 2120 voluntatem
2757 2080 2910 2120 suam
2961 2065 3221 2128 declaret,
3271 2066 3568 2136 statimque
3615 2067 3679 2120 li-
3778 2068 3780 2070 ’

2108 2158 2304 2215 benter
2332 2172 2388 2213 se
2419 2157 2756 2213 subdituros.
2785 2157 2939 2223 Quod
2973 2157 3038 2212 ad
3072 2172 3129 2212 se
3160 2158 3444 2222 attineret,
3465 2167 3521 2213 et
3554 2168 3680 2212 ante

2108 2253 2164 2308 in
2200 2249 2351 2306 omni
2387 2251 2518 2314 vita,
2553 2257 2611 2305 et
2645 2249 2748 2326 hoc
2783 2257 3026 2318 tempore
3059 2263 3166 2302 non
3203 2247 3387 2303 minos
3428 2258 3679 2320 paratum

2106 2357 2228 2398 esse
2265 2343 2384 2414 ejus
2431 2341 2764 2397 utilitatibus
2816 2339 3126 2402 inservire;
3173 2354 3284 2394 non
3340 2339 3519 2394 solum
3569 2356 3679 2394 non

2108 2442 2428 2505 parcentem
2463 2431 2718 2502 pecuniis
2747 2440 2804 2486 et
2839 2429 3081 2484 fortunis
3117 2431 3274 2494 suis;
3322 2429 3417 2484 sed
3457 2440 3514 2485 et
3559 2446 3684 2486 san-

2107 2524 2327 2595 guinem
2353 2522 2556 2594 cupide
2587 2537 2688 2592 pro
2719 2522 2840 2593 ejus
2873 2520 3180 2575 rationibus
3205 2519 3535 2582 eﬂusurum,
3561 2535 3686 2574 cum

2106 2615 2351 2672 omnium
2368 2615 2420 2669 ei
2442 2614 2734 2684 plurimum
2763 2612 2966 2668 debeat
2990 2630 3001 2664 :
3024 2611 3210 2666 multis
3228 2611 3375 2664 enim
3404 2610 3688 2666 beneﬁciis

2104 2710 2226 2781 ejus
2287 2723 2480 2774 usum,
2510 2706 2731 2777 quando
2793 2719 2918 2760 eum
2961 2718 3071 2758 non
3129 2701 3293 2756 modo
3345 2717 3376 2756 a
3417 2701 3692 2772 principio

2105 2799 2419 2872 imperatori
2471 2796 2871 2854 commendarit
2943 2793 3380 2862 familiaremque
3433 2790 3691 2846 reddide-

2104 2893 2178 2949 rit
2215 2910 2229 2959 ;
2273 2891 2370 2948 sed
2425 2891 2590 2946 etiam
2650 2889 2841 2958 postea
2884 2887 3020 2942 iram
3058 2883 3206 2939 illius
3265 2885 3333 2939 ab
3381 2899 3448 2939 eo
3492 2883 3690 2954 depre-

2103 2992 2257 3039 catus
2306 2982 2373 3038 sit
2426 2991 2483 3038 et
2539 2995 2759 3037 carcere
2833 2978 3104 3042 liberarit,
3164 2985 3219 3032 et
3265 2975 3322 3030 in
3373 2977 3516 3032 hanc
3557 2991 3689 3030 con.

2103 3073 2407 3136 ditionem,
2441 3071 2494 3125 in
2569 3085 2678 3140 qua
2738 3067 2898 3123 hodie
2963 3067 3071 3133 sit,
3129 3064 3469 3136 perduxerit.
3554 3064 3692 3119 [lac-

2104 3173 2266 3220 tenus
2334 3160 2734 3231 Apocauchus,
2797 3173 3024 3228 magnus
3075 3157 3413 3213 domesticus
3465 3155 3689 3225 paulurn

2103 3253 2271 3310 silens
2328 3266 2345 3306 :
2397 3251 2517 3306 Non
2571 3258 2727 3320 puto,
2779 3247 2980 3320 inquit,
3013 3248 3140 3304 talia
3188 3247 3257 3304 de
3294 3261 3354 3302 re
3399 3247 3692 3318 aliquando

448 3348 584 3416 μετά
603 3346 699 3419 τὴν
737 3346 996 3416 βασιλέως
1031 3347 1314 3420 τελευτὴν,
1361 3348 1589 3419 βασιλέα
1613 3351 1722 3422 γάρ
1756 3355 1813 3408 ἐν
1840 3354 2008 3420 ζῶσιν

2110 3343 2417 3399 occurrisse
2479 3340 2663 3396 animo
2717 3355 2840 3396 meo
2870 3353 3009 3406 ;nec
3054 3353 3122 3394 eo
3183 3352 3268 3392 me
3324 3335 3693 3406 improbitatis

442 3437 522 3491 ἔτι
555 3437 630 3509 μὴ
683 3433 824 3491 εῖναι
881 3438 1215 3509 προσδοκᾷνο
1273 3439 1492 3504 πάντως
1522 3441 1580 3495 δὲ
1629 3441 1784 3495 οὐδὲν
1817 3445 2004 3500 καινὸν

2110 3431 2439 3503 processisse
2495 3427 2962 3493 existimandum,
3011 3434 3072 3481 ut
3121 3427 3449 3497 imperatore
3511 3425 3693 3478 adhuc

443 3533 713 3602 ποιήσειν,
744 3532 859 3585 ἀλλ’
895 3533 1032 3602 ὅπερ
1058 3532 1220 3596 αὐτός
1255 3549 1314 3586 τε
1350 3533 1612 3597 πολλάκις
1636 3535 1952 3607 ἠνάγκασεν
1980 3540 2008 3594 ό

2110 3521 2256 3584 vivo,
2277 3529 2374 3574 aut
2387 3522 2551 3574 etiam
2575 3533 2642 3575 eo
2661 3526 2898 3580 mortuo,
2921 3516 3008 3572 vel
3034 3515 3132 3571 abs
3151 3525 3224 3582 te,
3246 3513 3330 3569 vel
3352 3513 3421 3568 ab
3433 3512 3542 3566 alio
3557 3525 3694 3582 quo-

449 3623 700 3692 βασιλεὺς
722 3622 819 3676 καὶ
852 3622 1142 3694 Ῥωμαίων
1169 3623 1270 3678 οὐκ
1299 3623 1470 3692 ὀλίγοι
1522 3604 1705 3680 ἰσασιν
1752 3604 2008 3698 οὐδαμῶς

2110 3625 2325 3681 cunque
2344 3611 2595 3677 inducar,
2613 3616 2674 3665 ut
2687 3609 2889 3665 amoris
2906 3609 3009 3664 mei
3027 3622 3156 3677 erga
3170 3607 3343 3671 illum,
3358 3604 3492 3670 sive,
3513 3614 3697 3659 ntme-

444 3716 651 3770 ἐλάττω
701 3715 868 3786 τιμὴν
897 3714 1243 3779 ἀποδιδόντες
1305 3713 1590 3785 βασιλέως.
1633 3715 1710 3769 Οὐ
1752 3717 1860 3786 μὴν
1889 3696 2010 3772 οὐδέ

2111 3703 2224 3759 lius
2235 3702 2437 3768 dicam,
2457 3715 2759 3758 consensus
2775 3710 2941 3771 atque
2960 3697 3390 3769 conspirationis
3407 3696 3698 3750 immemor

446 3809 645 3864 πολλοῦ
700 3806 990 3879 δεήσεσθαι
1023 3805 1187 3860 πόνου
1245 3805 1338 3859 καὶ
1391 3804 1618 3874 ἀγώνων
1636 3820 1649 3834 ·
1693 3805 1811 3860 ἀλλ’
1851 3806 2010 3877 ἀρκεῖ

2114 3795 2217 3853 sim
2246 3811 2261 3849 :
2297 3802 2354 3851 et
2390 3793 2662 3864 neglectis
2693 3807 2817 3863 qum
2845 3791 3210 3848 communiter
3241 3790 3362 3860 ejus
3393 3787 3608 3851 liberis,
3640 3795 3704 3840 et

455 3903 614 3972 μόνον
634 3876 826 3962 εἰπεῖν,
850 3903 945 3952 καὶ
971 3897 1172 3959 πάντας
1193 3895 1338 3968 Ιχειν
1353 3894 1732 3960 ὑπακούοντας
1755 3876 2010 3967 ἑτοίμως.

2114 3889 2378 3957 Augustae
2405 3883 2745 3949 conducant,
2782 3881 2994 3952 privata
3029 3890 3320 3936 consecter
3363 3876 3692 3934 commoda:

450 3969 622 4047 Ᾰύτόν
651 4007 711 4044 τε
749 3988 1016 4062 πρότερόν
1040 4004 1099 4043 τε
1124 3988 1274 4059 παρὰ
1305 3987 1484 4042 πάντα
1505 3987 1596 4042 τὸν
1630 3986 1766 4058 βίον,
1794 3989 1892 4041 καὶ
1919 3987 2010 4040 νῦν

2115 3987 2280 4049 teque
2305 3990 2532 4033 summa
2559 3975 2762 4030 damno
2781 3971 3050 4038 stultitiae,
3072 3972 3116 4028 si
3141 3970 3266 4025 talia
3309 3969 3445 4025 mihi
3481 3977 3534 4027 te
3567 3982 3696 4040 per-

450 4083 549 4155 οὐχ
599 4077 762 4154 ¹ἧττον
791 4079 1010 4149 ῑτοιμον
1041 4073 1184 4132 εῐναι
1213 4077 1283 4130 τά
1329 4076 1630 4131 λυσιτελεῖν
1660 4076 1809 4148 αὐτῷ
1838 4078 2010 4130 ποιεῖν

2119 4081 2418 4124 suasurum
2446 4063 2886 4137 speravisti.‘lllo
2914 4066 3096 4119 denuo
3148 4062 3478 4118 sententiam
3517 4075 3694 4125 suam,

452 4152 732 4245 scisam,
789 4173 850 4225 οὐ
885 4170 1045 4242 μόνον
1084 4168 1384 4240 χρημάτων
1435 4169 1532 4222 καὶ
1563 4167 1827 4237 καμάτων
1857 4167 2010 4236 άφει-

2121 4170 2184 4216 ιιι
2218 4161 2432 4226 utilem,
2466 4166 2723 4230 urgente:
2747 4155 2935 4218 Cessa,
2965 4154 3182 4225 inquit:
3213 4153 3308 4223 qui
3333 4154 3478 4207 enim
3513 4152 3690 4205 amico

451 4243 670 4332 eam,
701 4265 837 4319 ἀλλά
865 4264 962 4318 καὶ
1012 4262 1193 4334 ψυχὴν
1245 4259 1546 4332 προθύμως
1578 4261 1719 4330 ὐπέρ
1769 4259 1879 4313 τῶν
1912 4259 2010 4330 ίδίᾳ

2121 4259 2340 4307 mortuo
2366 4252 2512 4320 leges
2529 4246 2782 4303 amicitiae
2806 4261 2914 4300 non
2949 4255 3152 4309 servat,
3177 4243 3536 4298 hie-nec-vivo
3563 4257 3696 4296 vere

454 4377 505 4411 τι
542 4346 691 4428 αὐτῷ
716 4356 1088 4426 διαφερόντων
1120 4354 1448 4425 προῖέμενον
1491 4354 1709 4407 πάντων
1741 4351 1887 4422 αὐτῷ
1919 4351 2010 4421 μά-

2124 4345 2336 4400 amicus
2378 4347 2518 4397 erat.
2565 4337 2658 4395 Sic
2703 4335 3087 4407 Apocauchus-
3123 4337 3390 4406 gravitate
3447 4334 3696 4403 responsi

455 4449 608 4502 λιστα
642 4425 774 4502 δντα
825 4425 1146 4516 ὀφειλέτηνο
1194 4444 1404 4500 πολλῶν
1458 4444 1564 4516 γάρ
1594 4441 2010 4496 ἀπολελαυκέναι

2127 4435 2447 4499 deterritus,
2478 4446 2675 4503 magno
2703 4429 3010 4485 domestico
3044 4427 3310 4482 molestus
3350 4439 3471 4481 esse
3513 4425 3694 4479 desiit.

457 4541 566 4593 τῶν
589 4514 917 4607 εὐεργεσιῶν
947 4514 1073 4590 τῶν
1099 4536 1231 4606 παρ’
1257 4536 1448 4600 αὐτοῦ,
1491 4514 1553 4588 οὐ
1609 4534 1822 4605 βασιλεῖ
1861 4534 2010 4604 μόνοι

2129 4527 2236 4583 Sed
2269 4533 2502 4580 matrem
2532 4523 2654 4593 ejus
2687 4518 3047 4584 conveniens,
3081 4517 3227 4572 idem
3258 4515 3337 4570 illi
3369 4514 3698 4586 persuadere

458 4629 556 4700 τὴν
587 4605 759 4700 ἀρχὴν
795 4630 886 4683 καὶ
909 4605 1332 4699 προσαγαγόντα
1361 4625 1459 4679 καὶ
1486 4624 1871 4686 οἰκειῶσαντα,
1892 4622 2010 4676 ἀλλά

2133 4617 2459 4674 nitebatur:
2497 4623 2669 4679 ratus,
2716 4613 2762 4667 si
2790 4611 2845 4666 id
2895 4617 3350 4680 consequeretur,
3401 4605 3548 4676 quod
3583 4618 3699 4662 stu-

463 4695 555 4777 καὶ
587 4695 810 4794 ὕστερον
855 4695 1119 4791 βασιλέως
1143 4718 1488 4790 ὠργισμένου
1539 4716 2010 4788 παραιτησάμενοι

2132 4709 2368 4773 duisset,
2413 4703 2720 4777 perfectum
2771 4700 3136 4776 habiturum:
3170 4713 3281 4753 non
3326 4697 3476 4752 enim
3523 4696 3696 4752 tilium

462 4815 646 4882 αὐτὸν,
685 4788 782 4868 καὶ
821 4788 915 4866 τοῦ
941 4788 1748 4882 δεσμωτηρίουάπαλλάξαντα,
1803 4808 1898 4860 καὶ
1926 4805 2010 4877 μέ·

2133 4800 2295 4856 matri
2335 4795 2832 4859 contmdicturmn,
2860 4790 3073 4860 siquid
3109 4789 3200 4844 illa
3251 4799 3312 4843 nt
3343 4790 3494 4844 utile
3524 4796 3593 4844 et.
3613 4788 3700 4857 ju-

1714 4919 1933 4984 Jecobi
1961 4916 2247 4983 Gretseri
2278 4919 2468 4976 notas.

468 5063 650 5114 mento
671 5053 825 5112 editi-
854 5051 969 5110 Nec
1001 5049 1230 5124 quaestio
1258 5049 1400 5107 inter
1424 5047 1764 5124 Barlaami)":
1790 5056 1846 5101 ει
1868 5043 2025 5124 Pide-
2123 5042 2262 5124 sim?
2278 5037 2347 5124 i'}
2364 5033 2623 5124 ,ςὲεξὲἒὶίὲθ
2644 5027 3696 5124 ἓὲἳὶἒῗὶξοξξὶἓῗὲ.,θίιὲἒὲἶξξξδνέἓεὲἓῑ

469 5095 2024 5193 κςξῐντῑιῖϊῖιέ’νιῖτδιοῖξξῑδῑιέξεῑίιοῑῖῖξιιῑίῖιίξ.’ξεῖ-δε
2123 5095 2211 5193 iii?
2235 5103 2805 5193 is'Pﬁ'ﬂ‘iﬁijitiE?
2843 5095 3700 5193 grassantes

2127 5177 2250 5235 ﬁdei
2283 5169 2397 5230 sua
2425 5187 2523 5229 seu
2554 5169 2809 5241 perﬁdiae
2843 5169 3326 5241 potius__rat_ionem
3363 5169 3696 5241 reddebant,

2129 5247 2261 5306 ιοηιί
2288 5253 2453 5306 sunt;
2481 5251 2538 5294 ut
2554 5235 2618 5294 'et
2637 5235 3000 5294 constitutum
3025 5235 3206 5307 Vixi!“
3237 5235 3380 5306 εἰ)υά
3402 5235 3699 5307 Baronium

2129 5305 2276 5373 tomo
2313 5305 2447 5366 Vll.’
2471 5309 2608 5363 Hinc
2653 5308 2908 5363 videlicet
2948 5321 2980 5361 a
3013 5305 3331 5361 continente
3368 5305 3700 5363 transfertur

2130 5388 2198 5442 ad
2229 5385 2346 5455 ipsa
2367 5383 2639 5455 dogmata,
2665 5387 2726 5455 ut
2751 5387 2928 5455 tomus
2951 5375 3155 5431 Leonis
3173 5382 3367 5455 contra
3393 5376 3698 5455 Eutychen,

2131 5457 2204 5512 sit
2233 5444 2410 5524 ipsum
2439 5444 2663 5524 dogma
2687 5444 2942 5524 Ecclesiae
2973 5444 3446 5524 con_tra_eumd_em
3482 5444 3700 5524 ιξειπθιί-

2131 5512 2280 5580 οιιιιιῖ
2315 5521 2452 5575 Hinc
2480 5512 2706 5572 verbum
2737 5514 3139 5583 Τομογραφεῖν,
3161 5512 3296 5583 ὅπερ
3339 5512 3456 5583 ἐστί
3481 5515 3546 5566 τὸ
3578 5531 3698 5569 συν.

2132 5579 2488 5674 τετμημένως
2515 5579 3058 5649 ἐκδιδόναι,’καῖόἰον
3083 5579 3362 5652 ὁρίζεσθαι
3387 5582 3456 5635 τὰ
3482 5583 3570 5637 διὰ
3596 5602 3702 5666 μα.

2135 5679 2286 5722 κρων
2315 5657 2730 5722 διαλαληθέντα,
2763 5656 2874 5722 καὶ-
2902 5651 3181 5722 γραφέντα
3220 5649 3596 5722 πολλάκιςιυι
3625 5662 3705 5708 an,

2135 5679 2172 5716 at
2211 5673 2286 5715 ων
2315 5673 2730 5725 διαλαληυεντα,
2763 5673 2859 5706 και
2902 5673 3181 5722 γραφεντα
3220 5673 3506 5714 πολλάκις,
3538 5673 3596 5708 ιιι
3625 5673 3698 5708 au

2135 5679 2454 5786 Piiilotheus
2483 5725 2796 5795 patriarcha
2837 5719 3466 5795 Constantinopolitanus
3499 5720 3594 5795 lib.
3641 5723 3698 5786 2,-

2140 5808 2333 5856 contra
2362 5788 2726 5863 Nicephorum
2757 5790 3074 5863 Gregoram,
3123 5802 3290 5858 agens
3307 5788 3387 5863 _de
3436 5790 3538 5845 hoc
3571 5792 3709 5863 ipso

2141 5878 2294 5924 torno
2343 5857 2536 5935 synodi
2583 5857 3200 5928 Constantinopolitanm
3255 5857 3518 5914 adversus
3569 5857 3703 5913 Bap

2142 5942 2397 5995 laamum.

470 5197 672 5250 lumine
701 5183 996 5257 Thaborio,
1039 5193 1216 5260 deque
1259 5183 1664 5260 substantia'et
1710 5183 2027 5260 operatione

473 5266 672 5319 divina.
732 5263 930 5318 Verum
978 5253 1067 5316 hic
1116 5253 1278 5326 hujus
1321 5257 1691 5326 adnotationis
1736 5253 1863 5309 linis
1915 5256 2026 5317 sit,

474 5336 629 5402 cujus
650 5348 758 5387 non
787 5325 1210 5402 prolixitas,_sed
1244 5329 1298 5402 in
1323 5325 1546 5402 historia
1583 5334 1694 5402 ta_m_
1715 5326 1948 5402 obscura
1974 5327 2032 5375 et

473 5392 654 5474 ignota
691 5392 898 5456 utilitas
917 5397 1258 5474 considerari
1302 5411 1333 5450 a
1376 5395 1579 5474 lectore
1601 5392 1810 5474 debet;
1859 5394 2030 5444 facem

473 5462 618 5528 enim
647 5470 996 5542 praeportabit
1019 5468 1298 5542 omnibus,
1326 5481 1446 5532 qum
1476 5462 1896 5542 pantacuzelnus
1940 5474 2036 5513 va-

477 5543 573 5596 riis
593 5528 677 5596 sn'i
698 5528 886 5613 operis
901 5540 1043 5613 locis
1052 5539 1121 5613 de
1141 5528 1442 5613 Barlaamo,
1464 5532 1762 5613 deindyno,
1775 5528 2033 5600 Gregora,

477 5604 779 5680 eorumque
800 5609 1153 5680 opinionibus
1178 5605 1386 5680 scripta
1413 5604 1652 5680 reliquit.

548 5667 749 5737 'l‘onn'is
798 5667 854 5732 in
895 5677 1115 5747 synodis
1161 5667 1372 5747 libell'us
1406 5667 1682 5747 estfacta
1721 5676 1776 5724 et
1821 5667 2038 5722 decreta

477 5751 615 5815 elus,
651 5759 704 5802 et
733 5757 904 5802 totum
925 5739 1088 5812 illud,
1119 5745 1260 5816 quod
1297 5743 1418 5816 ﬁdei
1450 5739 1839 5816 prttfessionettt
1872 5751 2038 5816 expo-

478 5811 839 5886 sitionemque
887 5811 1555 5886 cotttinet'gbmplectens.
1605 5811 1870 5886 Quocirca
1906 5811 2033 5886 ὀρι-

481 5891 618 5943 stola
649 5876 820 5943 sancti
850 5885 1046 5940 Leonis
1073 5885 1140 5939 ad
1167 5876 1482 5955 Flavianum
1514 5876 2033 5955 cont_ra__Eutyche.n,

483 5973 587 6028 qua
619 5955 868 6028 exposuit
897 5955 1220 6011 sententiam
1264 5949 1519 6005 Ecclesiae
1546 5946 1822 6004 catholica:
1851 5946 2038 6014 sapis-
