4060 6518
1503 480 1826 550 JOANNIS
1866 491 2402 554 CANTACUZENI

3474 497 3578 560 ⁸704

1488 859 1839 948 LIBER
1913 862 2474 951 TERTIUS.

1587 1192 1751 1263 343
1786 1193 2011 1250 CAPUT
2050 1194 2337 1250 Pntuuu.

348 1282 633 1360 Transitio.
664 1283 885 1336 breviter
911 1295 1135 1360 narrata
1165 1297 1418 1360 repetens,
1447 1293 1496 1336 et
1528 1287 1802 1360 narranda
1835 1287 2164 1360 promittens.
2193 1287 2476 1360 Ναί-νακάί
2510 1303 2686 1343 causa:
2723 1289 2863 1348 dua.
2901 1289 3190 1360 Comparat
3233 1307 3287 1345 se
3324 1307 3441 1345 cum
3467 1293 3588 1346 aliis

416 1355 607 1430 [tarum
626 1369 800 1430 rerum
831 1355 1168 1430 scriptoribus
1200 1363 1249 1408 et
1278 1357 1552 1430 veritatem
1572 1355 1844 1430 sinceram
1866 1357 2147 1430 promittit.
2185 1356 2376 1430 Luctus
2394 1359 2741 1430 imperatoris
2766 1362 2827 1414 ob
2859 1355 3160 1430 defunctum
3185 1363 3586 1430 imperatorem.

421 1421 912 1500 Magni‘domestici
944 1423 1165 1500 diligens
1193 1425 1426 1500 custodia
1459 1433 1509 1476 et
1535 1424 1726 1494 vigilia:
1753 1440 1770 1480 :
1801 1421 1875 1479 et'
1897 1429 1952 1479 in
1973 1473 1976 1480 .
2000 1427 2335 1496 procurando
2386 1421 2609 1498 imperio
2643 1421 2961 1487 sollicitudo.
3017 1429 3204 1484 Funus
3254 1421 3590 1500 imperatoris

419 1492 758 1560 magniﬁcum
792 1502 839 1546 et
882 1492 1054 1546 sacra
1080 1495 1400 1562 piacularia.

421 1607 892 1672 Quemadmodum
957 1608 1124 1678 igitur
1187 1608 1477 1680 Palaeologi
1560 1608 1958 1678 imperatores,

2093 1612 2175 1664 Τὰ
2218 1612 2319 1682 μὲν
2347 1613 2412 1684 δὴ
2443 1601 2554 1667 τῶν
2610 1589 2990 1681 παλαιολὸγων
3042 1612 3329 1682 βασιλέων,
3378 1611 3480 1662 ὅσα
3530 1626 3591 1663 τε

352 1701 496 1754 inter
539 1715 598 1753 se
649 1699 1060 1764 contenderint,
1111 1709 1167 1754 et
1219 1715 1342 1768 quae
1382 1699 1677 1769 separatim
1706 1699 1920 1770 junior,

355 1799 642 1859 postquam
699 1791 885 1845 senior
930 1791 1163 1856 imperio
1191 1790 1383 1853 abivit,
1432 1799 1621 1844 contra
1654 1790 1918 1845 barbaros

355 1879 525 1934 armis
561 1880 829 1950 gesserit:
858 1879 1134 1949 quomodo
1163 1879 1311 1934 domi
1344 1895 1563 1950 semper
1611 1882 1918 1949 rempubli—

357 1985 476 2024 cam
508 1969 782 2034 habuerit,
834 1969 1122 2040 hucusque
1179 1985 1206 2023 a
1252 1971 1413 2026 nobis
1443 1973 1774 2042 explicatum
1819 1983 1924 2039 est,

357 2070 414 2115 et
448 2061 717 2131 promissa
757 2061 825 2116 ab
866 2060 1026 2114 initio
1094 2071 1440 2124 conservata,
1493 2062 1622 2117 dum
1673 2071 1927 2119 accurate

358 2160 415 2206 et
448 2167 596 2216 vere,
626 2160 686 2206 ut
729 2151 1102 2221 contigerunt,
1133 2152 1316 2206 omnia
1359 2153 1667 2208 litterarum
1717 2169 1921 2222 monu-

360 2245 560 2298 mentis
633 2244 904 2312 complexi
991 2259 1204 2314 sumus,
1289 2243 1397 2299 Sed
1470 2245 1732 2314 quoniam
1804 2255 1932 2316 post

361 2336 662 2391 Andronici
720 2337 951 2390 minoris
1007 2352 1076 2390 ex
1145 2336 1250 2391 hac
1312 2337 1438 2391 luce
1495 2336 1878 2407 migrationem
1913 2379 1930 2405 ,

364 2429 568 2484 bellutn
621 2429 867 2482 omnium
902 2437 1176 2497 quotquot
1201 2443 1442 2497 unquam
1479 2428 1681 2484 litteris
1709 2429 1936 2485 exstite-

365 2530 517 2588 runt,
579 2520 1110 2590 perniciosissimum
1182 2519 1328 2574 inter
1386 2520 1666 2576 Romanos
1788 2521 1936 2589 ipsos

366 2613 760 2667 inﬂammatum
790 2622 879 2667 est
904 2652 920 2677 ,
975 2611 1122 2666 unde
1163 2611 1560 2681 propemodum
1595 2611 1777 2679 omnia
1809 2626 1938 2679 pro-

368 2713 558 2767 SIratu,
613 2714 669 2761 et
700 2719 891 2759 eversa
934 2706 1269 2773 perierunt,
1320 2717 1386 2756 ac
1427 2701 1647 2756 beatum
1700 2701 1832 2756 illud
1886 2712 1940 2756 et

369 2799 612 2868 amplum
642 2796 960 2865 imperium,
993 2794 1430 2858 imbecillimum,
1473 2803 1531 2848 et
1558 2794 1727 2848 veluti
1769 2795 1939 2848 simu-

370 2891 583 2945 lacrum
607 2887 906 2957 quoddam,
943 2895 998 2939 et
1025 2887 1216 2940 umbra
1262 2873 1474 2940 tantum
1503 2885 1704 2956 prioris
1743 2886 1936 2950 evasit,

2022 1703 2152 1771 περὶ
2184 1703 2286 1772 τῆς
2323 1705 2495 1773 ἀρχῆς
2550 1705 2690 1774 πρὸς
2736 1704 2999 1773 ἀλλήλους
3062 1703 3446 1772 διηνέχθησαν,
3499 1700 3592 1753 καὶ

2023 1793 2122 1845 ὅσα
2172 1793 2292 1846 καθ’
2321 1794 2514 1849 ἑαυτὸν
2542 1795 2707 1857 ὁνέος
2763 1792 2902 1864 μετὰ
2935 1795 3028 1846 τὸν
3059 1793 3434 1862 πρεσϐύτερον
3482 1789 3590 1843 τῶν

2025 1881 2367 1952 πραγμάτων
2414 1883 2621 1936 παῦσαι
2649 1882 2950 1953 τῆς.ἀρχῆς
2990 1883 3129 1951 πρός
3160 1899 3220 1934 τε
3279 1881 3593 1952 βαρϐάρους

2025 1973 2281 2042 πολεμῶν
2312 1975 2404 2026 καὶ
2433 1973 2570 2044 πρὸς
2596 1974 2724 2036 τοὺς
2761 1972 2996 2035 οἰκείους
3017 1973 3282 2025 διετέλεσε
3317 1969 3598 2025 πολιτευό-

2031 2080 2212 2133 μενος,
2243 2047 2478 2118 ὲνταῦθα
2528 2063 2887 2134 ἐτελεύτησν
2921 2063 3016 2116 καὶ
3063 2064 3097 2134 ἡ
3155 2062 3417 2133 πρόθεσις
3466 2063 3600 2131 ἡμῖν

2029 2157 2203 2224 πέρας
2229 2156 2527 2226 έσχηκενιή
2557 2155 2617 2220 ἐξ
2653 2154 2854 2226 ἀρχῆς,
2885 2154 3066 2207 πάντα
3094 2153 3193 2206 σὺν
3225 2153 3482 2223 ἀκριϐείᾳ
3510 2155 3604 2206 καὶ

2036 2245 2174 2316 μετὰ
2208 2244 2466 2316 ἀληθείας
2495 2244 2928 2314 ἀπαγγείλασιν,
2961 2244 3036 2308 ὡς
3073 2245 3306 2311 ἐγένετο.
3349 2243 3502 2296 Ἐπεὶ
3547 2241 3607 2297 εδ

2037 2337 2174 2406 μετὰ
2217 2338 2316 2406 τὴν
2351 2335 2686 2405 Ἀνδρονίκου
2716 2335 2813 2390 τοῦ
2845 2338 2966 2390 νέου
2998 2335 3276 2406 τελευτὴν,
3297 2338 3325 2388 ὁ
3363 2335 3638 2404 χαλεπὼοσ

2035 2443 2198 2490 τατος
2223 2425 2332 2480 τῶν
2365 2425 2588 2479 πώποτε
2632 2427 3128 2497 μνημονευομένων
3153 2427 3266 2487 τοῖς
3307 2423 3608 2491 Ῥωμαίοις

2037 2517 2175 2585 πρὸς
2199 2515 2463 2578 ἀλλήλους
2490 2516 2726 2586 πόλεμος
2765 2515 3151 2588 ἀνερῤιπίσθη,
3183 2515 3240 2576 ὃς
3286 2515 3468 2581 ὀλίγου
3500 2515 3608 2566 δεῖν

2039 2609 2216 2660 πάντα
2243 2607 2583 2675 ἀνατέτραφε
2611 2606 2706 2659 καὶ
2731 2607 3044 2674 διέφθαρκε.
3073 2607 3164 2659 καὶ
3192 2608 3291 2674 τὴν
3315 2606 3608 2674 εὐδαίμονα

2039 2700 2136 2752 καὶ
2188 2697 2431 2767 μεγάλην
2474 2697 2584 2750 τῶν
2615 2697 2903 2767 Ῥωμαίων
2939 2697 3223 2766 βασιλείαν
3283 2697 3608 2750 ἀσθενεστά-

2038 2806 2162 2858 την,
2215 2788 2310 2840 καὶ
2364 2786 2555 2858 ὥσπερ
2590 2785 2808 2841 εἴδωλον
2864 2786 3119 2852 ἀπέδειξε
3157 2787 3254 2856 τῆς
3319 2787 3611 2858 προτέρας,

2044 2881 2341 2949 ἀναγκαῖον
2387 2879 2574 2951 ᾠήθην
2622 2881 2717 2932 καὶ
2745 2877 2812 2933 τὰ
2864 2878 3007 2932 κατά
3035 2877 3225 2930 τοῦτον
3253 2879 3348 2930 τὸν
3379 2877 3615 2946 πόλεμον

374 2981 756 3035 necessarium
782 2979 1119 3043 existimavi,
1155 2980 1320 3033 etiam
1373 2993 1440 3032 eo
1481 2981 1602 3047 ipso
1633 2987 1942 3048 perpetrata

2060 2972 2389 3043 γεγενημένα
2436 2970 2845 3043 ὲξηγήσασθαιο
2902 2970 2964 3024 οὐ
3015 2969 3180 3038 μόνον
3231 2967 3298 3022 ἶν’
3333 2968 3523 3022 εἰδεῖεν
3563 2968 3614 3020 οῖ

376 3082 716 3145 contexere;
743 3086 852 3126 non
897 3071 1101 3142 ⁴εοιιιιιι
1153 3078 1214 3124 ut
1274 3069 1571 3140 posteritas
1628 3077 1943 3140 cognoscat,

2060 3066 2367 3135 μετέπειτα,
2416 3065 2557 3119 ὅσων
2605 3063 2789 3118 κακῶν
2845 3062 3017 3125 αἴτιος
3072 3061 3100 3114 ὁ
3146 3061 3363 3129 φθόνος,
3398 3061 3458 3113 οὐ
3489 3061 3614 3122 τοὺς

378 3171 640 3231 quantam
701 3162 812 3216 vim
873 3161 1349 3216 incommodorum
1389 3160 1593 3215 invidia
1647 3160 1948 3230 importare

2060 3157 2451 3228 ρθονουμένους
2485 3155 2668 3225 μόνον,
2702 3153 2840 3206 ἀλλά
2896 3153 2992 3208 καὶ
3030 3151 3229 3214 αὐτοὺς
3279 3150 3616 3220 ἐξαφανίζων

380 3254 576 3317 soleat,
614 3268 735 3322 quae
769 3261 877 3308 tam
907 3254 1037 3319 sibi,
1068 3267 1233 3322 quam
1261 3253 1410 3318 aliis,
1459 3253 1635 3308 instar
1674 3252 1947 3323 rubiginis

2060 3250 2178 3312 τοὺς
2230 3247 2584 3318 φθονοῦντας,
2619 3245 2810 3316 ὥσπερ
2859 3245 2951 3298 τὸν
3001 3245 3219 3315 σίδηρον
3267 3246 3296 3297 ὁ
3342 3243 3404 3307 ἐξ
3451 3241 3616 3296 αὐτοῦ

380 3361 447 3401 ex
473 3345 590 3414 ipso
607 3345 754 3400 ferro
772 3345 1050 3400 nascentis
1070 3345 1206 3414 (85),
1233 3344 1550 3415 ferrumque
1573 3344 1952 3402 consumentis

2060 3339 2370 3409 τικτόμενος
2399 3338 2498 3401 ίδς,
2530 3336 2646 3391 ἀλλ’
2684 3338 2773 3392 ἴνα
2801 3336 2896 3391 καὶ
2923 3336 3079 3390 αὐτοὶ
3109 3339 3156 3390 οἱ
3188 3336 3283 3391 νῦν
3305 3340 3418 3401 τοῖς
3445 3337 3624 3408 πράγ-

287 3463 294 3467 -
383 3435 614 3488 exitiosa
651 3442 756 3499 est,
786 3433 880 3488 sed
907 3435 1074 3488 etiam
1098 3442 1158 3487 ut
1187 3441 1488 3502 praesentes
1525 3433 1784 3494 habeant,
1807 3431 1954 3485 unde

385 3529 668 3582 veritatem
713 3526 1064 3596 percipiant,
1111 3540 1178 3579 ne
1248 3523 1556 3594 peregrinis
1595 3524 1951 3588 rumoribus,

386 3633 526 3672 neve
571 3617 638 3671 iis
665 3631 787 3684 quae
820 3616 888 3669 ab
923 3623 1158 3684 utraque
1188 3624 1345 3683 parte
1370 3613 1457 3668 vel
1499 3613 1567 3669 ad
1596 3629 1756 3668 suum
1789 3613 1959 3670 decus

391 3723 490 3778 per
542 3706 797 3776 gratiam,
830 3705 917 3760 vel
970 3705 1037 3759 ad
1093 3704 1543 3761 adversariorum
1591 3706 1834 3762 dedecus
1862 3723 1961 3781 per

392 3798 728 3853 calumniam
792 3796 1277 3862 disseminantur,
1339 3797 1555 3852 animos
1610 3783 1962 3854 advertentes

393 3887 902 3951 circumducantur,
965 3885 1099 3942 falsa
1153 3901 1253 3956 pro
1296 3887 1445 3942 veris
1485 3887 1795 3956 opinantes.
1846 3889 1964 3944 Erit

396 3987 579 4031 autem
605 3992 787 4046 operae
815 3977 1050 4046 pretium
1078 3991 1188 4029 non
1221 3977 1546 4041 oscitanter,
1579 3977 1673 4032 sed
1713 3977 1964 4032 studiose

398 4068 531 4122 mihi
562 4067 696 4120 dare
719 4080 968 4136 Operam.
1000 4065 1134 4121 Nam
1164 4067 1346 4122 caeteri
1365 4082 1576 4133 omnes,
1611 4067 1656 4122 si
1683 4067 1776 4138 qui
1802 4068 1968 4139 hujus

401 4159 527 4214 belli
589 4158 870 4212 historiam
935 4169 1418 4227 composuerunt,
1477 4170 1572 4214 aut
1647 4159 1966 4230 neutiquam

2056 3448 2192 3502 μασι
2230 3431 2523 3498 παρόντες,
2564 3427 2801 3500 τάληθὲς
2834 3428 3252 3500 είδέναι·ἔχητε,
3287 3431 3382 3483 καὶ
3412 3431 3486 3501 μὴ
3509 3433 3625 3493 ταῖς

2056 3519 2254 3587 ἔξωθεν
2287 3521 2523 3591 φήμαις,
2567 3520 2702 3592 μηδὲ
2735 3520 2849 3585 τοῖς
2889 3519 3019 3590 παρ’
3044 3522 3326 3594 ἑκατέρων
3371 3522 3480 3576 τῶν
3531 3539 3628 3591 με·

2062 3611 2170 3684 ρῶν
2202 3613 2236 3682 ἢ
2277 3613 2490 3676 ἑαυτοῖς
2541 3611 2949 3683 χαριζομένοις,
2984 3615 3018 3685 ἢ
3051 3616 3179 3678 τοὺς
3206 3613 3483 3677 ἐναντίους
3513 3612 3630 3667 δια-

2060 3704 2316 3759 ϐάλλουσι
2369 3705 2744 3775 προσέχοντας
2814 3706 3256 3776 θρυλλουμένοις,
3305 3703 3631 3776 παράγησθε

2061 3795 2379 3862 δοξάζοντες
2409 3797 2481 3850 τά
2513 3797 2590 3866 μὴ
2621 3796 2772 3851 ὄντα.
2809 3797 2999 3864 Ἄξιον
3053 3797 3111 3851 δὲ
3160 3797 3302 3869 μετά
3345 3798 3632 3870 ἀκριϐείας

2063 3889 2190 3958 ἐμοὶ
2218 3890 2508 3959 προσέχειν
2546 3888 2640 3942 καὶ
2672 3889 2746 3959 μὴ
2772 3889 3088 3960 παρέργως.
3114 3891 3176 3944 Ol
3206 3888 3307 3963 μὶν
3340 3888 3448 3960 γὰρ
3484 3888 3634 3944 ἄλλοι

2065 3979 2265 4040 πάντες
2290 3979 2338 4030 εί
2361 3978 2422 4050 δή
2449 3994 2594 4042 τινες
2611 3972 2723 4031 εῐεν
2756 3979 2804 4031 oi
2835 3978 3284 4050 συγγραψάμενοι
3326 3978 3454 4050 περὶ
3485 3976 3634 4030 τοῦδε

2066 4069 2162 4124 τοῦ
2196 4069 2462 4138 πολέμου,
2504 4069 2536 4140 ἢ
2578 4070 2926 4124 παντάπασιν
2960 4071 3196 4134 ἀπόντες
3225 4070 3332 4122 τῶν
3378 4070 3639 4142 πραγμά-

2069 4179 2198 4227 των,
2240 4161 2341 4216 ὅσα
2394 4161 2426 4232 ἢ
2479 4161 2636 4230 όχλος
2677 4163 2705 4215 ὁ
2734 4161 2992 4232 δημώδης
3032 4161 3365 4231 διεθρύλλει,
3417 4163 3451 4232 ἡ
3497 4177 3640 4223 τινες

403 4246 792 4311 interfuerunt,
826 4261 1060 4316 qumque
1086 4250 1203 4301 sive
1226 4247 1524 4302 multitudo
1547 4249 1829 4318 popularis
1854 4248 1958 4304 sive

2073 4253 2251 4324 ἕτεροι
2287 4253 2658 4324 ἀπήγγελλον,
2701 4254 2854 4308 οὐδὲν
2908 4251 3082 4322 σαφὲς
3133 4253 3336 4315 εἰδότες
3374 4251 3642 4320 περὶτῶν

403 4339 492 4393 alii
549 4338 771 4409 quidam
808 4339 1110 4406 jactarunt,
1175 4341 1450 4408 persecuti
1500 4349 1664 4402 sunt,
1724 4339 1958 4410 nihilque

2071 4345 2396 4414 γινομένων,
2451 4339 2540 4397 οἷα
2582 4343 2952 4414 παρεδέξαντο
2994 4345 3115 4406 ταῖς
3162 4344 3375 4404 ἀκοαῖς,
3417 4342 3640 4395 τοιαῦτα

408 4446 595 4485 rerum
657 4437 939 4500 gestarum
1002 4429 1216 4499 liquido
1269 4441 1614 4501 compertum
1667 4430 1973 4496 habentes,

405 4523 587 4592 qualia
616 4523 845 4576 auribus
871 4509 1218 4591 acceperant,
1249 4523 1400 4587 talia,
1427 4523 1578 4576 nullo
1602 4523 1668 4578 ad
1690 4524 1975 4579 veritatem

409 4621 690 4681 respectu,
733 4612 973 4680 posteris
1027 4611 1415 4667 tradiderunt:
1448 4622 1544 4667 aut
1587 4613 1633 4668 si
1678 4613 1845 4668 etiam
1874 4615 1978 4669 sub

410 4705 622 4758 utrovis
667 4703 1068 4771 imperatorum
1126 4701 1456 4768 militarent,
1490 4718 1602 4758 non
1629 4705 1819 4776 utique
1850 4721 1981 4760 con-

411 4796 660 4850 siliorutn
715 4793 1015 4863 participes
1047 4834 1062 4858 ,
1117 4807 1298 4862 neque
1361 4809 1686 4850 arcanorum
1771 4799 1982 4856 conscii

413 4889 660 4940 luerunt.
718 4885 930 4940 Deinde
972 4899 1079 4940 nec
1112 4886 1375 4941 omnibus
1420 4902 1607 4942 coram
1663 4887 1981 4957 adfuerunt,

414 4994 540 5034 cum
572 4977 926 5032 continenter
959 4985 1015 5031 et
1061 4975 1178 5041 diu,
1221 4992 1418 5048 nempe
1459 4987 1634 5034 totum
1675 4982 1988 5052 quinquen-

418 5072 571 5125 nium
634 5085 786 5124 arma
856 5068 1202 5124 duraverint.
1273 5069 1425 5124 Mihi
1467 5085 1601 5126 vero
1665 5058 1985 5144 huiusmodi

417 5163 636 5234 culpam
681 5161 921 5231 aliquam
957 5160 1123 5233 3&9
1169 5176 1331 5218 nemo
1364 5162 1656 5234 objecerit.
1707 5165 1847 5220 Nam
1893 5165 1986 5232 iis,

2076 4439 2170 4487 καὶ
2214 4437 2331 4499 τοῖς
2375 4435 2674 4500 μετέπειτα
2729 4434 3001 4499 ἐξέδωκαν
3055 4434 3220 4504 μηδὲν
3255 4432 3642 4504 φροντίσαντες

2074 4529 2172 4597 τῆς
2201 4527 2494 4598 ἀληθείας·
2526 4526 2560 4598 ἢ
2592 4527 2640 4580 εί
2676 4526 2770 4580 καὶ
2799 4524 3294 4597 συνεστρατεύοντο
3333 4526 3445 4588 τοῖς
3490 4522 3647 4593 βασι.

2075 4618 2258 4672 λεῦσιν
2291 4618 2592 4688 ἑκατέροις,
2623 4616 2740 4673 ἀλλ’
2771 4617 2832 4670 οὒ
2853 4617 3027 4686 δήπου
3060 4633 3124 4685 γε
3159 4615 3355 4688 βουλῆς
3381 4617 3646 4686 μετεῖχον,

2082 4709 2203 4762 οὐδὲ
2243 4707 2352 4762 τῶν
2385 4707 2846 4778 ἀπορῤητοτέρων
2873 4703 3018 4778 ἦσαν
3045 4706 3296 4761 κοινωνοί
3317 4722 3333 4738 ⁸
3363 4705 3537 4768 ἄλλως
3567 4721 3648 4767 τε,

2083 4800 2191 4854 οὐδ’
2220 4800 2306 4869 ἐφ’
2336 4799 2508 4853 ἀπασι
2535 4799 2804 4869 παρόντες
2829 4800 2940 4862 τοῖς
2977 4800 3376 4869 πραττομένοις
3393 4793 3653 4867 συνεχοῦς

2085 4892 2208 4944 καὶ-
2235 4889 2593 4959 πολυχρονίου
2659 4889 3039 4959 γεγενημένου
3080 4887 3176 4941 τοῦ
3223 4887 3500 4957 πολέμου·
3557 4886 3654 4937 ἐπὶ

2085 4981 2248 5034 πέντε
2279 4981 2388 5049 γὰρ
2417 4979 2564 5032 ἔτεσι
2615 4978 2940 5050 διήρκεσεν.’
2967 4978 3124 5048 Ἐμοὶ
3165 4977 3219 5030 δὲ
3245 4975 3507 5045 οὐδεμίαν
3534 4974 3655 5027 τινά

2085 5073 2343 5142 τοιαύτην
2388 5071 2499 5143 ἔχοι
2529 5087 2634 5134 .τις
2681 5071 2746 5125 ἂν
2779 5073 3099 5139 ἐπενεγκεῖν
3138 5069 3346 5124 αἰτίαν.
3370 5069 3499 5132 Τοῖς
3549 5065 3656 5136 γὰρ

2092 5165 2200 5218 τῶν
2231 5165 2627 5234 πραττομένων
2676 5163 3002 5235 αὐτουργοῖς
3050 5160 3356 5232 συμπαρὼν
3385 5160 3569 5224 αὐτὸς,
3591 5157 3660 5212 τά

1652 5317 1676 5340 ο
1699 5284 1918 5348 Jacobi
1957 5285 2443 5375 Pontani‘notm.

493 5383 604 5460 (βξ)
645 5383 936 5453 Aptissima
957 5385 1289 5460 similitudo.
1325 5384 1532 5442 Invidia
1564 5388 1738 5460 ipsum
1768 5405 1988 5460 quoque

421 5452 781 5526 invidentem,
810 5462 870 5526 ut
895 5455 1085 5525 rubigo
1119 5457 1343 5526 ferrum,
1366 5473 1430 5511 ex
1457 5473 1565 5526 quo
1583 5452 1822 5523 exstitit,
1853 5452 1990 5514 con-

424 5526 608 5598 sumit.
634 5522 1165 5598 Pc_riander.'il€rne_p
1187 5528 1213 5578 ὁ
1243 5525 1320 5588 ib;
1346 5522 1583 5598 σιδηρδν,
1608 5527 1782 5591 οὕτως
1806 5522 1834 5582 δ
1862 5529 1996 5598 φθό-

425 5608 514 5656 νος
540 5595 638 5667 τὴν
689 5594 913 5667 ἔχουσαν
939 5595 1100 5647 αὑτὸν
1125 5595 1304 5667 ψυχὴν
1340 5594 1698 5667 ἐξαναψὴχει.
1728 5594 1993 5663 Quemad-

431 5665 639 5716 modum
670 5680 844 5734 azrugo
877 5666 1095 5735 ferrum,
1130 5667 1202 5717 sic
1246 5665 1441 5719 invidia
1477 5665 1716 5722 animum
1749 5668 1912 5735 illius,
1942 5683 1996 5720 in

431 5745 502 5798 c4
527 5764 534 5775 ι
573 5743 666 5798 est,
697 5740 937 5787 conterit.
979 5734 1096 5788 Lib.
1121 5750 1136 5787 ι
1166 5735 1488 5806 Anthologiaz
1511 5751 1530 5788 :

441 5820 502 5872 '0
520 5823 725 5898 -ιρθῦνος
752 5823 866 5898 εστὶ
903 5823 1201 5898 Δκάκιστον.
1225 5822 1376 5890 Ἔχει
1405 5823 1462 5874 δέ
1493 5839 1544 5898 τι
1569 5822 1730 5898 ita}.th
1760 5825 1818 5877 ὲν
1846 5825 2012 5898 αὐτῷ·

520 5892 689 5960 Τὴκει
719 5890 827 5961 γάρ
856 5891 1136 5960 φθονερῶν
1165 5893 1393 5962 ὄμματα
1427 5894 1518 5944 καὶ
1551 5894 1798 5962 κραδίην.

2165 5389 2376 5447 Grande
2406 5391 2602 5443 malum
2629 5389 2782 5444 livor.
2815 5387 3054 5442 Comedit
3084 5385 3362 5440 liventibus
3390 5385 3529 5439 idem

2237 5461 2406 5531 Atque
2438 5476 2549 5527 cor,
2580 5469 2737 5532 atque
2762 5458 2938 5514 oculos
2965 5475 2982 5513 :
3013 5459 3110 5512 hoc
3136 5456 3288 5510 habet
3311 5471 3431 5526 ergo
3457 5453 3602 5508 boni.

2101 5617 2364 5674 Isocrates
2387 5615 2441 5669 in
2464 5614 2726 5685 Evagora:
2749 5612 2840 5682 Τῷ
2867 5611 3048 5682 φθόνῳ
3068 5610 3224 5685 τοῦτο
3250 5609 3407 5685 μόνον
3421 5608 3671 5685 πρόσεστι

2123 5687 2348 5755 ἀγαθὸν,
2375 5687 2457 5739 ὅτι
2483 5677 2754 5755 μέγίστον-
2771 5677 2938 5755 κακὸν
2953 5677 3068 5755 τοῖς
3095 5677 3306 5755 ἔχουσίν
3331 5677 3503 5755 ἐστιν)
3538 5677 3674 5755 ηυξ-

2127 5748 2218 5811 dia
2249 5748 2343 5810 hoc
2369 5748 2629 5808 duntax'tu
2665 5753 2815 5807 habet
2843 5753 2984 5817 boni,
3011 5748 3155 5821 quod,
3181 5749 3490 5818 sibimetipsi
3511 5748 3671 5818 plun-

2126 5844 2268 5882 mum
2303 5827 2452 5896 affert
2484 5824 2632 5878 mali.
