4060 6452
283 379 390 444 705

1417 371 1961 434 HISTORIARUM
2006 369 2234 430 LIBER
2274 367 2365 428 Ill

3407 368 3513 430 706

289 495 392 563 μὲν
419 487 544 547 οῖδα
573 490 708 562 παρ’
734 489 977 562 ἐμαυτοῦ
997 505 1011 521 ⁶
1049 489 1159 544 τῶν
1187 488 1244 544 δὲ
1275 486 1476 559 ἂκριὸἦ
1520 486 1622 557 τήν
1651 484 1850 554 γνῶσιν

1961 481 2055 551 qui
2121 496 2187 535 ea
2237 481 2524 545 fecerunt,
2595 491 2698 549 ego
2744 489 2986 547 prmsens
3047 475 3206 547 (86),
3255 479 3362 532 alia
3425 496 3523 548 per

286 585 466 653 έσχον,
521 583 702 638 αὐτῶν
753 582 1210 652 ἀπαγγειλάντων
1241 581 1352 634 τῶν
1389 580 1737 649 πραξάντων,
1767 576 1854 629 διὰ

286 675 348 728 τὺ
377 674 578 744 πολλὰς
605 672 698 728 καὶ
738 675 987 756 συνεχεῖς
1011 673 1096 740 ἐφ’
1125 671 1343 727 ἀπαντά
1373 669 1463 724 τὸν
1489 669 1584 723 τοῦ
1614 667 1853 737 πολέμου

287 765 474 836 χρόνον
507 767 604 828 τὰς
638 764 939 834 μεταὸολάς
973 762 1479 836 ὑπομεμενηκέναιο
1516 760 1656 814 ὥστε
1713 759 1856 822 εἰκὸς

296 854 371 924 μὴ
406 854 513 907 τῶν
535 854 934 924 πραττομένων
961 853 1145 923 μόνον,
1176 853 1310 906 ἀλλὰ
1344 852 1438 906 καὶ
1473 850 1858 921 βουλευμάτων

297 945 641 1015 ἀπορρήτων,
673 943 771 998 καὶ
823 943 993 997 δόλων
1051 941 1148 996 καὶ
1198 941 1524 1006 ἐπιϐουλῶν,
1579 941 1672 994 καὶ
1722 939 1858 1002 ὅλως

293 1035 532 1099 πάντων,
560 1035 654 1087 καὶ
684 1033 794 1087 τῶν
841 1032 1242 1104 πραττομένων
1283 1031 1557 1102 φανερῶς,
1597 1030 1693 1084 καὶ
1747 1027 1858 1081 τῶν

216 1122 218 1124 ⁷
293 1124 516 1194 ἀφανῶς
564 1123 1130 1193 κατασκευαζομένων
1179 1124 1392 1191 ἀγνοεῖν
1423 1122 1610 1193 μηδέν.
1643 1119 1717 1175 Οὐ
1750 1117 1858 1189 μὴν

293 1215 407 1269 ἀλλ’
437 1218 576 1284 ὅπερ
604 1215 740 1285 εφην
764 1215 1036 1286 έξάρχῆς,
1061 1215 1182 1268 οὐδὲ
1204 1215 1300 1284 τῆς
1326 1213 1584 1284 ἀληθείας
1617 1211 1858 1284 προστήο

289 1323 460 1374 βομαι
489 1307 645 1360 οὐδέν
662 1324 678 1339 ο
703 1307 818 1359 ἀλλ’
839 1305 912 1368 ὡς
936 1305 1072 1360 αὐτὰ
1092 1305 1250 1375 ἔσχον
1265 1305 1334 1357 τὰ
1360 1305 1662 1374 πράγματα
1678 1305 1858 1372 ἀπαγ-

292 1395 461 1464 γελῶ,
493 1395 630 1466 πλὴν
657 1398 705 1449 εί
736 1397 810 1466 μή
843 1394 942 1448 πού
981 1412 1033 1448 τι
1060 1396 1381 1465 πειρήσομαι
1421 1393 1585 1454 έκὼν.
1611 1393 1719 1446 τῶν
1753 1396 1857 1448 ὅσα

289 1491 400 1538 τισὶ
426 1485 690 1555 λοιδορίαν
715 1487 746 1556 ἢ
779 1484 986 1555 μέμψιν
1011 1483 1273 1556 εἰρημένα
1311 1487 1599 1554 έμποιήσει
1621 1502 1638 1520 ο
1664 1485 1724 1537 οὐ
1749 1485 1856 1551 γὰρ

287 1575 411 1642 ἐμοὶ
440 1577 592 1644 φίλον
610 1576 669 1628 τὸ
695 1577 846 1640 τινάς
861 1579 1216 1645 κακηγορεῖν.
1244 1576 1345 1648 κᾷν
1367 1577 1417 1629 εί
1443 1578 1641 1638 πάντες
1665 1576 1856 1629 είδεῖεν

284 1657 585 1728 ἄνθρωποι.
629 1662 731 1714 Ἢν
765 1662 822 1716 δέ
851 1663 956 1716 πού
983 1681 1034 1717 τι
1081 1665 1358 1734 φαίνωμαι
1383 1666 1742 1735 διηγούμενος
1779 1666 1853 1736 μὴ

284 1752 360 1814 ῶς
389 1752 706 1817 δοξάζουσιν
734 1754 784 1807 οί
818 1755 1022 1820 πολλοὶ,
1049 1757 1110 1810 οὐ
1142 1757 1248 1826 χρὴ
1283 1755 1606 1826 θαυμάζειν.
1637 1757 1713 1809 Οὐ
1745 1758 1852 1826 γὰρ

285 1844 345 1896 τδ
369 1845 444 1914 μὴ
470 1844 646 1898 ταῦτά
675 1847 786 1908 τοῖς
821 1846 1037 1909 πολλοῖς
1075 1846 1412 1914 φθέγγεσθαι
1457 1849 1678 1916 φεύγων
1697 1847 1853 1916 λογο-

289 1939 500 2008 ποιήσω
536 1938 605 1992 τὰ
635 1938 709 2008 μὴ
741 1938 903 1991 ὄντα·
947 1938 1062 1993 ἀλλ’
1086 1938 1162 2000 ὠς
1193 1938 1380 2008 έχουσι
1429 1939 1497 1992 τὰ
1545 1937 1852 2008 πράγματα

289 2027 672 2094 ἀπαγγέλλων,
711 2027 930 2098 χαίρειν
959 2028 1105 2081 ἐάσω
1151 2028 1250 2088 τὰς
1280 2027 1434 2093 δόξας
1466 2027 1571 2081 τῶν
1617 2029 1849 2093 πολλῶν,

289 2116 360 2180 ὡς
391 2117 748 2196 ψευδομένας.
767 2117 1226 2190 Τετελευτηκότος
1249 2119 1432 2173 τοίνυν
1459 2119 1551 2173 τοῦ
1584 2118 1853 2189 βασιλέως

300 2208 639 2278 Ἀνδρονίκου
668 2209 764 2263 τοῦ
796 2209 940 2275 νέου,
973 2210 1007 2280 ή
1035 2209 1186 2281 αὐτῷ
1235 2208 1471 2280 σύζυγος
1496 2211 1665 2265 Ἀννα
1695 2214 1727 2282 ἡ
1751 2211 1849 2281 βα-

292 2300 450 2364 σιλὶς,
476 2301 553 2364 εἰς
600 2303 794 2372 τρίτην
829 2301 929 2368 μὲν
964 2300 1178 2371 ἡμέραν
1219 2301 1645 2373 διεκαρτέρησεν
1690 2303 1748 2356 έν
1781 2305 1849 2375 τῇ

291 2395 428 2464 μονῇ
467 2393 573 2446 τῶν
616 2390 883 2460 Ὀδηγῶν.
924 2391 1080 2446 Μετὰ
1135 2391 1298 2444 τοῦτο
1343 2392 1401 2445 δὲ
1445 2392 1506 2446 έν
1553 2392 1852 2461 βασιλείοις

285 2487 572 2554 γενομένη,
627 2482 922 2552 ἐπένθησεν
970 2484 1058 2550 ἐφ’
1112 2483 1350 2552 ἡμέραις
1401 2481 1580 2548 ἐννέα,
1630 2483 1850 2537 πάντων

282 2573 555 2643 ὁσημέραι
587 2573 725 2641 πρὸς
770 2572 840 2624 τὰ
863 2571 1113 2643 βασίλεια
1147 2573 1624 2643 παραγινομένων,
1655 2573 1716 2626 οὑ
1741 2574 1852 2628 τῶν

288 2663 670 2734 συγκλητικῶν
715 2664 877 2732 μόνον
912 2664 1008 2716 καὶ
1050 2663 1525 2731 στρατευομένων,
1585 2663 1721 2718 ἀλλά
1759 2668 1853 2719 καὶ

287 2754 397 2804 τῶν
446 2753 561 2806 ὅσοι
611 2753 920 2817 Βυζαντίων
968 2748 1110 2822 ἦσαν
1141 2753 1196 2804 ὲν
1246 2753 1390 2823 λόγῳ
1435 2753 1532 2807 καὶ
1571 2756 1725 2824 κοινῇ
1759 2753 1852 2808 τὸν

290 2842 591 2897 ἀπελθόντα
636 2842 982 2913 θρηνούντων
1025 2841 1273 2911 βασιλέα.
1322 2844 1661 2912 Δομέστικος
1721 2843 1775 2897 δὲ
1823 2845 1852 2897 ὁ

295 2932 492 3000 μέγας,
513 2932 572 2997 ἑξ
603 2934 772 3003 αὐτῆς
795 2933 1008 3002 ἡμέρας
1039 2926 1108 3004 ἦς
1135 2932 1491 3002 ἐτελεύτησεν
1519 2933 1547 2984 ό
1573 2931 1849 3002 βασιλεὺς,

293 3023 418 3077 οὐδα
427 3024 499 3093 μῆ
527 3024 632 3076 τῶν
664 3023 955 3094 βασιλείων
978 3024 1191 3094 ἀπέστη
1214 3039 1230 3054 ο
1261 3022 1396 3077 ἀλλά
1419 3023 1528 3076 τῶν
1548 3041 1608 3077 τε
1635 3024 1862 3079 οἰκείων

1957 573 2227 642 meipsum
2255 571 2381 627 novi
2421 587 2435 624 :
2463 570 2568 625 alia
2596 584 2662 624 ex
2696 584 2794 623 ore
2827 569 3093 638 ipsorum,
3124 585 3154 623 a
3176 570 3378 639 quibus
3400 584 3522 628 acta

1957 671 2109 728 sunt,
2131 662 2198 716 ad
2222 675 2460 733 unguem
2491 659 2680 715 didici.
2715 659 2784 714 Et
2825 674 2950 713 cum
2997 658 3313 728 frequentes
3343 663 3524 716 conti-

1957 761 2262 822 nentesque
2310 761 2424 807 toto
2486 766 2554 805 eo
2607 761 2850 821 tempore
2903 751 3235 807 mutationes
3290 752 3520 821 fuerint,

1957 843 2254 898 verisimile
2277 852 2384 905 est,
2405 858 2516 897 non
2540 851 2817 914 gestorum
2853 843 3036 906 modo,
3069 844 3162 898 sed
3193 853 3248 899 et
3297 848 3520 901 consul-

1961 943 2139 989 torum
2187 950 2540 1001 arcanorum,
2574 946 2627 988 et
2657 934 2931 997 fraudum,
2965 935 3428 1006 insidiarumque,
3461 949 3520 994 et

1959 1042 2187 1096 prorsus
2247 1027 2492 1081 omnium
2549 1041 2777 1096 quaeque
2834 1027 3011 1095 palam
3075 1037 3237 1092 acta,
3291 1045 3522 1099 qumque

1957 1118 2173 1173 occulte
2199 1127 2513 1188 comparata
2544 1127 2692 1181 sunt,
2724 1119 2858 1172 nihil
2889 1135 2974 1173 me
3005 1119 3208 1190 fugere.
3232 1121 3522 1176 Verumta-

1959 1225 2083 1264 men
2111 1209 2258 1279 quod
2287 1209 2344 1263 in
2376 1209 2650 1264 vestibulo
2697 1210 2880 1279 operis
2925 1211 3031 1264 mei
3065 1227 3185 1266 sum
3218 1212 3515 1282 pollicitus.

1956 1301 2174 1356 veritati
2211 1302 2349 1356 nihil
2373 1302 2706 1368 anteferam;
2746 1302 2839 1356 sed
2869 1313 2926 1358 ut
2955 1318 3043 1358 res
3074 1315 3400 1374 evenerunt,
3440 1307 3518 1362 ita

1959 1409 2052 1447 eas
2114 1393 2421 1462 explanabo
2465 1410 2478 1446 :
2525 1401 2758 1461 excepto
2821 1395 2966 1460 quod
3025 1395 3225 1450 alicubi
3276 1399 3521 1467 prudens

1959 1485 2274 1550 praeteribo,
2293 1497 2415 1551 qua:
2439 1483 2721 1537 nonnullis
2738 1484 2988 1538 convicio
3016 1495 3110 1538 aut
3129 1487 3516 1555 vituperationi

1957 1584 2076 1622 esse
2107 1569 2320 1637 possint
2353 1584 2498 1622 :uon
2525 1571 2670 1622 enim
2720 1570 2854 1622 mihi
2882 1571 3120 1624 amicum
3141 1583 3223 1627 est
3260 1575 3516 1643 cuiquam

1957 1660 2280 1724 conviciari,
2314 1660 2527 1714 etiamsi
2567 1661 2875 1714 mortalium
2922 1677 3083 1715 nemo
3133 1679 3244 1717 rem
3284 1665 3517 1735 ignoret.

1957 1749 2113 1816 Quod
2182 1751 2226 1806 si
2285 1751 2560 1807 interdum
2619 1751 2867 1820 qumdam
2929 1768 3090 1808 secus
3138 1770 3303 1822 quam
3364 1757 3519 1812 multi

1955 1843 2253 1912 opinantur
2283 1844 2515 1898 videbor
2567 1859 2842 1912 exponere
2872 1846 3009 1914 (87),
3062 1862 3130 1900 ne
3160 1846 3230 1900 sit
3282 1847 3506 1902 mirum.

1956 1933 2074 1987 Non
2109 1934 2254 1988 enim
2314 1935 2443 1988 dum
2471 1934 2602 2005 .vito
2635 1935 2826 1989 eadem
2880 1950 3006 1989 cum
3065 1936 3252 1991 multis
3301 1937 3512 2000 dicere,

1955 2039 2092 2079 nova
2128 2026 2512 2080 comminiscar
2546 2044 2560 2080 :
2599 2026 2696 2081 sed
2733 2041 2821 2080 res
2851 2034 2910 2080 ut
2955 2041 3014 2082 se
3041 2026 3248 2082 habent
3273 2044 3514 2085 comme-

1954 2129 2194 2180 morans,
2233 2115 2376 2184 vulgi
2425 2114 2710 2185 opiniones
2760 2123 2819 2169 ut
2851 2115 3014 2170 falsas
3065 2116 3248 2170 valere
3288 2118 3512 2186 jubcbo.

1954 2204 2168 2259 Mortuo
2220 2205 2384 2275 igitur
2414 2206 2726 2261 Andronico
2764 2207 2985 2276 iuniore
3011 2207 3360 2278 imperatore.
3399 2211 3511 2264 Au-

1952 2305 2108 2367 gusta
2149 2296 2330 2350 triduo
2388 2297 2444 2350 in
2505 2299 2842 2383 monasterio
2896 2297 3246 2370 Hodegorum
3292 2303 3512 2357 mansit.

1954 2389 2146 2442 Postea
2178 2387 2230 2441 in
2259 2389 2462 2458 regiam
2497 2405 2764 2459 regressa,
2793 2389 2988 2446 diebus
3021 2407 3220 2446 novem
3249 2393 3422 2448 luctui
3457 2411 3516 2449 se

1953 2479 2185 2544 dedidit,
2219 2495 2341 2534 cum
2375 2480 2622 2549 quotidie
2649 2496 2873 2545 omnes,
2903 2496 3012 2536 non
3045 2491 3328 2538 senatores
3354 2487 3516 2541 modo

1951 2584 2017 2624 ac
2053 2569 2242 2634 duces,
2272 2569 2365 2624 sed
2419 2579 2688 2640 quotquot
2719 2571 2964 2641 Byzantii
3005 2573 3322 2629 eminebant
3363 2591 3520 2632 acce-

1954 2648 2200 2724 derent,
2282 2669 2340 2714 et
2402 2659 2722 2714 defunctum
2791 2661 3177 2731 imperatorem
3239 2668 3517 2721 communi

1953 2750 2341 2806 lamentatione
2399 2764 2890 2822 prosequerentur.
2947 2753 3171 2824 Magnus
3203 2771 3367 2826 porro
3426 2759 3520 2814 do-

1953 2842 2216 2898 mesticus
2250 2844 2318 2898 ab
2361 2857 2426 2897 eo
2455 2843 2574 2913 ipso
2625 2843 2735 2905 die.
2768 2859 2880 2913 quo
2929 2845 3228 2914 imperator
3277 2850 3515 2904 animam

1952 2935 2150 3002 edidit,
2183 2951 2212 2989 a
2247 2935 2454 3004 palatio
2499 2949 2766 3004 nusquam
2820 2935 3177 3002 discedebat;
3221 2943 3316 2992 sed
3356 2942 3519 3009 quin-

1953 3030 2152 3100 gentis,
2186 3027 2382 3098 partim
2415 3025 2553 3091 suis,
2579 3027 2777 3096 partim
2826 3027 3200 3095 imperatoriis
3246 3031 3298 3082 in
3344 3047 3410 3084 eo
3445 3033 3513 3086 ad

292 3114 385 3167 καὶ
417 3112 522 3167 τῶν
550 3114 846 3184 βασιλικῶν
877 3115 1272 3176 πεντακοσίους
1295 3112 1436 3184 ἔχων
1485 3112 1577 3177 οὒς
1618 3115 1850 3183 ἐγκατέ-

1956 3119 2262 3175 custodiam
2314 3117 2631 3181 collocatis,
2665 3131 2936 3171 summum
2995 3119 3238 3173 studium
3288 3121 3516 3189 dilige"-

286 3220 453 3272 στησε
469 3208 578 3266 τοῖς
596 3205 884 3274 βασιλείοις
908 3207 1179 3276 φρουρὰν,
1199 3205 1286 3259 διὰ
1321 3206 1506 3277 πάσης
1530 3206 1850 3277 ἐπιμελείας

286 3296 527 3348 ἐποιεῖτο
578 3295 674 3349 καὶ
720 3295 958 3364 σπουδῆς
989 3295 1095 3350 τῶν
1131 3296 1261 3359 ῐσως
1319 3295 1754 3366 νεωτεριούντων
1781 3299 1850 3350 ἀ-

246 3420 252 3425 -
285 3387 625 3457 Μμσλύνειν
667 3387 767 3450 τάς
807 3386 1018 3457 ὁρμάςο
1071 3386 1212 3456 μετὰ
1263 3386 1320 3439 δὲ
1359 3387 1458 3458 τὴν
1517 3388 1716 3459 ένάτην
1742 3387 1850 3440 τῶν

283 3479 377 3532 ἐπὶ
411 3480 523 3541 τοῖς
564 3476 979 3550 τετελευτηκόσι
1052 3477 1296 3548 συνήθως
1323 3479 1702 3548 γεγενημένων
1739 3479 1852 3531 ἱλα-

283 3570 460 3639 σμῶν,
501 3568 599 3641 τὴν
643 3569 743 3638 μὲν
776 3569 1020 3640 φρουρὰν
1072 3570 1174 3639 τὴν
1211 3567 1416 3639 πολλὴν
1473 3569 1698 3634 ἐξέϐαλε
1741 3569 1850 3622 τῶν

282 3662 593 3731 βασιλείων,
622 3662 834 3729 ὀλίγους
878 3662 1234 3731 καταστήσας
1269 3662 1384 3714 ὅσοι
1434 3663 1530 3715 καὶ
1583 3663 1850 3732 πρότερον

211 3779 218 3784 -
280 3754 339 3819 ἐξ
373 3753 530 3815 έθευς
557 3748 728 3822 ἦσαν·
773 3751 933 3814 αὐτὸς
985 3751 1041 3805 δὲ
1089 3752 1229 3805 οἴκοι
1277 3751 1539 3821 γεγονὼς,
1604 3751 1849 3822 συνήθως

279 3842 598 3910 ἐπεμελεῖτο
636 3841 744 3893 τῶν
773 3840 1152 3912 πραγμάτων
1186 3844 1284 3894 καὶ
1313 3841 1427 3904 τοῖς
1459 3857 1517 3893 τε
1545 3828 1644 3903 τὰς
1672 3840 1846 3910 ἀρχὰς

284 3934 784 4004 ἑπιτετραμμένοις
844 3933 952 3985 τῶν
1014 3932 1295 4003 ἐπαρχιῶν
1348 3931 1442 3986 καὶ
1485 3932 1596 3986 τῶν
1641 3932 1848 3985 πόλεων

285 4025 518 4096 παρῄνει
539 4027 623 4080 διὰ
663 4027 1007 4096 γραμμάτων
1042 4027 1304 4095 ἀτρεμεῖν
1336 4027 1431 4081 καὶ
1461 4025 1627 4096 μηδὲν
1655 4041 1850 4078 νεωτε-

286 4119 474 4189 ρίζειν,
506 4119 580 4180 ὡς
609 4119 706 4192 τῇς
738 4133 799 4171 τε
831 4116 1238 4183 καλοκάγαθίας
1264 4117 1480 4186 καὶτῆς
1509 4117 1588 4178 είς
1618 4115 1848 4186 βασιλέα

280 4212 490 4274 εὐνοίας
523 4212 681 4276 ἀξίας
720 4209 1161 4282 ἀποληψομένοις
1204 4209 1302 4274 τὰς
1349 4208 1712 4278 εὐεργεσίαςο
1749 4205 1846 4259 καὶ

279 4300 588 4352 τούναντίον
619 4301 686 4370 ήν
735 4315 817 4361 τις
851 4297 1248 4368 νεωτερίζοιεν,
1299 4296 1512 4349 τίσουσι
1531 4295 1688 4358 δίκας
1709 4311 1723 4326 ·
1753 4296 1847 4349 καὶ

279 4396 390 4456 τοῖς
406 4392 514 4446 τῶν
541 4392 818 4460 δημοσίων
847 4388 1219 4459 συνεισφορῶν
1247 4387 1346 4461 τὴν
1374 4371 1664 4459 εἴσπραξιν
1687 4390 1850 4456 ἐγκε-

1953 3211 2190 3280 tiamque
2219 3207 2601 3278 impendebat,
2641 3215 2698 3260 ut
2737 3208 2780 3262 si
2831 3208 2924 3277 qui
2956 3208 3186 3263 fortasse
3221 3225 3312 3264 res
3344 3228 3515 3267 novas

1948 3307 2313 3360 attentarent,
2346 3313 2539 3352 eorum
2569 3309 2803 3352 conatus
2833 3299 3179 3368 infringeret.
3207 3301 3333 3354 Post
3366 3303 3512 3356 diem

1925 3401 2176 3458 'nonum,
2207 3402 2450 3462 peracta,
2483 3400 2544 3445 ut
2573 3390 2796 3449 assolet.
2816 3405 2915 3460 pro
2947 3390 3221 3446 defunctis
3249 3393 3510 3462 piaculari

1947 3487 2319 3553 caaremouia,
2377 3488 2635 3540 custodes
2680 3499 2711 3540 e
2768 3486 2967 3555 palatio
3021 3486 3250 3542 dimittit
3301 3489 3514 3558 (paucis

1947 3579 2199 3642 retentis,
2228 3588 2364 3648 quot
2387 3576 2648 3631 nimirum
2679 3585 2735 3630 et
2754 3590 2912 3630 antea
2940 3591 3060 3630 esse
3089 3579 3511 3647 consueverant)

1948 3671 2063 3739 ipse
2080 3670 2251 3737 domi,
2287 3678 2350 3724 ut
2379 3683 2616 3738 semper,
2646 3667 2962 3737 reipublicae
2985 3669 3227 3723 animum
3260 3671 3513 3725 intende-

1947 3762 2040 3817 bat
2072 3802 2088 3826 ,
2139 3771 2197 3816 et
2265 3761 2485 3815 urbium
2545 3759 3068 3830 provinciarumque
3123 3769 3367 3815 rectores
3413 3777 3512 3830 per

1946 3854 2184 3909 littteras
2206 3852 2480 3915 monebat,
2512 3866 2579 3906 ne
2613 3851 2780 3905 rebus
2811 3851 2968 3904 novis
2989 3850 3293 3910 studerent.
3321 3860 3510 3921 utpote

1949 3945 2112 4011 hujus
2158 3959 2270 3998 sua:
2301 3942 2598 4012 probitatis
2647 3952 2702 3996 et
2733 3943 2963 4012 egregiae
3017 3942 3073 3996 in
3120 3943 3506 4012 imperatorem

1949 4034 2250 4088 voluntatis
2284 4032 2554 4102 condigna
2588 4031 2807 4102 praemia
2835 4041 3162 4102 accepturos
3192 4051 3208 4088 :
3247 4045 3436 4088 contra
3465 4037 3509 4090 si

1947 4124 2080 4192 quid
2112 4125 2582 4188 machinarentur,
2614 4138 2804 4192 paenae
2838 4122 3085 4178 daturos.
3131 4124 3513 4191 Quaestoribus

1948 4215 2078 4269 item
2133 4216 2475 4278 mandabat,
2530 4231 2597 4269 ne
2661 4215 2791 4284 quid
2860 4216 3086 4269 sceleris
3149 4217 3203 4270 in
3283 4221 3514 4288 pecunia

1947 4305 2320 4376 designarent,
2352 4295 2496 4376 quod
2539 4305 2926 4371 nihilominus,
2975 4321 3138 4377 quam
3181 4307 3515 4377 imperatore

1947 4398 2074 4452 vivo
2133 4397 2374 4453 rationes
2452 4396 2678 4452 relaturi
2731 4406 2937 4452 essent.
2997 4400 3176 4468 Atque
3238 4395 3304 4453 ad
3366 4401 3514 4456 hunc

279 4483 648 4554 χειρισμένοις
696 4483 919 4535 ἐκέλευε
950 4482 1286 4552 κακουργεῖν
1320 4481 1450 4552 περ),
1488 4481 1558 4533 τὰ
1590 4483 1850 4551 χρήματα

1957 4487 2176 4542 modum
2205 4487 2402 4542 diebus
2431 4488 2554 4557 plus
2586 4487 2804 4556 triginta
2856 4487 3040 4542 missis
3067 4489 3314 4558 epistolis
3352 4489 3516 4561 350

283 4577 470 4646 μηδὲν,
503 4575 577 4640 ὡς
617 4575 771 4629 οὐδὲν
815 4577 1071 4629 έλατττον
1105 4575 1139 4646 ἢ
1171 4574 1436 4646 βασιλέως
1479 4575 1682 4641 ζῶντος
1715 4577 1844 4646 περὶ

276 4667 458 4721 αὐτῶν
501 4667 830 4738 παρέξουσιν
879 4666 1131 4730 εὐθύνας.
1163 4667 1274 4720 Καὶ
1307 4665 1496 4720 τοῦτον
1532 4668 1621 4720 τὸν
1644 4670 1844 4738 τρόπον

278 4763 336 4812 ιν
372 4761 614 4813 πλείοσιν
643 4759 675 4829 ἢ
709 4758 1006 4830 τριάκοντα
1034 4758 1271 4829 ἡμέραις
1305 4757 1448 4827 ὑπὲρ
1480 4759 1843 4820 πεντακοσίαις

275 4859 364 4926 ἐφ’
391 4859 626 4927 ἑκάστης
650 4858 886 4925 πέμπων
911 4857 1156 4926 γραφὰς,
1192 4855 1273 4919 είς
1291 4854 1549 4909 τοσοῦτον
1582 4855 1844 4920 εὐταξίας

277 4951 375 5005 καὶ
409 4948 718 5012 εὐπειθείας
737 4948 836 5019 τήν
867 4947 974 5000 ὑπὸ
1017 4945 1322 5016 Ῥωμαίους
1359 4947 1542 4999 πᾶσαν
1573 4947 1842 5015 κατέστη-

277 5059 371 5095 σεν
403 5041 723 5114 ήγεμονίαν,
749 5039 826 5104 ὡς
852 5039 1029 5092 δοκεῖν
1060 5037 1247 5091 καινὸν
1301 5036 1468 5107 μηδὲν
1500 5036 1841 5106 συμὸεὸηκέ-

278 5153 391 5199 ναι,
413 5135 546 5187 ἀλλά
575 5133 674 5204 ζῇν
703 5133 784 5186 έτι
813 5131 1037 5202 βασιλέα
1088 5131 1184 5182 καὶ
1213 5128 1320 5192 τοῖς
1373 5130 1692 5198 πράγμασιν
1721 5130 1850 5196 ἐφε-

285 5224 494 5280 στάναι.
527 5224 693 5278 Οὐδὲν
721 5223 830 5290 γὰρ
872 5218 999 5273 οὔτε
1033 5220 1229 5290 μικρὸν
1248 5215 1372 5270 οὔτε
1409 5218 1553 5286 μέγα
1581 5218 1810 5286 ἐκινήθη
1831 5231 1846 5245 ο

285 5317 426 5386 πλήν
458 5319 503 5370 οί
547 5317 688 5371 κατά
722 5313 1018 5369 Θετταλίαν
1051 5313 1201 5382 μόνοι
1235 5311 1530 5380 νεμόμενοι
1575 5309 1845 5374 Ἀλϐανοὶ,

1952 4580 2188 4648 amplius
2233 4579 2549 4650 quingentis
2597 4580 2662 4632 ad
2696 4589 2904 4648 tantum
2961 4580 3210 4636 ordinem
3249 4582 3514 4638 obedien-

1955 4671 2196 4740 tiamque
2229 4671 2536 4723 Romanum
2583 4671 2874 4739 imperium
2913 4670 3230 4724 universum
3280 4673 3510 4741 redegit,

1955 4771 2016 4817 ut
2042 4761 2176 4816 nihil
2208 4764 2334 4816 novi
2373 4762 2691 4829 contigisse.
2722 4761 2817 4814 sed
2843 4760 3143 4830 imperator
3171 4763 3350 4818 adhuc
3378 4780 3514 4819 aura

1951 4853 2098 4907 vesci
2130 4864 2186 4907 et
2218 4868 2452 4923 praeesse
2496 4854 2661 4907 rebus
2703 4852 3009 4907 videretur.
3039 4853 3186 4907 Nulli
3234 4855 3382 4909 enim
3415 4870 3516 4909 nec

1951 4943 2100 5013 parvi
2155 4958 2259 4998 nec
2300 4944 2479 5013 magni
2532 4953 2716 4997 motus
2761 4944 3178 5009 audiebantur;
3218 4944 3325 4998 nisi
3369 4945 3533 5018 quod,

1951 5031 2147 5087 Albani
2181 5031 2236 5086 in
2263 5030 2546 5086 Thessalia
2592 5040 2768 5085 m0rte
2813 5031 3165 5100 imperatoris
3218 5031 3516 5095 intellecta,

1948 5124 2114 5178 urbes
2146 5121 2663 5183 illicincursabant,
2713 5131 2770 5176 et
2810 5129 3142 5192 (quanquam
3193 5139 3301 5178 non
3329 5123 3523 5178 admo-

1945 5214 2101 5285 dum)
2127 5213 2610 5283 depraedabantur.
2664 5213 2785 5278 Quo
2829 5223 3120 5283 comperto
3164 5229 3394 5284 magnus
3420 5214 3520 5268 do-

1947 5307 2210 5362 mesticus
2264 5319 2429 5376 quam
2489 5304 2729 5374 primum
2791 5319 2860 5359 eo
2926 5307 3179 5360 nuntium
3247 5306 3515 5373 expedit:

1545 5439 1762 5502 Jacobi
1793 5438 2057 5501 Pontani
2093 5446 2281 5500 notua.

349 5579 463 5649 (36)
496 5577 762 5646 Compara
792 5572 1054 5649 haecum
1077 5567 1169 5649 iis,
1191 5582 1322 5649 quae
1343 5565 1709 5649 impio-(nmio,
1742 5578 1838 5618 seu

278 5652 333 5706 in
353 5634 589 5719 ‘epi'stola
629 5634 968 5719 responsoria
997 5634 1324 5719 Christotluli
1353 5634 1850 5719 adLNilum‘di’cun-

279 5706 499 5778 tur...“
538 5721 654 5778 hoc,
692 5706 790 5767 non
821 5712 921 5764 ista
967 5727 998 5763 α
1033 5708 1320 5777 majoribus
1350 5707 1528 5770 didici,
1561 5715 1650 5758 aut
1690 5706 1849 5774 {antae

285 5791 529 5856 fabulisve
559 5787 762 5851 ineptis,
795 5794 902 5835 etc.

2026 5564 2138 5634 (87)
2176 5563 2434 5618 Couferes
2466 5561 2627 5634 etiam
2677 5562 2822 5634 hunc
2847 5561 3028 5634 locum
3076 5573 3197 5612 cum
3244 5557 3370 5620 illis,
3399 5572 3522 5634 quae

1955 5629 2083 5688 sunt
2121 5629 2174 5685 in
2223 5642 2467 5686 extrema
2505 5632 2730 5700 epistola
2777 5631 2899 5684 ΝιΙί.
2933 5631 3261 5698 Quapmpter
3299 5637 3354 5700 ιιι
3400 5629 3522 5696 plu-

1956 5707 2142 5756 rimum
2175 5705 2420 5756 humanm
2443 5697 2560 5755 viui:
2585 5702 3007 5755 commodatum:
3051 5697 3168 5752 etc.
3314 5697 3321 5709 ¹
