4060 6416
562 376 667 439 ’107

1744 367 2073 430 JOANNIS
2114 359 2651 427 CANTACUZENI

3709 352 3816 417 ’108

565 489 791 547 Albanis
849 488 1103 559 imperat,
1139 491 1235 540 aut
1273 482 1512 555 prtedam
1574 480 1899 546 restituant,
1953 496 2018 535 ac
2066 480 2168 540 de,

2281 476 2552 544 ίσδόμενοι
2608 471 2706 542 τὴν
2738 467 3004 540 βασιλέως
3044 464 3305 536 τελευτὴν
3341 446 3465 520 τῶν
3502 464 3621 518 ἐκεῖ
3652 477 3815 521 κατε-

561 594 761 638 cetero
791 594 849 635 se
879 579 1201 633 contineant
1234 585 1389 642 :aut,
1428 575 1472 629 si
1505 575 1655 647 jussa
1703 573 2034 636 detrectent,
2078 586 2137 628 se

562 658 704 743 apud
737 671 915 741 ipsum
948 670 1002 724 in
1028 668 1271 723 hostium
1296 669 1416 722 loco
1451 666 1669 721 futuros
1693 664 1887 720 sciant.
1928 663 2141 731 Quibus

564 764 641 818 illi
673 762 834 816 minis
860 760 1128 825 exterriti,
1182 775 1291 813 non
1352 764 1531 813 solum
1592 756 1832 828 praedam
1883 756 2140 826 spoliatis

568 852 959 910 reddiderunt,
985 866 1179 906 verum
1213 849 1376 902 etiam
1411 848 1640 920 posthac
1677 847 1813 902 nihil
1838 849 1946 902 tale
1974 842 2141 901 ausu-

567 960 660 998 ros
691 945 1066 1015 promiserunt
1095 962 1110 997 :
1144 942 1308 996 modo
1361 942 1526 1011 hujus
1568 942 1778 1011 peccati
1827 939 2003 1015 gratia.
2039 940 2143 995 sibi

568 1037 745 1092 ﬁeret.
770 1037 969 1092 Verum
989 1034 1107 1089 haec
1133 1034 1295 1103 paulo
1313 1042 1436 1104 post
1459 1033 1811 1090 acciderunt.
1845 1033 2143 1101 Postquam

564 1145 796 1198 magnus
851 1127 1188 1181 domesticus
1230 1142 1260 1180 e
1319 1125 1525 1196 palatio
1560 1126 1785 1180 domum
1835 1125 2141 1190 concessit,

566 1234 849 1290 praecones
906 1220 1028 1289 ejus
1080 1219 1251 1272 missu
1303 1219 1455 1272 vicos
1510 1225 1567 1272 et
1621 1216 1821 1287 Oppida
1883 1217 2145 1287 Byzantio

568 1302 746 1364 'vicina
774 1317 1128 1374 concursant,
1170 1325 1389 1363 omnem
1444 1309 1650 1364 clerum
1695 1308 1807 1376 (88)
1834 1307 2150 1361 Constanti-

569 1400 817 1468 nopolim
879 1399 945 1452 ad
1002 1398 1148 1452 diem
1212 1398 1488 1467 prmfixam
1550 1401 1774 1467 propter
1826 1395 2148 1450 defunctum

573 1492 962 1558 imperatorem
1023 1488 1360 1543 funebribus
1419 1488 1592 1542 sacris
1645 1486 1981 1557 expiandum
2017 1498 2153 1539 evo-

570 1593 781 1639 cantes.
808 1582 1210 1637 Confluxerunt
1242 1583 1378 1637 tanti
1430 1598 1641 1652 greges,
1684 1591 1746 1635 ut
1776 1580 1991 1651 Sophia
2017 1590 2152 1633 tem-

573 1675 744 1745 plum,
766 1675 1010 1727 omnium
1041 1689 1163 1743 qua:
1194 1673 1490 1743 solaspicit
1518 1672 1979 1742 spatiosissimum
2008 1669 2149 1739 (88),

573 1767 639 1821 ad
673 1776 1004 1836 pmsentem
1059 1780 1222 1818 usum
1257 1765 1407 1818 haud
1444 1765 1577 1829 satis
1620 1779 1792 1834 capax
1836 1768 2148 1831 appareret,

2239 568 2449 639 δραμον
2488 564 2724 625 πόλεων,
2759 561 2854 614 καὶ
2899 558 3191 626 ὲληῒσαντο
3247 556 3311 610 ού
3361 555 3553 612 πολλὰ.
3588 558 3767 628 Ὅπερ
3792 561 3821 612 ό

2245 659 2418 728 μέγας
2451 654 2772 725 δομέστικος
2806 649 3135 718 πυθόμενος,
3191 648 3337 703 κατὰ
3390 649 3556 719 τάχος
3610 647 3822 720 ἔπεμψε

2239 749 2366 808 τοὺς
2415 743 2780 813 ἀγγελοῦντας
2851 739 3128 801 ’Δλσανοῖς
3159 739 3192 809 ἢ
3223 739 3324 809 τὴν
3364 736 3529 793 λείαν
3577 740 3823 795 ἀποδιδό-

2242 856 2357 902 ναι,
2387 839 2482 891 καὶ
2534 836 2703 905 μηδὲν
2758 832 3111 901 νεωτερίζειν
3140 830 3246 891 ἐτι,
3275 832 3307 901 ἢ
3336 832 3385 883 εί
3422 832 3497 901 μὴ
3525 832 3822 895 πείθοιντο,

2246 928 2565 999 ἐκδέχεσθαι
2616 925 2780 978 αὑτὸν
2831 922 3178 993 χρησόμενον
3210 921 3288 983 ὡς
3341 923 3626 993 πολεμίοις
3646 937 3660 951 °
3685 921 3733 975 οῖ
3762 922 3826 993 δὴ

2247 1025 2343 1077 καὶ
2380 1020 2795 1089 ύποπτήξαντες
2822 1018 2922 1084 τὴν
2950 1014 3203 1084 ἀπειλὴν,
3233 1014 3296 1067 οὐ
3339 1016 3503 1085 μόνον
3531 1016 3632 1084 τὴν
3678 1014 3825 1067 λείαν

2249 1116 2521 1169 ἀπέδοσαν
2555 1114 2666 1174 τοῖς
2695 1109 3070 1179 ἠδικημένοις,
3113 1105 3253 1161 ἀλλὰ
3294 1108 3391 1161 καὶ
3422 1107 3654 1179 ἡσυχίαν
3676 1106 3817 1174 ἄγειν

2251 1204 2657 1275 ἐπηγγείλαντο
2695 1199 2789 1254 τοῦ
2834 1198 3051 1266 λοιποῦ,
3076 1199 3125 1252 εί
3161 1199 3327 1269 μόνον
3371 1201 3464 1253 ἐπὶ
3499 1202 3615 1263 τοῖς
3648 1201 3829 1271 ἡμαρ-

2251 1297 2511 1368 τημίνοις
2562 1295 2831 1365 λήψονται
2880 1292 3238 1361 συγγνώμην.
3286 1292 3452 1346 Ἀλλὰ
3511 1291 3687 1346 ταῦτα
3731 1290 3831 1361 μὲν
3935 1340 3943 1349 ,

2252 1391 2421 1459 ὀλίγῳ
2453 1388 2700 1458 ὕστερον.
2736 1386 2891 1441 Μετὰ
2915 1385 3048 1438 δὲτὸ
3074 1385 3247 1463 μέγαν
3276 1384 3602 1454 δομέστικον
3631 1388 3695 1437 ὲκ
3723 1382 3831 1436 τῶν

2256 1480 2546 1552 βασιλείων
2595 1479 2779 1532 οἶκαδε
2836 1477 3038 1540 ἐλθεῖν,
3087 1477 3331 1545 κήρυκες
3386 1476 3613 1544 ἐφοίτων
3668 1473 3832 1528 αὑτοῦ

2253 1575 2613 1635 κελεύσαντος
2656 1573 2735 1634 είς
2761 1572 2858 1634 τὰς
2893 1570 3021 1640 περὶ
3049 1568 3345 1631 Βυζάντιον
3375 1568 3559 1631 πόλεις
3587 1568 3682 1620 καὶ
3719 1567 3832 1620 κώ-

2258 1681 2389 1735 μας,
2430 1665 2641 1726 πάντας
2681 1644 2795 1717 ὅσοι
2845 1662 2941 1715 τοῦ
2993 1661 3141 1730 ἱεροῦ
3193 1658 3493 1725 καταλόγου
3541 1657 3833 1719 καλοῦντες

2256 1758 2394 1829 πρὸς
2419 1756 2521 1826 τὴν
2554 1753 2971 1809 Κωνσταντίνου
3033 1750 3184 1805 πόλιν
3219 1748 3302 1819 ἐφ’
3341 1749 3525 1821 ἡμέρᾳ
3558 1749 3694 1819 ῥητῇ
3752 1746 3831 1809 ὡς

574 1876 606 1913 a
651 1835 1034 1914 sacerdotibus
1064 1857 1355 1910 confertim
1408 1856 1679 1924 repletum
1732 1854 2011 1909 videlicet.
2045 1851 2150 1907 Ubi

2273 1850 2373 1902 τῶν
2407 1847 2549 1918 ὑπὲρ
2580 1847 2677 1900 τοῦ
2706 1846 3159 1915 τετελευτηκότος
3187 1842 3460 1903 Βασιλέως
3507 1839 3833 1908 τελεσθησο-

574 1950 694 2005 dies
728 1947 1016 2019 placandis
1049 1949 1309 2002 manibus
1345 1947 1489 2000 dicta
1536 1946 1738 2006 illuxit,
1796 1945 1979 1999 omnia
2015 1944 2153 1999 adeo

574 2042 715 2096 citra
783 2040 1103 2101 tumultum,
1159 2020 1426 2107 tantoque
1476 2038 1672 2091 ordine
1729 2046 1948 2106 peracta
2003 2043 2153 2099 sunt,

576 2133 732 2203 quasi
779 2135 870 2202 qui
920 2133 1258 2202 peragebant
1310 2130 1496 2201 pauci,
1530 2146 1590 2183 ac
1622 2139 1917 2184 numerata
1968 2127 2160 2183 faciles

577 2237 783 2282 essent.
856 2225 1046 2295 Neque
1096 2227 1240 2281 enim
1296 2226 1488 2279 saltem
1540 2224 1830 2277 obscurius
1887 2236 2158 2285 murmur,

578 2319 738 2389 quale
767 2319 823 2372 in
856 2317 1165 2386 frequentia
1200 2315 1363 2381 solet,
1402 2314 1494 2370 sed
1527 2314 1867 2369 admirabilis
1888 2314 2157 2384 quadam,

577 2410 841 2464 erunibus
889 2407 1202 2463 alternatim
1234 2421 1422 2461 sacros
1471 2406 1704 2480 bymno_s
1749 2404 2163 2458 modulantibus

580 2502 929 2556 concinnitas
946 2508 1110 2567 atque
1127 2498 1516 2552 convenientia
1533 2511 1725 2550 vocum
1744 2495 2161 2557 exaudiebatur;

585 2609 688 2648 nec
718 2592 930 2661 stnpori
957 2600 1186 2654 tantum,
1248 2590 1342 2645 sed
1379 2588 1645 2657 voluptati
1678 2603 1895 2658 quoque
1918 2596 2037 2641 erat
2060 2587 2165 2640 hoc

585 2683 983 2755 spectaculum,
1009 2682 1139 2735 dum
1175 2682 1247 2735 ita
1279 2682 1472 2751 ingens
1500 2680 1844 2734 sacerdotum
1872 2678 2166 2734 multitudo

585 2794 710 2833 cum
748 2776 1044 2848 episcopis,
1076 2774 1267 2828 induta
1323 2773 1497 2827 sacris
1554 2773 1827 2838 vesdbus,
1891 2773 1994 2826 sub
2056 2787 2167 2826 uno

587 2871 892 2940 patriarcha
934 2868 1098 2929 duce,
1157 2866 1355 2920 iisdem
1389 2865 1592 2920 ritibus
1632 2865 1973 2936 fungeretur.
2007 2865 2169 2920 Lam-

588 2962 786 3033 padum
829 2975 961 3015 vero
994 2960 1152 3029 copia
1202 2957 1511 3027 reliquique
1538 2966 1838 3028 apparatus
1861 2957 2170 3026 amplitudo

586 3053 835 3107 Omnium
872 3051 1089 3107 dierum
1145 3049 1436 3115 festorum,
1476 3051 1569 3118 qui
1613 3064 1854 3119 unquam
1898 3064 2173 3104 memora-

602 3145 742 3199 biles
806 3144 1143 3199 exstiterunt
1183 3139 1647 3212 magnificentiam
1714 3140 2172 3218 splendoremque

595 3236 915 3306 superabat.
950 3236 1128 3306 Atque
1158 3237 1215 3290 in
1252 3235 1369 3289 haec
1392 3243 1447 3288 et
1472 3233 1527 3287 in
1564 3233 1915 3288 sacerdotum
1945 3232 2171 3301 amplis-

594 3328 737 3385 sima
791 3329 1111 3389 honoraria,
1143 3344 1242 3398 pro
1271 3329 1541 3400 cujusque
1572 3326 1840 3397 dignitate
1887 3336 2179 3397 sumptum.

591 3422 658 3475 de
683 3436 784 3475 suo
820 3418 952 3475 fecit
983 3435 1215 3489 magnus
1249 3420 1609 3475 domesticus.

2265 1940 2444 2011 μένων
2475 1939 2744 2009 ἱλασμῶν.
2778 1940 2889 1993 Καὶ
2923 1937 3156 2007 συνῆλθε
3187 1935 3393 2005 πλῆθος
3421 1933 3613 2003 ίερέων
3643 1931 3838 1985 τοσοῦ-

2263 2049 2373 2096 τον,
2414 2032 2557 2085 ὥστε
2608 2033 2699 2085 τὸν
2756 2031 2891 2084 νεὼν
2925 2031 3024 2101 τῆς
3071 2029 3270 2097 Σοφίας
3322 2027 3414 2081 τοῦ
3448 2026 3583 2080 Θεοῦ
3619 2025 3840 2093 μεγέθει

2270 2127 2533 2195 μέγιστον
2564 2124 2692 2177 ὄντα
2723 2123 2831 2175 τῶν
2858 2122 2963 2176 ὑπὸ
3007 2122 3098 2174 τὸν
3136 2121 3288 2191 ἥλιον
3322 2119 3603 2179 ἁπάντων,
3633 2115 3845 2169 ἐλάσσω

2266 2219 2367 2287 τῆς
2398 2218 2585 2288 χρείας
2630 2218 2749 2270 τότε
2800 2216 2978 2269 δοκεῖν
3017 2213 3122 2267 ὑπὸ
3175 2208 3266 2266 τοῦ
3317 2210 3557 2281 πλήθους
3606 2207 3845 2278 ἀκριϐῶς

2268 2315 2705 2386 πεπληρωμένον
2748 2312 2857 2365 τῶν
2894 2313 3106 2382 ἱερέων.
3160 2309 3315 2362 Ἐπεὶ
3365 2307 3424 2360 δὲ
3459 2305 3556 2360 καὶ
3590 2306 3622 2375 ἡ
3651 2301 3849 2374 προθε-

2271 2406 2407 2478 σμία
2441 2391 2773 2475 παρῆγ’τῶν
2806 2402 3070 2473 ίλασμὼν,
3103 2394 3386 2453 ἐτελοῦντο
3417 2395 3704 2467 ἀθορύϐως
3756 2394 3836 2447 καὶ

2272 2500 2624 2569 τεταγμένως
2658 2497 2855 2561 οὕτως,
2884 2495 2961 2558 ὡς
2995 2494 3171 2547 δοκεῖν
3226 2491 3443 2559 ὀλίγους
3506 2487 3661 2550 τινὰς
3713 2480 3841 2539 εἶναι

2274 2593 2369 2646 καλ.
2403 2590 2809 2659 εὐαριθμήτους
2834 2586 2958 2650 τοὺς
2988 2586 3300 2646 τελοῦντας.
3336 2581 3472 2634 Ούδὲ
3513 2581 3620 2652 γὰρ
3642 2577 3848 2650 ἄσημός

2273 2700 2355 2744 τις
2404 2681 2699 2749 ἐξηκούετο
2753 2677 2915 2747 θροῦς
2975 2671 3087 2729 οἷον
3137 2676 3315 2728 ποιεῖν
3350 2673 3496 2742 φιλεῖ
3523 2672 3582 2724 τὸ
3612 2668 3846 2739 πλῆθος·

2276 2773 2393 2826 ἀλλ’
2427 2772 2639 2837 ἐξαισία
2666 2788 2746 2832 τις
2778 2768 3115 2839 εὐαρμοστία
3159 2765 3255 2818 καὶ
3305 2760 3601 2834 συμφωνία
3631 2761 3851 2831 μέλους,

2278 2864 2497 2917 πάντων
2527 2859 2724 2930 ἑφεξῆς
2752 2862 2875 2924 τοὺς
2910 2859 3091 2929 ἱεροὺς
3125 2857 3358 2927 ᾀδόντων
3386 2854 3588 2926 ὕμνους
3614 2870 3628 2884 ·
3662 2852 3759 2905 καὶ
3786 2845 3854 2919 ἦν

2278 2954 2375 3008 ούκ
2404 2952 2665 3024 ἔκπληξιν
2697 2952 2878 3021 μόνον,
2906 2950 3041 3005 ἀλλὰ
3082 2950 3177 3002 καὶ⁸
3202 2946 3396 3019 ἡδονὴν
3425 2948 3483 2999 τὸ
3517 2945 3691 3015 θέαμα
3716 2959 3862 3014 παρ-

2280 3048 2424 3117 έχον,
2459 3047 2763 3112 κατάλογος
2797 3044 2939 3113 ἱερὸς
2985 3042 3261 3112 ὁρώμενος
3310 3037 3561 3099 τοσοῦτος
3596 3035 3712 3106 ἅμα
3741 3037 3860 3097 τοῖς

2284 3138 2593 3208 ἱεράρχαις,
2637 3134 2853 3196 στολαῖς
2913 3133 3088 3203 ἱεραῖς
3126 3128 3556 3199 κεκοσμημένοι,
3597 3127 3691 3178 καὶ
3723 3125 3857 3192 μίαν

2275 3228 2557 3295 τελοῦντες
2573 3227 2796 3296 τελετὴν
2822 3226 2910 3294 ὑφ’
2930 3226 3010 3277 ἑνὶ
3034 3224 3390 3295 καθηγεμόνι,
3421 3223 3494 3290 τῷ
3516 3220 3859 3291 πατριάρχῃ,

2274 3319 2623 3390 τεταγμένοι.
2666 3318 2979 3388 Λαμπὰδων
3031 3318 3087 3370 δὲ
3123 3315 3406 3387 περιουσίᾳ
3451 3315 3544 3367 καλ⁸
3600 3315 3669 3383 τῇ
3724 3312 3862 3384 ἄλλῃ

2279 3414 2601 3484 πολυτελείᾳ
2627 3417 2727 3483 τῆς
2753 3414 3134 3482 παρασκευῆς,
3162 3413 3255 3466 καὶ
3295 3416 3390 3474 τὰς
3421 3409 3643 3464 πώποτε
3665 3410 3867 3478 ὑμνου-

597 3515 767 3584 μένας
817 3515 1192 3584 παρηκόντισε
1226 3512 1336 3567 τῶν
1372 3514 1578 3584 ἑορτῶν
1600 3529 1613 3546 ⁸
1650 3512 1986 3581 ἀναλώματα
2023 3511 2079 3563 δὲ
2112 3509 2180 3563 τὰ
2217 3511 2309 3561 ἐπὶ
2339 3508 2574 3575 τούτοις,
2611 3509 2708 3562 καὶ
2737 3510 2868 3571 τοὺς
2930 3509 3040 3563 τῶν
3087 3510 3278 3581 ἱερέων
3314 3507 3536 3578 μισθοὺς
3566 3506 3865 3576 φιλοτίμως

596 3605 836 3675 μάλιστα
871 3605 1276 3677 γεγενημένους
1333 3606 1551 3678 ἑκάστῳ
1591 3605 1711 3659 κατ’
1742 3603 1920 3671 ἀξίαν,
1973 3603 2187 3656 οἴκοθεν
2225 3603 2255 3655 ό
2296 3603 2470 3672 μέγας
2502 3602 2823 3673 δομέστικος
2850 3603 3159 3676 παρέσχετο
3182 3601 3368 3663 αὐτός.

1986 3751 2143 3821 351
2177 3748 2406 3807 CAPUT
2445 3749 2512 3805 ιι.

594 3868 831 3943 Ambitio
864 3874 1206 3943 patriarcha.
1238 3872 1757 3943 Consilium#magni
1795 3873 2069 3927 domestici
2119 3874 2182 3927 de
2220 3873 2737 3927 excommunicandis
2782 3872 3177 3926 insidiatoribus
3228 3871 3465 3941 ﬁliorum
3507 3873 3869 3943 imperatoris.
3894 3929 3909 3933 ἡ

676 3941 777 3994 Pia
813 3940 1153 4011 imperatoris
1197 3945 1479 3997 recusatio.
1527 3940 1766 4013 Tandem
1809 3945 2187 4013 importunitas
2231 3945 2505 3997 domestici
2553 3943 2616 3996 ab
2663 3944 2825 3996 invito
2875 3959 3145 3995 assensum
3203 3940 3473 4013 ea'torquct
3548 3940 3872 3999 [ταινίαι-σίγα

674 4028 898 4084 regnare
934 4014 1221 4084 contendit.
1261 4014 1539 4067 Sismanus
1572 4012 1724 4066 exsul
1751 4014 1813 4065 ab
1856 4012 2193 4083 intperatrice
2217 4015 2435 4084 petitur.
2468 4014 2601 4083 Ejus
2629 4014 2914 4084 fratrisque
2942 4013 3222 4084 acirmatris
3248 4015 3501 4067 conditio.
3527 4013 3875 4084 Consultatur

674 4083 742 4157 de
767 4083 1049 4157 reddendo.
1083 4082 1313 4157 Clmmni
1344 4085 1418 4157 Ain
1455 4084 1796 4157 domesticum
1825 4085 2132 4157 convicium.
2173 4082 2681 4157 imperatrix’litem
2706 4082 2970 4157 praecidit.
2992 4083 3157 4157 Bina;
3188 4088 3479 4157 sententia.
3513 4083 3871 4157 deASt‘smano.

675 4152 1011 4207 Patriarchce
1043 4155 1305 4208 sententia
1335 4155 1593 4208 laudatur
1623 4159 1974 4224 vehementer.
2028 4152 2355 4209 Domesticus
2391 4155 2804 4224 imprudentiam
2834 4153 3251 4207 consultantium
3286 4152 3643 4224 repreliendit,
3679 4158 3875 4209 rectius

674 4226 882 4278 suadet.
915 4224 1237 4296 Patriarcha
1262 4224 1476 4296 culpam
1508 4225 1766 4293 agnoscit.
1802 4224 1885 4277 Ea:
1912 4223 2138 4280 Chumni
2167 4226 2387 4279 dicteria
2415 4225 2582 4278 civilis
2608 4224 2880 4279 seditionis
2906 4225 3212 4296 augurium,
3239 4232 3289 4276 et
3320 4223 3604 4278 domestico
3636 4240 3690 4278 se
3723 4225 3887 4278 abdi-.

628 4322 631 4329 ’
672 4297 829 4349 eundi
855 4302 1163 4347 renovatum
1193 4294 1533 4352 desiderium.

676 4412 925 4466 Piamina
951 4409 1174 4481 quidem
1190 4411 1308 4465 hac
1330 4410 1575 4466 fuerunt.
1609 4414 1729 4484 ipse
1759 4425 1940 4470 autem
1956 4432 2189 4486 magnus

601 4504 963 4570 domesticus,
1007 4503 1289 4572 quomodo
1349 4506 1605 4569 antehac,
1663 4506 1729 4559 ad
1790 4508 2185 4577 rempublicam

2379 4413 2541 4467 Ἀλλὰ
2567 4414 2633 4466 τὰ
2662 4412 2766 4483 μὲν
2793 4411 2902 4466 τῶν
2936 4410 3181 4480 ίλασμῶν
3210 4412 3433 4464 τοιαῦτα
3461 4412 3725 4478 ἐγεγόνει.
3757 4385 3894 4464 Αύί

2296 4509 2388 4572 τὸς
2421 4507 2479 4560 δὲ
2499 4506 2680 4577 εἴχετο
2704 4505 2805 4575 τῆς
2829 4503 2938 4556 τῶν
2964 4504 3308 4572 πραγμάτων
3330 4502 3654 4575 διοικήσεως
3682 4501 3878 4574 ὥσπερ

614 4593 1023 4666 procurandam
1057 4593 1436 4656 incumbebat,
1472 4594 1541 4647 de
1590 4596 1812 4650 nemine
1859 4598 2009 4652 nulla
2039 4598 2097 4652 in
2131 4615 2168 4653 τι

2299 4599 2689 4669 καὶπρότερον
2740 4597 2948 4668 μηδένα
2972 4596 3298 4649 ὑποπτεύων
3336 4595 3468 4667 περὶ
3521 4595 3757 4658 οὐδενός.
3787 4596 3886 4667 Τῷ
3988 4642 3993 4647 ,

604 4686 909 4755 quidquam
944 4684 1239 4752 suSpicans
1267 4684 1420 4737 mali.
1455 4683 1775 4742 Patriarcba
1810 4686 1865 4740 in
1911 4703 2007 4742 sua
2048 4690 2191 4758 pelle

601 4776 897 4847 quiescere
924 4790 1033 4829 non
1066 4783 1284 4844 poterat
1308 4771 1332 4839 ;'
1367 4775 1461 4830 sed
1500 4776 1719 4846 imperii
1753 4778 2195 4835 administratio-

606 4884 763 4931 nem,
813 4876 874 4921 ut
930 4866 1032 4921 sibi
1076 4876 1471 4936 congruentem
1529 4884 1597 4921 ex
1666 4884 1831 4925 causa
1873 4871 2188 4939 istiusmodi

606 4958 1017 5027 capessendam
1088 4957 1395 5029 judicabat.
1464 4960 1586 5015 Non
1651 4976 1843 5031 parum
1918 4965 2009 5019 diu
2066 4972 2194 5018 ante
2236 4962 2252 4975 ’

2301 4690 2621 4761 πατριάρχη
2646 4688 2705 4742 δὲ
2742 4688 2842 4742 οὐκ
2866 4688 3030 4759 ἢρκει
3065 4690 3249 4758 μένειν
3278 4688 3370 4743 ἐπὶ
3402 4691 3513 4752 τοῖς
3554 4687 3845 4759 προτέροις
3868 4702 3884 4718 ⁸

2301 4781 2417 4837 ἀλλ’
2456 4782 2632 4834 ἐδόκει
2665 4782 2776 4833 δεῖν
2818 4780 3145 4849 ἀντέχεσθαι
3175 4781 3277 4851 τῆς
3326 4781 3434 4835 τῶν
3466 4780 3664 4834 κοινῶν
3705 4796 3892 4849 πραγ-

2305 4875 2491 4945 μάτων
2542 4873 2863 4943 διοικήσεως
2897 4873 2972 4938 ὠς
3011 4874 3161 4944 αὐτῷ
3204 4873 3614 4945 προσηκούσης,
3658 4873 3722 4925 ὲκ
3774 4889 3896 4926 τοι·

2302 4964 2472 5036 αύτης
2522 4965 2586 5037 δή
2642 4983 2787 5031 τινος
2834 4964 3035 5032 αἰτίας.
3079 4968 3199 5020 Ἔτι
3257 4966 3538 5038 περιόντος
3588 4963 3891 5032 βασιλέως,

1816 5143 1847 5173 .
1882 5103 2101 5165 Jacobi
2136 5103 2407 5167 Pontani
2454 5112 2642 5167 notua.

711 5224 802 5290 88)
849 5223 1024 5295 Ἱερὸν
1075 5224 1415 5294 κατάλογον,
1481 5226 1799 5283 universum
1850 5225 2197 5282 sacerdotum

604 5295 863 5351 ordinem
903 5304 1060 5349 vocat
1084 5306 1299 5366 sumpta
1334 5299 1654 5367 metaphora
1684 5313 1712 5350 a
1743 5313 1802 5352 re
1827 5298 2069 5352 militari.
2102 5295 2200 5351 Est

605 5368 762 5421 enim
822 5367 1122 5431 κατάλογος
1180 5368 1457 5431 delectus,
1513 5377 1566 5422 et
1613 5368 2010 5434 καταλεγέντες
2071 5375 2203 5422 sunt

606 5436 936 5510 conscripti,
965 5437 1280 5510 centuriati.
1311 5448 1364 5492 et
1388 5439 1717 5510 καταλέγειν
1749 5447 1832 5493 est
1851 5438 2107 5507 allegere,
2141 5447 2203 5492 ut

614 5506 854 5561 Budaeus
888 5506 1069 5562 tradit.
1124 5508 1271 5563 Idem
1302 5517 1448 5562 esset
1482 5508 1526 5562 si
1558 5508 1867 5562 diceremus
1901 5527 1916 5563 :
1948 5506 2016 5562 de
2043 5522 2201 5563 sacro

608 5578 759 5633 albo.
795 5575 1069 5632 Matricem
1100 5586 1196 5632 aut
1221 5578 1564 5632 matriculam
1590 5586 1788 5631 vocant
1811 5578 2197 5646 iureconsulti,

606 5649 683 5702 de
713 5663 836 5716 tqua
871 5646 1147 5717 Yegetius,
1191 5648 1286 5717 lib.
1326 5663 1388 5710 tt,
1441 5663 1559 5717 cap.
1600 5648 1665 5713 5;
1716 5647 1976 5712 Isidorus,
2028 5648 2121 5703 lib.
2158 5664 2196 5713 ι,

609 5733 736 5787 cap.
770 5717 860 5773 23.
888 5716 1043 5772 Unde
1079 5717 1234 5772 facile
1267 5716 1640 5787 intelligimus,
1675 5719 1801 5787 quid
1838 5719 1905 5772 sit
1943 5720 2071 5773 dare
2094 5734 2196 5773 no-

613 5788 790 5855 mina,
824 5789 952 5857 quid
981 5788 1192 5857 scripti,
1228 5797 1321 5842 aut
1349 5790 1639 5858 conscripti
1670 5788 1889 5844 lllllllCS.

2378 5227 2492 5299 (89)
2534 5229 2610 5285 De
2657 5229 2761 5283 hoc
2814 5228 3012 5298 templo
3060 5228 3299 5299 diximus
3334 5227 3592 5282 nonnulla
3632 5226 3687 5281 in
3728 5227 3817 5282 lib.
3843 5228 3896 5290 l,

2305 5298 2427 5370 cap.
2462 5301 2551 5353 ιε.
2584 5301 2908 5370 Quanquam
2953 5308 3134 5370 autem
3180 5298 3525 5370 frequenter,
3561 5298 3756 5370 Σοφίας
3791 5299 3895 5351 τοῦ

2306 5367 2445 5423 Θεόὖ
2480 5372 2677 5438 Λόγου.
2715 5368 3002 5435 Sapientia:
3031 5369 3195 5421 diuini
3233 5367 3381 5423 Verbi
3414 5368 3633 5438 dicitur,
3683 5368 3737 5422 id
3783 5379 3895 5430 est.

2304 5441 2427 5497 Filii
2463 5436 2580 5505 Dei,
2616 5440 2705 5510 qui
2739 5449 2823 5494 est
2852 5439 3113 5498 Verbum.
3143 5448 3199 5493 et
3242 5436 3737 5510 sapientiaiPatris,
3777 5453 3895 5510 non

2307 5522 2490 5568 tamen
2517 5506 2747 5566 necesse
2771 5510 3034 5563 habemus
3060 5510 3283 5565 totidem
3309 5506 3490 5563 verbis
3517 5506 3898 5578 interpretari,

2306 5597 2431 5637 cum
2463 5597 2585 5650 ane
2623 5581 2710 5633 illa
2744 5579 2951 5648 Sophia
2986 5579 3081 5650 sit.
3108 5579 3220 5648 jam
3254 5579 3390 5634 satis
3418 5577 3903 5650 constet._’lludio-

2309 5666 2395 5707 res
2444 5648 2793 5706 historiarum
2840 5649 3132 5721 quamdam
3180 5658 3495 5721 martyrem,
3526 5648 3747 5721 nomine
3792 5648 3905 5721 S_o-

2305 5722 2490 5801 phiam
2514 5723 2810 5785 somniant,
2839 5715 2924 5774 e'ui
2952 5727 3055 5775 hoc
3079 5715 3338 5791 templum
3369 5720 3677 5775 dedicatum
3703 5715 3894 5774 fuerit.
