4060 6408
344 396 447 458 709

1486 380 2041 444 HlSTORIARUM
2084 382 2315 444 LIBER
2358 384 2477 445 III.

3368 348 3377 356 ’
3484 383 3589 446 7m

344 508 448 562 οὐκ
477 505 647 577 ὀλίγῳ
691 506 871 575 χρόνῳ
897 483 1010 574 πρε
1054 499 1153 569 τῆς
1197 498 1451 568 τελευτῆς
1482 496 1867 551 συνεϐούλευεν
1894 496 1909 548 ί

2025 512 2311 551 excessum
2387 495 2705 567 imperatori
2779 494 3071 562 consilium
3139 492 3292 549 dedit
3358 508 3588 565 magnus

346 602 518 672 μέγας
543 597 869 667 δομέστικος
905 591 1056 664 αὐτῷ
1104 592 1456 662 πατριάρχην
1506 592 1694 643 πεῖσαι
1736 588 1917 642 ἐπιτί-

348 707 468 761 μιον
496 686 870 754 ᾶπαπειλῆσαι
923 682 1319 761 ἀνατείνασθαι
1367 682 1463 736 καὶ
1504 681 1782 751 χωρισμὸν
1819 681 1917 749 τῆς

345 759 670 851 Ἓκκλησίας
699 777 812 833 τῶν
841 775 1076 840 πιστῶν,
1093 759 1159 828 ἐί
1176 791 1259 836 τις
1287 771 1734 841 τετελευτηκότος
1768 772 1919 841 βασι-

351 873 487 931 λέως
516 868 922 923 ἔπιϐουλεύσειε
950 867 1066 928 τοῖς
1109 864 1325 918 ἐκείνου
1350 867 1531 928 παισὶ,
1562 863 1657 917 καὶ
1684 862 1786 931 τὴν
1823 861 1920 931 βα-

351 961 555 1014 σιλείαν
588 958 885 1030 παρέλοιτο
925 956 1125 1017 ἀδίκως
1146 971 1161 986 ο
1194 954 1402 1024 ἔφασκέ
1431 971 1491 1007 τε
1539 953 1750 1007 πείθειν
1792 954 1914 1005 ἐπι-

347 1049 544 1121 χειρῶν
573 1051 649 1110 ὼς
696 1049 849 1101 οὐδὲν
884 1047 1098 1099 ἔσονται
1146 1044 1373 1099 τοιαῦτα
1423 1044 1757 1113 πράττοντες
1808 1042 1916 1097 τῶν

348 1144 562 1197 ἀτόπων
615 1139 975 1210 εἰργασμένοι
1038 1137 1131 1191 καὶ
1198 1137 1567 1206 παραλόγων⁸
1626 1136 1762 1190 ἀλλά
1819 1137 1915 1190 κο.)⁵

347 1233 621 1299 ὠφέλειαν
647 1232 710 1284 ού
732 1231 937 1300 μικράν
962 1246 1084 1281 τινα
1111 1228 1443 1299 παρέξονται
1478 1230 1588 1291 τοῖς
1626 1228 1813 1282 παισὶν
1854 1228 1916 1281 ἑκ

352 1324 540 1377 τούτου
564 1323 617 1376 εῐ
648 1340 701 1375 τι
731 1322 972 1374 τοιοῦτον
1012 1319 1255 1389 συμϐαίη
1310 1321 1439 1388 περὶ
1488 1318 1715 1384 αὐτούς.
1774 1320 1915 1373 [ἰᾶσι

334 1408 342 1414 ’
354 1418 457 1486 μὲν
506 1417 615 1484 γὰρ
642 1414 835 1483 ἄδηλον
869 1407 1007 1464 εἶναι
1039 1411 1099 1464 τὸ
1134 1411 1228 1463 τοῦ
1268 1411 1504 1464 θανάτου
1549 1411 1724 1475 τέλος,
1751 1410 1913 1463 ὁπότε

350 1507 471 1574 ἦξει
493 1520 504 1533 ·
538 1504 769 1573 μάλιστα
796 1502 853 1556 δὲ
900 1501 1081 1564 αὐτοῖς
1107 1503 1193 1554 ἀεὶ
1224 1503 1351 1572 περὶ
1403 1501 1582 1571 μάχας
1613 1502 1708 1553 καὶ
1737 1500 1915 1554 κινδύο

346 1612 473 1657 νους
493 1593 884 1665 ἠσχηλημένοις
902 1608 914 1621 °
945 1592 1039 1645 καὶ
1068 1591 1221 1645 οὐδὲν
1249 1587 1511 1645 εἶναιτῶν
1535 1591 1833 1657 ἀδυνάτων,
1866 1592 1913 1645 εί

350 1687 446 1740 καὶ
495 1685 829 1755 ἀμφοτέροις
864 1683 1050 1746 αὐτοῖς
1092 1684 1340 1754 συμϐαίη
1388 1685 1520 1754 περὶ
1573 1684 1703 1753 μίαν
1736 1685 1915 1753 μάχην

346 1778 553 1829 πεσεῖν.
584 1774 648 1828 Εί
673 1774 731 1827 δὲ
751 1773 908 1827 τοῦτο
934 1775 1167 1841 γένοιτο,
1200 1775 1571 1844 ἀπρονοήτους
1598 1776 1914 1828 παντάπασι

347 1864 637 1937 συμϐαίνει
694 1864 978 1918 λείπεσθαι
1038 1865 1165 1928 τοὺς
1226 1866 1447 1930 παῖδας,
1507 1865 1636 1936 μήθ’
1699 1867 1912 1929 ἑαυτοῖς
1945 1846 1986 1899 Β

343 1961 455 2031 ἀμύ
468 1977 574 2014 θειν
599 1958 689 2012 διά
721 1958 1024 2028 νηπιότητα
1046 1957 1387 2028 δυναμένοις,
1415 1959 1541 2028 μήθ’
1571 1958 1755 2028 ἕτερῦν
1792 1977 1911 2011 τινα

344 2052 566 2123 ἔχοντας
616 2050 708 2103 τὸν
756 2050 1202 2121 προστησόμενον
1237 2052 1479 2119 γνησίιις
1534 2051 1626 2105 καὶ
1685 2050 1912 2115 ἀδόλως.

346 2146 603 2207 Βασιλεὺς
650 2142 728 2209 δὲ,
765 2145 867 2198 οὐκ
922 2143 1173 2197 ἐπείθετο
1212 2143 1412 2214 ῥᾳδίως
1451 2141 1676 2213 γνώμης
1729 2161 1783 2197 τε
1836 2144 1913 2198 ὢν

350 2236 577 2307 ἀγαθῆς,
608 2239 703 2290 καὶ
757 2234 962 2305 μᾶλλον
1021 2235 1267 2305 οίόμενος
1318 2237 1613 2306 προσήκειν
1664 2238 1759 2291 ἐπὶ
1814 2236 1913 2309 τὴν

351 2333 525 2388 πάντα
547 2333 853 2403 δυναμένην
864 2332 1048 2399 δεξιὰν
1070 2332 1166 2395 τὰς
1193 2334 1416 2398 ἐλπίδας
1444 2334 1544 2403 τῆς
1569 2335 1677 2388 τῶν
1704 2336 1910 2389 παίδων

330 2423 621 2499 σωτηρίας
651 2422 818 2493 ἔχειν,
856 2421 890 2492 ἢ
920 2422 1057 2491 πρὸς
1085 2420 1309 2492 συκίνην
1339 2423 1660 2494 ἐπικουρίαν
1708 2424 1806 2497 τὴν
1853 2422 1911 2490 ἐξ

345 2510 695 2580 ἀνθρωπίνης
743 2510 986 2574 ἐπινοίας
1027 2511 1380 2576 ἀποϐλέπειν,
1428 2513 1671 2583 συνορῶν
1701 2513 1775 2575 ὡς
1814 2516 1912 2569 καὶ

343 2605 457 2666 τοῖς
486 2604 595 2671 πρὸ
648 2602 875 2659 ἑκείνων
934 2603 1215 2672 βασιλεῦσι
1243 2604 1470 2657 τοιαῦτα
1515 2596 1911 2676 ἐπινενοημένα

342 2692 559 2764 ὤνησαν
586 2692 760 2758 οὐδὲν,
809 2692 1018 2761 ἔφασκέ
1048 2710 1104 2746 τε
1154 2693 1229 2755 ὡς
1273 2694 1307 2764 ἢ
1339 2693 1472 2758 θεὸς
1516 2694 1722 2749 ἀνωθεν
1751 2701 1909 2768 χεῖρα

346 2783 620 2847 σώζουσαν
668 2783 975 2854 ὑπερέχων,
1019 2784 1050 2851 ἢ
1101 2784 1207 2835 τῶν
1240 2784 1381 2854 ἡμῖν
1408 2784 1580 2838 εὔνων
1610 2787 1642 2854 ἡ
1678 2786 1908 2857 δύναμις

347 2874 411 2927 ἂν
434 2875 536 2927 τῶν
560 2874 813 2928 ἐναντίων
841 2875 1084 2945 ὑπερέχῃ
1113 2874 1209 2933 τὰς
1233 2874 1342 2928 τῶν
1371 2875 1581 2929 ἀδικεῖν
1609 2875 1907 2932 ἐθελόντων

353 2963 413 3017 ἂν
444 2964 727 3017 κωλύσειεν
774 2966 981 3033 ὁρμάς·
1016 2966 1168 3034 ὅρκοι
1216 2964 1271 3018 δὲ
1312 2965 1409 3019 καὶ
1445 2966 1637 3036 δεσμοὶ
1678 2971 1772 3023 καὶ
1805 2970 1906 3025 ὅσα

348 3055 723 3125 παραπλήσια,
754 3055 907 3108 οὐδὲν
937 3056 1002 3108 ἂν
1032 3055 1356 3126 ἐκφοϐεῖσειε
1392 3056 1520 3118 τοὺς
1563 3058 1902 3116 πλεονεκτεῖν

2020 588 2376 649 domesticus.
2443 590 2771 660 patriarchae
2822 597 3019 644 auctor
3059 598 3223 654 esset,
3262 602 3479 657 poenam
3532 599 3593 641 ct

2017 683 2347 751 ejectisnem
2406 699 2475 738 ex
2536 668 2782 738 Ecclesia
2849 680 3245 737 interntinandi
3280 721 3295 743 ,
3350 681 3394 734 si
3464 680 3593 750 quis

2019 774 2347 844 imperatore
2412 774 2631 832 mortuo
2687 776 2811 830 (iliis
2870 775 2992 845 ejus
3057 774 3463 837 insidiaretur,
3530 782 3589 826 et

2018 866 2303 935 imperium
2341 868 2449 922 illis
2475 868 2682 923 nefarie
2727 867 2998 922 adimeret
3028 881 3043 920 :
3072 863 3395 933 addiditque
3449 879 3578 930 pcr-

2017 958 2285 1014 suadendi
2334 973 2499 1013 causa
2527 999 2543 1024 ,
2599 959 2737 1013 nihil
2780 958 3044 1013 indecens
3085 966 3192 1009 aut
3238 954 3581 1033 inopinatum

2018 1041 2302 1115 facturos;
2336 1048 2639 1119 quinetiam
2677 1064 2788 1104 non
2821 1050 3032 1103 modice
3067 1047 3194 1101 ﬁliis
3242 1049 3583 1117 profuturos,

2016 1143 2059 1196 si
2092 1142 2221 1211 quid
2255 1141 2576 1196 humanitus
2601 1141 2736 1209 ipsis
2764 1142 3078 1195 accidisset.
3116 1139 3401 1193 Neminem
3433 1137 3581 1192 enim

2019 1234 2284 1302 prmscire
2321 1232 2466 1286 diem
2498 1232 2778 1315 ultijuum,
2827 1233 3129 1301 praesertim
3164 1231 3312 1300 ipsos
3366 1243 3584 1296 semper

2016 1324 2193 1387 bellis,
2219 1339 2341 1377 cum
2368 1323 2612 1393 periculo
2644 1322 2909 1378 distentos
2946 1339 2957 1373 :
3002 1334 3060 1377 et
3094 1338 3252 1390 posse
3285 1329 3583 1388 utrumque

2016 1430 2207 1468 eorum
2242 1413 2297 1467 in
2340 1414 2536 1468 eodem
2569 1414 2757 1483 pradio
2785 1398 3153 1479 occumbere;
3198 1411 3337 1465 male
3366 1418 3587 1466 curatos

2018 1507 2252 1576 relinqui
2317 1507 2476 1571 ﬁlios,
2531 1506 2625 1576 qui
2684 1520 2785 1560 nec
2835 1506 2940 1560 sibi
2988 1505 3121 1574 ipsis
3163 1511 3383 1574 promer
3411 1502 3586 1556 artatis

2017 1599 2452 1653 imbecillitatem
2502 1597 2646 1653 ferre
2678 1612 2838 1667 Opem
2888 1597 3165 1667 pmerint;
3213 1611 3314 1650 nec
3342 1595 3585 1649 habituri

2015 1693 2146 1755 sint,
2177 1692 2272 1762 qui
2300 1706 2397 1770 eos
2423 1691 2637 1745 sincere
2655 1706 2718 1745 ac
2734 1690 2977 1758 legitime
3007 1697 3247 1761 tueatur.
3281 1688 3587 1758 Imperator

2015 1781 2205 1845 reniti,
2226 1781 2372 1852 quod
2406 1781 2529 1850 pius
2549 1792 2694 1836 esset
2721 1781 2910 1845 animi,
2948 1777 3586 1848 putaretqueconvenire

2015 1873 2187 1943 magis
2245 1873 2301 1926 in
2358 1871 2730 1942 omnipotenti
2798 1870 3021 1925 dextera
3061 1870 3295 1923 salutem
3350 1867 3585 1937 filiorum

2014 1977 2306 2032 reponere,
2348 1976 2513 2031 quam
2568 1960 2634 2013 ad
2672 1959 2967 2013 ficulneum
3015 1958 3281 2012 auxilium
3342 1958 3580 2011 humana

2014 2053 2347 2126 cogitatione
2372 2054 2659 2107 inventum
2678 2053 2981 2120 respicere;
3012 2049 3341 2120 intelligeret
3366 2059 3587 2116 praeter-

2012 2161 2078 2201 ea
2107 2163 2135 2199 a
2168 2145 2546 2216 superioribus
2595 2143 3025 2214 imperatoribus
3063 2140 3264 2196 similia
3279 2140 3584 2209 excogitata

2013 2237 2206 2300 fuisse,
2272 2253 2376 2292 nec
2424 2236 2716 2307 profuisse.
2771 2235 2841 2290 Et
2890 2233 3245 2304 adjungebat,
3282 2240 3378 2285 aut
3411 2230 3582 2286 Deum

2013 2329 2234 2384 ab‘alto
2284 2328 2581 2383 salutarem
2639 2340 2860 2379 manum
2904 2324 3311 2385 extendentem,
3351 2329 3445 2374 aut
3491 2335 3586 2388 po-

2013 2422 2239 2476 tentiam
2266 2421 2373 2476 sibi
2404 2421 2545 2476 bene
2575 2418 2940 2488 cupientium,
2971 2415 3206 2470 devictis
3229 2413 3580 2474 adversariis,

2011 2528 2205 2570 eorum
2231 2513 2299 2568 ad
2348 2513 2604 2584 injuriam
2648 2511 2995 2566 inferendam
3036 2508 3272 2576 impetus
3302 2520 3586 2574 repressu-

2012 2620 2147 2659 ram.
2172 2605 2510 2669 Jnramcnta,
2563 2614 2620 2658 ct
2644 2604 2887 2666 vincula,
2935 2611 2985 2657 et
3027 2613 3369 2670 quaecunque
3415 2597 3585 2663 hujus

2009 2694 2227 2765 generis
2282 2694 2416 2747 nihil
2488 2693 2846 2763 perterritum
2905 2706 3002 2745 eos
3036 2727 3052 2752 ,
3117 2686 3208 2756 qui
3264 2702 3332 2741 ex
3390 2685 3584 2739 alienis

2009 2789 2377 2845 incommodis
2425 2805 2524 2843 sua
2556 2803 2882 2857 comparare
2930 2782 3222 2841 commoda
3265 2780 3582 2836 statuerint.

2010 2880 2220 2937 idcirco
2255 2880 2646 2936 abstinendum
2705 2881 2809 2934 hoc
2860 2877 3099 2947 negotio,
3138 2884 3198 2930 ut
3245 2887 3354 2930 non
3406 2874 3582 2929 solum

2009 2970 2144 3042 ipsis
2182 2971 2386 3037 inutili,
2439 2972 2533 3025 sed
2589 2970 2803 3025 caeteris
2855 2971 3021 3022 etiam
3075 2982 3188 3020 non
3230 2965 3583 3020 mediocriter

2010 3064 2261 3118 nocituro
2279 3080 2307 3128 ;-
2330 3073 2523 3131 utpote
2546 3067 2743 3131 praeter
2771 3073 2964 3129 poenas
2990 3058 3062 3113 ob
3098 3056 3345 3125 rapinam
3367 3054 3582 3108 debitas
3656 3096 3659 3099 ς

344 3146 775 3216 προῃρημένους.
806 3146 897 3199 Διὸ
932 3147 1021 3199 καὶ
1060 3146 1160 3216 τῆς
1189 3147 1447 3219 τοιαύτης
1477 3150 1728 3220 πράξεως
1765 3153 1900 3207 ἀπο-

2009 3155 2173 3209 etiam
2195 3152 2599 3222 dirisprecibus
2629 3166 2657 3204 a
2687 3150 2872 3204 divina
2905 3148 3302 3218 conjunctione
3325 3146 3579 3203 seclusis.

342 3234 580 3304 σχέσθαι,
611 3234 684 3299 ὡς
708 3236 768 3287 ού
799 3234 964 3304 μόνον
991 3234 1142 3289 οὐδὲν
1171 3239 1299 3306 ἡμῖν
1328 3238 1735 3312 λυσιτελούσης,
1768 3242 1903 3299 ἀλλά

2009 3248 2235 3313 Magnus
2264 3244 2600 3299 domesticus
2648 3243 2877 3300 instare.
2930 3253 3232 3309 rogareque
3278 3237 3441 3309 352
3474 3238 3582 3292 bu-

339 3332 433 3383 καὶ
462 3329 668 3399 ἑτέροις
694 3330 755 3384 οὑ
777 3330 875 3400 τὴν
900 3330 1169 3404 τυχοῦσαν
1200 3332 1404 3402 βλάϐην
1433 3334 1738 3406 δυναμένης
1767 3355 1904 3409 προ-

338 3420 505 3485 ξενεῖν
536 3417 623 3475 οία
647 3420 710 3492 δὴ
742 3422 878 3493 πρὸς
902 3422 980 3493 τῷ
1007 3422 1164 3487 δίκας
1197 3424 1297 3494 τῆς
1339 3426 1599 3498 ἁρπαγῆς
1645 3428 1902 3498 ὀφείλειν,

339 3513 448 3566 καῖ’
462 3512 893 3584 κεχωρισμένοις
923 3514 1033 3568 ἀπὸ
1065 3513 1221 3569 Θεοῦ.
1259 3515 1318 3570 '0
1360 3520 1539 3587 μέγας
1567 3517 1624 3572 δὲ
1655 3519 1906 3589 δομέστι-

335 3621 427 3667 κος
452 3605 553 3657 οὐκ
582 3604 708 3675 ἀνίη
732 3603 1073 3675 βιαζόμενος,
1100 3604 1216 3678 ἀλλ’
1252 3606 1420 3661 ἐδεῖτο
1444 3608 1554 3662 τῶν
1601 3611 1701 3681 μὲν
1726 3613 1903 3666 τοιού-

335 3712 442 3749 των
472 3695 645 3765 λόγων
672 3696 1032 3764 ἀποσχέσθαι,
1073 3697 1222 3769 αύτῷ
1254 3699 1312 3753 δὲ
1340 3699 1623 3755 πείθεσθαι
1648 3705 1722 3765 ὡς
1756 3704 1904 3758 λυσι-

335 3784 595 3840 τελοῦντα
644 3788 738 3840 καὶ
785 3787 971 3841 δίκαια
1027 3786 1403 3863 βουλευομένῳ
1428 3807 1444 3823 ⁸
1486 3797 1583 3847 καὶ
1622 3793 1809 3849 ἔπεισί
1839 3814 1903 3864 γε

340 3874 686 3947 βιασάμενος.
712 3878 823 3931 οὐδ’
844 3877 987 3932 οὕτω
1018 3879 1117 3949 μὲν
1142 3882 1522 3952 πεπεισμένων
1546 3883 1621 3950 ὡς
1649 3884 1901 3957 λυσιτελῆ

335 3969 405 4020 τὰ
453 3972 803 4037 πραττόμενα
857 3969 963 4038 είη,
1017 3968 1153 4021 ἀλλά
1206 3971 1306 4040 τῆς
1361 3968 1595 4043 ὲξαρχῆς
1641 3974 1903 4045 ἐχόμενον

340 4058 578 4128 γνώμης.
634 4060 732 4114 Διά
788 4059 846 4113 δὲ
897 4062 958 4112 τὸ
993 4060 1182 4115 δοκεῖν
1223 4061 1423 4133 ἐκείνῳ
1471 4064 1774 4118 λυσιτελεῖν
1809 4067 1904 4120 καὶ

338 4153 535 4207 ἄκοντα
574 4152 942 4223 πεπεισμένον
968 4170 982 4185 ·
1027 4154 1123 4209 καὶ
1154 4145 1247 4208 τὸν
1278 4155 1623 4227 πατριάρχην
1666 4173 1903 4228 μετακα-

338 4244 631 4316 λεσάμενος
661 4244 758 4298 καὶ
779 4247 895 4298 ὅσοι
918 4245 1028 4298 τῶν
1062 4244 1364 4317 ἀρχιερέων
1392 4247 1449 4298 ἑν
1481 4245 1762 4321 Βυζαντίῳ
1779 4249 1902 4302 τότε

331 4343 607 4412 παρῆσαν,
622 4342 713 4395 καὶ
743 4341 846 4394 ὅσα
866 4336 1094 4411 ἦνείκὸς
1119 4341 1420 4413 διαλεχθεὶς
1443 4345 1572 4414 περὶ
1609 4344 1704 4399 τοῦ
1727 4349 1905 4414 πραγ-

332 4449 522 4503 ματος,
537 4434 632 4487 καὶ
646 4430 744 4505 τὴν
763 4431 987 4501 γνώμην
1010 4435 1248 4503 φανερὰν
1267 4435 1520 4505 ποιήσας,
1539 4435 1622 4500 ’ὡς
1636 4437 1784 4510 αὐτῷ
1804 4438 1904 4509 μὲν

332 4524 458 4579 οὔτε
499 4526 795 4594 ἀναγκαῖον
812 4523 937 4578 οὔτε
977 4526 1251 4588 λυσιτελὲς
1292 4527 1526 4582 δοκεῖτὸ
1561 4528 1903 4600 πρᾶγμαοοὺ

334 4618 445 4686 γάρ
474 4617 770 4688 ὲπισχήσει
801 4616 1105 4689 τάςηδρμάς
1128 4619 1236 4671 τῶν
1274 4618 1579 4673 ἐπιϐούλων
1605 4636 1622 4653 ο
1643 4622 1717 4683 ὡς
1743 4621 1811 4676 ἂν
1846 4622 1904 4677 δὲ

336 4708 414 4779 μὴ
434 4709 614 4779 δοκοίη
636 4711 751 4773 τοῖς
779 4710 1058 4780 σφετέροις
1089 4712 1268 4779 μόνοις
1290 4710 1572 4766 πείθεσθαι
1601 4712 1906 4784 λογισμοῖς,

329 4798 469 4853 ἀλλὰ
494 4801 589 4853 καὶ
619 4798 828 4871 ἑτέροις
870 4797 1300 4868 συμϐουλεύουσι
1333 4803 1710 4873 παραχωρεῖν,
1741 4803 1905 4856 αὐτόν

331 4908 393 4944 τε
430 4892 716 4944 πεπεῖσθαι
770 4892 866 4943 καὶ
909 4892 1091 4961 σφίσιν
1146 4890 1483 4960 ἐπιτρέπειν,
1530 4892 1748 4947 ἐκέλευε
1807 4896 1899 4947 τὸν

329 4985 635 5054 ἁφορισμὸν
665 4984 810 5038 κατά
828 4984 937 5037 τῶν
969 4985 1107 5052 μετά
1139 4983 1236 5055 τὴν
1269 4985 1479 5037 ἐκείνου
1506 4985 1765 5059 τελευτὴν
1786 4989 1899 5051 τοῖς

329 5076 521 5129 παισὶν
546 5077 745 5141 ἀδίκως
776 5075 1192 5147 ἐπιθησομένων
1221 5078 1521 5145 ὲκφωνείψ
1550 5078 1643 5131 καὶ
1666 5079 1901 5133 ἐτελεῖτο

332 5182 482 5238 παρα
530 5157 940 5243 πατριάρχουῇ
988 5168 1352 5239 προσέταττεν
1407 5171 1435 5223 ὀ
1491 5168 1766 5240 βασιλεύς.
1801 5172 1899 5227 Διά

333 5260 503 5314 ταῦτα
537 5261 601 5331 δὴ
636 5260 781 5330 μετά
809 5260 905 5330 τὴν
946 5260 1156 5314 ἐκείνου
1189 5260 1468 5329 τελευτὴν,
1491 5262 1519 5313 ὁ
1551 5263 1904 5333 πατριάρχης

328 5348 483 5423 ᾠήθη
500 5352 629 5418 δεῖν,
641 5344 731 5404 οἷα
749 5350 931 5423 δὴιτῶν
952 5349 1215 5420 βασιλέως
1238 5348 1443 5402 παίδων
1459 5350 1656 5418 φύλαξ,
1671 5351 1845 5416 ἄλλως
1859 5354 1906 5403 θ’

325 5445 408 5497 ὅτι
457 5444 551 5497 καὶ
578 5444 607 5496 ὀ
651 5442 747 5498 τοῦ
785 5441 1055 5512 βασιλέως
1123 5442 1253 5503 παῖς
1294 5439 1546 5513 Ἰωάννης
1577 5443 1606 5495 ὁ
1639 5441 1895 5511 βασιλεὺς

2001 3339 2242 3411 jusmodi
2295 3337 2482 3391 verbis
2546 3344 2857 3407 parceret”
2895 3332 3002 3386 sibi
3056 3331 3265 3385 utiliter
3318 3345 3385 3385 ac
3433 3330 3582 3399 jnste

2006 3429 2319 3487 consulenti
2367 3436 2605 3497 pareret.
2643 3426 2709 3480 Et
2757 3421 3171 3492 importunitate
3199 3421 3346 3491 quod
3386 3421 3581 3483 voluit,

2004 3522 2208 3586 effecit,
2266 3534 2374 3575 non
2415 3519 2490 3572 ita
2557 3527 2739 3570 tamen
2793 3524 2853 3569 ut
2915 3513 3268 3583 profuturum
3328 3511 3582 3566 crederet

2006 3612 2327 3680 imperator,
2375 3608 2422 3663 si
2478 3608 2674 3674 fieret;
2726 3621 2917 3661 verum
2965 3603 3280 3672 anticipata-
3335 3602 3581 3672 opiuioni
3680 3618 3687 3623 '

2005 3718 2119 3757 suae
2150 3702 2361 3766 allixus,
2388 3700 2648 3771 quoniam
2672 3699 2780 3763 ,ille
2828 3697 3184 3768 profuturum
3212 3695 3490 3758 censebat,
3523 3695 3579 3749 in
3660 3690 3668 3697 ’

2005 3795 2243 3865 speciem
2316 3807 2574 3847 assensus
2641 3799 2758 3853 est,
2825 3788 3207 3857 accersitoque
3268 3784 3583 3855 patriarcha

2004 3900 2128 3941 cum
2171 3883 2451 3954 episc0pis
2480 3892 2754 3952 quotquot
2792 3880 3041 3952 Byzantii
3078 3879 3466 3942 versabantur,
3524 3887 3586 3932 et

2004 3994 2126 4049 qua:
2178 3978 2411 4033 decebat
2462 3976 2531 4030 de
2600 3990 2659 4030 re
2718 3975 2936 4028 locutus
2971 3989 2987 4026 :
3021 3972 3299 4027 declarata
3360 3972 3589 4040 insaper

2005 4069 2181 4141 palam
2212 4067 2486 4125 sententia
2535 4080 2656 4130 sua,
2681 4063 2785 4118 sibi
2837 4063 3062 4132 quidem
3100 4075 3216 4115 rem
3265 4076 3447 4129 neque
3483 4076 3577 4113 ne-

2005 4162 2324 4225 cessariam,
2376 4174 2557 4228 neque
2602 4155 3012 4210 conducibilem
3046 4154 3218 4208 videri
3266 4155 3401 4221 (non
3431 4153 3585 4207 enim.

2004 4254 2247 4311 cohiberi
2283 4266 2441 4322 posse
2482 4248 2865 4303 insidiatorum
2895 4245 3265 4315 cupidinem),
3296 4254 3475 4298 tamen
3512 4259 3583 4297 ne

2004 4344 2350 4400 existimetur
2373 4357 2477 4397 suo
2507 4350 2724 4395 tantum
2759 4338 2973 4409 judicio
3001 4336 3233 4407 obsequi
3258 4378 3272 4402 ,
3321 4335 3415 4390 sed
3447 4336 3588 4389 aliu-

2011 4444 2133 4503 rum
2160 4449 2379 4505 quoque
2429 4431 2680 4487 consiliis
2707 4435 2923 4493 cc'ere,
2977 4439 3033 4483 et
3085 4442 3283 4482 manus
3309 4427 3463 4490 dare,
3522 4437 3581 4482 et

1932 4501 1987 4562 Β
2014 4501 2130 4584 rem
2181 4501 2308 4581 illis
2346 4524 2693 4581 committere
2778 4520 3012 4575 Proinde
3043 4520 3333 4574 anathema
3385 4520 3440 4573 in
3482 4534 3588 4573 eos

2012 4618 2223 4681 dicant,
2253 4614 2342 4684 qui
2381 4629 2443 4668 se
2484 4622 2701 4667 mortuo
2732 4610 2873 4665 filios
2899 4610 3018 4681 ejus
3059 4624 3158 4679 per
3188 4609 3369 4663 scelus
3396 4608 3581 4662 adori-

2014 4720 2225 4782 rentur:
2251 4707 2567 4764 Patriarcha
2589 4706 2743 4776 jussa
2791 4703 3026 4773 complet
3053 4718 3067 4766 ;
3092 4710 3146 4757 et
3175 4701 3278 4756 hac
3316 4700 3587 4782 nimirum:

2012 4804 2080 4861 de
2118 4778 2285 4859 causa
2338 4809 2461 4871 post
2489 4799 2611 4869 ejus
2640 4798 2851 4853 obitum
2900 4804 3159 4866 oportere
3208 4810 3267 4850 se
3321 4778 3578 4863 tanquam

2009 4898 2248 4953 ﬁliorum
2284 4905 2523 4949 tutorem
2553 4901 2636 4961 (et
2659 4889 2959 4959 praesertim
2992 4888 3122 4958 quia
3145 4887 3388 4942 Joannes
3412 4886 3593 4957 impe-

2009 4999 2160 5045 rator
2194 4986 2514 5042 ‘admodum
2580 4998 2717 5054 puer
2778 4980 3003 5045 adhuc,
3058 4994 3254 5033 novem
3314 4978 3583 5033 duntaxat

2005 5095 2181 5135 annus
2223 5086 2383 5132 natus
2414 5083 2530 5130 erat
2576 5073 2688 5144 (90)
2730 5067 3233 5142 )gubernationem
3287 5066 3613 5136 atIingere,~

2008 5181 2066 5226 et
2098 5167 2507 5224 adolescentulo
2548 5164 2873 5235 imperatori
2924 5160 3219 5230 imperium
3253 5173 3584 5213 conservare

2012 5261 2364 5318 existimavit.
2398 5261 2476 5314 Ac
2502 5257 2746 5326 suscepit
2788 5255 3012 5325 quidem
3045 5254 3137 5309 ille
3164 5252 3586 5323 rempublicam,

2015 5352 2387 5427 paulatimque
2453 5347 2754 5404 semet'in
2822 5345 3191 5414 principatum
3248 5330 3590 5406 intrudens‘,

2016 5449 2188 5502 latere
2216 5443 2429 5499 studuit
2448 5457 2611 5513 quam
2643 5440 2879 5495 maxime
2906 5437 3283 5509 potuitzquod
3313 5444 3591 5490 metueret

1354 5690 1364 5700 .
1575 5599 1793 5662 Jacobi
1829 5603 2098 5669 Pontani
2130 5611 2318 5669 noue.

395 5727 507 5802 (90)
548 5725 709 5802 Patre
736 5728 1013 5802 moriente
1031 5726 1271 5802 Joannes
1288 5727 1752 5802 Palatologusnon
1813 5730 1933 5801 plus
1966 5750 2165 5791 novem
2225 5748 2398 5789 annos
2451 5738 2614 5786 natus
2662 5738 2801 5784 erat.
2872 5724 3006 5782 Huic
3048 5723 3231 5785 crede,
3286 5733 3339 5778 et
3392 5722 3589 5777 falsum

327 5798 456 5869 puia
489 5798 806 5864 Laonicum,
845 5798 935 5868 qui
966 5798 1016 5853 ei
1039 5798 1325 5854 duodecim
1351 5798 1764 5855 annos'tribuit.
