4060 6416
371 388 479 451 713

1535 377 2085 442 IliSTOitlARUIll
2133 379 2366 438 LIBER
2399 376 2514 438 IlI.

3544 372 3651 437 714

368 496 601 566 ἀμαθῶς
662 494 759 548 καὶ
804 493 1050 562 θρασέως
1109 506 1239 560 πριν
1272 458 1348 549 ¹τι
1398 487 1741 556 φθέγξτσθαι
1803 486 1952 548 τινὰ,

2066 484 2232 553 [quod
2280 484 2508 559 minime
2545 485 2800 555 decebat)
2832 490 3005 557 major
3032 501 3159 541 eum
3191 486 3535 556 perturbatio
3567 489 3652 541 in-

365 594 712 662 Γέγραπται,
775 582 949 650 εἶπεν,
1004 585 1101 638 ἐὰν
1162 602 1242 653 τῳ
1296 583 1512 652 ἐσχάτῳ
1561 578 1953 646 ἀποκαλυφθῇ,

373 686 584 752 σιγάτω
628 684 656 735 ὁ
706 681 947 749 πρῶτος.
981 677 1083 730 “Av
1128 671 1224 731 οὖν
1258 679 1351 730 καὶ
1382 674 1541 745 ἡμῶν
1570 690 1680 726 τινι
1712 671 1820 724 τῶν
1866 671 1952 722 δο-

376 774 620 828 κούντων
674 772 924 841 ἐσχάτων
973 764 1117 822 εἶναι
1182 766 1393 838 βέλτιόν
1440 782 1494 817 τι
1532 767 1660 834 περὶ
1714 755 1788 816 ὧν
1839 760 1961 811 νυνὶ

382 865 747 939 βουλευόμεθα
783 864 964 918 εἰπεῖν
995 861 1115 930 ἐξῇ,
1162 861 1381 931 ἀνάγκη
1415 859 1508 913 τὸν
1550 858 1773 928 πρῶτον
1801 855 1966 923 στέρ-

380 978 521 1027 γειν.
558 956 872 1029 Ἐταράχθη
906 955 1007 1025 μὲν
1037 955 1132 1007 οῦν
1167 951 1331 1017 εὐθὺς
1356 953 1385 1005 ὁ
1416 954 1590 1023 μέγας
1637 952 1960 1022 δομέστικος

377 1051 475 1104 ἐπὶ
503 1051 584 1120 τῷ
612 1049 761 1120 λόγῳ
791 1048 927 1119 πρὸς
955 1047 1057 1115 τὴν
1083 1048 1403 1116 θρασύτητα
1433 1046 1526 1123 καὶ
1555 1044 1836 1099 ἀναίδειαν
1863 1040 1959 1094 τοῦ

381 1142 573 1213 ἀνδρὸς
605 1140 938 1209 ἀγανακτῶν
962 1156 976 1171 ο
1011 1139 1261 1209 οἰόμενος
1291 1138 1349 1192 δέ
1381 1138 1479 1209 τὴν
1507 1135 1760 1209 βασιλίδα
1789 1135 1824 1206 ἢ
1867 1136 1960 1187 τὸν

384 1232 766 1304 πστριάρχην,
792 1226 953 1294 οὗτος
978 1230 1089 1300 γὰρ
1122 1231 1224 1302 ἢδη
1272 1232 1577 1301 προῖστατο
1625 1230 1727 1297 τῆς
1765 1225 1962 1297 βουλῆς

387 1326 525 1396 πρὸς
558 1325 731 1396 ὀργὴν
773 1326 864 1379 τὸν
892 1324 1144 1395 Χοῦμνον
1191 1324 1491 1377 ἀπελάσειν
1533 1321 1628 1377 τοῦ
1663 1320 1963 1392 βουλευτη-

387 1420 530 1488 ρίου,
561 1419 593 1490 ἢ
627 1419 806 1485 λόγοις
832 1412 1159 1486 ἐπιπλήξειν
1175 1416 1274 1486 τῆς
1290 1415 1525 1487 ἀκαίρου
1554 1411 1962 1482 γλωσσαλγίας,

381 1509 582 1579 ἤνεγκε
620 1511 750 1578 σιγῇ
773 1524 787 1538 ο
818 1507 893 1571 ὠς
920 1507 976 1561 δέ
1019 1510 1155 1577 μήτε
1184 1507 1318 1577 παρ’
1348 1506 1577 1561 ἐκείνων
1604 1505 1824 1567 ἐλέγετο
1852 1501 1961 1556 τῶν

377 1595 761 1662 δεόντων”τι,
812 1596 894 1649 ἔτι
962 1595 1167 1665 μᾶλλον
1226 1595 1559 1664 ἐταράττετο
1586 1608 1601 1624 ⁸
1660 1592 1965 1663 τεκμήριον

378 1689 611 1758 ἐναργὲς
635 1689 864 1756 ἀταξίας
893 1690 987 1743 καὶ
1037 1689 1310 1761 ἀναρχίας
1340 1688 1629 1758 τιθέμενος
1662 1685 1754 1739 τὸν
1802 1685 1962 1751 λόγον

2063 579 2251 643 cessit,
2304 595 2405 649 pro
2453 582 2748 636 manifesto
2779 582 3130 637 confusionis
3165 582 3519 637 ctanarehiar
3553 584 3651 636 ha-

2066 670 2285 723 bentem
2343 670 2568 738 indicio,
2610 673 2657 728 si
2690 674 2745 728 in
2773 675 3025 737 quemvis
3060 688 3091 729 e
3137 674 3441 738 majoribus
3480 666 3653 730 libi-re

2066 760 2331 816 insultare
2374 764 2587 820 liceret.
2627 765 2944 821 Demetrius
2984 783 3155 837 porro
3193 765 3484 820 Turnicius
3510 767 3657 818 insn-

2062 851 2289 908 leutiam
2336 871 2447 911 non
2495 857 2677 914 ferens
2704 876 2722 911 :
2748 858 2892 926 Quid
2940 860 3045 915 hoc
3096 860 3197 921 rei,
3227 858 3427 928 inquit,
3458 858 3525 911 ad
3562 858 3657 911 de-

2070 945 2392 1000 mocratiam
2443 964 2514 1003 ne
2542 948 2849 1004 Romanum
2890 950 3186 1020 imperium
3220 950 3557 1019 redigemus.
3597 957 3655 1004 ut

2067 1034 2367 1105 unicuique
2412 1035 2493 1091 fas
2543 1039 2616 1093 sit
2643 1040 2952 1102 consulere,
2981 1056 3043 1095 ac
3074 1039 3261 1094 dicere
3294 1056 3391 1108 pro
3423 1038 3653 1093 libidine

2067 1141 2223 1193 atque
2256 1126 2310 1180 in
2337 1129 2706 1197 gravioribus,
2734 1141 2792 1186 ut
2829 1131 2883 1185 in
2918 1134 3220 1188 levioribus
3246 1142 3300 1186 et
3333 1132 3655 1202 prudentia-

2066 1216 2223 1270 rihus
2262 1233 2363 1273 sua
2417 1219 2639 1315 decreta
2680 1225 3017 1294 approbandi
3062 1226 3442 1280 necessitatem
3478 1225 3658 1295 impo-

2067 1308 2241 1362 nere?
2266 1308 2407 1375 Quid
2438 1308 2656 1366 tandém
2683 1312 2788 1367 hoc
2811 1315 3067 1370 stolidius
3099 1316 3217 1371 fieri
3258 1316 3463 1386 queat?
3484 1314 3655 1371 Cmn-

2066 1413 2175 1468 que
2223 1401 2335 1470 jam
2393 1402 2538 1459 inter
2572 1419 2631 1459 se
2655 1405 2924 1466 ,altercari
2967 1408 3296 1479 inciperent,
3334 1410 3656 1479 imperatrix

2068 1506 2126 1545 se
2181 1491 2564 1563 interponens,
2624 1512 2721 1553 eos
2776 1498 3062 1563 cohibuit;
3098 1499 3334 1564 hortata,
3365 1510 3425 1554 ut
3469 1501 3659 1554 istim-

2069 1580 2217 1635 modi
2269 1585 2619 1641 sermonibus
2672 1587 2867 1644 alienis
2900 1589 3161 1655 omissis,
3206 1589 3275 1645 de
3330 1589 3657 1645 necessariis

2073 1670 2436 1732 dissererent.
2468 1676 2694 1746 Magnus
2725 1670 3067 1735 demestieus
3094 1680 3339 1735 dolorem
3361 1680 3654 1743 stomachi,

377 1782 425 1832 εἰ
476 1782 642 1835 πᾶσιν
677 1782 896 1847 ἐξέσται
942 1784 1057 1844 τοῖς
1092 1782 1304 1853 μείζοσι
1348 1778 1718 1852 προσκρούειν
1757 1777 1960 1839 ἀδεῶς.

2067 1773 2123 1818 et
2158 1766 2395 1821 tormina
2427 1769 2715 1837 simulare,
2745 1772 3043 1843 silereque,
3074 1788 3142 1828 ac
3180 1772 3225 1828 si
3258 1773 3540 1828 cruciatus
3567 1773 3657 1826 ille.

378 1869 653 1942 Τορνίκης
683 1870 1092 1943 διε-Δημήτριος
1131 1872 1230 1924 οὐκ
1269 1872 1511 1937 ἐνεγκὼν
1545 1872 1645 1940 τὴν
1701 1869 1958 1922 ἀτοπίαν.

378 1956 444 2007 Τί
482 1952 600 2017 οῦν,
631 1953 777 2020 εἷπε,
802 1957 1186 2026 δημοκρατίαν
1216 1957 1321 2027 χρὴ
1347 1959 1524 2009 ποιεῖν
1553 1955 1962 2025 τὴνῬωμαὶων

384 2047 695 2117 βασιλείαν,
736 2048 805 2101 ἶν’
834 2048 928 2120 ἐξῇ
970 2051 1134 2103 παντὶ
1164 2049 1242 2120 τῷ
1272 2048 1631 2119 βουλεύεσθαι
1666 2050 1761 2102 καὶ
1777 2048 1963 2116 λέγειν

383 2139 517 2192 ἀττα
569 2140 638 2194 ἂν
691 2141 822 2212 δοκῇ
862 2142 970 2195 ’καὶ
1013 2144 1146 2212 περὶ
1193 2141 1462 2212 μειζόνων
1511 2141 1604 2194 καὶ
1660 2139 1962 2194 ἐλαττόνων

386 2232 751 2305 πραγμάτων,
786 2236 897 2288 καὶ“
915 2235 1168 2305 ἀνάγκην
1197 2234 1554 2307 προστιθέναι
1585 2237 1695 2297 τοῖς
1728 2233 1963 2303 βελτίοσι

389 2325 628 2396 στέργειν
685 2326 754 2379 τὰ
802 2316 1189 2398 ἑψηςέισμένας
1246 2329 1343 2381 καὶ
1395 2328 1587 2403 ποίαν,
1620 2327 1856 2391 ἀτοπίας
1898 2325 1964 2379 ἂν

385 2419 695 2491 ὑπερϐολὴν
726 2419 936 2474 ἐλλίποι
969 2420 1029 2473 τὸ
1059 2420 1304 2476 τοιοῦτον
1333 2436 1348 2451 ⁶
1380 2421 1739 2492 ὡρμημένων
1774 2437 1834 2474 τε
1860 2420 1965 2491 ήδη

381 2512 647 2582 περὶτῶν
680 2513 947 2567 τοιούτων
987 2514 1242 2586 ἀλλήλοις
1272 2515 1602 2583 ἀντιλέγειν,
1651 2514 1886 2584 ἐπέσχεν
1928 2515 1964 2583 ἡ

378 2606 621 2678 βασιλὶς,
646 2607 756 2662 τῶν
795 2609 1043 2678 ἀκαίρων
1074 2609 1415 2680 ἀποσχέσθαι
1454 2607 1755 2662 κελεύουσα
1788 2607 1965 2676 λόγων

380 2703 609 2755 τουτωνὶ
638 2706 736 2757 καὶ
769 2704 1093 2772 ἀναγκαίων
1129 2705 1259 2774 πέρι
1291 2702 1664 2769 διαλέγεσθαι.
1692 2703 1754 2755 ’0
1790 2701 1965 2772 μέγας

382 2793 440 2846 δὲ
467 2793 791 2861 δομέστικος
823 2794 1274 2865 ὑποκρινάμενος
1302 2793 1395 2847 τὸν
1428 2794 1703 2864 στόμαχον
1751 2793 1966 2861 ἀλγεῖν,

388 2886 615 2941 ἔπλαττε
646 2886 770 2941 τότε
800 2869 1136 2958 στρέφεσθαι
1180 2889 1250 2941 τά
1288 2888 1463 2953 ἔνδον,
1490 2888 1587 2941 καὶ
1623 2884 1838 2940 ἐσιώπα
1890 2887 1968 2948 ὡς

400 2978 531 3048 μηδέ
566 2978 901 3048 φθέγγεσθαι
926 2977 1227 3049 δυνάμενος
1251 2976 1357 3031 ὑπὸ
1384 2974 1805 3046 τῆς-,ἀλγηδόνος
1856 2988 1870 3003 ·
1915 2975 1965 3027 oi

387 3070 462 3133 δὲ,
489 3071 743 3135 ἀτάκτως
778 3069 1100 3140 ἐθορύϐουν,
1154 3068 1391 3133 ἕκαστος
1422 3069 1483 3122 τὸ
1520 3068 1967 3139 προσιστάμενον

2066 1855 2172 1910 sibi
2227 1873 2415 1913 vocem
2458 1861 2720 1931 eriperet.
2770 1864 2850 1918 llli
2896 1864 3225 1920 immodeste
3275 1874 3528 1920 mutuum
3562 1866 3660 1919 oh-

2067 1959 2340 2020 strepere,
2390 1952 2519 2008 dum
2548 1956 2782 2026 quisque
2823 1958 3173 2028 propositum
3209 1958 3539 2014 confirmare
3575 1959 3660 2013 ni-

2066 2039 2223 2096 titur.
2283 2042 2448 2115 355l
2496 2044 2732 2113 Quidam
2766 2049 2914 2103 enim
2944 2050 3259 2105 Sismanum
3292 2051 3521 2106 [tertiani
3556 2052 3657 2105 im-

2066 2133 2205 2201 perii
2255 2137 2559 2206 supplicem
2616 2143 3099 2207 conservandum,
3153 2158 3263 2198 non
3312 2144 3654 2213 prodendam

2067 2227 2393 2282 asserebant
2418 2246 2433 2284 :
2457 2231 2675 2287 etiamsi
2701 2233 2824 2303 ejus
2848 2249 3012 2291 causa
3034 2236 3319 2307 quippiam
3346 2238 3539 2294 durius
3562 2256 3659 2309 pa-

2072 2317 2321 2373 tiendum
2350 2321 2514 2378 foret.
2547 2324 2658 2380 Alii
2683 2326 2857 2397 magis
2888 2320 3193 2397 regionem,
3217 2337 3272 2384 et
3292 2331 3517 2401 propria
3541 2347 3659 2386 ser-

2068 2411 2243 2466 vanda
2277 2415 2613 2486 tuendaquc,
2638 2434 2739 2474 nec
2766 2431 2995 2490 propter
3018 2421 3308 2492 fugitivum
3342 2422 3642 2478 Barbarum

2068 2502 2124 2556 in
2156 2505 2385 2574 pnevisa
2413 2510 2662 2578 pericula
2686 2520 2883 2580 sponte
2907 2512 3333 2569 incurrendum.
3357 2515 3456 2569 His
3483 2526 3650 2585 atque

2069 2594 2346 2654 similibus
2371 2601 2552 2657 verbis
2575 2613 2982 2668 eoneertautes,
3011 2605 3274 2674 palatium
3310 2608 3652 2664 clamoribus

2070 2693 2396 2763 implebant,
2420 2692 2636 2749 cunctis
2664 2693 2733 2749 ad
2752 2709 3105 2752 communem
3128 2698 3421 2755 utilitatem
3437 2710 3659 2754 senten-

2073 2784 2196 2849 tias,
2232 2796 2286 2839 et
2313 2786 2512 2855 placita
2546 2801 2646 2841 sua
2671 2785 2727 2840 in
2755 2786 3001 2842 medium
3032 2788 3230 2844 afferre
3254 2793 3657 2860 satagentibus.

2068 2874 2318 2946 Cumque
2340 2879 2740 2934 sententiarum
2771 2880 3054 2934 contentio
3089 2881 3519 2950 ingravesceret.
3548 2900 3613 2953 pa
3635 2914 3650 2925 ο

2071 2968 2314 3024 triarcha
2348 2970 2507 3040 quasi
2538 2971 2800 3026 nimirum
2826 2971 3014 3027 nescio
3042 2973 3174 3043 quid
3201 2989 3452 3045 magnum
3477 2987 3533 3030 et
3557 2979 3656 3032 ad-

2072 3061 2324 3117 mirabile
2335 3063 2722 3119 consulturus:
2748 3064 2863 3119 Mea
2878 3065 3163 3134 opinione,
3183 3066 3382 3137 inquit,
3400 3069 3659 3126 Sismano

389 3161 709 3231 βουλόμενος
738 3162 964 3233 κυροῦν.
992 3162 1057 3216 Οί
1091 3162 1189 3233 μὲν
1210 3161 1319 3233 γὰρ
1341 3161 1530 3230 ἔλεγον
1555 3161 1668 3217 δεῖν
1692 3161 1964 3229 Σίσμανον

2071 3153 2128 3208 in
2149 3153 2323 3209 aedem
2359 3153 2579 3225 Sophia:
2610 3156 3093 3228 transfugiendum
3114 3169 3226 3228 est;
3252 3176 3414 3231 quam
3438 3178 3563 3219 eum
3587 3166 3658 3222 ab

384 3253 694 3321 διασώζειν,
730 3255 920 3325 ἱκέτην
952 3255 1060 3326 τῆς
1105 3254 1394 3325 Ῥωμαίων
1427 3253 1705 3325 βασιλείας
1735 3269 1965 3323 γεγενη-

391 3349 571 3417 μένον,
609 3349 704 3402 καὶ
756 3348 832 3421 μὴ
889 3348 1378 3418 καταπροδιδὸναι,
1427 3349 1478 3402 εί
1518 3347 1603 3401 δεῖ
1642 3364 1696 3402 τι
1742 3345 1838 3401 καὶ
1860 3345 1989 3399 τῶν·

385 3442 667 3514 δυσχερῶν
721 3446 1020 3515 ὑπομένειν
1062 3446 1131 3499 δι’
1164 3445 1352 3501 αὐτόν.
1405 3446 1466 3499 Oi
1515 3444 1595 3508 δὲ,
1644 3444 1746 3516 τὴν
1777 3444 1968 3515 χῴραν

346 3606 351 3613 ,
388 3535 589 3605 μᾶλλον
636 3536 732 3589 καὶ
762 3534 832 3591 τὰ
867 3536 1045 3589 οίκεῖα
1091 3536 1404 3601 διασώζειν,
1439 3534 1534 3589 καὶ
1577 3534 1654 3605 μὴ
1687 3532 1967 3604 βαρϐάρου
2010 3594 2029 3611 η

382 3624 551 3683 ἕνεκα
603 3629 847 3698 φυγάδος
898 3630 980 3693 είς
1032 3628 1318 3699 προῦπτον
1370 3628 1619 3683 κίνδυνον
1670 3625 1967 3694 ἐμϐάλλειν

386 3717 529 3784 σφᾶς
580 3716 809 3776 αὐτούς’
863 3716 957 3771 καὶ
994 3716 1220 3771 τοιαῦτα
1273 3716 1437 3785 ἕτερα
1478 3714 1770 3782 ἀντέλεγον
1829 3712 1969 3782 πρὸς

384 3807 675 3878 ἀλλήλους,
722 3808 820 3863 καὶ
856 3808 990 3881 βοῆς
1019 3808 1091 3863 τὰ
1137 3808 1388 3879 βασίλεια
1418 3807 1713 3879 ἐπλήρουν,
1746 3804 1967 3859 πάντων

383 3898 685 3963 ἐθελόντων
712 3899 941 3971 γνώμας
972 3901 1067 3954 καὶ
1098 3900 1434 3971 ψηφίσματα
1466 3899 1778 3971 προτείνειν
1822 3897 1967 3968 ὑπὲρ

384 3990 494 4043 τῶν
525 3994 675 4063 κοινῇ
709 3991 1156 4047 λυσιτελούντων.
1192 3992 1279 4057 Ὧς
1297 3993 1355 4047 δὲ
1384 3991 1700 4063 ἐπιπλέονή
1736 3990 1969 4061 φιλονει-

387 4083 480 4138 κία
507 4084 865 4154 παρετείνετο
885 4086 978 4138 καὶ
1006 4085 1332 4156 ἀσύμφωνοι
1365 4087 1485 4149 ταῖς
1519 4083 1769 4154 γνώμαις
1795 4079 1962 4155 ἦσαν,

385 4177 414 4230 δ
447 4176 799 4248 πατριάρχης
834 4179 911 4241 ὼς
944 4177 1068 4247 δήτι
1101 4179 1245 4247 μέγα
1290 4178 1386 4232 καὶ
1433 4177 1742 4248 θαυμάσιον
1773 4176 1966 4248 βεϐου-

383 4269 666 4340 λευμένος,
715 4270 875 4338 Ἐμοὶ⁵
933 4271 1137 4335 δοκεῖν,
1197 4270 1326 4340 ἔφη,
1362 4270 1635 4340 Σίσμανον
1691 4271 1831 4339 πρὸς
1873 4270 1965 4321 τὸν

382 4361 482 4431 τῆς
516 4360 611 4414 τοῦ
649 4360 788 4414 Θεοῦ
825 4360 1027 4430 Σοφίας
1072 4360 1213 4416 νεὼν
1251 4365 1596 4431 καταφυγεῖν
1619 4378 1632 4392 ο
1676 4359 1874 4430 ἀσυλίᾳ
1908 4360 1965 4412 δὲ

383 4452 553 4507 αὑτοῦ
581 4453 947 4524 τετιμημένου
984 4453 1088 4506 ὑπὸ
1114 4454 1332 4508 πάντων
1364 4454 1482 4506 ὅσοι
1518 4453 1808 4521 Ῥωμαίων
1837 4451 1964 4504 ἐϐα-

386 4544 662 4612 σίλευσαν,
701 4544 905 4609 ἐξεῖναι
936 4546 1034 4598 καὶ
1095 4547 1226 4616 ἡμῖν
1257 4545 1622 4615 εὐπρόσωπον
1658 4545 1962 4612 ἀπολογία]

385 4638 526 4706 πρὸς
554 4639 680 4700 τοὺς
720 4636 1073 4708 Ἀλεξάνδρου
1122 4637 1312 4691 θέσθαι
1340 4636 1711 4708 πρεσϐευτὰς,
1741 4637 1817 4699 ὼς
1862 4638 1964 4689 οὐκ

383 4726 504 4793 ἐξὸν
536 4724 967 4788 ἀποσπάσαντας
1016 4727 1109 4779 τὸν
1145 4725 1332 4795 ίκέτην
1372 4725 1469 4778 τοῦ
1499 4724 1638 4779 Θεοῦ
1672 4726 1966 4794 παραδιδύ-

384 4832 475 4869 ναι
500 4816 636 4886 πρὸς
673 4815 894 4884 σφαγήν
919 4830 934 4844 ⁸
975 4815 1216 4885 μάλιστα
1244 4817 1465 4869 πάντων
1494 4816 1657 4868 τοῦτο
1685 4818 1816 4884 ἄγος
1841 4817 1965 4869 ἐνα-

384 4908 650 4979 γέστατον
669 4909 765 4962 καί
794 4907 949 4979 παρὰ
973 4908 1085 4961 τῶν
1116 4909 1285 4963 πάλαι
1316 4908 1539 4963 καὶτῶν
1562 4910 1657 4963 νῦν
1676 4909 1964 4979 Ῥωμαίων

384 4975 766 5069 νομιζόμενον.
824 4975 890 5055 Οί
950 5002 1049 5072 μὲν
1099 5001 1194 5055 οὖν
1255 5003 1442 5057 πολλοὶ
1486 5004 1596 5057 τῶν
1649 4975 1961 5073 παρέντων,

386 5092 703 5157 ἐξεθείασαν
733 5095 833 5163 τὴν
857 5091 1054 5164 βουλὴν
1075 5095 1150 5158 ὡς
1177 5095 1408 5165 ἀρίστην
1431 5098 1524 5151 καὶ
1556 5101 1960 5168 συνετωτάτην,

385 5184 478 5232 καὶ
508 5180 814 5251 δυναμένην
845 5181 1084 5251 μάλιστα
1119 5181 1440 5253 ἀπράκτους
1477 5184 1806 5254 ἀποπέμψαι
1834 5188 1962 5249 τοὺς

399 5268 749 5342 Ἀλεξάνδρου
793 5270 1159 5340 πρεσϐευτὰς,
1196 5273 1541 5344 συνορῶντας
1578 5275 1680 5344 ἤδη
1735 5276 1830 5329 καὶ
1863 5277 1965 5328 αὑ-

388 5364 508 5424 τοὺς
536 5363 635 5434 τὴν
668 5363 763 5416 τοῦ
810 5365 1140 5435 πράγματος
1181 5366 1453 5436 ἀνάγκην.
1483 5366 1589 5418 Τοῦ
1631 5368 1873 5434 μεγάλου
1906 5368 1963 5419 δὲ

383 5450 706 5520 δομεστίκου
748 5454 1127 5524 φθεγγομένου
1183 5459 1374 5527 μηδὲν,
1422 5459 1455 5527 ἡ
1507 5456 1719 5526 βασιλὶς
1768 5458 1961 5528 πρῶτα

385 5544 485 5609 μὲν
517 5548 907 5617 κατεμέμφετο
934 5551 1035 5620 τὴν
1067 5552 1329 5621 ἀκαιρὶαν
1357 5551 1457 5619 τῆς
1485 5555 1641 5605 νόσου
1674 5552 1761 5619 ἐφ’
1789 5550 1962 5616 οὕτως

382 5640 684 5706 ἀναγκαῗου
730 5643 927 5713 καιροῦ
969 5644 1065 5697 καὶ
1110 5644 1372 5713 δεομένου
1406 5644 1606 5715 βουλῆς
1658 5648 1963 5715 γεγενημέ-

383 5748 483 5799 νην
507 5747 520 5762 ·
550 5731 740 5786 ἔπειτα
764 5734 819 5786 δὲ
842 5735 996 5803 ἔλεγε
1025 5736 1164 5804 πρὸς
1191 5736 1376 5796 αὐτὸν,
1396 5738 1471 5799 ὡς
1495 5739 1543 5789 εί
1582 5739 1682 5806 μὲν
1703 5740 1797 5791 καὶ
1816 5739 1963 5809 αὐτῷ

384 5819 443 5877 εὖ
477 5824 622 5894 ἔχειν
668 5827 700 5894 ἡ
744 5827 840 5880 τοῦ
874 5829 1217 5898 πατριάρχου
1250 5830 1397 5881 δοκεῖ
1439 5829 1627 5903 βουλὴ,
1675 5830 1865 5903 ὥσπερ
1896 5835 1960 5905 δὴ

667 5920 941 5981 Ροιτιιωιι.
972 5926 1014 5981 U
1031 5943 1085 5982 ιι..
1133 5924 1242 5984 CLi
1257 5925 1331 5984 ll.

2072 3246 2331 3303 omnibus
2350 3247 2780 3318 imperatoribus
2796 3251 2930 3322 asyli
2942 3250 3068 3321 jure
3082 3254 3405 3309 honoratam
3420 3268 3656 3324 constet,

2073 3338 2260 3395 licebit
2291 3350 2348 3394 et
2372 3339 2536 3396 nobis
2559 3341 2855 3397 honestum
2880 3342 3178 3401 Alexandri
3206 3346 3399 3419 legatis
3422 3366 3655 3422 respon-

2071 3448 2193 3487 sum
2222 3432 2494 3500 reddere;
2525 3433 2674 3489 nel‘as
2692 3433 2861 3492 fuisse
2894 3436 3056 3494 nobis
3073 3438 3169 3493 Dei
3195 3441 3501 3510 supplicem
3532 3445 3659 3501 abs-

2072 3526 2312 3591 trahere,
2339 3536 2395 3582 et
2420 3526 2543 3582 aliis
2586 3526 3031 3585 interﬁciendum
3080 3530 3404 3601 transdere;
3436 3538 3658 3605 quando

2070 3616 2127 3670 id
2145 3618 2199 3671 in
2224 3618 2432 3673 scelere
2445 3618 2692 3674 omnium
2720 3619 3097 3691 impurissimo
3114 3638 3144 3678 a
3161 3624 3426 3683 Romanis
3439 3643 3658 3701 semper

2069 3722 2423 3764 numeratum
2472 3710 2564 3766 sit.
2610 3711 2768 3766 Multi
2824 3714 2993 3786 igitur
3024 3727 3331 3786 praesentes
3357 3722 3653 3779 consilium

2070 3802 2176 3857 hoc
2231 3804 2283 3857 in
2330 3804 2531 3859 caelum
2580 3806 2857 3872 ferebant,
2899 3809 3282 3881 optimumque
3307 3828 3372 3869 ac
3407 3816 3657 3884 pruden-

2071 3895 2372 3981 tissimum,
2419 3907 2475 3953 et
2506 3898 2573 3953 ad
2605 3901 2817 3980 legatos
2841 3902 3136 3961 Alexandri
3169 3906 3253 3977 (ut
3278 3908 3373 3978 qui
3402 3912 3513 3979 jam
3548 3911 3654 3981 ipsi

2067 4003 2296 4059 quoque
2336 3993 2700 4049 recusationis
2732 3997 3195 4053 necessitudinem
3227 4002 3654 4075 perspicerent),

2069 4100 2129 4139 re
2174 4082 2495 4154 imperfecta
2547 4083 2905 4142 dimittendos
2937 4087 3097 4157 longe
3119 4094 3649 4160 opportunissimmn

2063 4174 2407 4245 judicabant.
2468 4173 2710 4229 Tacente
2763 4193 2960 4246 magno
2999 4178 3345 4249 domestico,
3404 4188 3651 4256 Augusta

2069 4265 2306 4334 primum
2334 4264 2403 4319 de
2435 4266 2608 4321 morbi
2638 4266 2761 4334 ejus
2791 4267 3229 4337 importunitate,
3255 4284 3501 4346 tempore
3538 4288 3648 4334 tam

2070 4358 2297 4428 ancipiti
2328 4370 2384 4413 et
2418 4359 2651 4414 consilio
2670 4369 2889 4430 egente,
2933 4365 3288 4432 querebatur.
3319 4367 3524 4426 Deinde
3555 4374 3654 4427 ad-

1995 4488 2039 4543 Β
2073 4454 2352 4518 monebat,
2398 4452 2443 4508 si
2472 4453 2713 4522 placeret
2737 4455 2789 4510 ei
2815 4457 3147 4543 patriarchae
3175 4461 3341 4527 ratio,
3369 4468 3649 4533 quomodo

2072 4546 2195 4599 aliis
2241 4561 2305 4600 ac
2346 4546 2449 4601 sibi
2485 4546 2809 4616 placuisset,
2831 4548 2987 4604 vultu
3020 4536 3315 4619 annueret,
3362 4565 3529 4625 atque
3551 4561 3646 4627 ,ita

2068 4637 2218 4692 dicta
2244 4637 2624 4702 conlirmaret,
2655 4651 2711 4695 et
2735 4642 3129 4698 consultationi
3150 4644 3316 4700 ﬁnem
3342 4647 3522 4706 daret.
3553 4651 3649 4707 Sin

2067 4730 2199 4798 quid
2241 4730 2390 4785 aliud
2440 4731 2641 4785 melius
2683 4741 2738 4787 et
2783 4735 2977 4788 utilius
3023 4734 3276 4804 haberet,
3311 4754 3371 4795 se
3413 4741 3469 4795 in
3508 4759 3652 4813 pra:-

2066 4824 2243 4879 sentia
2300 4835 2527 4895 prepter
2553 4828 2674 4896 ejus
2711 4829 3070 4887 tentationem
3103 4835 3445 4891 valetudinis
3469 4842 3651 4895 consi—

2064 4914 2200 4968 lium
2255 4916 2648 4976 dimissuram,
2698 4920 2787 4972 ubi
2842 4931 2905 4975 se
2951 4936 3019 4976 ex
3071 4922 3162 4977 illa
3204 4939 3542 4994 recreasset,
3579 4933 3648 4986 de

2062 4998 2261 5061 "'sdem
2302 5009 2485 5063 denuo
2526 5022 2769 5065 acturus.
2818 5012 3165 5069 Domestieus
3193 5019 3417 5086 paulum
3444 5037 3504 5076 se
3536 5025 3653 5078 col-

2054 5097 2259 5168 ligens,
2299 5099 2574 5155 Videmini
2620 5104 2780 5169 mihi,
2824 5105 2922 5169 ait,
2957 5120 3067 5160 non
3096 5114 3433 5179 respondere
3464 5115 3530 5179 ad
3557 5133 3645 5181 ea,

2065 5193 2132 5244 de
2180 5192 2383 5260 quibus
2438 5207 2661 5248 ventum
2718 5206 2803 5251 est
2857 5200 2910 5251 in
2958 5201 3277 5258 consilium.
3340 5204 3457 5261 Non
3498 5210 3646 5263 enim
3708 5258 3713 5261 _

2069 5298 2214 5337 nunc
2252 5284 2320 5337 de
2350 5288 2699 5342 sermonibus
2732 5289 2960 5345 honesta
2992 5295 3178 5360 specie
3219 5298 3473 5353 confictis
3496 5316 3648 5369 qua-

2068 5374 2208 5429 ritur
2258 5393 2271 5427 :
2323 5378 2416 5430 sed
2470 5394 2599 5431 num
2651 5397 2775 5449 qua:
2806 5383 3116 5440 Alexander
3147 5389 3406 5456 postulat,
3448 5408 3648 5447 conce-

2065 5467 2265 5526 denda.
2317 5484 2383 5522 an
2412 5472 2593 5538 potius
2620 5474 2790 5527 armis
2831 5491 2960 5529 cum
2981 5492 3050 5531 eo
3090 5480 3516 5551 depugnandum
3551 5488 3647 5538 sit.

2069 5562 2174 5614 \‘os
2218 5572 2423 5623 autem.
2456 5565 2769 5632 posthabita
2810 5572 3236 5627 consultationis
3284 5578 3533 5641 materia,
3578 5580 3647 5633 de

2061 5654 2223 5720 jure,
2273 5654 2654 5725 institutisque
2719 5658 3092 5715 Roiiianorum
3130 5663 3470 5734 disputatis:
3514 5686 3644 5739 per-

2068 5744 2194 5799 inde
2240 5761 2304 5799 ac
2355 5747 2399 5800 si
2429 5757 2613 5817 esset,
2665 5751 2759 5817 qui
2808 5753 3178 5807 Alexandrum
3246 5768 3425 5825 posset
3475 5761 3639 5815 etiam

2067 5852 2267 5905 cogere
2320 5837 2386 5890 ad
2433 5839 2929 5910 obteiupcrandum
2983 5845 3355 5902 Romanorum
3408 5851 3639 5919 legibus.

3285 5940 3361 5998 :23
