4060 6418
398 375 505 437 715

1569 377 1916 445 lJOANNIS
1954 381 2482 442 CANTACUZENI

3559 380 3665 447 716

396 514 498 592 Qui
525 513 667 567 dicet
697 513 924 570 fortasse
953 534 966 570 :
992 515 1109 571 Non
1136 515 1297 581 mihi,
1328 514 1418 569 sed
1450 514 1710 569 Romanis
1734 514 1816 566 ha:
1837 512 1967 583 leget

2089 494 2179 545 καὶ
2232 494 2342 556 τοῖς
2398 493 2581 556 ἄλλοις
2634 492 2876 559 συνέδοξε
2910 496 3004 547 καὶ
3056 492 3211 563 αὐτῇ,
3248 493 3537 548 ἐπινεῦσαι
3588 498 3665 559 ὡς

399 604 868 672 ριτυεοιίιιιιιιιυη
896 623 995 677 ego
1017 606 1177 662 unam
1198 608 1339 662 hanc
1359 606 1532 676 legem
1555 621 1813 677 agnosco,
1831 606 1980 659 omni

401 698 617 750 ratione
646 712 763 751 mea
784 699 1071 753 commoda
1096 698 1349 769 persequi
1377 698 1510 768 (9‘2).
1531 697 1854 768 Quanquam
1884 714 1983 751 au-

402 802 511 839 tem
534 788 686 842 vobis
701 789 755 843 in
776 791 946 845 sacris
964 791 1128 862 asylis
1148 790 1461 845 Sismanum
1481 789 1980 854 licetabs‘conderc,

399 879 565 933 nrbes
598 888 802 945 tamen,
829 890 882 936 et
905 881 1126 937 castella
1152 880 1205 934 in
1233 881 1298 933 iis
1319 878 1657 935 abscondere
1684 895 1793 932 non
1816 880 1977 944 licet;

397 986 578 1039 neque
610 981 855 1027 armenta
889 973 1060 1027 boum
1092 982 1147 1027 ct
1180 988 1371 1042 greges
1405 972 1614 1036 ovium,
1643 982 1979 1040 caeterasqne

396 1062 452 1115 in
504 1062 648 1131 agris
686 1063 1012 1129 facultates,
1057 1062 1218 1135 355
1260 1079 1326 1119 ex
1373 1065 1577 1134 quibus
1624 1065 1757 1117 mihi
1789 1079 1979 1134 pt‘enas

395 1152 616 1221 injuriae
657 1156 1005 1224 persolvetis.
1039 1156 1157 1210 lluc
1204 1156 1409 1223 itaque,
1446 1171 1555 1209 non
1604 1156 1668 1211 ad
1702 1157 1980 1226 speciosas

394 1244 639 1299 rationes
684 1246 1149 1303 accommodanda
1196 1256 1279 1300 est
1307 1248 1462 1302 vobis
1486 1247 1832 1302 deliberatio.
1865 1246 1979 1317 Ego

393 1351 527 1389 vero
571 1353 764 1404 parum
814 1339 992 1402 abest,
1046 1339 1182 1407 quin
1229 1338 1497 1407 mcipsum
1563 1353 1849 1399 accusem,
1882 1338 1974 1407 qui

393 1427 582 1481 nescio
628 1429 907 1497 quomodo
950 1430 1017 1483 ad
1064 1430 1183 1484 haec
1236 1429 1468 1485 dicenda
1508 1431 1797 1499 prolapsus
1831 1444 1972 1483 sum.

395 1520 614 1572 Dictum
637 1529 721 1574 est
744 1519 891 1574 enim
917 1521 984 1575 ab
1016 1520 1193 1582 initio,
1213 1532 1267 1575 et
1294 1530 1468 1575 ratum
1500 1521 1568 1575 ab
1597 1521 1854 1575 omnibus
1876 1522 1974 1575 ha-

392 1608 567 1661 bitum
596 1614 780 1679 (nemo
809 1609 1078 1679 siquidem
1098 1610 1428 1666 contradixit
1454 1614 1726 1680 prorsus),
1749 1611 1793 1665 si
1840 1611 1973 1681 quid

391 1708 671 1768 postremo
704 1700 1007 1756 revelatum
1045 1702 1136 1766 sit,
1169 1710 1229 1754 nt
1254 1703 1467 1771 primus
1498 1710 1693 1757 taceat.
1724 1683 1889 1771 Atqui
1922 1701 1966 1757 si

392 1806 503 1844 non
560 1792 707 1845 inter
751 1801 1060 1862 postremos
1114 1792 1402 1859 collocato,
1442 1793 1543 1848 sed
1593 1803 1649 1847 ct
1681 1794 1878 1862 primo,
1918 1801 1973 1848 et

395 1885 565 1937 curiae
599 1870 758 1952 lon'ge
808 1882 1044 1953 principi
1075 1883 1168 1939 tali
1206 1885 1319 1938 visa
1357 1885 1486 1949 sint,
1515 1893 1571 1939 et
1604 1901 1632 1938 a
1663 1885 1815 1939 vobis
1848 1887 1973 1940 uni~

389 1976 570 2029 versis
607 1974 932 2030 conﬁrmata
968 1992 1064 2045 pro
1097 1977 1348 2041 utilibus,
1396 1992 1495 2047 par
1522 1988 1605 2031 est
1636 1978 1811 2047 ipsum
1840 1993 1976 2048 quo-

391 2080 497 2134 que
532 2068 658 2122 boni
696 2068 1007 2134 consulere,
1034 2077 1090 2123 et
1121 2068 1264 2123 ultra
1292 2069 1429 2122 nihil
1463 2070 1681 2124 curiose
1709 2085 1966 2139 perscru-

390 2158 517 2212 tari.
561 2158 663 2214 Hic
701 2175 825 2215 cum
862 2160 1182 2230 imperatrix
1209 2176 1335 2215 eum
1373 2161 1438 2215 ad
1477 2177 1639 2231 porro
1675 2161 1971 2217 dicendum

388 2248 609 2302 enixius
643 2250 970 2319 impelleret,
1006 2264 1069 2305 ac
1099 2259 1440 2321 perurgeret,
1476 2251 1587 2306 Nec.
1617 2252 1739 2317 ista,
1769 2252 1970 2322 inquit,

388 2341 607 2395 tametsi
645 2357 841 2410 pauca,
876 2341 1054 2397 libens
1078 2342 1301 2411 protuli.
1338 2342 1475 2397 Tum
1510 2343 1823 2412 patriarcha
1854 2343 1972 2398 haec

387 2444 518 2482 vera
567 2430 851 2494 sentiens,
898 2432 1083 2488 statim
1130 2412 1197 2485 ἰιι
1248 2445 1306 2485 se
1349 2431 1509 2500 culpa
1538 2432 1972 2502 Iiberarct:Ego

391 2520 625 2589 primus,
684 2521 881 2590 inquit,
942 2522 1107 2576 etiam
1136 2521 1251 2590 ipse
1284 2521 1479 2585 fateor,
1509 2524 1968 2578 consultationem

391 2620 638 2666 nostram
670 2610 810 2666 nihil
840 2612 906 2666 ad
936 2627 1000 2667 ea
1027 2611 1229 2675 facere,
1250 2629 1372 2681 qua:
1405 2614 1459 2667 in
1487 2614 1846 2683 quaestionem
1874 2616 1968 2669 ad-

388 2703 693 2757 ducuntur.
731 2701 849 2757 Non
884 2703 1031 2757 enim
1064 2703 1435 2759 Alexandrum
1466 2714 1808 2769 curaturum,
1844 2720 1967 2759 cum

388 2794 625 2856 ratione,
669 2810 737 2847 an
784 2809 946 2849 secus
974 2797 1045 2861 ,ei
1092 2798 1491 2866 respondeatur
1522 2817 1534 2850 :
1562 2797 1654 2851 sed
1693 2798 1968 2866 quomodo

388 2882 456 2932 ab
511 2880 669 2934 initio
702 2880 807 2936 sibi
840 2883 1117 2952 proposita
1143 2885 1209 2938 ad
1238 2883 1399 2938 tinem
1440 2885 1728 2955 perducat.
1764 2887 1806 2939 si
1847 2902 1970 2956 pos-

387 2972 478 3024 sit.
509 2970 776 3038 Quocirca
812 2982 869 3025 et
898 2973 1015 3055 ipse
1044 2988 1152 3028 non
1184 2973 1251 3029 de
1277 2976 1479 3035 verbis.
1512 2977 1604 3030 sed
1638 2976 1705 3031 de
1736 2978 1828 3031 illo
1857 2978 1967 3031 alio

386 3065 613 3118 consilia
664 3063 922 3135 agitanda
971 3066 1172 3119 sentio.
1224 3065 1362 3120 Aliis
1411 3065 1672 3123 omnibus
1713 3068 1965 3138 protinus

2088 582 2266 645 καλῶς
2308 583 2490 653 ἔχουσι
2516 586 2629 647 τοῖς
2668 584 3005 654 λεγομένοις,
3038 588 3132 638 καὶ
3166 585 3326 639 τοῦτο
3377 586 3664 639 ἐπιθέσθαι

2086 673 2257 741 πέρας
2290 675 2354 743 τῇ
2394 673 2577 742 βουλῇ.
2608 673 2668 724 Εἰ
2700 674 2754 724 δέ
2782 691 2834 725 τι
2884 672 3092 740 βέλτιον
3142 673 3293 743 αὐτῷ
3331 672 3426 725 καὶ
3451 675 3664 724 λυσιτε-

2084 766 2339 836 λέστερον
2394 764 2582 835 ἕτερον
2638 766 2804 827 δοκεῖ,
2841 766 2903 818 τὸ
2954 764 3050 818 νῦν
3108 766 3208 836 μὲν
3248 763 3511 818 εἶναιδιὰ
3561 765 3663 831 τὴν

2084 858 2250 912 αὑτοῦ
2278 858 2454 921 νόσον,
2506 859 2595 911 τὸν
2629 859 2891 926 σύλλογον
2920 857 3163 912 διαλύειν
3186 875 3202 892 ο
3235 854 3393 919 αὖθις
3447 858 3505 911 δὲ
3542 858 3665 927 ραῗ-

2085 967 2298 1015 σαντος,
2339 951 2729 1020 βουλεύσεσθαι
2756 952 2884 1021 περὶ
2919 951 3027 1020 τῶν
3057 950 3236 1003 αὐτῶν
3261 968 3274 980 ·
3309 952 3337 1002 ὁ
3362 950 3419 1002 δὲ
3463 950 3662 1019 μικρὸν

2082 1044 2323 1112 ἐπισχών
2344 1060 2360 1074 θ
2383 1043 2599 1095 Δοκεῖτε
2633 1061 2745 1113 μοι,
2779 1044 2906 1110 ἔφη,
2936 1042 3010 1113 μὴ
3049 1042 3171 1112 περὶ
3201 1034 3275 1095 ὧν
3309 1041 3662 1112 βουλεύεσθε,

2082 1135 2178 1205 τὴν
2203 1135 2495 1205 ἀπόκρισιν
2528 1135 2823 1187 ποιεῖσθαι.
2857 1136 2929 1187 Ού
2968 1136 3074 1206 γὰρ
3104 1136 3199 1187 νῦν
3232 1136 3367 1204 ἡμῖν
3398 1136 3432 1205 ή
3464 1133 3661 1203 σκέψις

2083 1228 2208 1298 περὶ
2237 1228 2413 1293 λόγων
2444 1229 2842 1296 εῦτιτροσώπων,
2891 1227 3029 1280 ἀλλά
3069 1227 3180 1278 εἴτε
3208 1227 3317 1296 χρὴ
3343 1227 3409 1279 τὰ
3441 1226 3662 1280 κελευό-

2083 1335 2218 1387 μενα
2248 1318 2340 1370 ὑπ’
2376 1317 2732 1385 Ἀλεξάνδρου
2760 1317 3045 1387 πράττειν,
3077 1319 3186 1370 εἴτε
3206 1318 3469 1385 πολεμεῖν
3487 1317 3657 1386 αὐτῷ.

2093 1409 2286 1481 Ὑμεῖς
2330 1408 2388 1464 δὲ
2420 1413 2550 1482 περὶ
2575 1405 2649 1463 ὧν
2681 1409 2985 1481 προύθεσθε
3016 1408 3372 1480 βουλεύεσθαι
3404 1409 3654 1477 ἀφέντες,

2082 1501 2211 1572 περὶ
2244 1505 2494 1574 νομίμων
2521 1505 2616 1555 καὶ
2640 1502 2865 1555 δικαίων
2889 1503 2998 1555 τῶν
3038 1504 3190 1572 παρά
3218 1501 3515 1573 Ῥωμαίοις
3536 1502 3654 1553 δια-

2080 1594 2358 1664 λέγεσθαι,
2388 1594 2578 1665 ὥσπερ
2607 1595 2672 1649 ἂν
2705 1594 2757 1648 εἴ
2784 1612 2866 1658 τις
2909 1595 3004 1647 καὶ
3047 1592 3396 1662 Ἀλέξανδρον
3425 1595 3465 1646 ὁρ
3487 1609 3650 1645 κατα-

2077 1694 2367 1760 ναγκάσων
2407 1686 2475 1760 ἦν
2504 1690 2618 1752 τοῖς
2665 1688 2951 1758 Ῥωμαίων
2980 1689 3167 1758 νόμοις
3197 1686 3575 1740 πείθεσθαι.“0
3598 1683 3646 1737 δ’

2080 1783 2209 1847 ἴσως
2264 1783 2396 1853 ἐρεῖ,
2439 1781 2516 1844 ὡς
2560 1780 2677 1835 Οὐκ
2715 1780 2862 1849 ἐμοὶ,
2896 1779 3032 1832 ἀλλά
3075 1776 3368 1848 Ῥωμαίοις
3412 1776 3463 1828 οί
3492 1776 3642 1843 νόμοι

2076 1867 2222 1930 οὗτοι
2253 1876 2460 1929 κεῖνται
2487 1890 2502 1905 ’
2544 1873 2668 1943 ἐμοὶ
2703 1872 2761 1925 δὲ
2795 1867 2876 1936 εἷς
2904 1871 3070 1941 νόμος
3104 1873 3169 1924 ὲκ
3215 1869 3414 1931 παντὸς
3440 1869 3641 1938 τρόπου

2074 1970 2141 2023 τὰ
2170 1968 2482 2022 συνοίσοντα
2511 1966 2636 2035 ἐμοὶ
2672 1965 2856 2035 ζητεῖν
2875 1981 2890 1997 ο
2923 1966 3051 2034 ὑμῖν
3078 1964 3135 2016 δὲ
3167 1965 3216 2017 εί
3257 1963 3351 2015 καὶ
3375 1961 3646 2031 Σὶσμανον

2075 2061 2253 2126 ἔξεστι
2289 2062 2403 2123 τοῖς
2435 2059 2657 2122 ἀσύλοις
2689 2056 3104 2128 κατακρύπτειν
3134 2057 3322 2125 ἱεροῖς,
3349 2053 3466 2106 ἀλλ’
3491 2053 3550 2105 οὐ
3583 2052 3648 2123 δὴ

2075 2171 2178 2208 που
2210 2153 2308 2206 καὶ
2336 2153 2516 2215 πόλεις
2549 2152 2640 2204 καὶ
2672 2150 2867 2220 κώμας
2902 2147 3279 2219 κατακρύψετε
3313 2147 3372 2200 ἐν
3399 2148 3512 2209 τοῖς
3539 2164 3650 2198 τοι-

2070 2244 2287 2307 ούτοις*
2344 2243 2464 2296 ούδὲ
2512 2242 2650 2312 βοῶν
2697 2242 2898 2309 ἀγέλας
2935 2241 3030 2294 καὶ
3061 2242 3290 2311 ποίμνια
3338 2240 3648 2310 προϐάτιον,

2072 2339 2166 2390 καὶ
2199 2336 2299 2407 τὴν
2327 2335 2495 2405 ἀλλην
2536 2335 2864 2406 περιουσίαν
2892 2334 2991 2405 τὴν
3023 2336 3082 2388 ὲν
3110 2336 3223 2396 τοῖς
3253 2334 3443 2403 ἀγροῖς
3483 2332 3541 2397 ἐξ
3574 2327 3649 2385 ὧν

2070 2426 2194 2495 ἐμοὶ
2224 2429 2335 2488 τοῖς
2386 2425 2606 2487 ἀδικίας
2640 2423 2855 2489 ἐξέσται
2893 2423 3221 2494 κομίζεσθαι
3254 2425 3465 2486 ποινάς.
3505 2423 3649 2489 Πρες

2070 2513 2165 2571 οὖν
2195 2517 2263 2570 τὰ
2288 2519 2518 2571 τοιαῦτα
2547 2518 2651 2587 χρὴ
2681 2517 3057 2587 βουλεύεσθαι,
3087 2517 3146 2569 οὐ
3176 2519 3311 2587 πρὸς
3349 2515 3647 2582 ἀπολογίας

2074 2610 2491 2678 εὐπροσώπους.
2535 2608 2678 2677 Ἐγὼ
2705 2609 2760 2662 δὲ
2814 2609 2998 2677 ὀλίγου
3031 2609 3141 2660 δεῖν
3190 2607 3308 2660 νυνὶ
3359 2609 3646 2677 μέμφομαι

2070 2706 2161 2754 καὶ
2187 2702 2409 2773 ἐμαυτῷ
2436 2702 2516 2755 ὅτι
2548 2700 2913 2755 καὶ’ὁπωσοῦν
2935 2702 3012 2761 είς
3035 2700 3335 2752 τοιουτουσὶ
3362 2698 3648 2768 προήχθην
3726 2703 3738 2709 ’

2071 2794 2263 2861 λόγους
2291 2807 2305 2823 ⁶
2360 2797 2579 2863 εἴρηται
2615 2793 2723 2863 γὰρ
2783 2792 3023 2885 ὲξαρχῇς
3072 2792 3170 2844 καὶ
3205 2791 3553 2861 ἐπεψηφίσθη
3583 2806 3645 2857 γε

2070 2887 2175 2939 ὑπὸ
2224 2886 2442 2939 πάντων
2497 2887 2642 2955 (ἐπεὶ
2678 2884 2869 2954 μηδεὶς
2908 2884 3147 2938 ἀντεῖπε
3195 2886 3410 2954 μηδὲν),
3446 2886 3541 2937 ἐὰν
3568 2886 3646 2952 τῷ

2068 2977 2281 3047 ἐσχάτῳ
2314 2995 2368 3029 τι
2402 2975 2762 3047 ἀποκαλυφθῇ
2791 2976 2950 3045 σιγᾷν
2984 2976 3074 3028 τὶν
3105 2977 3343 3046 πρῶτον.
3374 2977 3433 3027 Εί
3475 2976 3532 3029 δὲ
3571 2977 3646 3046 μὴ

2066 3068 2145 3139 τῷ
2176 3070 2233 3120 ὲν
2263 3068 2517 3139 ἐσχάτοις
2540 3069 2884 3137 τεταγμένῳ,
2918 3068 3053 3121 ἀλλὰ
3080 3070 3177 3122 καὶ
3206 3068 3283 3139 τῷ
3318 3069 3519 3140 πρώτῳ
3551 3072 3646 3122 καὶ

387 3157 831 3231 astipulantibus,
877 3164 932 3211 et
973 3164 1098 3225 post
1141 3171 1398 3225 magnam
1430 3157 1794 3212 domesticum
1829 3174 1960 3212 con-

2072 3164 2306 3234 μάλιστα
2349 3162 2634 3233 ὲξάρχοντι
2663 3162 2758 3214 τοῦ
2796 3161 3185 3231 βουλευτηρίου
3209 3160 3436 3214 τοιαῦτα
3470 3161 3638 3228 εδοξε,

387 3250 729 3305 surrectione
764 3248 926 3307 facta.
952 3256 1260 3302 conventus
1292 3256 1376 3302 est
1410 3249 1643 3304 solutus.
1684 3249 1959 3304 Caeterum

380 3343 492 3408 jam
522 3349 648 3394 ante
677 3352 909 3395 cernens
945 3352 1175 3407 magnus
1202 3337 1563 3403 domesticus,
1592 3341 1961 3409 patriarcham

385 3433 453 3486 ad
506 3431 799 3501 imperium
854 3430 1113 3485 allectare
1162 3430 1327 3495 viam,
1375 3439 1432 3484 et
1464 3443 1721 3486 conatum
1756 3434 1876 3504 ejus
1909 3433 1961 3487 vi

386 3525 688 3594 reprimere
735 3522 930 3578 nolens
962 3521 1133 3593 (haud
1165 3523 1311 3576 enim
1347 3523 1552 3589 invitis,
1589 3524 1683 3580 sed
1719 3526 1962 3596 cupidis-

386 3616 563 3678 simis,
616 3625 671 3667 et
719 3614 786 3668 de
833 3613 1066 3682 imperio
1106 3613 1209 3668 sibi
1247 3616 1451 3683 gratias
1500 3617 1829 3673 habentibus
1862 3618 1963 3672 im-

386 3722 580 3775 perare
634 3705 934 3775 cupiebat),
986 3713 1249 3774 praeterea
1308 3708 1530 3775 timens,
1582 3726 1647 3765 ne
1683 3726 1791 3780 qua
1834 3709 1962 3764 inde

387 3799 704 3864 seditionis,
762 3797 1001 3867 bellique
1045 3797 1224 3853 civilis
1272 3799 1490 3853 occasio
1531 3806 1876 3865 nasceretur,
1930 3814 1962 3852 e

383 3891 588 3960 quibus
633 3889 930 3943 verisimile
964 3897 1084 3944 erat
1111 3890 1481 3960 collapsuutm
1518 3890 1825 3944 Romanum
1856 3890 1961 3967 im-

384 3984 639 4055 perium;
689 3992 744 4036 et
791 3982 939 4035 omni
998 3991 1176 4038 morte
1232 3982 1555 4037 horribilius
1623 3983 1961 4050 arbitratus,

383 4070 554 4133 tantis
596 4075 859 4130 aerumnis
890 4088 1011 4129 sese
1042 4074 1333 4145 originem,
1363 4081 1422 4130 et
1448 4083 1615 4143 caput
1646 4089 1765 4129 esse
1792 4074 1961 4144 (unde

383 4187 487 4226 nec
534 4172 867 4240 imperatore
911 4167 1445 4237 adhuc.superstite.
1483 4166 1737 4235 quamvis
1772 4166 1960 4221 multis

383 4278 525 4332 saepe
572 4262 640 4315 ab
673 4276 740 4314 eo
772 4259 1033 4330 precibus
1079 4257 1357 4327 fatigatus,
1386 4272 1686 4328 purpuram
1725 4257 1958 4313 induere

383 4354 694 4423 sustinuit),
718 4352 1055 4422 cogitaverat
1079 4350 1299 4420 quidem
1330 4351 1486 4420 prius
1515 4350 1782 4419 dignitate
1813 4351 1960 4405 ultro

381 4448 556 4510 abire,
597 4457 654 4499 et
698 4445 973 4513 reliquum
1016 4442 1143 4496 vitae
1178 4443 1326 4496 curis
1368 4450 1424 4495 et
1452 4441 1690 4509 negotiis
1721 4456 1956 4496 vacuum

2070 3255 2164 3308 καὶ
2212 3254 2340 3324 ὑμῖν
2368 3253 2720 3324 ἐπεψηφίσθη
2760 3269 2826 3319 γε
2880 3255 2992 3331 τοῖς
3046 3255 3215 3307 πᾶσιν
3248 3252 3322 3317 ὡς
3363 3253 3642 3322 λυσιτελῆ,

2070 3346 2313 3416 προσῆκε
2370 3345 2619 3415 στέργειν
2648 3346 2741 3398 καὶ
2780 3344 2963 3408 αὑτὸν,
3000 3345 3096 3398 καὶ
3132 3346 3447 3417 περαιτέρω
3479 3345 3645 3398 πολυ-

2066 3437 2410 3506 πραγμονεῖν
2444 3434 2641 3506 μηδέν’
2675 3438 2772 3505 τῆς
2809 3435 3081 3506 βασιλίδος
3111 3436 3169 3489 δὲ
3205 3437 3509 3505 ἐναγούσης
3535 3436 3642 3505 μά.

2068 3527 2247 3590 λιστα,
2276 3528 2372 3581 καὶ
2396 3528 2793 3598 ἐπισπωμένης
2821 3528 2959 3597 πρὸς
2986 3528 3113 3591 τοὺς
3142 3528 3357 3596 λόγους,
3395 3528 3533 3582 Οὐδὲ
3573 3531 3643 3581 τὰ
3701 3584 3710 3595 ,

2062 3620 2295 3678 τοιαῦτα
2351 3618 2594 3687 καίτοιγε
2645 3619 2803 3687 ὀλίγα
2829 3619 2958 3673 ὄντα
3004 3618 3149 3673 ἑκὼν
3196 3616 3337 3675 εἶναι
3378 3619 3646 3688 seponas-

2067 3727 2197 3780 μην.
2226 3707 2366 3779 Πρὸς
2389 3706 2453 3776 δὴ
2478 3706 2548 3759 τὰ
2576 3707 2801 3760 τοιαῦτα
2828 3708 2991 3771 εὐθὺς
3021 3710 3050 3761 ὁ
3084 3710 3434 3780 πατριάρχης
3461 3709 3642 3771 αἰτίας

2062 3796 2314 3851 ἀπολύων
2355 3797 2573 3860 ἑαυτὸν,
2592 3794 2738 3849 Ἀλλ’
2773 3796 2905 3864 ἐγὼ,
2940 3795 3084 3863 εἷπε,
3116 3800 3333 3868 πρῶτος
3363 3803 3455 3855 καί
3476 3799 3641 3863 αὐτὸς

2070 3886 2239 3958 μηδὲν
2256 3883 2397 3940 εἶναι
2428 3888 2564 3956 πρὸς
2580 3890 2651 3940 τά
2671 3888 2984 3958 ζητούμενα
3020 3888 3121 3959 τὴν
3145 3890 3342 3962 βουλὴν
3367 3895 3638 3963 ὁμολογῶ.

2064 3982 2140 4035 Οὐ
2175 3982 2284 4050 γὰρ
2325 3981 2661 4052 Ἀλεξάνδρῳ
2697 3986 2826 4053 περὶ
2865 3985 3106 4050 εὐλόγων
3146 3988 3240 4040 καὶ
3273 3990 3348 4059 μὴ
3385 3988 3641 4042 τοιούτων

2063 4073 2702 4151 ἀποκρίσεωνιελησειν
2726 4090 2741 4105 ο
2783 4078 2898 4131 ἀλλ’
2932 4081 3082 4143 ὅπως
3107 4079 3135 4134 ὃ
3173 4080 3444 4148 προύθετο
3476 4081 3639 4151 ἐξαρ-

2063 4166 2164 4236 χῆς
2192 4166 2271 4228 εἰς
2313 4167 2487 4236 πέρας
2523 4170 2574 4220 εί
2604 4166 2828 4221 δύναιτο
2884 4171 3072 4242 ἀγάγῃ
3101 4187 3116 4203 ·
3149 4166 3209 4226 οὗ
3251 4172 3316 4244 δὴ
3352 4173 3514 4228 ἕνεκα
3543 4174 3639 4227 καὶ

2065 4255 2228 4319 αὐτὸς
2253 4256 2316 4309 οὐ
2358 4257 2498 4327 πρὸς
2542 4257 2756 4325 λόγους,
2794 4260 2929 4314 ἀλλὰ
2967 4262 3104 4333 πρὸς
3135 4264 3312 4317 ἐκεῖνο
3343 4266 3487 4335 φημὶ
3516 4265 3643 4336 βου-

2040 4347 2283 4400 λευτέον
2332 4343 2514 4401 εῖναι·
2577 4352 2647 4407 τὰ
2711 4347 2801 4402 ἴσα
2843 4350 2900 4401 δὲ
2960 4351 3122 4415 εὐθὺς
3176 4353 3406 4406 καὶτῶν
3437 4353 3641 4407 λοιπῶν

2009 4433 2017 4440 ’
2063 4439 2560 4511 ἐπιψηφισαμένων
2608 4443 2851 4509 πάντων,
2881 4444 3006 4497 ἐπεὶ
3034 4444 3064 4495 ὁ
3109 4445 3282 4515 μέγας
3319 4447 3640 4517 δομέστικος

381 4539 701 4603 decurrere,
743 4534 912 4605 quod,
951 4542 1014 4587 ut
1047 4533 1211 4589 modo
1239 4532 1578 4598 dicebamus,
1621 4531 1841 4602 quidvis
1872 4543 1957 4588 to-

2069 4532 2290 4602 ἀνέστη,
2322 4534 2419 4587 καὶ
2456 4535 2507 4586 οί
2529 4533 2678 4588 ἄλλοι
2713 4536 3139 4608 συνανέστησαν,
3182 4539 3276 4592 xui.
3310 4540 3338 4591 ὁ
3382 4537 3642 4609 σύλλογος

380 4629 665 4686 lerabilius
690 4627 940 4694 duceret,
970 4641 1133 4697 quam
1160 4625 1424 4681 Romanis
1457 4641 1486 4679 a
1508 4640 1568 4680 se
1598 4635 1805 4694 pestem
1828 4641 1955 4680 eve-

380 4723 528 4777 nire.
576 4719 780 4775 Verum
821 4728 883 4773 ut
937 4716 1250 4773 Chumnum
1300 4718 1357 4772 in
1415 4730 1681 4771 consessu
1727 4717 1962 4786 superbe

381 4824 440 4869 ct
488 4796 844 4881 impudenter
883 4824 941 4865 se
973 4809 1435 4879 perstringentem
1471 4806 1559 4878 (ad
1594 4822 1654 4863 se
1689 4810 1837 4862 enim
1866 4823 1963 4878 po-

383 4905 657 4959 tissimum
726 4903 847 4973 eius
906 4899 1262 4955 maledictum
1317 4899 1596 4968 pertinere
1655 4900 1955 4966 censebat,

382 4998 626 5051 omnium
677 5004 808 5049 tunc
841 4993 1216 5065 Romanorum
1244 5002 1300 5046 et
1333 4990 1613 5060 opinione,
1643 4999 1701 5045 et
1729 5007 1786 5045 re
1817 5007 1959 5061 pra:-

384 5086 656 5157 cipuum),
686 5087 868 5140 nullus
891 5086 957 5139 de
979 5083 1360 5154 intempestiva
1385 5083 1638 5138 libertate
1659 5084 1955 5153 increpuit,

386 5189 483 5233 aut
533 5179 832 5244 accusavit,
873 5177 980 5230 hoc
1029 5164 1211 5247 ipsum
1257 5174 1436 5229 civilis
1474 5174 1761 5230 seditionis
1792 5190 1957 5231 exor-

386 5273 537 5341 dium
590 5272 705 5327 fore
746 5279 921 5333 ratus,
967 5267 1133 5321 citius
1179 5283 1342 5336 quam
1407 5268 1642 5331 volebat,
1686 5276 1958 5338 potestate

383 5381 443 5420 se
474 5363 762 5420 abdicandi
797 5360 1071 5416 desiderio
1096 5369 1288 5430 captus
1316 5371 1441 5415 εει.»

2063 4623 2306 4696 διελύθη.
2343 4624 2518 4693 Ὁρῶν
2548 4626 2607 4678 δὲ
2641 4628 2735 4679 καὶ
2781 4627 3051 4698 πρότερον
3073 4629 3364 4700 ἐφιέμενον
3406 4632 3434 4684 ὁ
3467 4632 3643 4699 μέγας

2063 4714 2386 4785 δομὲστικος
2406 4716 2498 4770 τὸν
2531 4718 2881 4789 πατριάρχην
2903 4721 3001 4790 τῆς
3041 4722 3216 4792 ἀρχῆς
3247 4722 3357 4777 τῶν
3379 4726 3641 4793 πραγμάο

2062 4823 2191 4871 των,
2254 4808 2350 4859 καὶ
2413 4808 2553 4879 μήτε
2610 4809 2702 4881 βίᾳ
2749 4810 3076 4881 βουλόμενος
3139 4813 3238 4884 τὴν
3292 4815 3640 4886 ἐπιχείρησιν

2063 4900 2285 4969 ἐπέχειν
2342 4901 2425 4970 (οὐ
2483 4900 2592 4970 γὰρ
2632 4902 2895 4970 ἠϐούλετο
2938 4906 3209 4959 ἀκουσίων
3252 4906 3465 4977 ἄρχειν,
3505 4907 3642 4961 ἀλλὰ

2063 4991 2199 5044 πολὺ
2240 4991 2477 5062 μάλιστα
2534 4991 2904 5064 βουλομένων,
2939 4997 3034 5051 καὶ
3079 4998 3241 5068 χάριν
3291 5000 3507 5053 είδότων
3539 5001 3640 5068 τῆς

2060 5083 2284 5155 ἀρχῆς)’
2321 5084 2496 5146 ἄλλως
2518 5102 2579 5138 τε
2619 5088 2716 5140 καί⁵
2748 5087 2998 5152 δεδοικὼς
3038 5091 3111 5161 μὴ
3152 5094 3245 5143 καὶ
3275 5091 3548 5160 πρόφασις
3577 5095 3641 5145 ἐκ

2059 5177 2251 5230 τούτου
2288 5179 2532 5242 στάσεως
2565 5181 2809 5252 ἀναφυῇ,
2851 5185 2948 5237 καὶ
2979 5184 3217 5253 πολέμου
3254 5186 3544 5253 ἐμφυλίου,
3580 5185 3638 5253 ἐξ

2061 5262 2136 5323 ὧν
2161 5268 2237 5333 ὼς
2260 5270 2409 5334 stato;
2430 5271 2948 5344 διαφθαρησομὲνην
2970 5275 3220 5347 συνεώρα
3238 5276 3336 5348 τὴν
3355 5277 3640 5344 Ῥωμαίων

2066 5364 2365 5432 ἠγεμονίαν
2384 5377 2399 5391 ⁸
2435 5364 2528 5416 καὶ
2549 5366 2750 5427 παντος
2775 5365 3020 5434 οἰόμενος
3050 5365 3281 5420 θανάτου
3311 5367 3641 5437 ἐπαχθέστε-

391 5475 481 5527 ρον
510 5458 610 5529 τὴν
642 5454 838 5529 αἰτίαν
877 5452 986 5506 τῶν
1036 5453 1228 5507 δεινῶν
1286 5454 1592 5523 παρασχεῖν
1657 5452 1825 5515 αὐτὸς
1858 5453 1957 5524 (διὸ
1990 5451 2110 5505 οὐδὲ
2177 5453 2441 5523 βασιλέως
2506 5452 2589 5506 ἔτι
2658 5454 2960 5522 περιόντος,
2996 5455 3091 5509 καί
3124 5473 3206 5510 τοι
3241 5457 3415 5511 πολλά
3443 5456 3641 5510 πολλέ-

1616 5604 1832 5667 Jacobi
1865 5605 2129 5667 Pontani
2166 5614 2353 5669 notae.
2426 5632 2433 5639 -

453 5753 561 5822 (θὲ)
604 5753 741 5808 Dicit
787 5754 891 5809 hoc
932 5753 1152 5821 quilibet
1181 5762 1444 5824 tyrannus
1474 5762 1527 5807 et
1574 5754 1858 5820 barbarus,
1890 5765 1944 5809 et

2054 5757 2290 5811 humana
2318 5758 2437 5827 iura
2472 5769 2804 5827 pervertere.
2832 5759 2946 5815 Non
2977 5762 3173 5819 inscite
3200 5765 3378 5820 efficta
3400 5765 3633 5821 Alexan-

388 5831 741 5891 tyrannorum
775 5834 892 5890 est,
921 5824 1182 5895 regnandi
1223 5825 1393 5895 gratia
1441 5825 1621 5879 omnia
1654 5825 1838 5880 divina
1880 5836 1936 5881 et
2043 5829 2126 5881 dri
2162 5824 2325 5895 hujus
2351 5824 2651 5898 responsio,
2680 5834 2990 5902 aequitatem
3024 5850 3125 5905 pro
3156 5836 3327 5892 nihilo
3357 5836 3627 5894 ducentis.
