4060 6412
443 370 549 436 ἾΠ
1580 369 2131 431 ’ΠΙΞΤΟΗΞΑΒΠΜ
2169 373 2400 434 LIBER
2434 370 2556 434 'III.
3614 375 3720 437 ἨΒ

454 498 540 541 xz;
595 477 1087 549 π’·ρακεκληκότος
1140 476 1382 548 ἠθέλησε
1447 477 1701 544 γενέσθαι
1752 478 2031 551 βασιλεὺς)
2074 478 2371 534 ἐσκέπτετο
2442 481 2543 549 μὲν
2605 481 3002 552 καὶπρότερον
3033 481 3131 553 τήν
3175 481 3474 552 ἠγεμονίαν
3504 482 3718 537 ἀποθέ-

454 572 601 635 σθαι,
629 572 725 623 καὶ
750 570 1159 642 ἀπραγμοσύνη
1183 570 1277 623 τὸν
1298 569 1582 623 ἐπίλοιπον
1645 569 1762 640 βίον
1792 569 1914 640 ζῇν,
1970 572 2108 642 ὅπερ
2145 572 2285 643 ἔφην
2323 573 2419 626 τοῦ
2461 572 2666 643 φθορᾶς
2706 574 2869 635 αὐτὸς
2910 576 3080 636 αἴτιος
3123 574 3415 642 Ῥωμαίοις
3443 577 3716 646 κατασῑῆο

452 683 542 720 ναι
598 664 709 717 πᾶν
758 662 939 717 ὁτιοῦν
983 664 1343 734 ἀνεκτότερον
1400 663 1661 734 νομίζων.
1707 664 1795 726 Ὠς
1825 664 1883 718 δὲ
1941 666 2037 718 καὶ
2075 667 2217 720 κατά
2252 666 2347 719 τὴν
2378 665 2639 734 σύλλογον
2705 664 2958 727 αὐθαδῶς
2993 667 3089 719 καὶ
3153 666 3402 735 θρασέως
3434 665 3528 718 τοῦ
3581 668 3721 719 Χού-

450 776 593 827 ·μνου
648 757 787 829 πρὸς
812 760 983 814 αὑτὸν
1012 758 1389 828 διειλεγμένου
1442 759 1709 828 (μάλιστα
1748 760 1858 830 γὰρ
1930 759 2068 830 πρὸς
2107 761 2269 814 αὑτὸν
2328 749 2419 814 τὸν
2474 760 2632 828 λόγον
2703 761 3093 813 ἀποτείνεσθαι
3126 758 3305 830 ᾠήθη,
3367 760 3584 812 πάντων
3612 762 3725 812 τῶν

457 857 582 907 τότε
622 853 915 923 Ῥωμαίων
980 854 1079 907 καὶ
1150 850 1512 921 νομιζόμενον
1552 852 1820 916 καὶιδντα
1870 851 2109 923 πρῶτον)
2149 851 2326 915 οὐδεὶς
2385 853 2759 923 ἐπετίμησεν,
2818 852 2941 905 οὐδὲ
2995 853 3280 923 ἐμέμψατο
3332 853 3432 922 τῆς
3486 850 3717 922 ἀκαίρου

460 954 793 1023 παρρησίας,
822 949 1012 1017 ῶσπερ
1035 946 1212 1018 ἀρχὴν
1267 946 1497 1018 νομίσας
1526 947 1773 1011 στάσεως
1811 945 2075 1032 ἐμφυλίου
2114 948 2176 1000 τὸ
2205 947 2467 1012 τοιοῦτον,
2491 946 2685 1000 θᾶττον
2715 947 2748 1017 ἢ
2776 946 3050 1014 ὲὸούλετο,
3098 947 3328 1019 ὥρμητο
3350 950 3721 1021 ἀπαγορεύειν

450 1044 555 1117 τὴν
581 1043 781 1115 ἀρχήν·

1808 1185 1975 1257 353
2004 1183 2235 1241 CAPUT
2276 1183 2368 1238 ut.

462 1307 627 1365 Amor
653 1307 708 1360 in
742 1307 1115 1374 imperatorem
1155 1316 1443 1362 mortuum.
1481 1304 1783 1360 Fastidium
1816 1304 2104 1374 potestatis
2139 1310 2379 1374 et-causa
2436 1319 2591 1358 nova.
2628 1301 2865 1374 ,Cttumni
2903 1305 3337 1360 contumeliosum
3367 1307 3559 1360 dictum
3615 1323 3721 1360 non

533 1372 855 1432 vindicatur.
890 1373 1162 1429 Excusant
1204 1392 1260 1430 se
1310 1378 1622 1445 patriarcha
1654 1384 1705 1428 et
1750 1372 2087 1445 imperatrias.
2138 1372 2464 1445 Domesticus
2524 1372 2705 1426 muttis
2734 1376 2901 1429 verbis
2941 1377 3173 1429 studium
3212 1390 3259 1431 et
3318 1378 3626 1445 ﬁdelitatem
3661 1380 3714 1429 in

523 1450 906 1516 imperatorem
959 1446 1133 1518 vivum
1187 1443 1521 1518 declaratum
1583 1445 1951 1518 signiﬁcat.__et
2003 1443 2217 1513 imperti
2262 1444 2778 1499 administrationem
2828 1447 2885 1499 in
2938 1445 3157 1499 concilio
3207 1443 3443 1518 deponit,
3492 1452 3718 1502 obscura

526 1514 854 1587 patriarcha:
884 1516 1226 1570 ambitionem
1252 1517 1414 1588 hujus
1442 1517 1519 1569 rei
1545 1514 1768 1571 causam
1794 1514 2068 1569 indicans.
2746 1532 2752 1538 -

522 1648 688 1702 ’Μετὰ
715 1648 847 1716 γοῦν
879 1648 972 1701 τθν
1023 1648 1281 1718 σύλλογον
1311 1651 1388 1713 είς
1424 1649 1523 1719 τὴν
1556 1646 1880 1719 ὑστεραίαν,
1918 1642 2035 1698 ἐπεὶ

2208 1645 2359 1718 Ergo
2404 1647 2494 1703 die
2535 1651 2780 1719 proxime
2813 1650 3071 1721 sequenti
3103 1666 3228 1706 cum
3261 1650 3377 1721 ipse
3411 1658 3466 1706 et
3490 1654 3720 1719 patr'ar-

460 1741 556 1793 καὶ
585 1740 750 1804 αῦτδς
779 1740 874 1794 καὶ
928 1742 1281 1811 πατριάρχης
1318 1741 1582 1812 παρῆσαν
1625 1743 1682 1794 ὲν
1717 1738 2033 1809 βασιλείοις,

460 1831 599 1901 πρὸς
651 1832 879 1903 βασιλέα
920 1833 1123 1903 ἐχρῆτο
1181 1835 1416 1903 μηνυτῇ,
1477 1832 1573 1887 καὶ
1620 1830 1850 1885 τοιαῦτα
1895 1829 2036 1900 αὐτῇ

460 1924 650 1991 ἐδήλου
686 1924 755 1976 δι’
784 1924 980 1987 αὐτοῦ,
1006 1925 1082 1986 ὡς
1110 1924 1270 1994 εἴπερ
1296 1918 1365 1995 ἦν
1394 1924 1609 1993 αἵρεσις
1646 1920 1798 1991 αὑτῷ
1838 1937 2036 1990 προτε-

460 2015 621 2085 θῆναι
673 2017 737 2069 ὲκ
788 2016 927 2069 Θεοῦ
977 2016 1159 2084 (αὐτὸς
1212 2016 1258 2070 δ’
1315 2018 1382 2071 ἂν
1432 2016 1517 2086 εἴη
1570 2015 1678 2068 τῶν
1730 2014 2038 2081 λεγομένων

464 2108 674 2178 μάρτυς
703 2107 779 2171 ῶς
808 2108 1033 2179 ἀληθῆ),
1068 2109 1294 2178 βασιλέα
1322 2109 1419 2180 μὲν
1457 2111 1514 2162 ὲν
1544 2108 1713 2172 ζῶσιν
1745 2102 1907 2168 εἶναι,
1934 2107 2035 2158 αὑ-

460 2200 551 2252 τὸν
576 2199 620 2253 δ’
644 2200 852 2254 ἐκείνου
883 2202 975 2253 τὸν
1021 2201 1253 2255 θάνατον
1281 2200 1637 2266 ἀθτελέσθαι,
1667 2200 1908 2262 ἁπάσαις
1928 2198 2037 2267 Φή-

467 2311 586 2364 φοις
624 2295 718 2349 καὶ
749 2296 896 2368 πάσῃ
925 2296 1129 2367 σπουδῇ
1165 2296 1261 2350 καὶ
1295 2295 1583 2367 προθυμία
1631 2293 1925 2364 προείλετο
1965 2291 2035 2346 ἀν

461 2387 621 2451 αὐτὸς
665 2387 960 2441 ἀποθανεῖν
1038 2389 1179 2460 ὑπὲρ
1224 2387 1321 2442 τοῦ
1366 2391 1574 2443 ἐκεῖνον
1622 2388 1742 2459 ζῇν.
1795 2386 1951 2439 Ἐπεὶ
1977 2384 2036 2440 δὲ

462 2478 540 2548 τῷ
578 2480 753 2552 μέτρα
803 2482 907 2534 καῖ
930 2481 1076 2549 ζωῆς
1115 2479 1211 2535 καί
1267 2480 1526 2550 τελευτῆς
1569 2479 1793 2549 ἑκάστῳ
1838 2477 2035 2531 ταλαν-

460 2572 676 2625 τεύοντι
713 2573 905 2627 τοῦτον
956 2573 1105 2640 ἔδοξε
1141 2572 1233 2629 τὸν
1264 2573 1490 2645 τρόπον,
1521 2574 1743 2643 ,ἐκείνῳ
1781 2572 1882 2643 μὲν
1906 2575 2037 2641 ὁμο-

452 2663 644 2731 πλογεῖν
675 2665 953 2734 προσῆκον
969 2667 1197 2736 χάριτας
1226 2665 1328 2736 τῆς
1353 2665 1482 2737 περὶ
1511 2666 1660 2736 ἡμᾶς
1692 2664 1861 2733 σοφῆς
1892 2664 2037 2716 οίκο-

463 2758 655 2827 νομίας
680 2775 693 2789 °
730 2758 928 2822 αὐτοὺς
969 2758 1044 2823 δὲ,
1075 2758 1309 2811 ἕκαστον
1357 2759 1386 2812 ὃ
1450 2776 1504 2812 τι
1553 2757 1619 2812 ἂν
1662 2759 1748 2827 είη
1799 2755 1948 2825 αὐτῷ
1975 2773 2036 2809 τε

456 2851 744 2920 προσῆκον
777 2850 872 2902 καὶ
926 2849 1207 2913 λυσιτελὲς
1247 2853 1470 2903 σκοπεῖν
1496 2865 1509 2881 ο
1550 2850 1578 2902 δ
1613 2848 1677 2918 δὴ
1708 2849 1878 2915 κάμοὶ
1909 2865 2036 2901 σκε-

466 2938 691 3010 ψαμένῳ
744 2941 871 3008 περὶ
908 2938 1169 3008 ἐμαυτοῦ,
1219 2940 1365 3005 ἔδοξε
1417 2941 1531 2995 δεῖν
1574 2941 1684 2995 τῶν
1733 2941 1832 3009 μὲν
1886 2958 2032 3010 πραο

465 3031 690 3098 γμάτων
711 3031 1048 3100 ἀποσχέσθαι
1066 3045 1079 3059 ’
1104 3033 1341 3084 συνεῖναι
1360 3031 1415 3083 δὲ
1434 3030 1523 3084 τὸν
1548 3031 1829 3085 ἐπίλοιπον
1849 3033 2034 3101 ἀπρα-

456 3123 711 3194 γμοσύνῃ
744 3121 861 3191 βίον
889 3123 1036 3184 ὅπως
1065 3122 1130 3176 ἂν
1148 3122 1393 3193 δύνωμαι
1424 3124 1677 3191 διάγοντα
1716 3124 1837 3177 κατ’
1864 3126 2037 3194 ἐμαυ-

463 3215 588 3266 τόνο
626 3215 770 3268 οὓτω
808 3214 872 3286 δὴ
897 3215 1075 3282 δόξαν,
1107 3215 1207 3287 ήδη
1247 3216 1336 3268 καὶ
1390 3214 1472 3268 σοὶ
1524 3215 1826 3285 κατάδηλον
1872 3215 2032 3270 ποιῶ.

464 3305 570 3360 Τοῦ
595 3308 939 3378 πατριάρχου
983 3307 1041 3360 δὲ
1076 3308 1487 3379 πυνθανομένου
1527 3308 1625 3379 τὴν
1669 3309 1848 3362 αἰτίαν
1874 3308 1941 3361 δι’
1967 3307 2035 3378 ἣν

466 3399 614 3471 αύτῷ
658 3400 889 3453 τοιαῦτα
935 3399 1068 3471 πρὸς
1110 3398 1207 3470 τὴν
1239 3400 1487 3471 βασιλίδα
1538 3401 1783 3471 παρέστη
1833 3400 2031 3468 λέγειν.

458 3491 574 3545 Καὶ
611 3491 876 3563 πρότερον
911 3491 1010 3562 μὲν
1045 3491 1251 3559 ἔφασκε
1311 3492 1439 3554 τοὺς
1470 3491 1747 3554 τοιούτους
1782 3492 2034 3560 στρέφειν

462 3585 779 3653 λογισμοὺς,
813 3585 906 3637 καὶ
953 3584 1251 3650 ἀναγκαῖον
1292 3581 1505 3635 οἴεσθαι
1556 3581 1891 3649 ἀφίστασθαι
1926 3580 2035 3631 τῶν

464 3674 831 3745 πραγμάτων.
872 3673 936 3724 Ὃ
967 3672 1023 3726 δέ
1057 3690 1123 3742 με
1163 3675 1350 3742 τάχιον
1403 3674 1662 3724 ἀνέπεισε
1702 3671 1802 3743 τὴν
1836 3670 2034 3741 βουλὴν

464 3764 894 3837 ἀνακαλύπτειν,
922 3765 1075 3817 οὐδὲν
1109 3763 1296 3834 ἓτερον
1330 3759 1494 3828 εἷνα.,
1533 3763 1565 3833 ἢ
1623 3763 1794 3833 ὅτιτῇ
1835 3775 2034 3831 προτε-

456 3856 597 3927 ραίᾳ
636 3858 778 3909 γατά
807 3855 897 3910 τὸν
931 3856 1189 3924 σύλλογον
1236 3854 1486 3927 ἀκαίρως
1521 3855 1614 3908 τοῦ
1656 3853 1907 3924 Χούμνου
1939 3851 2036 3905 καὶ

464 3949 703 4019 ἀνοήτως
763 3950 1294 4022 παρρησιασαμένου
1327 3988 1344 4013 ,
1397 3946 1487 4001 καὶ
1530 3947 1627 4000 ἐὰν
1685 3944 1764 4016 τῷ
1815 3947 2035 4015 ἐσχάτῳ

456 4040 851 4114 ἀποκαλυφθῇ,
897 4042 1107 4109 σιγάτω
1136 4044 1164 4094 ὁ
1204 4043 1418 4112 πρῶτος
1446 4039 1713 4109 φαμένου,
1747 4036 1862 4090 οὗθ’
1890 4035 2036 4107 ἠβα-

464 4136 624 4202 σιλὶς,
657 4135 771 4189 οὔτ’
807 4135 968 4198 αὐτὸς
1001 4136 1417 4205 ἠγανακτήσατε
1448 4133 1582 4201 πρὸς
1609 4133 1708 4199 τὴν
1746 4131 2038 4198 ἀναισχυν-

463 4212 607 4293 τίαν,
645 4227 768 4281 οὐδὲ
817 4227 975 4297 δίκην
1011 4227 1179 4280 ἔδωκε
1224 4225 1323 4294 τῆς
1356 4224 1589 4294 ἀνοήτου
1627 4220 2034 4290 γλωσσαλγίας,

2140 1738 2242 1795 cha
2274 1750 2459 1795 essent
2494 1741 2546 1795 in
2580 1742 2801 1811 palatio,
2831 1759 2929 1813 per
2951 1758 3075 1798 eum
3116 1742 3452 1813 imperatrici
3487 1744 3603 1797 haec
3630 1759 3720 1798 re-

2140 1830 2374 1886 nuntiat.
2427 1829 2485 1886 Si
2528 1831 2724 1888 fuisset
2757 1848 2786 1888 ιι
2825 1834 2937 1888 Deo
2967 1834 3023 1888 in
3050 1835 3171 1904 ejus
3202 1833 3454 1888 relictum
3480 1833 3719 1889 arbitrio

2141 1923 2284 1994 (ipso
2328 1931 2467 1980 teste
2504 1940 2638 1979 vera
2676 1940 2736 1980 se
2762 1924 3201 1995 dicere),utrum
3238 1925 3446 1991 mallet,
3484 1927 3720 1997 impera-

2138 2024 2314 2070 torem
2356 2015 2580 2086 quidem
2632 2016 2839 2081 vivere,
2901 2031 2960 2072 se
3015 2026 3199 2071 autem
3249 2030 3351 2087 pro
3405 2017 3496 2072 illo
3550 2019 3716 2072 vitam

2138 2120 2367 2176 ponere,
2411 2107 2566 2178 quasi
2617 2108 2877 2164 omnibus
2929 2110 3172 2179 punctis,
3212 2110 3472 2179 omnique
3507 2110 3716 2172 studio.

2126 2207 2193 2253 et
2241 2199 2527 2253 alacritate
2559 2207 2993 2270 pra‘Optaturum
3038 2201 3208 2257 fuisse
3239 2200 3412 2263 mori,
3438 2210 3494 2254 ut
3526 2200 3601 2255 illi
3639 2202 3718 2255 vi-

2137 2305 2265 2348 vere
2304 2291 2516 2349 diutius
2541 2294 2961 2350 concederetur.
2994 2293 3263 2360 Quoniam
3291 2310 3425 2350 vero
3446 2294 3563 2350 Deo
3592 2296 3719 2351 uui-

2136 2385 2337 2456 cuique
2374 2401 2473 2442 sua
2515 2386 2626 2441 fata
2674 2386 3019 2457 dispensanti
3064 2386 3139 2441 ita
3168 2386 3467 2458 placuisset
3494 2402 3715 2457 aequum

2136 2493 2261 2533 esse
2298 2478 2475 2535 eidem
2526 2487 2586 2534 ut
2635 2478 3043 2549 sapientissimo
3071 2477 3215 2549 patri
3248 2466 3439 2532 nostro
3478 2477 3719 2533 familias

2137 2570 2343 2639 gratias
2389 2586 2576 2638 agere,
2606 2580 2661 2627 et
2690 2572 2977 2626 hominum
3003 2570 3307 2641 quemlibet
3339 2586 3438 2641 pro
3469 2587 3549 2635 se,
3584 2564 3719 2641 quid

2138 2658 2243 2713 sibi
2285 2660 2623 2716 conveniens
2648 2660 2892 2731 utilequc
2921 2661 2993 2716 sit
3048 2660 3491 2730 (-ircumSpicere.
3523 2660 3636 2716 Hoc
3659 2676 3719 2716 se

2135 2751 2239 2805 sibi
2283 2751 2394 2820 jam
2448 2750 2790 2820 praestitisse,
2828 2751 3119 2820 visumque
3145 2765 3330 2805 rerum
3361 2751 3715 2807 administra-

2139 2841 2286 2896 tione
2317 2842 2647 2908 cedendum,
2690 2851 2746 2897 et
2775 2840 2921 2912 quod
2958 2851 3212 2913 superest
3244 2843 3346 2898 :evi
3374 2846 3500 2908 sibi,
3533 2846 3715 2916 quoad

2130 2930 2256 2985 ﬁeri
2315 2931 2509 3000 possit,
2564 2931 2664 2985 soli
2710 2932 2986 2986 viventem
3035 2933 3088 2986 iu
3133 2947 3394 2987 curarum
3442 2936 3717 2991 vacuitate

2137 3023 2601 3087 consumendum.
2627 3023 2801 3090 liuius
2824 3039 2935 3077 sum
2950 3024 3259 3079 voluntatis
3279 3041 3401 3080 eam
3425 3042 3547 3083 esse
3569 3029 3715 3098 igna-

2138 3128 2255 3167 ram
2306 3114 2574 3169 noluisse.
2638 3114 2968 3171 Sciscitante
3003 3127 3186 3170 autem
3232 3119 3547 3187 patriarcha
3585 3137 3719 3177 cau-

2135 3219 2271 3267 sam,
2327 3206 2458 3275 quid
2508 3206 2558 3260 ei
2610 3207 2662 3260 iu
2714 3218 2953 3263 mentem
3007 3209 3270 3275 venisset,
3313 3212 3474 3267 talem
3508 3213 3575 3269 ad
3606 3216 3717 3270 Au-

2137 3308 2350 3365 gustam
2402 3300 2620 3355 mittere
2680 3302 2957 3366 nuntium,
3013 3305 3297 3373 respondit
3354 3306 3611 3376 :pridem
3655 3326 3717 3364 se

2134 3390 2268 3444 istas
2311 3392 2674 3460 Cogitationes
2701 3393 2940 3460 volvere,
2978 3403 3033 3448 et
3067 3395 3467 3452 abdicationem
3509 3400 3714 3455 rectio-

2134 3482 2222 3535 nis
2267 3483 2370 3537 sibi
2418 3485 2785 3538 necessariam
2833 3486 3108 3540 arbitrari.
3144 3487 3298 3554 Quod
3327 3505 3457 3544 vero
3487 3507 3611 3545 eum
3645 3497 3712 3547 ad

2134 3576 2395 3630 meditata
2455 3577 2621 3630 citius
2667 3577 3045 3646 patefacienda
3097 3580 3384 3647 incitaril,
3429 3599 3540 3637 non
3591 3600 3713 3640 esse

2135 3667 2319 3730 aliud,
2367 3683 2528 3737 quam
2578 3670 2724 3740 quod
2773 3670 2948 3739 pridie
3003 3671 3288 3728 Chumnus
3337 3675 3393 3729 in
3438 3685 3713 3732 conventu

2138 3763 2471 3831 imporuue,
2513 3772 2568 3818 et
2617 3763 2944 3833 insipienter
2978 3782 3040 3822 ac
3060 3768 3179 3822 sine
3212 3767 3389 3825 fronte
3416 3770 3548 3825 illud
3572 3771 3716 3827 εσυ-

2129 3852 2342 3918 tiverit,
2371 3854 2415 3909 si
2450 3866 2731 3925 postremo
2762 3858 3066 3913 revelatum
3109 3861 3204 3926 sit,
3238 3872 3420 3917 taceat
3451 3863 3661 3933 primus
3696 3881 3712 3917 :

2135 3958 2299 4013 quam
2350 3944 2777 4015 imprudentiam
2815 3965 2917 4004 nec
2956 3950 3298 4020 imperati-ix,
3336 3968 3439 4008 nec
3476 3955 3592 4024 ipse
3623 3971 3717 4024 pa-

2140 4033 2377 4089 triarcha
2428 4051 2571 4105 aegre
2624 4037 2852 4103 tulerit,
2906 4056 3009 4094 nec
3061 4042 3503 4100 maledicentiam
3551 4045 3714 4100 istam

2137 4126 2432 4195 puniverit,
2480 4128 2576 4183 sed
2626 4129 2857 4198 perinde
2900 4147 2964 4186 ac
3002 4133 3047 4186 si
3074 4132 3211 4189 nihil
3248 4134 3528 4191 diceretur
3557 4139 3711 4202 novi,

2135 4218 2193 4272 in
2238 4219 2385 4273 dicto
2442 4219 2581 4274 istoc
2624 4222 3064 4290 conquieverint.
3104 4224 3333 4294 Excepit
3376 4229 3710 4297 patriarcha.

462 4319 579 4373 ἀλλ’
612 4323 997 4390 ἐφησυχάσατε
1021 4320 1133 4380 τοῖς
1162 4318 1502 4385 λεγομένοις,
1523 4313 1713 4382 ὥσπερ
1739 4313 2033 4383 εἰρημένου

2137 4308 2275 4363 Num
2326 4311 2432 4365 alia
2481 4319 2740 4380 praeterea
2787 4329 2876 4368 res
2918 4323 2968 4367 te
2994 4317 3378 4382 commoverit,
3412 4327 3471 4373 ut
3500 4320 3606 4375 hoc
3631 4321 3714 4376 di-

467 4415 696 4484 μηδενὸς
746 4413 955 4467 καινοῦ.
998 4411 1058 4464 ’ὓ
1092 4410 1437 4481 πατρίαρχης
1489 4406 1567 4472 δὲ,
1597 4406 1657 4458 Et
1700 4404 1800 4473 μὲν
1831 4404 1923 4457 καί
1951 4420 2035 4466 τις

464 4508 599 4577 ἀλλη
628 4506 761 4576 πρὸς
790 4505 915 4567 τοὺς
937 4504 1233 4567 τοιούτους,
1266 4501 1442 4568 ἔλεγε,
1470 4498 1661 4564 λόγους
1700 4498 1907 4569 ἧγαγεν
1950 4497 2036 4548 αἰ-

462 4600 575 4663 τία,
631 4598 795 4659 αὐτὸς
850 4596 916 4650 ἀν
942 4594 1164 4664 εἰδείης.
1204 4593 1265 4645 Ei
1311 4591 1358 4643 δ’
1401 4592 1565 4643 αὑτοῦ
1622 4590 1815 4642 τούτου
1868 4587 2036 4639 ἕνεκα

462 4695 631 4759 μόνου
672 4686 1033 4759 παροξυνθεὶς
1084 4686 1225 4754 ὀργῇ
1287 4684 1587 4753 φερόμενος
1637 4681 1772 4751 πρὸς
1820 4680 1919 4749 ἐμέ
1980 4696 2036 4732 τε

460 4785 561 4836 καὶ
589 4784 688 4850 τὴν
718 4780 986 4852 βασιλίδα,
1018 4776 1350 4847 ἀφίστασθαι
1383 4777 1479 4844 τῆς
1514 4775 1830 4843 διοικήσεως
1861 4772 2038 4840 ἔγνως

464 4875 571 4927 τῶν
594 4874 813 4938 κοινῶν,
857 4870 983 4924 οὔτε
1042 4870 1228 4922 δίκαια
1259 4869 1455 4931 ποιεῖς,
1511 4864 1635 4919 οὔτε
1689 4866 2038 4935 προσήκοντα

463 4965 668 5037 σαυτῷ.
714 4963 853 5033 Ἐγὼ
896 4980 959 5017 τε
988 4963 1098 5033 γὰρ
1145 4960 1496 5033 ἰσχυρίζομαι
1535 4959 1762 5012 τουτωνὶ
1801 4957 1911 5009 τῶν
1942 4955 2038 5009 λδ.

466 5077 576 5129 γων
620 5057 694 5129 μὴ
738 5056 1040 5127 ἀκηκοέναι
1111 5053 1391 5115 παντελῶς
1419 5067 1436 5085 ·
1497 5050 1594 5105 καὶ
1635 5050 1845 5111 δίκαιος
1871 5044 2036 5117 ξεῖναι

464 5151 598 5218 ἀξιῶ
630 5148 985 5205 πιστεύεσθαι
1022 5149 1173 5218 παρά
1203 5144 1286 5199 σοί
1308 5162 1325 5177 ο
1356 5143 1542 5213 οἴομαι
1575 5143 1632 5196 δὲ
1660 5142 1756 5196 καὶ
1804 5142 1903 5211 τὴν
1935 5141 2035 5211 βα-

464 5246 639 5298 σιλίδα
664 5245 731 5299 τὰ
767 5244 859 5297 ίσα
895 5243 1022 5311 ἐμοὶ
1055 5241 1226 5312 ὲρείν.
1256 5237 1392 5291 Οὐδὲ.
1448 5237 1557 5308 γὰρ
1600 5237 1664 5289 ἂν
1698 5236 1900 5306 ἧνεγκε
1951 5251 2035 5288 σι-

463 5342 558 5411 γῇ,
588 5340 637 5392 εί
664 5336 898 5394 ἀκοῦσαί
936 5352 996 5389 τε
1031 5333 1324 5388 συνέόαινε
1370 5334 1479 5385 τῶν
1504 5331 1706 5400 λόγων,
1746 5329 1844 5384 καὶ
1898 5330 2036 5400 πρὸς

464 5434 527 5486 σι
552 5431 808 5503 εἰρῆσθαι
836 5429 1112 5500 οἰηθῆναι.
1141 5425 1234 5480 Διό
1266 5442 1358 5479 σου
1398 5424 1493 5478 καὶ
1524 5423 1721 5494 δέομαι
1751 5422 1862 5476 τῶν
1892 5421 2031 5492 πρὸς

460 5522 562 5596 τὴν
625 5522 874 5592 βασιλίδα
934 5521 1111 5590 λόγων
1159 5516 1497 5589 ἀποσχέσθαι
1547 5514 1610 5568 οὐ
1657 5514 1873 5584 φαύλην
1912 5514 2037 5567 τινὰ

2138 4414 2313 4466 ceres,
2361 4410 2419 4455 tu
2454 4404 2622 4456 nosti.
2651 4403 2706 4457 Si
2733 4413 2960 4473 propter
2992 4405 3096 4460 hoc
3125 4408 3301 4461 solum
3331 4412 3711 4478 exacerbatus,

2138 4493 2271 4546 mihi
2328 4502 2381 4547 et
2432 4493 2765 4564 imperatrici
2826 4504 3113 4567 tantopere
3173 4499 3468 4567 irasceris,
3504 4513 3563 4556 ut
3602 4505 3713 4558 rei-

2139 4586 2369 4654 publica:
2414 4588 2665 4656 regendae
2699 4604 2899 4643 munus
2925 4591 3160 4660 abjiccre
3190 4595 3567 4661 constitueris,
3608 4612 3713 4652 nec

2135 4677 2303 4745 justc.
2365 4692 2465 4731 nec
2515 4694 2583 4731 ex
2632 4687 2724 4732 tua
2776 4679 3041 4750 dignitate
3085 4681 3240 4737 iacis.
3295 4683 3429 4737 Nam
3479 4701 3578 4756 ego
3624 4703 3711 4741 me

2139 4766 2305 4821 verba
2342 4767 2432 4823 illa
2460 4768 2695 4823 Cbumni
2726 4773 2951 4824 omnino
2982 4788 3089 4827 non
3117 4773 3415 4843 audivisse,
3445 4777 3544 4830 tibi
3576 4793 3711 4833 con-

2138 4858 2356 4913 ﬁrmare
2399 4874 2643 4925 possum,
2676 4871 2734 4915 et
2770 4863 2903 4915 mihi
2935 4862 3096 4918 ﬁdem
3133 4864 3319 4919 haberi
3353 4882 3572 4935 aequum
3604 4878 3711 4933 est,

2138 4961 2382 5023 putoque
2419 4956 2821 5025 imperatricem
2851 4958 3042 5013 eadem
3075 4975 3287 5013 mecum
3312 4963 3713 5020 coutessuratu.

2138 5043 2295 5099 Haud
2333 5046 2483 5100 enim
2532 5064 2721 5104 vocem
2763 5050 3057 5115 tenuisset,
3108 5051 3154 5106 si
3201 5052 3537 5116 audivisset.
3575 5063 3631 5109 et
3662 5066 3715 5110 te

2140 5147 2343 5197 tactum
2398 5144 2744 5200 credidisset.
2791 5145 2972 5213 Quare
3020 5158 3071 5202 te
3117 5164 3215 5203 oro
3263 5165 3558 5219 quaesoque
3586 5192 3600 5215 ,
3631 5155 3713 5207 uti

2138 5234 2325 5290 verbis
2375 5236 2577 5291 talibus
2626 5237 2693 5291 ad
2737 5253 2857 5293 eam
2893 5239 3277 5310 supersedeas.
3311 5258 3433 5311 qua?
3471 5258 3715 5312 pnesen~

2140 5328 2289 5382 tibus
2339 5328 2496 5383 malis
2554 5343 2663 5384 non
2720 5344 2890 5399 parvo
2936 5331 3313 5387 additamento
3339 5332 3523 5388 futura
3557 5345 3709 5389 sunt.

2138 5416 2300 5488 357
2340 5419 2435 5473 Ille
2466 5434 2577 5473 non
2603 5434 2661 5476 se
2688 5412 2933 5486 ﬂectere,
2960 5432 3016 5477 et
3039 5422 3245 5478 instare
3281 5435 3337 5479 ut
3368 5423 3708 5494 imperatriei

2139 5512 2369 5566 nuntius
2430 5511 2565 5578 iret;
2622 5527 2770 5568 nunc
2815 5512 3038 5583 quidem
3093 5514 3225 5569 illud
3270 5518 3495 5571 verbum
3532 5516 3717 5571 solum

464 5616 743 5685 ἐσομένων
769 5614 1037 5685 ἐπιθήκην
1063 5612 1174 5665 τῶν
1204 5610 1413 5665 κακῶν.
1448 5609 1506 5663 Ὀ
1534 5607 1578 5661 δ’
1608 5607 1713 5661 οὐκ
1737 5605 1891 5701 ἀνίη,
1918 5604 2035 5659 ἀλλ’

2139 5618 2281 5663 esse,
2330 5602 2477 5672 quod
2519 5603 2708 5659 turbas
2751 5603 3085 5670 concitaret;
3123 5604 3353 5662 fortasse
3386 5617 3567 5664 autem
3603 5608 3714 5665 alia

467 5708 719 5762 ἐκέλευεν
764 5705 1151 5777 ἀπαγγέλλειν.
1202 5701 1317 5756 Νῦν
1352 5702 1451 5773 μὲν
1487 5702 1716 5769 φάσκων
1756 5698 1849 5751 τὸν
1877 5695 2035 5763 λόγον

2145 5698 2412 5769 quosdam
2464 5698 2675 5753 inclusa
2723 5696 2925 5751 habere
2958 5697 3014 5750 in
3046 5704 3289 5763 pectore,
3323 5714 3444 5768 quae
3478 5700 3714 5769 prodere

464 5801 635 5872 μόνον
690 5799 900 5856 ἐκεῖνον
951 5799 1041 5857 τὸν
1093 5796 1401 5868 ποιήσαντα
1460 5794 1558 5865 τὴν
1602 5789 1870 5861 ταραχὴν,
1900 5787 2032 5851 ίσως

2136 5790 2338 5845 nolint.
2383 5788 2580 5844 Statim
2625 5787 2792 5859 igitur
2840 5786 3156 5858 patriarcha
3191 5788 3264 5842 ad
3308 5789 3721 5861 imperatricent
