4060 6414
342 392 443 457 710

1530 362 1851 450 JOANNlS
1910 387 2438 449 CANTACUZENI
2487 461 2498 471 ,
3082 380 3085 385 ‘
3502 391 3605 455 ’ρο

342 510 527 573 refert,
567 524 687 579 quze
734 523 764 561 a
796 521 993 577 magno
1029 505 1334 560 domestico
1364 502 1662 572 acceperit,
1697 504 1923 573 etjnssa

2033 501 2082 554 δέ
2107 518 2227 555 τινα
2259 504 2351 554 καὶ
2412 502 2546 556 ἄλλα
2581 502 2725 571 ἔχειν
2751 489 3030 572 άνέκφορι
3084 504 3141 555 ἐν
3179 507 3243 573 τῇ
3290 506 3457 578 ψυχῇ,
3498 510 3603 562 Ag-

343 601 525 656 eflicit.
554 599 687 666 Quae
720 608 825 653 tam
854 598 1182 667 insperatos,
1209 606 1264 651 et
1289 596 1687 663 inexspectatos
1710 608 1924 649 sermo-

342 708 441 746 nes
487 692 716 747 auribus
748 690 1009 745 hauriens
1040 689 1424 751 contristatur,
1455 695 1511 742 et
1542 685 1608 740 ad
1641 693 1923 755 stuporem

343 787 597 851 miratur,
650 784 777 854 quid
818 798 947 838 eum
978 781 1045 837 ad
1085 782 1200 837 luce
1234 780 1547 851 cogitanda,
1582 791 1638 834 et
1667 779 1772 833 sibi
1802 778 1922 832 elo-

342 875 562 946 quenda
611 873 932 944 perpulerit.
981 871 1187 927 Tamen
1233 879 1293 925 ut
1326 885 1384 925 se
1415 870 1654 940 collegit,
1682 869 1732 923 ei
1760 867 1924 923 vicis-

343 970 445 1023 sim
493 966 734 1021 nuntiari
776 965 936 1035 jubet
968 963 1119 1017 nulla
1164 963 1379 1017 ratione
1411 961 1529 1015 ham
1558 961 1735 1029 ipsum
1771 959 1923 1029 loqui

345 1060 565 1123 decere,
606 1071 789 1126 neque
814 1056 934 1127 ejus
976 1054 1218 1124 ingenio,
1255 1069 1434 1123 neque
1467 1067 1654 1107 amore
1680 1052 1797 1116 illo,
1815 1064 1925 1120 quo

345 1166 404 1206 se
442 1151 556 1219 ipse
586 1158 642 1205 et
678 1149 977 1216 imperator
1011 1155 1206 1200 mutuo
1237 1145 1553 1207 dilexerint,
1588 1158 1862 1214 quemque
1895 1159 1926 1197 a

346 1242 585 1313 pueritia
617 1255 791 1311 usque
818 1240 885 1294 ad
915 1240 1021 1294 hoc
1049 1249 1267 1307 tempus
1309 1253 1511 1307 purum
1540 1236 1929 1299 sincerumque

346 1332 750 1396 conservarint,
783 1331 948 1401 digna
973 1344 1115 1386 esse.
1149 1328 1421 1393 Quocirca
1443 1342 1501 1382 se
1520 1325 1749 1381 credere
1764 1324 1929 1379 etiam

346 1444 459 1483 non
507 1442 693 1496 posse,
748 1440 874 1480 eum
906 1432 1133 1495 propter
1165 1421 1446 1477 hominem
1482 1420 1695 1474 fatuum
1729 1433 1796 1476 eo
1822 1419 1932 1474 ira-

348 1520 565 1574 cundiae
596 1516 1052 1588 aegritudinisque
1078 1516 1439 1586 processisse.
1498 1513 1708 1569 Deinde
1740 1527 1799 1568 se
1829 1525 1931 1567 nec

348 1612 572 1666 audisse
619 1609 752 1679 quid
805 1608 1056 1675 diceret;
1106 1622 1207 1662 nec
1260 1609 1305 1661 si
1355 1606 1549 1661 audire
1592 1606 1927 1676 contigisset,

349 1714 533 1770 Opera:
567 1698 807 1768 pretium
840 1710 1135 1750 censuram
1170 1693 1340 1749 fuisse
1372 1695 1651 1749 hominem
1675 1694 1928 1757 multare,

350 1790 572 1862 quando
617 1789 849 1858 ipsemet
897 1801 1006 1840 non
1054 1785 1323 1839 minorem
1376 1800 1540 1853 quam
1577 1784 1717 1853 ipsa,
1748 1793 1803 1838 et
1833 1799 1929 1851 pu-

351 1880 539 1936 niendi
566 1895 595 1933 a
626 1879 828 1947 quibus
861 1875 1110 1932 offensus
1136 1876 1228 1938 sit,
1257 1884 1311 1930 et
1335 1874 1674 1945 ignoscendi,
1707 1873 1751 1927 si
1778 1874 1929 1931 velit.

352 1973 741 2029 auctoritatem
793 1969 1014 2023 habeat.
1053 1968 1423 2034 Quamobrem
1457 1966 1501 2021 si
1532 1975 1761 2036 propter
1796 1963 1929 2018 illud

350 2066 583 2120 verbum
626 2063 893 2118 duntaxat
920 2061 1323 2133 indignaretur,
1353 2074 1385 2114 a
1412 2058 1707 2128 semetipso
1737 2057 1928 2127 magis,

350 2172 517 2227 quam
554 2155 622 2210 ab
657 2154 749 2208 illa
783 2168 973 2223 poenas
1002 2169 1221 2208 sumere
1251 2152 1569 2208 convenire.
1604 2152 1657 2207 Si
1687 2166 1797 2221 quo
1822 2151 1931 2205 alio

350 2248 457 2303 sibi
511 2261 652 2317 opus
693 2246 785 2309 sit,
815 2244 961 2314 quod
998 2244 1115 2314 ipsa
1149 2260 1322 2313 usque
1352 2258 1500 2298 nunc
1534 2242 1771 2314 ignoret,
1805 2254 1931 2297 cum

350 2338 551 2393 fiducia
583 2337 793 2407 aperiat
827 2353 841 2388 :
881 2333 1016 2388 nihil
1050 2332 1199 2401 fore,
1234 2333 1287 2386 in
1323 2348 1433 2403 quo
1462 2334 1583 2403 ejus
1608 2332 1792 2385 animo
1822 2346 1929 2385 non

348 2432 590 2487 libenter
641 2426 1017 2500 gratiﬁcatura
1071 2425 1165 2487 sit,
1216 2424 1321 2478 nisi
1366 2425 1537 2479 multo
1580 2423 1814 2478 maxime
1864 2422 1930 2477 ad

348 2518 720 2592 prestandum
753 2515 1097 2586 impossibile
1132 2513 1335 2589 fuerit”
1354 2513 1445 2569 Sic
1472 2515 1791 2584 imperati-ix
1815 2530 1931 2569 ma-

350 2627 460 2686 gno
494 2610 798 2667 domestico
844 2607 1293 2678 respondendum
1326 2609 1560 2662 curavit.
1601 2607 1703 2675 Qui
1734 2608 1800 2662 ad
1841 2624 1934 2677 pa-

350 2703 678 2767 triarcbam,
725 2699 797 2754 Et
850 2709 907 2753 tu
941 2697 1161 2768 penitus
1202 2698 1310 2752 vim
1360 2697 1651 2751 verborum
1682 2714 1929 2754 meorum

351 2800 595 2867 ignoras,
650 2791 855 2862 inquit.
910 2800 965 2847 et
1012 2790 1257 2862 Augusta
1304 2805 1337 2845 ιι
1374 2790 1708 2862 cogitatione
1738 2806 1930 2847 eorum

350 2902 474 2957 qua:
522 2884 680 2947 fiunt,
712 2883 870 2938 abest
902 2882 1245 2952 longissime.
1284 2881 1354 2937 Ut
1378 2893 1561 2937 autem
1588 2892 1643 2937 et
1673 2892 1728 2937 tu
1763 2882 1928 2948 scias,

350 2985 407 3030 ιιι
459 2975 539 3030 illi
588 2989 852 3044 exponas,
900 2988 1063 3043 quam
1113 2989 1222 3028 non
1267 2974 1454 3044 iniqua
1500 2974 1555 3027 in
1601 2974 1765 3031 corde
1808 2990 1931 3030 meo

351 3086 592 3136 versem,
646 3070 775 3125 audi
835 3070 960 3139 quis
991 3069 1061 3123 sit
1105 3083 1259 3123 meus
1301 3068 1367 3123 de
1403 3070 1680 3139 republica
1711 3085 1927 3128 sensus.

2028 591 2153 643 τίκα
2185 591 2284 661 μὲν
2309 588 2403 644 οὖν
2436 593 2464 644 ὀ
2495 592 2839 662 πατριάρχης
2868 595 3037 646 ἐποίει
3070 594 3137 647 τὰ
3172 594 3604 667 κεκελε.σμένα,

2031 675 2125 736 καὶ
2153 687 2219 753 τῇ
2257 683 2493 753 βασιλίδι
2548 685 2885 755 ἀπήγγειλεν
2914 686 3015 739 ὅσα
3059 689 3086 740 ό
3132 686 3308 757 μέγας
3348 689 3606 760 δομέστι-

2030 789 2124 837 κος
2158 774 2295 844 πρὸς
2323 774 2488 829 αὐτὸν
2538 774 2867 847 διαλεχθείη.
2932 777 2999 830 Ἦ
3035 776 3091 831 δέ
3126 778 3343 841 ἐλπίδος
3374 799 3433 834 τε
3477 781 3607 850 ἐξω,

2031 867 2126 920 καί
2164 867 2305 937 πέρα
2352 868 2684 937 προσδοκίας
2734 868 2929 937 λόγους
2960 870 3081 931 ταῖς
3131 871 3325 934 ἀκοαῖς
3368 873 3610 939 είσδεξα-

2034 959 2197 1029 μένη.
2228 956 2417 1028 ἠνιᾶτο
2452 958 2555 1028 μὲν
2602 958 2695 1012 ἐπὶ
2741 962 2857 1022 τοῖς
2906 960 3229 1030 λεγομένοις
3254 1003 3268 1026 ,
3305 964 3609 1035 ἐξεπέπλη-

2031 1064 2129 1099 κτο
2160 1046 2239 1112 δὲ,
2273 1046 2322 1110 ὃ,
2357 1063 2409 1099 τι
2446 1046 2507 1098 τὸ
2541 1045 2633 1099 τὸν
2675 1047 2852 1116 μέγαν
2884 1048 3208 1116 ὃομέστικον
3269 1052 3464 1105 πεῖσαν
3494 1071 3610 1107 τοι-

2029 1138 2172 1192 αῦτά
2202 1155 2261 1191 τε
2293 1138 2671 1209 ἐνθυμηθῆναι
2699 1138 2797 1192 καὶ
2827 1140 2964 1208 πρὶς
2997 1139 3167 1210 αὐτὴν
3205 1142 3381 1193 εἰπεῖν
3407 1159 3422 1174 ·
3455 1144 3609 1213 ὅμως

2031 1230 2230 1301 ἑαυτὴν
2272 1231 2645 1297 ἀναλαϐοῦσα,
2682 1233 3024 1303 ἀντεμήνυεν
3080 1233 3251 1305 αὐτῷ,
3288 1234 3363 1305 μὴ
3399 1238 3609 1290 παντά-

2032 1341 2200 1378 πασιν
2237 1324 2387 1395 αὑτῷ
2431 1326 2733 1396 προσήκειν
2766 1326 2897 1389 τοὺς
2931 1325 3211 1389 τοιούτους
3243 1327 3461 1396 λόγους,
3483 1329 3611 1383 οὐδὲ

2029 1417 2131 1486 τῆς
2160 1416 2325 1469 αὐτοῦ
2356 1416 2597 1480 διανοίας
2649 1417 2837 1481 ἀξίους
2918 1412 3058 1471 εἶναι
3094 1433 3109 1448 ·
3161 1418 3281 1472 οὐδὲ
3340 1421 3440 1488 τῆς
3475 1421 3612 1489 πρὸς

2033 1507 2259 1578 βασιλέα
2311 1508 2496 1578 φιλίας
2542 1510 2613 1581 ἢν
2640 1511 2705 1563 ἐκ
2747 1510 2956 1563 παίδων
3002 1510 3162 1580 ἄχρι,
3217 1510 3313 1563 καὶ
3364 1513 3444 1573 είς
3490 1514 3609 1566 τόδε

2030 1602 2224 1671 χρόνου
2254 1601 2507 1671 ἀλλήλοις
2554 1602 2922 1673 διετηρήσατε
2974 1604 3163 1657 ἄδολον
3205 1604 3300 1657 καὶ
3340 1605 3603 1675 καθαράν.

2032 1693 2124 1744 Διὸ
2148 1692 2273 1745 οὐδὲ
2315 1691 2599 1745 πείθεσθαι
2630 1687 2719 1747 οἷά
2752 1710 2812 1746 τε
2864 1697 2981 1763 εἰμὶ
3008 1694 3083 1756 ὡς
3120 1694 3603 1764 παραφρονοῦντος

2036 1784 2199 1838 ἕνεκα
2227 1784 2518 1855 ἀνθρώπου
2577 1784 2860 1856 προήχθης
2896 1788 2976 1849 είς
3027 1786 3279 1839 τοσοῦτον
3312 1788 3403 1840 καὶ
3433 1785 3600 1855 ὀργῆς

1968 1856 2008 1911 Β
2039 1875 2130 1928 καὶ
2159 1874 2356 1943 λύπης.
2401 1873 2544 1943 Ἐγὼ
2584 1874 2639 1928 δέ
2673 1876 2802 1945 μήτ’
2852 1876 3153 1946 ἀκηκοέναι
3194 1876 3288 1929 τοῦ
3320 1875 3601 1944 ἀνθρώπου

2032 1966 2283 2033 λέγοντος
2310 1965 2580 2035 ὁμολογῶ,
2614 1968 2743 2037 μήτ’
2777 1967 2828 2019 εί
2864 1969 2960 2020 καὶ
3002 1967 3283 2020 συνέϐαινε
3315 1966 3605 2029 πυθέσθαι,

2034 2057 2317 2129 προῦργου
2376 2058 2713 2130 ποιήσασθαι
2754 2059 3006 2124 κολάζειν
3046 2060 3139 2113 τὸν
3190 2060 3414 2112 εἰπόντα
3440 2074 3453 2088 ·
3485 2060 3609 2112 οὐδὲ

2032 2152 2142 2222 γὰρ
2167 2152 2332 2215 αὐτὸς
2368 2152 2433 2205 σὺ
2456 2152 2670 2206 ἐλάττω
2698 2151 2928 2221 δύναμιν
2958 2152 3129 2223 ἔχεις,
3161 2151 3193 2223 ἢ
3227 2151 3336 2220 ἐγὼ
3359 2152 3610 2215 κολάζειν

2032 2261 2091 2296 τε
2124 2243 2249 2305 τοὺς
2284 2244 2749 2313 προσκρούοντας,
2792 2246 2886 2298 καί⁹
2939 2244 3273 2313 συγγνώμην
3343 2245 3609 2314 παρέχειν

2032 2338 2342 2412 ἂνέΘέλῃς.
2403 2339 2464 2393 Et
2507 2355 2606 2410 μεν
2636 2336 2729 2394 οὖν
2786 2340 3013 2394 ἐκείνων
3055 2341 3215 2394 ἕνεκα
3270 2340 3376 2394 τῶν
3434 2341 3610 2410 λόγων

2036 2429 2193 2499 μόνον
2242 2431 2598 2498 ἀγανακτεῖς,
2648 2431 2798 2497 παρά
2871 2430 3075 2488 σαυτοῦ
3127 2431 3328 2501 μᾶλλον
3382 2432 3415 2500 ἢ
3477 2430 3610 2501 παρ’

2033 2521 2169 2590 ἐμοῦ
2228 2524 2496 2593 προσήκει
2539 2523 2841 2592 λαμϐάνειν
2880 2524 3057 2586 δίκας.
3105 2526 3165 2577 Et
3204 2524 3261 2578 δέ
3317 2524 3409 2578 καί
3464 2543 3608 2590 τινος

2033 2613 2224 2681 ἐτέρου
2285 2612 2377 2683 δέῃ
2416 2613 2551 2681 ὅπερ
2583 2612 2713 2682 ἄχρι
2761 2612 2853 2665 νῦν
2900 2616 3176 2681 ἄγνωστον
3223 2615 3372 2683 ἐμοὶ,
3428 2615 3610 2683 λέγειν

2033 2702 2359 2773 θαρροῦντα,
2382 2704 2457 2767 ὡς
2498 2704 2626 2776 παρ’
2681 2705 2804 2774 ἐμοὶ
2834 2705 3094 2759 δύσκολον
3123 2706 3381 2777 ἐσόμενον
3442 2708 3613 2779 μηδὲν

2031 2796 2168 2865 ὅπερ
2218 2796 2283 2850 ἀν
2351 2813 2431 2849 σοι
2464 2800 2605 2851 κατὰ
2657 2797 2883 2867 γνώμην
2934 2794 2990 2870 ᾖ,
3041 2801 3090 2851 εἰ
3135 2798 3212 2869 μὴ
3251 2799 3430 2869 πάντη
3499 2800 3608 2855 τῶν

2032 2888 2461 2941 ἁδυνατωτάτων
2525 2889 2639 2958 εἴη.
2691 2889 2938 2943 Τοιαῦτα
2985 2890 3085 2959 μὲν
3135 2893 3167 2959 ἠ
3211 2890 3424 2960 βασιλὶς
3471 2892 3609 2961 πρὸς

2032 2974 2156 3037 τοὺς
2186 2974 2280 3027 τοῦ
2330 2976 2573 3043 μεγάλου
2603 2975 2934 3046 δομεστίκου
2984 2977 3177 3044 λόγους
3227 2980 3560 3047 ἀπεκρίνατο
3591 2995 3607 3010 ·

2033 3067 2060 3120 ὃ
2089 3067 2131 3121 δ’
2164 3068 2429 3139 ἔφασκεν,
2466 3069 2629 3122 αὐτόν
2670 3087 2728 3122 τε
2764 3071 3115 3125 παντάπασιν
3157 3072 3610 3143 ἡγνοηκὲναιτὴν

352 3161 528 3218 Meam
561 3176 685 3216 eum
717 3158 981 3214 defuncto
1010 3158 1407 3228 imperatores;
1438 3159 1624 3229 pueris
1648 3159 1930 3229 perfectis-

2036 3160 2268 3232 δύναμιν
2306 3162 2416 3215 τῶν
2446 3161 2617 3231 λόγων
2662 3162 2772 3216 τῶν
2835 3162 3028 3229 αὐτοῦ,
3089 3163 3183 3217 καὶ
3236 3164 3480 3233 βασιλίδα
3511 3164 3610 3235 τὴν

350 3255 547 3333 simam
598 3251 897 3306 amicitiam
926 3289 941 3315 ,
987 3257 1044 3305 et
1086 3258 1139 3304 te
1179 3249 1394 3305 nescire
1423 3250 1691 3305 credibile
1723 3260 1845 3320 est;
1873 3260 1931 3308 et

350 3341 672 3414 imperati-ix
713 3340 767 3394 in
791 3341 971 3410 patria
991 3339 1171 3394 adhuc
1190 3339 1395 3410 degens
1419 3354 1579 3398 nosse
1602 3342 1697 3414 qui
1717 3343 1933 3414 potuit?

351 3435 508 3502 Quod
538 3451 673 3490 vero
698 3435 766 3489 ad
796 3433 1002 3489 bellum
1035 3440 1226 3487 contra
1254 3448 1418 3490 avum
1459 3446 1516 3491 et
1544 3436 1845 3507 inceptum”,
1878 3444 1935 3491 et

267 3564 277 3575 .
354 3528 571 3582 finitum
616 3526 836 3590 attinet,
879 3522 1101 3595 quando
1151 3526 1382 3597 reliquit:
1412 3529 1667 3583 omnibus
1699 3529 1933 3582 multum

354 3628 413 3679 ct
453 3617 605 3676 varie
632 3617 966 3685 immutatis,
1015 3619 1380 3689 omnibusque
1419 3619 1843 3676 adversantibus
1878 3620 1931 3674 in

353 3722 636 3769 extremas
667 3711 779 3765 fere
812 3708 1160 3765 difficultates
1181 3709 1425 3778 devenit,
1453 3727 1615 3781 quam
1648 3720 1935 3784 premptus

354 3809 405 3861 ei
446 3804 664 3875 adjutor
696 3802 1000 3858 exstiterim
1020 3843 1035 3868 ,
1080 3817 1183 3858 nec
1210 3804 1427 3873 corpori
1462 3820 1607 3871 meo,
1637 3820 1741 3860 nec
1770 3820 1937 3876 pecu-

353 3898 486 3964 niis,
529 3910 633 3951 nec
658 3894 750 3950 alii
788 3894 1025 3963 cuipiam
1062 3904 1246 3950 rerum
1274 3911 1520 3950 mearum
1550 3913 1799 3967 parcens,
1836 3898 1934 3954 sed

356 3985 702 4057 temporibus
730 3984 968 4050 miseris,
1005 3993 1061 4040 et
1089 3986 1300 4041 amicos
1329 4002 1619 4059 germanos
1649 3991 1936 4058 requiren-

356 4081 529 4144 tibus,
551 4079 735 4133 omnia
759 4078 808 4132 ei
840 4077 1016 4132 factus
1041 4078 1166 4144 sim,
1196 4079 1516 4148 nullumque
1538 4062 1776 4135 officium
1799 4096 1936 4149 prae-

357 4175 690 4232 termiserim
716 4192 733 4241 ;
762 4183 817 4230 et
844 4184 1141 4244 postquam
1154 4170 1349 4235 rerum
1374 4191 1645 4231 summam
1670 4177 1931 4242 obtinuit,

356 4275 623 4337 quantum
671 4268 738 4322 ad
788 4277 1047 4322 externos
1095 4269 1300 4332 hostes,
1339 4266 1577 4333 Graecos,
1607 4268 1854 4338 inquam,
1881 4276 1936 4323 et

356 4363 648 4423 Barbaros,
701 4372 758 4417 et
807 4360 1258 4422 ad'domesticos
1309 4359 1661 4416 insidiatores
1712 4362 1932 4427 attinet,

355 4453 522 4525 358
571 4451 853 4523 quomodo
905 4466 1007 4522 ego
1042 4463 1297 4521 tanquam
1329 4452 1471 4506 alter
1499 4452 1587 4506 ille
1616 4452 1664 4506 ei
1696 4451 1936 4507 eullabo-

2033 3254 2278 3308 διάνοιαν
2322 3255 2431 3308 τῶν
2481 3256 2829 3326 γιγνομὲνων
2879 3256 3118 3326 μάλιστα
3143 3257 3217 3319 ώς
3268 3259 3611 3330 πορρωτάτω

2027 3348 2199 3424 ἔχειν.
2243 3347 2362 3401 Ἵνα
2401 3345 2459 3400 δέ
2509 3347 2666 3412 αὐτός
2699 3364 2758 3401 τε
2807 3349 2957 3419 εἰδῇς
2997 3352 3091 3405 καὶ
3126 3350 3360 3420 βασιλίδι
3388 3351 3606 3422 φράσῃς

2032 3441 2107 3504 ὡς
2139 3442 2325 3495 δίκαια
2352 3441 2694 3513 διανοοῦμαι,
2726 3441 2799 3506 ὡς
2831 3443 2939 3514 ἔχω
2966 3445 3097 3513 περὶ
3123 3444 3233 3497 τῶν
3262 3444 3607 3514 πραγμάτων

2035 3534 2288 3588 ἄκουσον.
2345 3533 2458 3605 Τὴν
2494 3535 2593 3604 μὲν
2641 3534 2778 3605 ἐμοῦ
2824 3552 2885 3588 τε
2941 3537 3036 3590 καὶ
3079 3535 3348 3606 βασιλέως
3396 3537 3611 3589 ἐκείνου

2035 3629 2172 3695 προς
2202 3625 2464 3696 ἀλλήλους
2512 3626 2578 3678 ἐκ
2615 3626 2823 3681 παίδων
2871 3627 3186 3697 ἀκροτάτην
3219 3626 3424 3696 φιλίαν,
3456 3624 3519 3678 σύ
3554 3624 3607 3678 τ’

2034 3713 2379 3784 ἂνάτνοοίης
2442 3713 2632 3783 ὥσπερ
2660 3713 2828 3779 εἰκὸς,
2882 3714 2979 3767 καὶ
3014 3714 3048 3785 ἡ
3085 3713 3298 3784 βασιλὶς
3342 3715 3477 3785 πρὶς
3509 3713 3611 3785 τὴν

2035 3807 2216 3861 οἰκίαν
2260 3806 2621 3877 διατρίϐουσα
2644 3822 2659 3837 ’
2689 3807 2792 3859 ὅσα
2832 3806 3018 3877 μέντοι
3070 3823 3136 3876 γε
3170 3807 3325 3878 πρὸς
3349 3808 3441 3861 τὸν
3473 3808 3610 3878 πρὸς

2038 3899 2262 3970 βασιλέα
2290 3900 2380 3951 τὸν
2427 3900 2655 3953 πάππον
2688 3896 2947 3967 πόλεμον,
3001 3900 3098 3952 καὶ
3157 3899 3467 3971 ἀρχομένου
3514 3901 3611 3954 καὶ

2036 3991 2418 4057 τελευτῶντος,
2449 3992 2539 4045 ὅτε
2580 3992 2691 4045 τῶν
2742 3992 2921 4047 ἄλλων
2957 3994 3215 4048 ἁπάντων
3280 3995 3485 4058 πολλάς
3515 3994 3613 4048 καὶ

2037 4084 2388 4149 παντοδαπάς
2455 4084 2808 4139 ὑποστάντων
2850 4086 2966 4148 τὰς·
2997 4085 3330 4155 μεταϐολάς,
3392 4088 3610 4142 πάντων

2036 4174 2519 4245 ἀντιτεταγμένων
2557 4174 2743 4245 σχεδὸν
2770 4176 2852 4240 είς
2881 4176 3121 4245 ἐσχάτην
3172 4176 3413 4246 ἀπορίαν
3444 4180 3611 4248 σύνη-

2037 4267 2198 4338 λάθη,
2225 4268 2375 4336 αὐτῷ
2405 4269 2701 4340 προθύμως
2733 4270 3221 4341 συνηγωνισάμην,
3259 4272 3612 4343 μήτε-σώμα-

2035 4377 2128 4424 τος
2152 4359 2471 4430 φειδόμενος
2498 4403 2513 4427 ,
2548 4362 2687 4431 μήτε
2744 4362 3066 4433 χρημάτων,
3118 4365 3249 4434 μήτ’
3289 4364 3451 4418 ἄλλον
3502 4364 3612 4416 τῶν

2036 4451 2255 4506 οἰκείων
2306 4454 2560 4524 μηδενὸς,
2616 4452 2734 4507 ἀλλ’
2771 4458 2833 4508 ἐν
2881 4458 2997 4519 τοῖς
3054 4457 3294 4526 μάλιστα
3325 4457 3610 4525 ἐπείγουσι

356 4534 547 4612 rarim,
595 4555 655 4601 et
705 4560 831 4601 cum
872 4559 960 4607 eo.
1008 4558 1073 4599 ac
1112 4561 1212 4614 pro
1238 4559 1304 4599 eo
1334 4544 1503 4599 tnulta
1548 4544 1734 4616 gravia
1789 4546 1930 4615 peri-

2040 4543 2150 4597 τῶν
2197 4543 2407 4614 καιρῶν
2438 4546 2533 4598 καὶ
2583 4543 2863 4613 δεομένοις
2902 4546 3144 4615 γνησίων
3202 4548 3373 4613 φίλων
3434 4547 3614 4601 πάντα

354 4640 651 4707 culosaque
691 4635 1049 4691 sustinuerim
1094 4634 1251 4704 (sileo
1299 4636 1448 4689 enim
1482 4635 1549 4690 de
1580 4635 1933 4690 administra-

358 4732 544 4793 tione,
598 4742 707 4797 quo
754 4733 913 4796 pacto
964 4739 1180 4777 omnem
1220 4739 1321 4794 ego
1350 4723 1592 4779 laborem
1626 4725 1929 4794 perferens,

355 4819 648 4889 imperium
680 4817 780 4887 ipsi
805 4814 1124 4869 facillimum
1152 4813 1784 4882 reddideritn),Romani
1816 4831 1935 4870 om-

356 4925 455 4965 nes
492 4908 634 4963 scire
690 4912 940 4977 possunt,
976 4906 1139 4958 rebus
1188 4904 1320 4973 ipsis
1348 4906 1794 4962 manifestissime
1821 4908 1933 4961 cla-

359 5001 661 5062 mantibus,
697 5007 753 5052 et
780 4994 1157 5051 testimonium
1201 4994 1406 5061 ferent;
1436 5012 1655 5066 praeque
1677 4999 1935 5053 omnibus

357 5092 703 5164 imperntrix,
755 5104 918 5159 quam
982 5103 1092 5142 non
1149 5090 1490 5159 experientia
1544 5101 1778 5158 tantum,
1833 5091 1928 5146 sed

357 5192 591 5258 ipsemet
614 5197 835 5252 quoque
858 5183 1153 5251 imperator
1182 5186 1248 5236 de
1281 5192 1467 5237 mutua
1501 5184 1643 5238 inter
1666 5199 1767 5238 nos
1797 5198 1933 5239 con-

357 5276 545 5333 cordia
575 5273 763 5329 docuit
796 5292 809 5327 :
844 5288 966 5343 qua:
996 5274 1216 5341 quidem
1249 5283 1395 5327 tanta
1432 5274 1552 5339 fuit,
1585 5284 1644 5328 ut
1672 5275 1930 5344 opinione

356 5383 479 5423 mea
524 5379 717 5419 omnes
769 5373 825 5419 et
879 5364 1157 5433 antiquos,
1205 5373 1261 5419 et
1305 5377 1552 5420 recentes
1588 5364 1657 5418 ab
1690 5363 1929 5419 amicitia

354 5460 679 5515 nobilitatos
728 5457 1088 5527 superaverit.
1145 5458 1297 5512 Unde
1352 5474 1460 5513 non
1496 5457 1658 5511 modo
1688 5456 1927 5511 vicissim

329 5538 457 5605 ’nos
499 5550 788 5619 adjuvari,
826 5548 920 5604 sed
962 5550 1127 5603 etiam
1177 5564 1350 5616 usque
1385 5549 1449 5601 ad
1482 5548 1584 5601 hoc
1628 5556 1841 5616 tempus
1876 5545 1928 5599 in

356 5658 569 5696 summa
617 5642 789 5711 gloria
821 5641 1021 5696 vixisse
1059 5640 1312 5709 contigit.
1369 5638 1552 5706 Turpe
1596 5638 1782 5706 igitur,
1819 5653 1925 5701 me,

356 5732 450 5805 qui
487 5734 719 5788 an!ehac
752 5748 1035 5803 nunquam
1076 5732 1239 5786 ullius
1270 5729 1555 5785 dedecoris
1582 5731 1926 5785 occasionem

361 5823 495 5876 mibi
546 5825 892 5892 pra‘bucrim,
943 5838 1090 5878 nunc
1137 5832 1352 5891 sponte,
1399 5836 1464 5876 ac
1512 5820 1771 5876 libentem
1812 5839 1925 5879 ma-

2041 4631 2304 4701 ἐγινόμην
2338 4630 2509 4700 αὐτῷ,
2545 4632 2639 4683 καὶ
2682 4630 2793 4683 τῶν
2837 4632 3088 4700 δεόντωνὸ
3128 4635 3377 4689 ἐνέλιπον
3426 4634 3605 4699 οὐδὲν,

2040 4716 2137 4770 καὶ
2166 4719 2306 4787 μετά
2357 4718 2419 4769 τὸ
2467 4719 2578 4769 τῶν
2632 4718 2981 4787 πραγμάτων
3026 4721 3274 4791 ἐγκρατῆ
3330 4722 3608 4789 γενέσθαι,

2039 4811 2139 4863 ὅσα
2174 4827 2234 4862 τε
2262 4810 2401 4881 πρὸς
2434 4811 2561 4871 τοὺς
2608 4808 2809 4874 ἔξωθεν
2843 4811 3160 4881 πολεμίους,
3217 4813 3313 4865 καὶ
3345 4812 3612 4882 Ἕλληνας

2039 4900 2204 4969 λέγω,
2239 4899 2333 4952 καὶ
2369 4899 2696 4970 βαρϐάρους,
2730 4902 2824 4953 καὶ
2855 4901 2995 4972 πρὸς
3024 4903 3151 4967 τοὺς
3202 4903 3351 4957 ἔνδον
3387 4904 3608 4956 ἐπιϐού-

2039 4994 2187 5057 λους,
2220 4992 2410 5062 ὥσπερ
2442 4992 2601 5057 ἄλλος
2647 4992 2722 5047 ὢν
2763 4994 2947 5061 αὐτὸς,
2986 4997 3082 5049 καὶ
3140 4998 3611 5067 συγκατειργαζό-

2044 5104 2152 5159 μην
2193 5088 2285 5138 καὶ
2319 5085 2673 5156 συνδιέφερον
2731 5086 2881 5156 αὐτῷ
2909 5090 3037 5150 τοὺς
3073 5087 3214 5158 ὑπὲρ
3270 5087 3465 5142 ἐαυτοῦ
3519 5092 3613 5142 πό-

2040 5160 2164 5237 νους
2229 5176 2325 5227 καὶ
2368 5176 2651 5238 κινδύνους
2694 5177 2789 5246 (ἐῶ
2828 5176 2937 5248 γὰρ
2980 5178 3162 5245 λέγειν
3193 5177 3293 5249 τὴν
3339 5178 3610 5248 διοίκησιν

2038 5271 2149 5322 τῶν
2184 5270 2549 5338 πραγμάτων,
2577 5271 2651 5333 ὡς
2682 5271 2845 5332 αὐτὸς
2877 5271 3056 5325 πάντα
3088 5272 3252 5324 πόνον
3310 5271 3613 5342 ὑφιστάμε-

2039 5379 2153 5425 νος,
2184 5363 2389 5416 άλυπον
2430 5363 2578 5431 αὐτῷ
2609 5366 2703 5416 καὶ
2751 5363 2951 5417 ἄπονον
2996 5362 3215 5417 ἐποίουν
3261 5364 3362 5434 τὴν
3387 5364 3608 5434 ἀρχὴν),

2040 5455 2241 5518 πάντες
2280 5455 2377 5526 μὲν
2426 5455 2491 5510 ἂν
2524 5458 2714 5509 εἰδεῖεν
2773 5454 3057 5527 Ῥωμαῖοι,
3091 5456 3272 5512 αὐτῶν
3299 5460 3612 5526 σαφέστατα

2040 5545 2287 5615 βοώντων
2341 5548 2447 5601 τῶν
2517 5549 2882 5617 πραγμάτων,
2944 5549 3035 5603 καὶ
3080 5551 3610 5621 συμμαρτυρήσαιεν

2036 5636 2181 5707 ἐμοί.
2243 5639 2362 5691 Των
2400 5640 2593 5693 ,ἄλλων
2637 5641 2692 5692 δὲ
2755 5640 2975 5694 πάντων
3035 5641 3269 5712 μάλιστα
3319 5642 3353 5710 ἡ
3398 5641 3609 5709 βασιλὶς

2036 5733 2136 5786 ὅσα
2181 5735 2254 5804 μὴ
2287 5734 2447 5801 μόνον
2476 5733 2578 5785 duo
2617 5733 2725 5786 τῶν
2763 5738 3127 5805 πραγμάτων,
3165 5735 3301 5791 ἀλλά
3327 5738 3420 5789 καὶ
3448 5735 3609 5806 βασι-

2037 5824 2174 5888 λέως
2219 5825 2387 5878 αὐτοῦ
2441 5826 2539 5893 τὴν
2598 5827 2735 5895 πρὶς
2798 5827 3072 5897 ἀλλήλους’
3124 5830 3282 5900 ἡμῶν
3326 5832 3598 5901 ὁμόνοιαν,
