4060 6418
452 388 553 457 ’721

1580 376 2119 450 IIIS'TORIARUM
2155 385 2390 447 LIBER
2426 386 2541 467 lli.

3603 387 3709 450 722

449 503 549 572 τὴν
591 503 800 567 πάντας
838 503 914 565 ὡς
963 495 1177 572 ἐγῷμαι
1221 500 1318 555 καὶ
1375 518 1500 564 τους
1552 500 1719 554 παλαι
1764 501 1858 555 καὶ
1909 499 2027 561 τοὺς

2139 495 2372 562 ledictis,
2419 505 2473 550 et
2524 494 2951 564 reprehensione
2988 494 3152 563 digna
3179 498 3544 553 committere.
3578 496 3708 553 Sive

449 594 547 648 νῦν
578 595 999 664 ύπερελάσασαν
1059 594 1155 647 ἐπὶ
1211 593 1364 665 φιλίᾳ
1415 592 1789 662 ύμνουμένους
1835 590 2025 658 σαφῶς

447 686 849 754 διδασκοέμνη.
903 685 1019 751 Ἐφ’
1054 680 1134 748 οἷς
1184 686 1283 737 οὐκ
1313 683 1645 752 ὠφελεῖσθαι
1699 683 1860 751 μόνον
1892 682 2025 751 παρ’

455 780 738 849 ἑκατέρων
766 778 1085 833 συνέϐαινεν
1119 781 1275 849 ἡμῖν,
1324 778 1461 832 ἀλλὰ
1507 776 1723 831 καὶτὸν
1768 777 1898 846 ἄχρι
1932 775 2027 828 νῦν

457 872 646 940 χρόνον
690 869 1052 924 εὐκλεέστατα
1101 869 1446 940 βεϐιωκέναι.
1507 871 1742 924 Ἄτοπον
1790 864 1905 927 οῦν.
1934 869 2027 919 τὸν

461 958 560 1027 μὲν
604 958 708 1027 πρὸ
758 957 855 1010 τοῦ
905 960 1102 1027 χρόνον
1146 958 1387 1016 ἅπαντα.
1446 958 1716 1027 μηδέποτε
1751 958 2027 1028 μηδεμίαν

455 1047 670 1114 ἀδοξίας
730 1050 1007 1122 πρόφασιν
1049 1053 1463 1121 παρεσχηκέναι
1500 1052 1748 1120 ἐμαυτῷ,
1809 1052 1928 1103 νυνὶ
1971 1048 2028 1102 δὲ

456 1142 639 1194 ἑκοντὶ
689 1140 962 1212 λοιδορίας
999 1141 1123 1206 ἄξια
1154 1144 1251 1195 καὶ
1314 1142 1575 1212 μέμψεως
1610 1144 1785 1194 ποιεῖν
1814 1159 1828 1174 ο
1859 1142 1927 1195 ἄν
1964 1158 2026 1193 τε

458 1231 567 1301 γὰρ
610 1232 885 1303 ἀγνοήσας
928 1232 1056 1285 οἵων
1090 1232 1277 1286 κακῶν
1310 1233 1377 1286 τὰ
1406 1234 1721 1304 πράγματα
1759 1235 2024 1304 χωρήσει,

460 1322 683 1393 ἐμαυτῷ
733 1323 834 1392 μὲν
888 1323 1127 1389 ἀδοξίας,
1193 1327 1307 1388 τοῖς
1364 1328 1572 1388 λοιποῖς
1628 1325 1686 1378 δὲ
1729 1325 2027 1395 Ῥωμαίοις

464 1413 670 1484 φθορᾶς
724 1415 819 1467 καὶ¹
870 1416 1137 1469 κινδύνων
1192 1418 1373 1493 αἴτιος
1418 1417 1696 1480 καταστῶ,
1767 1417 2028 1485 οὐδεμίαν

461 1502 850 1573 παραιτεῖσθαι
870 1504 1080 1569 δίκαιος
1109 1507 1441 1576 συγγνώμην
1465 1507 1625 1569 αὐτὸς
1650 1506 1779 1578 παρ’
1805 1504 2029 1576 ἐμαυτῷ

457 1598 643 1666 κριτῇ.
674 1598 777 1650 ’Ἂν
836 1614 896 1651 τε
933 1600 1028 1652 καὶ
1062 1600 1302 1671 συνορῶν
1362 1601 1576 1673 (ῶσπερ
1621 1601 1724 1672 ἥδη
1781 1602 1874 1654 καὶ
1904 1601 2027 1653 ἐπί-

460 1704 661 1753 σταμαι
693 1688 926 1761 σαφῶς),
977 1690 1170 1749 ἔπειτα
1199 1690 1758 1766 καταμαλακιζοίμην
1789 1694 1900 1747 δέει
1929 1691 2024 1747 τοῦ

460 1777 533 1848 μὴ
563 1777 742 1832 δοκεῖν
769 1781 830 1833 ὲν
883 1785 1115 1851 καιροῖς,
1147 1783 1240 1835 ἐπὶ
1281 1784 1549 1849 κινδύνοις
1577 1787 1679 1855 τὴν
1719 1785 1895 1856 ἀρχὴν
1931 1803 2027 1855 με·

456 1870 688 1934 θίεσθαι,
714 1871 775 1925 ού
811 1871 1080 1945 λοιδορίας
1127 1874 1276 1939 ἄξιος
1306 1875 1492 1945 μόνον,
1547 1876 1683 1930 ἁλλά
1725 1880 1819 1930 καὶ
1867 1876 2023 1947 δίκης

454 1958 552 2026 τῆς
603 1959 863 2031 ἐσχάτης,
898 1961 981 2014 ὅτι
1020 1964 1114 2015 καί
1148 1980 1229 2016 τοι
1260 1963 1549 2032 προειδὼς,
1583 1965 1853 2035 ὑπέμεινα
1878 1964 2022 2020 ἑκὼν

456 2046 597 2104 εἶναι
627 2051 799 2116 κακὸς
834 2051 1088 2123 ὀφθῆναι,
1144 2055 1240 2108 καὶ
1278 2056 1417 2125 μήτε
1448 2058 1684 2124 καιροῖς,
1721 2059 1858 2126 μήτε
1882 2058 2024 2128 πρά·

457 2157 662 2212 γμασιν
698 2143 774 2208 ὼς
797 2144 917 2197 δέον
943 2146 1256 2215 χρήσασθαι
1298 2147 1478 2209 εἰδώς.
1507 2142 1582 2201 Ob
1629 2149 1687 2200 δὲ
1716 2148 1880 2201 ἕνεκα
1912 2167 2029 2202 κιν-

461 2234 629 2288 δύνων
656 2252 715 2288 τε
765 2236 859 2289 καὶ
886 2236 1103 2301 ἀδοξίας
1145 2236 1317 2306 ἔγνων
1352 2238 1721 2292 ἀπαλλάττειν
1761 2240 2020 2310 ἐμαυτόν.

461 2325 568 2379 Καί
596 2343 674 2379 τοι
698 2343 763 2395 γε
790 2327 913 2381 οὐδὲ
959 2328 1194 2398 βασιλίδι
1221 2347 1279 2382 τε
1320 2331 1416 2383 καὶ
1445 2333 1558 2394 τοῖς
1608 2332 1875 2400 βασιλέως
1902 2349 2025 2386 παι-

462 2417 547 2471 σὶν
575 2420 637 2473 ὲκ
668 2420 766 2491 τῆς
799 2421 1016 2487 ἀδοξίας
1043 2426 1272 2493 ταυτησὶ
1305 2426 1403 2478 καὶ
1439 2424 1548 2477 τῶν
1595 2424 1858 2478 κινδύνων
1881 2425 2026 2495 ὠφέ-

457 2512 605 2567 λειάν
631 2530 752 2567 τινα
777 2514 954 2579 ἔξεστι
980 2516 1248 2587 πορίζειν.
1283 2513 1392 2571 Ἦν
1421 2520 1529 2589 γὰρ
1562 2519 1628 2573 ἂν
1652 2516 1814 2572 τοῦτο
1844 2536 2026 2589 παρα·

461 2604 650 2674 μύθιον
688 2611 748 2659 οὐ
786 2607 1014 2676 φαῦλον,
1050 2610 1126 2673 ὡς
1184 2611 1251 2663 διν
1297 2611 1355 2664 δὲ
1400 2608 1495 2681 μὴ’
1521 2610 1665 2663 δοκῶ
1704 2610 1836 2674 τοὺς
1883 2611 2025 2681 ὑπὲρ

459 2692 568 2747 τῶν
596 2692 861 2763 βασιλέως
899 2695 1108 2749 παίδων
1165 2696 1362 2761 πόνους
1392 2698 1486 2750 καλ⁵
1522 2698 1802 2762 κινδύνους
1834 2699 2027 2752 ἀποδι·

459 2784 735 2855 δράσκειν,
778 2786 870 2840 νῦν
917 2787 1016 2857 μὲν
1043 2791 1102 2843 ἐν
1139 2790 1240 2858 τῆς
1273 2790 1497 2861 εἰρήνης
1523 2793 1638 2853 τοῖς
1668 2794 1906 2861 καιροῖς,
1938 2792 2027 2845 ὅτε

467 2877 599 2946 μήτε
632 2879 869 2948 πόλεμος
896 2879 1093 2944 οὐδεὶς,
1133 2881 1272 2950 μήτε
1304 2883 1489 2935 κακῶν
1520 2882 1821 2952 προσδοκία
1863 2883 2027 2953 μηδεο

468 2969 596 3037 μία,
634 2971 984 3042 πατριάρχης
1019 2989 1076 3024 τε
1130 2975 1225 3025 καὶ
1262 2971 1570 3043 σύγκλητος
1614 2959 1731 3042 ἅμα
1795 2974 2027 3043 βασιλίδι

466 3055 754 3119 ίθυνὸντῶν
781 3065 878 3136 τὴν
915 3064 1108 3136 ἀρχὴν,
1139 3068 1234 3120 καὶ
1292 3067 1357 3119 τὰ
1386 3069 1450 3119 ὲκ
1494 3065 1697 3138 ταύτης
1720 3066 1901 3134 ἀγαθὰ
1937 3066 2030 3121 καὶ

462 3156 557 3221 τὰς
599 3158 767 3227 τιμὰς
793 3157 1178 3226 καρπούσθων.
1232 3158 1360 3211 Ἐὰν
1393 3158 1448 3211 δέ
1484 3175 1615 3211 ποτε
1663 3157 1909 3231 συμὸαίῃ
1943 3160 2031 3213 πό-

430 3280 433 3281 ν
461 3248 517 3301 λε
526 3248 624 3318 μόν
648 3265 772 3303 τινα
795 3250 1101 3321 ἀναφυῆναι
1131 3250 1375 3304 κίνδυνον
1405 3248 1735 3305 ἀπειλοῦντα
1758 3250 2028 3321 βασιλέως

460 3345 573 3406 τοῖς
616 3343 799 3409 παισὶ,
855 3343 966 3397 τότ’
1000 3345 1164 3407 αὐτὸς
1191 3345 1290 3415 ἤδη
1351 3342 1651 3414 προθύμως
1683 3346 1798 3420 τοῖς
1842 3345 2026 3399 κινδύ-

460 3450 576 3496 νοις
628 3434 929 3505 ὲμπαρέξω
992 3437 1250 3505 ἐμαυτὸν,
1306 3437 1403 3490 καὶ
1458 3437 1491 3506 ἢ
1535 3438 1891 3493 συνδιασώσω
1931 3440 2031 3511 τὴν

461 3524 635 3597 ἀρχὴν
665 3526 870 3592 αὐτοῖς,
906 3528 939 3599 ἢ
976 3527 1115 3597 ὑπὲρ
1151 3528 1330 3582 αὐτῶν
1372 3530 1678 3599 μαχόμενος
1708 3534 2026 3601 πεσοῦμαι;

462 3619 539 3681 ὡς
573 3618 639 3671 ἂν
675 3619 799 3689 ἐμοὶ
827 3619 928 3688 μὲν
958 3620 1007 3674 οἱ
1037 3620 1193 3673 πόνοι
1217 3620 1321 3673 καὶ
1341 3620 1401 3674 τὸ
1432 3619 1787 3693 κινδυνεύειν,
1817 3623 1948 3693 ὑμῖν
1973 3621 2030 3675 δὲ

459 3710 522 3764 τὸ
558 3711 829 3782 ὲντρυφᾷν
852 3713 966 3776 τοῖς
998 3711 1314 3780 πράγμασι,
1346 3712 1441 3763 καὶ
1489 3692 2033 3767 ἆῦτῶνκκταπολαύ-

461 3819 542 3856 ειν
572 3803 799 3874 μηδενὸς
824 3801 1282 3872 παρενοχλοῦντος
1322 3802 1675 3872 περιγίνοιτο.
1721 3806 2031 3876 Κεφάλαιον

459 3896 517 3950 δὲ
570 3896 679 3957 τῶν
741 3894 914 3964 λόγων
974 3895 1085 3952 τῶν
1162 3895 1332 3966 ἐμῶν,
1394 3894 1471 3961 ὡς
1546 3899 1693 3953 ἐστιν
1750 3902 1901 3954 οὐδὲν
1970 3903 2030 3955 τὸ

461 3990 667 4052 πεῖσον,
719 3987 906 4056 ὥσπερ
967 3987 1061 4040 καὶ
1107 3989 1394 4057 πρότερον,
1449 3989 1669 4059 ἔχεσθαι
1709 3991 1818 4044 τῶν
1879 4010 2027 4063 πρα-

461 4074 689 4148 γμάτων
732 4078 830 4145 τῆς
877 4079 1083 4149 ἀρχῆςο
1113 4080 1188 4139 ὡς
1246 4078 1313 4132 ἂν
1357 4079 1412 4131 δὲ
1453 4079 1547 4131 καὶ
1602 4080 1787 4151 ἔργοις
1825 4083 1853 4136 ὃ
1882 4084 2026 4153 λέγω

460 4171 764 4245 κατάδηλον
798 4174 1031 4242 ποιήσω,
1063 4173 1160 4240 τῆς
1216 4171 1482 4239 συνήθους
1532 4173 1804 4246 καθέδρας
1832 4177 2028 4241 ἐξανα-

462 4268 616 4331 στὰς,
669 4266 754 4335 ἐφ’
796 4266 987 4341 ἑτέραν
1019 4264 1377 4334 καθεδοῦμαι,
1436 4264 1502 4316 ἵν’
1534 4265 1703 4336 εἰδείη
1730 4283 1788 4318 τε
1818 4267 2029 4337 βασιλίς

459 4376 517 4411 τε
550 4362 641 4412 καὶ
672 4356 856 4428 ύμεῗς,
889 4357 963 4420 ὡς
992 4356 1144 4409 οὐδὲν
1178 4357 1276 4426 ἤδη
1323 4355 1385 4408 τὸ
1419 4355 1629 4409 κωλῦον
1685 4357 1874 4428 ἕτερόν
1904 4377 2029 4414 τινα

456 4452 517 4505 ὃν
544 4452 609 4506 ἂν
643 4449 907 4522 βούλησθε
936 4449 1090 4501 αὐτοὶ
1116 4449 1225 4509 toi;
1262 4446 1586 4518 πράγμασιν
1635 4449 1864 4519 ἐφιστᾷν
1892 4466 1906 4480 ο
1938 4451 2028 4504 οὗ-

2129 591 2277 642 enim
2301 588 2650 657 nescius,quo
2674 588 3020 642 miseriarum
3050 604 3135 643 res
3151 590 3409 652 evadent,
3431 590 3564 650 mihi
3587 591 3713 659 qui-

2128 676 2253 730 dem
2279 676 2655 745 ignominiam,
2695 675 2910 731 caeteris
2946 684 3130 731 autem
3173 678 3436 733 Romanis
3464 680 3707 748 pericula

2127 767 2472 837 exitiumque
2514 783 2772 821 creavero
2799 807 2814 830 ,
2866 768 3069 822 nullam
3118 770 3205 824 vel
3256 785 3343 823 me
3374 769 3495 839 ipso
3522 770 3710 840 judice

2127 859 2380 925 veniam;
2409 860 2524 914 sive
2546 860 2714 914 etiam
2744 859 3191 915 animadvertens
3217 861 3705 931 (quemadmodum

2058 992 2067 1003 .
2119 953 2231 1025 jam
2277 952 2489 1024 liquido
2538 953 2698 1024 seio),
2743 963 2924 1008 tamen
2954 954 3308 1009 cmollescam
3349 956 3589 1019 timore,
3640 969 3708 1009 ne

2126 1045 2341 1101 scilicet
2385 1038 2578 1100 dubiis
2616 1061 2680 1100 ac
2722 1045 3093 1100 formidulosis
3145 1046 3487 1116 temporibus
3537 1047 3711 1116 impe-

2127 1141 2271 1193 rium
2304 1138 2492 1193 videar
2527 1137 2829 1200 dimittere,
2855 1148 3053 1208 praeter
3085 1140 3548 1208 vituperationem
3582 1155 3710 1194 cru-

2128 1229 2468 1285 delissimum
2498 1244 2718 1299 quoque
2746 1231 3077 1299 supplicium
3107 1230 3489 1286 commerebor
3517 1248 3531 1284 :
3559 1229 3708 1300 quod

2128 1337 2443 1393 quanquam
2493 1321 2813 1392 pra-sciens,
2840 1323 3203 1378 sustinuerim
3233 1324 3422 1379 volens
3452 1325 3701 1395 ignavus.

2126 1423 2184 1469 et
2231 1428 2410 1483 neque
2454 1414 2835 1479 occasionum,
2887 1429 3068 1484 neque
3097 1430 3282 1473 rerum
3308 1417 3449 1471 bene
3478 1414 3711 1471 utenda-

2129 1522 2252 1562 rum
2291 1507 2503 1577 peritus
2543 1506 2737 1561 videri.
2771 1507 2944 1573 Quam
2976 1507 3047 1562 ob
3073 1522 3292 1562 causam
3324 1515 3381 1562 et
3427 1506 3705 1563 discrimi-

2129 1600 2316 1663 nibus,
2369 1609 2426 1654 et
2479 1598 2716 1654 infamize
2760 1614 2847 1654 me
2899 1599 3118 1654 decrevi
3166 1598 3511 1664 subducere;
3560 1599 3707 1653 unde

2130 1704 2233 1743 nec
2284 1690 2349 1744 ad
2394 1689 2824 1759 imperatricem,
2879 1705 2983 1745 nee
3024 1689 3090 1744 ad
3125 1691 3474 1761 imperatoris
3504 1691 3710 1745 liberos

2128 1782 2335 1852 aliquid
2390 1782 2752 1838 emolumenti
2795 1781 3165 1848 redundabit;
3218 1792 3366 1837 esset
3412 1783 3559 1836 enim
3605 1784 3709 1837 hoc

2051 1858 2105 1917 Β
2127 1887 2237 1926 non
2281 1872 2538 1942 exiguum
2587 1872 2864 1927 solatium.
2906 1872 2984 1928 Ne
3015 1882 3200 1928 autem
3235 1874 3455 1929 labores
3483 1884 3709 1944 propter

2130 1964 2273 2019 filios
2332 1965 2684 2034 imperatoris
2731 1965 3103 2034 capessendos
3151 1966 3327 2021 vitare
3378 1965 3703 2029 existimer.

2128 2070 2277 2110 nunc
2318 2056 2542 2125 quidem
2598 2054 2653 2110 in
2688 2055 2793 2110 ista
2843 2071 3013 2125 pace.
3061 2072 3186 2112 eum
3235 2072 3337 2112 nec
3387 2057 3593 2113 bellum
3624 2068 3711 2113 est

2128 2147 2301 2203 ullum
2330 2180 2367 2213 ,-
2395 2163 2501 2203 nec
2547 2148 2819 2203 malorum
2859 2149 3227 2219 exspectatio,
3268 2150 3610 2220 patriarcha,
3651 2164 3710 2208 et

2126 2242 2420 2297 concilium
2460 2257 2569 2295 una
2615 2256 2739 2296 cum
2782 2242 3138 2312 imperatrice
3165 2243 3458 2313 imperium
3488 2254 3704 2314 regant,

2126 2335 2355 2403 ejusque
2399 2333 2563 2388 bonis
2614 2340 2669 2387 et
2716 2333 3023 2390 honoribus
3085 2335 3462 2405 perfruantur.
3499 2335 3707 2402 Quodsi

2126 2422 2424 2492 aliquando
2471 2436 2625 2476 arma
2656 2422 3010 2490 imperatoris
3039 2423 3230 2479 liberis
3265 2423 3571 2494 periculum
3604 2423 3709 2479 de-

2127 2514 2441 2569 nuntiantia
2484 2514 2889 2578 movebuntur,
2928 2530 3148 2571 rursum
3198 2515 3431 2586 impigre
3460 2516 3704 2571 hostium
3806 2516 3820 2527 '

2127 2608 2254 2662 telis
2306 2621 2392 2661 me
2438 2605 2748 2677 objectabo,
2779 2616 2835 2662 et
2873 2616 2968 2662 aut
3000 2607 3295 2679 imperium
3337 2609 3446 2663 illis
3475 2610 3706 2664 servabo

2130 2699 2442 2763 incolume,
2494 2705 2591 2752 aut
2637 2712 2830 2752 eorum
2882 2713 3045 2754 causa
3103 2698 3375 2755 inmedio
3404 2702 3707 2758 certamine

2128 2790 2495 2846 occumbam:
2530 2797 2589 2842 ut
2619 2804 2719 2860 ego
2757 2789 2981 2858 quidem
3010 2790 3228 2847 labores
3261 2791 3492 2848 habeam
3525 2804 3582 2849 et
3610 2810 3707 2864 pe-

2131 2883 2325 2949 ricula,
2371 2897 2467 2937 vos
2516 2890 2701 2935 autem
2741 2882 2999 2938 omnibus
3041 2882 3218 2954 copiis
3256 2884 3558 2952 afﬂuentes,
3607 2887 3706 2941 de-

2130 2975 2275 3030 liciis
2319 2984 2375 3029 et
2430 2975 2648 3045 gaudiis
2703 2973 2910 3040 dediti,
2960 2975 3127 3029 vitam
3177 2978 3328 3031 nullo
3370 2978 3707 3047 impediente

2134 3066 2461 3137 transigatis.
2491 3065 2668 3135 Caput
2693 3065 2934 3135 denique
2959 3076 3016 3121 et
3040 3082 3255 3122 summa
3281 3070 3545 3125 orationis
3571 3086 3707 3124 mea:

2131 3167 2234 3223 est,
2266 3174 2325 3214 re
2353 3158 2501 3213 nulla
2530 3174 2615 3212 me
2638 3158 2935 3213 adductum
2965 3158 3053 3225 iri,
3081 3170 3142 3215 ut
3168 3162 3448 3230 quomodo
3470 3165 3719 3223 antehac-

2134 3249 2425 3321 imperium
2470 3248 2849 3304 administrem
2882 3268 2895 3305 :
2923 3250 3090 3326 359
3121 3263 3178 3312 et
3212 3274 3325 3327 quo
3364 3259 3505 3315 facto
3539 3259 3703 3317 simul

2133 3340 2278 3410 quod
2330 3340 2455 3395 dico
2498 3340 2876 3409 comprobem,
2916 3357 2948 3394 e
2992 3348 3127 3402 Sella
3169 3358 3430 3405 consueta
3472 3368 3705 3422 surgens

2133 3432 2264 3486 alibi
2303 3433 2536 3494 sedebo,
2593 3441 2653 3486 ut
2700 3431 2975 3504 Augusta,
3024 3447 3080 3494 et
3122 3456 3220 3495 vos
3275 3441 3420 3497 scire
3466 3449 3703 3513 queatis,

2132 3523 2268 3578 nihil
2301 3525 2411 3595 jam
2464 3525 2682 3579 obstare
2707 3566 2721 3593 ,
2783 3532 3080 3597 quominus
3128 3533 3294 3586 alium
3333 3537 3644 3606 quempiam
3672 3554 3706 3594 e

2133 3623 2316 3669 vestra
2346 3617 2620 3672 sententia
2648 3623 2813 3674 tantis
2840 3622 3001 3676 rebus
3027 3623 3361 3692 praeficiatis.
3385 3626 3510 3681 Haec
3535 3629 3701 3694 fatus,

2132 3708 2186 3763 in
2241 3709 2410 3764 alium
2454 3709 2660 3773 locum,
2694 3721 2952 3782 tanquam
2991 3714 3108 3781 ipso
3148 3729 3313 3784 opere
3344 3720 3502 3772 atteri
3534 3719 3706 3790 impe-

2133 3802 2275 3854 rium
2330 3801 2534 3857 cedens
2581 3805 2873 3857 concessit.
2916 3803 2985 3858 At
3036 3806 3184 3858 enim
3228 3808 3541 3876 patriarcha
3588 3812 3706 3866 lure
3798 3817 3803 3822 ’

2130 3894 2324 3948 videns
2372 3901 2430 3947 et
2465 3892 2697 3947 audiens
2732 3910 2745 3946 :
2774 3891 2954 3950 Durus
2983 3905 3088 3959 est,
3122 3897 3324 3966 inquit,
3368 3900 3457 3954 hic
3495 3918 3700 3969 sermo,

2129 3992 2185 4038 ct
2227 3981 2319 4051 qui
2364 3983 2604 4036 animum
2650 3983 3016 4052 imperalricis
3054 3988 3374 4056 gravissime
3408 3992 3703 4046 vulnerare

2129 4076 2322 4144 possit.
2350 4074 2487 4129 Vera
2518 4073 2785 4143 loqueris,
2817 4075 2895 4128 ait
2920 4074 3294 4145 domesticus;
3327 4090 3384 4135 et
3407 4096 3540 4135 sane
3565 4084 3703 4137 nihil

2129 4166 2326 4219 horum
2383 4179 2561 4233 neque
2609 4164 2717 4218 dici
2772 4167 3081 4234 oportebat,
3134 4184 3315 4240 neque
3366 4170 3509 4225 fieri.
3548 4173 3704 4229 Nunc

2128 4246 2311 4310 autem
2354 4269 2421 4308 eo
2465 4254 2813 4310 necessitatis
2859 4242 3180 4326 compellor,
3232 4270 3291 4315 ut
3314 4264 3566 4330 quamvis
3592 4280 3705 4333 prae

2129 4345 2387 4401 omnibus
2431 4346 2684 4411 maxime,
2737 4362 3077 4420 quaecunque
3136 4351 3203 4406 ad
3244 4355 3703 4423 consolationem,

2129 4453 2535 4507 moerorumque
2586 4437 2911 4493 levationem
2959 4442 3242 4510 pertinent
3288 4444 3401 4514 (qui
3448 4460 3512 4499 ex
3548 4446 3708 4501 obitu

458 4562 565 4607 τως
607 4543 798 4610 εἰπὼν,
833 4542 918 4611 ἐφ’
943 4541 1128 4610 ἕτερον
1177 4539 1380 4609 μετέὅη
1432 4539 1619 4602 τόπον,
1651 4538 1841 4610 ῶσπερ
1873 4542 2019 4613 ἔργῳ

2130 4530 2478 4599 imperatoris
2522 4529 2677 4583 multi
2722 4530 2788 4583 ad
2835 4532 3240 4601 imperatriccm
3273 4535 3710 4619 conﬂuxerunt),

460 4635 810 4707 παραχωρῶν
850 4636 1022 4704 ἑτέρῳ
1058 4633 1156 4702 τῆς
1203 4631 1396 4702 ἀρχῆς·
1459 4632 1519 4683 Ὀ
1583 4632 1934 4704 πατριάρχης
1966 4635 2022 4688 δὲ

457 4733 685 4785 τοιαῦτα
718 4728 859 4799 ὀρῶν
888 4744 947 4780 τε
976 4724 1068 4778 καὶ
1101 4723 1336 4785 ἀκούων,
1357 4722 1598 4793 Σκληρός
1621 4727 1769 4777 ἐστιν
1798 4725 2025 4794 ὀλόγος,

458 4819 602 4888 εἷπε,
630 4823 724 4876 καὶ
775 4820 1012 4891 μάλιστα
1054 4817 1355 4878 δυνάμενος
1381 4815 1480 4885 τῆς
1528 4814 1708 4885 ψυχῆς
1752 4819 1851 4885 τῆς
1882 4815 2030 4885 βασι.

456 4917 599 4978 λίδος
617 4911 961 4970 καθικέσθαι.
979 4910 1037 4963 Ὁ
1049 4911 1117 4972 δ’,
1135 4906 1334 4977 Ἀληθῆ
1356 4906 1558 4975 λέγεις,
1582 4905 1708 4976 ἔφη,
1722 4908 1817 4960 καὶ
1842 4908 1948 4961 ἔδει
1966 4925 2030 4976 γε

461 5008 629 5079 μηδὲν
680 5004 922 5059 τοιοῦτον
976 5001 1114 5072 μήτε
1172 4996 1449 5069 εἰρῆσθαι,
1506 4997 1643 5066 μήτε
1678 4993 1843 5061 εἶναι,
1910 4998 2031 5053 νυνὶ

458 5097 513 5150 δὲ
549 5098 629 5159 είς
679 5092 937 5147 τοσοῦτον
1001 5087 1250 5156 ἀνάγκης
1300 5083 1634 5155 συνηλάθην,
1666 5083 1807 5138 ὥστε
1848 5085 2028 5140 καίτοι

458 5190 567 5242 τῶν
613 5187 790 5242 ἀλλων
844 5181 1078 5251 μάλιστα
1109 5179 1364 5232 ἁπάντων
1398 5175 1498 5228 ὅσα
1545 5177 1626 5237 εἰς
1671 5176 2029 5246 παραμυθίαν

462 5282 671 5337 πολλῶν
693 5280 879 5334 ἄνεσιν
911 5271 1156 5345 ἀνιαρῶν
1192 5271 1313 5341 (ὅσα
1365 5266 1603 5338 βασιλίδι
1638 5268 1703 5320 ὲκ
1738 5269 1835 5336 τῆς
1872 5268 2029 5338 βασι-

459 5373 595 5433 λέως
661 5366 1026 5439 προσεγένετο
1078 5359 1359 5428 τελευτῆς)
1418 5355 1676 5424 λέγεσθαι
1707 5356 2029 5428 βουλόμενος

460 5459 545 5513 ἐπ’
578 5457 751 5527 αὐτῆς
776 5452 1147 5509 ἐναντιώτατα
1178 5451 1437 5522 πράττειν
1465 5446 1691 5517 ἐμαυτῷ
1733 5448 1879 5500 δυοῖν
1914 5449 2029 5501 ἓνε-

459 5568 553 5604 κα.
580 5552 653 5603 Ἢ
685 5549 791 5619 γὰρ
819 5547 1129 5616 ἀπρακτεῖν
1154 5542 1433 5599 παντελῶς
1458 5540 1696 5607 ἀνάγκη,
1730 5538 1763 5609 ἢ
1806 5539 2028 5608 φαύλως

459 5641 555 5692 καὶ
590 5641 688 5709 οὐχ
789 5637 1085 5710 προσῆκεν,
1117 5636 1336 5707 ἄρχειν.
1363 5632 1491 5685 Εἴτε
1543 5628 1725 5682 τοίνυν
1760 5630 2029 5699 πράττον-

456 5747 551 5793 τος
580 5731 770 5800 μηδὲν,
810 5729 904 5781 καὶ
934 5729 961 5779 ὁ
1020 5726 1234 5797 βασιλὶς
1264 5720 1599 5792 ἐφησυχάζοι
1651 5718 1726 5780 ὡς
1754 5719 1882 5806 χθὲς
1930 5723 2028 5773 καὶ

460 5822 653 5892 πρώην
699 5820 798 5891 τὴν
836 5818 1007 5888 ἀρχὴν
1050 5818 1267 5887 οἰομένη
1321 5814 1645 5866 διοικεῖσθαι
1702 5809 1832 5882 παρ’
1863 5812 2021 5882 ἐμοῦ,

2129 4620 2273 4691 apud
2324 4620 2472 4674 illam
2503 4619 2686 4675 dicere
2710 4622 2895 4688 velim,
2928 4623 3123 4678 faciam
3159 4635 3362 4689 tamen,
3395 4643 3516 4697 quae
3550 4631 3700 4683 sola-

2131 4714 2207 4767 tio
2255 4712 2402 4765 illius
2446 4709 2745 4779 plurimum
2790 4722 3139 4783 repugnant;
3181 4713 3346 4785 idque
3386 4716 3604 4771 duabus
3636 4719 3705 4772 de

2129 4803 2330 4865 causis,
2376 4802 2461 4857 vel
2489 4802 2636 4871 {quia
2665 4803 2889 4858 omnino
2920 4805 3270 4869 cessandum,
3300 4807 3380 4862 vel
3408 4809 3536 4877 quia
3563 4810 3705 4863 male

2129 4905 2186 4951 et
2225 4903 2418 4950 contra
2468 4909 2636 4965 quam
2694 4894 2776 4950 fas
2823 4895 2979 4962 sinit,
3024 4897 3411 4968 imperandum
3449 4909 3554 4955 est.
3591 4901 3700 4957 Seu

2131 4987 2298 5058 igitur
2346 5001 2435 5041 me
2492 4985 2750 5051 feriante,
2800 4987 2967 5042 etiam
3025 4988 3348 5059 imperati-ix
3399 4995 3702 5057 vacaverit.

2131 5077 2365 5134 eredens
2411 5086 2473 5132 ut
2517 5079 2857 5148 nuperrime,
2893 5094 2923 5132 a
2951 5094 3038 5134 me
3064 5081 3352 5151 imperium
3388 5089 3703 5156 temperari,

2133 5170 2316 5226 omnia
2346 5185 2563 5240 pessum
2605 5170 2687 5225 ire
2730 5172 3050 5239 oportebit;
3104 5189 3203 5229 seu
3249 5164 3624 5232 somniculose
3649 5190 3705 5234 ct

2132 5274 2293 5317 Secus
2323 5277 2486 5331 quam
2513 5263 2771 5316 convenit
2796 5265 3157 5333 gubernante,
3179 5266 3370 5322 eadem
3396 5277 3480 5323 est
3509 5285 3704 5339 exspe-

2131 5353 2326 5408 ctanda
2375 5353 2698 5417 calamitas;
2735 5364 2793 5409 et
2832 5370 2933 5426 ego
2970 5356 3198 5426 insuper
3223 5372 3332 5411 non
3354 5359 3477 5413 aliis
3501 5363 3703 5421 solum,

2130 5460 2319 5500 verum
2350 5447 2513 5498 etiam
2542 5444 2793 5499 mihimet
2826 5444 3197 5515 improbitatis
3219 5464 3409 5518 pmnas
3432 5448 3574 5502 dabo
3599 5467 3613 5514 ;
3647 5459 3708 5503 ut

2131 5537 2388 5606 uzrinque
2440 5536 2640 5591 referat
2694 5537 2810 5592 haec
2872 5539 3282 5608 imperatrieem
3328 5557 3700 5612 cognoscere,

2130 5628 2341 5682 (‘llatllSl
2405 5627 2534 5682 inde
2596 5642 2736 5697 aegra
2791 5629 2961 5683 animi
3023 5630 3206 5686 futura
3257 5633 3370 5695 sit:
3429 5634 3703 5703 siquidem

2130 5730 2478 5789 prmstat,,ut
2515 5729 2778 5790 percepto
2823 5737 3007 5776 rerum
3071 5731 3215 5778 statu
3264 5736 3441 5782 tecum
3482 5737 3539 5782 et
3575 5743 3703 5783 cum

2132 5812 2250 5866 aliis
2310 5826 2407 5881 pro
2479 5828 2546 5867 eo
2620 5828 2680 5867 ac
2749 5813 2911 5869 debet
2969 5814 3038 5871 de
3105 5819 3336 5886 imperio
3395 5821 3713 5901 consultet“
