4060 6414
270 1122 280 1154 l

329 380 435 445 723
1528 393 1854 455 J'OANNIS
1892 392 2427 455 CANTACUZENI
3483 392 3594 456 7°25

323 512 489 565 quam
564 509 623 552 ut
679 515 745 555 eo
812 501 1084 571 ignorato,
1158 502 1305 558 haud
1370 505 1544 559 multo
1616 513 1744 574 post
1802 517 1914 557 non

2026 504 2236 572 ἀνάγκη
2270 504 2454 555 πάντα
2481 502 2804 557 ἀπολέσθαι.
2841 500 2965 556 Εἴτε
2991 501 3085 556 καὶ
3119 500 3339 571 φαύλως
3389 504 3483 554 καὶ
3519 504 3594 572 μὴ

320 585 525 641 horum
580 589 873 654 duntaxat,
930 593 1025 647 sed
1077 602 1133 649 et
1169 594 1575 650 imminentium
1607 594 1912 649 incommo-

2026 597 2166 647 κατὰ
2230 595 2292 648 τὸ
2348 594 2466 647 δέον
2521 593 2802 665 ἄρχοντος,
2860 594 2951 648 τὸν
3004 595 3165 647 αὐτὴν
3192 595 3393 666 τρόπον
3438 594 3598 647 πάλιν

324 681 523 736 dorum
558 698 722 739 causa
756 688 960 743 doleat.

2026 677 2346 759 φθείρεσθαι
2397 690 2723 758 συμϐαίνει,
2781 691 2875 744 καὶ
2926 691 3165 759 προσέτιι
3198 707 3261 758 γε
3302 689 3503 754 αὐτὸν,
3534 689 3595 742 οὐ

320 778 441 838 τοῖς
471 777 655 841 ἄλλοις
698 780 880 849 μόνον,
914 782 1051 836 ἀλλά
1079 784 1173 836 καὶ⁵
1201 783 1421 856 ἐμαυτῷ
1485 784 1590 853 τῆς
1624 784 1926 855 μοχθηρίας
1968 784 2207 853 ὀφείλειν
2244 784 2400 848 δίκας
2427 802 2442 816 ·
2508 784 2640 837 ὥστ’
2677 783 3071 855 ἀμφοτέρωθεν
3127 784 3406 845 λυσιτελὲς
3457 784 3597 851 γνὼ-

325 883 462 935 ριμα
512 870 683 923 ταῦτα
728 874 969 939 γίνεσθαι
1026 878 1092 945 τῇ
1150 875 1405 945 βασιλίδι,
1456 876 1562 930 κᾶν
1594 878 1643 930 εί
1681 876 1867 947 μέλλοι
1908 878 2159 947 ταραχὴν
2193 878 2287 930 καὶ⁵
2318 877 2498 946 λύπην
2544 878 2847 949 προξενεῖν.
2892 877 3113 930 Βέλτιον
3170 877 3279 947 γὰρ
3322 879 3451 947 περὶ
3489 877 3597 929 τῶν

321 961 625 1030 γινομένων
663 964 738 1027 ὼς
783 965 970 1036 ἔχουσι
1014 968 1317 1037 μαθοῦσαν,
1383 969 1500 1040 ἅμα
1541 970 1627 1024 σοί
1667 988 1726 1023 τε
1764 972 1860 1026 καὶ
1897 969 2009 1034 τοῖς
2045 971 2230 1034 ἀλλοις
2272 971 2343 1024 τά
2385 971 2577 1026 δέοντα
2642 970 3037 1042 βουλεύσασθαι
3083 970 3213 1041 περὶ
3256 970 3356 1038 τῆς
3396 972 3595 1043 ἀρχῆς,

320 1054 353 1122 ῆ
388 1054 759 1125 ἀγνοήσασαν,
813 1058 982 1131 ὀλίγῳ
1027 1059 1257 1133 ὕστερον
1301 1063 1376 1133 μὴ
1429 1063 1636 1118 τούτων
1671 1065 1852 1134 μόνον,
1897 1064 2036 1117 ἀλλά
2078 1064 2172 1117 καλΙ
2210 1065 2309 1135 τῆς
2345 1064 2766 1135 συμϐησομένης
2814 1064 3016 1136 βλάϐης
3040 1063 3205 1119 ἐνεκα
3244 1065 3599 1132 ἀγανακτεῖν,

1727 1178 1740 1248 Ι
1771 1178 1999 1236 CAPUT
2040 1179 2130 1236 ιν.

320 1264 487 1319 Dolor
528 1276 576 1319 et
628 1266 879 1353 lacrymaz
907 1270 1282 1353 impera-tricis,
1328 1274 1390 1328 ob
1423 1275 1846 1353 inexspectatum
1882 1274 2339 1353 -nu§ti_um._‘llem
2374 1272 2619 1353 querela.
2650 1265 2971 1353 miserabilis
3003 1268 3065 1321 de
3107 1269 3372 1353 viduitate
3396 1279 3600 1353 sitmst

395 1352 681 1416 puerorum
700 1341 1336 1416 _orbitate,_iteglectoque
1366 1361 1397 1396 a
1421 1344 1706 1397 domestico
1736 1343 1893 1396 amici
1920 1343 2105 1412 officio.
2146 1345 2283 1399 Eam
2314 1341 2472 1416 porro
2509 1343 2805 1397 amicitiam
2836 1348 3145 1408 exaggerat,
3178 1350 3225 1392 et
3251 1341 3398 1391 miris
3433 1341 3597 1394 modis

391 1408 462 1460 ad
487 1410 805 1463 mutandum
836 1408 1115 1465 consilium
1150 1408 1417 1482 inﬂectere
1445 1416 1615 1468 virum
1656 1422 1903 1467 conatur.

394 1514 520 1571 Haec
556 1516 742 1571 omnia
785 1517 1098 1587 patriarcha
1134 1516 1478 1590 imperatrici
1526 1520 1903 1576 renuntiabat.

323 1606 401 1661 Ea
438 1624 564 1663 cum
597 1608 836 1672 audiret,
866 1625 989 1676 quat
1028 1626 1129 1666 nec
1158 1628 1398 1683 unquam
1434 1613 1551 1683 ipsa
1584 1613 1903 1683 cogitasset,

2094 1520 2155 1574 '0
2218 1520 2318 1591 μὲν
2375 1516 2471 1574 οὖν
2524 1519 2876 1589 πατριάρχης
2930 1517 3109 1570 πάντα
3164 1516 3479 1586 ἀπήγγελλε
3521 1519 3587 1587 τῇ

2013 1612 2273 1685 βασιλίδι.
2326 1613 2395 1666 Ἠ
2430 1614 2476 1666 δ’
2517 1614 2663 1683 άπερ
2692 1610 2807 1663 οὔτ’
2840 1609 2906 1664 ἄν
2960 1626 3094 1662 ποτε
3146 1609 3283 1680 αύτὴ
3320 1609 3591 1680 διενοήθη,

324 1715 427 1754 nec
457 1700 567 1753 alio
599 1710 861 1755 narrante
888 1701 1237 1770 credidisset,
1265 1705 1502 1774 primum
1533 1705 1757 1775 quidem
1795 1720 1906 1775 pra:

2026 1706 2144 1776 μήθ’
2190 1706 2378 1777 ἐτέρου
2428 1706 2678 1773 λέγοντος
2742 1702 2995 1756 ἐπείθετο
3057 1699 3364 1764 ἀκούσασα,
3399 1700 3589 1768 πρῶτα

323 1792 516 1847 dolore
549 1792 687 1846 nihil
724 1795 1062 1863 respondere
1091 1806 1326 1865 poterat.
1373 1798 1584 1853 Deinde
1631 1813 1757 1852 cum
1812 1797 1909 1851 diu

323 1881 505 1952 largas
553 1882 608 1938 in
659 1883 883 1939 silentio
935 1886 1207 1957 lacrymas
1256 1888 1599 1945 effudisset:
1648 1888 1910 1954 Facilius,

325 1976 533 2045 inquit,
585 1976 948 2045 persuasisset
997 1978 1132 2032 mihi
1188 1980 1303 2049 (95)
1345 1981 1621 2050 quiSpiam
1668 1991 1911 2036 montem

326 2066 636 2131 transferri,
671 2084 833 2138 quam
870 2078 1111 2126 mentem
1152 2072 1334 2142 magni
1370 2072 1658 2128 domestici
1695 2074 1764 2129 ad
1800 2090 1916 2131 mo-

324 2173 577 2215 mentum
608 2163 878 2231 temporis
908 2164 1190 2219 immutari
1230 2181 1413 2236 posse.
1464 2166 1737 2232 Quoniam
1783 2183 1915 2238 ergo

326 2255 395 2306 de
425 2252 519 2307 illo
559 2254 682 2307 talia
714 2255 826 2325 jam
856 2265 940 2309 est
971 2256 1188 2321 audire,
1236 2257 1417 2326 qualia
1455 2258 1588 2312 mihi
1628 2274 1913 2329 nunquam

328 2355 759 2411 succurrerunt,
831 2348 964 2416 quid
1035 2359 1164 2418 apte
1233 2351 1619 2419 respondeam,
1693 2354 1917 2422 penitus

329 2436 535 2491 lurreo.
558 2436 953 2493 Verumtamen
985 2456 1051 2495 ex
1077 2440 1165 2505 iis,
1191 2457 1314 2511 quae
1343 2458 1427 2495 me
1450 2442 1615 2514 360
1639 2445 1915 2515 przecipue

330 2529 776 2594 momorderunt,
824 2533 1198 2601 respondendi
1252 2533 1448 2588 ducam
1499 2535 1737 2590 initium.
1786 2538 1917 2595 Dico

331 2621 701 2694 igitur(quasi
744 2624 891 2678 enim
929 2632 1255 2694 pra-sentem
1308 2627 1605 2699 alloquar),
1641 2639 1697 2683 tu
1751 2631 1918 2687 modo

331 2716 417 2769 vel
476 2726 535 2770 ut
596 2725 781 2771 mente
839 2718 1164 2781 alicnatam,
1224 2728 1317 2773 aut
1367 2736 1566 2791 sopore
1620 2724 1915 2795 profundo,

329 2817 668 2878 veternoquc
701 2809 1031 2875 demersam,
1066 2812 1132 2867 ad
1157 2828 1379 2868 sensum
1429 2814 1914 2871 circumstantium

331 2915 423 2952 me
454 2900 725 2954 malorum
758 2901 1093 2970 perduxisti.
1127 2903 1291 2958 Prius
1334 2920 1595 2972 namque,
1629 2906 1734 2961 etsi
1768 2918 1919 2964 certo
1970 2893 1978 2901 ’

332 2989 581 3045 sciebam
616 2991 1008 3062 imperatorem
1064 3009 1189 3051 esse
1224 3007 1526 3061 mortuum,
1557 2998 1918 3055 nihilominus

332 3096 458 3135 cum
494 3091 551 3137 tu
579 3086 646 3138 ad
690 3099 777 3139 me
816 3084 1142 3151 ventitares,
1175 3086 1342 3142 etiam
1379 3088 1559 3154 illum,
1595 3099 1657 3145 ut
1686 3106 1920 3153 consue-
1946 3070 1990 3130 θ·

338 3175 573 3242 veratis,
600 3176 667 3232 ad
700 3192 788 3233 me
823 3178 1084 3247 putabam
1114 3179 1350 3250 ingredi,
1373 3191 1429 3237 et
1460 3181 1740 3237 absentem
1766 3183 1916 3252 licet,

330 3279 387 3322 te
440 3275 623 3323 tamen
661 3269 936 3335 comitari,
977 3285 1041 3324 ac
1091 3280 1307 3327 tantum
1358 3287 1469 3327 non
1516 3273 1682 3327 etiam
1731 3275 1784 3328 in
1827 3285 1921 3328 tua

329 3360 550 3429 loquela
582 3360 731 3415 illius
754 3360 957 3417 affatus
987 3362 1239 3426 haurire,
1272 3372 1331 3418 et
1361 3365 1588 3419 omnino
1625 3365 1922 3421 mediocri-

330 3450 439 3504 bus
469 3450 798 3526 quibusdam
848 3452 1012 3507 malis
1056 3454 1297 3508 cinctam
1341 3470 1430 3510 me
1474 3455 1809 3511 arbitrabar.
1853 3462 1924 3511 At

332 3557 486 3597 nunc
512 3543 664 3597 v‘elut
704 3543 1133 3614 peripetasmate
1164 3545 1403 3613 sublato,
1440 3548 1711 3602 interiora
1732 3558 1924 3619 patent

333 3636 520 3688 omnia
554 3652 568 3689 :
615 3635 697 3690 sic
742 3647 798 3692 tu
844 3651 962 3707 spe,
993 3652 1117 3707 quae
1156 3654 1260 3695 nos
1291 3639 1682 3695 ludificabatur
1707 3652 1921 3712 erepta,

334 3739 430 3778 res
460 3727 641 3779 nudas
658 3727 906 3796 aspectui
934 3727 1245 3796 subjecisti,
1271 3739 1327 3784 et
1356 3730 1494 3787 lilios
1520 3731 1744 3801 quidem
1772 3748 1922 3790 meos

331 3817 443 3886 jam
483 3818 746 3887 pupillos,
787 3834 876 3874 me
921 3831 1103 3874 autem
1145 3822 1390 3892 viduam,
1433 3835 1489 3880 et
1531 3825 1768 3883 miseriis
1797 3842 1923 3882 cum

334 3910 607 3966 viduitate
639 3912 956 3983 conjunctis
981 3914 1314 3983 implicatam
1335 3918 1749 3987 spectatoribus
1773 3919 1926 3974 exhi-

336 4003 528 4057 buisti.
559 4003 703 4070 Quid
737 4020 905 4076 porro
941 4006 1195 4062 dicemus
1222 4009 1290 4065 de
1324 4020 1398 4074 te,
1432 4020 1528 4066 aut
1557 4013 1690 4083 quid
1720 4014 1925 4081 cogita-

336 4094 562 4150 himus?
593 4100 673 4151 An
728 4104 781 4153 te
824 4097 1057 4153 oblitum
1094 4115 1214 4155 esse
1260 4102 1727 4171 conjunctissiuue
1774 4105 1931 4162 illius

240 4254 245 4259 '
334 4186 787 4253 necessitudinis,
819 4197 873 4242 et
900 4188 1246 4246 admirabilis
1279 4194 1558 4259 amicitiae,
1591 4211 1714 4265 qua:
1747 4196 1923 4269 impe-

338 4278 511 4333 ratori
569 4282 753 4334 tecuth
810 4279 937 4347 fuit,
998 4298 1162 4353 quam
1213 4295 1437 4352 propter
1487 4289 1923 4358 magnitudinem

334 4371 562 4428 credere
602 4373 921 4444 imperitum
955 4376 1153 4443 vulgus
1181 4393 1292 4432 non
1340 4381 1595 4448 poterat?
1624 4383 1773 4453 atqui
1818 4384 1923 4440 hoc
1955 4412 2001 4469 ι)

334 4473 390 4518 te
422 4465 652 4533 nequire
683 4467 904 4534 opinor,
948 4468 1164 4523 etiamsi
1198 4469 1354 4525 velis.
1393 4471 1483 4527 Sic
1536 4474 1683 4527 enim
1716 4484 1923 4545 statuo,

335 4554 608 4623 quidquid
652 4556 823 4610 estin
870 4573 1071 4626 genere
1110 4560 1355 4615 humano
1389 4563 1824 4632 coniunctionis,
1867 4573 1924 4621 et

334 4646 730 4700 familiaritatis
763 4649 807 4702 si
841 4650 964 4718 quis
994 4650 1047 4703 in
1083 4668 1251 4707 unum
1285 4654 1586 4724 colligeret,
1624 4655 1823 4711 deinde
1853 4656 1923 4711 ad

335 4742 649 4811 exemplum
682 4742 903 4812 aliquod
936 4747 1212 4815 respicere
1243 4748 1424 4815 vellet,
1453 4764 1520 4803 ex
1550 4763 1661 4819 quo
1693 4757 1751 4803 et
1777 4749 1922 4819 aliis,

335 4845 393 4888 et
424 4834 529 4890 sibi
559 4837 668 4890 vim
703 4837 824 4908 ejus
846 4837 1041 4893 liceret
1073 4842 1407 4911 perspicere,
1437 4842 1595 4897 vobis
1617 4842 1750 4897 solis
1780 4859 1924 4913 prat-

338 4929 518 4983 teritis
545 4929 737 5000 (utqui
769 4932 937 4987 etiam
969 4935 1239 4988 terminos
1269 4934 1434 5004 hujus
1458 4935 1921 5006 transcendistis),

339 5022 485 5071 inter
510 5020 647 5075 alios
680 5022 866 5090 potius
913 5023 965 5078 id
1019 5024 1509 5094 investigandum:
1566 5040 1743 5095 usque
1787 5029 1927 5083 adeo

340 5126 449 5164 non
514 5112 724 5168 amicos
788 5114 1171 5170 tantummodo
1232 5116 1542 5184 quoslibet,
1595 5116 1691 5172 sed
1748 5119 1921 5188 ipsam

339 5222 560 5275 quoque
588 5208 919 5263 insidentem
952 5209 1006 5263 in
1042 5209 1243 5264 animis
1276 5209 1533 5265 amicitia:
1559 5210 1762 5279 ideam,
1796 5229 1925 5283 spe-

338 5301 589 5367 cictnque
620 5300 1011 5369 exsu‘perastis.
1050 5300 1229 5371 Atque
1259 5300 1361 5355 hoc
1392 5317 1499 5355 non
1545 5302 1596 5356 in
1645 5303 1714 5358 iis
1743 5305 1921 5359 Solum

340 5407 459 5459 quae
484 5391 730 5460 agebatis
754 5399 870 5446 erat
898 5391 1215 5458 observare,
1245 5393 1338 5448 sed
1371 5392 1755 5463 imperatorem
1788 5412 1925 5465 prte-

342 5491 491 5534 terea
524 5496 909 5550 sa-penuniero
951 5482 1138 5539 multis
1184 5484 1369 5539 verbis
1413 5486 1796 5541 testiﬁcantem
1828 5503 1924 5541 au-

2018 1798 2118 1868 μὲν
2154 1798 2259 1851 ὑπὸ
2303 1799 2405 1868 τῆς
2447 1796 2630 1868 λύπης
2661 1796 2786 1849 οὐδὲ
2831 1793 3298 1865 ἀντιφθέγγεσθαι
3338 1791 3588 1869 ἠδύνατο.

2020 1891 2256 1944 Ἔπειτα
2293 1889 2379 1960 ἐφ’
2420 1889 2607 1944 ἱκανδν
2657 1888 2829 1941 πολλὰ
2858 1887 3071 1957 δάκρυα
3100 1887 3227 1957 σιγῇ
3261 1885 3369 1938 τῶν
3395 1883 3595 1952 ὀφθαλ-

2020 1983 2137 2053 μῶν
2169 1982 2751 2053 καταγαγοῢσα,⁹Ρᾷον
2775 1982 2863 2049 ἂν,
2891 1979 3066 2046 εἶπεν,
3086 1980 3338 2034 ἀνέπεισέ
3366 1996 3451 2042 τις
3471 1979 3598 2047 ὅρος

2016 2075 2281 2130 δύνασθαι
2310 2076 2612 2145 μεταϐῆναι
2639 2074 2671 2145 ἢ
2704 2074 2804 2145 τὴν
2839 2074 3079 2144 μεγάλου
3103 2070 3430 2139 δομεστίκου
3460 2071 3603 2138 γνὼ-

2021 2186 2127 2238 μην
2151 2168 2439 2239 κινηθῆναι
2487 2166 2623 2235 πρὸς
2682 2166 2878 2237 βραχύ.
2933 2166 3087 2219 Ἐπεὶ
3130 2163 3187 2217 δὲ
3220 2164 3349 2233 περὶ
3388 2162 3601 2215 ἐκείνου

2017 2258 2225 2313 τοιαῦτ’
2254 2260 2474 2313 ἀκούειν
2519 2260 2638 2312 ἐστι
2685 2258 2802 2323 νῦν,
2838 2257 2983 2328 ᾇπερ
3010 2256 3121 2311 οὐδ’
3150 2257 3215 2311 ἀν
3245 2272 3375 2308 ποτε
3419 2253 3602 2306 ἐνεθυ-

2026 2353 2229 2425 μήθην,
2273 2350 2668 2422 προσηκούσης
2702 2350 2800 2420 μὲν
2834 2349 3134 2418 ἀπολογίας
3160 2348 3373 2417 ἀπορῶ.
3410 2347 3601 2414 Ὅμως

2025 2448 2091 2500 ἐκ
2152 2445 2260 2498 τῶν
2316 2443 2553 2513 μάλιστά
2611 2461 2713 2511 μου
2778 2440 3161 2509 καθικομένων
3243 2440 3345 2508 τῆς
3397 2437 3599 2508 ψυχῆς,

2020 2533 2323 2603 ποιήσομαι
2354 2533 2453 2602 τῆς
2495 2533 2797 2599 ἀπολογίας
2831 2533 3034 2603 ἀρχήν.
3074 2531 3234 2598 Λέγω
3259 2530 3437 2582 τοίνυν
3462 2527 3603 2599 πρὸς

2023 2628 2215 2690 αὑτὸν,
2253 2626 2326 2687 ὡς
2378 2628 2504 2697 ἄρτι
2541 2627 2661 2691 νῦν,
2710 2625 2902 2697 ὥσπερ
2931 2625 3287 2692 ἐξεστηκυῖαν
3330 2623 3438 2676 τῶν
3474 2640 3605 2693 φρε-

2020 2720 2171 2785 νῶν,
2227 2720 2260 2791 ἢ
2322 2722 2477 2792 κάρῳ
2530 2720 2688 2790 βαθεί
2733 2721 2828 2774 καὶ
2880 2719 3032 2789 ὕπνῳ
3064 2718 3483 2788 κατεσχημένην
3525 2717 3604 2778 είς

2021 2814 2279 2884 αἴσθησιν
2309 2813 2522 2883 ἤγαγες
2553 2811 2663 2865 τῶν
2700 2812 3074 2882 περισχόντων
3110 2828 3178 2880 με
3213 2810 3423 2864 κακῶν.
3466 2809 3604 2875 Ῑιρόι

2020 2921 2179 2975 τερον
2214 2904 2363 2974 γὰρ,
2416 2904 2467 2956 εί
2509 2903 2605 2955 καὶ
2659 2902 2896 2973 μάλιστα
2951 2902 3141 2969 σαφῶς
3184 2901 3285 2971 τὴν
3338 2898 3604 2969 βασιλέως

2020 2997 2346 3069 ἠπιστάμην
2384 2996 2689 3068 τελευτὴν,
2746 2993 2863 3049 ἀλλ’
2918 2988 3014 3049 οὗν
3077 2995 3340 3055 εἰσιόντος
3394 3008 3453 3044 τε
3505 2987 3600 3042 σοῦ

2026 3091 2161 3159 πρὸς
2188 3089 2313 3160 ἐμὲ,
2342 3089 2594 3141 κάκεῖνον
2625 3087 2867 3151 ἐδόκουν,
2901 3086 3090 3155 ὥσπερ
3123 3084 3244 3149 ἔθος
3286 3079 3355 3155 ἦν
3385 3098 3603 3135 συνεισ-

2026 3184 2188 3246 ιέναι,
2238 3183 2331 3236 καὶ
2370 3181 2602 3235 ἀπιόντα
2640 3180 2996 3234 συνέπεσθαι.
3043 3178 3157 3233 Καὶ
3221 3177 3448 3248 μονονοὺ
3512 3175 3605 3229 καὶ

2026 3269 2366 3341 φθέγξεσθαι
2419 3270 2745 3341 ἐλογιζόμην
2782 3271 2990 3324 ἐκεῖνον
3032 3270 3122 3323 ὅτε
3175 3268 3419 3336 διελέγου
3469 3267 3604 3339 πρὸς

2024 3362 2145 3431 ἐμέ.
2190 3362 2297 3414 Καὶ
2335 3361 2472 3423 ὅλως
2510 3361 2741 3431 μετρίαν
2775 3362 2895 3414 τινα
2942 3360 3274 3429 ἐλογιζόμην
3316 3357 3417 3429 τὴν
3444 3372 3604 3427 περι-

2027 3453 2265 3523 σχοῦσάν
2300 3470 2368 3521 με
2418 3452 2529 3506 τῶν
2570 3452 2759 3505 κακῶν
2814 3454 3102 3523 ἐπιφοράν·
3146 3453 3264 3503 νυνὶ
3309 3449 3365 3502 δὲ
3418 3447 3607 3515 ὥσπερ

2025 3545 2171 3610 τινὸς
2226 3546 2740 3617 παραπετάσματος
2784 3545 3048 3616 ἀρθέντος
3115 3543 3297 3597 πάντα
3355 3541 3609 3610 φαίνεται

2024 3640 2094 3694 τά
2142 3639 2311 3702 ἔνδον,
2351 3636 2497 3692 οὕτω
2534 3641 2599 3693 σὺ
2631 3638 2744 3692 τῶν
2779 3637 3017 3691 ἐλπίδων
3055 3635 3205 3706 ἡμᾶς
3248 3626 3440 3703 ὑφ”ὧν
3474 3633 3605 3699 tes.

2026 3732 2363 3803 νακιζόμεθα
2415 3733 2805 3802 ἀποστερήσας
2838 3730 3021 3798 γυμνά
3068 3726 3505 3798 παρεσκεύασας
3538 3722 3606 3776 τά

2028 3827 2333 3896 πράγματα
2387 3823 2653 3894 καθορᾷν.
2713 3824 2824 3875 Καὶ
2861 3822 2988 3884 τοὺς
3041 3821 3141 3890 μὲν
3178 3821 3345 3890 ἐμοὺς
3394 3814 3607 3873 οἴεσθαι

2028 3918 2247 3984 παῖδας,
2284 3915 2558 3987 ὀρφανοὺς
2605 3914 2836 3986 πατρὸς,
2891 3913 3093 3984 ἑαυτὴν
3144 3912 3201 3965 δὲ
3266 3911 3466 3983 χηρείᾳ
3515 3917 3610 3963 καί

2025 4010 2139 4073 τοῖς
2179 4011 2244 4062 ἐκ
2285 4009 2489 4077 ταύτης
2542 4008 2736 4069 κακοῖς
2785 4004 3216 4076 συνεσχημένηνο
3277 4004 3414 4057 ἀλλὰ
3447 4003 3498 4055 τί
3544 4002 3609 4053 ἄν

2028 4118 2110 4163 τις
2138 4101 2298 4171 φαίη,
2424 4101 2518 4152 καὶ
2564 4097 2845 4166 λογίσαιτο
2895 4098 3025 4166 περὶ
3075 4095 3209 4162 σοῦ;
3256 4097 3393 4149 πότε
3413 4112 3503 4166 ρον
3533 4094 3609 4156 ὼς

2030 4192 2356 4261 ἐπιλέλησαι
2385 4194 2486 4263 τῆς
2523 4191 2835 4261 ἀκροτάτης
2868 4188 3166 4259 συναφείας
3211 4188 3308 4240 καὶ
3349 4187 3449 4255 τῆς
3484 4184 3616 4237 θαυ-

2031 4288 2246 4359 μαστῆς
2309 4284 2527 4353 ἐκείνης
2583 4283 2767 4351 φιλίας
2809 4280 3075 4351 βασιλέως
3123 4280 3225 4350 τῆς
3259 4277 3397 4351 πρὸς
3449 4279 3530 4341 οὲ,

2027 4380 2116 4434 διὰ
2156 4380 2216 4433 τὸ
2236 4376 2471 4447 μέγεθος
2496 4375 2617 4429 οὐδὲ
2653 4374 2935 4428 πιστεύειν
2961 4368 3109 4443 εἶχον
3142 4374 3191 4426 οἱ
3234 4372 3421 4426 πολλοί
3448 4389 3462 4436 ;
3494 4369 3612 4423 ἀλλ’

2029 4474 2129 4526 οὐκ
2181 4471 2368 4541 οἴομαι
2410 4468 2742 4538 δυνήσεσθαι
2778 4467 2831 4520 εί
2867 4483 2933 4533 γε
2965 4467 3061 4519 καὶ
3092 4464 3329 4534 μάλιστα
3362 4463 3608 4515 ἐδούλου.

2029 4559 2202 4635 Οἶμαι
2244 4562 2353 4633 γὰρ
2388 4561 2441 4614 εἴ
2489 4577 2573 4623 τις
2604 4561 2701 4629 τὴν
2732 4560 2789 4612 ὲν
2819 4556 3134 4629 ἀνθρώποις
3161 4555 3399 4610 ἃπασαν
3430 4554 3612 4623 φιλίαν

2032 4657 2318 4712 συλλαϐὼν
2350 4697 2363 4716 ,
2419 4655 2619 4707 ἔπειτα
2670 4651 2809 4722 πρὸς
2847 4650 3206 4724 παράδειγμά
3262 4666 3317 4703 τι
3365 4649 3612 4718 θελήσειε

2035 4747 2283 4807 σκοπεῖν,
2325 4743 2387 4807 ἐξ
2417 4734 2479 4794 οὗ
2528 4743 2640 4805 τοῖς
2691 4739 2875 4800 ἄλλοις
2913 4756 2973 4792 τε
3008 4737 3248 4808 κάκείνῳ
3296 4736 3398 4808 τὴν
3437 4735 3613 4804 αὐτῆς

2036 4835 2190 4905 ἰσχὺν
2241 4831 2460 4895 ἐξέσται
2498 4828 2765 4892 κατιδεῖν,
2813 4826 2960 4897 ὑμᾶς
2990 4826 3058 4879 ἂν
3089 4826 3291 4897 μόνους
3321 4821 3611 4893 παραδρα-
3676 4847 3680 4851 -

2035 4928 2155 4998 μὼν
2196 4924 2293 4992 (ὡς
2335 4923 2431 4976 καὶ
2470 4922 2598 4985 τοὺς
2655 4921 2819 4991 ὅρους
2870 4920 3080 4989 ταύτης
3124 4918 3499 4990 ὑπερϐάντας)
3548 4918 3613 4969 ἐκ

2032 5019 2143 5074 τῶν
2179 5016 2476 5070 ἐπιλοίπων
2508 5015 2872 5085 ἐξευρίσκειν,
2915 5014 2944 5067 ὅ
2981 5030 3034 5065 τι
3078 5012 3146 5066 ἂν
3180 5012 3267 5083 εἴη
3316 5010 3613 5082 πειράσθω

2035 5111 2274 5182 πρῶτον.
2316 5106 2593 5161 Τοσοῦτον
2627 5108 2689 5159 ού
2730 5108 2858 5169 τοὺς
2890 5105 3081 5174 φίλους
3132 5104 3321 5175 μόνον,
3350 5104 3486 5157 ἀλλά
3518 5103 3612 5154 καὶ

2037 5205 2182 5258 ίδέαν
2235 5204 2405 5272 αὐτὴν
2450 5200 2636 5270 φιλίας
2673 5197 2864 5252 ἔσεσθε
2894 5198 3147 5251 κατόπιν.
3183 5198 3293 5250 Καὶ
3323 5194 3478 5249 τοῦτο
3512 5196 3612 5247 οὐκ

2034 5300 2097 5351 ὲκ
2133 5297 2241 5349 τῶν
2275 5294 2673 5364 πραττομένων
2726 5292 2889 5362 μόνον
2935 5290 3069 5361 όρᾷν
3118 5289 3213 5342 καὶ
3245 5287 3515 5358 βασιλέως
3542 5282 3611 5356 ἦν

2034 5390 2257 5445 ἀκούειν
2306 5388 2477 5442 πολλὰ
2514 5386 2776 5448 πολλάκις
2827 5383 3227 5453 φθεγγομένου,
3261 5380 3337 5443 ὡς
3369 5384 3460 5433 καὶ
3493 5379 3611 5448 φιλ-

2032 5485 2211 5537 τάτων
2244 5484 2335 5535 καὶ
2371 5482 2629 5547 γυναικὸς
2661 5479 2754 5531 καὶ
2786 5475 3123 5546 συμπάντων
3155 5472 3230 5537 ὡς
3261 5474 3439 5526 εἰπεῖν
3474 5486 3613 5543 χρη.

1628 5602 1842 5664 Jacobi
1880 5601 2142 5664 Pent-ani
2187 5607 2373 5660 notas;

415 5702 526 5768 (95)
568 5701 755 5760 Oratio
789 5706 900 5760 haec
932 5707 1290 5773 imperatricis
1329 5706 1394 5760 ad
1441 5722 1693 5774 magnum
1726 5706 1913 5758 dome-

342 5772 561 5844 sticum,
590 5790 697 5844 qua
730 5792 853 5829 eum
895 5772 1207 5843 permovere
1253 5786 1503 5832 conatur.
1533 5772 1601 5829 ite
1632 5794 1689 5828 se
1726 5776 1909 5838 vidua,

343 5850 397 5890 et
434 5840 648 5899 duobus
688 5845 808 5901 ﬁliis
850 5840 1088 5915 parvulis
1126 5848 1409 5916 orphanis,
1442 5855 1601 5916 atque
1644 5846 1708 5901 ad
1738 5850 1909 5916 impe-

2025 5704 2258 5758 randum
2294 5701 2521 5755 minime
2550 5698 2731 5751 adhuc
2774 5697 3004 5761 idoneis,
3037 5697 3251 5764 imperii
3274 5682 3612 5765 procuratio;

2024 5790 2147 5827 nem
2176 5776 2433 5842 deponat,
2478 5773 2635 5839 plane
2682 5771 2935 5837 insignis,
2964 5776 3018 5823 ct
3056 5767 3141 5821 vel
3173 5766 3292 5837 ipso
3317 5765 3604 5831 Cicerone,

2022 5854 2111 5899 aut
2145 5841 2503 5897 Den’iostliene
2530 5842 2686 5910 digna
2721 5849 2823 5894 est.
2860 5918 2865 5921 _

4038 2792 4039 2827 l

4038 3052 4039 3071 ι

4038 3124 4040 3155 l

4038 3282 4040 3312 ί
