4060 6450
370 399 477 464 7'25
1512 401 2052 462 I‘llSTORlARUM
2095 404 2324 463 LIBER
2366 403 2476 463 Ill.
3534 397 3641 458 7:26

376 515 565 584 μάτων
616 512 716 583 τὴν
757 513 838 573 εἰς
876 511 934 565 σὲ
993 510 1176 580 φιλίαν
1223 513 1538 581 προηγοῖτο.
1584 513 1825 582 Πότερον
1860 507 1996 572 οὖν,

2100 512 2321 578 ivimns,
2362 525 2412 566 te
2449 512 2554 567 sibi
2585 520 2639 573 et
2679 511 2886 575 liberis,
2920 520 2976 564 et
3010 523 3199 574 uxore,
3235 519 3288 563 et
3315 516 3375 563 ut
3402 508 3643 564 breviter

375 609 452 669 ὡς
495 605 595 673 μὲν
654 605 980 675 ἐπιλέλησαι
1028 604 1126 671 τῆς
1186 604 1448 673 βασιλέως
1477 603 1681 672 φιλίας.
1716 604 1953 683 ούδξιτῲ

2109 606 2269 667 icam,
2302 605 2464 660 rebus
2489 603 2745 658 omnibus
2775 603 3079 657 ehariorem
3112 616 3254 656 esse.
3287 601 3424 654 Num
3458 599 3642 671 igitur,

376 699 497 753 λίαν
533 696 923 765 συκοφαντικῷ
958 697 1086 759 τοὺς
1116 697 1350 765 τρόπους
1395 698 1572 749 εἰπεῖν
1597 696 1844 761 ἐξέσται,
1870 698 1954 749 ὃτι

2100 711 2137 748 ιο
2182 694 2413 765 insignis
2445 696 2666 766 quidem
2702 697 3067 751 calumniator
3099 705 3149 749 te
3195 697 3356 763 huius
3388 695 3647 750 amicitiae

382 793 440 845 δὲ
501 789 850 860 μεμνημένος
919 790 1307 858 ἀγνωμονεῖς,
1374 788 1635 850 καὶ’τι,ῑς
1696 789 1956 859 βασιλέω;

2108 798 2327 858 blitum,
2373 814 2673 852 memorem
2734 806 2936 861 autem,
2989 798 3354 851 nihilominus
3398 796 3647 866 improbe

387 882 579 935 παισὶν
635 880 887 942 ἐναντίας
940 874 974 952 ᾖ
1042 881 1322 951 προσῆκεν
1409 882 1675 944 ἀποὸίῖως
1725 880 1958 949 ἀμοιϐάς

2104 908 2250 962 gere,
2279 891 2575 960 liberisque
2596 891 2945 960 imperatoris
2972 899 3100 960 post
3121 891 3242 961 ejus
3271 891 3480 943 obitum
3512 888 3646 942 alias

390 973 529 1043 μετὰ
565 973 665 1042 τὴν
700 973 911 1026 ἐκείνου
967 972 1262 1042 τελευτήν;
1307 972 1421 1026 ἀλλ’
1469 972 1592 1025 οὔτε
1635 972 1794 1025 τοῦτο
1842 974 1954 1031 σὸν,

385 1065 576 1135 ὥσπερ
624 1065 746 1118 οὐδὲ
794 1065 855 1118 τὸ
891 1064 1129 1134 πρῶτον.
1191 1064 1269 1120 Οὐ
1330 1067 1472 1136 μήν·
1511 1067 1628 1121 ἀλλ’
1675 1067 1800 1119 οὐδὲ
1851 1066 1959 1119 τῶν

389 1158 525 1228 πρὸς
564 1158 665 1227 ἐμέ
716 1174 812 1209 σου
861 1156 1035 1223 λόγων
1075 1154 1169 1220 οὓς
1227 1157 1493 1210 ἑκάστοτε
1534 1159 1641 1212 ’καὶ
1696 1157 1962 1226 βασιλέως

390 1249 592 1314 ζῶντος
625 1246 870 1312 διεξίεις,
905 1247 1031 1312 ἄξια
1064 1251 1131 1300 τὰ
1155 1248 1457 1318 δεδογμένα
1486 1250 1603 1304 νῦν,
1642 1252 1719 1303 Οὐ
1753 1249 1861 1321 γὰρ
1895 1251 1959 1319 δή

394 1340 496 1395 πού
537 1356 602 1409 γε
647 1339 969 1410 ἐπιλέλησαι
1001 1339 1078 1404 ὠς
1106 1342 1339 1404 πολλοὺς
1368 1345 1590 1411 ἀγῶνας
1640 1345 1736 1398 καὶ
1783 1346 1964 1399 κινδύ-

395 1451 519 1497 νους
556 1435 651 1487 καὶ
703 1434 931 1489 Θάνατον
980 1436 1030 1487 εί
1062 1430 1173 1488 οἷον
1211 1454 1271 1489 τε
1305 1440 1482 1490 εἰπεῖν
1519 1438 1663 1509 ὑπὲρ
1685 1440 1784 1507 τῆς
1820 1439 1967 1508 ἐμῆς

393 1522 661 1589 ὠφελείας
693 1524 785 1575 καὶ
817 1523 926 1575 τῶν
967 1522 1178 1576 παίδων
1205 1525 1561 1594 ἑτοιμότατος
1591 1522 1734 1579 εἶναι
1766 1528 1963 1596 καιροῦ

396 1608 689 1667 καλοῦντος
743 1610 1039 1679 ὑπομένειν
1093 1611 1394 1681 ίσχυρίςου.
1440 1607 1516 1666 Oi)
1570 1612 1666 1666 νῦν
1700 1614 1967 1682 παρόντος

394 1702 449 1755 εἴ
473 1719 555 1755 σοι
583 1701 967 1771 ἐξελέγχεσθαι
1010 1704 1101 1756 ἐπὶ
1127 1704 1235 1757 τῶν
1261 1703 1441 1774 ἔργων
1469 1705 1772 1774 εὐπρεπὲς,
1800 1706 1967 1768 αὐτὸς
1986 1740 1999 1749 ο

395 1794 565 1862 ἐρεῖς.
606 1792 726 1846 Ἔτι
760 1792 818 1846 δὲ
865 1793 974 1845 οὐδ’
1020 1795 1231 1864 ἐμαυτῇ
1268 1812 1318 1847 τι
1342 1795 1560 1849 σύνοιδα
1595 1798 1680 1850 σοὶ
1725 1813 1967 1864 προσκιι

2088 1000 2249 1043 "uam
2276 982 2510 1038 debuisti
2538 985 2738 1053 gratias
2769 984 2978 1038 referre
3003 983 3187 1039 dicere
3216 982 3459 1052 poterit?
3484 981 3649 1049 Atqui

1995 1123 2015 1142 ,
2081 1088 2188 1126 non
2225 1071 2400 1142 magis
2432 1072 2535 1126 hoc
2567 1082 2719 1125 tuum
2751 1083 2856 1138 est,
2893 1089 3058 1143 quam
3092 1073 3266 1142 prius.
3295 1071 3362 1126 At
3392 1086 3522 1124 vero
3553 1087 3653 1124 nec

2081 1163 2190 1216 tuis
2219 1162 2589 1223 sermonibus,
2623 1177 2762 1232 quos
2795 1178 3031 1231 semper,
3065 1165 3229 1217 etiam
3257 1163 3382 1217 vivo
3416 1162 3655 1231 impera-

2082 1261 2221 1314 tore,
2242 1266 2454 1306 mecum
2491 1253 2749 1318 habebas,
2784 1254 3180 1307 consentientia
3214 1264 3364 1317 sunt,
3397 1269 3517 1322 quze
3546 1266 3653 1306 s'a-

2081 1345 2257 1399 tuisti.
2291 1343 2411 1400 Non
2451 1344 2600 1398 enim
2632 1360 2663 1398 e
2708 1345 2971 1398 memoria
3011 1344 3215 1398 excidit
3246 1344 3340 1398 tibi
3383 1343 3651 1412 profecto,

2082 1444 2141 1490 ut
2168 1435 2336 1489 multa
2369 1445 2421 1491 te
2449 1438 2775 1501 certamina,
2808 1436 3097 1505 variosque
3126 1452 3306 1499 casus,
3335 1448 3387 1490 et
3420 1447 3655 1488 mortem

2079 1538 2301 1592 quoque
2322 1524 2518 1593 ipsam,
2550 1523 2591 1578 si
2619 1524 2727 1578 dici
2757 1525 2837 1578 fas
2862 1533 2965 1585 est,
2991 1540 3092 1594 pro
3116 1525 3276 1586 meis,
3308 1522 3659 1591 filiorumque

2080 1630 2330 1669 meorum
2362 1616 2668 1670 rationibus
2709 1616 3042 1671 turbulentis
3084 1617 3429 1685 temporibus
3470 1630 3657 1685 prom-

2082 1707 2333 1778 ptissime
2398 1707 2710 1760 subiturum
2773 1708 3205 1762 asseveraveris.
3261 1708 3374 1773 Qua
3437 1708 3658 1776 quidem

2083 1797 2582 1852 necessitme'nunc
2611 1807 2901 1868 praesente,
2932 1814 3001 1852 an
3048 1814 3107 1852 re
3152 1799 3268 1867 ipsa
3302 1809 3358 1852 et
3391 1797 3562 1852 refelli
3596 1814 3659 1851 ac

397 1886 667 1956 κρουκυίᾳ
696 1902 711 1916 ο
744 1884 861 1938 ἀλλ’
897 1886 957 1951 ἐξ
980 1886 1103 1938 ὅτου
1138 1878 1525 1957 παρεγενόμην
1575 1892 1633 1940 ὲν
1669 1891 1782 1952 τοῖς
1818 1888 1977 1957 βασι-

2100 1892 2332 1960 'edargui
2355 1890 2644 1959 pulchrum
2681 1890 2816 1945 adeo
2849 1891 2945 1945 tibi
2967 1891 3060 1953 sit,
3094 1899 3150 1944 tu
3180 1890 3658 1944 vi‘deris.Pr2eter-

396 1975 564 2053 λείοις
618 1973 810 2041 οἴκοις,
845 1975 999 2029 οὐδὲν
1039 1976 1380 2030 ἀποδέουσαν
1431 1975 1544 2029 οὔτ’
1576 1976 1815 2043 εὕνοιαν,
1851 1978 1976 2031 οὔτε

400 2066 569 2135 τιμὴν
598 2066 629 2136 ἢ
672 2066 922 2136 τάδελφῷ
951 2066 1128 2137 κόντῳ
1158 2068 1527 2137 παρειχόμην,
1564 2067 1769 2136 μᾶλλον
1801 2070 1856 2122 δὲ
1884 2071 1979 2123 καὶ

405 2158 574 2212 πλείω
621 2158 931 2227 παραπολύ.
961 2160 1125 2213 Ὅσον
1154 2161 1366 2213 ἐκείνου
1400 2160 1500 2229 μὲν
1527 2159 1653 2213 οὕτε
1683 2160 1980 2223 τεθνεῶτος

408 2253 527 2321 ἐμοί
560 2270 640 2316 τις
674 2252 872 2323 βλάϐη,
912 2253 1025 2306 οὔτ’
1049 2253 1289 2320 ὼιρέλεια
1319 2254 1522 2315 ζῶντος
1558 2253 1749 2322 ἕψεται
1789 2255 1981 2307 τοσοῦ-

411 2360 471 2396 το
518 2344 918 2415 διῳκισμένου·
971 2345 1037 2398 σὺ
1087 2346 1144 2398 δὲ
1198 2348 1291 2399 καὶ
1347 2346 1456 2408 ζῶν
1519 2347 1588 2400 τὰ.
1637 2349 1873 2420 μέγιστα
1915 2348 1982 2401 ἂν

411 2434 650 2504 ὀνήσαις,
693 2438 787 2490 καὶ
844 2436 1134 2491 ἀποθανὼν
1194 2439 1350 2494 οῦδὲν
1393 2436 1558 2512 ἧττον
1595 2444 1728 2511 ἡμῖν
1778 2459 1837 2493 τε
1890 2442 1984 2494 καὶ

407 2529 519 2588 τοῖς
572 2529 858 2597 Ῥωμαίων
912 2531 1204 2600 πράγμασι
1243 2532 1482 2603 λυμανῇ.
1529 2532 1670 2601 Ἐγὼ
1702 2534 1758 2594 δὲ
1804 2536 1984 2587 καίτοι

410 2619 583 2672 πολλά
619 2620 889 2689 συνείρειν
917 2619 1135 2691 ἔχουσα,
1168 2623 1261 2674 καὶ
1291 2622 1681 2675 ἀποδεικνύναι
1702 2623 1772 2677 δι’
1806 2623 1988 2677 αὐτῶν

408 2714 483 2776 ὡς
508 2711 629 2766 οὔτε
656 2715 1027 2784 συμφέροντα.
1073 2714 1198 2767 οὒτε
1225 2715 1406 2769 δίκαια
1448 2716 1778 2782 ἐϐουλεύσω,
1808 2719 1984 2771 ἐκεῖνο

416 2808 574 2876 μόνον
608 2807 718 2877 ἐρῶ
764 2810 832 2858 τά
878 2807 1011 2860 ἄλλα
1044 2808 1449 2862 καταλιποῦσα.
1486 2811 1547 2862 Ei
1590 2812 1696 2881 γὰρ
1724 2812 1988 2878 περιόντα

415 2903 535 2954 τινὰ
581 2901 698 2954 ὁδὸν
735 2901 844 2953 τῶν
896 2902 1179 2966 ἐπιφανῶν
1219 2919 1324 2954 τινι
1364 2903 1567 2973 συνέεη
1605 2904 1832 2971 γυναικὶ
1859 2919 1988 2955 συν-

418 2995 599 3061 τυχεῖν
656 2994 856 3066 χηρείᾳ
919 2996 1020 3063 μὲν
1078 2988 1351 3065 συνούσῂ,
1405 2997 1501 3050 καὶ
1538 2997 1653 3059 τοῖς
1689 2997 1753 3049 ὲκ
1784 2996 1992 3065 ταύτης

419 3087 625 3146 κακοῖς,
663 3084 756 3136 καὶ
792 3085 980 3137 παισὶν
1012 3086 1292 3155 ὀρφανοῖς,
1327 3087 1423 3140 καὶ
1469 3088 1674 3156 μηδένα
1714 3089 1806 3142 τὸν
1864 3104 1991 3159 προ-

2080 1997 2144 2037 ea
2190 1999 2297 2038 non
2381 1984 2517 2039 mibi
2562 1999 2684 2038 sum
2726 1984 2972 2047 conseia,
3019 1983 3316 2037 oﬂ‘cndisse
3362 1981 3659 2051 aliquando

2081 2075 2416 2129 voluntatem
2469 2086 2638 2136 tuam.
2700 2075 2793 2129 sed
2847 2091 2916 2129 ex
2961 2090 3071 2143 quo
3118 2073 3275 2144 361
3331 2073 3386 2126 in
3438 2074 3662 2126 domum

2083 2169 2497 2238 imperatoriam
2532 2168 2715 2237 nupsi,
2764 2182 2919 2237 teque
2951 2177 3009 2220 ut
3052 2165 3275 2220 fratrem
3321 2180 3504 2218 meum
3541 2179 3666 2241 ger-

2086 2275 2308 2313 manum
2345 2260 2635 2315 Subaudiae
2658 2261 2916 2315 comitem
2954 2269 3003 2314 te
3035 2259 3201 2323 colui,
3233 2274 3295 2312 ac
3321 2257 3520 2323 dilexi;
3555 2256 3666 2309 imo

2087 2367 2219 2406 vero
2268 2352 2439 2407 multo
2487 2353 2744 2423 amplius,
2780 2353 2925 2422 quod
2979 2368 3044 2406 ex
3094 2352 3189 2406 illo
3234 2360 3452 2406 mortuo
3488 2364 3668 2418 neque

2090 2448 2413 2503 detrimenti
2474 2448 2796 2519 quidquam,
2859 2462 2959 2501 nec
3010 2447 3304 2518 superstite
3368 2445 3665 2514 quidquam

2087 2542 2387 2607 commodi,
2428 2541 2596 2594 tantis
2630 2555 2659 2592 a
2699 2556 2785 2593 me
2837 2550 3102 2593 terrarum
3148 2536 3340 2607 spatiis
3391 2536 3669 2603 disiuncta

2088 2633 2385 2703 adipiscar.
2413 2632 2493 2686 Tu
2523 2641 2706 2685 autem
2734 2638 3000 2700 quantum
3028 2632 3289 2699 prodesse
3323 2638 3480 2697 potes
3508 2625 3670 2680 vivus

2094 2731 2271 2792 (potes
2299 2733 2479 2776 autem
2510 2724 2670 2791 longe
2699 2719 3021 2791 plurimum)
3061 2725 3293 2783 tantum,
3319 2716 3585 2785 mihique,
3617 2723 3674 2767 et

2093 2815 2411 2884 reipublicze
2445 2814 2704 2866 Romanae
2735 2826 2937 2867 nocere
2983 2820 3141 2881 potes
3179 2818 3452 2865 mortuus.
3489 2808 3675 2875 Quan-

2092 2921 2255 2975 quam
2285 2920 2449 2975 porro
2481 2904 2650 2958 multa
2689 2919 2888 2973 queam
2918 2904 3098 2957 adhuc
3119 2902 3440 2973 adiungere,
3471 2909 3525 2954 et
3548 2900 3674 2954 inde

2093 2998 2389 3073 esteqdere
2427 3006 2478 3051 te
2508 3011 2690 3064 neque
2721 2994 3071 3064 frugiferum,
3122 3009 3303 3061 neque
3344 2993 3552 3064 justum
3592 3008 3681 3046 ce-

2097 3087 2244 3157 pisse
2273 3085 2590 3152 consilium,
2619 3084 2843 3140 omissis
2871 3084 3015 3149 aliis,
3037 3083 3170 3137 illud
3215 3091 3427 3136 tantum
3469 3081 3675 3135 dicam.

418 3176 753 3245 στησόμενον
812 3174 997 3244 ἔχουσι
1060 3177 1490 3246 προστετηκυίᾳ,
1528 3178 1621 3230 καί
1673 3178 1762 3231 διὰ
1788 3178 1993 3242 ταύτας

2100 3180 2154 3236 Si
2202 3181 2290 3234 cui
2319 3178 2538 3233 'Viatori
2593 3176 2953 3245 contingeret,
3012 3175 3065 3229 in
3112 3174 3399 3228 mulierem
3437 3173 3676 3243 aliquam

417 3266 646 3327 πολλοὺς
701 3266 1032 3337 ὑφορωμένη
1088 3268 1215 3330 τοὺς
1272 3267 1576 3334 κινδύνους,
1619 3270 1715 3322 καὶ
1763 3269 1994 3342 δεομένη

416 3359 514 3425 τῆς
547 3357 841 3427 δυστυχίας
877 3360 1166 3428 οἰκτεῖραι,
1202 3362 1295 3413 καὶ
1327 3362 1497 3427 αὐτῆς
1541 3364 1851 3432 προστῆναι
1886 3364 1994 3415 τῶν

418 3455 626 3506 παίδων
656 3451 810 3504 οὐδὲν
841 3451 1028 3523 ἕτερον
1061 3454 1141 3517 είς
1180 3453 1390 3506 δικαίου
1422 3454 1584 3521 λόγον
1610 3456 1995 3526 προόαλλομέ-

340 3615 355 3621 ι
418 3566 506 3618 νη,
568 3549 601 3617 ἢ
650 3547 751 3614 τὴν
797 3548 1085 3614 εὐγένειαν
1138 3546 1235 3601 καὶ
1291 3546 1392 3616 τὴν
1438 3548 1591 3617 παρά
1640 3550 1802 3615 ἀξίαν
1832 3566 1999 3602 κακο-

419 3641 689 3709 πραγίαν,
735 3642 836 3693 οὐκ
871 3640 980 3694 ἔδει
1012 3642 1104 3694 καί
1138 3658 1196 3694 σε
1243 3641 1338 3700 καὶ
1391 3639 1574 3694 πάντα
1608 3641 1854 3695 ὁντινοῦν
1885 3639 1998 3705 υἷος

421 3736 512 3799 σὺ,
544 3735 653 3789 τῶν
700 3734 879 3788 ἄλλων
929 3733 1324 3805 ἀμελήσαντα,
1367 3734 1629 3803 πρόνοιαν
1666 3734 2002 3805 ποιήσασθαι

421 3832 525 3899 τῆς
553 3820 813 3895 γυναικὸς
846 3827 947 3898 ὅση
986 3827 1191 3896 δυνατὴ
1238 3826 1335 3880 καὶ
1367 3826 1669 3897 ἀξιόχρεως
1704 3829 1831 3890 τοὺς
1861 3828 2003 3898 ὑπὲρ

423 3917 641 3988 ἐκείνης
667 3917 895 3988 νομίσαι
930 3916 1125 3979 πόνους
1171 3919 1250 3978 είς
1293 3916 1548 3979 εὐκλείας
1580 3916 1737 3986 λόγον
1791 3919 1885 3970 καὶ
1926 3917 2006 3970 δι-

427 4010 763 4080 καιοσύνηςς
816 4009 868 4063 εί
923 4007 1106 4062 τοίνυν
1133 4007 1296 4062 τοῦτο
1339 4008 1502 4078 μόνον
1547 4008 1784 4079 ἤρκεσεν
1817 4007 1886 4063 ἂν
1925 4010 2004 4069 είς

429 4106 625 4171 πειθὼ,
658 4104 780 4158 τίνα
810 4104 877 4157 ἂν
908 4103 1268 4179 εύπρὸσωπον
1303 4100 1606 4170 ἀπολογίαν
1642 4102 1935 4177 ἀποδοίης,
1957 4104 2007 4155 εί

429 4198 596 4257 αὑτοῦ
645 4214 707 4252 τε
763 4195 955 4257 τούτου
987 4198 1084 4249 καὶ
1120 4194 1332 4248 πολλῶν
1387 4193 1591 4263 ἐτέρων
1638 4195 2008 4265 ἰσχυροτέρων

427 4289 734 4360 παρόντων,
774 4288 1153 4358 ἀπαραίτητος
1211 4286 1426 4355 ὀφΟῆςς
1482 4286 1574 4339 Διὸ
1636 4285 1730 4339 σοῦ
1790 4285 2005 4355 δέομαι,

430 4384 636 4454 ταύτης
683 4381 996 4451 ἀποστῆναι
1033 4383 1130 4451 τῆς
1174 4380 1390 4451 βουλῆς,
1438 4381 1532 4433 καὶ
1572 4379 1648 4451 μὴ
1680 4378 2013 4449 προφάσεως

430 4477 594 4531 ἕνεκα
644 4478 870 4548 μικρᾶς,
927 4476 1027 4545 ἐμέ
1083 4493 1144 4528 τε
1192 4476 1287 4529 καὶ
1339 4475 1572 4545 νηπίους
1628 4473 1830 4537 παῖδας
1886 4472 2011 4536 τοὺς

2098 3268 2341 3321 nobilem
2376 3266 2640 3331 incidere,
2674 3265 2961 3319 viduitatis
3007 3264 3317 3318 calamitate
3359 3262 3680 3317 conﬂictan-

2102 3370 2230 3424 tem,
2261 3375 2386 3415 cum
2419 3359 2611 3413 liberis
2642 3357 2928 3426 orphanis,
2964 3366 3147 3411 tutore
3180 3370 3408 3425 prorsus
3446 3346 3682 3409 destituo

2104 3453 2194 3517 tis,
2237 3461 2294 3505 et
2337 3449 2544 3505 idcirco
2579 3449 2751 3502 multa
2784 3454 3122 3501 metuentem
3154 3461 3368 3515 aspera,
3405 3455 3685 3499 orantem-

2104 3560 2213 3615 que
2251 3551 2312 3598 ut
2354 3557 2728 3599 aerumnarum
2766 3554 2992 3596 suarum
3033 3539 3318 3604 misertus,
3355 3537 3440 3594 sui
3480 3538 3688 3593 libero-

2102 3650 2336 3706 rumque
2374 3634 2743 3706 patrocinium
2776 3632 3103 3702 susciperet,
3154 3639 3212 3685 et
3255 3628 3563 3700 argumenti
3617 3630 3687 3685 ad

2104 3730 2548 3800 impetrationem
2593 3726 2733 3781 nihil
2789 3725 3137 3788 aﬂ‘erentem,
3181 3725 3290 3779 nisi
3340 3724 3689 3779 nobilitatem

2108 3838 2290 3887 suam,
2330 3833 2384 3876 et
2417 3821 2795 3877 conditionem
2830 3818 3131 3883 infelicem,
3161 3833 3224 3873 ac
3268 3833 3327 3873 se
3359 3818 3639 3886 indignam
3672 3834 3687 3870 :

2107 3931 2291 3971 nonne
2324 3923 2625 3985 oporteret,
2658 3922 2712 3968 et
2739 3922 2810 3979 te,
2840 3921 2895 3967 et
2923 3924 3311 3982 quemcunque
3341 3910 3416 3966 tui
3451 3911 3688 3966 similem

2107 4008 2325 4064 caeteris
2365 4007 2623 4076 sepositis
2650 4020 2844 4060 curare
2887 4006 3053 4060 talem
3084 4003 3368 4068 feminam,
3421 4011 3690 4073 quantum

2109 4103 2165 4157 in
2205 4110 2257 4156 te
2290 4109 2458 4163 esset,
2507 4098 2840 4166 laboresque
2873 4110 2976 4166 pro
3019 4096 3107 4150 illa
3143 4111 3253 4149 non
3297 4103 3582 4149 recusatos
3623 4096 3695 4150 ad

2112 4193 2448 4250 celebritatis
2512 4192 2853 4263 iustitiaeque
2927 4188 3199 4243 rationem
3263 4198 3526 4255 reputare
3573 4187 3690 4240 ido-

2112 4286 2285 4342 neos?
2306 4285 2352 4340 si
2377 4298 2508 4354 ergo
2539 4283 2645 4336 hoc
2680 4282 2945 4335 duntaxat
2971 4278 3038 4333 ad
3070 4276 3515 4347 persuadendum
3545 4276 3695 4329 suni-

2112 4387 2287 4444 ceret,
2321 4392 2513 4447 quem,
2547 4374 2767 4437 amabo,
2797 4371 3135 4428 defensionis
3166 4370 3407 4425 colorem
3443 4368 3695 4431 habebis,

2115 4469 2160 4525 si
2189 4470 2294 4524 hoc
2326 4468 2471 4538 ipso,
2501 4465 2800 4535 multisque
2848 4472 3114 4534 praeterea
3157 4460 3497 4516 firmioribus
3533 4477 3700 4526 argu-

432 4573 599 4641 ὲμοὺς
628 4570 819 4640 ὥσπερ
846 4571 905 4621 ἐν
928 4569 1080 4639 μέσῳ
1113 4568 1344 4636 πελάγει
1376 4569 1511 4622 ναῦν
1548 4567 1766 4638 ἐρήμην
1812 4568 1996 4636 κυϐερι

2117 4562 2320 4618 mentis
2346 4559 2831 4632 suppeditantibus
2859 4555 3063 4611 inﬂecti
3094 4554 3239 4609 haud
3272 4555 3517 4625 potuisse
3550 4555 3701 4609 vide-

432 4665 598 4735 νήτου
651 4664 996 4717 καταλιπεῖν.
1039 4660 1181 4715 Ἀλλ’
1229 4660 1329 4713 εἴτ’
1363 4659 1528 4722 αὐτὸς
1562 4659 1782 4730 πρῶτος
1826 4658 2015 4712 ἐνεθυ-

438 4755 641 4826 μήθης,
684 4755 921 4825 ἄκαιρον
971 4751 1285 4822 ἡγήσασθαι
1341 4752 1434 4805 καὶ
1472 4752 1685 4822 μυρίων
1733 4751 2017 4820 γέμουσαν

438 4850 536 4919 τὴν
576 4847 771 4921 βουλὴν
823 4846 1033 4911 κακῶν,
1065 4844 1165 4898 εἴθ’
1198 4845 1375 4915 ἑτέρῳ
1407 4843 1839 4906 συμϐουλεύοντι
1873 4834 2018 4897 ἐπεί-

440 4945 597 5014 σοης,
628 4943 702 5014 μὴ
724 4941 833 4996 τῶν
863 4941 1038 5011 φίλων
1068 4940 1296 5004 ἐκεῖνον,
1326 4937 1443 4992 ἀλλ’
1464 4937 1713 5009 ἔχθιστον
1732 4938 2014 5007 ἡγεῖσθαι.

439 5036 550 5090 Καὶ
588 5036 672 5089 σοὶ
715 5033 817 5104 μὲν
873 5031 1012 5101 πρὸς
1052 5031 1154 5100 τὴν
1216 5029 1476 5084 εὗκλειαν
1526 5029 1620 5082 καὶ
1680 5030 1780 5098 τὴν
1826 5028 2018 5099 τιμὴν,

440 5126 576 5196 ἡμῖν
621 5125 679 5178 δὲ
715 5122 854 5195 πρὸς
897 5122 1075 5189 αὐτὴν
1121 5118 1550 5174 ἐπιϐουλεύοντα
1585 5119 1688 5188 τὴν
1717 5121 2021 5190 σωτηρίαν,

445 5216 743 5287 προσοήσω
782 5215 830 5270 δ’
858 5216 940 5268 ὅτι
973 5214 1068 5266 καὶ
1096 5213 1230 5265 πᾶσι
1254 5215 1365 5274 τοῖς
1408 5211 1700 5280 Ῥωμαίων
1727 5212 2022 5283 πράγμασι

447 5313 624 5382 κοινῇ.
647 5307 793 5377 Ἐγὼ
826 5306 885 5361 δὲ
925 5310 974 5361 εἰ
1007 5307 1104 5361 καὶ
1136 5307 1210 5377 μὴ
1246 5307 1338 5376 ἀφ’
1388 5307 1592 5378 ἑαυτῆς
1625 5307 1765 5376 αὑτὴ
1810 5307 1873 5358 τὸ
1903 5306 2022 5359 δέον

449 5400 761 5472 συνεῴρων,
800 5399 1151 5471 οὐδεμίαετις
1181 5399 1348 5470 ἑτέρα
1386 5402 1545 5471 κοινῇ
1578 5402 1692 5462 τοῖς
1730 5400 2023 5470 πράγμασι

447 5491 767 5563 βεϐαιοτέρα
800 5492 1065 5562 σωτηρία,
1104 5491 1137 5563 ἢ
1184 5493 1245 5545 σὲ
1288 5493 1403 5556 τοῖς
1437 5493 1791 5562 πράγμασιν,
1824 5491 2021 5562 ὥσπερ

447 5579 546 5639 καὶ
581 5585 786 5649 ζῶντος
839 5585 1111 5655 βασιλέως
1153 5585 1475 5653 ἐφεστάναι.
1535 5583 1627 5649 Ἐξ
1657 5583 1841 5636 αὐτῶν
1894 5584 2028 5652 γοῦν

450 5675 561 5729 τῶν
586 5676 854 5746 βασιλέως
881 5677 1054 5745 λόγων
1084 5675 1178 5740 οὓς
1210 5678 1341 5748 περὶ
1363 5676 1456 5730 σοῦ
1490 5675 1756 5738 πολλάκις
1791 5676 2030 5728 ἐποιεῖτο

453 5768 593 5837 πρὸς
632 5769 759 5839 ἐμὲ,
794 5767 1032 5836 μάλιστα
1079 5767 1137 5820 δὲ
1181 5769 1288 5838 πρὸ
1318 5768 1419 5838 τῆς
1472 5766 1731 5838 τελευτῆς
1792 5766 2027 5837 μικρὸν,

458 5861 624 5933 ἐχρῆν
661 5865 900 5917 συνεῖναι
954 5863 1012 5915 τὸ
1048 5866 1312 5919 συνοῖσον.
1373 5861 1762 5931 Ἀνακείμενος
1794 5859 1903 5930 γὰρ
1936 5860 2029 5912 ἐπὶ

2118 4651 2663 4722 bereiQuapropter
2695 4658 2746 4704 te
2769 4648 3022 4709 obsecro,
3055 4654 3207 4700 muta
3241 4645 3398 4698 istam
3431 4653 3697 4710 mentem,

2120 4754 2173 4799 et
2206 4742 2320 4797 noli
2352 4749 2463 4797 tam
2509 4741 2614 4795 levi
2661 4738 2953 4793 occasione
2980 4750 3067 4790 me
3108 4748 3236 4789 cum
3276 4732 3492 4788 tenellis
3521 4732 3702 4786 adhuc

2121 4837 2317 4892 liberis
2359 4844 2620 4905 tanquam
2655 4834 2711 4887 in
2767 4831 2950 4886 medio
2978 4829 3172 4899 pelago
3219 4827 3401 4881 navim
3440 4827 3704 4895 magistro

2121 4937 2399 4983 carentem
2430 4927 2695 4982 deserere
2726 4942 2739 4978 :
2776 4921 2870 4978 sed
2905 4920 3019 4975 sive
3047 4934 3147 4992 per
3177 4928 3229 4973 te
3258 4917 3315 4972 in
3340 4906 3451 4973 hac
3478 4925 3704 4972 senten-

2125 5028 2258 5079 tiam
2291 5037 2352 5077 es
2386 5022 2692 5091 ingressus,
2726 5017 2985 5080 alienam,
3022 5024 3078 5069 et
3105 5013 3253 5068 mille
3283 5013 3558 5066 malorum
3588 5011 3707 5081 ple-

2124 5129 2250 5170 nam
2273 5113 2578 5175 existimes,
2609 5110 2726 5165 sive
2757 5108 2989 5162 alterius
3012 5118 3180 5160 suasu
3206 5103 3317 5158 huc
3343 5119 3403 5158 es
3427 5104 3706 5172 delapsus,

2124 5223 2196 5263 ne
2226 5206 2383 5262 illum
2415 5202 2676 5267 amicum,
2713 5199 2808 5255 sed
2842 5197 3312 5263 inimicissimum,
3345 5204 3402 5250 et
3444 5205 3551 5249 tute
3581 5195 3710 5264 qui-

2128 5299 2252 5353 dem
2282 5295 2471 5367 gloriae
2503 5292 2864 5361 honorisque,
2895 5300 3096 5344 nostrae
3125 5301 3310 5342 autem
3345 5287 3562 5351 salutis,
3600 5287 3710 5339 imo

2132 5391 2305 5446 totius
2354 5387 2576 5458 imperii
2634 5385 2869 5440 Romani
2919 5380 3293 5437 communiter
3335 5379 3715 5433 insidiatorem

2129 5483 2426 5540 arbitrere.
2458 5481 2530 5535 Et
2580 5477 2798 5534 tametsi
2848 5490 2947 5545 per
2992 5488 3081 5528 me
3132 5489 3243 5528 non
3277 5472 3544 5535 viderem,
3582 5472 3715 5540 quid

2131 5590 2361 5631 necesse
2390 5575 2482 5638 sit,
2521 5571 2810 5634 nimirum,
2854 5583 2964 5623 non
2998 5568 3219 5623 aliunde
3259 5563 3471 5619 certius
3504 5577 3568 5616 ac
3600 5573 3715 5614 sta-

2129 5669 2300 5725 bilius
2322 5667 2440 5722 fore
2475 5664 2682 5718 salvam
2710 5662 3016 5715 Romanam
3045 5656 3446 5727 rempublicam
3475 5670 3639 5724 quam
3670 5653 3715 5706 si

2135 5772 2191 5817 tu
2226 5763 2346 5833 ejus
2380 5757 2758 5830 gubernacula
2793 5764 3003 5814 teneas,
3038 5750 3267 5820 perinde
3320 5757 3380 5801 ut
3430 5748 3556 5800 vivo
3609 5747 3718 5798 im-

2133 5866 2387 5933 peratore
2420 5853 2645 5909 tenuisti
2680 5870 2692 5907 :
2743 5859 2797 5905 at
2841 5849 3032 5905 saltem
3068 5862 3134 5900 ex
3172 5844 3304 5916 ipsis
3347 5843 3467 5915 ejus
3496 5855 3731 5922 881111ij
