4060 6410
416 375 517 436 ἿΞἹ

1587 374 1910 439 JOANNIS
1949 373 2481 434 CANTACUZENI

3563 362 3668 424 7?8

413 488 599 550 nibus,
630 504 768 557 quos
795 488 864 544 de
908 498 958 544 te
1002 504 1112 544 non
1155 505 1278 544 raro
1327 504 1566 554 meeum,
1601 490 1984 558 prmciptiequc

2104 489 2279 556 γόνασι
2309 505 2420 549 τοις
2459 485 2611 554 ἐμοῖς
2646 482 2737 535 σοῦ
2773 479 3060 551 παρόντος,
3091 473 3149 530 Ὀ
3181 477 3277 547 μὲν
3301 477 3508 546 καιρδς,
3545 477 3667 542 ἔφη,

414 578 578 648 paulo
613 589 740 634 ante
770 587 1004 634 mortem
1033 579 1246 646 habuit,
1280 581 1410 650 quid
1443 581 1748 649 expediret,
1782 594 1867 634 me
1901 579 1987 630 in-

415 669 660 739 telligere
693 661 1006 739 Oportebat.
1043 670 1332 726 Recubans
1359 673 1505 726 enim
1542 681 1592 724 te
1624 679 1892 740 praesente
1934 670 1986 722 in

413 759 620 827 gremio
658 773 800 823 meo,
829 758 1069 828 Tempus
1094 759 1315 829 quidem
1349 760 1454 814 mei
1481 775 1548 814 ex
1577 759 1680 813 hac
1710 759 1833 812 luce
1873 757 1987 810 dis-

415 864 603 902 cessus
633 849 806 913 adest,
842 850 1060 920 inquit:
1093 851 1194 905 tibi
1230 851 1534 906 cavendum
1571 859 1674 913 est,
1723 865 1794 904 nc
1835 848 1990 903 falsis

418 939 956 1004 ratiocinationibus,
1003 950 1098 993 ant
1138 943 1386 995 oratione
1417 939 1784 1010 quorumdam
1831 938 1990 992 dece-

415 1039 528 1100 pta,
567 1031 788 1099 repulso
843 1032 949 1085 hoc
994 1032 1112 1085 viro
1167 1033 1424 1102 cuiquam
1472 1030 1632 1085 alteri
1686 1029 1986 1084 auscultes.

414 1125 552 1178 Nam
587 1125 660 1178 ita
695 1125 740 1179 si
773 1123 885 1191 fiat,
915 1134 966 1179 et
1000 1134 1079 1191 tu,
1119 1126 1280 1196 362
1314 1134 1368 1179 et
1393 1124 1553 1179 liberi
1581 1122 1681 1186 tui,
1713 1131 1770 1176 et
1793 1122 1992 1175 Roma-

415 1225 545 1263 num
581 1211 873 1279 imperium
911 1214 1226 1267 universum
1261 1213 1570 1267 necessario
1598 1210 1866 1281 peribitis.
1896 1209 1988 1263 Sin

416 1302 491 1354 illi
527 1316 735 1356 morem
766 1305 1026 1371 gesseris,
1051 1304 1172 1368 tibi,
1201 1313 1256 1358 et
1295 1303 1606 1374 reipublicze
1630 1301 1796 1357 etiam
1827 1308 1990 1370 atque

415 1394 581 1449 etiam
610 1397 904 1466 profueris.
938 1395 993 1450 Si
1023 1396 1187 1465 igitur
1213 1397 1328 1450 lucc
1352 1397 1420 1451 ab
1446 1398 1774 1466 imperatore
1799 1393 1991 1457 didici,

415 1493 471 1538 ct
502 1500 598 1554 per
627 1501 711 1540 me
743 1484 998 1539 similiter
1025 1485 1234 1554 judico,
1265 1485 1546 1554 quomodo
1591 1499 1698 1538 non
1745 1485 1989 1552 ineptum

417 1576 512 1636 sit,
545 1591 667 1644 qn:e
695 1585 749 1629 tu
777 1576 937 1640 male,
971 1585 1027 1630 et
1055 1591 1212 1631 secus
1241 1592 1404 1645 quam
1429 1575 1679 1639 decebat,
1713 1574 1989 1644 cogitasti,

420 1665 488 1720 iis
524 1681 610 1721 me
649 1681 870 1737 quoque
914 1667 1149 1722 libenter
1193 1667 1490 1722 assentiri?
1517 1667 1697 1732 Quare
1723 1667 1769 1720 si
1807 1681 1874 1720 ex
1906 1665 1992 1719 bis

417 1773 540 1826 quze.
567 1758 700 1822 dixi,
733 1770 788 1812 tu
816 1775 1034 1830 quoque
1068 1775 1277 1814 summa
1311 1761 1387 1814 rei
1416 1759 1742 1829 indignitate
1770 1773 1992 1830 perspe-

417 1860 502 1904 cta
539 1849 654 1906 haec
677 1852 835 1918 velle,
865 1859 918 1906 et
951 1853 1102 1922 loqui
1141 1853 1392 1916 desieris,
1421 1862 1479 1908 et
1507 1862 1566 1906 ut
1600 1866 1989 1915 consueveras,

420 1942 475 1994 in
506 1941 867 2010 gubernando
907 1944 1264 2012 processeris,
1306 1943 1419 2012 ipse
1456 1943 1680 2014 quidem
1717 1943 1903 1997 divina
1945 1951 1996 1996 te

418 2030 716 2099 adjuvante
749 2047 940 2094 manu,
976 2049 1096 2102 qua:
1123 2033 1177 2087 in
1213 2048 1508 2089 commune
1545 2033 1811 2088 Romanis
1842 2048 1996 2087 com-

420 2119 747 2187 tnodabttnt,
798 2123 1001 2179 etlieies
1047 2139 1062 2178 :
1123 2126 1256 2180 mihi
1313 2142 1444 2180 vero
1503 2141 1531 2180 a
1590 2126 1999 2181 calamitatibus

419 2211 559 2266 meis
589 2212 874 2277 deﬂendis,
930 2231 993 2270 ac
1045 2217 1366 2286 plangendis
1413 2217 1664 2287 requiem
1711 2216 2000 2288 praestabis

417 2308 563 2374 (qua:
585 2306 698 2359 sola
723 2307 829 2360 erit
859 2309 1163 2364 consolatio
1192 2325 1332 2375 mea,
1363 2319 1419 2366 et
1448 2311 1714 2365 malorum
1752 2325 2000 2366 meorum

418 2395 702 2468 induciae),
727 2408 783 2453 et
814 2415 936 2468 quae
967 2399 1130 2470 iusta,
1174 2401 1350 2462 utilia.
1387 2401 1598 2472 tibique
1639 2402 1839 2457 decora
1873 2412 2003 2456 sunt

426 2483 792 2557 perpetrabis.
835 2490 930 2545 Sin
969 2492 1324 2559 contemptis,
1369 2501 1426 2548 et
1465 2493 1698 2564 abjectis
1741 2493 2003 2548 omnibus

421 2582 478 2636 in
517 2582 622 2636 hoc
659 2597 770 2636 uno
805 2591 856 2636 te
891 2583 1296 2649 obtirmaveris,
1332 2583 1477 2654 quod
1513 2583 1612 2637 tibi
1641 2581 1999 2653 proposuisti,

419 2673 555 2742 quid
583 2674 700 2743 ipsa
729 2683 921 2729 contra
966 2674 1175 2728 factura
1203 2675 1330 2738 sim,
1356 2674 1683 2730 enuntiabo.
1715 2673 1877 2729 Omni
1913 2689 2005 2728 ve-

421 2767 710 2831 recundia,
762 2773 818 2820 et
874 2765 1256 2821 imbecillitate
1307 2767 1566 2822 muliebri
1622 2767 1894 2836 deposita,
1939 2783 2003 2822 ac

419 2858 595 2913 veluti
631 2874 742 2928 pra:
772 2858 1044 2913 malorum
1080 2859 1459 2928 magnitudine
1499 2861 1698 2917 mentis
1733 2861 1911 2929 inops,
1945 2861 2001 2915 in

429 2949 612 3005 inedia
645 2951 780 3006 urbe
809 2952 933 3006 loco
977 2950 1162 3021 aliquo
1207 2953 1442 3007 editiore
1495 2968 1822 3021 conscenso,
1857 2956 2003 3011 unde

423 3039 592 3095 verba
627 3056 746 3096 mea
776 3041 843 3095 ad
875 3043 1121 3096 omnium
1149 3057 1313 3099 aures
1339 3044 1670 3109 allabantur,
1697 3046 2005 3103 intentissi-

2096 581 2200 649 τῆς
2232 581 2370 648 ἐμῆς
2415 579 2541 648 ἥκει
2572 575 2856 642 τελευτῆς·
2894 574 2953 625 σὲ
2993 572 3050 624 δὲ
3099 571 3204 641 χρὴ
3266 571 3491 622 σκοπεῖν
3523 571 3670 628 ὅπως

2094 673 2232 742 ἐμοῦ
2275 673 2349 742 μὴ
2382 669 2744 730 ἀπελθόντος,
2777 668 3060 736 λογισμοῖς
3106 682 3252 718 τισιν
3287 664 3319 732 ἢ
3359 663 3455 715 καὶ
3492 662 3670 727 ).ὁγ·’.ις

2092 765 2252 818 ἐνίων
2297 763 2664 833 ἀπατηθεῖσα,
2697 761 2872 830 ἑτέρῳ
2916 760 3025 812 τινὶ
3080 757 3329 826 πρόσχῃς
3362 755 3454 807 τὸν
3504 752 3672 820 ἄνδρα

2093 858 2313 910 τουτονὶ
2355 855 2692 924 διωσαμένη.
2732 853 2794 906 El
2845 851 2956 922 γὰρ
2987 855 3146 904 τοῦτο
3194 847 3472 918 συμϐαίη,
3518 845 3671 899 οὐδὲν

2093 949 2171 1002 ἔτι
2200 950 2261 1002 τὸ
2295 948 2481 1000 λεῖπον
2518 947 2578 1000 σέ
2627 963 2684 1001 τε
2719 947 2819 998 καὶ
2851 945 3019 996 τέκνα
3058 942 3154 993 καὶ
3190 940 3288 1009 τὴν
3329 938 3500 1006 ἄλλην
3529 936 3672 989 ἃπα-

2096 1058 2194 1092 σαν
2223 1040 2330 1092 τῶν
2368 1038 2663 1108 Ῥωμαίων
2707 1034 3014 1105 ἡγεμονίαν
3054 1031 3379 1084 ἀπολέσθαι·
3422 1027 3572 1097 αὐτῷ
3617 1027 3675 1078 δὲ

2095 1127 2461 1197 προσέχουσα,
2507 1124 2709 1194 ἄριστα
2745 1125 2920 1191 σαυτῇ
2979 1137 3037 1171 τε
3071 1121 3164 1172 καὶ
3207 1120 3318 1180 τοῖς
3369 1116 3673 1186 πράγμασι

2097 1219 2384 1290 βουλεύσῃ.
2431 1220 2489 1272 Εἰ
2534 1219 2598 1286 δὴ
2633 1215 2866 1268 τοιαῦτα
2909 1213 3048 1279 πρός
3095 1228 3154 1263 τε
3192 1209 3458 1280 βασιλέως
3491 1207 3671 1260 ἐδιδά-

2096 1311 2256 1382 χθην,
2305 1311 2402 1365 καὶ
2475 1311 2607 1380 παρ’
2641 1307 2889 1378 ἐμαυτῆς
2920 1305 3060 1374 αὐτή
3095 1304 3164 1356 τὰ
3208 1304 3372 1371 ὃμοια
3393 1300 3674 1368 γινώσκω,

2097 1403 2201 1456 τίν’
2249 1403 2365 1472 ἔχοι
2414 1401 2573 1466 λόγον
2623 1395 2704 1462 οἷς
2751 1399 2916 1460 αὐτὸς
2950 1395 3146 1456 ’κακῶς
3196 1394 3292 1446 καὶ
3339 1392 3415 1454 ὼς
3457 1392 3517 1443 οὐ
3557 1391 3676 1443 δέον

2094 1494 2422 1557 ἐϐουλεύσω,
2454 1491 2739 1545 πείθεσθαι
2799 1491 2892 1542 καὶ
2925 1488 3097 1556 αὐτὴν
3137 1484 3372 1538 ἑκοῦσαν
3424 1477 3590 1535 εἶναι.
3614 1481 3674 1532 Ei

2099 1586 2202 1654 μὲν
2226 1581 2321 1638 οὖν
2349 1579 2431 1646 οἷς
2461 1581 2617 1637 εἷπον
2659 1584 2756 1651 τὴν
2782 1581 3011 1634 ἀτοπίαν
3049 1579 3143 1632 καὶ
3177 1575 3342 1636 αὐτὸς
3369 1574 3460 1626 τοῦ
3496 1573 3675 1642 πράγ-

2099 1694 2267 1745 ματος
2297 1677 2393 1746 ὅση
2422 1672 2678 1736 κατιδὼν,
2705 1674 2925 1742 ἀπόσχῃ
2956 1665 3049 1724 τοῦ
3081 1685 3138 1720 τε
3162 1666 3387 1720 τοιαῦτα
3419 1665 3512 1716 καὶ
3549 1663 3674 1731 βου-

2094 1768 2348 1821 λεύεσθαι
2392 1768 2488 1820 καὶ
2522 1765 2727 1834 λέγειν,
2779 1767 2874 1818 καὶ
2923 1780 3030 1816 των
3078 1761 3446 1832 πραγμάτων,
3479 1757 3668 1822 ὥσπερ

2102 1861 2300 1922 εἴωθας
2350 1859 2631 1928 ἐχόμενος,
2680 1857 2841 1919 aii-co;
2902 1855 3002 1925 μὲν
3053 1854 3118 1907 τὰ
3172 1855 3327 1922 κοινῇ
3361 1849 3674 1904 συνοίσοντα

2112 1953 2409 2022 Ῥωμαίοις
2443 1951 2538 2004 καὶ
2569 1953 2667 2018 τῆς
2713 1948 2922 2003 ἀνωθεν
2963 1948 3146 2016 χειρὸς
3194 1943 3676 2010 συνεφαπτομένης

2104 2045 2390 2116 πράττεις,
2419 2044 2544 2111 ἐμοὶ
2572 2043 2630 2095 δὲ
2672 2041 2932 2111 παρέχεις
2963 2039 3195 2110 ἡσυχίαν
3241 2038 3340 2100 τὰς
3380 2036 3520 2105 ἐμὰς
3552 2033 3683 2101 θρη-

2103 2141 2214 2192 νεῖν
2250 2138 2344 2190 καὶ
2374 2138 2675 2190 κόπτεσθαι
2708 2135 3016 2204 συμφοράς’
3054 2133 3214 2184 τοῦτο
3260 2133 3368 2201 γὰρ
3405 2132 3528 2198 ἐμοὶ
3577 2145 3683 2179 παο

2108 2230 2356 2303 ραμυθία
2394 2229 2556 2299 μόνον
2598 2229 2693 2280 καὶ
2723 2227 2830 2278 τῶν
2863 2224 3054 2278 κακῶν
3094 2225 3378 2293 ἀνακωχὴ,
3404 2220 3592 2274 δίκαιά
3625 2236 3683 2272 τε

2100 2323 2240 2392 ὁμοῦ
2311 2323 2405 2376 καὶ
2477 2320 2832 2389 συμφέροντα
2925 2317 3018 2370 καὶ
3097 2315 3283 2385 σαυτῷ
3336 2316 3684 2386 προσήκοντα

2103 2418 2382 2486 ποιήσεις.
2417 2416 2519 2468 "Av
2553 2414 2610 2465 δὲ
2639 2412 2820 2465 πάντα
2853 2408 3198 2478 διωσάμενος
3225 2408 3320 2460 καὶ
3350 2406 3684 2477 ἀπορρίψας,

2103 2509 2218 2571 ἐνὸς
2255 2508 2416 2578 μόνον
2471 2506 2603 2574 γένῃ
2644 2501 2738 2556 τοῦ
2770 2504 2884 2564 τοῖς
2933 2499 3280 2568 δεδογμένοις
3327 2500 3684 2566 ἐγκαρττρεῖν

2103 2602 2239 2654 πᾶσι
2285 2599 2500 2670 χαίρειν
2533 2595 2727 2661 εἰπὼν,
2774 2595 2802 2646 ὃ
2847 2595 2942 2648 καὶ
2976 2593 3115 2658 αὐτὴ
3140 2593 3374 2660 ποιήσω,
3411 2595 3491 2643 σοι
3536 2591 3685 2660 θήσω

2103 2695 2358 2765 φανερόν·
2384 2693 2566 2745 πᾶσαν
2599 2690 2709 2762 γὰρ
2746 2690 2884 2741 αίδῶ
2919 2689 3016 2742 καὶ
3047 2687 3371 2757 γυναικείαν
3398 2687 3684 2739 ἀσθένειαν

2103 2786 2418 2858 ἀποθεμένη
2445 2825 2460 2850 ,
2504 2786 2598 2837 καὶ
2636 2784 2746 2838 τῶν
2792 2780 2887 2834 τοῦ
2946 2782 3243 2849 σωφρονεῖν
3299 2776 3488 2846 ὥσπερ
3535 2777 3685 2841 λογι-

2105 2882 2260 2954 σμῶν
2311 2880 2415 2934 ὑπὸ
2453 2878 2720 2950 μεγέθους
2765 2876 3110 2946 ἐκτραπεῖσα
3136 2873 3245 2925 τῶν
3285 2871 3493 2935 κακῶν,
3545 2869 3686 2922 κατα

2108 2975 2280 3046 μέσην
2314 2973 2412 3044 τὴν
2455 2971 2610 3024 πόλιν
2676 2967 2972 3038 γενομένη,
3028 2963 3124 3016 καὶ
3171 2963 3434 3015 ἀναθεῖσα
3483 2958 3688 3028 ἑαυτὴν

2107 3067 2202 3122 ἐπί
2233 3084 2380 3128 τινος
2413 3064 2709 3136 μετεώρου,
2745 3059 2811 3112 ἶν’
2848 3057 2944 3126 ἐξῇ
2974 3057 3064 3108 διὰ
3096 3053 3319 3104 πάντων
3353 3050 3686 3116 ἐξικνεῖσθαι

419 3150 509 3188 ma
546 3133 977 3206 plenissimaque
1007 3150 1142 3189 voce
1191 3137 1508 3194 exclamabo
1540 3157 1554 3194 :
1586 3137 1704 3194 Viri
1743 3139 1999 3205 Romani,

2113 3157 2212 3224 τὴν
2245 3133 2450 3223 φωνήν,
2494 3149 2679 3220 ὄρθιον
2713 3146 2984 3215 βοήσομαι
3011 3139 3105 3192 καὶ
3137 3137 3682 3208 μεγαλοφωνότατον·

417 3241 626 3298 vosque
660 3225 858 3292 Graeci,
891 3241 1101 3297 vosque
1136 3227 1384 3294 Barbari,
1419 3229 1644 3296 audite;
1692 3231 1998 3300 perierunt,

418 3322 746 3376 occiderunt
785 3321 994 3382 omnia,
1055 3336 1159 3375 nec
1209 3323 1320 3376 ulla
1373 3332 1558 3378 manet
1611 3325 1806 3379 amicis
1856 3325 2000 3394 apud

420 3415 679 3470 homines
705 3415 878 3486 gratia
907 3414 1044 3485 (94),
1076 3430 1179 3469 nec
1207 3416 1462 3484 cuiquam
1496 3417 1720 3479 veritas,
1757 3426 1814 3471 et
1843 3417 2004 3487 justi-

423 3509 498 3563 tia
531 3524 678 3564 cura:
727 3518 895 3573 sunt;
944 3515 1002 3563 et
1053 3508 1220 3561 animi
1270 3509 1606 3570 constantia,
1657 3510 2000 3572 summatim,

423 3599 572 3653 bona
611 3598 795 3653 omnia
832 3598 902 3653 ab
934 3597 1258 3652 hominibus
1289 3597 1696 3666 demigrarunt;
1729 3598 2001 3667 siquidem

421 3704 657 3760 magnus
691 3687 1028 3744 domesticus
1075 3701 1176 3740 ceu
1216 3695 1382 3741 vento
1427 3685 1656 3741 reﬂante
1685 3687 1905 3742 sibimet
1938 3705 2005 3743 ex

423 3785 696 3838 diametro
738 3779 1054 3835 contrarius
1099 3779 1295 3839 evasit.
1334 3788 1390 3832 et
1427 3779 1706 3848 amicitiae,
1757 3797 1882 3851 quae
1927 3783 2004 3838 illi

421 3891 550 3929 cum
608 3875 942 3942 imperatore
995 3871 1399 3935 intercedebat,
1447 3872 1677 3938 oblitus,
1725 3875 2004 3945 neglecta-

422 3983 554 4038 que,
580 3965 723 4036 quod
760 3964 985 4018 minime
1025 3963 1277 4028 decebat,
1312 3966 1542 4021 veritate
1569 3978 1735 4038 atque
1768 3969 2002 4038 justitia,

423 4074 482 4116 et
519 4061 821 4116 honestatis
852 4075 1038 4115 amore
1072 4061 1406 4129 posthabito,
1437 4061 1552 4132 ipse
1577 4063 1824 4132 quidem,
1857 4069 2005 4136 quod

427 4162 685 4222 superest
710 4166 1006 4217 annorum,
1045 4167 1143 4220 per
1174 4152 1428 4207 inertiam
1473 4157 1762 4210 traducere
1799 4157 2008 4210 consti-

431 4248 538 4302 tuit
571 4264 584 4300 :
619 4262 706 4301 me
741 4254 950 4309 autem,
992 4245 1313 4316 liberosque
1355 4262 1510 4302 meos
1543 4264 1692 4303 nunc
1719 4249 1920 4316 aliena,
1951 4259 2007 4304 et

427 4337 1037 4410 inulta,sollicitudine
1075 4338 1404 4408 indigentes,
1454 4340 1528 4395 ita
1561 4340 1804 4410 reliquit,
1848 4355 1912 4396 ac
1959 4341 2004 4396 si

427 4447 571 4487 onus
601 4432 798 4486 inutile
833 4431 1089 4499 rejiceret
1125 4447 1138 4482 :
1179 4432 1335 4499 quasi
1378 4432 1641 4496 nesciret,
1671 4433 1872 4501 ecquid
1905 4449 2005 4486 un-

427 4539 597 4594 quam
624 4540 726 4579 nos
763 4523 832 4577 de
865 4522 1003 4577 facie
1036 4531 1241 4586 nosset,
1275 4531 1369 4575 aut
1401 4538 1492 4576 res
1531 4532 1749 4579 nostras
1777 4525 2006 4581 auribus

428 4617 750 4684 accepisset.
805 4615 860 4669 Si
916 4614 1158 4668 animum
1205 4622 1356 4668 tuum
1408 4630 1437 4668 a
1487 4616 1716 4670 colenda
1759 4617 1999 4673 amicitia

429 4709 696 4770 alienum,
736 4717 792 4760 et
840 4706 1292 4768 inconstantiam,
1337 4704 1812 4777 mobilitatemque
1859 4716 2006 4763 tuam

433 4802 694 4855 omnibus
725 4799 901 4869 palam
933 4797 1251 4867 prodidero.
1282 4806 1338 4851 et
1374 4798 1447 4851 ita
1481 4812 1570 4851 res
1593 4797 1802 4864 tulerit,
1841 4801 2005 4856 etiam

430 4893 554 4946 lreta
584 4889 810 4953 moriar,
837 4885 1284 4958 quandoquidem
1316 4901 1403 4940 me
1427 4902 1586 4954 ptena
1614 4887 1680 4942 de
1713 4898 1765 4942 te
1790 4905 2012 4944 sumen-

433 4984 501 5036 da
534 4982 851 5052 explevcro.
887 4979 981 5034 His
1010 4979 1078 5035 dc
1111 4980 1294 5034 causis
1321 4995 1540 5034 rursum
1571 4989 1621 5034 te
1651 4996 1770 5044 oro,
1798 4999 1866 5037 ne
1900 4991 2013 5037 tur-

435 5075 536 5128 bas
592 5087 837 5138 moveas,
896 5073 990 5127 sed
1057 5071 1245 5126 verbis
1309 5072 1622 5126 istiusmodi
1674 5082 2007 5142 temperans,

431 5163 896 5236 quemadmodum
929 5165 997 5219 ab
1028 5163 1187 5218 initio
1216 5164 1452 5226 solebas,
1484 5163 1662 5219 oilicio
1693 5166 1921 5231 servias,
1952 5177 2008 5221 ct

430 5258 829 5329 rempublicam
857 5257 1228 5312 administres.

2109 3245 2340 3309 Ἀνδρες
2387 3241 2690 3309 Ῥωμαῖοι,
2750 3233 2953 3304 μᾶλλον
3014 3230 3071 3284 δὲ
3133 3230 3230 3284 καὶ
3278 3228 3543 3296 ’Έλληνες
3593 3227 3686 3278 καὶ

2108 3337 2374 3407 βάρϐαροι
2423 3331 2662 3392 πάντες,
2723 3325 2784 3380 εὖ
2834 3326 2950 3378 ῐστε
2986 3325 3061 3388 ὡς
3098 3322 3278 3376 πάντα
3317 3319 3562 3373 ἀπόλωλε
3592 3320 3688 3370 καὶ

2104 3427 2448 3496 διέφθαρται,
2507 3422 2600 3474 καὶ
2655 3419 2783 3472 οὗτε
2843 3417 3029 3486 φιλίας
3059 3415 3220 3486 χάρις
3251 3413 3474 3484 οἰδεμία
3511 3415 3688 3465 κεῖται

2107 3514 2238 3584 παρ’
2277 3509 2610 3581 ἀνθρώποις,
2661 3506 2774 3560 οὔτ’
2807 3505 3066 3575 ἀληθείας
3125 3504 3277 3572 μέλει
3330 3502 3424 3553 καὶ.
3478 3500 3726 3571 δικαιοί

2109 3604 2279 3672 σύνης
2328 3601 2526 3654 οὐδενί·
2587 3598 2872 3668 λογισμῶν
2922 3614 2980 3650 τε
3015 3594 3315 3666 στερῤότης
3362 3593 3568 3662 οἴχεται
3626 3593 3690 3644 ἐκ

2106 3695 2214 3752 τῶν
2248 3693 2575 3764 ἀνθρώπωνο
2609 3693 2705 3744 καὶ
2734 3690 3061 3758 συλλήϐδην,
3094 3677 3274 3740 πάντα
3307 3685 3505 3752 ἀγαθά·
3548 3687 3594 3736 εἰ
3625 3683 3690 3752 δὴ

2106 3791 2134 3842 ὁ
2183 3788 2358 3857 μέγας
2413 3785 2738 3854 δομέστικος
2795 3781 2989 3849 ὥσπερ
3055 3779 3119 3831 ἐκ
3164 3794 3314 3840 τινος
3373 3778 3691 3837 ἀντιπνοίαις

2108 3877 2506 3939 ἐναντιώτατος
2556 3873 2735 3942 ἐαυτῷ
2773 3873 2989 3942 φανεὶς,
3047 3872 3141 3926 καὶ
3189 3870 3292 3939 τῆς
3345 3869 3444 3939 μὲν
3507 3868 3690 3938 φιλίας

2109 3970 2545 4038 ἐπιλελησμένος
2611 3966 2877 4038 βασιλέως
2912 4005 2928 4031 ,
2986 3964 3274 4036 ἀμελήσας
3329 3965 3385 4017 δὲ
3445 3964 3539 4015 καὶ
3591 3963 3690 4030 τῆς

2108 4064 2259 4134 αύτῷ
2300 4059 2694 4132 προσηκούσης
2736 4059 2999 4129 ἀληθείας
3060 4057 3160 4110 καὶ
3216 4055 3566 4123 δικαιοσύνης
3597 4054 3690 4106 καὶ

2109 4156 2424 4226 φιλοτιμίας
2449 4154 2560 4206 τῶν
2590 4152 2795 4219 καλῶν,
2831 4153 2994 4214 αὐτὸς
3028 4151 3129 4220 μὲν
3160 4151 3433 4216 ἐσκέψατο
3475 4151 3692 4218 ἀπραγ-

2113 4250 2324 4320 μοσύνῃ
2353 4247 2447 4300 τὸν
2504 4246 2790 4300 ἐπίλοιπον
2825 4246 2938 4315 βίον
2973 4248 3092 4316 ςῇνο
3138 4243 3238 4314 ἐμὲ
3268 4245 3324 4296 δὲ
3354 4245 3448 4296 καὶ
3487 4243 3688 4304 παῖδας

2109 4343 2238 4404 τοὺς
2270 4341 2440 4410 ἐμοὺς
2475 4338 2682 4406 πολλῆς
2720 4338 2844 4391 νυνὶ
2878 4338 2976 4406 τῆς
3009 4335 3346 4406 κηδεμονίας
3378 4335 3671 4403 δεομένους

2115 4435 2308 4506 ὥσπερ
2340 4451 2395 4484 τι
2427 4433 2594 4503 βάρος
2625 4431 2857 4501 ἀνόητον
2888 4429 3231 4500 ἀπετρίψατο
3260 4435 3353 4482 καὶ
3379 4428 3691 4492 κατέλιπεν,

2038 4511 2087 4570 D
2114 4527 2306 4596 ὥσπερ
2331 4525 2606 4592 ἀγνοήσας
2638 4521 2686 4573 εί
2716 4521 2919 4591 δήποτε
2945 4520 3042 4573 καὶ
3086 4521 3304 4590 μορφὴν
3335 4521 3490 4590 ήμῶν
3530 4519 3692 4586 ἔγνω,

2115 4621 2151 4693 ἢ
2175 4620 2312 4688 ἀκοῇ
2348 4616 2683 4685 παρειλήφει
2711 4616 2778 4667 τά
2807 4613 2927 4666 καθ’
2956 4614 3127 4684 ἡμᾶς.
3159 4613 3318 4667 Οὕτω
3343 4614 3396 4667 δὲ
3421 4614 3480 4666 τὸ
3505 4612 3694 4681 ἄφιλον

2115 4714 2212 4782 τῆς
2263 4710 2365 4779 σῆς
2399 4707 2627 4777 γνώμης
2674 4708 2772 4760 καὶ
2809 4707 3042 4760 ἄστατον
3070 4706 3168 4759 καὶ
3209 4706 3468 4760 ἁϐέὸαιον
3504 4706 3693 4774 στηλι-

2117 4801 2404 4864 τεύσασα,
2461 4801 2512 4852 εί
2567 4817 2632 4867 γε
2681 4799 2924 4868 συμϐαίη
2969 4801 3064 4852 καὶ
3112 4799 3447 4870 τεθνήξομαι
3499 4800 3695 4869 ήδέως,

2122 4895 2278 4965 παρά
2313 4891 2410 4945 σοῦ
2453 4892 2612 4954 δίκας
2657 4892 2936 4961 ἀρκούσας
2971 4891 3094 4959 ἐμοὶ
3124 4891 3384 4944 λαὸοὗσα.
3425 4891 3548 4943 Ἐπὶ
3574 4889 3697 4941 τού-

2121 5005 2238 5050 τοις
2281 4987 2338 5039 δὲ
2371 4987 2538 5038 πᾶσιν
2564 4979 2726 5046 αὖθις
2757 4983 2850 5036 σοῦ
2885 4983 3079 5054 δέομαι
3125 4983 3292 5053 μηδὲν
3317 4982 3695 5052 παρενοχλεῖν,

2121 5079 2262 5132 ἀλλὰ
2313 5076 2423 5128 τῶν
2461 5092 2521 5126 τε
2575 5075 2754 5141 λόγων
2805 5073 3145 5144 ἀποσχέσθαι
3196 5075 3458 5135 τουτωνὶ,
3491 5075 3584 5125 καὶ
3631 5073 3698 5123 ei

2117 5171 2310 5224 δέοντα
2355 5169 2530 5221 ποιεῖν
2583 5166 2775 5238 ὥσπερ
2814 5165 2874 5230 ἐξ
2908 5166 3085 5236 ἀρχῆς
3127 5167 3387 5236 ἐχόμενον
3415 5167 3525 5218 τῶν
3556 5181 3697 5232 πρα-

2120 5279 2374 5332 γματων.

1707 5447 1922 5509 Jacobi
1957 5449 2228 5509 Pontani
2257 5455 2443 5509 notae.

507 5618 618 5685 (94)
658 5616 902 5672 Catullus
946 5635 958 5669 :

509 5711 705 5762 Omnia
738 5718 857 5762 sunt
889 5711 1122 5777 ingrata,
1158 5706 1290 5759 nihil
1315 5707 1494 5776 fecisse
1521 5705 1739 5776 benigne
1771 5716 1866 5761 est.

437 5822 630 5894 Virgil.
650 5837 724 5889 tv,
766 5821 980 5877 IEneid.
1017 5839 1029 5874 :
1060 5819 1332 5888 Nusquam
1367 5830 1477 5872 (uta
1519 5821 1664 5887 ﬁdes.
1703 5821 1797 5877 Est
1831 5831 2012 5878 autem

2122 5613 2518 5684 argumentatio
2561 5628 2590 5666 a
2641 5612 2962 5667 minoribus.
2997 5612 3054 5665 Si
3099 5627 3326 5681 magnus
3367 5613 3700 5668 domesticus

2122 5686 2226 5738 hoc
2253 5685 2400 5744 facit,
2436 5684 2606 5736 multo
2640 5685 2808 5751 magis
2840 5684 3021 5736 cancri
3047 5694 3100 5736 et
3132 5685 3352 5743 faciunt.
3384 5693 3439 5738 et
3480 5687 3699 5738 lanient.

2119 5754 2296 5808 Minus
2335 5755 2480 5808 enim
2511 5754 2825 5808 'vcrisinulc
2863 5765 3002 5818 erat,
3065 5754 3423 5810 domesticum
3473 5756 3572 5807 hoc
3625 5760 3702 5808 ta-

2115 5834 2353 5878 cturum.
