4060 6416
358 388 465 455 729

1565 380 2102 455 I-nsrommun
2152 399 2378 459 unm
2430 401 2535 459 ill.

3529 401 3639 463 720

1720 531 1881 601 363
1922 531 2146 587 CAPUT
2192 535 2258 589 ν.

356 648 679 723 Responsum
710 643 891 723 magni
926 641 1203 723 domestici
1230 651 1490 723 prasente
1517 645 1855 723 patriarritq,
1894 643 1971 723 ad
1992 644 2407 715 imperatricem.
2440 648 2550 702 ,ποθ
2589 649 2842 702 bonorum
2891 664 3123 703 virorum
3152 650 3209 701 in
3236 649 3605 718 puriﬁcatione

434 713 1011 794 Eicponiuqniduejus
1062 715 1270 766 nomine
1308 715 1635 794 patriarcitm
1670 714 1769 794 sibi
1801 713 2016 794 (ζξαζεξνὶι,
2067 713 2123 768 ut
2180 733 2307 794 num
2349 735 2472 772 vera
2518 720 2624 774 sint
2680 719 2963 788 intelligat.
3031 713 3245 772 Deinde
3286 713 3632 777 suspicionem

431 787 658 858 affectati
684 783 893 855 imperii
916 801 949 836 a
971 799 1041 858 se
1058 794 1314 847 removet;
1343 787 1504 837 etiam
1530 784 1695 858 divini
1723 783 1916 858 judicii
1945 792 2097 858 metu
2133 787 2380 848 adducto.
2409 798 2459 841 et
2505 805 2537 844 α
2591 783 3070 843 calumnidtoribus
3099 790 3392 844 cavendum
3431 805 3630 845 monet.

431 854 788 914 conditionem
819 855 1087 923 proponit,
1114 869 1217 923 qna
1246 861 1480 918 servata,
1514 854 1583 907 ad
1610 854 1888 924 imperium
1920 854 2132 908 demum
2168 859 2451 926 regendum
2478 876 2535 913 se
2566 861 2801 914 revocari
2844 860 3100 930 patietur.

436 972 674 1027 Τοιαῦτα
724 973 825 1041 μὲν
879 970 1280 1042 ἀπεκρίνατοή
1327 971 1631 1041 βασιλὶςιὲξ
1669 971 1816 1039 ἄγαν
1842 971 1939 1025 ἁλ-

2116 971 2229 1028 Hoe
2277 990 2602 1042 responsum
2659 990 2690 1030 e
2739 974 2971 1029 nimium
3020 974 3263 1039 dolente,
3314 983 3369 1030 et
3425 975 3631 1029 amicta

360 1066 565 1137 γούσης
594 1067 689 1120 καὶ
719 1065 1069 1134 ὀδυνωμένης
1109 1063 1307 1135 ψυχῆς.
1352 1063 1410 1116 '0
1444 1065 1618 1134 μέγας
1668 1064 1724 1117 δὲ
1783 1063 1943 1133 δομέ⁶

363 1175 548 1221 στικος
580 1155 772 1226 ὥσπερ
826 1154 1186 1225 ἐλεγχόμενος
1236 1153 1397 1217 αὐτὸς
1449 1155 1540 1220 ύιρ⁹
1588 1152 1814 1219 ἑαυτοῦ,
1864 1153 1940 1214 ώς

363 1248 551 1302 δίκαιά
608 1263 670 1300 τε
717 1245 854 1315 όμοῦ
916 1245 1012 1297 καὶ
1064 1244 1419 1314 προσήκοντα
1454 1242 1807 1313 ἐφθέγξατο,
1843 1244 1941 1296 καὶ

370 1340 538 1411 μηδὲν
567 1339 874 1407 ἀντιλέγειν
893 1337 1033 1407 έχων
1051 1337 1188 1406 πρὸς
1219 1334 1394 1399 οὕτως
1426 1333 1701 1398 ἀπόδειξιν
1733 1332 1941 1403 ἐναργῆ

367 1434 465 1500 τῆς
523 1430 832 1501 ἀληθείας,
880 1430 1018 1500 πρὸς
1074 1426 1423 1499 πατριάρχην
1481 1427 1581 1496 μὲν
1640 1422 1946 1494 ἐφθέγξατο

367 1525 538 1580 οὐδέν.
576 1523 919 1593 Παραλαϐὼν
964 1524 1021 1576 δὲ
1077 1522 1265 1585 αὐτὸν,
1297 1520 1524 1574 εῐσεισιν
1554 1519 1633 1581 είς
1677 1516 1944 1588 βασιλίδα·

364 1621 397 1689 ἡ
427 1618 525 1688 μὲν
554 1612 650 1671 οὗν
676 1616 840 1679 εὐθὺς
865 1616 941 1678 ὡς
970 1611 1101 1681 εἶδε,
1136 1614 1286 1687 λύπῃ
1312 1613 1547 1683 κάτοχος
1572 1608 1943 1680 γεγενημένη,

364 1710 598 1791 δάκρυσι
648 1710 1056 1779 περιερρεῖτο,·
1091 1707 1192 1760 καὶ
1235 1706 1541 1776 ὲθρήνησεν
1605 1702 1690 1770 έφ⁹
1728 1700 1945 1764 ἱκανὸν,

364 1801 465 1869 τῆς
496 1800 648 1854 ἔνδον
686 1800 981 1871 ἀλγηδόνος
1031 1799 1242 1870 ἐναργῆ
1301 1798 1583 1869 τεκμήρια
1621 1796 1695 1849 τὰ
1729 1795 1946 1864 δάκρυα

368 1893 753 1964 παρεχομένη.
796 1892 953 1946 Ἐπεὶ
996 1892 1053 1945 δὲ
1087 1891 1384 1956 ἐπαύσατο,
1420 1890 1583 1955 λόγου
1612 1888 1750 1958 πρὸς
1777 1887 1948 1956 αὐτὴν

366 1988 396 2039 δ
431 1988 604 2057 μέγας
632 1985 956 2056 δομέστικος
1005 1985 1204 2055 ἧρχετο
1226 1981 1463 2039 τοιοῦδε.
1493 1978 1660 2040 Ἔθος
1690 1978 1813 2031 ἐστὶ
1835 1978 1949 2039 τοῖς

373 2076 600 2145 ἀγαθοῖς
631 2076 911 2147 ἀνδράσιν,
965 2074 1188 2129 έπειδάν
1234 2073 1420 2135 αὐτοῖς
1450 2088 1597 2134 τινες
1629 2071 1947 2141 χρήσωνται

373 2168 747 2235 διαλλακταξ,
788 2168 823 2239 ἢ
880 2167 1019 2239 πρὸς
1055 2165 1247 2235 φίλους
1295 2165 1395 2218 καὶ
1427 2162 1690 2226 οἰκείους,
1742 2162 1857 2234 έάν,
1887 2177 1949 2214 τε

377 2261 512 2332 πρὸς
561 2261 758 2326 αὐτοὺς
806 2259 1181 2330 διενεχθῶσιν,
1231 2258 1265 2328 ἢ
1317 2241 1413 2310 xci.
1446 2255 1585 2328 πρὸς
1617 2257 1762 2324 ἄγαν
1789 2253 1951 2308 πολε-

379 2356 556 2424 μίους,
585 2355 655 2408 τὰ
705 2354 803 2424 μὲν
856 2352 1068 2422 σκληρά
1117 2350 1228 2404 τῶν
1277 2348 1658 2419 ἀποκρίσεων,
1696 2346 1794 2400 καὶ
1847 2347 1948 2398 ὅσα

376 2445 612 2515 μάλιστα
635 2445 836 2498 δυνατά
865 2445 966 2514 τήν
1007 2460 1069 2497 τε
1100 2442 1326 2512 εἰρήνην
1356 2438 1618 2505 διαλύειν,
1657 2440 1750 2492 καὶ
1777 2437 1952 2505 διερε-

372 2537 546 2602 θίζειν
586 2536 678 2590 τὸν
709 2537 983 2590 ἀκούοντα
1009 2535 1148 2606 πρὸς
1176 2533 1370 2604 όργὴν,
1393 2530 1573 2585 ταῦτα
1611 2531 1711 2600 μὲν
1744 2545 1953 2596 συγκα-

370 2629 600 2683 λύπτειν
633 2633 729 2683 καὶ
778 2628 1032 2698 περιέναι
1080 2629 1231 2696 σιγῇ.
1267 2625 1409 2678 Ὅσα
1456 2624 1514 2677 δὲ
1558 2621 1809 2692 προσηνῆ
1858 2620 1952 2673 καὶ

369 2718 559 2793 ἥμερα
588 2722 683 2776 καὶ
713 2721 875 2775 ίκανά
905 2720 1045 2791 πρὸς
1078 2718 1378 2782 διαλύσεις,
1404 2717 1475 2771 τά
1507 2715 1738 2770 τοιαῦτα
1770 2715 1953 2781 ἀπαγ-

371 2815 603 2884 γέλλειν,
634 2814 735 2868 οὐκ
766 2812 1030 2882 ἐλάττωῆ
1060 2812 1164 2865 ὅσα
1197 2810 1419 2882 ἤκουσε
1462 2805 1834 2878 προστιθέντα
1856 2804 1952 2857 καὶ

379 2909 508 2979 παρ’
567 2907 790 2962 ἑαυτοῦ.
840 2907 1052 2976 Ὠσπερ
1102 2904 1172 2958 αὖ
1235 2903 1405 2956 πάλιν
1441 2902 1495 2956 οί
1531 2901 1658 2961 τοὺς
1713 2897 1952 2968 τρόπους

381 3002 670 3074 μοχθηροὶ,
725 3000 820 3054 καὶ
875 2996 1208 3068 συγκρούειν
1257 3001 1381 3058 τοὺς
1438 2991 1764 3062 ἀνθρώπους
1816 2989 1953 3057 πρὸς

375 3096 636 3168 ἀλλήλους
673 3094 973 3167 ᾑρημένοι,
1008 3090 1079 3145 τά
1125 3089 1263 3160 πρὸς
1303 3086 1477 3159 ὀργὴν
1532 3084 1633 3156 μὲν
1676 3079 1957 3150 ἀπαγγέλ-

374 3186 523 3241 λουσι
579 3187 718 3258 μετὰ
772 3183 1130 3255 προσθήκης⁹
1184 3180 1288 3232 ὅσα
1341 3177 1399 3229 δὲ
1459 3174 1598 3245 πρὸς
1646 3169 1948 3238 διαλλαγὰς

373 3257 656 3346 ιπιτήδεια
687 3272 783 3325 καὶ
813 3269 1121 3341 συμσάσεις
1145 3308 1160 3330 ,
1191 3264 1465 3319 σιωπῶσι.
1496 3260 1635 3314 Νυνί⁵
1662 3260 1719 3312 δὲ
1754 3258 1821 3328 δὴ
1858 3257 1958 3346 καὶ.

378 3345 541 3427 αὐτὸς
578 3360 658 3434 τῷ
701 3357 1021 3430 πατριάρχῃ
1058 3357 1271 3426 μηνυτῇ
1321 3349 1672 3423 χρησάμενος
1713 3348 1825 3400 τῶν
1860 3345 1951 3397 λόο

374 3474 486 3528 γων
527 3454 637 3507 τῶν
680 3452 852 3525 ἐμῶν,
887 3451 984 3505 καὶ
1018 3447 1185 3503 πάλιν
1213 3445 1283 3498 δι’
1318 3440 1489 3497 αὐτοῦ
1525 3440 1623 3509 τὴν
1646 3435 1956 3505 γεγενημέο

374 3569 475 3623 νην
511 3547 809 3616 ἀπολογίαν
860 3543 1012 3614 παρὰ
1067 3539 1165 3594 σοῦ
1230 3531 1590 3608 μεμαθηκὼς,
1644 3530 1829 3583 ἔδεισα
1881 3531 1957 3599 μὴ

2048 1075 2276 1135 pectore
2307 1066 2616 1135 profectum
2653 1067 2865 1121 remisit
2895 1066 3238 1136 imperdtrix.
3273 1065 3500 1136 Magnus
3530 1083 3629 1120 au-

2050 1166 2160 1212 tem
2192 1158 2531 1214 domesticus
2572 1166 2830 1227 tanquam
2882 1174 2912 1213 a
2960 1158 3257 1227 semetipso
3311 1159 3631 1222 convictus,

2048 1262 2171 1304 eam
2217 1238 2391 1319 jiista,
2453 1249 2765 1318 rationique
2822 1257 3194 1304 consentanea
3249 1250 3516 1308 locutam.
3575 1260 3634 1304 et

2049 1338 2193 1393 nihil
2227 1341 2374 1409 potis
2398 1339 2538 1393 adeo
2570 1339 2872 1394 manifestae
2898 1340 3147 1394 Veritatis
3169 1340 3629 1395 demonstrationi

2055 1446 2364 1502 apponere,
2399 1433 2725 1502 patriarchae
2757 1433 2980 1501 quidem
3012 1433 3151 1487 nihil
3187 1433 3504 1503 respondet,
3533 1433 3629 1487 sed

2049 1536 2177 1577 cum
2213 1537 2280 1577 eo
2327 1522 2397 1577 ad
2443 1524 2855 1593 imperatricem
2906 1524 3238 1595 ingreditur.
3285 1522 3417 1590 Quae
3456 1523 3635 1593 prium

2033 1616 2172 1685 'ejus
2210 1625 2435 1686 aspectu
2465 1616 2657 1671 dolore
2680 1631 2965 1687 oppressa,
2992 1617 3085 1670 diu
3115 1617 3268 1688 largo
3294 1618 3635 1672 humectavit

2054 1718 2153 1759 ora
2181 1704 2427 1769 ﬂumine,
2464 1718 2523 1761 et
2547 1706 2806 1776 lacrymis
2838 1706 3163 1761 intestinum
3206 1708 3511 1761 cruciatum
3550 1717 3632 1761 te-

2050 1806 2193 1853 stata
2220 1805 2327 1852 est.
2353 1796 2649 1868 Postquam
2677 1798 2914 1868 quievit,
2942 1814 3173 1869 magnus
3196 1799 3530 1856 domesticus
3552 1801 3634 1855 sic

2049 1907 2170 1948 eam
2196 1891 2580 1963 compellavit:
2603 1891 2879 1948 Usitatum
2899 1901 2985 1948 est
3010 1894 3148 1949 viris
3174 1895 3359 1960 bonis,
3387 1910 3508 1950 cum
3536 1911 3639 1963 pro

2050 1984 2499 2054 paciﬁcatoribus
2542 1996 2638 2042 aut
2672 1986 2740 2040 ad
2776 1986 2986 2042 amicos
3018 1993 3075 2041 et
3116 1987 3389 2057 cognatis,
3421 1988 3465 2040 si
3500 1986 3634 2056 quid

2050 2078 2199 2134 inter
2228 2092 2326 2133 eos
2355 2077 2574 2133 dissidil
2604 2086 2790 2133 natum
2820 2076 3011 2142 fuerit,
3040 2087 3135 2133 aut
3163 2078 3327 2132 etiam
3353 2078 3419 2132 ad
3448 2077 3636 2132 hostes

2050 2170 2314 2240 capitales
2347 2170 2502 2225 missi
2534 2169 2760 2234 fuerint,
2780 2184 2902 2240 quae
2937 2169 2994 2223 in
3019 2170 3377 2239 responsione
3408 2168 3633 2224 duriora

2051 2270 2202 2327 sunt,
2236 2272 2293 2317 et
2347 2276 2694 2332 quaecunque
2755 2270 2871 2315 tum
2929 2275 3120 2331 pacem
3164 2259 3431 2317 distinere
3465 2301 3480 2324 ,
3520 2271 3635 2313 tum

2054 2352 2372 2407 audientem
2402 2351 2622 2407 irritare
2655 2352 2722 2406 ad
2757 2352 2893 2406 iram
2922 2360 3176 2421 possunt.
3204 2366 3268 2407 ea
3301 2351 3524 2406 silentio
3551 2360 3635 2404 ιε.

2052 2458 2203 2515 gere,
2239 2459 2304 2499 ac
2334 2445 2667 2513 praeterire:
2718 2459 2840 2514 quae
2887 2443 3274 2523 autem’lenia,
3326 2454 3633 2504 ntansucta,

2052 2548 2109 2593 et
2129 2537 2197 2592 ad
2231 2536 2696 2607 compositionem
2722 2537 2944 2599 idonea.
2976 2553 3039 2592 ea
3072 2538 3418 2603 renuntiare,
3443 2553 3506 2591 ac
3528 2554 3637 2590 non

2053 2629 2317 2700 pauciora
2365 2629 2455 2685 his
2500 2644 2623 2699 qua:
2669 2636 3007 2697 acceperunt
3067 2628 3137 2684 de
3186 2643 3290 2683 suo
3339 2626 3638 2697 apponere.

2054 2720 2347 2788 Quomodo
2374 2732 2569 2776 contra
2600 2720 2864 2791 improbi,
2891 2728 2949 2775 et
2989 2720 3083 2790 qui
3130 2720 3383 2775 homines
3413 2720 3555 2774 inter
3581 2735 3641 2774 se

2060 2813 2415 2869 committere
2444 2813 2873 2879 constituerunt,
2907 2828 3030 2882 quae
3055 2811 3124 2867 ad
3155 2811 3500 2868 excitandam
3532 2812 3642 2866 ira-

2055 2905 2315 2962 cundiam
2342 2905 2545 2970 valent,
2586 2920 2711 2960 cum
2754 2907 3002 2960 auctario
3031 2904 3290 2960 nuntiant
3323 2922 3337 2959 :
3375 2920 3496 2974 qu'e
3526 2920 3629 2959 an.

2058 3004 2169 3050 tem
2196 2997 2264 3049 ad
2296 2996 2832 3056 reconciliationem,
2863 3004 2918 3049 et
2938 3002 3099 3064 pacta
3130 2994 3370 3048 lneunda
3402 2993 3642 3064 quadra-

2057 3073 2203 3152 reht,
2237 3088 2329 3143 illa
2376 3090 2631 3143 reticent.
2675 3086 2835 3141 Nune
2880 3086 3011 3156 quia
3058 3095 3116 3141 et
3166 3086 3282 3156 ipse
3327 3086 3641 3157 patriarcha

2056 3179 2355 3234 verborum
2392 3176 2659 3233 meorum'
2688 3176 2755 3231 ad
2811 3185 2863 3230 te
2910 3174 3258 3230 internuntio
3304 3191 3440 3230 usus
3493 3191 3639 3237 sum,

2060 3285 2365 3341 rursusque
2423 3286 2522 3341 per
2570 3285 2696 3325 eum
2764 3272 3179 3338 responsionem
3220 3276 3368 3322 tuam
3428 3268 3639 3336 accepi,

2060 3367 2244 3431 timul,
2290 3378 2360 3419 ne
2400 3365 2649 3418 animum
2694 3362 2919 3433 quidem
2956 3377 3141 3417 meum
3197 3362 3299 3424 ira,
3339 3360 3640 3430 doloreque

2063 3468 2390 3521 tumentem,
2428 3468 2486 3513 et
2515 3456 2802 3512 ardentem
2837 3454 3182 3525 refrigerare.
3228 3469 3293 3510 ac
3338 3455 3643 3525 reprimere

2080 3552 2291 3616 volens,
2324 3559 2431 3605 tam
2461 3548 2676 3621 placida
2721 3560 2779 3604 et
2806 3548 2958 3602 milia
2993 3547 3290 3617 protulerit
3327 3565 3342 3602 :
3376 3548 3441 3601 ad
3475 3556 3528 3602 te
3550 3562 3651 3601 an-

374 3645 475 3716 τὴν
509 3642 648 3713 ἐμὴν
676 3637 879 3708 ψυχὴν,
934 3635 1278 3692 οίδαίνουσαν
1329 3645 1428 3689 και
1459 3644 1806 3705 φλεγομινην
1851 3628 1954 3677 ὑπ’)

2065 3655 2171 3700 tem
2224 3658 2407 3713 neque
2458 3656 2579 3696 mea
2632 3641 2799 3696 verba
2859 3640 3263 3709 importnniora
3314 3640 3641 3695 servaverit.

374 3740 553 3810 λύπης
618 3736 919 3808 ἀναψύχειν
976 3732 1304 3806 βουλόμενος
1363 3730 1458 3783 καὶ
1521 3722 1910 3781 καταστέλλειν
1937 3758 1952 3783 ,

377 3835 601 3890 τοιαῦτα
639 3830 942 3898 ιφθέγξατο
971 3828 1158 3899 ἥμερα
1193 3827 1290 3878 καὶ
1321 3823 1594 3892 προσηνῆο
1633 3817 1773 3887 πρὸς
1807 3814 1868 3866 σὲ
1897 3812 1956 3866 δὲ

377 3927 502 3981 οὔτε
534 3925 662 3989 τοὺς
698 3923 867 3992 εμοὺς
913 3917 1212 3989 ἀκεραίους
1240 3915 1543 3968 διεσώσατο
1565 3909 1787 3976 λόγους,
1827 3902 1958 3974 μήτ’

380 4015 445 4073 αὖ
472 4019 632 4083 πάλιν
654 4016 775 4079 οίας
799 4014 994 4083 ἔτυχεν
1022 4007 1323 4077 ἀπολογίας
1349 4004 1656 4075 ἀπήγγειλε
1689 4000 1787 4053 καὶ
1816 3995 1955 4067 πρὸς

381 4112 502 4184 ιμέ⁶
534 4110 651 4165 ἀλλ’
684 4107 802 4164 ἀνθ’
838 4108 1042 4173 ἑτέρων
1078 4102 1245 4172 ἔτερα
1286 4100 1480 4165 είπὼν,
1529 4098 1625 4153 νῦν
1669 4116 1769 4170 μεν
1802 4099 1958 4152 διαλ-

381 4204 530 4270 λάξει
561 4202 701 4274 πρὸς
754 4199 969 4270 καιρὸν,
1020 4195 1251 4265 ὕστερον
1304 4193 1360 4247 δὲ
1405 4193 1577 4261 ὀλίγῳ
1637 4192 1815 4263 μείζω
1865 4188 1959 4242 καὶ

381 4295 691 4369 βαρυτέραν
750 4289 1156 4345 κατασκευάσει
1213 4285 1469 4354 γενέσθαι
1518 4286 1619 4352 τὴν
1668 4282 1957 4353 διαφοράν.

378 4383 455 4443 OB
504 4388 570 4457 δὴ
590 4386 769 4439 ’ἕνεκα
816 4382 911 4436 καὶ
938 4379 1101 4442 αὐτὸς
1149 4380 1199 4431 εί
1251 4373 1482 4429 τοιαῦτα
1533 4374 1707 4438 ὅντως
1739 4374 1959 4440 εἰργιται

378 4480 532 4552 παρὰ
556 4478 674 4545 σοῦ,
696 4476 807 4530 δεῖν
837 4473 1012 4542 ἔγνων
1044 4469 1289 4539 ἀκριϐῶς
1318 4469 1534 4536 μαθεῖν,
1565 4466 1640 4528 ώς
1667 4467 1731 4520 ἂν
1758 4465 1961 4533 εἰδείην

378 4571 411 4649 ᾗ
457 4575 563 4645 χρὴ
610 4573 706 4627 καὶ
757 4567 888 4637 περὶ
940 4566 1050 4619 τῶν
1088 4560 1388 4618 ἐπιλοίπων
1444 4556 1776 4629 ποιήσασθαι
1834 4556 1962 4616 τοὺς

379 4645 595 4731 λόγους.
645 4659 755 4715 Καὶ
780 4659 959 4711 πάντα
984 4651 1278 4731 διεξελθὼν
1307 4652 1410 4704 ὅσα
1439 4649 1795 4720 πατριάρχης
1826 4645 1963 4717 πρὸς

383 4720 567 4807 αὐτ),νῂ
594 4730 905 4816 διαλεχθείῆ
931 4720 1335 4804 μέπυνθάνετο
1366 4737 1564 4806 αὐτῆς,
1599 4737 1650 4789 εί
1684 4735 1782 4787 καὶ
1821 4732 1962 4803 αύτῇ

380 4843 576 4898 τοῦτον
605 4839 823 4910 εἴρηται
852 4837 943 4889 τὸν
975 4833 1204 4904 τρόπον.
1248 4828 1366 4897 Ἐφ’
1414 4827 1587 4881 ἅπασι
1624 4824 1683 4878 δὲ
1718 4822 1966 4878 συντιθε-

386 4936 557 5005 μένης
588 4932 665 4995 ώς
713 4927 893 5000 ὀρθῶς
935 4926 1032 4979 καὶ
1062 4921 1281 4992 ἀληθῶς
1314 4917 1734 4990 γεγενημένοις,
1763 4912 1963 4968 οὐκοῦν

2062 3750 2244 3805 neque
2276 3748 2520 3797 rursum,
2552 3748 2676 3802 qua:
2707 3731 3068 3801 reSpoudisti,
3102 3730 3376 3793 retulerit,
3411 3720 3506 3785 Sed
3537 3731 3642 3784 alia

2062 3843 2162 3898 pro
2196 3826 2322 3881 aliis
2368 3825 2613 3890 locutus,
2666 3838 2815 3879 nunc
2867 3823 2934 3877 ad
2985 3831 3202 3891 tempus
3232 3836 3333 3876 nos
3363 3821 3641 3881 conciliet.

2061 3920 2336 3991 pauloque
2362 3926 2485 3987 post
2514 3916 2808 3971 dissidium
2855 3915 2999 3970 inter
3047 3929 3151 3969 nos
3184 3914 3361 3985 majus
3426 3924 3481 3969 et
3521 3930 3646 3983 gra-

2060 4012 2186 4066 vius
2227 4009 2447 4064 eﬂlciat.
2496 4007 2845 4077 Quapmpter
2901 4023 3032 4061 uum
3089 4007 3204 4060 haec
3259 4021 3391 4061 vere
3443 4005 3539 4059 abs
3594 4016 3645 4058 te

2061 4101 2206 4156 dicta
2240 4101 2370 4162 sint,
2407 4111 2666 4152 accurate
2696 4096 3143 4165 Cognoscendnm
3175 4096 3330 4149 duxi.
3375 4094 3499 4148 Mox
3526 4110 3645 4148 om-

2064 4193 2153 4246 nia
2183 4198 2463 4260 rcpetens,
2495 4202 2619 4257 quae
2643 4204 2710 4242 ex
2735 4188 3048 4257 patriarcha
3076 4187 3355 4249 audierat,
3388 4200 3521 4239 num
3556 4200 3619 4238 ea

2063 4278 2187 4334 dem
2220 4258 2337 4346 ipsa
2372 4258 2578 4330 dixerit
2611 4277 2947 4330 sciscitatur.
2979 4275 3096 4341 Qua
3132 4283 3189 4327 ut
3221 4285 3391 4338 recte,
3428 4281 3485 4327 et
3514 4287 3645 4326 vero

2064 4370 2250 4426 relatis
2278 4370 2638 4435 assentiente,
2685 4367 2850 4440 364
2885 4368 3061 4439 Igitur;
3111 4368 3373 4436 (subjecit
3417 4382 3646 4435 magnus

2066 4461 2437 4528 domesticus)
2463 4460 2678 4514 tametsi
2714 4458 2783 4514 de
2822 4459 3035 4528 reliquo
3066 4458 3302 4513 ferocius
3335 4473 3441 4522 me,
3478 4467 3531 4510 et
3560 4458 3645 4509 in-

2070 4551 2478 4607 consideratius
2517 4550 2752 4605 videhor
2783 4565 2997 4620 gerere,
3042 4550 3246 4604 nullius
3280 4564 3367 4607 me
3401 4558 3495 4602 aut
3526 4549 3646 4603 ine-

2064 4639 2217 4710 ptiae,
2248 4646 2344 4693 aut
2373 4638 2724 4708 arrogantim,
2758 4637 3073 4691 audacian'e
3107 4636 3589 4691 condemnandum
3630 4656 3643 4691 :

2063 4732 2159 4786 sed
2193 4731 2239 4787 si
2275 4745 2384 4801 qua
2420 4729 2589 4785 fuerit
2618 4729 2678 4784 in'
2699 4729 2948 4784 oratione
2974 4734 3094 4784 mea
3118 4728 3395 4794 confusio,
3425 4745 3488 4783 ac
3522 4746 3646 4798 per-

2065 4824 2331 4890 turbatio,
2375 4823 2528 4878 illam
2578 4837 2765 4877 rerum
2821 4823 3137 4877 necessuati
3217 4822 3657 4883 ascrihendamu,

2068 4916 2206 4972 mihi
2241 4924 2301 4969 ut
2329 4916 2400 4970 ab
2433 4914 2567 4984 ipsis
2599 4921 2792 4969 coacto
2823 4912 3222 4983 ignoscendum
3253 4922 3498 4967 antmno.
3540 4913 3649 4982 ligo

382 5003 554 5081 εἶπεν*
590 5026 640 5078 εί
666 5023 762 5076 καὶ
793 5020 929 5089 πρὸς
953 5018 1021 5069 τά
1049 5014 1310 5071 ἐπίλοιπα
1337 5011 1587 5081 τραχέως
1618 5008 1758 5073 δόξω
1787 5021 1954 5076 προσ·

2064 5007 2304 5064 arbitror
2350 5019 2802 5076 unumquemque
2844 5003 2937 5073 qui
2979 5018 3165 5059 mores
3219 5013 3276 5057 et
3325 5004 3649 5057 aifectioncs

383 5117 648 5189 φέρεσθαι
689 5113 785 5167 καὶ
817 5108 1269 5181 ἀπερισκέπτως,
1307 5101 1583 5174 μηδεμίαν
1613 5099 1749 5169 ἐμοῦ
1786 5114 1960 5151 κατα-

390 5209 704 5278 γινώσκειν,
742 5203 870 5276 μήτ⁹
898 5197 1320 5268 ἀπειροκαλίαν,
1372 5192 1827 5264 μήτ’ναύθάδειαν
1859 5189 1960 5243 καὶ

391 5303 704 5374 θρασύτητα
752 5296 860 5351 τῶν
910 5294 1129 5364 τρόπων
1160 5289 1317 5356 ἀξιῶ·
1364 5285 1482 5340 ἀλλ’
1510 5282 1563 5338 εἴ
1613 5299 1699 5345 τις
1734 5281 1965 5374 προσείη

305 5446 328 5458 _
390 5372 484 5447 καὶ
519 5396 634 5455 τοῖς
652 5390 838 5457 λόγοις
870 5385 1089 5451 ἀταξία,
1117 5382 1338 5451 εκείνην
1369 5378 1470 5459 μὲν
1507 5372 1966 5447 προσλογίζεσθαι

390 5485 497 5539 τῶν
534 5483 882 5555 πραγμάτων
933 5480 1001 5549 τῇ
1047 5475 1287 5544 ἀνάγκῃ,
1341 5471 1466 5541 ἐμοὶ
1513 5468 1571 5522 δὲ
1624 5463 1965 5535 παρέχεσθαι

392 5575 728 5644 συγγνώμην
753 5574 826 5635 ὡς
854 5571 946 5623 ὑπ’
985 5566 1165 5620 αὐτῶν
1196 5563 1534 5636 βιαζομένῳ.
1581 5557 1725 5625 Ἐγὼ
1754 5556 1964 5627 νομίζω

392 5669 572 5722 πάντα
597 5662 838 5717 όντινοῦν
887 5663 1033 5723 ὅστις
1091 5659 1279 5729 μέλλει
1315 5653 1521 5719 καλῶξ,
1566 5655 1662 5703 καὶ
1690 5645 1825 5720 ἦθος
1867 5666 1964 5700 κα⁸

391 5756 797 5813 τασκέπτεσθαι
845 5754 1075 5824 ἀνὸρδις,
1129 5749 1356 5812 καὶτὰς
1403 5747 1500 5815 τῆς
1548 5743 1728 5813 ψυχῆς
1785 5742 1963 5810 ὁρμὰς

395 5850 588 5913 ὁποίας
628 5850 775 5919 ἔχει,
813 5853 947 5919 μήτε
984 5847 1094 5907 τοῖς
1130 5840 1331 5907 ἔξωθεν
1387 5838 1515 5907 περὶ
1565 5834 1727 5892 αὑτοῦ
1784 5850 1960 5906 πρυσο

2074 5099 2306 5155 alterius
2330 5097 2504 5169 probe
2542 5110 2919 5167 perpensurus
2947 5101 3004 5149 et
3032 5094 3390 5165 dispecturus
3421 5094 3515 5159 sit,
3549 5111 3647 5149 ne-

2068 5206 2178 5261 que
2209 5189 2277 5245 iis
2304 5203 2428 5257 quae
2461 5187 2600 5243 foris
2640 5187 2710 5241 de
2737 5201 2806 5241 eo
2839 5186 3125 5247 dicuntur,
3159 5185 3362 5240 debere
3394 5186 3650 5239 attendes

2072 5297 2130 5336 re
2166 5299 2181 5334 :
2217 5294 2398 5350 neque
2431 5278 2584 5333 illum
2616 5291 2715 5348 per
2755 5277 2999 5346 scipsum
3040 5276 3411 5339 considerare,
3446 5275 3650 5343 quibus

2071 5369 2412 5439 temporibus
2436 5367 2688 5423 consulta
2721 5365 2987 5435 implendi
3020 5373 3347 5435 potestatem
3395 5379 3505 5417 non
3551 5365 3650 5417 ho-

2072 5461 2261 5526 hebat,
2295 5459 2391 5515 sed
2427 5458 2631 5529 quibus
2665 5459 2901 5511 maxime
2931 5472 3028 5512 sua
3064 5455 3114 5510 ei
3144 5455 3419 5516 libertate,
3452 5470 3516 5507 ac
3551 5471 3648 5523 p0-

2076 5564 2274 5610 testate
2301 5553 2384 5606 uti
2409 5552 2621 5607 licitum
2646 5559 2753 5606 est.
2786 5550 2842 5604 Si
2868 5548 3017 5604 enim
3052 5548 3097 5603 is
3128 5556 3243 5602 tum
3277 5547 3415 5601 nihil
3453 5547 3649 5601 horum

2072 5645 2421 5701 committere
2457 5643 2755 5706 videbitur,
2794 5641 2978 5711 qualia
3017 5640 3287 5709 quispiam
3318 5641 3649 5694 commissu-

2073 5754 2195 5793 rum
2228 5746 2471 5808 putaret,
2501 5736 2591 5790 hic
2622 5736 2675 5790 in
2707 5742 2986 5805 posterum
3018 5733 3160 5787 haud
3191 5748 3463 5801 quaquam
3500 5732 3650 5797 inge-

2074 5833 2228 5889 nium
2274 5830 2670 5886 immutaverit.
2705 5827 2941 5884 Proinde
2977 5835 3032 5881 ct
3070 5840 3170 5897 ego
3216 5825 3283 5881 dc
3331 5840 3416 5879 me
3469 5825 3649 5879 dicam
