4060 6410
477 366 576 431 Ἠθ

1678 368 2000 429 IOANNts
2042 354 2573 429 CANTACUZENI

3627 371 3739 437 732

472 483 670 547 libere,
704 496 803 536 nec
835 490 963 536 ante
994 482 1275 552 cupivisse
1306 490 1631 551 praesentem
1660 481 1906 535 habitum
1935 496 2041 534 mu-

2159 484 2303 552 ἐχειν
2335 484 2673 550 λεγομένοις,
2727 481 2855 552 μήτ’
2910 480 3074 535 αὐτδιν
3130 482 3223 552 ἀφ’
3260 482 3457 537 ἑαυτοῦ
3508 491 3736 541 σκοπεῖν

475 582 592 628 tare
626 590 749 627 cum
790 574 1169 644 imperatorio,
1207 573 1457 643 quamvis
1492 574 1655 627 toties
1695 589 1724 626 a
1755 573 2052 642 superstite

472 665 656 719 adhuc
699 666 874 719 beata:
909 667 1188 720 memoriae
1242 665 1569 734 imperatore
1603 663 1717 733 (95)
1770 664 2052 726 imitarer,

478 774 662 827 neque
690 759 800 828 jam
835 773 1057 827 cupere.
1087 758 1143 813 Si
1174 758 1319 812 enim
1351 756 1665 827 hujusmodi
1698 755 1931 811 nefanda
1957 773 2053 810 cu-

473 848 706 918 piditate
738 849 990 903 irretitus
1021 849 1273 913 fuissem,
1307 849 1436 917 quid
1469 848 1688 901 tandem
1730 850 2055 917 erat,impe-

475 939 729 1003 dimenti,
763 940 985 1009 quando
1019 940 1239 996 mortuo
1279 942 1609 1010 imperatore
1651 941 1770 1010 ipse
1812 943 2053 1009 acceptis

473 1031 532 1083 in
569 1030 796 1083 tutchm
832 1030 1110 1098 ejusliliis
1138 1032 1403 1101 palatium
1434 1032 1681 1085 custodia
1710 1032 2048 1098 tnuniebam,

473 1130 531 1174 et
565 1120 660 1189 qui
691 1130 851 1173 erant
884 1121 1031 1176 intus
1064 1131 1183 1178 tuto
1217 1124 1567 1185 tenebantur,
1600 1122 1692 1191 qui
1740 1134 1922 1177 autem
1968 1124 2051 1178 fo-

470 1211 572 1275 ris,
603 1228 796 1267 eorum
830 1213 925 1267 alii
957 1214 1097 1269 bene
1131 1215 1269 1270 mihi
1304 1216 1582 1276 volebant.
1616 1219 1710 1272 al:i
1748 1220 2052 1288 potentiam

469 1319 650 1358 meam
685 1304 1082 1371 formidabant,
1127 1321 1230 1361 nec
1275 1306 1493 1361 hiscere
1528 1320 1719 1363 contra
1753 1312 2050 1377 audebant,

470 1396 771 1465 quominus
803 1398 1064 1452 latentem
1094 1397 1246 1453 intus
1278 1400 1633 1455 ambitionem
1660 1402 1806 1457 foras
1835 1421 2056 1461 exsere-

473 1506 639 1544 rem:
687 1491 772 1546 vel
819 1491 1004 1561 potius
1054 1491 1110 1545 in
1148 1500 1297 1546 tanta
1355 1494 1815 1549 intercedendum
1862 1498 2055 1552 solitu-

471 1583 601 1635 dine
648 1583 1012 1653 cupiditatem
1066 1600 1245 1640 meam
1298 1588 1592 1642 satiarem?
1639 1588 1792 1655 Quod
1841 1601 2052 1645 tantum

471 1674 648 1735 abest,
703 1683 764 1727 ut
810 1674 1058 1740 fecerim,
1107 1684 1205 1729 aut
1253 1677 1552 1733 meditatus
1604 1680 1728 1742 sim.
1784 1663 1860 1734 ut.
1893 1682 2051 1749 plane

472 1765 813 1819 contrarium
850 1766 1101 1823 fecerim.
1153 1767 1289 1823 Nam
1321 1779 1395 1833 te,
1430 1780 1486 1825 et
1531 1771 1656 1829 filiis
1704 1762 2052 1840 imperatoris

472 1870 648 1923 usque
679 1856 744 1910 ad
778 1857 922 1912 diem
950 1858 1020 1913 ab
1050 1859 1171 1929 ejus
1196 1860 1422 1916 interitu
1452 1878 1661 1918 nonum
1692 1866 1961 1920 tutissime
1992 1866 2048 1921 in

467 1945 676 2012 palatio
700 1949 958 2014 servatis,
996 1959 1188 2018 postea
1226 1952 1541 2019 praesidium
1577 1968 1606 2007 a
1638 1970 1724 2009 me
1757 1955 1833 2009 ibi
1879 1955 2050 2011 collo-

468 2028 891 2097 catum'dednxi
925 2058 938 2094 :
975 2052 1030 2096 et
1062 2042 1169 2097 alio
1200 2044 1477 2114 imposito,
1508 2056 1775 2115 quantum
1809 2048 1877 2102 ad
1909 2048 2049 2103 insi-

469 2128 770 2198 diatorum,
815 2133 861 2187 si
899 2133 997 2203 qui
1045 2137 1382 2190 exsisterent
1427 2139 1668 2208 impetus
1706 2141 2048 2197 cohibendos

467 2222 828 2278 suffecturum
873 2228 1089 2289 censui,
1139 2229 1360 2284 domum
1406 2233 1644 2296 recessi;
1693 2234 2049 2289 moderamen

468 2316 710 2386 imperii,
740 2319 886 2387 quod
913 2319 1036 2374 vivo
1063 2321 1390 2390 imperatore
1414 2323 1713 2379 habueram
1752 2330 2045 2397 resumpsi,

466 2422 660 2462 omnes
721 2409 969 2470 hortans.
998 2411 1257 2465 omnibus
1285 2414 1545 2477 suadens.
1580 2418 1847 2473 minarum
1879 2423 2043 2476 etiam

466 2507 683 2553 terrore
715 2500 1065 2567 interposito,
1104 2518 1173 2556 ne
1209 2504 1340 2572 quid
1379 2506 1707 2561 molirentur
1734 2512 1860 2563 novi
1894 2532 1906 2566 :
1949 2515 2044 2567 sed

468 2603 660 2656 puram
714 2599 769 2643 et
799 2591 1089 2646 candidam
1122 2595 1217 2647 tibi
1241 2610 1420 2664 aeque,
1443 2612 1506 2651 ac
1526 2599 1651 2654 filiis
1680 2602 1787 2654 tuis
1812 2603 2047 2660 benevo-

466 2678 689 2733 lentiam
743 2681 1223 2754 obcdicnliamque
1258 2700 1601 2756 prmstarent,
1649 2708 1754 2747 nec
1785 2694 2046 2751 dissimu-

465 2769 606 2836 lans,
633 2786 720 2825 me
743 2786 1010 2828 novarum
1042 2791 1227 2830 rerum
1263 2781 1587 2837 auctoribus
1616 2798 1806 2852 pcenas
1837 2787 2048 2857 irroga-

466 2872 676 2926 turum,
727 2863 1040 2937 bellumque
1083 2884 1185 2937 pro
1236 2871 1393 2927 vobis
1446 2888 1853 2945 suscepturum.
1901 2880 2043 2947 Quid

464 2955 637 3024 ergo?
667 2965 797 3011 tunc
840 2959 1061 3028 quidem
1117 2963 1363 3044 noluisse
1418 2983 1505 3023 me
1552 2969 1699 3024 dicet
1745 2974 2040 3044 quispiam,

462 3061 588 3099 cum
617 3062 865 3116 possem;
900 3067 1047 3107 nunc
1083 3039 1266 3109 mitem
1313 3058 1452 3113 velle
1489 3076 1612 3116 cum
1647 3039 1810 3119 tanta:
1847 3077 2043 3135 poten-

2154 577 2214 627 ἐν
2274 571 2357 638 οἷς
2401 578 2613 643 καιροῖς
2657 575 2760 628 οὐκ
2794 574 2881 626 ἐπ’
2916 575 3114 645 ἐκείνῳ
3142 570 3207 645 ἦν
3236 578 3294 631 τὸ
3344 579 3411 629 τὰ
3440 576 3731 645 seeos)”-

2158 666 2294 736 μένα
2320 665 2582 731 δύνασθαι
2613 666 2693 730 είς
2727 666 2865 741 ἔργα
2904 666 3154 732 ἀγαγεῖν·
3185 667 3300 719 ἀλλ’
3324 668 3489 736 ἡνίκα
3553 669 3734 735 ἔξεστι

2158 755 2392 824 μάλιστα
2424 753 2665 825 χρῆσθαι
2709 757 2775 824 τῇ
2834 754 3091 822 δυνάμει.
3151 755 3213 806 El
3251 756 3359 825 γὰρ
3410 757 3531 809 τότε
3572 759 3737 827 μηδέν

2154 864 2207 900 τι
2240 846 2495 914 φαίνεται
2523 844 2767 899 τοιοῦτον
2788 845 2953 915 δρῶν,
2981 839 3095 898 οἷον
3119 847 3282 901 αὐτὸν
3300 849 3365 901 ἄν
3389 864 3474 911 τις
3498 849 3734 921 οἰηθείη,

2159 941 2322 1009 σχολῇ
2353 940 2404 1006 γ’
2442 940 2511 992 ἂν
2539 938 2822 992 είσέπειτα
2850 936 3181 1006 μεταὸαλείν
3229 939 3257 991 ὁ
3294 938 3543 1001 τοιοῦτος
3572 941 3735 995 ἕλοιτ’

2155 1033 2241 1087 ἄν.
2270 1031 2463 1085 Τοίνυν
2516 1033 2609 1086 καὶ
2657 1032 2820 1094 αὐτὸς
2873 1032 2987 1100 ἐρῶ
3047 1031 3186 1100 μετά
3240 1033 3557 1102 παρῤησῖας
3594 1034 3728 1101 περὶ

2155 1123 2422 1195 ἐμαυτοῦ,
2460 1122 2535 1187 ὡς
2590 1121 2715 1177 οὔτε
2758 1122 3026 1193 πρότερον
3085 1122 3410 1193 ἐπεθύμησα
3461 1125 3541 1187 είς
3583 1124 3736 1194 βασιο

2155 1217 2289 1279 λέως
2348 1215 2537 1286 σχῆμα
2600 1216 2942 1286 μεταμεῑῲαι
2981 1217 3040 1269 τὸ
3097 1217 3290 1285 παρὸν,
3351 1217 3528 1270 καίτοι
3559 1219 3730 1273 πολλὰ

2157 1308 2416 1369 πολλάκις
2439 1307 2543 1361 ὑπὸ
2564 1308 2848 1380 περιόντος
2883 1308 2963 1361 ἔτι
2989 1308 3084 1361 τοῦ
3112 1309 3419 1377 μακαρίτου
3461 1310 3727 1378 βασιλέως

2154 1403 2366 1455 ἐκείνου
2405 1403 2804 1473 παρακληθεὶς,
2849 1402 2977 1457 οὔτε
3015 1402 3113 1455 νῦν
3143 1404 3273 1472 ἐρῶ.
3320 1404 3381 1457 Et
3421 1406 3528 1473 γὰρ
3558 1406 3724 1458 τοιού.

2153 1512 2269 1557 τοις
2316 1494 2514 1565 ἔρωσιν
2543 1495 2770 1558 ἀτόποις
2821 1495 3137 1548 συνέϐαινεν
3183 1497 3413 1563 ἁλῶναι,
3443 1499 3496 1550 τί
3521 1498 3580 1550 τὸ
3621 1516 3725 1550 κω-

2153 1587 2282 1640 λύον
2353 1583 2462 1657 ἦν,
2520 1587 2610 1640 ὅτε
2685 1586 2950 1657 βασιλέως
3002 1588 3454 1658 τετελευτηκότος
3487 1629 3502 1652 ,
3561 1590 3721 1652 αὐτὸς

2156 1678 2487 1749 παραλαϐὼν
2515 1679 2641 1742 τοὺς
2694 1679 2890 1741 παῖδας
2930 1680 3054 1743 τοὺς
3102 1681 3338 1742 ἐκείνου,
3368 1682 3432 1733 τὰ
3461 1681 3708 1749 βασίλεια

2155 1771 2423 1840 κατέσχον
2445 1773 2502 1825 ὲν
2533 1774 2770 1843 φρουρᾷ,
2801 1773 2911 1827 τῶν
2934 1790 2995 1826 τε
3022 1775 3174 1828 ἔνδον
3202 1775 3459 1843 ἀσφαλῶς
3492 1791 3718 1842 κατεχο-

2155 1865 2353 1934 μένων,
2407 1865 2503 1919 καὶ
2538 1867 2646 1918 τῶν
2690 1864 2796 1929 ἔξω
2851 1867 3071 1921 πάντων
3098 1910 3111 1933 ,
3160 1868 3268 1919 τῶν
3311 1870 3408 1936 μὲν
3461 1867 3718 1930 εὔνοῖκῶς

2151 1958 2275 2027 ἐμοὶ
2303 1958 2682 2027 διακειμένων,
2707 1958 2815 2010 τῶν
2840 1958 2898 2010 δὲ
2923 1959 3394 2026 ὺποπτησσόντων
3431 1962 3530 2028 τὴν
3554 1960 3717 2013 δύνα-

2155 2069 2249 2123 μιν
2282 2051 2380 2121 τὴν
2426 2053 2569 2122 ἐμὴν
2597 2093 2611 2118 ,
2673 2053 2765 2105 καὶ
2808 2053 2931 2105 οὐδὲ
2990 2051 3316 2120 τολμώντων
3349 2052 3719 2121 ἀντιγρύζειν,

2148 2143 2251 2212 τὴν
2304 2144 2667 2213 οίκουροῦσαν
2701 2146 2856 2212 ἄγειν
2886 2146 2967 2208 εἰς
3002 2144 3119 2212 φῶς
3156 2144 3375 2210 κακίαν,
3407 2145 3441 2213 ἢ
3475 2145 3574 2212 τὴν
3604 2148 3722 2197 ἐπι·

2150 2234 2356 2303 θυμίαν
2411 2232 2617 2305 μᾶλλον
2661 2218 2803 2287 κατὰ
2842 2235 3046 2306 πολλὴν
3081 2235 3175 2288 τοῦ
3209 2235 3548 2299 κωλύσδντος
3581 2241 3714 2306 ἐρη-

2152 2326 2281 2395 μίαν
2316 2326 2668 2397 ὲκπληροῦνς
2719 2328 2837 2380 νυνὶ
2882 2326 2941 2379 δὲ
2995 2328 3057 2379 οὐ
3096 2327 3257 2397 μόνον
3290 2329 3444 2380 οὐδὲν
3478 2330 3720 2380 τοιοῦτον

2147 2417 2424 2485 δεδρακὼς
2456 2420 2489 2489 ἢ
2521 2419 2943 2489 βεϐουλευμένος
2974 2420 3261 2487 φαίνομαι,
3297 2419 3433 2472 ἀλλά
3468 2421 3562 2473 καὶ
3592 2421 3715 2472 τού-

2148 2509 2362 2561 ναντίον
2429 2512 2566 2564 πᾶν.
2643 2511 2735 2565 Ἑν
2787 2511 3062 2581 ἀσφαλείᾳ
3093 2513 3204 2582 γάρ
3240 2514 3387 2582 πάσῃ
3443 2514 3538 2565 καὶ
3591 2515 3719 2575 τοὺς

2151 2600 2416 2670 βασιλέως
2459 2603 2659 2666 παῖδας
2710 2603 2806 2656 καὶ
2864 2602 2923 2656 σὲ
2962 2602 3126 2672 ἄχρις
3179 2604 3378 2672 ἐνάτης
3414 2605 3624 2672 ἡμέρας
3655 2607 3719 2656 ἐκ

2147 2695 2248 2764 τῆς
2298 2695 2566 2763 βασιλέως
2610 2694 2870 2763 τελευτῆς
2925 2694 3282 2766 διατηρήσας,
3321 2695 3439 2764 μετ’
3477 2696 3715 2762 ἐκείνην,

2146 2790 2243 2857 τήν
2278 2803 2335 2837 τε
2370 2787 2615 2855 φρουρὰν
2647 2787 2939 2855 ἀπήγαγον
2962 2785 3070 2838 τῶν
3108 2786 3422 2855 βασιλείων,
3452 2785 3520 2857 ἢν
3550 2786 3715 2850 αὐτὸς

2147 2876 2546 2944 ὲγκαθιδρύσας
2577 2872 2645 2947 ἦν
2680 2877 2775 2929 καὶ
2804 2877 2972 2946 ἀλλην
3022 2879 3380 2945 καταστήσας
3413 2876 3548 2945 ὅσην
3580 2878 3715 2947 πρὸς

2145 2971 2206 3021 τὸ
2258 2967 2369 3021 τῶν
2417 2968 2927 3021 ἑπιόουλευσάντων
2982 2968 3111 3026 ἴσως
3162 2968 3383 3035 ἐπέχειν
3413 2968 3515 3029 τάς
3545 2966 3716 3037 ὁρμὰς

2147 3059 2339 3129 ἔκρινα
2374 3058 2540 3121 αὐτὸς
2564 3057 2775 3127 ἀρκεῖν,
2806 3058 2990 3110 οἴκαδε
3026 3057 3363 3125 ἀνεχώρουν,
3394 3057 3503 3108 τῶν
3537 3072 3716 3127 πραγ-

468 3137 556 3191 tiae
614 3137 847 3196 facultas
898 3158 1014 3197 non
1075 3146 1190 3200 sit?
1236 3147 1403 3217 Atqui
1459 3166 1568 3205 non
1622 3154 1806 3210 minus
1858 3157 2041 3225 hodie,

2150 3152 2341 3221 μάτων
2379 3149 2638 3219 ἐχόμενος
2678 3148 2868 3219 ὥσπερ
2896 3152 2988 3201 καὶ
3023 3149 3225 3213 ζῶντος
3255 3149 3537 3218 βασιλέως.
3575 3151 3715 3202 llis:

463 3243 627 3297 quam
649 3240 778 3288 tunc
797 3249 883 3288 me
904 3250 1186 3304 posse,vos
1202 3239 1354 3307 juxta
1378 3255 1591 3296 mecum
1618 3246 2039 3305 t-onfitebimini.

460 3320 642 3391 365.
676 3323 863 3393 Itaque
901 3342 1081 3397 neque
1117 3331 1296 3398 prius,
1331 3347 1511 3401 neque
1553 3352 1723 3402 nunc,
1757 3341 1887 3407 quia
1925 3358 2043 3395 ma-

461 3411 700 3481 lefacere
755 3418 1084 3486 nequirem,
1150 3421 1360 3477 ideirco
1420 3426 1709 3485 abstinui:
1759 3433 1856 3487 sed
1912 3434 2040 3491 ideo

461 3504 836 3575 potissimum,
866 3508 994 3577 quia
1041 3512 1218 3580 nolui,
1269 3516 1542 3587 talemque
1599 3536 1814 3576 morum
1862 3536 2042 3581 muta-

461 3597 671 3653 tionem
705 3603 998 3670 pessimam
1033 3604 1261 3663 omnino
1595 3613 1961 3682 Quamobrem
1990 3622 2036 3679 si

461 3705 569 3746 nec
597 3693 751 3761 alias,
789 3712 897 3751 non
952 3690 1139 3768 modo,
1194 3706 1447 3773 quamvis
1479 3706 1741 3766 facillime
1793 3729 2034 3783 possem,

466 3784 768 3885 quidquam
824 3793 1130 3861 ejusmodi,
1188 3799 1352 3867 quale
1382 3802 1508 3871 quis
1562 3806 1911 3876 su3picetur,
1948 3826 2037 3866 me

457 3878 647 3928 animo
678 3878 913 3946 agitasse
947 3894 1162 3940 certum
1203 3898 1306 3955 est,
1335 3891 1502 3945 etiam
1538 3892 1590 3946 in
1614 3893 1863 3951 futurum
1900 3899 2037 3953 mihi

457 3966 653 4033 ﬁdere,
672 3984 776 4025 nec
797 3976 1174 4045 sycophantis,
1209 3992 1263 4036 et
1282 3986 1737 4057 meudaciloquis.
1761 3994 1856 4062 qui
1877 3995 2035 4052 multi

456 4066 651 4112 contra
704 4075 792 4115 me
829 4068 1152 4122 exorientur
1180 4110 1196 4135 ,
1254 4074 1509 4129 assentiri
1559 4082 1839 4135 convenit.
1878 4081 2034 4136 Haud

455 4146 605 4200 enim
637 4148 690 4202 in
726 4154 931 4220 parvis,
963 4165 1015 4210 et
1052 4158 1484 4228 despicabilibus
1500 4180 1692 4223 eorum
1724 4170 2038 4227 versabitur

452 4236 807 4307 obtrectatio,
839 4245 936 4299 sed
965 4246 1032 4301 de
1064 4249 1176 4303 vita
1226 4254 1528 4310 amittenda
1552 4297 1566 4321 ,
1600 4267 1695 4312 aut
1738 4270 1888 4315 certe
1922 4277 2031 4317 non

453 4330 689 4387 honeste
710 4375 724 4399 ,
754 4336 1151 4410 decenterque,
1185 4343 1282 4399 sed
1324 4348 1563 4417 turpiter
1600 4361 1656 4405 et
1688 4351 2036 4411 illiberaliter

410 4470 411 4473 η
451 4422 559 4515 sub
583 4426 810 4482 alterius
852 4429 986 4500 jugo
1016 4432 1286 4503 exigunda
1324 4438 1576 4494 timorem
1606 4442 1764 4498 vobis
1806 4446 2033 4515 ingene-

449 4512 653 4567 rabunt
686 4534 699 4569 :
733 4519 881 4585 quod
933 4521 1112 4591 ipsum
1160 4524 1229 4581 iis
1274 4528 1372 4597 qui
1419 4528 1695 4599 imperare
1726 4512 2030 4594 consueve-

450 4607 600 4695 runt,
651 4603 803 4657 nullo
841 4621 1044 4675 genere
1073 4613 1287 4681 mortis,
1321 4616 1369 4671 si
1395 4616 1645 4674 dolorem
1688 4634 2026 4695 spectemus,

450 4688 798 4751 tolerabilius
821 4707 926 4754 est.
956 4700 1117 4758 Tales
1142 4713 1324 4761 autem
1352 4710 1665 4779 complures
1690 4688 2026 4784 e—xorituros,

448 4798 560 4838 nm
596 4790 910 4860 conjectura
941 4795 1251 4864 providere,
1283 4801 1381 4855 sed
1404 4802 1852 4865 manifestissime
1884 4811 2027 4869 scire

2147 3241 2454 3309 παραινῶν,
2500 3238 2920 3307 συμῦουλεύων,
2955 3238 3329 3308 δεδιττόμενος
3385 3244 3505 3312 ταῖς
3554 3242 3712 3294 ἀπει-

2142 3334 2283 3399 his,
2321 3333 2489 3401 μηδὲν
2519 3333 2885 3400 νεωτερίζειν
2936 3332 3073 3385 ἁλλά
3119 3333 3368 3401 καθαρὰν
3406 3334 3500 3386 καὶ
3529 3333 3714 3385 ἄδολον

2139 3429 2331 3496 τηρεῖν
2390 3425 2487 3478 καὶ
2542 3423 2640 3494 τὴν
2681 3425 2898 3476 εὔνοιαν
2948 3426 3044 3477 καὶ
3092 3424 3192 3494 τὴν
3239 3424 3482 3477 δουλείαν
3523 3426 3606 3476 σοί
3652 3441 3712 3475 τε

2139 3518 2342 3586 ὁμοίως
2370 3517 2467 3569 καὶ⁸
2499 3518 2660 3567 παισὶ
2689 3519 2802 3578 τοῖς
2832 3518 2943 3579 σοῖς
2969 3532 2983 3547 ο
3025 3517 3121 3569 καὶ
3145 3516 3309 3586 δῆλος
3338 3516 3414 3568 ὢν
3453 3518 3526 3579 ὡς
3559 3516 3713 3578 δίκας

2140 3611 2423 3681 ἐπιθήσων
2454 3612 2568 3675 τοῖς
2614 3607 2988 3678 νεωτεριοῦσι,
3021 3610 3119 3663 καὶ
3144 3608 3238 3662 τὸν
3269 3608 3510 3678 πόλεμον
3554 3610 3714 3671 αὐτὸς

2140 3704 2530 3774 ἀναδεξόμενος
2580 3703 2724 3773 ὑπὲρ
2770 3702 2945 3771 ὑμῶν.
2990 3702 3055 3755 Τί
3113 3701 3210 3755 οὖν
3270 3702 3338 3755 ἀν
3384 3719 3471 3763 τις
3532 3703 3712 3766 εἴποις

2138 3798 2262 3851 τότε
2325 3798 2426 3868 μὲν
2494 3797 2569 3868 μὴ
2642 3795 2974 3867 βουληθῆναι
3025 3795 3393 3864 δεδυνημένον
3420 3833 3437 3857 ,
3483 3796 3601 3850 νυνὶ
3658 3795 3712 3847 δὲ

2140 3889 2488 3960 βουλόμενον,
2536 3890 2611 3959 μὴ
2676 3891 2773 3960 τῆς
2811 3890 2935 3959 ἴσης
2962 3890 3250 3958 δυνάμεως
3276 3890 3569 3957 εὐπορεῖν;
3600 3888 3712 3942 ἀλλ’

2142 3982 2299 4036 οὐδὲν
2343 3978 2509 4053 ἦττον
2549 3980 2740 4052 ὥσπερ
2780 3982 2874 4037 καὶ
2905 3982 3028 4035 τότε
3059 3982 3224 4044 αὑτός
3248 3999 3308 4035 τε
3355 3982 3424 4036 ἂν
3453 3982 3711 4036 δύνασθαι

2141 4072 2575 4145 ἰσχυρισαίμην,
2626 4073 2723 4126 καὶ
2795 4074 2956 4143 ὑμεῖς
3010 4073 3511 4144 συνομολογήσαιτε
3567 4074 3710 4143 ἐμοί.

2138 4166 2306 4219 Ὥστε
2339 4165 2463 4218 οὔτε
2498 4165 2789 4235 πρότερον,
2818 4163 2944 4217 οὔτε
2969 4164 3065 4219 νῦν
3098 4166 3161 4218 ἐκ
3189 4164 3283 4218 τοῦ
3321 4167 3397 4234 μὴ
3446 4164 3708 4219 δύνασθαι

2138 4256 2468 4325 ἀπεσχόμην
2500 4254 2608 4306 τῶν
2644 4252 2852 4317 κακῶν,
2914 4252 3029 4306 ἀλλ’
3089 4248 3174 4305 ὲκ
3207 4253 3301 4305 τοῦ
3345 4254 3583 4321 μάλιστα
3637 4255 3710 4325 μὴ

2138 4347 2450 4416 βούλεσθαι,
2495 4344 2733 4399 καὶτῶν
2780 4344 3140 4412 φαυλοτάτων
3181 4344 3281 4415 τὴν
3305 4347 3563 4415 τοιαύτην
3604 4348 3709 4400 οῖεο

2138 4441 2261 4492 σθαι
2295 4438 2618 4508 μεταϐολήν.
2664 4440 2726 4492 Εἰ
2777 4436 2873 4491 οὖν
2902 4436 3028 4490 οὔτε
3081 4441 3369 4509 πρότερον,
3404 4439 3530 4492 οὔτε
3594 4441 3708 4505 νῦν,

2138 4530 2318 4583 καίτοι
2353 4531 2528 4599 ῥᾷστα
2575 4527 3039 4597 καταπράξασθαι
3069 4527 3390 4598 δυνάμενος,
3413 4529 3566 4583 οὐδὲν
3597 4548 3707 4582 τοι·

2134 4624 2291 4676 οὖτον
2317 4617 2429 4675 οἷον
2451 4621 2517 4675 ἄν
2550 4639 2632 4683 τις
2663 4620 3025 4674 ὑποπτεύσειε
3052 4621 3475 4691 βεϐουλευμένος
3496 4621 3707 4691 ὤφθην,

2138 4714 2416 4785 προσῆκον
2442 4713 2537 4767 καὶ
2564 4712 2696 4784 περὶ
2728 4711 2822 4767 τοῦ
2860 4713 3150 4782 μέλλοντος
3179 4715 3305 4783 ἐμοὶ
3336 4714 3585 4784 θαρρεῖν,
3620 4712 3712 4768 καὶ

2137 4807 2213 4877 μὴ
2243 4807 2356 4866 τοῖς
2385 4807 2751 4874 συκοφάνταις
2784 4806 3076 4875 προσέχειν
3117 4808 3213 4859 καὶ
3242 4806 3552 4873 λογοποιοίς
3582 4807 3711 4860 πολι

446 4876 607 4931 vobis
644 4883 818 4937 datur.
863 4882 1170 4955 Imperator
1198 4904 1438 4959 namque
1471 4894 1587 4964 ipse
1634 4913 1819 4953 rerum
1855 4901 2033 4958 domi-

2145 4876 2246 4961 toi;
2277 4898 2394 4952 κατ’
2419 4899 2554 4968 ἐμοῦ
2583 4897 2975 4967 φυησομένοις.
3011 4897 3148 4952 Οὐδὲ
3188 4898 3294 4967 γάρ
3335 4898 3467 4967 περὶ
3500 4899 3709 4969 μικρῶν

446 4981 577 5031 nus,
611 4982 667 5023 et
701 4973 906 5029 nullam
940 4976 996 5031 in
1050 4988 1173 5033 acta
1204 4994 1300 5036 sua
1340 4983 1411 5038 ab
1442 4985 1558 5039 ullo
1608 4988 2027 5059 inquisitionem

2145 5007 2294 5046 ιινων
2325 4990 2420 5043 καὶ
2465 4989 2968 5060 εὐκαταφρονήτων
3012 4988 3382 5053 διαδαλοῦσιν,
3414 4990 3554 5044 ἀλλὰ
3583 4991 3708 5060 περὶ

445 5061 679 5125 veritus,
715 5066 822 5120 alia
855 5068 1076 5137 quidem
1112 5083 1333 5142 sponte,
1364 5076 1410 5130 si
1444 5078 1684 5147 volebat,
1715 5085 2030 5143 condonare

2145 5083 2221 5137 τοῦ
2250 5083 2353 5153 ζῇν
2381 5082 2513 5151 ὑμῖν
2556 5080 2924 5152 ὲξαρτήσουσι
2954 5080 3048 5134 τὸν
3083 5082 3351 5149 φόϐον.⁹Ἡ
3390 5084 3459 5135 τά
3486 5069 3549 5150 γε
3586 5082 3710 5135 δεύο

443 5151 570 5206 aliis
602 5166 858 5223 poterat;
897 5159 1002 5214 alia
1061 5162 1317 5221 fortassis
1368 5169 1536 5224 etiam
1588 5175 1924 5246 negligebat.
1955 5180 2027 5234 At

2145 5193 2282 5246 τερα,
2320 5176 2451 5247 περὶ
2501 5175 2598 5228 τοῦ
2660 5176 2735 5246 μὴ
2798 5174 2981 5237 καλῶς
3009 5175 3105 5228 καὶ
3154 5176 3231 5238 ὡς
3258 5178 3560 5247 προσῆκον,
3590 5174 3705 5229 ἀλλ’

443 5256 594 5300 nunc
619 5249 757 5304 nihil
794 5252 900 5306 tale
931 5253 1023 5307 ulli
1053 5256 1411 5322 concedetur.
1458 5278 1651 5320 verum
1681 5270 1865 5323 omnia
1896 5284 2022 5324 cum

2145 5270 2371 5339 ιίσχρῶς
2407 5269 2504 5321 καὶ
2561 5268 2936 5339 ἀνελευθέρως
2981 5267 3075 5321 καὶ
3132 5267 3487 5334 δουλεύοντας
3533 5272 3705 5342 ἑτέρῳ

1717 5404 1937 5466 Jacobi
1976 5405 2243 5468 Pontani
2279 5413 2469 5468 notae.

660 5518 761 5605 Qui
793 5536 856 5575 ex
886 5520 990 5605 hac
1016 5524 1124 5605 vita
1157 5527 1557 5605 discessissent,
1579 5535 1734 5604 quasi
1765 5537 1882 5601 eius
1905 5538 2016 5592 mi-

441 5602 604 5643 sezrts
647 5603 712 5673 'et
755 5599 1012 5673 aerumnis
1039 5599 1164 5673 iam
1204 5599 1461 5659 liberatos
1497 5599 1658 5673 atque
1705 5599 2014 5673 defunctos,

445 5665 778 5742 μακαρτας.
811 5665 866 5742 _id
895 5674 999 5731 est,
1031 5667 1207 5723 beatos
1238 5665 1597 5742 appellabant.
1639 5673 1747 5729 Nos
1779 5677 1917 5731 idem
1944 5665 2018 5731 si;

441 5727 704 5811 gnificare
739 5727 1010 5811 volumus,
1054 5754 1179 5793 cum
1224 5727 1471 5797 m'o'rtuos
1495 5727 1865 5811 nominantes,

442 5797 606 5853 verba
639 5802 946 5873 praefamur,
982 5797 1147 5865 beata:
1188 5816 1473 5877 mcmoriw,
1505 5797 1660 5883 (μιοῇ
1688 5797 2015 5884 δίέέἑὲιίιίῖεζ

2123 5556 2225 5612 nos
2262 5541 2544 5612 beatorum
2585 5550 2943 5612 usurpaturos
2971 5560 3192 5612 nomen,
3234 5551 3329 5598 aut
3359 5546 3702 5604 memoriam.

2117 5609 2362 5685 Tametsi
2394 5610 2687 5685 Christiani
2718 5609 2816 5666 nos
2834 5615 2999 5668 etiam
3024 5609 3188 5670 alium
3224 5616 3571 5685 μακαρισμὸν
3599 5617 3703 5671 hoc

2121 5681 2290 5734 verbo
2331 5681 2674 5752 respicimus,
2719 5691 2775 5736 et
2808 5699 2947 5752 quos
2988 5686 3156 5740 beata:
3198 5681 3483 5739 meruerim
3524 5688 3702 5739 nomi-

2124 5766 2338 5824 namus,
2383 5766 2478 5805 eos
2498 5751 2610 5824 iam
2643 5761 2756 5824 tum
2790 5751 2842 5805 in
2868 5755 3007 5811 emlo
3041 5758 3226 5814 beatos
3275 5768 3365 5810 aut
3414 5770 3558 5824 esse,
3605 5767 3699 5811 aut

2125 5821 2273 5876 brevi
2306 5822 2419 5877 fore
2456 5822 2543 5891 pie
2576 5820 2917 5879 confidimus.
