4060 6434
319 438 426 502 733

1457 435 1505 492 Π
1523 432 1997 493 lS'l‘OBIARUM
2046 434 2279 496 LIBER
2316 436 2431 499 ΙΙΙ.

3476 430 3589 495 7ἷ7ῐ

322 550 443 616 ζῇν.
483 547 551 598 Ὃ
607 542 701 595 καὶ
746 542 877 595 αὐτὸ
922 543 1036 605 τοῖς
1067 541 1397 611 εἰθισμένοις
1444 545 1655 611 ἄρχειν,
1685 538 1899 598 οὐδενος

2016 540 2244 605 ratione,
2280 554 2336 597 et
2375 558 2589 597 summa
2618 542 2901 614 diligentia
2933 542 3168 598 faciendi
3195 543 3593 598 necessitatem-

325 640 559 691 θανάτου
586 633 845 709 δεύτερον
875 633 955 694 είς
988 632 1284 701 ἀλγηδόνος
1318 631 1499 700 λόγον.
1534 632 1659 683 Ὅτι
1703 630 1759 683 δέ
1790 648 1901 682 τοι-

326 731 475 783 οῦτοι
532 727 839 794 φυήσονται
902 723 1111 784 πολλοὶ,
1167 725 1228 777 οὑ
1283 723 1650 792 στοχάζεσθαι⁴
1691 722 1901 786 ἔξεστιν

328 823 480 890 ἡμῖν,
510 818 647 872 ἀλλὰ
676 816 995 891 σαφέστατα
1030 816 1254 869 εἰδέναι.
1309 815 1572 874 Βασιλεὺς
1634 813 1733 883 μὲν
1791 813 1901 883 γὰρ

333 911 521 980 κύριος
574 910 735 971 αὐτδς
788 908 899 960 τῶν
960 907 1309 978 πραγμάτων
1363 905 1459 970 ὢν,
1499 906 1593 960 καὶ
1625 905 1901 976 μηδεμίαν

334 1002 460 1072 μηδ’
493 1002 588 1068 ὑφ’
613 999 731 1062 ἐνὸς
759 999 869 1053 τῶν
903 997 1303 1068 πραττομένων
1330 990 1692 1067 ὑφορώμενος
1715 996 1911 1059 ἐξέτασ

331 1110 435 1153 σιν,
465 1091 532 1144 τὰ
562 1091 664 1160 μὲν
704 1089 870 1152 αὐτὸς
900 1088 1041 1141 ἑκὼν
1074 1083 1217 1141 εἶναι
1263 1089 1423 1156 εῐπερ
1470 1085 1724 1140 ἐϐούλετο
1747 1087 1903 1157 χαρί-

331 1183 523 1247 ζεσθαί
556 1199 609 1235 τι
634 1183 761 1235 ὅσον
799 1182 1053 1251 ἠδύνατο,
1084 1180 1150 1233 τὰ
1177 1178 1221 1231 δ’
1247 1178 1376 1241 ῐσως
1403 1180 1469 1232 ἂν
1502 1179 1596 1233 καὶ
1626 1178 1902 1247 ἠμελεῖτο.

331 1275 470 1328 Νυνὶ
492 1275 549 1327 δέ
582 1272 736 1326 οὐδὲν
772 1270 1018 1326 τοιοῦτον
1055 1271 1281 1335 ἐξέσται
1317 1272 1518 1335 οὐδενὶ,
1553 1271 1693 1325 ἀλλά
1725 1269 1905 1323 πάντα

335 1366 433 1418 σὺν
478 1366 627 1436 λόγῳ
681 1365 775 1417 καὶ
810 1363 947 1434 μετά
992 1363 1283 1433 ἀκριϐείας
1331 1363 1593 1426 πράττειν
1654 1362 1903 1430 ἀνάγκην

333 1460 501 1511 πᾶσιν
526 1456 804 1526 ἐπιθήσω·
835 1456 895 1508 οὐ
930 1456 1031 1522 τῆς
1059 1454 1334 1524 ὑμετέρας
1362 1455 1529 1508 ἕνεκα
1574 1453 1904 1521 κηδεμονίας

333 1548 515 1619 μόνον,
549 1547 684 1600 ἀλλά
721 1547 795 1617 μὴ
841 1547 1050 1599 ἐλάττω
1096 1546 1194 1615 τὴν
1240 1548 1418 1617 ἀρχὴν
1468 1550 1534 1618 ῆν
1566 1547 1901 1618 παρέλαϐον,

328 1639 466 1693 ἀλλά
495 1642 588 1693 καὶ
616 1640 791 1708 μείζω
814 1640 909 1694 καὶ
939 1640 1135 1710 βελτίω
1163 1639 1358 1710 καιροῦ
1386 1640 1681 1702 καλοῦντος
1698 1638 1902 1704 ἀποδῶ,

328 1729 465 1783 ἀλλὰ
494 1732 590 1784 καὶ
622 1731 937 1802 φιλοτιμίας
966 1732 1060 1785 καὶ
1079 1732 1237 1802 δόξης
1270 1731 1434 1784 ’ἑνεκα
1465 1732 1627 1799 ἐμῆς.
1654 1731 1728 1785 Τὸ
1754 1731 1811 1784 δέ
1840 1748 1902 1799 γε

325 1818 539 1872 τούτων
570 1821 791 1872 πάντων
831 1820 928 1873 καὶ
970 1820 1155 1890 μεῖζον
1189 1822 1285 1873 καὶ
1317 1818 1694 1889 φοϐερώτερον
1751 1818 1900 1887 ἐμοὶ,

326 1908 430 1976 τῆς
463 1909 678 1962 ἐκεῖθεν
729 1910 837 1963 τῶν
864 1911 1260 1981 πραττομένων
1309 1909 1612 1975 ἐξετάσεως
1669 1910 1901 1965 καὶτῶν

327 1998 568 2051 εὐθυνῶν
590 1997 659 2062 ἃς
685 1999 849 2060 αὐτὸς
881 1998 1103 2066 ὑφέξειν
1133 2000 1226 2051 ἐπὶ
1253 2003 1348 2051 τοῦ
1381 1998 1613 2069 φοϐεροῦ
1644 1997 1905 2066 δικαστη-

332 2081 448 2153 ρίου
470 2084 612 2154 ὑπὲρ
643 2085 752 2137 τῶν
783 2081 844 2137 εὖ
888 2086 921 2156 ἢ
971 2085 1159 2147 κακῶς
1201 2085 1557 2155 διῳκημένων
1591 2085 1789 2155 μέλλω.
1825 2085 1906 2140 Τὰ

330 2176 388 2230 δὲ
431 2176 679 2241 τοιαῦτα,
724 2179 836 2240 τοῖς
865 2176 1201 2245 εἰθισμένοις
1250 2179 1478 2246 ἀμελεῖν
1519 2178 1616 2232 καὶ
1652 2177 1908 2246 λυμαίνε-

337 2267 460 2321 σθαι
484 2271 596 2331 τοῖς
623 2268 927 2338 δημοσίοις.
955 2269 1051 2322 καὶ
1083 2269 1167 2321 τάκ
1185 2268 1292 2321 ἴδια
1324 2269 1387 2321 ὲκ
1412 2272 1509 2339 τῆς
1540 2268 1748 2338 φθορᾶς
1767 2269 1908 2322 ἐκεί-

337 2374 442 2410 νων
484 2356 687 2423 αὔξειν,
723 2361 888 2413 παντί
917 2374 976 2413 τε
1024 2359 1185 2427 δῆλον
1224 2358 1301 2421 ὡς
1344 2359 1444 2412 οὐκ
1486 2358 1641 2412 ἔσται
1678 2362 1904 2414 ἀνεκτά.

337 2447 500 2500 ’Ὧςτε
524 2449 721 2512 αὐτοὺς
753 2450 902 2514 είκὺς
925 2451 1017 2503 τὸν
1044 2452 1143 2519 τὴν
1169 2450 1431 2519 τοιαύτην
1456 2451 1909 2522 ἀνάγκην-αὑτοῖς

330 2541 686 2607 ἐπαγαγόντα
718 2544 781 2595 ἐκ
830 2543 998 2612 μέσου
1033 2545 1210 2595 ποιεῖν
1239 2543 1490 2595 τίθεσθαι
1521 2542 1611 2595 διὰ
1645 2543 1908 2612 σπουδῆς.

331 2632 507 2686 Τοῦτο
552 2633 609 2686 δέ
643 2633 820 2697 ἄλλως
857 2635 1041 2698 αὐτοῖς
1079 2635 1179 2688 οὐκ
1206 2634 1274 2688 ἂν
1304 2635 1543 2699 ἐξέσται,
1587 2636 1635 2686 εί
1670 2637 1745 2705 μὴ
1772 2636 1910 2706 πρό-

328 2745 490 2800 τερον
517 2729 691 2782 πολλὰ
716 2729 886 2799 ψεύδη
932 2732 1028 2782 καὶ
1061 2729 1430 2796 συκοφαντίας
1464 2728 1790 2791 πλάσαντες.
1822 2731 1912 2783 ὲκ-

333 2822 751 2890 πολεμὼσουσιν
783 2822 935 2890 ἡμᾶς
965 2821 1245 2889 ἀλλήλοις.
1283 2822 1377 2893 Εἰς
1419 2821 1547 2874 ὅσον
1590 2821 1647 2873 δὲ
1678 2820 1910 2884 ἀτοπίας

339 2915 578 2980 ἐξελάσει
613 2916 681 2967 τὰ
714 2914 1019 2985 πράγματα
1046 2915 1181 2983 ἡμῖν
1208 2913 1278 2967 ἂν
1323 2913 1507 2983 συμϐῇ
1539 2912 1784 2977 τοιαῦτα,
1816 2914 1913 2966 καὶ

338 3009 477 3079 αὑτὴ
507 3010 605 3079 μὲν
646 3009 713 3061 ἂν
745 3007 1029 3079 συνορῴης
1051 3006 1188 3061 οὖσα
1216 3007 1440 3078 συνετὴ.
1487 3007 1824 3076 σαφέστερον
1854 3005 1912 3058 δέ

334 3102 529 3165 διδάξω
551 3103 649 3156 καὶ
672 3103 856 3163 αὑτός.
889 3103 959 3154 Ἢ
1010 3102 1119 3169 γὰρ
1149 3101 1248 3172 ἐμὲ
1299 3100 1452 3170 παρά
1479 3104 1658 3153 πάντα
1700 3098 1909 3151 δικαίου

333 3194 493 3263 λόγον
518 3198 731 3268 ἀνάγκη
767 3195 1156 3266 ἀποθνήσκειν,
1206 3195 1371 3264 ἔργον
1419 3194 1791 3262 γεγενημένον
1824 3209 1911 3244 συι
1938 3221 1983 3283 C

336 3292 634 3357 κοφαντίας
663 3289 758 3342 καὶ
786 3289 1060 3358 διαϐολῆς,
1089 3288 1379 3358 ἄνθρωπον
1407 3289 1467 3339 οὐ
1515 3286 1676 3354 μόνον
1719 3285 1908 3337 εῦνουν

337 3377 553 3446 βασιλεῖ
582 3382 677 3433 καὶ
703 3381 817 3440 τοῖς
871 3379 1065 3448 ἐκείνῳ
1092 3379 1472 3449 προσήκουσιν
1502 3378 1631 3447 ὑμῖν
1680 3377 1775 3428 ἐπὶ
1824 3394 1912 3429 το-

297 3468 309 3483 ’
336 3466 528 3518 σοῦτον
557 3468 750 3536 χρόνον
804 3466 1175 3537 ἐξητασμένον
1214 3466 1479 3537 ἀκριϐῶς,
1514 3465 1652 3519 ἀλλά
1710 3463 1803 3518 καὶ
1844 3466 1913 3517 τὰ

346 3557 637 3627 Ῥωμαίων
686 3558 990 3628 πράγματα
1030 3558 1239 3621 ἀδόλως
1289 3556 1385 3610 καὶ
1417 3556 1679 3627 καθαρῶς
1714 3555 1916 3626 διῳκη-

334 3648 493 3700 κότα.
533 3650 631 3701 Ὃν
655 3648 706 3701 εί
729 3649 875 3702 κατὰ
901 3647 965 3718 δή
990 3665 1114 3701 τινα
1145 3644 1319 3717 niqu
1343 3644 1496 3715 παρὰ
1524 3645 1824 3715 βαρϐάροις
1849 3642 1917 3714 δή

334 3758 448 3793 τισι
478 3741 761 3796 συνέϐαινε
787 3741 1091 3812 διατρίϐειν
1124 3740 1315 3810 πόρρω
1338 3739 1437 3809 τῆς
1473 3737 1768 3807 Ῥωμαίων
1788 3740 1914 3806 γῆς,

336 3835 544 3904 πολλῆς
572 3834 639 3888 ἂν
664 3830 764 3906 ἦτε
805 3826 1072 3904 μέμψεῶς
1119 3832 1262 3898 ἄξιοι
1293 3830 1519 3892 δικαίως
1549 3829 1644 3882 καὶ
1686 3844 1922 3898 κατηγο-

316 3929 485 3999 ρίας.
546 3928 594 3980 εί
643 3926 720 3998 μὴ
761 3927 948 3980 πᾶσαν
973 3923 1163 3978 ἔθεσθε
1197 3923 1439 3993 σπουδὴν
1479 3921 1779 3989 ἐπανάγειν
1826 3918 1922 3973 καὶ

337 4021 727 4076 ἀνακαλεῖσθαι
758 4020 1095 4090 χρησόμενοι
1118 4010 1333 4092 ᾖηαύτῷ
1355 4013 1733 4085 προσῆκεν.Ἦ
1765 4014 1811 4066 εί
1847 4014 1922 4084 μὴ

340 4116 504 4179 αὐτὸς
561 4113 703 4168 ἐκὼν
744 4115 1055 4183 αἱρήσομαι
1104 4112 1198 4164 τὸν
1230 4110 1484 4173 θάνατον,
1514 4107 1629 4161 ἀλλ’
1675 4107 1924 4172 ἐθελήσω

342 4207 603 4277 προνοίας
654 4206 897 4276 ἐμαυτὸν
942 4203 1151 4269 ἀξιοῦν,
1199 4204 1295 4256 καὶ
1352 4203 1426 4273 μὴ
1485 4198 1929 4271 καταπροῖεσθαι

338 4303 451 4362 τοῖς
485 4300 832 4369 βουλομένοις
859 4298 958 4367 τὴν
994 4297 1294 4365 σωτηρίαν,
1331 4295 1546 4364 ἀνάγκη
1575 4293 1670 4346 σοῦ
1694 4292 1929 4361 ἀφίστα-

338 4393 468 4447 σθαι
502 4392 599 4445 καὶ
631 4390 829 4456 σώζειν
862 4390 1125 4460 ἐμαυτόν.
1163 4391 1370 4443 Τούτου
1414 4388 1475 4441 δὲ
1518 4387 1814 4457 γενομένου
1846 4387 1930 4439 ὅτι

336 4486 559 4547 πλείους
605 4486 730 4555 ἐμοὶ
782 4483 892 4536 τῶν
928 4482 1223 4552 Ῥωμαίων
1261 4481 1507 4552 ἕψονται,
1551 4480 1646 4534 καὶ
1685 4477 1929 4550 πόλεμος

1935 1879 1984 1934 Β

2006 634 2281 701 imponam
2334 635 2616 699 omnibus,
2644 651 2753 689 non
2810 636 2988 690 solum
3017 635 3089 690 ob
3151 634 3591 690 sollicitudinem

2004 729 2193 790 vestri,
2230 744 2300 782 ne
2333 728 2516 782 minus
2544 745 2720 798 quam
2763 730 2973 802 accepi,
3020 720 3122 784 sed‘
3164 738 3221 784 et
3273 728 3468 798 majus,
3528 737 3582 780 et

2006 820 2203 874 melius
2238 837 2338 875 suo
2369 831 2614 890 tempore
2674 822 2967 892 imperium
3022 822 3336 885 restituam,
3386 836 3579 874 verum

2004 912 2168 965 etiam
2207 922 2432 981 propter
2485 913 2773 969 incensum
2836 896 3135 984 quoddam.
3167 912 3410 967 nominis
3472 911 3579 964 mei

2005 1005 2345 1076 prepagandi
2404 1006 2673 1061 studium.
2737 1004 3002 1076 Quodque
3071 1005 3159 1060 his
3208 1005 3467 1059 omnibus
3524 1012 3582 1058 et

2007 1098 2210 1168 potius,
2248 1104 2305 1151 et
2342 1096 2646 1151 terribilius
2674 1097 2808 1150 mihi
2837 1107 2943 1163 est,
2974 1105 3200 1167 propter
3231 1111 3462 1151 examen
3498 1096 3583 1151 fa»

1986 1204 2218 1259 .Ctorum
2257 1203 2527 1253 meorum,
2561 1189 2706 1259 quod
2741 1203 2829 1242 me
2863 1188 2974 1243 illic
3026 1197 3255 1242 manet:
3301 1195 3359 1241 et
3418 1191 3599 1243 τούσδ’
3664 1232 3669 1236 .

1968 1298 2126 1345 anes,
2192 1296 2328 1351 quas
2377 1280 2522 1349 apud
2567 1281 2913 1335 tremendum
2948 1280 3235 1343 tribunal,
3290 1289 3439 1334 recte
3485 1289 3583 1334 aut

2007 1388 2167 1427 secus
2221 1372 2621 1428 administratae
2661 1371 2983 1443 reipublicae
3034 1369 3408 1440 reposcendus
3433 1386 3580 1424 sum.

2005 1461 2136 1528 Qua:
2166 1461 2513 1527 socordibus,
2536 1470 2743 1516 et-cum
2769 1462 2989 1532 jactura
3010 1461 3291 1516 communi
3317 1475 3446 1514 suas
3473 1461 3599 1529 ντί-ι

2008 1556 2173 1609 vatim
2202 1571 2336 1625 opes
2364 1555 2693 1623 augentibus
2725 1552 3069 1608 intoleranda
3092 1553 3231 1616 fore,
3259 1566 3420 1606 nemo
3472 1567 3597 1606 non

2005 1647 2175 1702 videt.
2205 1647 2401 1717 ‘llaque
2437 1646 2722 1717 probabile
2757 1645 2837 1710 (it,
2870 1660 2996 1699 eum
3048 1644 3144 1712 qui
3184 1643 3276 1698 tali
3312 1643 3462 1712 ipsos
3487 1658 3583 1697 ne-

2007 1739 2347 1795 cessitudine
2375 1739 2727 1803 constrinxit,
2751 1754 2781 1793 e
2812 1738 2996 1794 medio
3030 1739 3223 1793 tollere
3243 1746 3542 1792 conaturos
3569 1753 3582 1789 :

2007 1833 2158 1904 quod
2190 1832 2353 1888 aliter
2390 1847 2499 1886 non
2530 1830 2813 1902 procedet,
2861 1831 2916 1885 ni
2949 1838 3080 1884 ante
3116 1829 3306 1884 multis
3334 1829 3585 1884 conlictis

2009 1924 2333 1989 mendaciis,
2385 1935 2444 1978 et
2476 1923 2727 1977 consutis
2758 1920 3134 1993 schphautiis
3187 1928 3603 1974 nos‘mutuum‘

2004 2014 2474 2087 exasperaverint.
2500 2013 2619 2080 Quo
2652 2029 2781 2067 vero
2811 2010 3173 2080 turpitudinis
3222 2025 3311 2065 res
3349 2025 3602 2065 evasura‘

2005 2111 2101 2174 sit,
2165 2107 2212 2163 si
2262 2108 2370 2163 hoc
2403 2107 2724 2173 contigerit,
2776 2114 2843 2161 et"
2890 2114 2946 2160 tu
2986 2118 3089 2173 pro
3135 2111 3245 2157 tua
3288 2101 3582 2171 prudentia

2005 2206 2192 2261 videre
2235 2214 2413 2274 potes,
2446 2202 2634 2272 etipse
2657 2201 3017 2256 nihilominus
3041 2197 3271 2253 docebo.
3301 2196 3411 2251 Aut
3435 2196 3585 2251 enim

2005 2313 2093 2352 me
2125 2296 2415 2351 calumniae
2456 2293 2762 2348 obnoxium
2809 2301 3009 2360 praeter
3047 2304 3210 2344 omne
3252 2287 3346 2357 jus
3392 2286 3603 2355 fasque-

2008 2389 2149 2447 mori
2181 2402 2405 2444 necesse
2446 2395 2550 2452 est,
2579 2385 2862 2458 hominem
2888 2398 2998 2437 non
3026 2383 3204 2437 solum
3242 2379 3587 2459 imperatori,

2008 2492 2062 2539 et
2095 2481 2256 2537 vobis
2279 2478 2599 2549 sanguineis
2621 2477 2741 2546 ejus
2772 2476 3033 2538 amicum,
3061 2472 3253 2528 tandiu
3287 2471 3587 2540 diligenter

2008 2575 2354 2644 exploratum
2381 2581 2437 2626 et
2470 2570 2525 2623 in
2561 2585 2621 2623 re
2640 2568 2885 2623 Romana
2912 2582 3037 2623 cum
3088 2564 3193 2620 (ide
3243 2562 3588 2633 integritate-

2011 2683 2119 2738 que
2165 2661 2603 2720 administranda
2653 2668 2967 2723 versatum;
3020 2672 3210 2728 quem,
3258 2656 3305 2710 si
3363 2654 3586 2709 fortuna

2012 2760 2194 2829 aliqua
2243 2757 2388 2828 apud
2445 2756 2752 2819 Barbaros,
2801 2751 2994 2822 procul
3044 2751 3424 2806 Romanorum
3474 2756 3589 2803 ter-

2014 2851 2093 2906 ris
2145 2851 2373 2921 degeret
2401 2890 2414 2911 .
2456 2847 2619 2902 valde
2655 2841 3134 2916 reprehendendi,
3191 2848 3250 2896 et
3296 2839 3589 2895 accusandi

2013 2943 2213 2996 merito
2268 2937 2638 2995 censercmini
2672 2977 2686 2999 ,
2747 2934 2853 2989 nisi
2910 2949 3036 2988 eum
3096 2931 3475 2986 reducendum
3529 2945 3595 2984 ac

2013 3032 2383 3087 revocandum
2425 3029 2577 3084 omni
2634 3042 2765 3083 cura
2804 3023 3196 3079 acaedulitate
3250 3019 3548 3075 studeretis
3576 3058 3592 3080 .

2013 3126 2134 3190 ejus
2162 3138 2328 3193 opera
2364 3122 2607 3176 utdecet
2635 3117 2794 3173 usuri
2836 3133 2851 3171 :
2903 3123 3001 3169 aut
3043 3112 3209 3184 366
3249 3111 3298 3165 si
3357 3122 3593 3164 mortem

2016 3216 2250 3286 fugiens.
2290 3213 2451 3269 saluti
2487 3228 2620 3267 meae
2655 3209 3132 3280 prospicere,,nec
3180 3220 3302 3261 eam
3350 3203 3615 3259 inimicis.

2014 3307 2249 3379 prodere
2272 3306 2520 3370 voluero,
2555 3313 2618 3359 ut
2643 3318 2733 3357 me
2750 3303 2931 3371 ipsum
2964 3315 3204 3365 servem,
3233 3301 3332 3356 abs
3357 3309 3409 3353 te
3431 3311 3598 3366 cogar

2015 3401 2275 3456 deﬁcere.
2305 3397 2425 3464 Quo
2450 3397 2598 3451 facto
2624 3395 2814 3465 plures
2847 3394 3223 3448 Romanorum
3256 3408 3344 3447 me
3374 3396 3599 3446 secutu-

2015 3510 2125 3555 ros.
2149 3492 2469 3560 bellumque
2481 3488 2641 3544 civile
2654 3503 2882 3552 saevum,
2902 3495 2955 3540 et
2979 3484 3207 3541 crudele
3226 3491 3594 3545 emersurum,

2020 3585 2187 3640 urbes
2212 3592 2271 3639 et
2289 3582 2400 3637 alia
2449 3582 2747 3636 innumera
2775 3578 3056 3649 perditum
3085 3578 3177 3644 iri,
3203 3586 3258 3632 et
3288 3573 3617 3631 Romanum

2018 3679 2415 3749 principatum,
2462 3685 2527 3730 ut
2553 3690 2664 3730 uno
2720 3673 2891 3728 verbo
2954 3673 3321 3743 complectar,
3373 3683 3604 3724 occasu-

2019 3784 2166 3831 rum,
2214 3768 2492 3822 neminent
2519 3779 2748 3835 prorsus
2778 3772 3062 3831 utcunque
3108 3759 3337 3815 rationis
3372 3756 3601 3826 partici-

2025 3876 2149 3932 pem
2187 3874 2297 3913 non
2330 3872 2560 3913 cernere
2595 3855 2816 3925 opinor.
2837 3853 3087 3920 Quorum
3116 3865 3309 3921 pmnas
3338 3849 3407 3902 ab
3437 3849 3602 3901 utris-

2023 3963 2133 4019 que
2160 3956 2413 4001 nostrum
2466 3953 2726 4012 tanquam
2771 3940 3091 3995 auctoribus
3115 3939 3312 3991 horum
3355 3934 3601 3987 omnium

2025 4042 2084 4096 in
2114 4039 2323 4109 judicio
2368 4036 2459 4091 illo
2502 4033 2780 4088 horrendo
2828 4040 3069 4101 expetet,
3110 4030 3205 4098 qui
3253 4027 3408 4081 vivos
3451 4040 3602 4079 mor-

2028 4144 2261 4200 tuosque
2318 4126 2771 4198 judicabitzimo
2824 4123 2922 4178 abs
2952 4132 3003 4176 te
3043 4122 3158 4177 sola
3210 4120 3430 4189 potius,
3481 4132 3606 4188 qua:

2026 4236 2209 4291 neque
2250 4233 2349 4290 per
2408 4225 2464 4272 te
2524 4212 2889 4276 intellexeris,
2950 4211 3083 4281 quid
3126 4221 3196 4279 tte
3235 4211 3416 4267 facere
3473 4225 3606 4265 com-

2028 4311 2294 4372 veniret,
2345 4320 2527 4377 neque
2600 4318 2687 4357 me
2757 4301 2954 4356 docere
3014 4301 3289 4355 volentem
3351 4299 3606 4377 attende-

2031 4401 2134 4456 ris."
2178 4375 2450 4467 Equidem
2494 4394 2606 4448 Deo
2660 4391 2801 4445 bene
2843 4390 3081 4460 propitio
3134 4389 3203 4442 ab
3256 4387 3436 4467 eilicii
3499 4375 3619 4444 tra-

2033 4493 2166 4548 mite
2228 4502 2497 4559 nusquam
2550 4481 2892 4538 deﬂexurum
2962 4497 3047 4537 me
3103 4496 3359 4537 assevero
3409 4496 3424 4534 :
3501 4496 3611 4535 nec

338 4578 603 4648 ἐμφύλιος
631 4577 806 4641 ἐσται,
830 4575 1138 4646 χαλεπδςδέ
1177 4574 1412 4628 πόλειων
1449 4573 1801 4637 ἀναστάσεις,
1835 4579 1916 4624 κα¹

2054 4581 2371 4640 mortalium
2415 4577 2559 4633 ullus
2604 4576 2740 4630 mihi
2791 4572 3168 4645 persuadebit,
3221 4582 3284 4627 ut
3334 4572 3479 4628 bello
3517 4587 3612 4627 occ

341 4669 554 4742 μυρίων
573 4669 773 4738 φθοραὶ
792 4666 1157 4738 πραγμάτων,
1182 4669 1276 4719 καὶ
1296 4683 1361 4719 συ
1370 4664 1711 4736 μπάσης,νώς
1728 4666 1931 4731 εἰπεῖν,

340 4762 639 4825 κατάλυσις
664 4760 1075 4831 τῆςῬωμαίων
1111 4758 1438 4830 ἡγεμονίας,
1471 4759 1651 4812 πάντα
1681 4745 1927 4811 ὁντινοῦν

341 4856 530 4926 οεομαι
564 4856 639 4925 μὴ
664 4855 885 4924 ἀγνοεῖν
909 4853 1002 4908 τὸν
1032 4854 1131 4905 καὶ
1177 4850 1433 4905 ὁπωσοῦν
1487 4849 1704 4920 φρενῶν
1744 4867 1929 4921 μετει-

340 4947 566 5018 ληχὸτα.
594 4943 706 5002 Ὧν·
758 4948 859 5011 τὰς
906 4945 1061 5008 δίκας
1113 4946 1247 5016 παρ’
1296 4943 1626 5015 ἀμφοτέρων
1690 4943 1928 5015 λήψεται

342 5039 505 5108 ὴμῶν
535 5041 627 5092 ἐπὶ
657 5040 757 5109 τῆς
788 5037 948 5109 δίκης
990 5036 1208 5105 ἐκείνης
1237 5036 1337 5105 τῆς
1387 5033 1629 5105 φοϐερᾶς
1651 5038 1678 5087 ὁ
1721 5037 1928 5098 πάντας

352 5130 560 5199 μέιλων
591 5133 802 5202 κρίνειν
834 5128 1048 5197 ζῶντας
1079 5127 1173 5180 καὶ
1195 5126 1450 5196 νεκροὺς,
1477 5127 1551 5189 ὡς
1586 5126 1796 5179 τούτων
1843 5127 1933 5179 αί-

351 5224 495 5287 τίους
522 5227 743 5280 πάντων
778 5224 1206 5295 γενησομένους.
1243 5220 1463 5275 Μᾶλλον
1485 5220 1541 5273 δὲ
1576 5220 1731 5292 παρά
1763 5220 1931 5289 μόνης

358 5318 472 5382 σιῦ,
511 5322 610 5390 τῆς
643 5320 781 5390 μήτε
813 5317 946 5389 παρ’
976 5316 1177 5385 ἑαυτῆς
1209 5314 1269 5367 τὸ
1301 5312 1423 5365 δέον
1453 5313 1759 5382 συνιείσης,
1790 5313 1930 5381 μήτε

355 5409 482 5480 παρ’
525 5410 659 5482 ἐμοῦ
699 5410 894 5481 μαθεῖν
933 5408 1276 5471 διδάσκοντος
1312 5404 1741 5477 βουλησομένης.
1786 5401 1931 5470 Ἐγὼ

352 5504 460 5573 γὰρ
521 5502 684 5566 αὐτὸς
745 5500 1156 5572 διῖσλυρίςομαι
1205 5500 1304 5553 καὶ
1357 5500 1456 5569 τῆς
1504 5499 1715 5553 ἀνωθεν
1749 5496 1930 5565 χειρὸς

352 5594 864 5664 συνεφαπτομένης,
895 5592 971 5656 ὡς
1015 5592 1172 5645 οὐδὲν
1204 5590 1600 5662 παραϐήσομαι
1644 5589 1752 5641 τῶν
1781 5587 1929 5640 δεόν-

348 5704 459 5740 των
481 5701 494 5714 '
531 5686 637 5740 οὐδ’
684 5687 832 5739 ἐστιν
866 5687 895 5738 ὅ
929 5702 997 5756 με
1028 5685 1208 5739 πείσει
1247 5684 1524 5756 πρόφασιν
1579 5681 1659 5753 τῷ
1706 5681 1959 5751 πολέμῳ“

353 5780 758 5851 παρασχέσθαι.
805 5780 870 5833 Εἰ
922 5778 1025 5849 μὲν
1064 5777 1159 5833 οῦν
1212 5778 1357 5833 οῦτω
1390 5778 1662 5839 πέπεικας
1700 5775 1928 5843 σαυτὴν,

357 5872 500 5926 ὥστε
528 5858 699 5944 μηδὲν
733 5871 1004 5943 μηδέποτε
1031 5870 1234 5942 φαῦλον
1267 5852 1579 5941 λογίζεσθαι
1616 5869 1743 5938 περὶ
1768 5867 1927 5937 ἐμοῦ,

2030 4676 2308 4733 cusionem
2347 4669 2646 4740 praebeam.
2681 4667 2860 4734 Quare
2888 4665 2934 4721 si
2969 4680 3041 4721 ea.
3069 4665 3169 4721 tibi
3212 4674 3487 4737 mens,.ut
3529 4664 3613 4718 ni-

2031 4768 2111 4823 hil
2142 4767 2425 4823 sinislrum
2452 4759 2752 4831 aliquando
2780 4759 2849 4814 de
2907 4772 2994 4814 me
3055 4758 3303 4828 cogitare
3336 4757 3489 4822 velis,
3517 4756 3611 4811 sed

2031 4859 2374 4923 existimare,
2405 4853 2591 4909 omnia
2642 4867 2729 4906 me
2783 4850 2954 4916 facta,
2990 4859 3048 4905 et
3079 4848 3318 4920 cogitata
3351 4848 3418 4903 ad
3451 4858 3612 4903 tuen-

2030 4951 2156 5006 dam
2194 4945 2544 5018 imperatoris
2574 4942 2671 4996 [ilii
2709 4941 2785 4996 tui
2818 4940 3229 5005 auctoritatem,
3261 4928 3614 5009 dignitatem-

2032 5058 2141 5114 que
2193 5039 2460 5110 dirigore,
2521 5045 2875 5090 accusatores
2926 5040 3112 5087 autem
3144 5047 3301 5087 meos
3347 5031 3404 5085 in
3453 5043 3616 5100 syco-

2033 5131 2291 5204 pllalllis,
2337 5127 2839 5195 communibusque
2898 5123 3145 5195 inimicis
3196 5122 3445 5186 ducere,
3513 5135 3617 5174 nec

2035 5237 2277 5294 unquam
2306 5221 2416 5275 illis
2442 5229 2501 5274 ut
2532 5216 2826 5272 veracibus
2855 5214 3115 5281 credere;
3154 5213 3377 5269 credere
3407 5220 3614 5274 autem,

2034 5317 2144 5373 imo
2170 5331 2272 5370 nec
2301 5312 2370 5368 ad
2403 5324 2569 5366 aures
2599 5309 2825 5380 quidem
2870 5323 2968 5363 eos
2995 5306 3314 5368 admittere,
3358 5304 3528 5374 juste,
3561 5312 3621 5357 et

2035 5407 2178 5480 quod
2209 5406 2329 5469 tibi,
2360 5418 2424 5458 ac
2455 5402 2611 5466 mihi,
2639 5399 2957 5470 pariterque
2984 5395 3250 5452 Romanis
3273 5392 3465 5463 prosit.
3501 5400 3615 5446 sta-

2035 5477 2230 5558 tueris,
2261 5503 2318 5549 et
2365 5494 2470 5547 hac
2517 5489 2834 5545 conditione
2898 5483 3270 5557 gubernacula
3329 5477 3621 5547 recipiam.

2034 5587 2132 5642 Sin
2156 5596 2340 5640 autem
2369 5583 2435 5637 ad
2461 5583 2577 5637 bam
2605 5573 3321 5650 prazstanda.iniirmitatem
3348 5569 3629 5640 perspicis

2034 5678 2205 5734 animi
2235 5679 2335 5741 tui,
2374 5692 2438 5731 ac
2467 5677 2535 5730 de
2588 5687 2675 5728 me
2725 5671 3021 5725 fluctuant,
3063 5664 3426 5736 cogitationes
3481 5671 3619 5723 tuac,

2036 5770 2169 5841 quid
2203 5785 2342 5838 opus
2383 5776 2466 5823 est
2500 5766 2657 5828 mihi,
2710 5778 2774 5817 ac
2824 5761 2980 5816 vobis
3034 5757 3227 5813 facessi
3283 5752 3563 5825 negotium
3594 5754 3630 5805 ‘2’

2038 5880 2136 5920 cur
2166 5880 2274 5919 non
2318 5865 2499 5934 potius
2529 5859 2663 5915 mihi
2701 5858 2840 5913 bene
2895 5855 3140 5911 monenti
3170 5852 3620 5921 obtemperatur,
