4060 6406
467 375 575 442 τ35

1598 335 1972 459 ,δάκνεις
2012 365 2543 429 CANTACUZENI

3610 350 3725 418 ’ῗὲιὶ

466 501 522 545 et
556 504 657 557 ego
685 487 908 557 quidem
935 485 1084 541 domi
1142 484 1355 539 solutus
1382 482 1863 553 occupationibus,
1898 480 2044 549 quod

2170 479 2284 533 me
2315 479 2490 532 πάντα
2519 473 2774 547 ἡγεῖιοαι
2805 473 3064 544 πράττειν
3098 471 3193 523 καὶ
3223 467 3553 523 διανοεῖσθαι
3584 468 3727 537 ὑπὲρ

467 583 639 645 volui,
673 582 1000 649 relinquor:
1048 587 1105 632 tu
1138 592 1268 631 vero
1300 591 1424 631 cum
1463 574 1777 645 patriarcha
1807 573 2040 641 aliisque

469 676 660 729 multis
686 684 739 727 et
773 662 936 727 bonis
981 670 1117 724 viris
1169 667 1447 723 communi
1491 665 1862 720 Romanorum
1889 680 2041 719 com-

470 769 636 822 modo
681 765 893 821 servis?
937 764 1057 818 Non
1112 762 1261 816 enim
1309 768 1416 814 tam
1474 758 1743 829 insipiens
1772 773 1916 821 sum,
1943 772 2046 811 nec

471 871 582 914 tam
615 873 644 912 a
674 866 823 911 recta
849 854 1064 910 ratione
1094 853 1260 916 disto,
1291 860 1351 906 ut
1383 850 1435 905 in
1466 851 1670 904 malum
1698 862 1826 905 ante
1855 850 2047 903 oculos

471 949 717 1018 positum
748 960 835 999 me
861 943 1240 1015 prmcipitem:
1278 941 1445 1010 idque
1480 957 1589 995 non
1616 940 1869 1011 pecuniis
1912 940 2049 994 meis

472 1040 740 1094 duntaxat
780 1051 881 1106 pro
932 1035 1170 1090 utilitate
1213 1033 1457 1103 publica,
1502 1031 1598 1087 sed
1622 1046 1726 1087 nec
1759 1030 1862 1100 ipsi
1903 1029 2049 1094 vitm,

472 1132 516 1185 si
552 1146 639 1185 res
667 1115 888 1184 vocabit
918 1127 1169 1197 (omnino
1199 1134 1383 1179 autem
1429 1133 1488 1179 et
1541 1124 1741 1193 saepius
1789 1121 2049 1189 vocabit),

472 1220 587 1275 ullo
607 1220 771 1273 modo
798 1233 1084 1287 parsurus.
1112 1217 1225 1271 Nec
1256 1216 1424 1271 ullam
1456 1214 1619 1269 aliam
1657 1213 1929 1278 laborum,
1954 1227 2052 1281 pe-

473 1311 912 1379 riculorumque,
944 1319 1001 1365 et
1034 1316 1314 1363 tantorum
1359 1317 1681 1376 sumptuum
1737 1320 2054 1359 remuneraa

474 1403 683 1456 tionem
720 1415 984 1470 exposco,
1017 1414 1181 1469 quam
1229 1408 1291 1453 ut
1342 1398 1583 1468 primum
1636 1396 1859 1466 quidem
1905 1404 2055 1449 tutus

475 1495 581 1549 sim
624 1507 654 1547 a
688 1494 869 1557 malis,
905 1491 1108 1547 deinde
1174 1499 1401 1559 prepter
1450 1488 1712 1559 praeclara
1765 1487 1907 1542 facta
1963 1502 2057 1541 ce—

476 1587 817 1650 lebritatem,
860 1594 917 1640 et
943 1585 1209 1656 gloriam,
1244 1583 1403 1653 cujus
1448 1580 1726 1636 desiderio
1766 1595 1875 1633 non
1934 1578 2058 1632 vin-

479 1680 529 1736 ei
547 1679 659 1750 (96)
681 1677 828 1732 haud
847 1677 1006 1732 valde
1038 1676 1329 1747 insignium
1375 1673 1937 1742 conspicuorumque,
1961 1671 2057 1724 sed

480 1787 674 1826 eorum
708 1779 811 1835 est,
846 1770 939 1839 qui
968 1768 1138 1823 vitam
1176 1768 1446 1837 ignavam,
1480 1774 1535 1819 et
1561 1765 1888 1818 inhonoram
1937 1762 2058 1815 vul-

2152 572 2247 625 σοῦ
2280 589 2339 624 τε
2376 571 2471 624 καὶ
2528 567 2797 639 βασιλέως
2847 565 2945 619 τοῦ
2981 563 3073 617 σοῦ
3114 563 3326 624 παιδός.
3360 561 3497 621 Τοὺς
3525 559 3580 612 δὲ
3610 560 3731 613 δια-

2151 664 2470 726 ϐάλλοντας,
2492 659 2748 729 ⁴ἡγεῖσθαι
2764 657 3108 725 συκοφάντας
3129 656 3223 707 καὶ
3243 652 3454 713 κοινοὺς
3474 650 3702 719 ἐχθροὺς
3716 677 3730 696 τ

2156 757 2249 809 καὶ
2282 754 2553 824 μηδέποτε
2582 753 2766 813 αὐτοῖς
2820 750 2896 812 ὼς
2950 747 3277 816 ἀληθεύουσι
3337 745 3412 812 μὴ
3452 743 3612 808 μόνον
3653 742 3730 808 μὴ

2156 846 2463 907 πιστεύειν,
2493 843 2610 898 ἀλλ’
2660 842 2781 896 οὐδὲ
2806 843 2909 911 τὴν
2941 841 3117 909 ἀρχὴν
3149 838 3334 899 αὐτοῖς
3385 835 3608 903 ὑπέχειν
3635 831 3727 895 οὒς

2157 939 2293 1009 πρὸς
2321 936 2420 1000 τὰς
2445 934 2840 1002 συκοφαντίας,
2874 931 3063 986 δίκαιά
3082 947 3149 987 ,τε
3180 928 3318 999 ὁμοῦ
3348 927 3438 979 καὶ
3476 926 3731 992 σαυτῇτε

2157 1031 2252 1083 καὶ
2296 1029 2421 1098 ἐμοὶ
2486 1027 2842 1098 συμφέροντα
2889 1018 3364 1084 ἐϐουλεύσω,’κα“ι
3416 1016 3555 1070 πᾶσι
3619 1017 3723 1077 τοῖς

2171 1119 2460 1187 Ῥωμαίων
2491 1117 2782 1187 πράγμασι
2831 1115 3008 1182 κοινῇ,
3040 1113 3135 1163 καὶ
3175 1109 3335 1169 αὐτὸς
3385 1106 3484 1172 τῆς
3528 1101 3729 1168 διοική-

2162 1226 2301 1271 σεως
2350 1206 2575 1277 ἔχεσθαι
2639 1205 2903 1273 πείθομαι
2965 1203 3075 1255 τῶν
3102 1199 3320 1254 κοινῶν.
3371 1196 3434 1250 Ei
3492 1192 3549 1247 δὲ
3595 1190 3734 1261 πρὸς

2161 1300 2336 1353 ταῦτα
2355 1300 2455 1369 τὴν
2482 1298 2663 1368 ψυχὴν
2697 1299 2829 1367 ὁρᾷς
2856 1292 3260 1354 ιίιδυνατοϋσαν,⁸
3280 1292 3372 1343 καὶ
3398 1284 3732 1356 ἀμφιϐόλους

2163 1390 2320 1455 δόξας
2358 1390 2594 1459 ἔχουσαν
2638 1388 2769 1458 περὶ
2802 1384 2961 1456 ἐμοῦ.
2991 1385 3045 1437 τί
3074 1384 3157 1435 δεῖ
3206 1379 3360 1449 σφίσι
3413 1395 3473 1431 τε
3525 1376 3730 1437 αὐτοῖς,

2167 1484 2335 1548 κάμοὶ
2390 1480 2696 1549 πράγματα
2743 1477 3028 1548 παρέχειν,
3061 1473 3199 1527 ἀλλά
3257 1470 3333 1541 μὴ
3374 1468 3735 1536 πειθομένους

2167 1575 2289 1641 ἐμοὶ
2316 1571 2386 1624 τὰ
2421 1569 2616 1639 βελτίω
2674 1567 3129 1639 συμϐουλεύοντι,
3165 1563 3266 1632 ἐμὲ
3320 1562 3420 1631 μὲν
3470 1561 3563 1629 ὲᾷν
3591 1559 3734 1611 οἶκοι

2167 1662 2439 1731 καθῆσθαι
2495 1661 2597 1731 τὴν
2643 1656 3102 1730 ἀπραγμοσύνηνε
3127 1654 3423 1726 ᾑρημένον,
3470 1648 3634 1717 αὐτὴν
3685 1644 3732 1697 δ’

2169 1754 2289 1823 ἅμα
2343 1754 2663 1823 πατριάρχῃ
2723 1753 2817 1805 καὶ
2872 1753 2986 1812 τοῖς
3041 1747 3248 1809 ἄλλοις,
3285 1743 3493 1803 πολλοῖς
3529 1756 3586 1791 τε
3632 1737 3731 1789 καὶ

480 1877 781 1932 garemque
809 1861 971 1931 plane
994 1860 1181 1913 vivere
1208 1857 1593 1911 instituerunt.
1618 1853 1750 1907 Mihi
1792 1852 1959 1922 igitur
2003 1867 2062 1907 re

2170 1848 2399 1917 ἀγαθοῖς
2456 1841 2618 1909 οὖσι,
2680 1844 2749 1897 τὰ
2806 1844 2963 1912 κἰινῇ
3026 1838 3382 1909 συμφέροντα
3442 1828 3736 1900 Ῥωμαίοις

482 1954 826 2009 considerata
854 1960 909 2006 et
942 1950 1196 2022 privatim
1223 1949 1426 2018 cuique
1477 1955 1751 2011 nostrum,
1800 1954 1857 2000 et
1902 1944 2065 1999 simul

482 2044 741 2098 omnibus
773 2044 887 2098 haec
909 2041 1222 2097 conducere
1248 2038 1364 2093 visa
1388 2046 1538 2093 sunt.
1567 2036 1809 2091 Tuarnm
1828 2037 2067 2105 partium

2171 1939 2468 2007 πράττειν;
2502 1934 2637 1989 Οὐδὲ
2685 1934 2795 2006 γὰρ
2818 1934 3065 2002 ἀνόητος,
3113 1929 3223 1984 οὐδ’
3259 1928 3432 1986 οὓτως
3457 1924 3561 1990 ἔξω
3602 1937 3739 1990 φρε-

2170 2030 2276 2082 νῶν
2325 2027 2457 2097 ὲγὼ,
2506 2026 2637 2080 ὥστ’
2681 2028 2763 2088 εἰς
2821 2023 3102 2096 προῦπτον
3156 2020 3400 2074 κίνδυνον
3451 2014 3740 2086 ἐμϐάλλειν

481 2130 608 2192 erit,
640 2146 700 2185 re
730 2145 836 2185 una
862 2145 985 2184 cum
1014 2128 1161 2186 aliis.
1192 2137 1249 2184 et
1303 2127 1415 2182 Sola
1460 2136 1639 2182 tecum
1664 2141 1915 2189 excussa,
1947 2141 2063 2195 quas

2170 2122 2432 2191 ἐμαυτὸν,
2490 2123 2585 2174 καὶ
2616 2120 2798 2174 ταῦτα
2834 2117 3069 2188 μέλλων,
3112 2114 3187 2185 μὴ
3215 2110 3520 2184 χρημάτων
3579 2107 3743 2174 μόνον

481 2220 919 2299 conducibiliora
961 2218 1189 2285 fuerint,
1232 2219 1458 2288 eligere.
1488 2217 1644 2273 Fasit
1680 2225 1865 2272 autem
1898 2216 2065 2281 Deus,

485 2323 547 2368 ut
576 2314 805 2370 meliora
838 2312 1013 2383 eligas
1044 2312 1182 2384 (97).

2167 2214 2279 2268 τῶν
2313 2215 2461 2269 ἰδίων
2488 2214 2629 2286 ὑπὲρ
2660 2213 2768 2266 τῶν
2799 2214 2956 2291 κοιγῇ
3001 2209 3299 2279 Ῥωμαίοις
3331 2202 3744 2274 συμφερόντων.

2169 2307 2285 2359 ἀλλ’
2318 2305 2633 2375 ούδ”“αὒτῆς
2661 2305 2711 2356 ει
2739 2303 2921 2374 δεήσει
2954 2301 3238 2370 φείδεσθαι
3275 2295 3476 2367 ψυχῆς.
3521 2294 3746 2345 Ιιάντων

485 2410 546 2464 δὲ
582 2411 764 2466 δεήσει
784 2411 880 2464 καὶ
918 2409 1203 2472 πολλάκις,
1229 2400 1505 2479 μηδεμίαν
1548 2406 1607 2462 δὲ
1657 2406 1853 2477 ἑτέραν
1900 2404 2011 2459 τῶν
2050 2405 2228 2459 πόνων
2261 2403 2358 2456 καὶ
2389 2401 2502 2455 τῶν
2534 2400 2795 2467 κινδύνων
2821 2401 2919 2453 καὶ
2951 2398 3061 2452 τῶν
3099 2395 3375 2450 τοσούτων
3444 2387 3741 2453 ἀναλωμά-

490 2522 600 2559 των
626 2504 728 2575 τὴν
754 2502 1105 2573 ἀντιμισθίαν
1140 2504 1416 2565 ἀπαιτεῖν,
1446 2502 1479 2574 ἢ
1502 2501 1717 2575 πρῶτον
1752 2500 1853 2571 μὲν
1886 2501 1946 2553 τὸ
1987 2498 2176 2568 ἀπαθῆ
2200 2497 2389 2551 κακῶν
2412 2495 2791 2568 διατηρεϊσθαι
2814 2511 2830 2527 ·
2854 2494 3107 2562 δεύτερον
3131 2491 3189 2544 δὲ
3207 2490 3306 2559 τὴν
3329 2487 3422 2539 ἐπὶ
3463 2487 3574 2546 τοῖς
3609 2484 3748 2549 ἀγα-

491 2596 606 2658 (οἷς
635 2571 818 2664 ἔργοις
837 2571 1092 2649 εύκλειαν
1118 2596 1215 2648 καὶ
1248 2571 1492 2658 εὐδοξίαν
1520 2571 1587 2665 ἧς
1615 2571 1677 2646 τὸ
1705 2593 1782 2663 μὴ
1815 2593 2083 2664 ἡττῆσθαι
2111 2593 2171 2645 οὐ
2195 2592 2304 2645 τῶν
2343 2591 2490 2644 πάνυ
2525 2588 2797 2660 λαμπρῶν
2826 2588 2918 2642 καὶ
2941 2586 3261 2655 περιδὸξων,
3302 2581 3438 2636 ἀλλά
3466 2581 3574 2632 τῶν
3607 2575 3746 2644 φαύ-

487 2691 594 2752 λως
625 2689 715 2743 καὶ
741 2688 950 2756 ἀτίμως
984 2689 1079 2741 καὶ
1116 2687 1271 2741 οὐδὲν
1299 2686 1524 2755 ἄμεινον
1545 2686 1658 2739 τῶν
1682 2685 1893 2739 πολλῶν
1916 2683 2064 2755 βιοῦν
2087 2684 2516 2756 προῃρημένων.
2534 2682 2690 2752 Ἐμοὶ
2713 2682 2815 2753 μὲν
2839 2677 2933 2735 οὖν
2958 2678 3286 2749 σκεψαμένῳ
3309 2672 3558 2734 τοιαῦτα,
3590 2668 3737 2732 ἔδοξε

487 2780 625 2851 πρὸς
651 2778 893 2849 ὲμαυτδν
939 2778 1047 2850 ἰδίᾳ
1075 2796 1133 2833 τε
1161 2779 1321 2850 ἡμῶν
1362 2778 1580 2849 ἑκάστῳ
1613 2778 1709 2831 καὶ
1735 2779 1905 2832 πᾶσιν
1924 2777 2063 2849 ὁμοῦ
2096 2778 2420 2846 συμφέρειν.
2455 2777 2522 2828 Σὲ
2551 2775 2609 2828 δὲ
2653 2776 2924 2844 προσήκει
2955 2775 3051 2827 καὶ
3078 2773 3230 2841 κοινῇ
3265 2767 3409 2840 μετὰ,
3429 2766 3541 2818 τῶν
3568 2762 3745 2817 ἄλλων

487 2872 585 2927 καὶ
611 2871 717 2944 ίδίᾳ
768 2870 1122 2944 σκεψαμένην
1172 2873 1299 2945 περὶ
1328 2872 1440 2928 τῶν
1472 2873 1674 2937 αὐτῶν,
1698 2872 1836 2927 ἆττα
1859 2872 1925 2926 ἂν
1947 2873 2030 2945 εἴη
2058 2873 2481 2942 λυσιτελέστερα
2511 2871 2749 2925 ἑλέσθαι.
2776 2870 2902 2942 Δοίη
2941 2869 2997 2923 δὲ
3026 2867 3159 2932 Θεὸς
3189 2864 3407 2919 ἑλέσθαι
3429 2861 3497 2915 τὰ
3528 2857 3741 2930 βελτίω.

1805 3002 1968 3073 337
2025 3001 2251 3058 CAPUT
2297 3001 2384 3056 Vl.

486 3089 697 3176 Laudat
743 3090 1043 3176 orationem
1073 3092 1344 3176 domestici
1395 3093 1732 3176 imperatriat.
1790 3092 2106 3176 l’ollfeetur,
2150 3111 2269 3165 qua:
2318 3094 2416 3176 ille
2441 3095 2646 3176 luoluit.
2688 3092 2919 3176 'Magnus
2963 3092 3280 3176 domesticus
3333 3099 3557 3176 mentem
3589 3106 3742 3176 suam

555 3163 964 3246 interpretatur,
994 3169 1053 3246 et
1074 3163 1340 3246 judicium
1366 3159 1648 3246 adversum
1674 3182 1731 3246 se
1752 3164 2013 3234 postulat,
2045 3166 2090 3217 si
2117 3159 2335 3246 peccare
2365 3167 2625 3246 videatur.
2647 3159 3065 3246 .Jusfurandum
3093 3163 3586 3246 “utrinquemdatur.
3614 3159 3745 3246 “Do-

555 3232 800 3303 mesticus
830 3232 1180 3303 imperatricis
1210 3232 1246 3301 ﬁ

552 3374 776 3441 spondet
804 3382 851 3425 et
885 3373 1216 3436 sponsionem
1238 3373 1552 3442 juramento
1581 3376 1772 3428 sancit.

1252 3234 1394 3295 dem,
1431 3244 1487 3288 ut
1516 3232 1775 3297 mulieris,
1821 3232 2125 3302 suspectam
2169 3235 2345 3289 habet.
2388 3232 2778 3290 l’atriarcham'
2810 3250 2903 3300 per
2954 3234 3203 3300 beneﬁcia
3244 3235 3297 3286 in
3347 3232 3499 3285 illum
3544 3234 3741 3287 collata

554 3302 868 3369 obtestatur,
908 3302 991 3354 ne
1018 3302 1497 3358 calumniatoribus
1558 3305 1668 3359 suis
1724 3304 1930 3369 credat,
1984 3320 2205 3359 causam
2249 3322 2402 3360 suam
2455 3315 2690 3360 tueatur.

2741 3302 3063 3358 l’atriarclla
3103 3320 3309 3358 omnem
3342 3320 3556 3373 operam
3591 3320 3744 3357 suum

557 3492 698 3549 Cum
723 3494 800 3547 ita
825 3492 1025 3556 libere,
1069 3491 1301 3561 sineque
1330 3493 1444 3547 ullo
1476 3494 1863 3566 integumento
1891 3496 2062 3551 verba

2243 3496 2481 3552 Τοιαῦτα
2513 3496 2652 3568 πρὸς
2685 3494 2931 3567 βασιλίδα
2978 3493 3116 3565 μετά
3170 3491 3483 3564 παρρησίας
3518 3489 3611 3544 τοῦ
3644 3506 3746 3561 με-

486 3586 710 3641 fecisset
761 3599 993 3656 magnus
1045 3583 1407 3652 domesticus,
1468 3587 1813 3658 imperatrix,
1849 3598 1908 3644 ut
1955 3604 2067 3644 non

478 3666 628 3734 'dura
659 3692 723 3733 ac
750 3691 942 3747 aspera
977 3676 1147 3748 (quod
1184 3686 1364 3731 tamen
1416 3677 1470 3731 in
1502 3680 1774 3748 prooemio
1802 3681 2071 3750 promisc-

490 3771 619 3836 rat),
651 3769 745 3824 sed
777 3778 1002 3831 vera,et
1027 3784 1094 3822 ex
1116 3769 1376 3838 mquitate
1411 3785 1537 3825 cum
1562 3771 1819 3827 libertate
1844 3812 1861 3838 ,
1894 3772 2072 3826 amico

487 3876 755 3931 germano
783 3860 1150 3915 conveniente
1203 3861 1449 3915 locutum
1494 3864 1922 3918 commendavit.
1973 3864 2073 3918 Po-

491 3951 665 4005 tuisse
692 3951 857 4020 igitur
884 3960 1068 4012 antea.
1112 3954 1168 4006 et
1220 3968 1370 4007 nunc
1419 3954 1673 4022 perinde,
1724 3956 2071 4023 maximeque

488 4058 675 4113 posse,
732 4042 781 4097 si
836 4043 1055 4108 liberet,
1086 4044 1396 4099 Romanum
1433 4045 1721 4114 possidere
1755 4044 2069 4115 imperium,

489 4135 800 4190 certissimo
829 4137 971 4190 seire
1004 4150 1063 4189 se
1092 4151 1204 4190 non
1243 4137 1502 4207 negabat.
1532 4136 1614 4191 Ad
1640 4153 1703 4191 ea
1736 4146 1920 4191 autem
1951 4153 2073 4206 qua:

490 4227 734 4297 petebat,
766 4239 876 4279 non
910 4225 997 4279 illa
1030 4226 1219 4291 modo,
1241 4242 1436 4282 verum
1477 4227 1652 4281 multo
1691 4228 1849 4298 plura
1902 4228 2073 4282 susti-

492 4334 625 4403 nere
652 4334 711 4374 se
742 4334 901 4386 posse
928 4319 1332 4389 respondebat;
1352 4330 1418 4375 et»
1438 4323 1690 4391 quamvis
1710 4335 1903 4375 omnes
1933 4336 2074 4392 mor-

491 4413 627 4467 tales
663 4427 934 4467 consensu
964 4413 1228 4468 adversus
1265 4414 1419 4469 illum
1452 4414 1748 4485 garrirem,
1790 4429 2073 4484 nunquam

490 4503 568 4557 illi
601 4502 870 4558 infensam
901 4503 1240 4567 reddituros,
1279 4504 1376 4561 sed
1404 4504 1743 4571 inviolatam,
1773 4505 2077 4561 sinceram-

489 4610 598 4663 que
623 4593 919 4649 amicitiam
952 4594 1003 4650 ei
1027 4595 1418 4665 prmstituram,
1458 4593 1504 4650 si
1526 4611 1635 4650 non
1655 4605 1880 4666 propter
1900 4596 2072 4663 aliud,

490 4685 683 4740 saltem
719 4694 915 4755 popter
964 4701 1051 4751 ea,
1085 4702 1209 4755 quae
1236 4702 1304 4741 ex
1332 4687 1667 4756 imperatore
1695 4702 2077 4758 smpenumero

489 4774 764 4829 audierit:
825 4790 929 4831 nec
978 4775 1025 4830 si
1087 4776 1340 4832 districto
1390 4791 1524 4831 ense
1589 4777 1731 4833 inse
1785 4779 2075 4835 occidendi

2171 3590 2342 3657 γάλου
2367 3589 2696 3660 δομεστίκου
2730 3589 2827 3642 καὶ
2868 3586 3038 3657 χωρίς
3080 3584 3227 3648 τινὸς
3256 3581 3747 3654 περικαλύμματος

2170 3681 2563 3753 διειλεγμένου,
2597 3678 2833 3752 ἐπῄνεσέ
2858 3695 2918 3731 τε
2966 3677 3095 3740 τοὺς
3122 3675 3315 3743 λόγους
3361 3674 3458 3729 καὶ
3491 3675 3630 3742 αὐτὴ
3670 3673 3745 3734 ὡς

2170 3774 2232 3828 οὐ
2268 3771 2522 3844 σκληρῶς
2554 3772 2676 3825 οὐδὲ
2722 3771 2968 3841 τραχέως
3005 3767 3216 3839 (ὥσπερ
3259 3767 3745 3837 προοιμιαζόμενος

2172 3861 2344 3934 εἶπεν)
2374 3863 2729 3933 εἰρημένους,
2775 3861 2895 3914 ἀλλ’
2937 3860 3200 3929 ἀληθείας
3229 3875 3287 3912 τε
3331 3858 3621 3928 ἐχομένους
3653 3859 3748 3910 καὶ

2170 3953 2522 4023 δικαιοσύνης
2556 3952 2650 4006 καὶ
2677 3950 2992 4024 παρρησίας
3017 3950 3335 4022 πρεπούσης
3361 3949 3499 4019 φίλῳ
3533 3947 3743 4017 einen.

2173 4048 2311 4117 Περὶ
2353 4048 2456 4118 μὲν
2488 4040 2585 4100 οὖν
2618 4044 2712 4099 τοῦ
2746 4045 3014 4117 πρότερόν
3043 4062 3102 4098 τε
3144 4044 3240 4097 καὶ
3275 4042 3370 4097 νῦν
3406 4042 3606 4111 ὁμοίως
3643 4040 3749 4108 μά·

2172 4141 2332 4194 λιστα
2367 4135 2510 4194 εῖναι
2538 4138 2764 4193 δυνατὸν
2790 4138 2942 4207 αὐτῷ
2972 4139 3021 4191 εί
3049 4136 3301 4191 ἐϐούλετο
3327 4139 3426 4206 τὴν
3463 4135 3753 4203 Ῥωμαίων

2175 4233 2458 4304 βασιλείαν
2487 4230 2669 4301 ἑαυτῷ
2692 4232 3000 4301 περιποιεῖν
3032 4230 3350 4298 σαφέστατα
3371 4228 3590 4304 πάντων
3611 4226 3748 4296 αὐτὴ

2174 4301 2373 4380 εἰδέναι
2401 4324 2693 4395 ὡμολόγει.
2734 4323 2878 4393 Πρὸς
2908 4322 2945 4377 ἂ
2974 4323 3032 4376 δὲ
3060 4321 3213 4393 ἠξίου
3242 4301 3552 4392 ῑσχυρίξετο
3580 4320 3658 4383 ὡς
3686 4321 3746 4371 ού

2177 4415 2341 4485 μόνον
2379 4413 2552 4467 ταῦτα
2585 4412 2733 4483 άπερ
2763 4412 2968 4483 ᾔτησεν
2999 4412 3185 4476 αὐτὸς,
3217 4412 3356 4466 ἀλλὰ
3404 4412 3497 4465 καὶ
3549 4409 3748 4464 πολλα-

2176 4504 2391 4559 πλασίω
2416 4503 2750 4575 ἀνασχέσθαι
2777 4505 3003 4575 δυνατή.
3035 4504 3144 4559 Καὶ
3160 4503 3235 4567 ὡς
3260 4503 3369 4557 οὐδ’
3396 4503 3462 4557 ἂν
3485 4504 3533 4557 εί
3549 4503 3753 4564 πάντες

2175 4597 2458 4669 ἄνθρωποι
2494 4596 2966 4667 συμφωνήσαντες
3013 4597 3176 4664 φαῖεν
3221 4595 3341 4648 κατ’
3390 4593 3560 4649 αὑτοῦ
3590 4593 3752 4663 δυνή-

2181 4704 2363 4742 σονται
2419 4686 2627 4759 ταύτην
2672 4687 2820 4758 αὐτῷ
2871 4687 3305 4757 ὲκπολεμῶσαμ
3355 4686 3474 4741 ἀλλ’
3522 4686 3751 4741 ἀθικτον

2179 4780 2331 4851 αὐτῷ
2363 4782 2457 4835 καὶ
2487 4780 2756 4851 ἀκεραίαν
2786 4782 3022 4851 τηρήσει
3062 4781 3163 4851 τὴν
3220 4780 3407 4851 φιλίαν
3431 4796 3445 4811 ·
3480 4782 3528 4834 εἰ
3582 4780 3656 4851 μή
3697 4798 3751 4833 τι

492 4882 661 4921 causa
711 4877 964 4924 ruentem
1023 4868 1261 4931 videret.
1310 4882 1472 4938 posse
1519 4868 1674 4922 illum
1722 4869 1947 4926 odisse:
1979 4872 2063 4927 sed

2183 4870 2334 4937 ἄλλο,
2367 4871 2503 4926 ἀλλά
2535 4872 2645 4927 τῶν
2672 4889 2737 4940 γε
2769 4871 3037 4942 βασιλέως
3079 4871 3254 4941 λόγων
3291 4872 3615 4944 μεμνημένη
3676 4870 3754 4935 ὡς

454 4998 457 5001 -
490 4960 722 5029 pristina
764 4960 1153 5016 benevolentia
1186 4960 1355 5015 etiam
1389 4960 1472 5015 sic
1514 4962 1957 5031 complexurum,
2016 4972 2071 5019 et

491 5053 653 5109 amici
711 5055 833 5111 loco
864 5053 1232 5110 nihilominus
1273 5053 1618 5109 habiturum.
1649 5053 1719 5109 Et
1755 5055 1971 5119 aiebat,
2014 5071 2072 5112 se

2179 4964 2440 5027 πολλάκις
2470 4964 2687 5036 εἴρηται
2717 4965 2847 5036 περὶ
2876 4965 3068 5030 αὐτοῦ,
3115 4964 3192 5027 ὼς
3242 4966 3354 5019 οὐδ’
3410 4967 3479 5020 ἂν
3513 4968 3562 5018 εί
3600 4964 3753 5033 ξίφος

2183 5056 2536 5128 σπασάμενον
2574 5059 2697 5111 κατ’
2721 5057 2891 5112 αὑτοῦ
2922 5057 3205 5129 χωροῦντα
3237 5058 3312 5122 ὡς
3349 5056 3754 5112 ἀποκτενοῦντα

1767 5177 1981 5240 Jacobi
2022 5179 2289 5241 Pontani
2323 5188 2511 5242 notat.

562 5307 675 5379 (96)
722 5305 797 5363 Μ.
827 5304 1041 5379 Tullius
1062 5305 1217 5379 Olllc.
1245 5324 1260 5361 :
1298 5304 1410 5379 Via;
1434 5306 1719 5379 invenitur,
1750 5309 1840 5379 qui
1876 5310 2073 5365 labori-

493 5377 586 5451 bus
623 5377 898 5451 susceptis,
930 5377 1284 5451 periculisque
1323 5377 1507 5451 aditis,
1549 5395 1655 5432 non
1690 5377 1842 5448 quasi
1878 5398 2072 5435 merce-

492 5450 611 5502 dem
644 5448 819 5528 rerum
851 5457 1117 5528 gestarum
1139 5448 1392 5528 desideret
1430 5448 1675 5528 gloriam.
1711 5450 1939 5528 ldemip
1972 5452 2074 5506 Ca-

496 5530 624 5572 tone
659 5518 865 5590 majore
911 5518 1152 5586 :Optimi
1193 5518 1445 5590 cujusque
1475 5521 1687 5573 mtimus
1732 5518 1959 5575 maxime
2001 5523 2070 5575 ad

494 5587 951 5660 immortalitatem
1009 5590 1181 5660 gloria
1231 5587 1437 5645 nititur.
1480 5590 1544 5643 Et
1588 5605 1718 5643 sane
1753 5590 2070 5659 frequenter

497 5659 869 5731 hunelogtnm,
902 5661 956 5715 in
984 5659 1329 5717 eratTOItihus
1365 5660 1693 5731 pratscrtiin,
1725 5661 1963 5725 attingit.

567 5729 678 5802 (97)
722 5730 998 5802 pentosth.
1036 5729 1413 5802 Olynthiacam
1456 5732 1686 5799 primam
1734 5734 1805 5783 ita
1852 5732 2073 5791 ilaudit.

498 5796 574 5860 ὡς
597 5796 737 5852 ὁποῖ’
777 5799 891 5855 ἄττ’
928 5805 996 5857 ἂν
1039 5796 1182 5873 ὑμᾶς
1216 5796 1553 5874 περιστῇαὰ
1590 5802 1908 5871 πράγματα,
1942 5820 2076 5856 τοιο-

2180 5312 2298 5367 ῦτοι
2332 5312 2518 5382 κριταὶ
2565 5313 2661 5367 καὶ
2703 5311 2810 5368 τῶν
2858 5311 3274 5382 πεπραγμένων
3309 5310 3493 5372 αὐτοῖς
3538 5308 3752 5365 ἔσεσθε,

2178 5381 2410 5454 Χρηστά
2436 5384 2493 5436 δὲ
2520 5384 2630 5454 εἴη.
2663 5383 2864 5444 παντὸς
2879 5382 3061 5436 ἕνεκα.
3099 5381 3238 5454 Nam
3271 5398 3306 5454 ιι
3316 5389 3335 5435 ι
3367 5395 3441 5454 ea:
3472 5395 3552 5432 res
3575 5387 3729 5454 erant

2181 5449 2464 5525 quai'vobis
2494 5449 2728 5508 evenient
2756 5469 2774 5509 :
2807 5453 2883 5525 ita
2920 5464 2969 5505 et
3000 5468 3088 5505 vos
3114 5452 3179 5505 de
3202 5450 3588 5525 aclisipsorum
3610 5449 3755 5516 judi’

2178 5521 2385 5578 cubitis.
2428 5522 2556 5588 ρυω
2588 5524 2796 5576 utinam
2826 5522 2973 5576 bona:
3000 5525 3124 5584 sint,
3171 5532 3219 5574 et
3269 5521 3432 5592 oﬂicio
3461 5521 3760 5589 fatigantu-

2179 5609 2376 5647 omnes.
2415 5595 2493 5647 Ad
2528 5609 2687 5662 quem
2722 5593 2899 5647 locum
2936 5592 3244 5659 reSpexisse
3295 5592 3615 5645 historicum
3659 5599 3760 5640 nor

2181 5676 2353 5720 strum
2389 5678 2496 5718 non
2527 5662 2737 5718 dubito.
2762 5663 2880 5717 Olet
2914 5671 3092 5716 autem
3123 5663 3246 5715 alibi
3279 5676 3494 5729 quoque
3526 5671 3755 5714 Senten-

2184 5737 2287 5789 t‘as
2325 5733 2850 5788 Demosthenicasex
2881 5731 3237 5803 Olynlhiacis,
3257 5744 3312 5786 et
3343 5730 3658 5803 l’hilippic's
3697 5741 3760 5803 ef

2185 5807 2252 5860 ob
2274 5820 2454 5859 rerum
2470 5802 2879 5859 similitudinem
2901 5800 3168 5859 similibus
3186 5804 3350 5858 etiam
3367 5803 3550 5857 verbis
3565 5800 3763 5855 utitan
