4060 6414
295 380 396 442 797

1420 379 1955 440 IiiS’l'ORiARUM
2002 377 2229 437 LlBER
2268 378 2387 442 Ill.

3447 388 3552 450 738

293 497 403 569 ιδῃ,
435 493 546 547 οὐδ’
587 493 729 547 οὕτω
759 493 1087 563 δυνήσεσθαι
1118 494 1282 547 αὑτὸν
1338 497 1589 563 μισῆσαι,
1615 495 1749 548 ἑλλά
1782 496 1850 558 ιὴτ

1980 492 2308 561 imperatore
2342 491 2603 562 magistro
2632 502 2838 546 tantum
2873 494 2980 548 sibi
3017 496 3330 565 prudentia.
3367 508 3422 554 et
3448 518 3550 557 usu

292 590 414 656 ἴσην
436 585 652 639 εὔνοιαν
682 586 835 656 αύτῷ
868 586 964 639 καὶ
986 588 1178 639 τούτου
1212 590 1606 656 πεπραγμένου
1639 590 1866 656 τηρήσει

291 679 389 731 καὶ
416 676 622 746 φιλίαν,
660 670 704 742 ᾧ
744 693 849 746 περ
879 676 1089 743 ἔφασκε
1117 677 1383 746 χρωμένη
1403 678 1731 748 διδασκάλῳ,
1772 686 1866 730 καὶ

294 770 435 839 αὑτὴ
477 769 734 822 τοσοῦτον
785 769 1108 836 ὑπερέχοντι
1155 768 1329 838 αὐτῆς
1378 770 1473 821 καὶ
1516 772 1734 822 συνέσει
1770 769 1866 822 καὶ

297 862 638 929 πραγμάτων
668 859 930 927 ἐμπειρίᾳ
960 860 1028 911 τὰ
1064 859 1156 913 ἴσα
1187 863 1318 929 περὶ
1350 860 1514 912 αὑτοῦ
1543 862 1637 913 καὶ
1667 860 1864 926 γινώσ-

296 966 410 1001 κειν
440 949 533 1002 καὶ
569 948 929 1018 πειράσεσθαι
979 948 1256 1016 φυλάξειν,
1296 951 1393 1004 καὶ
1446 951 1865 1022 παρεθάρρυνεν

290 1040 473 1101 αὐτὸν,
513 1040 684 1107 μηδὲν
706 1042 838 1109 περὶ
887 1043 1060 1111 αὐτῆς
1091 1043 1422 1098 ὑποπτεύειν
1447 1046 1670 1114 ἀγεννές
1696 1063 1712 1078 ο
1745 1046 1862 1099 ἀλλ’

288 1124 428 1181 εἶναι
461 1128 699 1198 βεϐαίως
732 1134 1098 1200 πεπεισμένον
1132 1133 1206 1194 ὡς
1235 1135 1386 1187 οὐδὲν
1425 1135 1581 1189 ἔσται
1611 1135 1865 1204 τηλικοῦ·-

286 1237 378 1272 τον
416 1220 445 1272 δ
492 1219 784 1290 δυνήσεται
830 1226 955 1285 τοὺς
992 1225 1168 1293 αὐτῆς
1201 1229 1525 1280 κατασεῖσαι
1567 1227 1862 1299 λογισμοὺς

288 1314 381 1365 καὶ
404 1315 533 1381 περὶ
560 1313 725 1367 αὐτοῦ
751 1318 897 1371 κακὰ
926 1318 1240 1385 λογίζεσθαι
1273 1322 1715 1390 παρασκευάσει.
1735 1320 1861 1374 Ἐπὶ

284 1405 498 1468 τούτοις
523 1404 579 1458 δὲ
613 1408 641 1459 ὁ
689 1409 865 1474 μέγας
892 1409 1238 1478 δομὲστικοζ,
1287 1412 1388 1481 τὴν
1435 1412 1533 1477 μὲν
1561 1411 1862 1482 ὁμολογίαν

285 1494 560 1563 βασιλίδος
587 1495 864 1559 ἀρκοῦσαν
898 1499 1106 1567 οἰηθεὶς
1136 1500 1416 1566 ἀπόδειξιν
1442 1501 1580 1567 πρὸς
1607 1501 1666 1553 τὸ
1691 1500 1859 1570 μηδὲν

280 1579 423 1638 εἶναι
458 1585 711 1652 ἐμποδὼν
744 1589 791 1639 εἰ
817 1587 1072 1642 ἐϐούλετο
1119 1589 1289 1653 κακὸς
1332 1592 1585 1660 ὀφθῆναι,
1622 1590 1859 1659 μάλιστα

279 1675 335 1730 δὲ
367 1677 666 1748 δυνάμενος
700 1680 881 1734 ἑκοντὶ
925 1681 1140 1748 τάγαθά
1173 1683 1270 1734 καὶ
1319 1682 1507 1735 δίκαια
1557 1682 1854 1751 αἱρεῖσθαι.

281 1766 413 1821 Εἶτα
447 1769 544 1822 καὶ
580 1769 681 1838 τῆς
702 1770 1113 1839 καλοκαγαθίας
1151 1774 1244 1825 καὶ
1268 1774 1365 1839 τῆς
1396 1776 1476 1835 είς
1503 1773 1667 1827 αὐτὸν
1700 1790 1858 1843 στορ-

1970 594 2283 653 pnes-tante.
2321 584 2515 639 eadem
2552 584 2619 638 de
2652 586 2745 639 illo
2769 587 3001 649 sentire,
3051 597 3106 642 et
3140 590 3261 658 ejus
3293 590 3548 646 admoni-

1970 679 2101 731 tioiii
2127 679 2461 747 parituram;
2488 677 2959 748 conﬁrmabatque
2978 678 3131 732 illum
3156 681 3374 750 nequid
3397 682 3465 738 de
3490 699 3549 737 se

1966 771 2239 839 abjeetum
2304 771 2698 839 suspicaretur,
2753 770 2848 824 sed
2906 780 3225 825 constanter
3268 773 3544 839 crederet,

1966 862 2102 917 nihil
2139 864 2270 915 tanti
2319 861 2458 926 fore,
2489 864 2634 915 unde
2668 861 2783 929 ipsa
2824 861 2893 915 de
2925 862 3199 918 sententia
3231 864 3545 930 deturbata,

1965 952 2107 1007 male
2156 952 2224 1006 de
2250 967 2317 1006 eo
2374 951 2734 1007 existimaret.
2768 954 3018 1008 Posthaec
3074 971 3302 1025 magnus
3354 957 3547 1012 domea

1964 1047 2138 1100 sticus
2168 1044 2535 1113 imperatricis
2565 1045 2910 1099 confessione
2941 1046 3079 1100 satis
3107 1050 3545 1104 demonstratum

1963 1135 2287 1199 arbitratus,
2334 1136 2474 1188 nihil
2529 1135 2632 1189 sibi
2662 1150 2789 1189 esse
2834 1137 3152 1204 obstaculo,
3203 1140 3248 1193 si
3295 1140 3546 1210 improbe

1966 1225 2095 1279 velit
2119 1239 2301 1295 agere,
2334 1233 2391 1280 et
2419 1240 2580 1293 posse
2609 1235 2801 1293 sponte
2836 1242 2933 1280 sua
2970 1227 3128 1288 bene,
3165 1228 3421 1299 justeque
3460 1230 3546 1284 fa-

1962 1327 2131 1367 cere:
2185 1313 2387 1367 deinde
2442 1314 2514 1368 ob
2556 1313 2947 1382 integritatem,
2996 1325 3049 1368 et
3088 1332 3327 1371 amorem
3378 1318 3432 1372 in
3484 1333 3545 1374 se

1961 1403 2301 1477 declaratum
2340 1405 2531 1475 gratiis
2557 1406 2716 1466 actis,
2749 1403 2932 1458 denuo
2959 1405 3037 1460 sic
3069 1406 3165 1460 ait.
3199 1407 3310 1462 Nec
3343 1409 3541 1477 ipsam,

1960 1508 2063 1547 nec
2094 1475 2470 1563 patriarcham
2518 1495 2682 1549 verba
2717 1503 2830 1548 sua'
2861 1505 3115 1564 suspecta
3153 1498 3350 1552 habere
3382 1514 3546 1567 opor-

1961 1593 2096 1649 tere,
2132 1587 2290 1654 quasi
2331 1587 2407 1641 ita
2443 1587 2797 1641 securitatem
2828 1587 2932 1641 sibi
2969 1599 3256 1658 praeparet,
3280 1599 3547 1660 utneque

1960 1678 2006 1732 si
2043 1679 2166 1747 quis
2192 1688 2252 1732 ut
2284 1679 2597 1746 improbum
2632 1694 2756 1733 eum
2780 1694 3040 1735 accusare
3062 1691 3250 1751 queat,
3281 1693 3335 1736 et
3361 1683 3542 1737 dicam

1959 1769 2290 1839 impingere,
2342 1771 2649 1840 recipiatur
2689 1771 2812 1841 ejus
2858 1773 3072 1837 oratio;
3108 1789 3214 1827 non
3243 1774 3388 1827 enim
3438 1773 3543 1828 sibi

278 1857 651 1932 rﬁc'xdpmc
677 1863 1020 1934 ὁμολογήσας
1051 1864 1285 1935 βασιλίδι
1322 1865 1480 1928 αὖθις
1510 1866 1850 1934 ἀνελάμϐανε

1957 1860 2062 1915 hoc
2111 1862 2275 1925 velle,
2340 1863 2435 1916 sed
2491 1863 2537 1918 si
2593 1864 2813 1933 quidam
2871 1865 3169 1929 aliquando
3216 1866 3283 1919 de
3340 1866 3544 1920 talibus

277 1953 369 2005 τὸν
402 1954 560 2020 λόγον
587 1968 600 1981 °
640 1957 714 2024 μὴ
766 1954 832 2025 δὴ
880 1955 968 2008 διὰ
997 1955 1172 2009 ταῦτα
1212 1957 1457 2025 φάσκων.
1496 1959 1619 2027 μήτ’
1660 1958 1851 2026 αὐτὴν,

285 2047 422 2115 μήτε
452 2046 804 2118 πατριὰρχην
847 2049 1180 2102 ὑποπτεύειν
1211 2050 1360 2119 αὐτῷ
1397 2050 1524 2112 τοὺς
1556 2050 1749 2119 λόγους
1779 2051 1855 2114 ὡς

284 2138 604 2208 πανούργως
629 2140 979 2209 εἰρημένους,
1005 2143 1190 2195 ἄδειαν
1217 2143 1366 2212 αύτῷ
1392 2142 1856 2214 προπαρασκευά-

286 2228 431 2293 ζιντι
456 2231 516 2282 τὸ
571 2231 697 2300 μηδ’
727 2231 793 2285 ἀν
846 2249 930 2295 τις
975 2233 1149 2304 ἀληθῆ
1177 2233 1359 2301 λέγειν
1390 2234 1491 2307 ἔχῃ
1527 2237 1652 2302 περὶ
1686 2234 1852 2287 αὑτοῦ

287 2322 380 2376 καὶ
408 2322 778 2376 ἀποδεικνύειν
834 2308 1149 2391 ἀδικοῦντα,
1181 2326 1344 2378 τόπον
1377 2325 1523 2396 ἔχειν
1572 2325 1711 2394 πρὸς
1752 2326 1854 2395 τὴν

282 2418 406 2469 κατ’
444 2417 606 2470 αὐτοῦ
636 2419 977 2488 κατηγορίαν
1022 2418 1117 2471 καὶ
1152 2421 1396 2489 γραφήν.
1428 2420 1504 2472 Οὐ
1538 2420 1648 2491 γὰρ
1694 2419 1855 2472 τοῦτο

279 2507 570 2578 βούλεσθαι
597 2507 749 2580 αὐτῷ
773 2508 898 2570 τοὺς
934 2508 1126 2577 λόγους
1148 2525 1161 2538 '
1200 2508 1312 2562 ἀλλ’
1345 2510 1394 2561 εί
1432 2509 1534 2578 μέν
1572 2526 1712 2571 τινες
1737 2525 1854 2561 τοι·

276 2599 417 2652 αὖτα
451 2599 651 2669 δήποτε
678 2601 1045 2664 κατηγοροῖεν
1075 2595 1163 2653 οἷα
1190 2599 1330 2653 αύτά
1362 2599 1452 2667 ὑφ’
1492 2599 1704 2652 ἑαυτῶν
1733 2599 1854 2664 ἐξε-

275 2686 571 2757 λέγχεσθαι
598 2686 672 2749 ὼς
697 2687 806 2739 εἰσὶ
841 2687 1206 2754 συκοφαντίαι
1232 2687 1327 2740 καὶ
1353 2686 1618 2747 διαϐολαὶ,
1643 2686 1852 2740 τούτων

285 2780 488 2850 μηδένα
528 2780 800 2832 ποιεῖσθαι
822 2780 981 2847 λόγον
1006 2819 1022 2846 ,
1057 2779 1196 2832 ἀλλά
1230 2780 1325 2832 καὶ
1356 2779 1480 2840 τοὺς
1515 2778 1850 2843 πλάττοντας

288 2874 482 2942 μισεῖν.
515 2873 578 2926 Εἰ
615 2871 661 2924 δ’
698 2871 810 2942 ἀρα
855 2870 1030 2934 οὕτως
1061 2873 1152 2940 εἴη
1197 2873 1420 2935 πιθανὰ,
1456 2870 1586 2924 ὥστ’
1615 2872 1851 2940 ἀμφιϐο-

280 2965 402 3019 λίαν
425 2966 666 3034 ἐμποιεῖν
689 2965 738 3016 εἰ
769 2965 971 3034 μᾶλλον
996 2968 1102 3035 χρὴ
1131 2956 1412 3017 πιστεύειν
1439 2965 1471 3034 ἢ
1502 2964 1851 3016 παντάπασιν

276 3057 545 3119 ἀπιστεῖν,
608 3056 684 3127 μὴ
743 3057 964 3127 ἐρήμην
1014 3058 1178 3119 εὐθὺς
1231 3056 1719 3126 καταψηφίζεσθαι
1754 3057 1849 3110 καὶ

272 3148 507 3211 ἀπόντος
535 3164 568 3182 ὀ
591 3149 708 3202 ἀλλ’
734 3148 815 3210 είς
836 3148 1195 3218 δικαστήριον
1228 3146 1437 3214 καλεῖν,
1470 3147 1572 3201 κᾶν
1607 3148 1849 3201 ἁλίσκω-

275 3248 377 3311 μαι
405 3240 629 3304 ἀδικῶν,
661 3240 721 3293 ού
751 3239 1127 3309 παραιτοῦμαι
1154 3239 1253 3308 τῆς
1282 3238 1620 3308 κακουργίας
1646 3238 1845 3291 διδόναι

269 3330 450 3392 δίκας.
506 3328 621 3397 Τῆς
654 3327 926 3398 βασιλίδος
977 3327 1037 3381 δὲ
1070 3327 1163 3380 τδν
1197 3328 1333 3397 περὶ
1360 3328 1458 3397 τῆς
1486 3326 1645 3395 δίκης
1689 3325 1848 3395 λόγον

269 3420 700 3490 ἀποσειομένης,
734 3418 831 3472 καὶ
882 3418 1011 3489 μηδ’
1075 3417 1141 3472 ἂν
1173 3418 1228 3472 st
1270 3435 1325 3471 τι
1379 3419 1589 3487 γένοιτο
1622 3417 1848 3471 τοιαῦτα

272 3512 406 3582 περὶ
443 3509 611 3564 αὐτοῦ
668 3509 966 3579 φρονήσειν
998 3509 1434 3579 διατεινομένης,
1476 3508 1618 3563 ὥστε
1651 3509 1746 3562 καὶ
1768 3508 1849 3562 δι-

271 3600 587 3671 καστηρίων
614 3599 905 3669 δεήσεσθαι
931 3598 1069 3670 πρὸς
1095 3598 1283 3661 αὐτὸν,
1314 3599 1414 3651 ούκ
1438 3597 1678 3668 ἔφασκεν
1707 3600 1851 3652 έκεῖ-

272 3710 359 3757 νος
394 3694 707 3764 ἀγαπήσειν
738 3693 787 3747 εἰ
817 3691 893 3762 μὴ
929 3692 1023 3745 καὶ
1055 3693 1185 3760 περὶ
1213 3691 1404 3744 τούτου
1436 3690 1679 3745 πείθοιτο
1698 3690 1850 3760 αύτῷ

269 3785 382 3838 τῶν
404 3785 580 3840 ἀλλων
615 3785 814 3856 μᾶλλον
841 3782 1080 3853 ἕνεκα,ἢ
1114 3783 1284 3852 αὐτῆς
1303 3798 1317 3813 °
1343 3781 1484 3836 ὥστε
1511 3783 1597 3837 διὰ
1629 3784 1849 3837 πάντων

273 3877 460 3938 αὐτοῖς
498 3873 947 3950 ἀποφράττεσθαι
979 3874 1076 3937 τὰς
1109 3873 1393 3941 γλώσσας,
1416 3874 1511 3926 καὶ
1535 3872 1611 3944 μὴ
1638 3873 1851 3942 πρόφα-

276 3983 361 4019 σιν
411 3970 476 4020 ὲκ
526 3966 721 4019 τούτου
775 3965 1119 4035 κακουργίας
1178 3965 1272 4018 καὶ
1326 3963 1579 4033 διαϐολῆς
1640 3964 1847 4019 λαϐεῖν.

286 4056 767 4129 Ἀπαγορευούσης
801 4055 859 4110 δὲ
896 4056 1067 4125 αὐτῆς
1118 4057 1214 4108 καὶ
1245 4055 1346 4106 οὐκ
1387 4054 1680 4122 ἐθελούσης
1721 4054 1849 4107 πεί--

276 4150 485 4210 θέσθαι,
526 4150 711 4203 ἔπεισε
755 4148 930 4202 πολλὰ
972 4146 1143 4201 εἰπὼν
1192 4146 1281 4209 ,ὡς
1339 4146 1470 4215 περὶ
1522 4145 1846 4213 ἀναγκαίου,

274 4244 519 4298 ἄκουσαν
551 4242 673 4313 μὲν,
704 4243 798 4294 καὶ
822 4240 948 4308 τόγε
972 4239 1051 4303 εἰς
1079 4239 1252 4309 αὐτὴν
1289 4234 1425 4309 ἧκον
1455 4236 1563 4289 τῶν
1587 4238 1849 4289 τοιούτων

274 4335 352 4407 μὴ
397 4334 660 4404 δεομένην
710 4332 1066 4403 ζητημάτων.
1114 4330 1400 4385 Ἐπείθετο
1453 4328 1497 4382 δ’
1543 4328 1640 4382 οὖν
1686 4329 1849 4383 ἕνεκα

266 4423 461 4479 αὐτοῦ.
501 4425 623 4477 Ἐπὶ
653 4423 866 4484 τούτοις
892 4421 1064 4475 δὲκαὶ
1099 4418 1260 4480 αὐτὸς
1294 4418 1508 4488 ἡσθεὶς,
1538 4417 1635 4472 καὶ
1664 4417 1848 4470 πᾶσαν

1958 1967 2085 2006 eum
2113 1965 2457 2019 accusarent,
2492 1968 2613 2023 quae
2642 1969 2822 2012 meras
2850 1971 2970 2012 esse
2999 1957 3322 2020 calumnias,
3374 1966 3430 2010 et
3456 1972 3545 2027 sy-

1956 2041 2280 2111 cophantias
2312 2044 2416 2112 ipsi
2455 2058 2486 2098 a
2525 2046 2837 2116 semetipsis
2866 2046 3349 2111 convincerentur,
3377 2046 3544 2116 368
3638 2055 3651 2069 '

1958 2134 2159 2187 horum
2195 2134 2402 2187 nullam
2433 2133 2560 2189 duci
2612 2137 2880 2193 rationem
2927 2137 3151 2199 debere,
3179 2137 3275 2191 sed
3325 2151 3449 2190 cum
3475 2137 3544 2191 li-

1957 2223 2195 2292 gmentis
2227 2223 2346 2278 suis
2373 2225 2725 2282 aversandos.
2752 2217 2847 2282 Sin
2879 2228 2953 2281 ita
2992 2227 3295 2297 probabilia
3337 2226 3539 2288 lorent,

1956 2324 2018 2369 ut
2045 2315 2806 2383 dubitaretur,crstlendane,
2840 2334 2907 2372 an
2935 2334 3173 2388 prorsus
3204 2319 3542 2388 repudianda

1955 2416 2164 2471 essent,
2206 2422 2315 2461 non
2352 2408 2539 2461 statim
2571 2407 2773 2463 indicta
2794 2424 2980 2473 causa,
3008 2421 3063 2464 et
3094 2395 3377 2464 absentem
3409 2424 3513 2463 con

1954 2500 2351 2568 detunandum,
2373 2502 2470 2557 sed
2505 2503 2558 2556 in
2580 2503 2849 2574 judicium
2870 2504 3197 2566 vocandum,
3221 2504 3296 2558 ibi
3316 2504 3543 2558 sceleris

1954 2593 2264 2649 convictum
2320 2609 2441 2648 sese
2490 2610 2682 2658 pcenas
2744 2613 2851 2651 non
2904 2597 3075 2652 invite
3127 2606 3538 2666 suscepturum.

1952 2684 2092 2740 Cum
2131 2684 2457 2756 imperatrix
2484 2688 2822 2743 mentionem
2859 2703 3037 2758 poenae
3088 2705 3195 2744 non
3236 2688 3425 2748 ferret.
3458 2690 3539 2742 af-

1954 2776 2315 2847 ﬁrmaretque
2340 2818 2354 2839 ,
2388 2778 2655 2848 quidquid
2709 2780 2926 2834 tandem
2954 2781 3201 2835 eveniret
3257 2795 3536 2849 nunquam

1952 2864 2026 2918 ita
2048 2864 2118 2918 de
2150 2866 2270 2934 ipso
2298 2866 2690 2936 cogitaturam,
2730 2875 2790 2920 ut
2821 2869 3030 2937 judicio
3061 2869 3210 2923 illum
3237 2880 3543 2924 arcesseret

1953 2969 2059 3010 non
2117 2972 2177 3011 se
2215 2957 2535 3023 quieturum
2583 2960 2918 3014 domesticus
2968 2961 3379 3029 respondebat,
3437 2958 3540 3014 nisi

1960 3055 2017 3100 et
2063 3045 2119 3099 in
2160 3046 2264 3101 hoc
2297 3047 2405 3101 sibi
2455 3046 2881 3136 aliaequeretur,
2943 3051 3177 3104 aliorum
3225 3065 3393 3106 causa
3427 3066 3523 3103 ma-

1950 3138 2033 3197 gis
2061 3152 2224 3206 quam
2288 3154 2411 3206 sua,
2446 3149 2506 3194 ut
2547 3141 2629 3195 sic
2672 3156 2770 3212 per
2807 3143 2990 3196 omnia
3023 3142 3133 3196 illis
3168 3157 3263 3195 ora
3291 3143 3528 3197 obstrue-

1953 3240 2187 3295 rentur,
2246 3240 2304 3285 et
2358 3247 2424 3286 ne
2479 3232 2609 3286 hinc
2664 3234 2897 3303 maligne
2961 3235 3331 3289 calumniandi
3379 3248 3532 3290 occa-

1951 3318 2162 3373 sionem
2202 3330 2544 3391 _sumerent.
2606 3319 2902 3378 Recusanti
2985 3339 3129 3379 vero
3186 3334 3244 3379 et
3301 3327 3533 3389 invitae,

1949 3409 2098 3480 quod
2170 3425 2229 3465 se
2292 3411 2607 3482 huiusmodi
2684 3413 3088 3482 quaestionibus
3140 3404 3291 3469 non
3369 3431 3535 3484 egere

1950 3502 2186 3567 diceret,
2211 3503 2399 3558 multis
2420 3507 2603 3560 verbis
2625 3516 2686 3560 ut
2714 3521 2829 3560 rem
2852 3508 3215 3562 necessariam
3239 3512 3535 3578 persuasit.

1950 3595 2245 3652 DomeStiei
2298 3597 2469 3667 igitur
2524 3613 2690 3654 causa
2720 3600 2976 3655 assensit.
3001 3600 3276 3666 Quocirca
3309 3610 3366 3654 et
3420 3602 3539 3670 ipse
3574 3662 3579 3665 _

1949 3686 2318 3753 exhilaratus,
2351 3689 2614 3758 omnique
2635 3690 3025 3760 cogitationum
3057 3692 3417 3761 perplexitate
3442 3694 3537 3747 de-

1907 3798 1910 3801 λ
1951 3780 2152 3847 posita,
2178 3795 2239 3834 se
2267 3780 2378 3850 jam
2411 3774 2766 3851 cum'gaudio
2792 3784 2860 3836 ad
2907 3783 3200 3853 imperium
3243 3786 3536 3839 moderan-

1950 3868 2081 3922 dum
2119 3884 2241 3924 esse
2270 3860 2646 3941 regressurum
2695 3873 2856 3940 dixit,
2888 3874 2935 3928 si
2968 3876 3136 3929 etiam
3186 3887 3533 3932 sacramento

1951 3960 2101 4015 dicta
2170 3960 2576 4029 ﬁrmarentur;
2632 3965 2779 4033 quod
2843 3980 2967 4019 mox
3009 3968 3079 4021 ab
3151 3977 3382 4037 utroque
3441 3983 3535 4023 co-

1951 4067 2068 4105 ram
2120 4053 2435 4121 patriarcha
2475 4054 2681 4109 factum
2746 4066 2850 4111 est;
2904 4058 3153 4112 Perfecta
3182 4059 3350 4129 igitur
3384 4062 3535 4130 paci-

1952 4146 2205 4202 lteatione
2262 4147 2583 4216 impcratrix
2620 4148 2769 4203 domi
2807 4152 3030 4206 mansit.
3071 4151 3293 4222 Magnus
3345 4164 3530 4208 autem

1951 4237 2291 4293 domesticus
2322 4241 2490 4294 totius
2521 4240 2739 4310 imperii
2772 4243 3167 4312 gubernatione
3198 4246 3303 4302 sibi
3330 4250 3533 4302 coolir-

1951 4339 2119 4390 mata,
2153 4345 2278 4384 cum
2313 4331 2628 4399 patriarcha
2658 4335 2910 4403 recessit,
2941 4346 2998 4391 et
3025 4338 3170 4405 apud
3199 4346 3373 4394 autem
3416 4356 3535 4395 ma-

1951 4418 2041 4490 gni
2068 4419 2326 4489 martyris
2355 4420 2620 4476 Demetrii
2674 4422 2819 4477 intra
2854 4425 3033 4480 aulam
3058 4427 3219 4498 longo
3250 4444 3376 4484 eum
3409 4446 3533 4485 ser-

265 4516 545 4587 λογισμῶν
581 4514 917 4584 ἀμφιϐολίαν
947 4513 1308 4582 ἀποθέμενος,
1354 4510 1562 4580 χαίρων
1608 4509 1846 4578 ἔφασκεν

1954 4525 2113 4565 mone
2151 4510 2391 4565 detinuit
2421 4551 2436 4575 ,
2470 4529 2664 4585 nempe
2690 4515 2826 4570 hoc:
2862 4518 2974 4588 Ego
3004 4534 3244 4589 quoque,
3276 4537 3385 4576 non
3425 4523 3531 4577 ali-

262 4609 369 4681 ῆδη
396 4605 818 4678 παραλήψεσθαι
855 4605 955 4675 τὴν
984 4605 1189 4675 ἀρχὴν,
1239 4603 1290 4655 εί
1327 4604 1420 4655 καὶ
1448 4600 1517 4654 δι’
1541 4602 1722 4671 ὅρκων
1754 4600 1846 4669 γέ-

260 4717 413 4756 νοιτο
458 4700 624 4752 πιστὰ
663 4700 730 4752 τά
784 4698 1078 4767 εἰρημένα.
1113 4694 1491 4752 ’Καὶ.αύτίκα
1562 4692 1845 4748 ἐτελοῦντο

260 4795 367 4847 καὶ
414 4794 465 4845 oi.
512 4794 665 4864 ὅρκοι
714 4790 847 4860 παρ’
882 4789 1164 4860 ἑκατέρων
1194 4788 1287 4841 ἐπὶ
1333 4785 1429 4841 τοῦ
1473 4786 1840 4856 πατριάρχου.

187 4873 199 4881 ’
275 4884 435 4938 Ἐπεὶ
458 4883 515 4937 δὲ
544 4882 757 4946 οὐδενὸς
791 4882 980 4946 αὐτοῖς
1017 4881 1190 4932 ἐνέδει
1220 4879 1299 4932 ἔτι
1346 4879 1482 4950 πρὸς
1516 4878 1615 4941 τὰς
1658 4878 1844 4931 διαλύ-

259 4956 403 5043 σεις,
456 4975 667 5047 βασιλὶς
722 4974 824 5045 μὲν
875 4974 1014 5027 οἴκοι
1069 4972 1415 5027 ὑπελείπετο.
1468 4971 1526 5024 Ὀ
1560 4973 1732 5041 μέγας
1783 4970 1840 5023 δὲ

257 5070 586 5138 δομέστικος
617 5069 716 5139 ἤδη
770 5070 954 5121 πᾶσαν
1008 5068 1110 5136 τὴν
1166 5066 1340 5137 ἀρχὴν
1391 5065 1627 5135 βεϐαίως
1676 5065 1839 5135 ἔχων,

263 5158 495 5230 ἐξῄεσαν
543 5163 659 5231 ἅμα
700 5160 1058 5232 πατριάρχῃ·
1126 5158 1224 5211 καὶ
1284 5158 1419 5228 πρὸς
1475 5158 1552 5228 τῷ
1597 5158 1710 5226 ναῷ
1744 5158 1837 5210 τοῦ

270 5253 761 5324 μεγαλομάρτυρος
796 5255 1083 5321 γενόμενοι
1118 5252 1461 5321 Δημητρίου,
1513 5251 1571 5314 ὃς
1599 5251 1706 5302 τῶν
1741 5250 1839 5320 βας

265 5343 488 5397 σιλείων
516 5344 837 5415 ᾠκοδόμητο
865 5344 1036 5410 ἐντὸς,
1072 5343 1247 5396 πολλά
1277 5343 1369 5395 καὶ
1398 5341 1536 5412 πρὸς
1564 5343 1839 5412 πατριάρ-

257 5416 370 5506 χήν
407 5437 434 5487 ὁ
474 5435 643 5504 μέγας
675 5436 999 5505 δομέστικος
1043 5433 1339 5505 διειλέχθη.
1372 5435 1517 5503 Ἔφη
1567 5434 1675 5502 γάρ
1697 5450 1710 5464 -
1744 5451 1842 5509 τῖε.

256 5527 489 5581 πεῖσοαι
530 5529 627 5597 μὲν
674 5530 768 5581 καὶ
799 5529 964 5582 αὑτὸν
1012 5527 1322 5595 σαφῶς-ὠς
1373 5528 1519 5589 οἵους
1554 5528 1586 5596 η
1627 5525 1841 5595 βασιλὶς

255 5618 566 5686 ἐφθέγξατο
600 5620 813 5684 λόγους,
854 5620 1097 5674 τοιοῦτον
1137 5621 1257 5672 καὶε
1280 5620 1340 5672 τὸ
1376 5620 1636 5690 φρόνημα
1667 5617 1834 5688 ἔχειν.

253 5710 626 5777 (θορυϐεῖσθαι
661 5711 717 5763 δὲ
748 5708 902 5775 αὖθις
938 5714 998 5763 ού
1039 5712 1255 5780 μικρῶς
1282 5713 1379 5779 τὴν
1412 5711 1700 5761 ἀσθένειαν
1739 5712 1839 5779 τῆς

255 5802 583 5868 γυνςιικείας
636 5802 870 5870 φύσεως,
929 5804 1107 5856 eaeam
1167 5804 1240 5867 ὡς
1299 5801 1704 5872 εὐμετάϐλητος
1750 5802 1837 5853 διὰ

1957 4611 2037 4657 ter
2093 4617 2258 4673 quam
2302 4604 2553 4670 sentiret,
2638 4607 3046 4678 imperatricem
3099 4612 3338 4666 locutam
3385 4628 3529 4680 esse,

1953 4696 2115 4768 plane
2143 4695 2332 4754 credo.
2375 4699 2677 4756 Perturbor
2729 4710 2914 4756 tamen
2980 4719 3088 4758 non
3133 4707 3530 4773 mediocriter,

1952 4793 2096 4861 quod
2120 4798 2328 4846 natura:
2347 4782 2635 4846 muliebris
2656 4793 3109 4857 imbecillitatem,
3127 4813 3291 4867 quam
3316 4800 3530 4854 scilicet

1952 4885 2124 4948 varia,
2157 4896 2214 4939 et
2238 4883 2308 4938 0b
2339 4883 2687 4939 timiditatem
2721 4887 3000 4941 mutabilis
3034 4889 3117 4943 sit'
3135 4906 3446 4960 cognosco:
3475 4905 3528 4946 et

1962 4977 2102 5031 male
2129 4985 2336 5041 metuo,
2378 4993 2444 5030 ne
2469 4994 2570 5047 ego
2598 4979 2819 5048 quidem
2871 4996 3090 5050 semper
3116 4994 3344 5054 propter
3387 4985 3531 5039 bella

1952 5085 2076 5123 cum
2103 5067 2352 5125 finitimis
2383 5069 2643 5123 Barbaris
2670 5072 2866 5125 abesse
2902 5073 3120 5143 longius
3143 5090 3327 5145 cogar,
3371 5093 3530 5148 syco-
3557 5116 3562 5122 υ

1952 5161 2171 5231 phanta:
2234 5170 2417 5215 autem
2468 5163 2615 5215 domi
2664 5164 3002 5230 desidentes,
3051 5167 3346 5236 aliquando
3379 5171 3527 5223 illam

1948 5260 2284 5322 pervertant.
2325 5253 2482 5318 Quod
2527 5263 2584 5307 et
2637 5254 2774 5308 viris
2831 5254 2883 5308 in
2911 5272 3093 5327 pugna
3125 5258 3525 5317 imb.-llissimis

1949 5345 2201 5401 accidere
2225 5346 2495 5409 videmus,
2524 5348 2669 5416 quia
2701 5349 3020 5405 domesucis
3051 5354 3318 5422 probrose
3353 5357 3533 5410 incre-

1948 5438 2068 5506 piti,
2099 5447 2155 5492 et
2178 5438 2734 5495 contumeliosissime
2766 5444 2943 5496 vexati
2979 5460 3043 5498 ac
3068 5446 3202 5499 nihil
3236 5462 3341 5500 non
3363 5464 3531 5518 grave

1946 5532 2215 5599 perpessi.
2254 5542 2408 5585 extra
2448 5533 2697 5601 praelium
2726 5535 2908 5590 verbis
2957 5553 3014 5591 se
3034 5540 3531 5611 jactitantnzagni-

1949 5619 2069 5685 ﬁce,
2097 5630 2151 5674 et
2175 5621 2342 5689 jurati
2380 5624 2674 5689 afﬁrmant,
2717 5626 2785 5682 de
2824 5639 3021 5682 extero
3046 5648 3148 5683 non
3201 5643 3410 5701 tergunt
3436 5637 3534 5690 lto-

1948 5708 2126 5763 sti-bus
2156 5711 2511 5780 praebituros,
2541 5719 2632 5768 sed
2657 5732 2920 5784 generose
2947 5728 3135 5771 contra
3166 5732 3425 5787 [uigilata
3445 5740 3530 5777 os.

1944 5801 2238 5868 Postquam
2274 5812 2457 5859 autem
2491 5820 2589 5862 eos
2636 5808 2964 5864 accedentes
2994 5822 3438 5875 COHSDCXCNLJ,
3474 5826 3531 5868 et
