4060 6408
483 338 605 404 ’ἷῖξθ

1697 336 2023 397 ἸΟᾹΝΝΙΞ
2062 333 2591 402 CANTACUZENT

3643 344 3756 409 ’140

486 453 687 506 tubam
722 449 849 505 belli
880 449 1095 519 signum
1125 448 1491 504 exaudierunt
1516 490 1530 512 ,
1574 448 1627 502 in
1680 449 1799 504 acie
1839 450 2071 518 amplius

2180 451 2406 518 δειλίαν,
2462 453 2558 506 καὶ
2584 452 2883 507 δεδοικέναι
2921 453 2996 524 μὴ
3046 453 3208 518 αὐτὸς
3261 455 3360 524 μὲν
3387 455 3760 525 ἀναγκάζοιτο

492 546 801 598 consistere
827 558 933 597 non
959 550 1188 612 possunt
1214 560 1228 608 ;
1254 541 1347 596 sed
1366 541 1688 612 juramenti,
1718 550 1774 596 et
1800 541 2078 608 iactantiae

494 636 704 705 prioris
726 635 906 697 obliti,
930 637 1126 706 ignave
1152 651 1215 690 ac
1235 635 1471 704 turpiter
1492 633 1729 704 fugiunt.
1751 633 1965 689 Scitum
1995 646 2079 689 est

494 727 661 782 etiam
687 728 834 796 quod
881 729 1024 797 apud
1053 729 1248 783 Persas
1295 727 1427 781 ferri
1472 727 1828 797 proverbium
1862 727 2028 781 audio
2061 746 2073 781 :

497 819 719 875 Femina
754 830 952 872 terram
980 820 1160 872 adhuc
1186 818 1378 888 tangit,
1412 819 1664 887 quamvis
1682 818 1871 888 capite
1905 820 2078 874 nubes

475 911 734 980 ,tetigcrit
759 911 915 979 (97‘).
940 910 1105 981 369
1135 909 1254 976 Quo
1284 910 1610 981 significant,
1644 911 1982 981 opinor,ctsi
2008 912 2074 966 ad

495 1018 768 1057 summum
792 1002 1119 1071 prudentiw,
1140 1002 1624 1071 magnanimitatis,
1658 1010 1716 1056 et
1739 1002 2078 1057 fortitudinis

496 1097 707 1146 venerit
740 1093 956 1156 mulier,
993 1093 1356 1148 nihilominus
1382 1137 1397 1160 ,
1436 1103 1497 1147 ut
1547 1103 1731 1160 antea,
1763 1110 1886 1149 esse
1947 1110 2073 1148 mu-

493 1183 722 1249 lierem;
776 1184 879 1237 hoc
924 1193 1009 1238 cst
1032 1184 1396 1250 naturalibus,
1437 1194 1495 1240 et
1525 1186 1896 1241 muliebribus
1942 1188 2075 1242 alle-

484 1277 773 1330 ctiouibus
805 1277 1103 1331 subditam.
1137 1276 1268 1343 Quae
1295 1279 1476 1331 omnia
1514 1294 1599 1332 me
1627 1281 2073 1333 reminiscentem

495 1369 822 1433 sollicitant,
857 1380 911 1423 et
962 1372 1204 1423 animum
1248 1380 1399 1425 metu
1432 1371 1682 1439 implent,
1724 1388 1813 1436 ne,
1844 1372 1890 1426 si
1917 1373 2075 1441 quid,

496 1472 557 1513 ut
581 1460 825 1524 feminze,
869 1461 1209 1531 imperatrici
1272 1463 1560 1527 acciderit,
1592 1478 1696 1517 non
1735 1480 1837 1533 ego
1873 1465 2075 1526 solum,

495 1555 590 1609 sed
609 1562 666 1607 et
690 1554 917 1609 Romani
940 1568 1131 1608 omnes
1152 1554 1342 1610 multis
1367 1554 1595 1610 involuti
1622 1554 1796 1619 malis,
1817 1556 2079 1609 cxtromis

497 1643 756 1711 periculis
788 1643 1311 1697 circumveniantur.
1335 1641 1519 1707 Quare
1568 1644 1805 1711 primum
1851 1643 2074 1712 quidem

486 1734 641 1788 .ultro
673 1733 1041 1803 prazstitorum
1076 1732 1174 1787 tibi
1203 1749 1234 1788 a
1268 1749 1354 1787 me
1384 1733 1782 1788 beneficiorum
1815 1742 1865 1787 te
1889 1734 2077 1788 admo-

2180 547 2416 599 πάντοτε
2451 551 2695 619 μακραῖς
2722 550 3055 617 ἀποδημίαις
3088 546 3322 617 χρῆσθαι
3355 547 3442 601 διὰ
3466 549 3587 612 τοὺς
3616 552 3759 619 πρὸς

2177 637 2302 700 τοὺς
2344 641 2660 708 περιοίκους
2698 641 3009 712 βαρϐάρους
3058 640 3352 708 πολέμους.
3386 640 3436 692 οῖ
3482 644 3761 711 συκοφάν⁵

2176 744 2269 780 ται
2317 729 2373 782 δὲ
2411 731 2820 800 οἰκουροῦντες,
2856 730 3090 783 πείσωσι
3131 747 3262 783 ποτε
3297 729 3468 801 αὐτὴν
3518 730 3758 800 μεταδα-

2176 820 2311 885 λεῖν,
2359 823 2388 875 ὃ
2446 824 2538 876 καὶ
2595 825 2824 891 ἀνδράσι
2859 824 3162 893 συμϐαῖνον
3217 823 3435 893 δρῶμεν
3476 824 3590 886 τοῖς
3624 824 3763 895 περὶ

2183 918 2365 984 μάχας
2396 916 2483 969 διὰ
2513 915 2720 970 δειλίαν
2750 916 3182 984 ἀτολμωτάτοις.
3223 915 3454 969 Ἐκεῖνοι
3506 916 3619 987 γὰρ
3652 916 3763 971 ὑπὸ

2179 1010 2289 1063 τῶν
2323 1011 2544 1063 οἰκείων
2572 995 2966 1078 ὀνειδιζόμενοι
3003 1011 3094 1063 καὶ
3126 1008 3637 1080 περιυϐριζόμενοι,
3666 1009 3761 1063 καὶ

2177 1104 2356 1156 ὁτιοῦν
2382 1103 2754 1171 ὑπομένοντες
2780 1103 2974 1163 actm;
3006 1104 3188 1172 μάχης
3227 1102 3326 1173 μὲν
3353 1103 3414 1154 οὐ
3448 1102 3755 1171 παρούσης,

2177 1197 2533 1263 ’κομπάζουσι
2600 1196 2774 1250 πολλὰ
2834 1199 2929 1249 καὶ
2983 1197 3362 1266 ἰσχυρίζονται
3410 1195 3506 1248 καὶ
3559 1196 3761 1267 ὅρκους

2180 1291 2592 1359 προστιθέντες,
2625 1291 2819 1360 μηκέτ’
2861 1288 3018 1353 αὖθις
3063 1291 3177 1352 τοῖς
3223 1289 3504 1358 πολεμίοις
3534 1287 3596 1340 τδ
3623 1285 3759 1356 πρό-

2183 1401 2367 1437 σωπον
2419 1384 2826 1453 ἀποστρέψειν.
2878 1383 3144 1451 ἀνδρείως
3196 1383 3399 1435 αὐτίκα
3460 1382 3758 1452 στήσεσθαι

2181 1476 2319 1545 πρὸς
2377 1476 2599 1539 αὐτούς.
2645 1476 2898 1529 Ἐπειδὲν
2950 1476 3007 1529 δὲ
3067 1475 3266 1531 aia-ceti:
3305 1492 3363 1527 τε
3410 1473 3563 1527 ἴδωσι
3618 1490 3756 1543 προ-

2182 1571 2418 1631 σιόντας,
2448 1570 2543 1621 καὶ
2574 1568 2673 1636 τῆς
2705 1570 3011 1635 σάλπιγγος
3051 1568 3330 1619 ἀκούσωσι
3380 1565 3757 1635 σημαινούσης

2182 1661 2526 1729 συμπλοκὴν,
2560 1663 2745 1714 οὐκέτι
2781 1661 2963 1730 μένειν
2996 1659 3106 1712 οὐδ’
3142 1661 3235 1711 ἐπὶ
3265 1660 3364 1728 τῆς
3392 1656 3755 1725 παρατάξεως

2180 1748 2361 1806 οἷοίτέ
2386 1755 2545 1818 εἰσιν,
2574 1754 2711 1807 ἀλλὰ
2746 1754 3045 1822 φεύγουσιν
3092 1750 3332 1822 αἰσχρῶς
3362 1749 3459 1802 καὶ
3487 1748 3749 1815 ἀγεννῶς,

498 1839 645 1890 neo;
681 1839 783 1878 nec
814 1833 864 1877 te
897 1825 1127 1879 oblitum
1154 1834 1315 1895 puto,
1340 1825 1803 1897 quemadmodum
1859 1825 1925 1878 ad
1976 1824 2071 1877 hoc

2183 1845 2343 1912 ὀλίγα
2369 1845 2751 1915 φροντίζοντες
2786 1847 2895 1897 τῶν
2933 1847 3113 1914 ὅρκων
3152 1843 3387 1897 καὶτῶν
3422 1840 3759 1909 κομπασμά-

484 1916 683 1985 gloriae
710 1925 766 1970 et
792 1916 1018 1970 honoris
1048 1916 1323 1986 fastigium
1357 1926 1582 1986 prepter
1619 1918 1915 1972 amicitiam
1971 1933 2076 1971 no-

426 2032 431 2037 ε
496 2019 690 2070 stram,
722 2007 1080 2077 studiumque
1108 2009 1451 2077 perveneris.
1482 2008 1599 2063 Non
1632 2010 1779 2063 enim
1811 2009 1988 2064 solum
2026 2019 2079 2063 te

496 2099 669 2153 intimi
688 2098 912 2152 ordinis
936 2098 1217 2153 hominem
1247 2099 1599 2169 imperatoris
1624 2100 1951 2154 clericorum
1967 2100 2080 2155 col-

484 2190 639 2260 legio
669 2189 852 2259 allegi,
880 2199 937 2244 et
962 2204 1101 2243 cura
1133 2190 1305 2244 multa
1334 2205 1443 2245 non
1477 2200 1688 2245 tantum
1718 2190 1866 2259 domi
1920 2205 2077 2256 meae,

494 2285 589 2337 sed
626 2284 740 2353 jam
780 2298 812 2336 e
850 2281 1170 2337 domesticis
1212 2282 1563 2351 imperatoris
1597 2298 1764 2337 unum
1818 2283 2080 2352 dignatus

493 2365 641 2438 sum,
681 2389 995 2443 quanquam
1027 2374 1092 2427 .id
1132 2375 1434 2429 necessitas
1464 2374 1613 2427 nulla
1656 2380 1919 2444 exigeret,
1982 2378 2077 2431 sed

488 2470 792 2538 etprimus
829 2467 905 2520 tui
931 2466 1265 2522 mentionem
1292 2466 1419 2530 feci,
1453 2476 1509 2521 et
1537 2477 1732 2522 auctor
1758 2469 2077 2537 imperatori

484 2561 596 2623 fui,
616 2570 675 2613 ut
702 2571 753 2613 te
779 2562 832 2612 in
859 2561 1120 2612 thronum
1145 2560 1574 2629 patriarchicum
1600 2562 1893 2615 extolleret
1930 2562 2076 2627 Quin

494 2655 660 2706 etiam
703 2667 828 2705 cum
883 2651 952 2705 ab
992 2650 1266 2719 episcopis
1318 2652 1667 2705 concorditer
1720 2653 2075 2721 repellerere,

499 2744 922 2813 diligentissime
940 2742 1245 2808 elaboravi,
1274 2751 1333 2796 ut
1358 2742 1454 2795 tibi
1486 2735 1808 2811 praeclaram
1839 2745 1980 2799 hanc
2019 2757 2076 2802 et

494 2851 596 2905 pro
624 2852 729 2903 qua
755 2835 881 2903 jure
900 2844 1161 2895 certetur,
1191 2834 1509 2889 cathedram
1543 2834 1761 2889 darent.
1792 2836 2075 2893 Postremo

484 2943 620 2982 cum
645 2928 699 2981 in
723 2931 842 2997 e}us
868 2926 1184 2981 amittendae
1218 2926 1526 2995 periculum
1558 2927 1898 2995 devenisses,
1924 2931 2077 2985 solus

482 3034 595 3088 ego
630 3018 1010 3074 difficultatem
1052 3032 1272 3071 onmem
1313 3018 1533 3072 sustuli.
1568 3019 1696 3073 Haec
1743 3019 1797 3072 in
1831 3036 2074 3090 praesens

490 3111 805 3180 percensui,
866 3127 975 3166 non
1031 3110 1181 3179 quod
1224 3110 1492 3165 beneficia
1536 3112 1869 3181 exprobrare
1911 3114 2072 3169 velim

2181 1954 2289 1990 των
2318 1936 2428 1996 τῶν
2459 1938 2767 2007 προτέρων.
2809 1938 3023 1990 ’Δκούω
3059 1938 3117 1990 δὲ
3147 1937 3242 1989 καὶ
3275 1936 3580 2005 παροιμίας
3610 1936 3758 2003 Περ-

2184 2027 2341 2097 σικῆς
2367 2027 2549 2098 ὀρθῶς
2580 2028 2718 2094 άγαν
2745 2028 2840 2080 καὶ
2868 2028 3110 2091 συνετῶς
3147 2027 3278 2098 περὶ
3307 2027 3404 2096 τῆς
3441 2024 3764 2094 γυναικείας

2182 2123 2482 2192 εἰρημένης
2529 2121 2747 2188 φύσεως
2773 2138 2787 2151 ·
2818 2120 3042 2188 λέγουσι
3079 2121 3188 2190 γὰρ
3219 2122 3294 2182 ὡς
3326 2120 3429 2173 κᾶν
3475 2120 3643 2189 μέχρι
3670 2136 3764 2171 νε-

2184 2215 2367 2280 φελῶν
2431 2215 2702 2284 ἀφίκηται
2751 2216 2786 2283 ἠ
2835 2215 3050 2283 κεφαλὴ
3109 2220 3209 2286 τῆς
3258 2215 3544 2282 γυναικὸς,
3604 2212 3764 2265 οὐδὲν

2179 2307 2402 2358 ἔλαττον
2433 2305 2467 2377 ἢ
2509 2306 2779 2375 πρότερον
2810 2308 3122 2371 ἐφάπτεται
3154 2307 3251 2375 τῆς
3299 2307 3426 2375 γῆςη
3455 2307 3765 2376 Σημαίνον-

2180 2416 2297 2465 τες,
2323 2396 2500 2468 οἶμαι,
2525 2399 2610 2451 διὰ
2628 2397 2723 2451 τοῦ
2750 2399 2932 2466 λόγου,
2956 2400 3030 2463 ὡς
3055 2400 3159 2453 κᾶν
3192 2402 3271 2460 είς
3302 2398 3472 2469 ἄκρον
3502 2401 3595 2453 καὶ
3628 2416 3766 2469 φρο-

2180 2492 2391 2560 νήσεως
2432 2491 2701 2562 ἀφίκηται
2757 2490 2856 2544 καὶ
2898 2492 3308 2562 μεγαλοψυχίας
3359 2491 3457 2545 καὶ
3511 2491 3759 2561 ἀνδρίας,

2179 2582 2332 2635 οὐδὲν
2354 2576 2518 2653 ἦττον
2547 2581 2579 2652 ῆ
2613 2583 2882 2652 πρότερόν
2945 2585 3060 2636 ἔστι
3099 2584 3239 2654 γυνὴ
3269 2587 3384 2646 τοῖς
3414 2587 3662 2652 φυσικοῖς
3692 2585 3764 2654 δὴ

2181 2673 2516 2739 γυναικείοις
2546 2674 2779 2727 πάθεσιν
2807 2674 3124 2744 ὲνεχομένη,
3158 2673 3192 2727 ἃ
3211 2674 3275 2744 δὴ
3305 2676 3484 2728 πάντα
3522 2693 3588 2745 με
3620 2677 3762 2730 ἀπο-

2180 2766 2359 2818 κναίει
2398 2753 2775 2836 μεμνημένον,
2830 2770 2922 2821 καὶ
2967 2766 3137 2820 πολὺν
3175 2769 3394 2835 ὲμποιεῖ
3422 2766 3651 2837 θόρυϐεν
3693 2772 3756 2839 τῇ

2178 2856 2347 2926 ψυχῇ,
2380 2856 2455 2926 μὴ
2484 2858 2582 2925 τῆς
2602 2858 2879 2928 βασιλίδος
2912 2859 3223 2925 γυναικεῖόν
3253 2877 3303 2911 τι
3334 2859 3633 2928 παθούσης,
3656 2861 3758 2913 οὐκ

2180 2949 2342 3011 αὐτὸς
2379 2950 2561 3019 μόνον,
2609 2950 2747 3003 ἀλλὰ
2800 2953 2897 3005 καὶ
2935 2952 3201 3021 Ῥωμαῖοι
3250 2954 3474 3017 πάντες,
3540 2954 3756 3015 πολλοτς

2182 3042 2519 3111 ὀμιλήσομεν
2575 3047 2792 3108 κακοῖς,
2845 3044 3083 3107 καὶτοῖς
3123 3046 3377 3116 ἐσχάτοις
3426 3050 3758 3116 περιπεσούο

2099 3166 2144 3210 ἲ,
2185 3133 2324 3203 μεθα
2359 3134 2646 3197 κινδύνοις.
2674 3131 2748 3190 Ob
2778 3136 2840 3206 δὴ
2874 3136 3062 3200 ἕνεκα,
3096 3140 3291 3206 πρῶτα
3327 3140 3427 3209 μὲν
3452 3140 3561 3191 τῶν
3583 3140 3757 3210 ὑπηρ-

493 3205 627 3271 (non
662 3204 809 3257 enim
851 3204 1024 3267 soleo,
1080 3218 1149 3256 ne
1194 3202 1240 3256 si
1286 3203 1453 3273 longe
1484 3204 1651 3273 plura
1698 3205 1917 3274 quidem
1949 3247 1965 3270 ,
2019 3216 2071 3260 et

2183 3189 2403 3293 γμένων
2436 3226 2564 3296 παρ’
2606 3189 2748 3296 εμοῦ
2785 3189 2870 3280 σοι
2913 3189 3755 3300 ἀγαθῶν.

492 3295 698 3363 majora
732 3305 965 3364 essent),
1004 3293 1100 3348 sed
1124 3300 1185 3346 ut
1217 3294 1602 3359 ostenderem,
1628 3310 1847 3364 aequum
1873 3298 2070 3361 videri,

492 3393 556 3439 ut
586 3402 614 3438 a
643 3400 753 3454 quo
785 3385 940 3454 plura
969 3386 1081 3453 jam
1120 3385 1332 3454 pridem
1364 3386 1652 3453 amicitiai,
1694 3397 1750 3441 et
1772 3389 2077 3458 singularis

491 3477 779 3546 cujusdam
808 3478 1016 3530 amoris
1048 3487 1372 3547 argumenta
1390 3477 1582 3540 habes,
1619 3479 1786 3549 idque
1807 3474 2070 3550 gratuito,

491 3567 541 3619 ei
573 3580 718 3619 nunc
751 3565 843 3620 tali
881 3577 1127 3636 tempore
1153 3584 1452 3624 memorem
1491 3579 1543 3623 te
1569 3609 1583 3634 ,
1607 3580 1664 3624 et
1695 3571 1873 3640 reipsa
1903 3576 2070 3627 meri-

492 3656 563 3709 tis
600 3658 1024 3724 compensandis
1061 3668 1276 3727 gratum
1322 3660 1608 3715 exhibeas.
1635 3662 1812 3728 Adde,
1839 3678 1963 3718 cum
1995 3668 2073 3721 sis

491 3748 648 3802 Pater
670 3749 976 3817 Spiritualis
998 3751 1267 3819 omnium,
1291 3764 1549 3822 quantam
1570 3756 1869 3826 unicuique
1883 3758 2073 3812 ovium

488 3850 727 3905 tuarum,
756 3849 968 3896 tantam
995 3850 1055 3896 et
1084 3843 1245 3907 mibi,
1283 3845 1392 3899 imo
1417 3861 1547 3900 vero
1588 3849 1763 3902 multo
1799 3850 2069 3921 majorem

486 3947 651 4002 quam
686 3933 858 3988 ferme
881 3936 1141 3992 omnibus
1192 3937 1627 3996 sollicitudinem
1676 3942 1883 4000 debes:
1920 3944 2069 4014 quod

488 4039 682 4080 omnes
709 4027 1126 4082 commodorum
1180 4045 1469 4098 meorum,
1522 4033 2070 4091 ineo‘mmodorumve

486 4118 784 4187 participes
813 4121 985 4174 futuri
1018 4130 1168 4177 sunt.
1195 4122 1352 4190 Quod
1383 4136 1568 4181 autem
1597 4136 1648 4181 te
1675 4143 1797 4195 oro,
1828 4129 1933 4183 hoc
1960 4139 2069 4197 est,

483 4222 547 4266 ut
575 4212 743 4266 simul
772 4227 836 4268 ac
864 4213 1111 4269 debuero
1138 4214 1276 4272 foris
1303 4218 1509 4272 bellum
1540 4235 1737 4289 gerere
1764 4228 1890 4291 (nec
1908 4224 2066 4277 enim

481 4303 567 4357 sel
597 4303 733 4357 mihi
764 4304 1154 4372 honorificum,
1200 4307 1288 4362 vel
1323 4309 1481 4364 vobis
1514 4310 1646 4365 utile
1673 4350 1688 4374 ,
1727 4313 1820 4366 hic
1870 4312 2069 4368 seden-

484 4405 594 4450 tem
627 4397 698 4451 ab
751 4397 1010 4454 hostibus
1042 4412 1212 4469 agros
1267 4411 1487 4458 nostros
1537 4407 1766 4468 vastari,
1812 4406 2069 4462 civitates

476 4488 750 4555 obsideri,
776 4492 972 4547 obvios
1005 4492 1060 4546 in
1090 4496 1414 4551 servitutem
1454 4498 1652 4552 abduci
1697 4501 2060 4569 permittere),

480 4580 624 4634 nihil
665 4582 770 4636 loci
796 4582 865 4637 de
924 4586 1314 4655 syeophantis,
1354 4590 1678 4645 hominibus
1723 4593 1976 4661 perditis,
2006 4604 2063 4648 et

480 4672 800 4740 reipublicae
834 4674 1092 4741 inimicis,
1127 4679 1222 4746 qui
1281 4680 1370 4735 hic
1409 4697 1534 4737 cum
1584 4685 1829 4752 Augusta
1878 4700 2065 4739 versa-

481 4761 634 4816 beris
688 4779 948 4833 semper:
1001 4775 1061 4821 ut
1112 4782 1306 4824 contra
1363 4789 1448 4827 me
1479 4774 1785 4831 calumnias
1833 4778 2066 4832 commi-

483 4853 662 4918 nisci,
715 4865 772 4909 ct
826 4857 973 4911 illam
1032 4860 1099 4913 ad
1156 4862 1559 4918 obtrectatores
1619 4878 1680 4918 ut
1739 4867 1880 4924 bene
1935 4884 2064 4924 con-

396 4942 403 4945 “
482 4945 732 5001 sulentes
764 4948 1070 5005 audiendos
1099 4993 1114 5015 ,
1179 4967 1243 5005 ac
1280 4969 1367 5007 uie
1411 4970 1509 5022 pro
1564 4956 1722 5011 hoste
1749 4996 1766 5021 ,
1806 4970 1863 5014 et
1926 4961 2064 5016 insi—

479 5035 694 5093 diatore
725 5056 826 5096 suo
849 5052 1077 5118 propter
1111 5043 1405 5114 imperium
1439 5047 1750 5104 habendum
1801 5051 2065 5110 inducere

481 5131 683 5198 possis,
717 5132 812 5187 sed
843 5137 948 5204 .jus
997 5135 1163 5205 370
1215 5153 1398 5192 meum
1436 5147 1663 5207 tueare;
1696 5143 1914 5200 illorum
1948 5163 2065 5202 tua-

475 5222 675 5278 chinas
703 5223 975 5296 dissipes;
1002 5229 1384 5294 calliditatem,
1412 5246 1476 5286 ac
1505 5232 1662 5289 dolos
1695 5235 1976 5307 infirmes;
2010 5247 2066 5295 et

480 5314 588 5372 hoc
615 5316 795 5372 solum
823 5318 1005 5374 eidem
1030 5321 1384 5390 persuadeas,
1408 5340 1478 5380 ne
1510 5326 1795 5385 absentem
1819 5333 2062 5401 damnet,

2180 3317 2340 3370 αὑτὸν
2394 3318 3017 3389 ἴσωςὲπιλελησμένον,
3050 3323 3126 3385 ὡς
3175 3323 3255 3384 είς
3302 3323 3464 3376 τοῦτο
3516 3324 3757 3391 εὐδοξίας

2180 3410 2277 3461 καλ⁸
2305 3410 2473 3480 τιμῆς
2500 3410 2657 3480 παρὰ
2691 3411 2790 3483 τὴν
2822 3413 3103 3484 ἡμετέραν
3133 3416 3292 3485 ἥκεις
3327 3418 3422 3468 καὶ
3451 3417 3632 3483 φιλίαν
3662 3418 3757 3469 καὶ

2181 3500 2440 3567 σπουδὴν,
2465 3501 2525 3553 οὐ
2571 3503 2733 3571 μόνον
2768 3505 2824 3570 ἐξ
2855 3505 3121 3574 ἁφανείας
3150 3503 3354 3577 πολλῆς
3380 3506 3459 3577 τῷ
3491 3508 3756 3579 βασιλικῷ

2177 3593 2367 3662 κλήρῳ
2418 3595 2842 3662 καταλέξαντος,
2900 3601 2993 3652 καί⁸
3055 3601 3259 3670 πολλῆς
3323 3603 3587 3672 προνοίας
3653 3605 3753 3658 οὐκ

2176 3682 2390 3735 οἴκοθεν
2428 3686 2609 3754 μόνον,
2644 3687 2783 3741 ἀλλὰ
2816 3690 2910 3743 καὶ
2956 3691 3021 3744 ἐκ
3051 3692 3163 3756 τῶν
3196 3693 3493 3763 βασιλικῶν
3520 3696 3753 3765 ἠξιωκὸ-

2174 3790 2289 3836 τος,
2337 3776 2432 3827 καὶ
2478 3776 2673 3847 καιρεῦ
2708 3778 3025 3845 καλοῦντος,
3066 3783 3202 3853 ἐμοῦ
3238 3801 3296 3837 τε
3347 3784 3567 3856 πρώτου
3615 3803 3755 3857 μνη-

2177 3864 2423 3930 σθέντος,
2458 3868 2552 3921 καὶ
2587 3869 2815 3938 βασιλέα
2851 3872 3145 3938 πείσαντος
3182 3876 3276 3928 ἐπὶ
3307 3876 3398 3929 τὸν
3429 3895 3756 3948 πατριάρχι-

2176 3960 2270 4011 xiv
2302 3960 2527 4026 ἀνάγειν
2562 3962 2777 4033 θρόνον,
2806 3964 2945 4018 ἀλλὰ
2982 3969 3079 4018 καὶ
3116 3968 3229 4019 τῶν
3255 3971 3562 4041 ἀρχιερέων
3596 3974 3750 4043 κοινῇ

2173 4052 2372 4124 γνώμῃ
2420 4054 2640 4108 πάντων
2672 4058 3111 4128 άποσειομένων,
3172 4063 3348 4134 πολλῇ
3403 4068 3753 4136 χρησαμένου

2173 4142 2309 4212 πρὸς
2336 4145 2534 4208 αὐτοὺς
2567 4149 2660 4199 καὶ
2695 4148 2977 4219 προθυμία
3013 4152 3109 4209 καὶ
3150 4154 3355 4224 σπουδῇ
3388 4154 3534 4209 ὥστε
3570 4161 3754 4211 πεῖσαι

2172 4235 2480 4305 ἐγχειρίσαι
2531 4237 2632 4308 τὴν
2670 4240 2949 4309 περιφανῆ
2983 4242 3198 4314 ταύτην
3234 4247 3328 4298 καὶ
3373 4249 3751 4320 περιμάχητον

2171 4329 2463 4398 καθέδραν,
2495 4332 2590 4383 καὶ
2628 4331 2697 4384 τά
2725 4332 3017 4387 τελευταῖα
3041 4334 3106 4406 δὴ
3142 4334 3312 4389 ταῦτα
3346 4342 3752 4404 κινδυνεύοντος

2172 4425 2303 4490 περὶ
2328 4423 2500 4489 αὐτὴν
2522 4424 2621 4478 καὶ
2654 4424 2943 4495 μέλλοντος
2966 4428 3393 4500 ἀποστερεῖσθαι
3423 4434 3588 4503 μόνου
3616 4435 3752 4509 πρὸς

2170 4509 2500 4580 ἀπαλλαγὴν
2549 4513 2950 4582 ἐξαρκέσαντος
2979 4516 3087 4569 τῶν
3118 4518 3425 4590 δυσχερῶν.
3470 4520 3659 4578 Ταῦἐα
3688 4525 3751 4578 δὲ

2167 4602 2384 4672 διῆλθον
2416 4602 2536 4670 νῦν,
2570 4606 2671 4658 οὐκ
2696 4605 2979 4688 ὀνειδίζειν
3034 4614 3422 4682 προῃρημένος
3451 4616 3550 4679 τὰς
3593 4617 3749 4688 εὐερ-

2167 4696 2382 4762 γεσίας.
2431 4696 2508 4748 Οὐ
2552 4696 2662 4767 γάρ
2694 4696 2886 4767 ἔμοιγε
2943 4680 3112 4769 Ιφίλον
3153 4680 3215 4757 τὸ
3247 4680 3516 4771 τοιοῦτον,
3547 4707 3658 4763 οὐδ’

2168 4787 2612 4853 πολλαπλασίους
2670 4786 2814 4860 ἦσαν
2865 4796 2959 4847 καὶ
3003 4795 3225 4865 μείζους
3249 4814 3264 4829 ο
3302 4799 3417 4853 ἀλλ’
3453 4801 3521 4853 ἵν’
3548 4803 3744 4856 ἐπιδείο

2170 4878 2348 4948 ξαιμι,
2378 4880 2458 4944 ὡς
2515 4882 2727 4937 ἄνωθεν
2761 4884 2956 4952 φιλίως
3006 4889 3147 4959 πρός
3204 4907 3265 4944 σε
3297 4891 3618 4961 διατεθέντι,
3654 4897 3747 4949 καὶ

2170 4972 2374 5035 πολλάς
2409 4978 2821 5046 παρεσχημένῳ
2862 4980 3172 5046 ἀποδείξεις
3214 4983 3314 5054 τῆς
3339 4992 3476 5058 πρὸς
3506 4989 3566 5040 σὲ
3595 5006 3750 5059 στορ-

2169 5063 2294 5131 γῆς,
2346 5065 2564 5119 δίκαιον
2599 5068 2691 5121 καί
2726 5086 2787 5122 σε
2817 5072 2928 5127 τῶν
2956 5077 3305 5144 πραγμάτων
3347 5080 3747 5150 παρασχόντων

2167 5155 2283 5222 νῦν,
2318 5157 2641 5230 εὐγνώμονα
2691 5164 2932 5234 φανῆναι
2967 5167 3046 5237 τῷ
3094 5171 3297 5239 προῖκα
3334 5173 3605 5243 πρότερον
3646 5172 3747 5242 ὀφ-

2171 5243 2320 5299 θέντι
2349 5249 2513 5316 φίλῳ,
2548 5253 2644 5304 καὶ
2673 5255 2912 5321 ἀμοιϐάς
2941 5256 3099 5322 ἀξίας
3130 5260 3427 5314 ἀποδοῦναι
3466 5264 3576 5316 τῶν
3615 5281 3748 5334 προ·

2167 5339 2344 5410 τέρων
2373 5342 2732 5414 εὐεργεσιῶν.
2780 5349 2856 5401 Ού
2896 5350 3060 5419 μόνον
3094 5351 3304 5406 τούτων
3336 5354 3500 5410 ἕνεκα
3542 5357 3744 5423 αὐτῶν,

1753 5445 1970 5508 Jacobi
2000 5449 2264 5512 Pontani
2299 5462 2484 5517 noue.

734 5552 1391 5645 llaecipardemia‘f‘ersica.
1402 5563 1481 5644 de
1500 5569 1758 5638 naturali,
1784 5579 1840 5626 et
1864 5587 2061 5645 agnata

483 5624 1226 5713 levitate-et"inconnstantia
1284 5634 1572 5713 mulierum
1623 5624 1845 5710 propter
1867 5624 2059 5713 ᾐδυᾶιῆ

411 5695 420 5705 ’
479 5695 1244 5785 ξιιιῂῐλίιᾲιῖαιὲμίψξιῨίῖάοηιηηῐὶ
1297 5703 1405 5785 sit,
1441 5695 1811 5785 quamt'um'vis
1862 5695 2055 5785 magn;

478 5780 589 5833 pra:
621 5779 679 5818 se
719 5764 1020 5825 ferentibus
1049 5785 1114 5826 ac
1142 5764 1614 5850 promittentibus,
1647 5764 1837 5838 notatu
1863 5764 2054 5858 digna:

2181 5586 2238 5658 et
2268 5580 2322 5633 in
2350 5582 2700 5663 sermonibus
2731 5586 2928 5663 merito
2973 5594 3284 5663 usurpanda
3326 5605 3438 5652 est.
3476 5597 3577 5663 Qui
3613 5600 3746 5655 ada‘

2169 5654 2275 5739 giaA
2297 5654 2732 5739 postErt'tstnutn
2769 5658 2839 5739 ab
2869 5660 2968 5739 illo
2996 5654 3362 5739 praetermissa
3389 5654 3744 5739 colﬁgerunti

2167 5729 2223 5774 et
2252 5724 2432 5779 adhuc
2459 5724 2738 5794 colligunt,
2773 5727 2876 5784 hoc
2900 5724 3062 5787 etiam
3093 5736 3208 5791 suis
3238 5737 3440 5794 addere
3466 5724 3745 5810 poterunt-
