4060 6410
428 344 540 406 ἨΒ

1620 344 1947 405 ΤΟΛΝΝΙΞ
1989 342 2519 405 CANTACUZENI

3595 336 3701 404 ’244

427 463 661 526 accitos,
711 460 843 529 quid
894 460 1151 516 venirent
1180 460 1564 529 interrogavit.
1598 458 1702 525 Qui
1730 459 2014 529 juramen-

2124 456 2479 527 πρεσϐευτὰς
2532 453 2614 515 είς
2672 462 2741 504 τα
2806 449 3058 521 βασίλεια
3107 451 3388 516 ἐλθόντας,
3442 452 3574 520 περὶ
3625 448 3704 506 ὧν

425 562 568 612 tum.
596 553 742 620 quod
785 553 1086 621 imperator
1135 552 1450 609 Alexandro
1481 551 1632 621 pacis
1661 566 1793 621 ergo
1844 550 2013 605 dede-

418 654 532 703 Tot.
574 645 901 703 exhibentes
935 686 948 706 .
985 655 1172 713 petere
1205 645 1401 709 aiunt,
1434 655 1527 697 aut
1566 643 1879 699 Sismanum
1911 641 2012 697 sibi
2053 648 2061 657 '

428 738 576 806 regis
606 737 689 791 sui
726 737 938 791 hostem
974 736 1115 791 tradi
1151 753 1165 790 :
1198 746 1294 790 aut
1336 736 1736 806 juramentum,
1785 743 1844 789 ut
1880 750 2015 804 pace

422 829 534 896 jam
575 826 729 880 irrita
789 825 982 895 recipi.
1037 825 1227 893 Neque
1278 823 1426 878 enim
1482 824 1596 877 fore
1653 823 1886 892 justum,
1918 832 2016 876 aut.

430 917 734 981 tolerabile,
769 918 917 985 ipsos
950 917 1172 985 quidem
1201 926 1408 980 certos,
1439 924 1496 969 et
1525 922 1847 969 constantes
1873 912 2014 966 auii—

427 1025 522 1062 eos
550 1024 612 1062 ac
639 1008 820 1062 socios
849 1008 1222 1061 ltornauorum
1251 1021 1375 1061 esse
1405 1025 1419 1060 :
1456 1005 1579 1059 illos
1606 1014 1789 1058 autem
1820 1018 2015 1057 eorum

429 1101 617 1152 hostes
667 1098 1074 1152 infensissimos
1123 1097 1490 1167 recipiendo,
1549 1096 1730 1151 fmdus
1783 1096 2013 1149 violare.

434 1190 565 1243 llic
597 1191 782 1259 legati,
819 1191 960 1243 fastu
1003 1198 1059 1243 et
1115 1189 1426 1260 arrogantia
1473 1187 1662 1255 tleni;
1698 1185 1836 1240 nihil
1885 1201 2016 1239 con-

427 1283 762 1336 tradicturos
791 1282 1085 1341 Romanos.
1118 1282 1213 1335 sed
1238 1281 1515 1349 extemplo
1539 1278 2015 1334 Sismauum'belli

429 1382 575 1426 metu
609 1373 928 1427 reddituros
978 1372 1212 1442 opinati.
1252 1370 1577 1440 lmperatrix
1624 1386 1879 1440 maguum
1920 1370 2018 1424 do-

431 1465 720 1519 mesticum
750 1479 876 1518 cum
912 1465 980 1518 iis
1008 1480 1193 1533 agere,
1234 1474 1291 1518 et
1336 1464 1402 1518 ad
1436 1464 1761 1532 petitionem
1790 1450 2018 1532 respon-

428 1557 559 1610 dere
582 1557 770 1626 jussit.
803 1556 911 1621 Qui
941 1556 1182 1625 primum
1213 1554 1350 1608 vitio
1375 1555 1547 1620 dedit,
1581 1555 1725 1624 quod
1756 1571 1867 1609 non
1890 1556 2015 1627 jure

428 1648 737 1703 venissent.
766 1646 885 1700 Non
918 1646 1066 1700 enim
1129 1646 1440 1726 oportebat,
1471 1646 1675 1715 inquit,
1707 1661 1891 1714 regem
1922 1661 2015 1700 ve-

419 1750 608 1794 strum
641 1737 886 1792 defuncti
932 1738 1282 1805 imperatoris
1322 1738 1552 1792 Romani
1581 1734 1818 1793 amich
1848 1749 2014 1808 atque

428 1819 717 1901 generum,
749 1832 868 1900 ejus
894 1831 1085 1884 liberis
1111 1828 1317 1884 bellum
1341 1828 1570 1891 inferre,
1604 1837 1661 1883 et
1692 1845 1815 1884 cum
1846 1845 2011 1884 causa

426 1927 632 1995 iujusta
668 1923 856 1977 conari
890 1922 1072 1977 fcodus
1100 1937 1381 1992 rumpere.
1411 1921 1554 1988 Quin
1591 1922 1636 1977 si
1662 1932 1826 1976 antea
1849 1923 2013 1993 quid-

427 2021 577 2087 piam
618 2033 741 2071 emn
772 2031 839 2069 eo
875 2015 988 2068 litis
1018 2025 1073 2068 et
1104 2014 1503 2068 controversia:
1546 2014 1853 2079 habuisset,
1888 2030 2013 2069 eam

428 2124 580 2163 nunc
606 2108 829 2162 missam
859 2106 1064 2171 facere,
1119 2115 1175 2161 et
1203 2105 1386 2162 foedus
1417 2105 1796 2162 inviolabilius
1825 2115 2015 2163 custo-

383 2194 387 2199 ’
426 2202 548 2255 dire
583 2242 598 2267 ,
647 2214 890 2268 cumque
948 2198 1142 2254 liberis
1196 2198 1339 2274 ejus,
1388 2198 1692 2254 amicorum
1747 2199 2017 2269 praesidiis

429 2291 592 2344 modo
619 2291 971 2361 potissimum
1038 2291 1438 2363 indigentibus,
1469 2301 1664 2347 contra
1690 2309 1883 2348 eorum
1918 2293 2017 2348 ho-

334 2385 341 2389 ’
425 2392 559 2443 stes,
589 2381 634 2436 si
665 2382 757 2450 qui
798 2380 1024 2445 fuerint,
1057 2381 1374 2436 societatem
1412 2380 1704 2435 instituere
1735 2380 2013 2435 debuisse.

425 2473 629 2528 Verum
662 2474 739 2527 illi
789 2473 974 2535 idem,
1037 2475 1182 2542 quod
1239 2474 1426 2528 multis
1468 2488 1601 2529 usus
1657 2475 1886 2536 venire,
1921 2474 2016 2543 qui

429 2567 797 2636 potentiores,
833 2566 986 2620 vivos
1013 2566 1237 2634 quidem
1267 2565 1462 2619 officiis
1493 2545 1871 2629 demerentur,
1903 2580 2014 2618 non

430 2668 544 2711 tam
578 2659 821 2728 ipsorum
853 2658 1039 2721 amici,
1069 2673 1235 2726 quam
1271 2658 1552 2726 temporis,
1586 2665 1643 2710 et
1676 2657 1971 2726 epulcntia:
1999 2673 2013 2709 :

430 2749 523 2801 ubi
553 2757 736 2801 autem
791 2748 1381 2815 ntortmuobierunt,
1432 2747 1604 2801 veluti
1662 2762 1786 2800 cum
1840 2755 2018 2801 morte

428 2839 629 2895 solutis
659 2838 917 2908 amicitiae
980 2839 1234 2907 legibus,
1275 2854 1372 2893 eos
1399 2839 1511 2909 jam
1573 2848 1632 2893 ut
1686 2838 2020 2909 impotentes

425 2937 837 2989 contemnunt,
894 2927 1266 2996 facillimoque
1327 2927 1607 2991 oderunt,
1663 2944 1804 2997 quos
1867 2928 2018 2996 prius

428 3019 663 3088 diligere
727 3017 1080 3072 videbantur.
1140 3018 1347 3073 Deinde
1402 3019 1470 3073 ad
1529 3019 1852 3088 petitionem
1911 3018 2018 3074 hoc

431 3127 757 3180 responsum
790 3110 993 3166 attulit.
1046 3109 1162 3164 Non
1193 3121 1275 3166 est
1303 3110 1392 3167 hic
1429 3111 1641 3181 patrius
1669 3126 1790 3166 mos
1817 3113 2017 3166 Roma-

430 3205 541 3266 nis,
581 3203 647 3256 ad
677 3217 737 3257 se
766 3202 1149 3273 confugientes
1193 3218 1387 3257 eorum
1419 3202 1674 3258 hostibus
1704 3202 1929 3258 dedere.
1970 3204 2012 3255 A

425 3295 788 3350 Constantino
813 3295 962 3349 enim
998 3294 1186 3364 Magno
1216 3332 1230 3357 ,
1286 3295 1549 3350 Romanis
1595 3295 2019 3365 imperatoribus

429 3386 770 3456 singularum
802 3386 1048 3455 gentium
1088 3401 1281 3455 rcges,
1322 3402 1388 3441 ac
1440 3386 1694 3441 dominos
1746 3386 2019 3457 magnitu-

429 3477 561 3533 dine
591 3492 655 3532 ac
688 3477 976 3531 nobilitate
1027 3477 1248 3546 imperii
1300 3478 1769 3532 antecellentibus
1800 3519 1815 3543 ,
1869 3495 2020 3534 eom-

429 3554 617 3639 plures
643 3585 837 3623 eorum
866 3569 1096 3623 adversa
1140 3568 1361 3623 fortuna
1397 3568 1480 3623 usi
1527 3570 1671 3638 (98),
1704 3577 1761 3624 et
1807 3571 2018 3640 princi-

427 3672 560 3732 patu
583 3661 765 3731 eiecti,
787 3662 1065 3731 supplices
1095 3660 1221 3715 facti
1248 3672 1411 3726 sunt;
1443 3661 1533 3715 alii
1563 3673 1835 3732 rogantes,
1856 3678 2016 3718 suum

430 3746 534 3807 sibi
568 3754 1315 3823 principatum-recuperari;
1350 3753 1511 3824 372
1534 3754 1618 3808 sui
1650 3770 1861 3815 curam.
1891 3771 2020 3824 pro-

431 3844 847 3912 videntiamque
878 3841 1214 3912 ﬂagitantes.
1250 3842 1355 3909 Qui
1407 3854 1665 3913 tanquam
1696 3859 2018 3899 communes

433 3937 882 3991 calamitosorum
919 3936 1246 3999 salvatores,
1299 3950 1364 3989 ac
1398 3936 1615 4005 patroni
1652 3937 1721 3991 ab
1752 3936 2018 3991 omnibus

428 4042 731 4083 :nrumnam
767 4026 1122 4097 depulerunt.
1184 4026 1320 4080 Nam
1381 4027 1482 4081 hos
1544 4028 1597 4081 in
1656 4027 1887 4098 imperia
1917 4043 2017 4084 sua

426 4138 556 4178 eum
583 4121 762 4176 valida
799 4137 962 4175 manu
1014 4121 1397 4186 reduxerunt;
1432 4120 1555 4176 illos
1598 4120 1903 4187 beneficiis,
1953 4135 2018 4176 ac

431 4214 594 4270 donis
666 4213 1233 4284 magnificentissimis
1301 4213 1737 4268 cohonestarunt
1770 4231 1784 4268 :
1817 4214 2018 4283 quibus

430 4323 558 4363 eum
595 4308 676 4363 eis
706 4322 929 4361 suarum
983 4306 1396 4376 provinciarum
1455 4306 1777 4361 memoriam
1819 4321 2017 4363 excus-

431 4399 658 4462 sissem,
689 4408 748 4452 ut
775 4413 963 4453 secum
1015 4397 1083 4453 de
1129 4408 1332 4453 caetero
1369 4397 1539 4451 vitam
1602 4398 1869 4463 viverent,
1914 4416 2013 4454 au~

2119 550 2347 619 ἥκουσιν
2390 544 2785 612 ἀπαγγέλλειν.
2825 547 2888 598 Ol
2914 545 2971 598 δὲ
3026 541 3186 617 ἧκον,
3219 545 3312 598 καὶ
3345 543 3473 606 τοὺς
3502 545 3703 613 ὅρκους

2120 641 2339 708 ἔχοντες
2374 637 2469 701 οὓς
2528 636 2787 707 βασιλεὺς
2827 638 2966 707 πρὸς
3010 637 3363 707 Ἀλέξανδρον
3398 636 3492 689 ἐπὶ
3526 640 3590 704 τῇ
3621 638 3702 690 εί-

2121 735 2262 804 ρήνῃ
2290 734 2546 793 ἐποιεῖτο,
2572 730 2804 802 ῂτοῦνῖό
2847 747 2906 783 τε
2962 731 3147 793 αὐτοῖς
3189 730 3283 784 τὸν
3306 729 3571 798 Σίσμανον
3607 732 3703 796 ὲγ-

2120 825 2385 896 χειρίζειν
2406 824 2673 892 πολέμιον
2700 823 2831 875 ὄντα
2854 822 2933 892 τῷ
2959 824 3212 893 σφετέρῳ
3246 822 3480 893 βασιλεῖ,
3511 822 3545 892 ἧ
3576 823 3703 886 τοὺς

2118 918 2320 988 ὅρκους
2383 914 2821 985 ἀπολαμϐάνειν,
2885 914 2964 978 ὡς
3055 915 3242 968 οὐκέτι
3329 914 3430 984 τῆς
3476 914 3703 985 εἰρήνης

2119 1009 2412 1080 ἐσομένης.
2446 1008 2603 1078 Μηδὲ
2645 1005 2755 1077 γὰρ
2786 1005 2852 1060 ἂν
2880 1005 3022 1061 εἶναι
3072 1008 3310 1070 δίκαιον,
3347 1006 3482 1076 μηδὲ
3531 1009 3704 1060 ἀνεκ-

2117 1103 2211 1156 τὸν
2253 1102 2458 1167 αὐτοῖς,
2496 1102 2698 1175 αὐτοὺς
2728 1102 2829 1171 μὲν
2860 1099 3130 1169 ἀσφαλεῖς
3158 1094 3303 1151 εἶναι
3324 1098 3421 1151 καὶ
3446 1098 3705 1167 βεϐαίους

2120 1196 2312 1264 φίλους
2342 1196 2438 1248 καὶ
2465 1192 3129 1264 συμμάχουςῬωμαίοις,
3159 1192 3405 1254 ἐκείνους
3433 1190 3490 1244 δὲ
3519 1208 3701 1263 παρα-

2122 1291 2376 1343 σπονδείν
2427 1289 2556 1352 τοὺς
2610 1288 2798 1349 αὐτοῖς
2850 1286 3303 1356 πολεμιωτάτους
3361 1284 3699 1355 ὑποδεχομέ-

2118 1398 2269 1444 νους.
2306 1382 2371 1434 Ui
2401 1380 2502 1450 μὲν
2529 1375 2624 1433 οὖν
2655 1378 2917 1451 πρέσϐεις
2949 1376 3181 1431 τοιαῦτα
3207 1370 3385 1438 εἷπον,
3413 1373 3578 1442 ὄγκου
3603 1374 3699 1428 καὶ⁵

2121 1476 2482 1545 φρονήματος
2547 1471 3003 1541 πεπληρωμένοι,
3041 1470 3164 1546 ,καὶ
3220 1468 3345 1522 οὐδὲ
3420 1469 3698 1521 ἀντειπεῖν

2116 1569 2354 1637 οἰόμενοι
2395 1566 2726 1634 Ῥωμαίους,
2757 1563 2873 1617 ἀλλ’
2900 1562 3102 1617 αὐτίκα
3139 1560 3469 1632 ὲγχειρίσειν
3496 1562 3699 1628 Σίσμα-

2118 1675 2208 1711 νον
2234 1658 2522 1719 δείσαντας
2542 1656 2634 1708 τὸν
2653 1654 2894 1721 πόλεμον
2913 1653 3005 1706 τὸν
3039 1652 3177 1722 πρὸς
3202 1651 3401 1715 αὐτούς
3433 1668 3448 1681 ·
3478 1652 3510 1721 ἠ
3537 1650 3697 1720 βασι-

2117 1750 2198 1812 λὶς
2226 1748 2284 1803 δὲ
2310 1749 2562 1802 ἐκέλευεν
2591 1747 2777 1809 αὐτοῖς
2794 1747 2886 1798 τδν
2923 1747 3099 1814 μέγαν
3126 1744 3448 1814 δομέστικον
3476 1759 3691 1813 χρημα-

2115 1840 2307 1904 τίζειν,
2352 1840 2450 1893 καὶ
2499 1838 2633 1909 περὶ
2657 1831 2732 1891 ὧν
2767 1837 3013 1890 αἰτοῦσιν
3065 1835 3481 1909 ἀποκρίνεσθαι.
3517 1833 3576 1887 '0
3604 1834 3683 1897 δὲ,

2120 1902 2315 1999 πρῶτα
2346 1928 2465 1996 μὲν,
2492 1902 2779 1997 ἐμέμφετο
2803 1927 2988 1989 αὐτοῖς
3010 1925 3085 1986 ὡς
3105 1902 3318 1992 οὐκ-ἐφ’
3349 1902 3429 1985 οἷς
3451 1923 3694 1991 προσῆκε
3782 1966 3795 1975 .

2118 2020 2218 2087 τὴν
2247 2019 2433 2088 ἄφιξιν
2469 2017 2890 2087 πεποιημένοις.
2947 2017 3098 2069 Ἔδει
3156 2016 3266 2086 γὰρ
3324 2013 3550 2084 βασιλέα
3603 2012 3697 2067 τὸν

2121 2111 2275 2182 ὑμῶν
2325 2112 2484 2181 φίλον
2518 2111 2651 2165 ὄντα
2690 2109 2785 2162 καὶ
2825 2108 3043 2178 πατέρα
3104 2106 3392 2177 κηδεστοῦ,
3435 2106 3512 2176 τῷ
3542 2121 3697 2157 τετε-

2118 2204 2405 2272 λευτηκότι
2434 2203 2649 2274 βασιλεὶ
2683 2202 2976 2272 Ῥωμαίων
3003 2200 3080 2271 μὴ
3114 2204 3225 2262 τοῖς
3272 2198 3484 2251 ἐκείνου
3539 2197 3697 2250 παισὶ.

2120 2294 2361 2362 πόλεμον
2392 2291 2645 2360 ἐπάγειν,
2679 2289 2776 2344 καὶ
2802 2287 3044 2355 διαλύειν
3078 2285 3375 2356 πειρᾶσθαι
3401 2286 3501 2348 τὰς
3536 2300 3697 2336 σπον-

2118 2386 2214 2447 δάς
2250 2384 2338 2435 ἐπ’
2363 2382 2565 2445 αἰτίαις
2592 2382 2653 2435 οὐ
2684 2380 2949 2443 δικαίαις.
2989 2378 3132 2432 Ἀλλ’
3157 2378 3211 2430 εῐ
3232 2393 3355 2430 τινα
3388 2376 3483 2429 καὶ
3506 2375 3698 2444 πρότε-

2118 2493 2217 2548 ρον
2248 2471 2369 2545 εἷχε
2402 2474 2541 2544 πρὸς
2569 2474 2782 2526 ἐκεῖνον
2814 2473 3092 2542 πρόφασιν
3148 2471 3437 2542 διαφορᾶς,
3492 2467 3695 2537 ταύτην

2123 2566 2414 2623 καταλύειν
2446 2564 2562 2630 νῦν,
2590 2565 2684 2618 καὶ
2713 2564 3062 2635 βεϐαιότερον
3117 2564 3150 2634 ἦ
3193 2562 3459 2632 πρότερον
3489 2558 3697 2628 φυλάτ-

2119 2676 2232 2713 τειν
2265 2659 2365 2722 τὰς
2417 2658 2725 2727 συνθήκας,
2786 2656 2883 2709 καὶ
2921 2655 3191 2725 βασιλέως
3223 2656 3336 2719 τοῖς
3369 2654 3529 2709 παισὶ
3559 2669 3697 2722 συμ-
3760 2638 3781 2643 “

2125 2753 2320 2822 μαχεϊν
2353 2750 2449 2803 ἐπὶ
2474 2750 2601 2812 τοὺς
2638 2748 2938 2819 πολεμίους
2976 2747 3043 2801 ἄν
3075 2764 3220 2813 τινες
3250 2740 3376 2813 ὦσι,
3439 2746 3555 2799 νυνὶ
3587 2744 3695 2814 μά-

2125 2840 2286 2893 λιστα
2307 2839 2406 2909 τῆς
2434 2839 2587 2908 παρὰ
2614 2838 2722 2891 τῶν
2755 2839 2928 2906 φίλων
2957 2837 3280 2906 ἑπικουρίας
3313 2836 3594 2907 δεομένοις
3621 2851 3630 2862 ·
3666 2834 3696 2888 δ

2120 2933 2166 2986 δ’
2198 2931 2343 2985 ἔοικε
2362 2931 2565 2984 ταύτὸν
2589 2933 2702 2993 τοῖς
2738 2929 2956 2995 πολλοῖς
2986 2929 3201 2996 παθεῖν,
3259 2930 3308 2984 οἳ
3338 2929 3551 2995 ζῶντας
3597 2928 3695 2998 μὲν

2123 3025 2493 3097 θεραπεύουσι
2523 3026 2651 3088 τοὺς
2682 3024 2967 3090 δυνατοὺς,
3015 3024 3077 3078 οὐ
3127 3025 3329 3094 μᾶλλον
3362 3025 3609 3089 ἐκείνων,
3660 3023 3693 3093 ἢ

2122 3117 2215 3170 τοῦ
2241 3119 2436 3188 καιροῦ
2464 3117 2559 3169 καὶ
2593 3115 2697 3185 τῆς
2739 3116 2963 3171 ἐκείνων
3010 3116 3295 3188 δυνάμεως
3326 3116 3480 3180 ὄντες
3509 3116 3652 3185 φίλοι
3678 3131 3692 3147 ·

2124 3208 2343 3263 ἐπειδὰν
2373 3209 2431 3262 δὲ
2468 3208 2831 3279 ἀποίχωνται,
2869 3209 2977 3262 τῶν
3033 3211 3223 3264 αἰτίων
3277 3209 3523 3280 ὡσπερεὶ
3583 3209 3698 3263 δια-

2122 3300 2393 3354 λυθέντων
2417 3300 2519 3369 τῆς
2547 3299 2750 3369 φιλίας,
2795 3303 2973 3373 ῥᾷστα
3007 3303 3144 3373 πρὸς
3176 3302 3380 3374 ἔχθραν
3410 3302 3696 3372 ἐξάγονται

2119 3392 2228 3451 τῶν
2280 3393 2552 3463 πρότερον
2581 3393 2887 3448 δοκούντων
2920 3392 3062 3449 εἶναι
3095 3395 3267 3461 φίλων
3301 3396 3390 3450 διὰ
3430 3398 3531 3467 τὴν
3569 3395 3696 3450 ἁδυ-

2122 3482 2324 3543 ναμίαν
2358 3484 2558 3547 αὐτοὺς
2622 3485 3020 3555 περιορῶντες.
3074 3487 3305 3540 Ἔπειτα
3352 3486 3409 3540 δὲ
3439 3485 3697 3557 καὶπρὸς

2119 3576 2221 3644 τὴν
2250 3573 2477 3641 ἀξίωσιν
2507 3574 2713 3640 αὐτῶν,
2767 3575 2912 3629 οὕτω
2946 3577 3047 3646 τὴν
3081 3576 3382 3645 ἀπολογίαν
3431 3577 3694 3641 ἐποιεῖτο,

2122 3666 2200 3726 ὼ;
2234 3666 2295 3719 οὐ
2326 3664 2559 3735 πάτριον
2587 3670 2700 3732 τοῖς
2741 3668 3032 3740 Ῥωμαίων
3054 3668 3339 3737 βασιλεῦσι
3357 3669 3483 3732 τοὺς
3509 3668 3694 3731 αὐτοῖς

2120 3756 2545 3828 προσφυγόντας
2577 3762 2691 3823 τοῖς
2718 3760 3001 3829 πολεμίοις
3026 3762 3362 3832 προδιδόναι.
3411 3761 3543 3816 ’Δπδ
3585 3760 3698 3831 γὰρ

2119 3851 2228 3904 τῶν
2263 3852 2682 3908 Κωνσταντίνου
2734 3853 2829 3907 τοῦ
2862 3855 3120 3924 Μεγάλου
3153 3856 3362 3928 χρόνων
3416 3855 3547 3926 ἄχρι
3598 3853 3693 3908 νῦν

2118 3942 2231 4002 τοῖς
2265 3939 2558 4011 Ῥωμαίων
2586 3942 2894 4012 βασιλεῦσι,
2929 3946 3146 4015 μείζοσι
3174 3947 3270 4000 καὶ
3302 3944 3693 4018 περιφανεστὲ-

2121 4048 2235 4103 ροις
2263 4031 2373 4086 τῶν
2404 4032 2537 4106 παρ’
2580 4034 2834 4097 ἑκάστοις
2885 4036 3074 4091 ἔθνεσι
3114 4036 3484 4108 βασιλεῦσινῆ
3535 4037 3698 4093 δυνά-

2121 4139 2282 4186 σταις
2312 4118 2458 4192 οὖσι,
2501 4124 2689 4179 πολλοὶ
2722 4126 2830 4179 τῶν
2862 4128 2993 4198 παρ’
3044 4129 3229 4192 αὺτοῖς
3255 4130 3539 4201 ἀρχόντων
3568 4130 3697 4183 ἀτυ-

2117 4214 2411 4284 χήσαντες,
2474 4216 2572 4270 καὶ
2604 4216 2704 4287 τῆς
2739 4218 2919 4289 ἀρχῆς
2952 4220 3351 4290 ἐκϐεϐλημένοι
3404 4222 3698 4291 γεγόνασιν

2120 4308 2300 4360 ἱκέται
2320 4323 2336 4338 ο
2370 4309 2422 4359 οι
2450 4309 2572 4377 μὲν,
2601 4309 2701 4380 τὴν
2729 4310 2939 4364 οἰκείαν
2969 4312 3153 4375 αὐτοῖς
3182 4313 3467 4384 ἀρχόντων
3496 4312 3699 4384 ἀτυχή-

2119 4417 2338 4466 σαντες,
2407 4402 2503 4455 καὶ
2552 4405 2654 4475 τῆς
2700 4407 2875 4474 ἀρχῆς
2945 4406 3348 4477 ἐκϐεϐλημένοι
3408 4406 3697 4477 γεγόνασιν

432 4482 615 4544 etores
647 4489 905 4553 fuerunt;
940 4487 1262 4555 imperatori
1298 4487 1549 4557 subesse,
1582 4489 1757 4542 multo
1788 4489 2008 4555 melius,

2121 4495 2295 4547 ἱκέται
2344 4495 2394 4546 oi
2455 4496 2554 4565 μὲν
2586 4498 2685 4565 τὴν
2733 4498 2945 4552 οἰκείαν
3010 4500 3197 4563 αὐτοῖς
3219 4500 3464 4570 δεόμενοι
3521 4500 3697 4573 ἀρχὴν

429 4588 488 4635 et
516 4579 789 4635 illustrius
820 4578 1178 4644 ducentibus,
1232 4594 1396 4649 quam
1427 4578 1569 4647 apud
1603 4593 1758 4632 suam
1793 4588 2013 4649 gentem

434 4682 622 4725 rerum
662 4670 910 4724 habenas
964 4668 1267 4724 moderari.
1317 4668 1587 4722 Similiter
1624 4684 1775 4722 nunc
1808 4668 2016 4724 Sisma-

434 4778 539 4818 nus
596 4763 969 4818 Ramanorum
1026 4761 1366 4831 majestatem
1426 4758 1657 4830 supplex
1716 4760 2010 4828 invocavit,

433 4865 542 4908 non
577 4854 670 4907 ille
709 4853 939 4923 quidem
990 4860 1051 4906 ut
1090 4851 1145 4905 in
1185 4865 1345 4904 suum
1381 4863 1611 4919 regnum
1668 4851 2011 4919 restituatur,

432 4946 528 5000 sed
565 4956 621 5000 ut
646 4961 679 5000 e
711 4961 878 5015 regno
906 4943 1231 5014 proﬂigatus
1255 4990 1271 5017 ,
1304 4941 1359 4994 in
1409 4941 1512 4995 hac
1546 4941 1748 4998 misera
1787 4943 2012 4998 fortuna
2054 4974 2069 4991 ρ

432 5053 532 5090 sua
563 5049 752 5092 nostra
801 5051 932 5089 cura
963 5074 979 5099 ,
1014 5031 1514 5103 procurationeque
1551 5043 1853 5088 recreetur.
1886 5035 2013 5090 Ale-

434 5131 643 5185 xander
675 5144 839 5199 porro
875 5142 970 5180 rex
1000 5135 1203 5187 vester,
1248 5136 1478 5195 propter
1517 5125 1729 5181 obitum
1772 5129 2013 5197 impera-

434 5228 571 5279 toris
602 5225 667 5278 de
707 5224 1077 5275 Rutuanorum
1115 5217 1280 5270 rebus
1331 5227 1512 5272 actum
1557 5221 1920 5285 existimans,
1953 5229 2012 5274 et

434 5319 712 5373 nemiuem
766 5313 1015 5382 adeptos,
1049 5311 1141 5380 qui
1194 5326 1286 5366 eas
1331 5327 1518 5382 regere
1558 5314 1765 5384 possit,
1800 5314 2009 5383 legatos

2116 4585 2520 4650 ἐπανασώξειν,
2553 4588 2604 4641 οί
2635 4588 2692 4641 δὲ
2729 4592 2823 4643 καὶ
2855 4591 3034 4656 ἄλλως
3082 4594 3348 4662 προνοίας
3405 4594 3500 4647 καὶ
3540 4595 3697 4665 κηδε-

2118 4678 2312 4746 μονίας
2347 4681 2531 4749 τυχεῖν
2576 4696 2747 4744 τινος,
2787 4682 2881 4734 καὶ
2908 4684 3078 4737 πᾶσιν
3134 4686 3379 4756 ἤρκεσαν
3409 4685 3544 4757 πρὸς
3599 4687 3697 4752 τὰς

2117 4769 2428 4839 συμφορὰς,
2487 4769 2679 4842 ὥσπερ
2720 4775 2891 4828 κοινοὶ
2945 4777 3218 4845 σωτῆρες,
3249 4779 3344 4832 καὶ
3392 4778 3696 4850 προστάται

2112 4860 2223 4914 τῶν
2268 4860 2511 4929 δυσκόλῳ
2539 4861 2682 4934 τύχῃ
2712 4866 3083 4935 χρησαμένων
3108 4869 3282 4932 ὄντες.
3321 4872 3433 4924 Καὶ
3461 4874 3575 4935 τοῖς
3597 4869 3695 4941 μὲν

2113 4950 2297 5002 αὐτῶν
2349 4952 2620 5007 ἀπέδοσαν
2651 4955 2749 5018 τὰς
2803 4956 2981 5027 ἀρχὰς
3033 4959 3182 5029 χειρὶ
3219 4961 3388 5032 πολλῇ
3451 4978 3697 5028 καταγα-

2114 5041 2329 5109 γόντες,
2363 5042 2542 5108 ένίους
2573 5045 2630 5098 δὲ
2663 5046 3139 5119 εὐεργετήσαντες
3181 5052 3418 5121 μεγάλα,
3462 5054 3558 5106 καὶ
3596 5053 3695 5121 τῆς

2112 5133 2324 5196 οἰκείας
2381 5137 2710 5205 ποιήσαντες
2770 5140 3099 5195 ἐκλαθέσθαι
3137 5146 3203 5214 τῇ
3257 5143 3534 5217 ὑπερϐολῇ
3589 5146 3694 5199 τῶν

2113 5223 2359 5293 δωρεῶν,
2392 5226 2620 5282 ἔπεισαν
2652 5233 2837 5295 αὐτοῖς
2865 5234 3214 5288 συνεῖναιδιὰ
3246 5235 3386 5305 βίου,
3414 5238 3514 5308 τὴν
3544 5237 3693 5308 παρὰ

2118 5315 2332 5384 βασιλεῖ
2358 5316 2605 5374 δουλείαν
2638 5323 2774 5375 πολὺ
2808 5324 3003 5394 βελτίω
3029 5327 3365 5396 νομίσαντας
3419 5331 3513 5381 καὶ
3560 5329 3692 5382 θαυ-

1703 5426 1918 5488 Jacobi
1954 5428 2220 5490 Pontani
2248 5440 2465 5495 notae.

509 5552 619 5620 (98)
664 5550 939 5604 Romanos
977 5551 1332 5622 iii'aperatores
1362 5566 1390 5604 τι
1422 5550 1782 5606 Coust:m:ino
1812 5551 2004 5623 Magno

435 5627 706 5693 recepisse
753 5624 1059 5690 supplices,
1102 5633 1191 5675 aut
1234 5624 1488 5691 profugos
1526 5624 1679 5690 regns
1729 5627 1998 5677 variatum

434 5698 710 5765 gentium,
733 5695 901 5760 iisque
939 5693 1299 5765 conualuisse,
1346 5706 1490 5765 patet
1527 5692 1990 5765 enhistoﬂis‘llo-

436 5761 629 5818 inanis.
672 5764 806 5817 Nam
844 5774 899 5818 ut
949 5767 1083 5818 bene
1117 5764 1307 5818 Cicero
1338 5764 1393 5817 in
1428 5761 1755 5815 Maniliana:
1788 5763 1998 5831 Afflich

2111 5575 2296 5639 regum
2333 5563 2558 5645 [omnem
2601 5564 2757 5633 facile
2790 5567 3071 5645 mulionum
3107 5588 3244 5640 opes,
3290 5591 3471 5628 eorum
3509 5574 3694 5645 impri-

2112 5645 2227 5706 mis,
2260 5643 2470 5711 qupaul
2504 5650 2645 5711 regis
2671 5647 2814 5694 stult.
2849 5651 2939 5690 aut
2976 5640 3029 5692 in
3058 5659 3216 5711 regno
3250 5647 3445 5704 vimmt.
3491 5649 3561 5699 ar!
3582 5640 3691 5700 ἠιί-

2111 5701 2455 5783 scricordium
2499 5704 2739 5757 uilicum!
2768 5721 2786 5758 :
2826 5714 2963 5776 quod
3010 5701 3186 5783 regule
3233 5716 3301 5769 iis
3344 5701 3528 5770 nomen
3572 5734 3686 5770 ma-

2106 5785 2290 5837 gnum,
2328 5780 2374 5823 el
2403 5782 2639 5826 sanctum
2669 5792 2775 5831 esse
2802 5786 3066 5835 videatur.
