4054 6454
2102 322 2132 345 \

555 447 662 514 τι]

1755 446 2081 510 JOANNlS
2120 440 2656 510 CANTACUZENI

3701 437 3830 504 752

554 559 736 615 scelus
759 573 976 624 usuros,
998 572 1230 629 eamque
1254 556 1675 626 dISperdituros,
1699 564 1754 611 ct
1782 556 1934 610 illum
1964 556 2141 611 solum

2246 556 2358 609 τῶν
2381 554 2682 626 προτέρων,
2710 551 2745 625 ἢ
2780 549 3007 607 ἐκείνων
3034 550 3112 624 μὴ
3146 552 3228 617 εἰς
3262 551 3384 606 δέον
3417 552 3530 616 τοῖς
3569 552 3830 623 χρήμασι

554 665 744 707 rerum
832 649 1120 721 praesidem
1199 649 1427 719 ejusque
1474 662 1697 703 sensum
1752 648 2129 718 perspexerit,

555 742 834 812 quomodo
865 742 937 796 ob
970 756 1320 797 communem
1372 738 1665 794 utilitatem
1703 752 1812 793 non
1848 739 2138 809 pecuniam
2180 790 2187 793 _

556 831 742 898 modo,
774 846 967 886 verum
995 839 1052 884 et
1081 829 1254 898 ipsam
1286 829 1549 892 animam,
1584 826 1630 882 si
1659 826 1891 882 facultas
1919 829 2010 890 sit,
2037 841 2139 896 pro

557 923 729 978 nihilo
752 922 955 977 habere
977 919 1299 981 meditetur.
1329 928 1382 973 et
1405 933 1618 973 morum
1649 918 1769 989 ejus
1795 919 2137 974 honestatem

546 1016 661 1085 jam
696 1013 958 1077 noverit,
992 1011 1252 1066 statuisse
1300 1008 1405 1080 ipsi
1456 1008 1796 1064 offerendam
1846 1010 2137 1080 pecuniam

553 1106 724 1167 illam,
762 1117 873 1157 non
904 1102 1134 1157 honeste
1170 1100 1372 1161 solum,
1423 1100 1521 1154 sed
1556 1107 1613 1155 et
1667 1114 1792 1155 cum
1828 1098 2042 1155 ratione
2078 1111 2138 1156 et

550 1197 835 1266 diligentia
906 1193 972 1248 ad
1040 1191 1318 1263 publicam
1394 1190 1770 1246 Romanorum
1844 1190 2138 1245 utilitatem

552 1285 961 1350 insumendum,
989 1284 1213 1354 quando
1238 1293 1296 1339 et
1327 1282 1395 1338 ab
1428 1283 1562 1353 ipsis
1590 1282 1819 1345 collecta
1851 1284 1947 1338 sit.
1983 1278 2139 1337 Hanc

552 1380 722 1449 igitur
790 1388 1014 1433 omnem
1077 1376 1152 1431 illi
1213 1377 1432 1431 venisse
1496 1375 1759 1440 tradere,
1820 1375 2139 1446 ubicunque

551 1470 793 1526 voluerit
829 1468 1113 1527 utendam.
1168 1468 1335 1540 376
1382 1468 1575 1539 Itaque
1625 1476 1812 1539 patere
1852 1454 2136 1536 omnibus,

552 1580 664 1617 non
700 1562 825 1617 ideo
867 1576 929 1617 se
981 1561 1175 1616 adesse
1202 1600 1218 1624 ,
1253 1570 1314 1615 ut
1352 1574 1413 1616 se
1452 1559 1584 1615 huic
1630 1559 1846 1616 muneri
1887 1571 2136 1631 quaestus

552 1652 788 1709 faciendi
812 1666 976 1709 causa
1000 1650 1208 1723 praefici
1250 1659 1445 1721 roget,
1475 1665 1601 1705 cum
1653 1659 1812 1719 parta
1855 1650 2132 1707 retinendi

526 1762 621 1802 vae
654 1746 724 1801 de
753 1755 958 1800 αιτιοι-ο
1013 1742 1215 1798 in'otio
1262 1740 1485 1797 vivendi
1518 1741 1748 1797 libertas
1791 1741 1981 1810 fuerit,
2036 1742 2137 1798 sed

550 1841 682 1911 quia
713 1839 814 1909 ipsi
849 1837 918 1893 ad
952 1846 1198 1893 veterem
1237 1834 1558 1891 felicitatem
1601 1834 1865 1891 Romanis
1902 1850 2137 1906 recupe-

554 1929 784 1984 randam
831 1936 942 1984 tam
992 1927 1209 1982 intensa
1237 1935 1295 1982 et
1343 1925 1568 1981 assidua
1618 1939 1755 1981 cura
1803 1926 2140 1984 incumbenti

556 2020 709 2075 utilis
735 2028 791 2073 et
822 2019 890 2074 ad
943 2019 1249 2089 iuvandum
1295 2016 1527 2073 idoneus
1561 2017 1740 2073 videri
1772 2019 1980 2089 cupiat.
2028 2018 2142 2075 Hac

553 2110 801 2166 oratione
829 2108 1135 2165 delectatus
1161 2123 1393 2179 magnus
1419 2107 1785 2175 domesticus,
1812 2107 1882 2163 de
1907 2109 2139 2179 pecunia

552 2220 612 2258 se
641 2203 719 2258 illi
748 2201 983 2273 gratiam
1009 2200 1214 2256 habere
1256 2199 1356 2266 ait,
1407 2214 1518 2255 non
1565 2208 1777 2254 tantum
1830 2198 1977 2270 quod
2013 2214 2137 2256 eam

550 2298 621 2352 ad
652 2309 1001 2352 communem
1035 2308 1197 2349 usum
1242 2292 1566 2360 contulerit,
1622 2292 1720 2348 sed
1768 2293 1916 2363 quod
1970 2293 2140 2349 etiam

553 2390 662 2444 sibi
690 2389 812 2460 ejus
837 2385 1225 2458 dispensandae
1269 2384 1542 2440 rationem
1595 2383 1941 2449 crediderit,
1971 2397 2139 2453 quam

553 2488 704 2535 ret-te
742 2477 1085 2546 ﬁdeliterque
1112 2473 1415 2553 collocare
1445 2473 1602 2529 velit.
1633 2472 1768 2527 Nam
1800 2473 2139 2543 quempiam,

550 2571 646 2626 cui
675 2567 1055 2625 communium
1104 2580 1292 2621 rerum
1344 2563 1605 2620 mandata
1650 2573 1738 2618 est
1792 2563 2136 2634 procuratio,

556 2677 666 2715 non
717 2659 848 2714 inde
882 2671 1089 2727 augere
1144 2655 1439 2729 facultates
1482 2670 1635 2720 suas,
1692 2654 1789 2711 sed
1847 2670 1969 2725 qua:
2012 2663 2141 2711 ante

556 2751 947 2824 magistratum
978 2746 1296 2818 acquisivit,
1324 2746 1378 2801 in
1412 2745 1500 2803 his
1527 2748 1725 2813 emori,
1760 2756 1817 2803 et
1842 2763 1872 2802 a
1904 2747 2140 2819 pecunia

554 2847 824 2902 invictum
875 2855 1105 2912 prorsus
1137 2854 1450 2910 apparere,
1498 2854 1608 2893 non
1658 2839 1887 2896 difficile
1934 2841 2139 2909 solum,

557 2939 654 2994 sed
683 2949 967 3005 nunquam
996 2931 1340 3002 contingere.
1378 2929 1668 2986 Possidcre
1701 2942 1882 2988 autem
1907 2933 2044 3004 jam,
2076 2948 2142 2990 ac

556 3034 627 3087 ob
657 3030 711 3086 id
738 3028 877 3084 nihil
920 3024 1223 3081 formidare
1269 3023 1397 3077 mali
1431 3063 1446 3088 ,
1496 3022 1697 3079 deinde
1748 3038 1912 3094 aequo
1953 3026 2140 3082 animo

559 3126 697 3180 velle
712 3113 973 3191 erogare,
1006 3126 1065 3174 et
1095 3116 1237 3172 male
1260 3116 1508 3172 collectis
1543 3116 1684 3171 bene
1732 3116 1834 3181 uti,
1873 3117 2138 3190 hoc.non

2245 646 2572 715 δυναμένων
2593 642 2923 714 χρήσασθαι,
2956 642 2993 713 ἢ
3025 642 3232 714 ἐτέρων
3262 644 3489 713 ἁρπαγῇ
3520 645 3618 698 καὶ
3635 644 3830 717 ἀδικίᾳ

2241 736 2600 806 χρησομένων
2654 734 2748 788 καὶ
2793 732 3269 804 διαφθαρούντων,
3316 734 3392 797 ὡς
3420 733 3481 787 δὲ
3522 733 3616 788 σοῦ
3650 736 3827 805 μόνου

2240 826 2618 889 καταστάντος
2647 826 2743 883 ἐπί⁵
2793 827 2905 889 τοῖς
2933 824 3248 896 πράγμασι,
3312 825 3408 880 καὶ
3451 826 3551 896 τὴν
3581 826 3829 882 διάνοιαν

2240 920 2509 985 κατεῖδον,
2541 920 2616 983 ὡς
2641 919 2780 988 ὑπὲρ
2798 916 3067 987 ὠφελείας
3095 919 3207 974 τῶν
3231 919 3451 985 κοινῶν,
3475 920 3535 974 οὐ
3557 923 3824 992 χρήματα

2242 1011 2428 1081 μόνον,
2474 1007 2610 1062 ἀλλὰ
2640 1008 2737 1062 καὶ
2777 1007 2959 1079 ψυχὴν
3003 1008 3175 1080 αὐτὴν
3206 1010 3255 1061 εἰ
3297 1002 3413 1062 οἷόν
3442 1014 3510 1062 τε
3533 1011 3813 1081 προΐεσθαι

2237 1103 2445 1172 διανοῇ,
2480 1101 2579 1156 καὶ
2608 1099 2702 1155 τὸν
2737 1100 2942 1173 τρόπον
2972 1099 3237 1170 προειδὼς
3269 1098 3346 1164 ῶς
3394 1099 3621 1170 ἀγαθὸς,
3651 1101 3805 1170 ἔγνων

2236 1195 2348 1248 δεῖν
2379 1211 2462 1248 σοι
2512 1192 2580 1247 τά
2607 1193 2869 1265 χρήματα
2900 1193 3083 1248 ἐκεῖνα
3127 1191 3484 1265 ἐγχειρίζειν,
3519 1191 3598 1257 ὡς
3629 1194 3688 1247 ού
3725 1211 3821 1247 κα-

2236 1283 2345 1347 λῶς
2377 1282 2559 1355 μόνον,
2615 1282 2752 1338 ἀλλά
2807 1283 2905 1337 καὶ
2952 1282 3193 1352 εὐλόγως
3245 1283 3494 1354 ἀκριϐῶς
3542 1285 3682 1357 ὐπέρ
3708 1284 3821 1338 τῶν

2239 1377 2394 1445 κοινῇ
2465 1374 2767 1446 Ῥωμαίοις
2830 1373 3223 1446 συμφερόντων
3291 1374 3819 1446 ἀναλωθησομένων,

2241 1464 2431 1536 ἐπειδὴ
2490 1464 2585 1520 καὶ
2630 1465 2695 1520 ἐκ
2741 1463 2948 1519 τούτων
2998 1464 3367 1534 συνελέγησαν
3424 1466 3637 1521 αὐτῶν·
3690 1466 3730 1523 ἀ
3754 1469 3826 1538 δὴ

2237 1558 2417 1611 πάντα
2444 1557 2566 1629 ῆκω
2592 1554 2939 1629 ἐγχειρίζων,
2977 1555 3064 1625 ἐφ’
3086 1557 3114 1611 ὅ
3142 1573 3196 1611 τι
3217 1554 3285 1611 ἂν
3386 1572 3468 1610 σοι
3493 1560 3827 1630 χρησομένῳ

2240 1646 2518 1721 βούλησις.
2561 1648 2813 1715 Ἔξεστιν
2843 1646 2935 1702 οὖν
2966 1649 3133 1702 παντὶ
3166 1647 3266 1719 τὴν
3299 1649 3573 1740 ἀπόδειξιν
3607 1651 3829 1721 10:96a-

2238 1759 2352 1797 νειν
2371 1742 2605 1813 ἐναργῆ,
2639 1740 2717 1805 ὡς
2762 1740 2825 1794 οὐ
2862 1742 3344 1813 χρηματισάμενος
3368 1743 3433 1795 ἐκ
3454 1744 3552 1813 τῆς
3572 1743 3831 1814 ἀπογρα-

2245 1835 2349 1904 φῆς
2370 1834 2495 1906 ἥκω
2510 1833 2763 1904 δεόμενος
2786 1834 3123 1904 καταστῆναι
3154 1833 3291 1904 πρὸς
3319 1835 3492 1905 αὐτήν
3511 1853 3526 1868 ·
3560 1833 3689 1905 ἐξῆν
3710 1837 3830 1906 γὰρ

2239 1926 2441 1997 ’ἔχοντα
2473 1926 2510 1982 ἃ.
2535 1926 2837 1995 κέκτημαι,
2887 1926 3056 1996 μηδὲν
3086 1925 3829 2000 περαιτέρω-πολυπραγμο-

2242 2020 2376 2081 νεῖν,
2427 2016 2568 2073 ἀλλά
2599 2017 2685 2072 σοὶ
2716 2017 3007 2088 φανεῖσθαι
3055 2019 3326 2088 χρήσιμος
3372 2016 3683 2087 ἐπιθυμῶν,
3728 2022 3827 2074 καὶ

2243 2106 2414 2161 πολλά
2442 2107 2782 2178 συνάρασθαι
2812 2107 3111 2178 δυνάμενος
3164 2108 3305 2179 πρὸς
3347 2109 3410 2163 τὺ
3440 2109 3540 2181 τὴν
3586 2109 3827 2181 ἀρχαίαν

2242 2198 2591 2269 εὐδαιμονίαν
2618 2200 2732 2264 τοῖς
2765 2197 3059 2263 Ῥωμαίοις
3088 2198 3417 2265 ἀνασώζειν,
3465 2199 3669 2268 πολλὴν
3697 2199 3828 2252 τού-

2240 2309 2335 2346 του
2365 2291 2532 2346 ἓνεκα
2564 2294 2659 2346 καὶ
2705 2293 2911 2364 συνεχῆ
2942 2291 3257 2363 ποιουμένῳ
3304 2291 3404 2364 τὴν
3433 2292 3715 2364 φροντέδα.
3756 2292 3827 2345 '0

2240 2383 2298 2439 δὲ
2330 2385 2568 2455 ἄσμενος
2603 2383 3009 2457 ἀποδεξάμενος
3033 2386 3161 2448 τοὺς
3185 2384 3400 2455 λόγους,
3431 2388 3560 2457 περ)⁵
3593 2387 3694 2456 μέν
3711 2385 3827 2440 τῶν

2241 2477 2544 2547 χρημάτων
2598 2475 2807 2545 ἔφασκε
2842 2477 3003 2548 χάριν
3038 2476 3189 2549 αὐτῷ
3239 2477 3444 2550 πολλὴν
3486 2478 3707 2542 ειδέναι,
3757 2479 3825 2531 οὐ

2241 2563 2317 2633 τῷ
2338 2562 2480 2632 ὑπὲρ
2505 2563 2614 2617 τῶν
2632 2566 2788 2634 κοινῇ
2814 2564 3211 2635 συμφερόντων
3238 2565 3400 2635 μόνον
3418 2564 3821 2636 παρεσχῆσθαι,

2240 2652 2376 2709 ἀλλὰ
2402 2655 2498 2711 καὶ
2526 2655 2604 2727 τῷ
2634 2655 2814 2711 αὐτῶν
2846 2655 3277 2710 πεπιστευκέναι
3308 2656 3407 2726 τὴν
3430 2657 3701 2728 διοίκησιν
3723 2658 3821 2711 αύ-

2240 2747 2317 2818 τῷ
2342 2746 2521 2818 ὀρθῶς
2565 2747 2923 2819 πεπεισμένῳ
2953 2748 3050 2801 καὶ
3098 2747 3325 2811 δικαίως
3380 2748 3701 2804 ἀναλώσειν.
3744 2748 3821 2803 Th

2243 2838 2344 2910 μὲν
2378 2839 2487 2909 γάρ
2513 2856 2638 2892 τινα
2662 2837 2771 2893 τῶν
2802 2837 2999 2893 κοινῶν
3031 2837 3357 2906 ἐπιμέλειαν
3401 2839 3824 2910 ἐγκεχειηρισμέο

2241 2947 2351 2998 νον,
2394 2932 2470 3003 μὴ
2520 2931 2618 3004 τὴν
2672 2929 2863 2985 οὐσίαν
2915 2934 3096 2984 ποιεῖν
3149 2930 3368 3001 βελτίω,
3416 2932 3535 2987 ἀλλ’
3559 2934 3660 2987 ὅσα
3689 2934 3821 3004 πρὶν

2241 3021 2531 3088 ἅπτεσθαι,
2560 3023 2803 3078 τοσαῦτα
2838 3022 3034 3093 ἔχοντα
3057 3024 3526 3090 ἀπαλλάττεσθαι,
3567 3026 3663 3080 καλ⁵
3684 3043 3820 3096 χρη-

2244 3116 2430 3188 μάτων
2460 3115 2535 3176 ὡς
2561 3113 2769 3169 ἐπίπαν
2807 3113 3044 3187 ὀφθῆναι
3083 3115 3343 3187 κρείττω,
3377 3116 3439 3170 οὐ
3462 3116 3694 3187 χαλεπὸν
3725 3116 3824 3185 μό-

552 3217 888 3280 multorum,
934 3211 1032 3268 sed
1079 3206 1280 3266 salvari
1351 3206 1657 3262 volentium
1704 3221 1826 3263 esse
1873 3216 2136 3280 certoque

2243 3223 2354 3271 vov,
2388 3206 2524 3261 ἀλλὰ
2565 3209 2659 3262 καὶ
2706 3206 2970 3262 ἀδύνατον
3029 3207 3241 3278 σχεδόν.
3275 3207 3351 3261 Τό
3384 3208 3429 3261 δ’
3489 3207 3682 3279 ἔχοντα
3717 3209 3819 3280 ῆδη

546 3306 899 3365 credentium
923 3344 940 3369 ,
974 3317 1037 3358 se
1063 3308 1187 3371 post
1218 3298 1387 3354 linem
1417 3297 1585 3366 hujus
1627 3296 1771 3352 lucis
1803 3299 2047 3352 omnium
2078 3299 2137 3353 in

556 3402 670 3456 vita
716 3406 999 3470 gestorum
1036 3393 1309 3447 rationem
1358 3389 1695 3444 reddituros.
1743 3389 1973 3445 Praestat
2015 3391 2139 3460 qui-

550 3490 684 3544 dem
728 3501 839 3541 non
875 3495 1105 3554 peccare
1156 3493 1420 3550 prorsus,
1449 3492 1631 3547 neque
1676 3478 1907 3534 maculis
1948 3481 2139 3537 multis
2175 3494 2180 3499 '

553 3565 765 3634 tardare
782 3574 1030 3630 animam
1056 3587 1075 3638 ;
1106 3570 1154 3625 si
1186 3577 1367 3624 tamen
1395 3567 1454 3623 id
1484 3567 1755 3632 evenerit,
1794 3584 1905 3625 non
1932 3569 2138 3628 iterum

556 3666 822 3741 peccandi
850 3664 1185 3737 principium
1225 3660 1353 3726 erit,
1395 3675 1509 3716 non
1548 3660 1708 3716 modo
1732 3676 1766 3717 a
1797 3660 2017 3718 delictis
2042 3662 2140 3718 ab-

553 3765 766 3819 stinere
792 3800 808 3827 ,
856 3757 954 3814 sed
983 3764 1041 3813 et
1084 3752 1326 3809 admissa
1368 3752 1733 3823 sequentibus
1779 3763 1933 3808 recte
1977 3754 2140 3809 factis

498 3894 527 3908 -.
557 3865 939 3923 compensare.
988 3846 1204 3904 Idcirco
1256 3852 1308 3901 te
1368 3844 1440 3900 ob
1511 3846 1673 3902 istam
1726 3844 2136 3911 mutationem,

558 3944 710 4018 quod
733 3960 841 4000 non
868 3941 1028 3998 aliter
1059 3954 1223 4012 quam
1257 3936 1328 3993 ad
1361 3951 1710 3994 communem
1754 3936 1996 3993 fructum
2046 3954 2141 4010 pe-

557 4037 781 4095 cuniam
831 4045 984 4092 tuam
1029 4031 1343 4089 donandam
1378 4030 1707 4097 censueris,
1744 4031 1931 4087 laudo.
1979 4030 2136 4098 Quod

547 4116 695 4181 'vcro
724 4140 836 4179 non
888 4130 1120 4183 vocatus
1147 4161 1164 4188 ,
1218 4119 1317 4176 sed
1357 4121 1503 4176 ultro
1549 4120 1619 4176 ad
1657 4136 1746 4177 me
1785 4121 1979 4179 adiens
2013 4122 2139 4178 vitae

561 4216 812 4276 subsidia
842 4231 873 4271 a
901 4212 1172 4270 militibus
1210 4210 1280 4268 de
1321 4211 1546 4283 publico
1579 4211 1745 4282 pendi
1784 4212 1947 4269 solita
1997 4229 2140 4291 eice-

558 4326 732 4383 quare
767 4307 1031 4379 petivisti,
1080 4314 1296 4363 tantum
1324 4305 1484 4360 abest
1511 4310 1573 4358 ut
1601 4302 1884 4372 damnem,
1916 4315 1978 4361 ut
2009 4322 2137 4361 cum

560 4404 716 4474 prius
761 4394 880 4471 ipse
905 4406 1124 4469 meopte
1156 4396 1397 4467 impulsu
1442 4394 1540 4451 tibi
1588 4403 1819 4467 propter
1848 4396 2164 4466 experien-.

563 4495 697 4555 tiam
752 4492 860 4546 hoc
895 4486 1194 4545 ministerii
1246 4486 1598 4541 committere
1638 4486 1907 4541 voluerim
1931 4526 1948 4554 ,
1987 4504 2139 4545 nunc

2251 3301 2344 3355 καὶ
2380 3300 2545 3370 μηδὲν
2588 3297 2966 3354 ὐποπτεύοντα
3015 3298 3191 3352 δεινὸν
3236 3299 3366 3371 περὶ
3393 3300 3595 3364 αὐτῶν,
3628 3299 3818 3354 ἔπειτα

2251 3393 2445 3448 ἑκόντα
2487 3391 2816 3464 βουληθῆναι
2851 3391 3175 3454 ἀποθέσθαι,
3212 3392 3306 3446 καὶ
3341 3391 3378 3447 ἀ
3430 3392 3680 3460 συνέλεξε
3717 3409 3821 3446 κα-

2248 3482 2361 3546 κῶς
2390 3480 2697 3551 χρήσασθαι
2733 3482 2813 3542 είς
2840 3479 2980 3546 δέον,
3012 3479 3072 3533 οὐ
3114 3478 3224 3534 τῶν
3257 3479 3492 3543 πολλῶν,
3536 3481 3670 3535 ἀλλά
3706 3481 3817 3535 τῶν

2250 3572 2594 3646 βουλομένων
2654 3571 2968 3639 σώζεσθαι,
3002 3573 3098 3626 καὶ
3151 3574 3539 3644 πεπεισμένων
3576 3574 3820 3645 ἀκριϐῶς

2248 3667 2327 3732 ῶς
2359 3667 2604 3745 ,πάντων
2657 3667 2988 3738 παρέξουσιν
3042 3666 3278 3727 εὐθύνας
3322 3666 3430 3722 τῶν
3461 3666 3814 3738 βεϐιωμένων

2253 3759 2391 3831 μετὰ
2418 3758 2517 3825 τὴν
2574 3758 2784 3814 ἐνθένδε
2812 3756 3160 3828 ἀπαλλαγήν.
3199 3758 3417 3814 Βέλτιον
3473 3760 3575 3830 μὲν
3603 3760 3711 3830 γάρ
3743 3762 3823 3831 μὴ

2248 3850 2589 3922 ἁμαρτάνειν
2617 3850 2718 3915 τὴν
2762 3849 2962 3921 ἀρχὴν,
2999 3850 3137 3921 μηδὲ
3167 3851 3352 3920 κηλίσι
3380 3850 3604 3916 πολλαῖς
3652 3868 3821 3906 κατα-

2252 3942 2492 4014 μιαίνειν
2537 3942 2636 4023 ιεὴν
2688 3941 2889 4013 ψυχήν.
2931 3943 3031 3995 Ἂν
3089 3942 3136 3997 δ’
3167 3942 3276 4015 ἄρα
3324 3943 3484 3998 τοῦτο
3531 3943 3818 4016 συμϐαίνῃ,

2249 4032 2509 4107 δευτέρας
2538 4032 2957 4106 ἀναμαρτησίας
2986 4033 3153 4106 ἀρχὴ,
3184 4034 3247 4088 τὸ
3278 4034 3356 4106 μὴ
3394 4036 3555 4107 μόνον
3592 4053 3651 4090 τε
3680 4036 3820 4089 παύ-

2251 4104 2451 4180 σασθαι
2472 4124 2584 4179 τῶν
2607 4104 2977 4195 κακῶνάλλὰ
3007 4104 3127 4182 καὶ.
3147 4104 3476 4200 ἀντίρροπον
3515 4128 3816 4182 ἐπιδείκνυ.

2251 4215 2374 4270 σθαι
2402 4216 2509 4270 τῶν
2539 4215 2764 4285 ἀγαθῶν
2818 4218 2919 4285 τὴν
2952 4215 3238 4287 ἐργασίαν.
3299 4217 3402 4270 Διά
3429 4216 3605 4272 ταῦτα
3631 4216 3695 4288 δὴ
3728 4218 3818 4270 καὶ

2251 4307 2459 4363 ἐπαινῶ
2491 4325 2551 4362 σε
2582 4308 2685 4378 τῆς
2727 4306 3055 4379 μεταδολῆς,
3096 4308 3191 4363 καὶ
3231 4307 3328 4363 τοῦ
3377 4309 3452 4380 μὴ
3476 4310 3676 4381 τρόπον
3706 4308 3821 4361 ἐτε-

2252 4419 2368 4474 ρον,
2400 4401 2515 4458 ἀλλ’
2546 4400 2687 4472 ὑπὲρ
2717 4400 2825 4454 τῶν
2857 4403 3014 4472 κοινῇ
3046 4401 3437 4472 συμφερόντων
3456 4402 3533 4455 τά
3563 4403 3818 4473 χρήματα

2252 4492 2584 4562 βουληθῆναι
2634 4491 2935 4548 ἐπιδοῦναι.
2996 4493 3121 4547 Ὀτι
3174 4494 3233 4546 δέ
3291 4494 3366 4565 μὴ
3435 4495 3815 4567 προσκληθεὶς,

558 4585 800 4657 aiitplius
839 4581 1062 4639 credam
1088 4619 1105 4647 ,
1148 4586 1203 4634 te
1243 4577 1298 4634 id
1330 4577 1530 4632 melius
1596 4591 1663 4632 ac
1712 4578 1918 4650 jnstius
1951 4580 2138 4636 obitu-

2244 4584 2381 4639 ἀλλὰ
2408 4585 2678 4657 πρότερος
2718 4584 3039 4657 προσελθὼν
3087 4585 3252 4650 αὐτὸς
3279 4587 3343 4640 τὸ
3384 4588 3678 4642 ἐπανισοῦν
3708 4590 3819 4651 τοῖς

561 4693 706 4735 rum.
734 4675 855 4730 Non
879 4672 1028 4728 enim
1051 4684 1207 4740 aeque
1234 4678 1291 4725 ct
1314 4668 1409 4738 qui
1436 4670 1726 4740 promissis
1754 4672 1936 4742 largus
1959 4680 2063 4738 est,
2086 4681 2143 4728 et

559 4768 656 4839 qui
703 4764 846 4820 nihil
883 4759 1196 4832 promittit,
1235 4758 1509 4829 promissa
1554 4760 1779 4828 implere
1829 4764 2140 4818 enituntur.

563 4858 719 4914 llanc
760 4854 931 4924 igitur
979 4848 1322 4921 provinciam
1362 4849 1463 4905 tibi
1502 4850 1753 4921 injungo.
1807 4851 2142 4925 Tegquoque

564 4964 664 5019 par
700 4953 786 5001 est
811 4941 1130 4998 existimare
1156 4979 1174 5007 ,
1205 4956 1317 4998 non
1355 4955 1523 5012 parva
1558 4945 1805 5011 quaedam
1863 4953 1922 4999 et
1959 4944 2147 5015 despi-

564 5037 765 5094 cabilia
798 5035 899 5090 abs
928 5045 979 5089 te
1007 5033 1253 5101 tractari,
1282 5040 1339 5089 et
1365 5048 1489 5102 qua:
1519 5047 1643 5099 nec,
1667 5032 1712 5088 si
1740 5034 1915 5103 probe
1945 5050 2146 5091 curen-

566 5138 679 5193 tur,
710 5124 990 5184 communi
1037 5124 1333 5180 admodum
1361 5122 1675 5194 proﬁciant,
1726 5140 1828 5181 nec
1871 5140 1982 5181 non
2022 5141 2145 5196 per-

566 5218 696 5275 inde
730 5226 987 5283 noceant,
1021 5218 1067 5272 si
1098 5217 1345 5287 segniter
1369 5231 1435 5271 ac
1479 5216 1738 5286 nequiter
1769 5218 1924 5273 liant.
1982 5217 2141 5284 Quod

566 5327 806 5383 namque
842 5310 898 5365 in
930 5325 989 5366 re
1022 5310 1247 5380 politica
1288 5308 1479 5382 judex,
1514 5311 1619 5366 hoc
1668 5309 1724 5364 in
1755 5310 1996 5379 publicis
2038 5311 2141 5367 sti-

567 5403 786 5475 pendiis
812 5412 1073 5477 prastare
1122 5403 1297 5473 possit
1325 5412 1662 5473 exsequatur.
1692 5403 1913 5459 Etenim
1962 5413 2018 5461 et
2049 5405 2140 5462 ille

564 5514 634 5553 ex
670 5498 929 5567 aequitate
964 5497 1212 5553 arbitriis
1248 5496 1515 5552 faciendis
1557 5505 1615 5552 et
1672 5497 1740 5552 ad
1781 5497 1962 5569 legum
2010 5501 2144 5556 obc-

566 5580 832 5651 dicntiam
881 5590 1156 5669 cqgendo.
1197 5588 1404 5645 bonum
1436 5587 1677 5643 civitatis
1721 5597 1924 5644 statum
1956 5592 2144 5648 conci-

564 5682 665 5738 liat
688 5699 706 5750 ;
733 5691 790 5739 et
812 5682 905 5739 hic
926 5684 973 5738 si
998 5685 1180 5755 justus
1201 5696 1346 5746 esse,
1371 5680 1764 5751 communique
1789 5682 2142 5740 commodare

563 5776 718 5843 velit,
748 5775 887 5833 alios
911 5774 1193 5846 spoliabit,
1222 5775 1269 5829 si
1301 5774 1444 5828 ultra
1471 5773 1682 5844 justum
1716 5772 1928 5828 fruetus
1957 5776 2140 5845 perci-

565 5866 739 5935 piant,
767 5865 930 5939 377
950 5864 1074 5921 aliis
1099 5863 1283 5919 minus
1316 5861 1646 5919 habentibus
1661 5861 1782 5933 plus
1806 5863 1989 5931 addet,
2017 5880 2137 5921 om-

1220 5971 1245 5977 4-
1274 5969 1576 5979 _..~..-o.4._...-.
1601 5974 1605 5977 .
1801 5972 1892 5981 ο..-

2246 4679 2616 4748 στρατιώταις
2644 4680 2742 4741 τὰς
2767 4680 2834 4732 ἐκ
2869 4678 2978 4732 τῶν
3016 4678 3294 4750 δημοσίων
3327 4679 3536 4752 ᾔτησας
3565 4679 3659 4734 τοῦ
3705 4679 3818 4751 βίου

2242 4773 2520 4844 ἀφορμάς,
2567 4772 2822 4828 τοσοῦτον
2852 4772 3045 4843 ἀπέχω
3075 4773 3533 4842 καταγινώσκειν,
3562 4773 3703 4827 ὥστε
3728 4775 3819 4827 καὶ

2242 4866 2512 4936 πρότερον
2557 4866 2723 4919 αὐτὸν
2776 4864 2992 4920 οἴκοθεν
3049 4866 3384 4938 ὡρμημένον
3429 4867 3518 4922 διὰ
3559 4868 3658 4937 τὴν
3691 4870 3820 4936 περὶ

2241 4954 2419 5009 ταῦτα
2440 4955 2732 5025 ἐμπειρίαν
2757 4970 2842 5008 σοι
2869 4953 2971 5027 τὴν
3007 4956 3314 5026 ὑπηρεσίαν
3346 4956 3694 5027 ἐγχειρίζειν,
3728 4957 3820 5008 νῦν

2248 5046 2450 5116 μᾶλλον
2473 5046 2768 5110 ἀνέπεισας
2793 5047 3002 5118 βέλτιον
3027 5044 3239 5102 οῐεσθαι
3259 5050 3353 5103 καὶ
3391 5048 3725 5120 δικαιότερον
3752 5049 3819 5100 τὰ

2241 5135 2468 5201 τοιαῦτα
2493 5135 2811 5207 διοικήσειν.
2837 5137 2913 5192 Οὐ
2938 5137 3046 5208 γάρ
3063 5138 3269 5209 ὁμοίως
3300 5139 3330 5192 ὃ
3358 5155 3420 5194 τε
3448 5139 3618 5194 πολλά
3649 5140 3820 5207 ἐπαγ-

2241 5227 2567 5299 γειλάμενος
2596 5230 2690 5283 καὶ
2708 5230 2736 5284 ό
2761 5228 2949 5300 μηδὲν,
2979 5230 3111 5301 περὶ
3133 5229 3245 5284 τῶν
3270 5230 3698 5302 ἀπηγγελμένων
3716 5248 3767 5285 τ.
3789 5250 3818 5284 ν

2241 5319 2593 5391 ἐκπλήρωσιν
2644 5320 3031 5376 σπουδάσουσι.
3081 5321 3196 5391 Τὴν
3226 5322 3328 5393 μὲν
3370 5319 3465 5378 οὖν
3516 5323 3817 5393 ὑπηρεσίαν

2240 5408 2350 5464 τῶν
2400 5408 2657 5463 τοιούτων
2706 5410 3008 5480 ἐπιτρέπω.
3063 5411 3131 5465 Σὲ
3176 5411 3233 5464 δὲ
3265 5411 3359 5465 καὶ
3397 5411 3563 5465 αὐτὸν
3607 5411 3812 5465 οἴεσθαι

2241 5503 2538 5570 προσῆκον,
2569 5500 2646 5571 μὴ
2679 5499 2854 5571 μικρά
2902 5516 3023 5555 τινα
3070 5502 3168 5557 καὶ
3217 5502 3673 5573 εὐκαταφρόνητα
3716 5520 3813 5570 με-

2238 5593 2438 5660 τιέναι,
2485 5592 2608 5663 μηδ’
2653 5587 2764 5658 οἷα,
2820 5594 2960 5665 μήτε
3015 5594 3363 5666 διοικούμενα
3406 5595 3583 5658 καλῶς
3615 5594 3817 5662 πολλὴν

2239 5682 2508 5752 ὠφέλειαν
2535 5683 2800 5754 παρέχειν
2827 5682 2906 5756 τῷ
2931 5672 3134 5755 κοινῷ,·
3158 5686 3282 5756 μήτ’
3325 5685 3525 5756 ἐπίσης
3556 5685 3763 5756 βλάπτε
3788 5702 3818 5738 ν

2238 5773 2305 5828 ἂν
2333 5773 2600 5847 ῥᾳθύμως
2629 5777 2723 5829 καὶ
2743 5777 3069 5847 πανούργως
3103 5779 3471 5850 πράττωνται.
3510 5781 3687 5848 Ὅπερ
3709 5777 3818 5848 γάρ

2240 5871 2357 5925 ἐστι
2384 5871 2495 5933 τοῖς
2522 5869 2821 5938 πολιτικοῖς
2849 5874 3174 5945 πράγμασιν
3204 5876 3231 5929 ὁ
3272 5872 3488 5945 κριτὴς,
3521 5875 3678 5928 τοῦτο
3703 5875 3813 5939 τοῖς
