4054 6422
285 385 393 450 7'53

1415 381 1950 440 lllSTOllAliUM
1990 385 2058 442 Ll
2076 385 2217 444 BER
2263 386 2376 445 IIl.

3433 384 3539 445 754

286 495 566 564 δημοσίοις
600 492 904 546 δύναιτ“’ἂν
966 495 991 546 ὀ
1023 492 1306 561 ὲξισωτής.
1370 490 1610 553 Ἐκεῖνος
1661 506 1721 544 τε
1757 490 1865 558 γάρ

1979 507 2178 560 nesque
2210 495 2278 550 ad
2309 493 2651 550 militandum
2700 501 2983 566 promptos
3005 533 3021 560 ,
3051 503 3107 550 et
3136 481 3393 548 ordinum
3434 496 3538 550 ob—

289 591 548 661 εύνομίαν
577 593 701 652 ταῖς
752 590 943 642 πόλεσι
996 585 1429 658 παρασκευάζει,
1466 586 1688 647 δικαίως
1721 585 1863 638 διαι-

289 685 425 749 τῶν,
459 683 686 744 καὶτοῖς
718 682 906 748 νόμοις
939 679 1226 734 πείθεσθαι
1267 677 1723 745 καταναγκάζων.
1755 679 1866 732 Καὶ

293 771 446 840 οὗτος
473 777 537 828 ἂν
566 775 720 845 ἐθέλῃ
753 773 824 825 τά
847 773 1034 825 δίκαια
1067 773 1241 824 ποιεῖν
1266 771 1360 824 καὶ
1387 771 1456 823 τὰ
1481 768 1864 824 λυσιτελοῦντα

296 868 377 937 τῷ
394 867 578 936 κοινῷ,
601 866 706 918 τῶν
735 865 833 934 μὲν
862 863 1229 934 ἀφαιρήσεται
1253 863 1320 916 ἂν
1355 863 1518 915 πλέον
1546 861 1866 932 καρπῶνται

295 959 388 1010 τοῦ
421 957 658 1009 δικαίου⁶
685 957 792 1016 τοῖς
821 955 876 1007 δὲ
925 953 1146 1006 ἔλαττον
1192 953 1378 1023 ἔχουσι
1417 952 1694 1024 προσθεὶς,
1736 971 1870 1022 προ-ν

293 1048 499 1115 θύμους
531 1047 666 1116 πρὸς
694 1047 793 1110 τὰς
851 1044 1146 1116 στρατείας
1176 1046 1594 1116 παρασκευάσει
1635 1045 1867 1111 πάντας,

293 1138 384 1191 καὶ
413 1138 780 1205 φυλάττοντας
810 1137 909 1207 τὴν
931 1135 1103 1200 τάξιν,
1147 1135 1244 1188 καὶ
1283 1136 1639 1205 πειθομένους
1669 1135 1870 1205 ἄριστα

293 1231 403 1289 τοῖς
434 1230 786 1297 στρατηγοῖς,
820 1227 894 1289 ὡς
915 1221 1007 1280 οῦν
1035 1227 1246 1296 μεγάλα
1288 1227 1746 1296 πεπιστευμένος,
1776 1228 1872 1280 καὶ

292 1323 362 1372 τὰ
389 1322 620 1390 μέγιστα
677 1317 1091 1388 συμϐαλλόμενα
1145 1318 1282 1388 πρὸς
1311 1318 1409 1388 τὴν
1443 1320 1713 1389 διοίκησιν
1761 1319 1872 1372 τῶν

295 1413 456 1473 ὅλων,
497 1409 638 1463 οὕτω
694 1410 800 1480 χρὴ
855 1411 947 1462 καὶ
982 1410 1298 1473 πεπεῖσθαι,
1339 1411 1430 1464 καὶ
1481 1412 1873 1482 προσήκουσαν

299 1503 536 1570 σπουδὴν
568 1502 662 1554 καὶ
716 1501 1029 1570 προθυμίαν
1079 1502 1486 1556 ἐπιδείκνυσθαι
1527 1505 1618 1558 ἐπὶ
1646 1499 1756 1564 τοῖς
1783 1503 1901 1574 ἔρι’

293 1611 436 1661 γοις.
471 1593 710 1648 Τοιαῦτα
767 1591 867 1660 μὲν
913 1591 1096 1662 διῆλθε
1151 1592 1288 1662 πρὸς
1339 1594 1530 1660 αὑτὸν,
1575 1593 1874 1662 ἀπολογίαν

293 1687 620 1754 ποιούμενος
650 1684 734 1752 ἐφ’
766 1677 848 1748 οἷς
895 1683 1072 1752 ἠξίου.
1133 1684 1386 1744 Ἔπειτα,
1413 1684 1522 1738 τῶν
1572 1685 1874 1755 χρημάτων

295 1771 627 1827 ἐπυνθάνετο
654 1775 746 1828 τδν
774 1774 1008 1847 ἀριθμὸν
1044 1774 1243 1838 ὁπόσος
1268 1775 1375 1844 εῐη.
1412 1775 1519 1828 Τοῦ
1546 1777 1602 1829 δὲ
1631 1779 1872 1846 ἀποκρι-

295 1868 550 1936 ναμένου,
583 1866 808 1937 χρυσίου
859 1865 956 1935 μὲν
993 1861 1134 1920 εἶναι
1189 1868 1456 1936 μυριάδας
1481 1868 1634 1932 δέκα,
1667 1867 1873 1924 ἔπιπλά

295 1975 355 2010 τε
393 1959 484 2011 καὶ
537 1956 707 2027 σκεύη
742 1958 808 2009 ἐκ
848 1955 1049 2030 χρυσοῦ
1081 1957 1430 2028 πεποιημένα
1472 1958 1870 2030 καὶάργύρου,

297 2047 538 2116 χρυσίων
569 2043 1056 2118 τετρακισμυρίων
1092 2047 1240 2114 ἄξια,
1273 2049 1366 2101 καὶ
1403 2048 1578 2102 ταῦτα
1631 2049 1872 2119 φαμένου

303 2137 480 2189 πάντα
511 2137 572 2190 τὸ
602 2138 700 2191 νῦν
743 2139 885 2209 ἔχον,
913 2139 1144 2210 ἑτοίμως
1172 2139 1449 2193 ἐπιδοῦναι
1471 2140 1639 2210 ἔχειν,
1661 2141 1771 2194 τῶν
1797 2141 1876 2195 οί-

305 2227 475 2280 κετῶν
509 2230 1019 2300 μπακαλεσάμενὸς
1064 2249 1211 2296 τινα,
1255 2232 1489 2297 Οὐκοῦν,
1528 2231 1654 2302 ἔφη,
1703 2232 1875 2287 ταῦτα

283 2320 480 2390 ⁴τούτῳ
531 2323 769 2391 παράδος
804 2322 1080 2380 ἀπελθών.
1133 2323 1223 2388 Ὠς
1273 2325 1332 2379 δὲ
1382 2324 1549 2395 μηδὲν
1601 2325 1874 2396 μελλήσας

304 2405 597 2474 ἐπορεύετο
653 2407 718 2461 τά
777 2413 1230 2485 προστεταγμένα
1289 2411 1684 2484 ἐκπληρώσων,
1745 2416 1878 2485 πρὶν

301 2497 488 2550 οῐκαδε
545 2499 741 2564 ἐλθεῖν,
794 2505 822 2554 ὁ
861 2502 1036 2573 μέγας
1091 2503 1413 2573 δομέστικος
1462 2505 1712 2559 ἐκέλευεν
1746 2505 1880 2561 ἁνα-

305 2588 586 2658 στρέφειν,
636 2592 850 2662 καὶτῆς
883 2592 980 2663 μὲν
1017 2593 1329 2664 προθυμίας
1359 2594 1520 2648 ἕνεκα
1557 2595 1780 2667 ἐπῄνει,
1808 2596 1880 2650 τὰ

301 2681 562 2750 χρήματα
589 2683 646 2736 δέ
675 2683 927 2737 ἐκέλευεν
953 2685 1117 2739 αὐτὴν
1149 2686 1442 2755 φυλάττειν
1469 2725 1486 2751 ,
1524 2688 1600 2752 ὡς
1639 2687 1737 2742 νῦν
1779 2689 1881 2760 μὲν

309 2769 486 2823 αὐτῶν
509 2771 570 2824 ού
598 2771 853 2844 δεομένῳ.
902 2775 1026 2828 Ἐάν
1051 2775 1109 2828 δὲ
1164 2776 1274 2829 τῶν
1317 2777 1464 2832 ίδέων
1489 2778 1880 2834 ἀναλωθέντων

311 2861 407 2912 καὶ
436 2861 634 2916 τούτων
663 2864 852 2936 δεηθῇ,
895 2865 1005 2920 τότ’
1035 2867 1137 2938 ήδη
1172 2867 1474 2938 λαμϐάνειν
1503 2869 1579 2933 ὡς
1609 2870 1758 2942 αὐτῷ
1787 2874 1878 2926 καὶ

314 2948 484 3003 ταῦτα
511 2951 852 3024 διαφέροντα,
896 2957 990 3010 καὶ
1032 2952 1366 3027 ἀναλίσκειν,
1407 2959 1529 3013 ὅποι
1557 2960 1626 3015 ἂν
1648 2961 1777 3032 δοκῇ
1801 2962 1882 3034 τῷ

314 3040 476 3110 κοινῷ
502 3041 846 3097 άναλωθέντα
878 3045 1115 3115 μάλιστα
1140 3046 1534 3118 λυσιτελήσειν.
1575 3051 1635 3104 '0
1657 3049 1702 3104 δ’
1733 3051 1881 3123 ἁπη-

1972 595 2295 652 servantes,
2350 597 2406 642 et
2454 587 2690 644 ducibus
2740 586 3269 657 o'bsequentissimos
3318 585 3536 642 reddet.

1970 677 2109 744 Quia
2134 680 2307 748 igitur
2360 696 2682 752 magnarum
2711 689 2768 737 et
2795 680 2864 735 ad
2899 679 3354 749 gubernationem
3385 694 3542 734 sum-

1972 783 2075 822 ma;
2126 768 2444 838 reipublicae
2486 770 2906 825 utilissimarum
2966 784 3151 824 rerum
3184 769 3283 824 tibi
3331 768 3540 824 credita

1971 873 2105 914 cura
2132 869 2215 915 est
2241 902 2256 926 ,
2297 870 2348 914 te
2391 860 2445 916 id
2500 861 2704 918 sentire
2730 902 2745 926 ,
2782 869 2840 917 et
2887 861 2942 916 in
2993 845 3158 930 opere
3206 861 3543 917 conveniens

1971 951 2212 1006 studium
2257 951 2703 1022 alacritatemque
2762 953 3028 1008 adhibere
3074 959 3316 1022 oportet.
3363 955 3544 1024 Atque

1971 1039 2088 1095 ha:c
2114 1041 2337 1110 quidem
2376 1042 2444 1096 ad
2497 1043 2618 1113 ejus
2687 1044 3004 1113 petitionem
3033 1042 3316 1109 disseruit,
3353 1058 3424 1098 ac
3453 1058 3543 1098 re-

1971 1127 2216 1200 spondit,
2273 1142 2418 1202 post,
2453 1141 2720 1203 quantum
2765 1143 2911 1190 esset
2953 1137 3221 1205 pecunias,
3267 1136 3544 1204 quaesivit.

1973 1221 2055 1277 Eo
2089 1224 2475 1292 respondente.
2510 1239 2808 1280 aureorum
2852 1236 3077 1282 centum
3117 1227 3312 1289 millia,
3343 1227 3545 1296 supel-

1973 1315 2210 1371 lectilem
2235 1330 2368 1372 vero
2396 1325 2449 1371 et
2481 1331 2608 1371 vasa
2653 1332 2720 1371 ex
2749 1332 2886 1373 auro
2931 1326 3271 1388 argentoque
3297 1319 3542 1389 quadra-

1972 1408 2122 1478 ginta
2176 1407 2423 1463 millibus
2468 1407 2771 1474 aestimata,
2801 1424 2922 1479 qua:
2969 1409 3155 1464 omnia
3194 1409 3250 1463 in
3301 1425 3546 1480 praesens

1973 1497 2183 1554 donare
2215 1505 2440 1567 paratus
2461 1498 2554 1563 sit,
2583 1499 2820 1567 quodam
2849 1498 3178 1554 famulorum
3209 1499 3407 1566 accito,
3440 1499 3546 1556 Abi

1973 1591 2144 1662 igitur
2170 1633 2186 1658 ,
2230 1592 2453 1663 inquit,
2489 1603 2546 1648 et
2593 1592 2723 1647 huic
2753 1593 2818 1646 da
2853 1591 3067 1648 isthzec.
3113 1590 3216 1656 Qui
3259 1605 3384 1646 cum
3429 1591 3550 1646 sine

1975 1696 2130 1737 mora
2157 1683 2332 1738 abiret
2353 1685 2504 1754 jussa
2536 1682 2916 1746 conlecturus,
2965 1682 3284 1752 priusquam
3323 1681 3548 1736 domum

1975 1773 2295 1843 attingeret,
2329 1790 2557 1845 magnus
2581 1774 2916 1830 domesticus
2955 1789 3082 1829 eum
3123 1781 3368 1839 revocat,
3395 1781 3453 1829 et
3480 1773 3551 1827 de

1972 1864 2200 1919 libentia
2229 1864 2628 1940 collaudatum,
2658 1865 2922 1934 pecunias
2937 1878 3158 1918 scrvare
3190 1864 3370 1936 jubet,
3400 1864 3549 1934 quod

1974 1952 2045 2008 iis
2085 1953 2252 2007 modo
2307 1968 2420 2008 non
2471 1963 2648 2025 egeat.
2689 1953 2794 2010 Ubi
2833 1953 2950 2007 suis
2986 1954 3328 2024 consumptis
3369 1961 3424 2006 et
3463 1953 3553 2008 his

1975 2042 2300 2113 indiguerit,
2338 2053 2456 2098 tum
2499 2043 2646 2113 ipsas
2690 2058 2912 2114 quoque
2950 2051 3010 2099 ut
3061 2041 3169 2097 sibi
3211 2041 3552 2097 necessarias

1975 2143 2353 2204 accepturum,
2406 2134 2592 2204 ibique
2639 2148 2734 2189 eas
2783 2134 3093 2203 positurum
3130 2173 3146 2198 ,
3183 2131 3280 2188 ubi
3355 2147 3548 2186 earnm

1975 2229 2224 2295 erogatio
2248 2224 2570 2294 reipublicae
2609 2225 2908 2292 plurimum
2939 2223 3225 2293 profutura
3249 2222 3550 2276 videbitur.

1984 2315 2087 2371 Hic
2137 2316 2231 2371 ille
2278 2315 2518 2385 primum
2565 2314 2913 2384 tergiversari
2955 2323 3013 2370 et
3052 2313 3308 2368 dictitare
3357 2328 3554 2382 parum

1977 2408 2081 2462 sibi
2103 2406 2399 2478 jucundam
2441 2421 2563 2463 esse
2599 2406 2852 2476 pecunias
2899 2405 3228 2460 custodiam.
3265 2405 3556 2460 Verumta-

1979 2513 2104 2554 men
2150 2500 2416 2569 imperata
2471 2497 2652 2554 facere
2695 2512 2920 2554 necesse
2968 2497 3179 2552 habuit.
3235 2496 3550 2553 Secundum

1977 2590 2100 2647 haec
2155 2605 2387 2662 magnus
2426 2590 2766 2648 domesticus
2812 2589 3155 2660 primoribus
3205 2590 3439 2660 singulis
3495 2600 3554 2646 et

1980 2685 2190 2754 alioqui
2228 2684 2520 2740 nobilitate
2559 2683 2973 2754 praestantibus,
3010 2692 3067 2738 et
3110 2692 3377 2754 praeterea
3413 2684 3558 2740 mili-

1980 2776 2130 2832 tibus
2163 2776 2467 2841 accersitis,
2500 2786 2769 2846 quantum
2796 2775 2997 2846 cuique
3029 2775 3333 2844 imperator
3367 2774 3560 2830 decre-

1981 2871 2186 2936 visset,
2249 2868 2724 2940 percuntiahatur,
2778 2875 2835 2925 et
2895 2875 3180 2923 tantumne
3224 2866 3432 2933 modo,
3487 2881 3558 2922 an
3652 2861 3656 2866 ’

1982 2961 2165 3016 minus
2189 2960 2558 3029 possiderent.
2593 2958 2810 3024 Quibus
2835 2957 3120 3028 sigillatim
3148 2956 3296 3027 quod
3325 2971 3417 3012 res
3436 2964 3562 3012 erat

1985 3051 2474 3122 respondentibus,
2509 3051 2821 3106 Patriciotae
2865 3049 3168 3127 mandavit,
3197 3059 3259 3105 ut
3282 3049 3378 3118 qui
3405 3049 3559 3102 frau-

311 3131 506 3201 γὸρευε
542 3133 639 3203 μὲν
664 3135 774 3188 τῶν
819 3136 1116 3206 χρημάτων
1165 3138 1264 3208 τὴν
1309 3139 1583 3209 φυλακὴν,
1640 3139 1704 3194 οὐ
1759 3142 1878 3196 καθ’

1985 3142 2098 3198 dati
2128 3151 2355 3208 essent,
2396 3157 2590 3198 eorum
2629 3141 2828 3196 damna
2872 3140 3168 3196 resarciret
3191 3181 3206 3206 ,
3240 3147 3298 3195 et
3331 3139 3562 3208 insuper

315 3223 505 3292 ἡδονὴν
535 3221 676 3280 εἶναι
699 3227 927 3297 φάσκων
956 3227 1104 3299 αύτῷ
1121 3231 1525 3302 παρακατέχειν
1554 3232 1658 3288 ἔτι.
1691 3233 1883 3304 Ὅμως

313 3314 631 3383 ἀναγκαίως
656 3321 1132 3389 προσταττόμενος
1157 3321 1428 3376 ἐπείθετο.
1461 3321 1612 3377 Μετὰ
1644 3322 1804 3377 τοῦτο
1825 3325 1886 3378 δὲ

310 3406 341 3456 ὁ
377 3405 548 3473 μέγας
579 3407 920 3477 δομέστικος,
951 3410 1060 3463 τῶν
1096 3427 1155 3464 τε
1189 3413 1578 3483 συγκλητικῶν
1607 3414 1731 3469 καθ’
1761 3414 1883 3480 ἕνα,

314 3498 412 3548 καὶ
444 3498 554 3550 τῶν
595 3498 770 3563 άλλως
820 3501 1068 3572 εὐγενείᾳ
1115 3503 1507 3574 διαφερόντων,
1566 3507 1761 3561 ἔπειτα
1793 3510 1888 3561 καὶ

314 3588 658 3658 στρατιώτας
693 3592 1192 3665 μετακαλούμενος,
1225 3599 1324 3668 τῆς
1355 3613 1414 3649 τε
1445 3597 1594 3670 παρὰ
1625 3597 1888 3668 βασιλέως

316 3680 776 3754 ἀποτεταγμένης
831 3686 1047 3758 ἑκάστῳ
1104 3690 1364 3758 προνοεας
1417 3689 1750 3745 ἐπυνθάνετο
1795 3693 1888 3744 τὸν

316 3771 553 3840 άριθμδν
593 3775 685 3828 καὶ
717 3775 768 3828 εί
798 3776 1051 3831 τοσοῦτον
1081 3780 1344 3851 κέκτηται
1374 3778 1489 3847 νῦν,
1524 3781 1558 3852 ἢ
1607 3779 1700 3834 τοῦ
1726 3798 1890 3836 τεταο

315 3860 522 3928 γμένου
555 3858 718 3934 ἧττον
744 3881 758 3896 ·
781 3865 892 3921 τῶν
919 3867 976 3921 δὲ
998 3869 1451 3939 ἀποκρινομένων
1482 3872 1714 3926 ἑκάστου
1739 3874 1892 3937 ὅπως

319 3949 433 4023 εἶχε
464 3957 532 4008 τὰ
568 3958 754 4025 αὑτοῦ,
789 3961 904 4023 τοῖς
953 3961 1053 4031 μὲν
1093 3962 1569 4034 ἀπεστερημένοις
1605 3965 1716 4018 τῶν
1741 3966 1890 4019 δεόν-

319 4060 429 4098 των
475 4048 568 4102 τδν
617 4049 1004 4121 Πατρικιὼτην
1055 4053 1308 4108 ἐκέλευεν
1359 4055 1739 4126 ἀναπληροῦν,
1797 4059 1892 4110 καὶ

325 4139 546 4206 προσέτι
575 4140 946 4212 προστιθέναι,
978 4143 1104 4197 ὅσον
1131 4144 1282 4214 αὐτῷ
1311 4145 1494 4210 καλῶς
1527 4145 1672 4216 ἔχειν
1693 4146 1891 4214 ἐδόκει,

1989 3241 2255 3305 quantum
2283 3233 2482 3290 decere
2513 3233 2788 3306 iudicaret
2813 3271 2830 3300 ,
2872 3241 3115 3303 spectata
3157 3229 3422 3301 cujusque
3470 3231 3561 3286 di-

1988 3327 2196 3401 gnitate
2256 3335 2313 3382 et
2357 3325 2571 3382 meritis
2629 3325 2915 3396 adjiceret.
2964 3324 3070 3390 Qui
3115 3323 3186 3380 ab
3224 3323 3561 3393 imperatore

1988 3417 2321 3473 sufﬁcientia
2349 3417 2620 3473 haberent
2663 3417 2960 3488 stipendia,
3003 3416 3113 3471 illis
3155 3415 3414 3471 similiter
3453 3417 3561 3472 alia

1990 3509 2118 3564 addi
2152 3511 2336 3581 jussit.
2367 3509 2458 3566 Sic
2483 3509 2682 3566 diebus
2715 3512 2995 3580 sexaginta
3029 3508 3266 3566 maxime
3290 3508 3563 3566 divisione

1991 3601 2169 3667 facta,
2209 3617 2336 3657 cum
2371 3602 2558 3657 minus
2605 3601 2944 3658 habentibus
2987 3600 3134 3672 quod
3171 3600 3363 3657 deerat
3399 3616 3562 3658 acce-

1992 3695 2146 3749 deret
2171 3709 2295 3748 cum
2337 3695 2608 3760 auctario,
2649 3703 2705 3750 et
2743 3693 2974 3764 reliquis
3012 3692 3153 3750 nihil
3189 3693 3563 3749 desideranti-

1993 3784 2098 3840 bus
2119 3794 2299 3840 tamen
2325 3785 2644 3850 adderetur,
2673 3784 2916 3848 universi
2956 3783 3205 3839 contenti
3245 3783 3564 3854 stipendiis.

1994 3893 2248 3952 magnum
2274 3876 2638 3932 domesticum
2677 3877 2978 3946 gratiarum
3018 3877 3238 3932 actione
3261 3891 3564 3946 proseque-

1992 3967 2230 4033 bantur,
2289 3976 2346 4022 et
2387 3967 2705 4038 ubicunque
2742 3975 3019 4022 terrarum
3055 3967 3321 4023 adversus
3366 3966 3574 4033 Roma:

1995 4074 2193 4115 norum
2233 4059 2421 4115 hostes
2445 4059 2513 4114 ad
2551 4058 2948 4114 decertandum
2971 4073 3031 4114 se
3055 4068 3282 4129 paratos
3305 4060 3568 4118 ostende-

1992 4152 2150 4218 bant,
2176 4165 2330 4206 arma
2363 4157 2714 4219 estergentes
2749 4159 2807 4205 et
2831 4164 3006 4220 equos
3045 4149 3328 4206 consuetis
3381 4150 3570 4219 plures

321 4227 598 4298 ἀναλόγως
643 4233 860 4305 ἑκάστῳ
903 4235 1003 4310 τήν
1037 4236 1362 4306 εὐεργεσίαν
1407 4237 1742 4308 προστιθείς.
1769 4239 1878 4304 Τοῖς

1995 4255 2062 4297 ac
2109 4240 2368 4296 meliores
2411 4249 2832 4310 comparantes,
2871 4240 3232 4310 dolentesque
3280 4240 3463 4310 plane,
3506 4251 3570 4297 ut

318 4319 377 4371 δὲ
408 4321 680 4385 άνενδεετς
700 4323 798 4387 τὰς
827 4325 890 4375 ἐκ
916 4323 1184 4394 βασιλέως
1221 4325 1405 4396 ἔχουσι
1452 4327 1774 4396 προσόδους,
1802 4331 1878 4383 κα“

1997 4331 2339 4401 apparebat,
2379 4329 2529 4400 quod
2574 4344 2686 4384 non
2726 4329 2894 4386 citius
2935 4329 3006 4385 ad
3049 4329 3292 4386 hostium
3340 4331 3571 4402 injurias

318 4410 504 4474 αὐτοῖς
531 4413 782 4467 ἐκέλευεν
825 4414 1028 4484 ὁμοίως
1061 4412 1308 4486 πρὸςοῖς
1341 4415 1529 4486 ἔχουσι
1566 4416 1661 4472 καὶ
1699 4419 1878 4490 ἐτέρας

1999 4420 2380 4478 defendendas
2415 4419 2805 4475 educerentur.
3588 4460 3599 4476 .

321 4503 693 4569 προστιθέναι.
725 4504 836 4557 Καὶ
865 4507 925 4558 ἐν
986 4505 1253 4577 ἐξήκοντα
1319 4507 1559 4578 ήμέραις
1604 4509 1844 4578 μάλιστα
1905 4511 2278 4582 γεγενημένου
2333 4508 2430 4564 τοῦ
2481 4509 2819 4580 άναδασμοῦ,
2851 4512 2965 4574 τοῖς
3018 4526 3078 4565 τε
3118 4509 3344 4566 ἔλαττον
3387 4514 3573 4583 ἔχουσι

320 4593 676 4662 προσετίθετο
705 4595 768 4648 τὸ
814 4595 1058 4650 ἐλλεῖπον
1119 4598 1257 4668 μετά
1319 4599 1660 4671 προσθήκης,
1693 4602 1787 4655 καὶ
1837 4605 1953 4666 τοῖς
1989 4601 2333 4673 λειπομένοις
2384 4601 2610 4673 μηδενὸς
2647 4601 2683 4670 ἡ
2715 4599 3002 4672 προσθήκη
3049 4602 3424 4672 προσεγίνέτο.
3460 4604 3574 4657 Καὶ

321 4685 526 4745 πάντες
557 4685 892 4758 ἐξαρχούσας
924 4689 1020 4751 τὰς
1069 4689 1364 4760 προσὸδους
1419 4691 1786 4762 ἡγησάμενοι,
1845 4691 2074 4764 χάριτάς
2098 4709 2160 4746 τε
2226 4691 2545 4763 ὡμολόγουν
2589 4690 2670 4761 τῷ
2735 4690 2965 4761 μεγάλῳ
2992 4691 3302 4762 δομεστίκῳ
3343 4692 3573 4760 πολλὰς,

321 4779 418 4832 καὶ
448 4779 716 4850 πρόθυμοι
761 4777 901 4852 ἦσαν
948 4783 1062 4845 τοῖς
1119 4783 1460 4854 ὁπουδήποτε
1495 4785 1600 4856 γῆς
1635 4784 1749 4841 τῶν
1824 4786 2115 4857 Ῥωμαίων
2149 4785 2436 4856 πολεμίοις
2507 4783 2797 4856 μάχεσθαι.
2867 4784 2981 4839 Καὶ
3015 4783 3160 4837 ὅπλα
3204 4784 3576 4850 ἐπεσκεύαζον

321 4876 720 4946 διασμήκοντες
754 4915 770 4942 ,
844 4879 940 4931 καὶ
999 4877 1198 4940 ἵππους
1261 4879 1723 4948 προσεπρὶζοντο
1787 4879 1883 4934 καὶ
1923 4880 2148 4942 πλείους
2206 4879 2300 4933 καὶ
2367 4877 2610 4948 βελτίους
2636 4875 2750 4931 τῶν
2792 4877 3124 4947 προτέρωνο
3155 4875 3254 4930 καὶ
3279 4875 3417 4939 ὅλως
3463 4875 3578 4931 ἐδό-

323 4986 457 5023 κουν
489 4970 579 5021 καὶ
609 4971 958 5039 ἀγανακτεῖν,
1013 4969 1095 5022 ὅτι
1129 4968 1207 5040 μὴ
1249 4968 1441 5038 τάχιον
1496 4973 1630 5039 πρὸς
1676 4973 1891 5040 ἄμυναν
1931 4971 2222 5062 ἐξάγονται
2255 4969 2364 5023 τῶν
2393 4967 2695 5039 πολεμίων.
2781 4997 2793 5018 ~.

1668 5085 1836 5156 373
1869 5084 2094 5141 CAPUT
2127 5085 2216 5140 1x.

333 5174 409 5228 De
425 5181 739 5247 coronando
763 5179 974 5234 Joanne
1007 5179 1328 5247 imperatore
1375 5177 1644 5232 domestici
1695 5176 1977 5231 consilium
2019 5185 2068 5231 et
2103 5177 2352 5246 refutatio
2395 5175 2857 5247 adversariorum._
2890 5172 3577 5247 ImperalricisAcunctatio.

403 5246 599 5319 Classis
625 5261 812 5306 contra
851 5243 1132 5318 satrapam
1184 5248 1384 5319 Lydite,
1420 5249 1732 5319 populatum
1769 5250 2077 5301 venientem.
2127 5243 2392 5319 Pedestria
2439 5247 2702 5319 exercitus
2733 5261 2767 5298 α
2822 5243 3116 5319 ᾴοηιεειίεο
3141 5246 3196 5298 in
3248 5244 3579 5319 Occidentem

319 5325 330 5340 ‘
401 5318 685 5374 ducendus.
720 5320 922 5374 Iterum
957 5337 987 5372 a
1006 5314 1318 5389 patriarcha
1345 5314 1504 5385 ﬁdem
1526 5318 1708 5385 exigit,
1754 5330 1920 5389 quam
1938 5324 2122 5370 sancte
2145 5315 2444 5389 pollicetur.
2470 5314 2965 5389 Abimperatrice‘et
2989 5315 3244 5369 laudatur
3270 5325 3326 5389 et
3346 5317 3581 5389 suagiter

402 5399 644 5444 monetur
673 5407 737 5443 ne
792 5406 848 5443 se
879 5384 1144 5444 laboribus
1173 5384 1441 5456 conﬁciat,
1489 5394 1539 5439 et
1577 5384 1813 5456 pecuniis
1855 5402 1967 5441 sum
1993 5384 2200 5455 parcnt.
2244 5385 2536 5456 Respondet
2575 5384 2860 5456 admodum
2893 5384 3117 5454 ingenue
3169 5395 3219 5456 et
3268 5384 3578 5456 liberaliter,

401 5467 450 5512 et
491 5475 547 5513 se
599 5460 814 5514 rebelles
865 5461 1218 5532 coerciturum
1272 5453 1434 5528 atque
1468 5459 1519 5512 in
1555 5453 1789 5510 ordinem
1811 5453 2150 5512 redacturum
2184 5453 2462 5526 promittit,
2499 5453 2858 5526 Bysantioque
2895 5469 3015 5506 cum
3046 5455 3278 5506 exercitu
3305 5453 3542 5507 discedit.

418 5578 568 5632 Ἐπεὶ.
595 5577 653 5631 δὲ
673 5578 846 5632 ταῦτα
873 5577 1024 5646 αὐτῷ
1051 5575 1289 5648 διῴκητο
1317 5575 1518 5640 καλῶς,
1550 5574 1878 5628 συνεϐούλεω

2080 5574 2179 5632 His
2225 5585 2334 5629 tam
2385 5573 2645 5644 praeclare
2693 5571 2903 5642 gestis,
2956 5568 3294 5639 itnperatrici
3348 5567 3582 5622 suadere

335 5671 403 5736 *ᾗ
438 5667 689 5733 suamet,
715 5667 805 5720 τὸν
831 5668 944 5720 υἱὸν
991 5665 1214 5736 βασιλέα
1265 5666 1357 5718 τὸν
1390 5664 1668 5734 Ἰωάννην,
1724 5665 1878 5734 χρίειε

2009 5667 2228 5729 institit,
2266 5665 2342 5719 uti
2371 5664 2637 5720 Joannem
2672 5661 2843 5717 lilium
2878 5661 3263 5730 imperatorem
3311 5660 3431 5715 oleo
3461 5676 3586 5716 san-

333 5777 399 5815 τε
437 5759 593 5831 μύρῳ
619 5759 697 5830 τῷ
739 5759 902 5830 άγίῳ,
950 5758 1047 5812 καὶ
1076 5759 1260 5828 στέφει
1301 5756 1400 5830 τὴν
1450 5757 1694 5829 κεφαλὴν
1729 5774 1870 5812 κατα

2010 5769 2098 5815 cto
2157 5757 2470 5830 ungendum
2545 5765 2599 5810 ct
2655 5768 2860 5810 corona
2910 5751 3288 5812 exornandam
3345 5761 3586 5810 curaret.
