4054 6422
486 443 594 506 7ἷο

1653 439 1976 503 ΙΟΛΝῊΞ
2018 438 2539 502 (ΖΑΧΤΜΣΕΖΕΝΙ

3616 423 3723 490 7οο

487 561 758 613 bonurqu
815 557 1028 617 auctori
1083 559 1288 627 gratias
1340 567 1526 612 actura
1581 557 1693 624 sit;
1738 573 1846 611 non
1903 560 2048 610 enim

2156 573 2206 607 τι
2241 550 2468 625 κώλυμα
2499 551 2764 623 συμϐαίη,
2797 547 3036 604 τοσαῦτα
3070 544 3373 616 Ῥωμαίους
3399 544 3721 614 ὠφελήσειν,

485 651 643 720 parvi
677 649 938 703 incruenti
991 648 1241 718 quadam
1274 662 1370 718 per
1423 648 1658 702 hiemem
1710 648 1890 701 moliri
1935 647 2049 701 elli-

371 739 386 807 F
486 758 616 797 cere
641 781 656 802 .
723 749 913 810 utpote
946 741 1148 796 multos
1177 751 1305 794 ante
1350 739 1699 794 refractarios
1735 748 1788 794 et
1817 739 2055 794 audaces

484 847 555 886 eo
584 832 911 887 adacturum
938 871 952 893 ,
1010 841 1070 885 ut
1100 821 1169 886 sel
1210 831 1456 885 Romano
1511 831 1830 901 imperatori
1875 829 2051 884 tribu-

484 924 657 976 tarios
719 931 776 976 et
833 922 1113 992 subjectos
1163 921 1552 977 conﬁteantur.
1601 922 1764 978 Plura
1814 922 1870 976 in
1911 921 2054 974 hanc

487 1013 820 1068 sententiam
853 1013 1153 1076 narrabat,
1178 1019 1234 1065 et
1263 1027 1384 1081 qua:
1414 1013 1529 1080 ipse
1562 1012 1819 1067 versabat
1848 1011 2051 1074 animo,

482 1109 540 1154 et
567 1099 908 1169 imperatrici
941 1098 1133 1153 auditu
1183 1098 1524 1168 perjucunda
1575 1097 1690 1152 fore
1741 1113 1852 1152 non
1904 1097 2056 1168 igno-

483 1189 663 1244 rabat.
700 1190 817 1257 Qua
853 1192 1075 1245 tandem
1112 1189 1343 1243 salutata
1370 1229 1385 1254 ,
1418 1188 1680 1259 Byzantio
1729 1203 1853 1244 cum
1893 1204 2056 1244 excr-

482 1281 595 1338 citu
654 1293 711 1338 et
761 1283 1027 1338 nobilium
1056 1299 1152 1338 seu
1183 1283 1540 1352 patriciorum
1591 1298 1786 1352 magno
1825 1299 2057 1338 numero

479 1373 676 1438 exivit,
751 1375 940 1429 relicta
1008 1374 1213 1428 ibidem
1273 1385 1477 1439 matre,
1520 1390 1642 1444 qua:
1691 1375 2055 1430 calamitatem

478 1465 605 1535 ejus
655 1482 763 1521 non
819 1467 1194 1522 mediocribus
1245 1467 1454 1522 solatiis
1503 1467 1705 1522 leniret
1780 1482 1844 1522 ac
1905 1467 2054 1522 miti-

477 1568 654 1627 ειη-οι.

2155 649 2254 700 ὅσα
2278 647 2371 700 καὶ
2407 646 2578 714 αὐτὴν
2622 643 2836 712 ὁρῶσαν
2888 640 3008 709 Θεῷ
3045 641 3274 710 χάριτας
3304 637 3593 707 ὁμολογεῖν
3641 637 3728 706 τῷ

2157 736 2402 807 συνεργῷ
2421 737 2531 790 τῶν
2558 735 2739 789 καλῶν
2759 751 2774 765 ·
2793 733 2858 786 δῦ
2914 733 3086 804 μικρὰ
3118 731 3227 801 γάρ
3256 747 3378 783 τινα
3397 728 3729 782 διανοεῖσθαι

2155 824 2600 896 παρασκευάσειν
2627 823 2720 876 τοῦ
2770 821 3042 892 χειμῶνος
3073 819 3148 881 ὡς
3192 819 3306 888 ἅμα
3343 811 3462 886 ἦρι,
3495 813 3730 875 πολλοὺς

2156 921 2265 972 τῶν
2289 920 2556 988 πρότερον
2578 915 2721 969 κατά
2755 913 3044 983 Ῥωμαίων
3073 908 3493 978 θρασυνομένων
3525 905 3732 974 ames.

2162 1030 2286 1082 ρους
2334 1011 2432 1064 καὶ
2476 1009 2716 1064 δουλείαν
2742 1003 3134 1077 ὁμολογοῦντας
3170 1001 3385 1071 βασιλεῖ
3433 997 3733 1066 Ῥωμαίων

2159 1101 2475 1168 ἀποδείξων.
2507 1101 2618 1154 Καὶ
2660 1098 2884 1152 τοιαῦτα
2913 1097 3077 1166 ἕτερα
3111 1093 3285 1148 πολλὰ
3316 1088 3733 1158 προσεπειπὼν,

2158 1195 2258 1246 ὅσα
2304 1209 2361 1244 τε
2387 1191 2546 1255 αὐτὸς
2592 1190 2849 1244 διενοεῖτο
2892 1187 3177 1257 πράττειν,
3206 1185 3300 1237 καὶ
3334 1181 3582 1252 βασιλίδα
3606 1178 3731 1249 ᾔδει

2160 1287 2462 1340 ἀκούουσαν
2493 1281 2630 1350 πρὸς
2660 1281 2878 1350 ἡδονὴν,
2908 1278 3007 1330 καί⁵
3049 1277 3364 1329 τελευταῖον
3394 1271 3733 1336 συνταξάμε-

2160 1394 2270 1440 νος,
2291 1373 2439 1444 ὲξῄῖι
2476 1372 2767 1436 Βυζαντίου
2803 1370 2916 1440 ἅμα
2957 1368 3189 1439 στρατιᾷ
3211 1367 3307 1419 καὶ
3330 1364 3440 1417 τῶν
3463 1364 3730 1429 εὐπατρι-

2159 1466 2264 1520 δῶν
2295 1466 2530 1528 πολλοῖς,
2568 1463 2667 1534 τὴν
2705 1462 2919 1532 μητέρα
2938 1459 3261 1513 καταλιπὼν
3291 1455 3532 1521 ὲκεῖ,.ώς
3552 1470 3732 1522 παρα-

2163 1559 2364 1629 μυθίαν
2391 1558 2452 1611 οὗ
2488 1557 2689 1626 μικρὰν
2722 1555 2990 1624 ἐσομένην
3030 1551 3264 1623 βασιλίδι
3301 1550 3437 1621 πρὸς
3463 1549 3557 1612 τὰς
3591 1563 3730 1615 συμμ-

2161 1649 2359 1720 φοράς.
2919 1694 2948 1704 -

1938 1783 2168 1842 CAPUT
2207 1785 2277 1840 Χ.

477 1875 564 1931 Ea:
596 1871 804 1945 urbibus
841 1871 1080 1929 Thracia:
1106 1885 1376 1929 senatores
1429 1885 1478 1930 et
1523 1877 1772 1945 prasidia
1805 1878 1875 1929 ad
1911 1877 2298 1944 expeditionem
2331 1884 2697 1930 assumuntur.
2759 1873 2951 1927 Manus
2988 1881 3238 1945 renovato
3269 1869 3458 1941 {aedere
3489 1867 3727 1945 discedit.

545 1947 701 2014 Apud
729 1943 1107 1998 Chersonesum
1137 1945 1308 2004 Eersre
1337 1941 1610 2000 cazduntur
1638 1957 1687 2000 et
1723 1941 1988 2015 fugantur
2014 1946 2179 2000 semel
2225 1957 2275 1999 et
2325 1947 2534 1999 iterum.
2576 1946 2923 2014 Apocauchus
2955 1959 3142 2013 capere
3189 1941 3731 2015 imperatoremado-

549 2009 828 2087 lescentem
863 2022 912 2066 et
943 2030 1168 2087 regnare
1197 2017 1500 2070 meditatur.
1534 2009 1898 2087 Depreherisus
1933 2017 1986 2068 in
2019 2023 2194 2070 arcem
2241 2033 2392 2087 suam
2426 2009 2683 2087 confugit,
2714 2022 2872 2083 atque
2917 2023 2971 2066 ut
3021 2009 3241 2087 mortem
3264 2009 3509 2087 'eﬁjugiat,
3547 2009 3731 2087 dome—

547 2087 734 2157 sticum
789 2081 1161 2157 inconstantia:
1207 2101 1387 2140 rerum
1424 2081 1785 2140 humanarum
1817 2093 2010 2150 monet,
2065 2103 2097 2139 a
2128 2102 2229 2157 quo
2278 2081 2792 2139 vicissim'm'onetur’
2826 2085 3187 2154 persapienter
3233 2090 3282 2136 et
3323 2081 3432 2133 Deo
3463 2081 3518 2132 in
3547 2081 3736 2149 primis

547 2154 819 2210 nitendum
861 2155 1172 2208 ostenditur.

547 2267 918 2338 Didymotichi
971 2283 1096 2323 cum
1137 2279 1324 2333 esset,
1377 2270 1674 2324 maximum
1715 2285 1898 2342 operae
1929 2287 2048 2343 pre-

2197 2229 2207 2234 1
2244 2269 2398 2325 *Επεὶ
2413 2269 2474 2325 δὲ
2496 2242 2708 2339 γένοιτο
2743 2268 2881 2338 πρὸς
2902 2267 3290 2337 Διδυμοτείχφ,
3319 2265 3597 2335 προῦργου
3634 2264 3737 2332 μὲν

477 2363 616 2419 tium
649 2361 806 2416 duxit
837 2359 1056 2416 urbium
1087 2360 1446 2416 Thraciarum
1488 2372 1794 2429 senatores,
1835 2364 2057 2433 etquod

479 2465 600 2508 erat
635 2453 710 2508 ibi
741 2453 978 2508 militum
1015 2453 1154 2508 citra
1192 2454 1600 2511 excusationem
1628 2496 1642 2520 ,
1693 2455 1853 2527 381
1893 2458 1972 2513 uti
2003 2465 2060 2513 et

369 2589 374 2592 .
474 2541 768 2614 Byzantios
841 2540 1179 2611 expeditioni
1245 2543 1573 2608 ascribere;
1646 2547 1816 2616 idque
1907 2547 2051 2602 intra

477 2649 688 2704 paucos
725 2633 844 2689 dies
873 2633 1096 2688 eﬂ‘ectui
1151 2634 1337 2689 datum
1369 2647 1473 2691 est.
1505 2637 1714 2693 Deinde
1747 2639 2057 2696 resciscens

473 2725 768 2781 Mmsorum
803 2741 984 2795 regem
1013 2725 1380 2782 Alexandrum
1409 2729 1552 2797 apud
1587 2729 1863 2785 Stilbnum
1893 2733 2055 2802 oppi-

475 2816 607 2871 dum
643 2817 828 2872 Moesis
859 2817 1176 2888 subjectum
1207 2818 1262 2872 in
1284 2818 1595 2876 confinibus
1617 2831 1796 2877 castra
1827 2822 2053 2889 habere,

478 2923 578 2977 per
598 2907 810 2978 legatos
840 2907 892 2963 ei
927 2907 1218 2979 significat,
1249 2925 1308 2965 se
1338 2910 1696 2983 Adrianopoli
1729 2913 2053 2984 subsistere,

433 2997 726 3073 ._velleque
795 2998 1059 3064 discere,
1111 2997 1327 3058 bellone
1375 3018 1445 3058 an
1500 3020 1634 3073 pace
1685 3005 2056 3063 delectaretur

473 3088 700 3159 magis;
745 3089 890 3145 diem
951 3091 1102 3147 enim
1164 3109 1330 3163 quam
1378 3092 1624 3167 Byzantii
1694 3098 1815 3168 ejus
1859 3099 2056 3170 legatis

470 3180 818 3248 praefuisset,
854 3198 1026 3253 prope
1077 3185 1284 3242 exitum
1317 3202 1458 3242 esse.
1517 3187 1828 3244 Alexander
1859 3191 2054 3248 videns

473 3270 754 3326 Romanos
803 3287 916 3327 non
953 3289 1075 3329 esse
1109 3287 1496 3332 consternatos
1519 3318 1534 3342 ,
1566 3289 1622 3333 ut
1659 3281 2052 3350 augurabatur,

475 3363 573 3418 sed
609 3375 832 3434 paratos
867 3367 932 3420 ad
969 3368 1345 3424 ulciscendum
1377 3370 1625 3426 volentes
1673 3372 1875 3428 inferre
1909 3375 2054 3444 inju-

471 3455 652 3523 riam,
681 3465 946 3530 etncque
977 3474 1078 3528 per
1113 3460 1322 3531 legatos
1353 3463 1536 3526 minis,
1573 3479 1749 3534 neque
1783 3475 2050 3534 apparatu

470 3563 577 3602 suo
611 3549 844 3605 militari
893 3566 989 3606 eos
1023 3553 1269 3621 potuisse
1319 3555 1702 3624 commoveri,
1747 3557 2047 3612 utlibidini

2161 2366 2400 2419 ἐποιεῖτο
2430 2363 2630 2426 παντὸς
2661 2363 2787 2425 τοὺς
2825 2359 2968 2414 κατὰ
2991 2360 3090 2422 τὰς
3135 2359 3235 2426 τῆς
3269 2359 3494 2429 Θρᾴκης
3546 2357 3735 2419 πόλεις

2163 2452 2554 2515 κατοικοῦντας
2573 2452 2965 2521 συγκλητικοὺς
2985 2451 3077 2503 καὶ
3095 2451 3193 2518 τὴν
3216 2447 3500 2517 στρατιὰν,
3522 2449 3737 2514 ἀποφα-

2163 2544 2377 2606 σίστους
2412 2543 2594 2595 ποιεῖν
2634 2542 2766 2611 περὶ
2794 2542 2895 2604 τὰς
2928 2539 3237 2610 στρατείας,
3263 2537 3487 2607 ὺῶσπερ
3525 2538 3589 2607 δὴ
3638 2538 3734 2590 καὶ

2165 2634 2531 2700 Βυζαντίους,
2577 2635 2676 2688 καὶ
2734 2631 2992 2700 ἐποίησεν
3042 2629 3242 2698 ὀλίγων
3299 2630 3432 2683 είσω
3488 2628 3732 2697 ἡμερῶν.

2165 2728 2399 2782 Ἔπειτα
2450 2725 2771 2796 πειθόμενος
2827 2725 2905 2788 ὡς
2971 2726 3000 2778 ό
3059 2723 3170 2776 τῶν
3213 2723 3416 2777 Μυσῶν
3482 2720 3736 2792 βασιλεὺς

2173 2804 2520 2890 Ἀλέξανδρος
2568 2819 2828 2888 στρατιὰν
2889 2816 3068 2886 ἔχων,
3133 2813 3628 2884 ἐστρατοπέδευσεν
3674 2815 3734 2866 ὲν

2161 2911 2401 2982 Στίλϐνῳ
2430 2911 2637 2972 Μυσοῖς
2663 2909 2892 2979 ὑπηκόῳ
2922 2907 3075 2959 πόλει
3105 2908 3162 2959 ὲν
3190 2905 3463 2977 μεθορίοις
3487 2904 3589 2974 τῆς
3611 2905 3724 2957 αὑ-

2167 3005 2263 3060 τοῦ
2297 3022 2358 3059 τε
2407 3005 2501 3061 καὶ
2533 3001 2824 3069 Ῥωμαίων
2875 3001 3174 3078 ἡγεμονίας
3229 2999 3535 3078 ᾠκισμένῃ,
3593 2998 3733 3068 ἔγνω

2157 3097 2268 3151 δεῖν
2320 3094 2618 3166 πρεσϐείαν
2667 3093 2906 3159 πέμπειν
2939 3091 3078 3161 πρὸς
3115 3091 3297 3145 αὐτόν’
3335 3092 3432 3144 καὶ
3482 3087 3728 3158 πέμψας,

2160 3190 2220 3242 ἰν
2259 3187 2696 3259 Ἀδριανουπὸλει
2734 3200 2794 3240 τε
2829 3183 3021 3252 ἐδήλου
3056 3182 3384 3252 διατρίϐειν,
3410 3183 3506 3236 καὶ
3542 3180 3731 3252 μαθεῖν

2158 3279 2396 3344 ἐθέλειν,
2452 3280 2500 3332 εί
2536 3281 2565 3332 ὁ
2614 3277 2850 3348 πόλεμος
2903 3273 3068 3348 αὐτῷ·
3111 3273 3312 3344 μᾶλλον
3378 3273 3663 3347 αἱρετέος,
3692 3270 3728 3343 ἢ

2157 3371 2369 3442 εἰρήνη.
2407 3369 2519 3440 Τὴν
2552 3369 2661 3441 γὰρ
2703 3368 3044 3439 προθεσμίαν
3093 3370 3161 3439 ἣν
3211 3371 3324 3432 τοῖς
3351 3369 3566 3422 ἐκείνου
3597 3367 3731 3435 πρὲο

2159 3463 2315 3516 σϐεσι
2362 3460 2672 3533 παρέσχετο
2715 3461 2877 3524 αὐτὸς
2947 3462 3007 3514 ἑν
3055 3459 3339 3530 Βυζαντίῳ
3394 3458 3727 3529 γενομένοις,

2162 3555 2295 3627 περὶ
2345 3553 2526 3621 ἔξοδον
2561 3553 2663 3625 ἤδη
2712 3549 2873 3608 εἷναι.
2942 3552 3328 3624 Ἀλέξρανδρος
3367 3551 3424 3605 δὲ
3481 3551 3621 3618 ὀρῶν
3666 3549 3727 3602 οὐ

470 3653 585 3693 sua:
630 3619 1062 3707 satisfacerent,
1092 3643 1161 3697 ad
1221 3643 1629 3700 dimicationem
1683 3619 1871 3702 venire
1905 3647 2048 3703 haud

2156 3619 2568 3719 κατεπτηχότας
2584 3619 2782 3716 ⁷ὥσπερ
2807 3643 2944 3716 ᾤετο
2976 3619 3311 3713 Ῥωμαίους,
3334 3640 3451 3695 ἀλλ’
3477 3639 3730 3710 ἑτοίμους

469 3731 605 3786 utile
645 3732 750 3788 sibi
785 3743 964 3798 ratus,
995 3734 1064 3790 ad
1107 3745 1377 3792 conventa
1417 3736 1741 3806 descendit;
1802 3755 2053 3795 rursum—

467 3838 575 3891 que
607 3825 781 3894 priori
833 3825 1044 3882 ftedere
1071 3830 1285 3884 sancito
1308 3868 1323 3894 ,
1361 3829 1479 3899 ipse
1522 3829 1830 3886 Trinobum
1862 3833 1915 3887 in
1960 3847 2052 3888 se-

469 3912 595 3970 dem
624 3929 801 3982 suam,
822 3931 1052 3986 magnus
1081 3917 1421 3975 domesticus
1450 3918 1857 3978 Chersonesum
1889 3924 2051 3988 abiit,

468 4006 618 4075 quod
689 4005 1011 4077 frequentes
1066 4009 1356 4065 Persarum
1421 4011 1608 4082 copias
1673 4013 1841 4072 Giaxe
1907 4016 2049 4072 duce

468 4098 738 4168 Pergamo
799 4099 1162 4157 advenientes
1213 4117 1280 4157 eo
1350 4104 1664 4172 irrupturas
1719 4106 2046 4163 audivisset.

464 4188 662 4266 Simul.
689 4204 856 4259 porro
889 4205 954 4244 ac
1001 4192 1256 4259 Romani,
1283 4193 1451 4249 etiam
1487 4194 1665 4251 Persae
1713 4196 1825 4252 illic
1851 4196 2044 4255 adfue-

2157 3737 2320 3802 δντας
2360 3735 2668 3806 ἀμύνεσθαι
2729 3735 2860 3798 τοὺς
2911 3733 3272 3804 αἱρουμένους
3337 3729 3578 3792 ἀδικεῖν,
3635 3726 3729 3779 καὶ

2160 3832 2297 3901 μήτε
2326 3831 2444 3891 ταῖς
2495 3829 2583 3881 διὰ
2626 3828 2736 3882 τῶν
2767 3825 3055 3896 πρέσϐεων
3095 3825 3370 3887 ἀπειλαῖς,
3409 3823 3534 3894 μήτ’
3563 3817 3728 3873 αὐτοῦ

2164 3923 2231 3992 τῇ
2258 3920 2394 3990 πρὸς
2427 3919 2516 3972 τὸν
2550 3916 2789 3985 πόλεμον
2819 3918 3144 3987 παρασκευῇ
3179 3914 3478 3983 δυνάμενος
3519 3912 3727 3964 πείθειν

2153 4004 2223 4065 τά
2261 4009 2401 4065 κατὰ
2429 4009 2654 4080 γνώμην
2685 4007 2836 4079 αὐτῷ
2867 4009 3064 4074 ποιεῖν,
3098 4007 3234 4075 πρὸς
3259 4007 3499 4074 πόλεμον
3526 4003 3724 4074 χωρεῖν

2159 4101 2470 4164 ἀλυσιτελὲς
2495 4101 2741 4171 οἰόμενος
2767 4099 2940 4170 αὐτῷ,
2979 4099 3175 4169 ἐχώρει
3220 4097 3357 4168 πρὸς
3391 4096 3724 4166 συμϐάσεις·

2151 4193 2244 4246 καὶ
2290 4190 2399 4244 τῶν
2447 4190 2732 4262 προτέρων
2773 4187 2931 4252 αὖθις
2963 4187 3211 4242 σπονδῶν
3249 4187 3346 4241 καὶ
3386 4186 3569 4254 ὅρκων
3597 4185 3726 4238 ἀνα-

463 4289 640 4346 runt,
693 4285 789 4355 qui
841 4284 1044 4340 collato
1097 4286 1238 4355 pede
1295 4285 1590 4342 adversum
1644 4288 1934 4344 :Romanos
1975 4305 2045 4345 ne

2156 4284 2481 4343 νεωθέντων,
2521 4281 2869 4352 Ἀλέξανδρος
2913 4279 3013 4350 μὲν
3044 4281 3125 4340 είς
3163 4278 3424 4349 Τρίνοϐον
3456 4279 3526 4331 τὰ.
3551 4278 3725 4330 οἰκεῖα

463 4372 689 4441 paulum
729 4374 959 4442 quidem
986 4374 1311 4443 valuerunt,
1349 4376 1445 4432 sed
1478 4378 1531 4432 vi
1559 4392 1625 4433 ac
1653 4377 1859 4434 virtute
1886 4377 2041 4447 victi,

2156 4373 2399 4445 βασίλεια
2434 4372 2835 4442 ὲπανεζεύγνυε
2858 4416 2876 4438 ,
2919 4372 3241 4442 δομέστικος
3266 4371 3324 4424 δὲ
3365 4373 3393 4425 ὁ
3425 4371 3619 4440 μέγας,
3645 4372 3724 4432 είς

464 4478 596 4532 pars
621 4464 675 4518 in
707 4480 888 4534 pugna
923 4465 1275 4531 ceciderunt,
1307 4481 1438 4536 pars
1464 4469 1608 4538 capti
1643 4478 1791 4523 sunt.
1825 4469 2042 4536 Quibus

2156 4466 2495 4538 Χερρόνησον
2529 4465 2670 4535 μετὰ
2695 4465 2796 4532 τῆς
2836 4466 3095 4538 στρατιᾶς
3123 4463 3343 4535 ἐχώρει,
3378 4463 3724 4529 πεπυσμένος

460 4553 591 4624 fuga
620 4554 891 4625 contigit,
927 4554 1250 4610 conscensis
1293 4557 1527 4613 navibus
1559 4558 1614 4612 in
1653 4559 1839 4613 Asiam
1879 4576 2046 4616 rena-

2156 4559 2414 4628 στρατιὰν
2449 4555 2674 4627 Περσῶν
2719 4555 2892 4626 πεζὴν
2920 4555 3222 4623 μέλλουσαν
3254 4557 3334 4616 είς
3373 4555 3719 4626 Χερρόνησον

460 4640 741 4711 vigarunt.
796 4643 995 4697 Paucis
1049 4641 1248 4699 diebus
1287 4645 1662 4709 intermissis,
1694 4647 1801 4701 alia
1845 4663 2043 4706 manus

2156 4649 2442 4719 ἐμϐάλλειν
2489 4654 2554 4703 ὲκ
2589 4650 2887 4719 Περγάμου
2919 4648 3249 4718 ἀφιγμένην,
3291 4641 3359 4720 ἦς
3388 4646 3588 4716 Γιαξὴς
3629 4663 3721 4698 σα-

467 4731 712 4801 priorem
742 4731 1090 4789 vindicatura
1115 4733 1359 4791 indidem
1385 4737 1621 4808 trajecit.
1653 4735 1758 4803 Qui
1785 4740 2044 4796 similiter

2156 4743 2366 4815 τράπης
2390 4739 2480 4813 ἦν.
2509 4742 2662 4814 Ἅμα
2709 4741 2766 4793 δὲ
2796 4740 2874 4811 τῷ
2911 4741 3217 4810 Ῥωμαίους
3256 4741 3336 4804 είς
3374 4739 3718 4811 Χερρόνησον

461 4823 690 4886 devicti,
719 4823 990 4893 plurimos
1015 4826 1357 4892 amiserunt;
1395 4827 1596 4884 Giaxes
1628 4827 1715 4884 bis
1755 4831 2043 4886 continen-

2156 4833 2467 4904 ἀφικέσθαι,
2500 4834 2594 4887 καὶ
2643 4833 2676 4904 ἡ
2715 4831 2947 4903 στρατιὰ
2993 4833 3218 4903 Περσῶν
3251 4833 3457 4903 παρῆν·
3489 4831 3586 4886 καὶ
3618 4847 3712 4898 γε·

462 4924 548 4970 ter
577 4930 754 4970 czesus
777 4956 792 4980 ,
846 4916 1147 4988 multisque
1175 4933 1241 4974 ac
1281 4919 1525 4974 strenuis
1573 4934 1800 4974 suorum
1828 4921 2047 4977 deside-

2156 4925 2384 4994 νομένης
2410 4924 2612 4996 μάχης,
2635 4924 2761 4978 οὐδὲ
2794 4925 2931 4995 πρὸς
2952 4924 3135 4992 ὀλίγον
3163 4923 3392 4994 ἴσχυσαν
3420 4924 3471 4976 οἱ
3501 4923 3711 4992 Πέρσαι

461 5004 622 5068 ratis,
654 5004 1048 5075 desperatione
1079 5007 1404 5065 debilitatus
1427 5051 1442 5074 ,
1474 5025 1664 5080 pacem
1700 5015 2041 5083 concupivit,

2159 5015 2450 5084 Ῥωμαίοις
2478 5014 2815 5084 ἀντιστῆναι,
2834 5013 2952 5068 ἀλλ’
2972 5013 3299 5084 ἡττηθέντες
3323 5014 3465 5068 κατὰ
3485 5015 3711 5083 κράτος,

459 5111 627 5166 quam
660 5111 786 5152 cum
817 5112 885 5152 eo
920 5099 1128 5170 pepigit
1155 5115 1387 5170 magnus
1410 5101 1771 5158 domesticus.
1805 5105 2042 5175 Depulsa

2156 5107 2190 5159 >ί
2223 5105 2320 5176 μὲν
2381 5105 2576 5158 ἔπεσον
2632 5104 2783 5175 παρὰ
2829 5105 2930 5176 τὴν
2978 5105 3189 5174 μάχην,
3239 5105 3290 5157 οἱ
3347 5105 3392 5157 δ’
3441 5105 3710 5158 ἑάλωσαν-

459 5188 774 5244 calamitate
802 5205 832 5243 a
863 5190 1046 5245 Persis
1090 5191 1415 5249 imminente
1440 5233 1455 5260 ,
1487 5193 1927 5264 Didymotichum
1957 5214 2042 5255 re-

457 5294 702 5348 gressus,
749 5281 822 5348 ad_
845 5281 1248 5336 occidentalem
1277 5297 1400 5338 sese
1447 5285 1855 5354 expeditionem
1884 5304 2037 5343 com-

459 5371 720 5438 parabat,
751 5374 1168 5442 exercitumque
1199 5373 1506 5431 delectibus
1531 5378 2032 5449 novis,supplebat.

457 5457 672 5514 Interea
753 5463 1122 5530 Apocauchus
1172 5478 1439 5518 novarum
1511 5481 1695 5521 rerum
1775 5469 2030 5538 cupidus,

457 5549 822 5617 manibusque
864 5565 929 5605 ac
972 5553 1207 5622 pedibus
1235 5555 1452 5612 enitens
1476 5598 1491 5622 ,
1525 5567 1586 5612 ut
1616 5549 1684 5612 ad
1719 5573 1778 5613 se
1801 5575 2030 5630 rempu-

457 5637 659 5694 blicam
689 5643 1038 5712 transferret,
1080 5647 1192 5718 jam
1227 5650 1421 5706 classis
1445 5662 1636 5706 contra
1671 5652 1866 5707 Persas
1898 5669 2037 5723 prae-

457 5729 640 5784 fectus
666 5770 680 5794 ,
746 5730 802 5786 et
849 5734 1168 5793 facultatem
1217 5741 1427 5796 navalis
1459 5743 1738 5798 exercitus
1776 5743 2025 5813 adeptus,

456 5818 723 5877 Joannem
770 5825 1174 5912 adolescentem
1219 5833 1605 5904 imperatorem
1640 5835 1694 5890 in
1730 5850 1894 5890 unam
1928 5836 2031 5890 tri-

2140 5197 2256 5250 ὅσοι
2283 5196 2342 5250 δὲ
2362 5195 2711 5266 ἠδυνήθησαν
2732 5195 3035 5264 διαφυγεῖν,
3058 5194 3328 5265 ἐμϐάντες
3346 5199 3467 5257 ταῖς
3494 5194 3703 5257 ναυσὶν,

2145 5288 2417 5342 ἀπέπλεον
2445 5287 2533 5341 ἐπ’
2555 5286 2732 5342 οἴκου.
2759 5289 2835 5341 Οὐ
2870 5287 3092 5351 πολλαῖς
3127 5288 3184 5341 δὲ
3217 5288 3446 5358 ὕστερον
3475 5287 3710 5358 ἡμέραις

2141 5383 2208 5433 ἐκ
2239 5379 2338 5449 τῆς
2368 5379 2539 5449 αὐτῆς
2561 5377 2748 5449 χώρας
2782 5379 2876 5432 καὶ
2904 5379 3133 5449 δευτέρα
3167 5380 3396 5450 στρατιὰ.
3421 5375 3710 5449 ἐπεραιοῦ-

2139 5489 2220 5530 το.
2260 5472 2335 5533 ώς
2365 5473 2465 5542 τὴν
2502 5473 2778 5542 προτέραν
2824 5463 2996 5542 ⁴ἧτταν
3029 5473 3530 5543 ἀναμαχεσὸμενοι·
3563 5490 3705 5542 συμρ

2141 5566 2396 5628 ϐαλόντες
2441 5564 2499 5616 δὲ
2534 5567 2630 5618 καὶ
2670 5562 2880 5627 τούτοις
2913 5562 3195 5635 Ῥωμαῖοι,
3230 5565 3492 5636 ἐνίκησάν
3526 5581 3582 5618 τε
3611 5565 3707 5617 καὶ

2141 5657 2468 5710 ἀπέκτειναν
2495 5654 2620 5716 τοὺς
2649 5652 2887 5716 πλείους.
2905 5653 3062 5706 Ἐπεὶ
3083 5655 3139 5708 δὲ
3159 5653 3356 5728 Γιαξὴς
3385 5654 3466 5720 δὶς
3490 5655 3704 5724 ἐπλήγη

2142 5747 2336 5815 ἐφεξῆς
2389 5747 2482 5808 καὶ
2527 5743 2728 5813 ’πολλὴν
2767 5745 2862 5798 καὶ
2896 5743 3108 5817 ἀγαθὴν
3136 5729 3400 5826 ἀπώλεσε.
3420 5745 3702 5817 στρατιὰν,

2141 5839 2409 5900 ἀπογνοὺς
2438 5836 2499 5889 τὸ
2532 5834 2822 5906 Ῥωμαίοις
2855 5837 3134 5910 πολεμεῖν,
3173 5838 3370 5909 ἐχώρει
3397 5838 3531 5911 πρὸς
3562 5852 3702 5909 συμ-
