4054 6428
371 409 470 472 τϐι

1501 389 2042 464 IIISTORIARUM
2083 359 2480 467 Ltnsa'ln.

3523 402 3633 467 762

372 525 583 584 ϐάσεις·
615 519 708 574 καὶ
736 516 949 570 ὲτίῦετο
990 514 1120 583 πρὸς
1153 514 1314 568 nam
1347 517 1373 568 ὁ
1407 514 1581 587 μέγας
1604 516 1937 585 ’δομέστικος

2075 517 2278 571 cmium
2321 529 2494 572 matre
2526 518 3168 588 insciente‘impositum,
3197 519 3251 574 in
3289 534 3468 574 arcem
3500 535 3600 590 pro

376 612 610 676 σπονδὰς
669 610 974 682 εἰρηνικάς.
1017 608 1169 662 Ἐπεὶ
1205 609 1260 662 δὲ
1307 607 1576 676 ἐτρέψατο
1607 607 1708 678 τὴν
1744 608 1809 660 ὲκ
1843 607 1952 659 τῶν

382 705 604 777 Περσῶν
632 701 1093 772 προσδοκωμένην
1137 699 1372 770 βλάϐην,
1407 695 1564 759 αὖθις
1607 700 1689 761 είς
1722 698 1952 769 Διδυμό-

382 815 560 866 τειχον
609 794 946 859 ἐπανελθὼν,
979 795 1418 865 ¹παρεσκευιῑιιζετο
1448 794 1586 866 πρὸς
1618 794 1717 863 τὴν
1744 796 1824 858 είς
1856 793 1953 864 τὴν

385 889 630 960 ἑσπέραν.
671 885 1056 957 ἐκστρατείαν,
1101 885 1196 939 καὶ
1244 885 1344 954 τὴν
1399 884 1659 953 στρατιὰν
1691 885 1954 938 ἀποκαθί-

384 999 507 1053 στη,
544 979 578 1050 ἡ
619 977 811 1050 ἔμελλε
839 976 1167 1046 συνέψεσθαι
1197 976 1366 1046 αὐτῷ.
1415 976 1632 1030 Τούτων
1663 976 1720 1029 δὲ
1774 992 1952 1046 πρατ-

381 1072 626 1142 τομένων
656 1071 748 1123 ὑπ’
769 1067 958 1132 αὐτοῦ,
982 1066 1010 1120 ὁ
1038 1067 1540 1136 παρακοιμὼμενος
1581 1065 1950 1138 ’Δπόκαυχος,
2000 1079 2014 1088 ν·

383 1162 666 1231 νεωτέρων
705 1157 1044 1230 πραγμάτων
1074 1154 1383 1225 ἐπιθυμῶν,
1417 1155 1510 1207 καὶ
1545 1154 1734 1224 τρόπῳ
1790 1154 1954 1206 παντὶ

384 1251 728 1323 πειρώμενος
778 1250 1034 1318 μετάγειν
1090 1249 1170 1311 είς
1203 1247 1396 1300 ἑαυτὸν
1449 1245 1559 1299 τῶν
1609 1245 1956 1314 πραγμάτων

386 1345 486 1416 τὴν
524 1344 717 1414 ἀρχὴν,
755 1340 1039 1410 ἐσκέψατο,
1067 1340 1189 1393 ἐπεὶ
1213 1339 1306 1392 τοῦ
1347 1338 1492 1391 κατὰ
1536 1337 1763 1405 Περσῶν
1791 1337 1957 1399 αὐτὸς

390 1434 801 1506 κεχειροτόνητο
855 1430 1201 1500 στρατηγὸς,
1247 1428 1344 1482 καὶ
1392 1430 1675 1498 δυνάμεως
1733 1427 1958 1496 εὐπόρει

389 1527 670 1596 ναυτκῆς,
709 1524 934 1593 βασιλέα
974 1523 1064 1575 τὸν
1114 1523 1230 1574 νέον
1267 1521 1528 1591 Ἰωάννην
1564 1520 1642 1583 είς
1680 1519 1810 1587 μίαν
1833 1517 1949 1570 τῶν

387 1619 629 1688 τριηρῶν
651 1619 676 1669 ἐ
693 1617 770 1678 ιθέ
781 1633 959 1684 μενος,
989 1614 1293 1684 ἀγνοούσης
1316 1613 1582 1682 βασιλίδος
1604 1613 1703 1680 τῆς
1730 1609 1956 1680 μητρὸς,

386 1711 468 1771 εἰς
496 1709 585 1760 τὸν
619 1703 1077 1776 περΥΒυζάντιον
1107 1704 1371 1775 πρότερον
1394 1703 1544 1774 αὐτῷ
1575 1701 1786 1771 πύργον
1816 1699 1960 1769 ᾡκοο

387 1801 700 1870 δομημένον
754 1800 1100 1870 ὀχυρώτατον
1146 1799 1273 1852 ὅντα
1320 1797 1442 1866 ὕψει
1474 1814 1532 1848 τε
1573 1797 1667 1848 καὶ
1700 1795 1958 1863 καρτερόο

2055 619 2175 677 pter
2206 609 2523 679 Byzantium
2545 612 2645 678 (5),
2677 620 2804 664 ante
2833 627 2863 664 a
2886 611 3305 674 scazdiﬁcatam,
3339 611 3629 666 altitudine

2054 709 2110 754 ct
2156 701 2520 756 crassitudine
2549 717 2832 755 murorum
2867 702 3291 756 munitissimam
3321 743 3336 767 ,
3386 702 3633 770 Epihata:

2055 790 2388 844 nominatam
2448 791 2732 847 includere
2779 793 3185 858 meditabatur,
3252 781 3442 863 ibique
3487 794 3633 846 inter

2054 894 2316 952 cognatos
2351 899 2416 938 ac
2453 884 2914 940 familiarissimos
2953 901 3020 939 eo
3048 887 3346 950 custodito,
3369 901 3492 939 cum
3525 885 3631 937 int-

2056 974 2332 1064 peratricc
2363 973 2548 1030 fmdus
2575 975 2742 1030 ferire
2768 1015 2783 1038 ,
2831 991 2896 1030 ea
2931 976 3253 1031 conditione
3304 985 3365 1029 ut
3396 976 3513 1043 ipse
3542 989 3635 1028 co-

2057 1063 2320 1134 gnatique
2357 1080 2420 1118 ac
2462 1064 2768 1120 familiares
2798 1066 2963 1136 382
3012 1067 3096 1120 sui
3150 1066 3442 1136 praecipuis
3487 1063 3629 1134 apud

2057 1157 2338 1210 Romanos
2368 1155 2674 1210 honoribus
2715 1157 3137 1226 insignirentur,
3183 1156 3632 1226 provinciarum-

2059 1262 2166 1316 que
2217 1255 2273 1301 ct
2308 1247 2528 1301 urbium
2580 1257 2843 1315 quantum
2907 1248 3011 1316 ipsi
3052 1248 3254 1302 vellent
3287 1247 3628 1300 dominatum

2059 1340 2394 1404 obtinerent,
2436 1349 2491 1394 et
2541 1338 2609 1392 ad
2663 1338 2982 1394 felicitatem
3037 1339 3174 1392 nihil
3236 1340 3626 1408 requirerent;

2067 1429 2459 1499 imperatorem
2499 1438 2683 1483 autem
2734 1444 2803 1482 ne
2836 1427 2916 1483 sic
2949 1428 3171 1498 quidem
3221 1427 3466 1483 custodia
3499 1426 3634 1479 libe-

2065 1539 2188 1577 rare
2214 1564 2229 1589 ,
2291 1523 2386 1576 sed
2418 1522 2539 1576 loco
2586 1520 2799 1575 obsidis
2825 1529 3015 1575 tenere
3041 1560 3054 1582 ,
3109 1529 3162 1574 et
3198 1537 3359 1573 ttnant
3399 1520 3631 1572 ﬁliarum

2061 1612 2346 1665 connubio
2376 1611 2423 1664 ei
2452 1609 2738 1678 c0pulare.
2767 1608 2947 1678 Atque
2981 1609 3028 1662 is
3051 1608 3274 1678 quidem
3308 1607 3422 1661 hazc
3455 1615 3636 1669 mente

2066 1702 2486 1773 pertractabat,
2538 1711 2595 1755 et
2641 1703 2752 1772 jam
2821 1701 2888 1754 ad
2945 1716 3057 1754 rem
3121 1699 3345 1769 parabat
3393 1696 3637 1769 aggredi,

2063 1811 2190 1850 cum
2255 1811 2286 1850 a
2359 1793 2600 1864 quodam
2657 1808 2689 1848 e
2748 1792 2990 1848 consciis
3046 1791 3384 1860 imperatrici
3435 1790 3638 1844 indicio

388 1855 740 1964 τηιτιιτειχῶν
775 1855 1069 1953 ’,ἐπιϐάτας
1116 1855 1660 1961 προσαγορευόμενον
1699 1855 1954 1954 ἀγαγεῖν·

2074 1889 2208 1942 {acto
2242 1927 2256 1951 ,
2293 1897 2348 1941 et
2396 1889 2734 1956 imperatore
2791 1889 2902 1956 jam
2956 1885 3206 1938 cusmdia
3249 1885 3639 1950 circumscpto,

389 1987 505 2039 ἐκεῖ
530 1985 588 2038 δὲ
622 1985 760 2055 μετὰ
808 1985 916 2036 τῶν
969 1983 1246 2053 συγγενῶν
1290 1984 1384 2035 καὶ
1437 1981 1546 2034 τῶν
1595 1978 1948 2032 οἰκειοτάτων

392 2054 920 2149 βασιλέαίφρουρῶν,
967 2076 1196 2137 σπονδὰς
1237 2073 1484 2126 τίθεσθαι
1515 2072 1652 2143 πρὸς
1688 2054 1958 2142 βασιλίδα,

391 2172 528 2224 ὥστε
577 2169 740 2221 αὑτὸν
798 2169 896 2237 μὲν
946 2167 1043 2218 καὶ
1105 2166 1384 2233 συγγενεῖς
1422 2166 1516 2218 καὶ
1571 2166 1698 2226 τοὺς
1753 2163 1952 2226 ἄλλους

394 2263 516 2324 τοὺς
539 2261 816 2325 συνόντας,
847 2259 1010 2328 stud;
1059 2257 1158 2321 τὰς
1211 2258 1362 2327 παρὰ
1399 2255 1689 2324 Ῥωμαίοις
1722 2253 1948 2324 πρώτας

401 2349 778 2422 καρποῦσθαι,
808 2351 900 2402 καὶ
937 2348 1130 2420 χωρῶν
1179 2343 1322 2400 εἶναι
1355 2346 1450 2399 καλ⁵
1482 2344 1690 2397 πόλεων
1718 2344 1958 2412 κυρίους,

395 2443 595 2497 ὁποίων
629 2443 695 2496 ἂν
744 2441 946 2506 δόξειεν
1001 2441 1215 2508 αὐτοῖς,
1251 2439 1348 2494 καὶ
1383 2438 1546 2506 μηδὲν
1592 2436 1857 2490 ἐλλείπειν
1883 2437 1962 2498 εἰς

393 2535 644 2606 εὐτυχίας
695 2535 876 2602 λόγον,
924 2532 1149 2602 βασιλέα
1211 2531 1290 2596 δὲ,
1345 2527 1452 2584 0'15’
1492 2528 1665 2592 οὕτως
1712 2526 1966 2581 ἀπολύειν

393 2627 488 2682 τοῦ
525 2627 809 2698 φρουρίου·
851 2625 968 2680 ἀλλ’
995 2625 1184 2694 ὥςπερ
1235 2624 1444 2694 ὅμηρον
1495 2621 1816 2691 κατέχοντα,
1856 2619 1958 2690 μιᾷ

397 2721 506 2774 τῶν
539 2719 854 2788 θυγατέρων
913 2717 1006 2769 ἐπὶ
1042 2717 1207 2785 γάμῳ
1264 2714 1691 2784 προσαρμόζειν.
1746 2710 1806 2764 '0
1863 2709 1964 2781 μὲν

383 2812 486 2866 ὀὖν
519 2810 748 2866 τοιαῦτά
801 2827 860 2862 τε
911 2810 1168 2862 διενοεῖτο
1196 2847 1210 2868 ,
1269 2807 1362 2858 καὶ
1391 2805 1618 2876 ὥρμητο
1649 2804 1752 2875 ήδη
1784 2802 1966 2873 πράτο

398 2923 528 2960 τειν·
559 2906 670 2960 τῶν
706 2901 1026 2956 συνειδότων
1055 2901 1109 2954 δέ
1140 2916 1284 2960 τινος
1319 2897 1545 2968 βασιλίδι
1587 2897 1703 2949 ἀπα
1717 2895 1961 2964 γγείλαν-

399 3007 510 3057 τος,
542 2996 663 3047 ἐπεὶ
714 2991 942 3063 βασιλέα
994 3006 1054 3041 τε
1110 2989 1211 3058 ήδη
1242 2987 1560 3056 περιΐστατο
1590 2983 1802 3053 φρουρὰ
1826 3021 1841 3045 ,
1873 2983 1968 3035 καὶ

400 3088 560 3151 αὐτὸς
588 3085 729 3155 ἔγνω
757 3081 1054 3154 φωραθεὶς,
1089 3079 1261 3150 ᾤχετο
1300 3076 1486 3145 φυγὼν
1519 3077 1600 3137 είς
1649 3074 1964 3136 Ἐπιϐάτας,

397 3183 488 3234 τδιν
521 3183 584 3234 ὲκ
615 3178 725 3232 τῶν
758 3173 1167 3248 πραττομένων,
1205 3170 1393 3240 ὥσπερ
1421 3164 1490 3240 ἦν
1518 3167 1686 3235 εἰκὸς,
1719 3166 1964 3220 κίνδυνον

399 3243 814 3344 διαδιᾶράσκωνξ
850 3243 986 3338 Περί
1031 3264 1140 3319 τῶν
1167 3262 1423 3316 τοιούτων
1448 3261 1510 3328 δὴ
1536 3260 1565 3312 ό
1609 3243 1780 3329 μέγας
1807 3255 1960 3326 δομέ-

401 3379 583 3423 στικος
623 3357 832 3430 μαθὼν,
869 3355 966 3409 καί
989 3371 1072 3408 τοι
1110 3351 1244 3423 πρὸς
1265 3350 1362 3420 τὴν
1389 3348 1747 3418 ἐκστρατείαν
1783 3363 1970 3416 παρα-

402 3449 821 3518 σκευαζόμενος,
852 3446 999 3516 ὂμως
1022 3445 1111 3498 τὸν
1135 3438 1560 3511 Ταρχανοιὼτην
1589 3436 1847 3507 Μανουὴλ
1879 3435 1972 3488 τὸν

401 3543 500 3597 καὶ
556 3539 865 3611 Κουρτίκην
921 3534 1463 3608 προσαγορευόμενον
1521 3531 1660 3600 μετὰ
1701 3545 1973 3596 στρατιω-

402 3639 512 3693 τῶν
566 3637 764 3704 ὀλίγων
822 3630 1068 3701 πέμψας,
1119 3627 1370 3681 ἐκέλευεν
1433 3625 1732 3684 Ἐπιϐάτας
1777 3622 1974 3689 ἔξωθεν

405 3731 660 3802 φρουρεῖν
705 3723 1268 3797 ἐστρατοπεδευμένον
1296 3759 1312 3786 ,
1365 3719 1524 3788 ἄχρις
1574 3717 1640 3771 ἂν
1706 3715 1974 3784 ἀφίκηται

404 3824 587 3887 αὑτός.
634 3821 861 3890 Πέμψας
905 3817 962 3871 δὲ
1005 3817 1102 3871 καὶ
1148 3814 1285 3886 πρὸς
1352 3813 1691 3881 Ἀπόκαυχον
1742 3809 1984 3861 ἐπυνθα-

405 3935 524 3973 νετο
565 3917 614 3969 εί
642 3915 815 3984 ἁλι,θῆ
840 3913 909 3965 τὰ
951 3909 1325 3982 θρυλλούμενα
1369 3907 1459 3975 είη
1500 3906 1630 3974 περὶ
1669 3900 1860 3956 αὑτοῦ.
1915 3901 1978 3954 '0

407 4012 464 4066 δὲ
503 4009 707 4079 ἔφασκε
746 4006 844 4077 μὲν
873 4001 1362 4071 συκοφαντεῖσθαι,
1393 3999 1572 4060 δείσας
1602 3997 1659 4050 δὲ
1697 4001 1770 4068 μὴ
1799 3995 1982 4066 φθάσῃ

406 4100 725 4171 διαφθαρεὶς
776 4097 880 4150 ὑπὸ
906 4095 1160 4164 διαϐολῆς
1210 4092 1342 4163 πρὶν
1375 4089 1780 4162 διερευνώμενα
1810 4088 1982 4154 φανῆ-

407 4211 494 4248 ναι
532 4191 798 4266 τάληθῆ,
831 4189 932 4258 τὴν
986 4186 1262 4257 σωτηρίαν
1289 4188 1356 4238 ὲκ
1388 4182 1498 4236 τῶν
1528 4182 1758 4236 ἐνόντων
1803 4179 1983 4247 ἑαυτῷ

409 4285 652 4355 πορίζειν
698 4279 1133 4335 κατακλείσαντα
1181 4279 1240 4329 ὲν
1291 4275 1372 4346 τῷ
1416 4273 1684 4344 φρουρίῳ.
1716 4271 1984 4325 Συνεϐού-

409 4379 531 4432 λευέ
558 4395 618 4430 τε
663 4375 1014 4447 παράδειγμα
1049 4373 1157 4425 τῶν
1205 4369 1631 4442 ἀπροσδοκήτων
1671 4367 1784 4419 τῶν
1839 4383 1985 4436 πρα·

409 4471 634 4540 γμάτων
665 4465 978 4540 μεταϐολῶν
1011 4463 1308 4535 λαμϐάνειν
1340 4460 1400 4526 ἐξ
1429 4459 1618 4513 αὐτοῦ.
1653 4459 1764 4513 Καὶ
1790 4459 1985 4528 πρότε-

2066 1979 2434 2048 Apocaucltus
2468 1993 2528 2032 se
2559 1977 2963 2046 deprehensum
2998 1970 3326 2044 intelligens,
3363 1972 3639 2043 Epibatas,

2067 2067 2391 2135 tmpendens
2427 2068 2532 2122 sibi
2563 2082 2593 2120 e
2627 2067 2831 2123 malitia
2876 2082 2974 2120 sua
3024 2065 3316 2121 discrimen
3343 2103 3359 2128 ,
3407 2071 3465 2116 ut
3494 2061 3643 2115 veri-

2064 2160 2246 2214 simile
2301 2169 2430 2220 est,
2485 2159 2766 2214 declinans
2813 2157 3042 2226 aufugit.
3097 2154 3308 2221 Quibus
3362 2153 3526 2207 rebus
3569 2149 3638 2204 ad

2068 2268 2327 2322 magnum
2401 2251 2763 2306 domestirum
2824 2249 3088 2320 perlatis,
3143 2246 3246 2301 etsi
3302 2245 3368 2299 ad
3419 2241 3642 2311 expedi-

2069 2347 2276 2399 tionem
2339 2344 2644 2398 instructus
2703 2352 2862 2406 crat,
2924 2338 3281 2395 nihilominus
3334 2333 3638 2388 Manuelcm

2067 2435 2494 2491 Tarchaniotam
2521 2477 2535 2499 ,
2571 2434 2666 2503 qui
2698 2443 2753 2488 et
2799 2433 3052 2487 Curtizes
3078 2427 3475 2498 appellabatur.
3516 2439 3640 2479 cum

2067 2529 2276 2597 aliquot
2314 2525 2612 2597 manipulis
2641 2524 2707 2578 ad
2751 2523 3050 2592 Epibatas,
3089 2518 3340 2573 tentoriis
3365 2515 3646 2579 excitatis,

2065 2617 2250 2695 quoad
2303 2621 2422 2690 ipse
2473 2618 2690 2673 veniret
2738 2611 3132 2672 custodiendas
3167 2609 3337 2665 misit.
3372 2606 3452 2663 Ad
3503 2605 3652 2674 Ape-

2067 2718 2342 2774 cauchum
2404 2728 2626 2783 quoque
2689 2709 3033 2764 sciscitatum
3087 2705 3277 2768 misit,
3329 2717 3462 2757 num
3517 2715 3648 2754 vera

2068 2819 2278 2876 essent,
2319 2823 2444 2879 quae
2485 2806 2555 2861 de
2585 2805 2681 2860 illo
2713 2817 2903 2858 rumor
2936 2808 3241 2870 spargeret.
3272 2796 3372 2862 Qui
3402 2809 3462 2849 se
3495 2805 3652 2861 syco-

2072 2903 2320 2973 phantiis
2371 2895 2678 2970 oppugnari
2733 2905 3074 2950 asseverare.
3116 2889 3185 2953 Et
3239 2901 3365 2942 cum
3400 2887 3645 2944 timeret,

2075 3009 2144 3049 ne
2177 2993 2334 3063 prius
2365 2992 2436 3046 ob
2484 2987 2791 3044 calumnias
2817 2984 2930 3038 vita
2972 2980 3328 3044 multaretur,
3362 2990 3524 3044 quam
3557 2988 3647 3026 ve-

2071 3087 2208 3140 ritas
2241 3083 2494 3150 indagata
2551 3084 2858 3148 patesceret
2885 3115 2900 3138 ,
2949 3089 2977 3127 a
3036 3087 3092 3127 re
3123 3069 3382 3141 praesenti
3414 3066 3647 3120 salutem

2075 3182 2265 3243 petere
2317 3167 2601 3234 decrevit;
2638 3181 2704 3220 ac
2733 3163 2963 3238 proinde
2989 3176 3114 3215 eum
3144 3199 3158 3225 ,
3213 3159 3305 3228 qui
3357 3171 3417 3210 se
3470 3155 3525 3207 in
3559 3168 3649 3207 ca-

2073 3265 2232 3321 stello
2266 3262 2360 3316 illo
2385 3259 2722 3322 incluserat,
2750 3253 3004 3320 monuit,
3037 3261 3098 3306 ut
3127 3266 3158 3305 c
3187 3263 3289 3305 suo
3321 3260 3448 3302 casu
3484 3243 3646 3298 saluti

2080 3371 2193 3414 sua}
2218 3354 2582 3426 prospiceret,
2619 3357 2676 3404 et
2711 3345 3023 3418 improvisae
3057 3354 3239 3396 rerum
3263 3337 3660 3394 commutatio-

2065 3449 2168 3504 .nis
2197 3444 2510 3515 exemplum
2543 3458 2574 3496 a
2605 3455 2663 3496 se
2692 3445 2957 3494 sumeret.
2997 3435 3133 3490 Nam
3165 3442 3220 3489 et
3244 3433 3400 3503 prius
3433 3447 3490 3486 se
3515 3430 3658 3485 idem

2075 3542 2285 3598 utiliter
2339 3551 2466 3593 eum
2515 3533 2799 3590 monuisse
2865 3539 2922 3586 et
2982 3529 3261 3583 hortatum
3292 3539 3455 3593 esse,
3489 3532 3676 3595 quam

2087 3649 2255 3705 quam
2289 3631 2446 3686 nullo
2475 3628 2702 3691 etl‘cctu,
2733 3634 2790 3680 et
2838 3636 2984 3678 nunc
3015 3619 3376 3675 nihilominus
3408 3615 3663 3680 suadere,

2085 3742 2210 3781 cum
2242 3741 2310 3780 ex
2353 3741 2411 3778 re
2444 3721 2562 3790 ipsa
2595 3717 2874 3774 suasionis
2928 3729 3041 3769 suae
3087 3710 3383 3767 utilitatem
3428 3707 3663 3778 probare

2081 3825 2290 3888 queat,
2321 3813 2704 3884 subiectorum
2734 3807 2839 3877 ipsi
2879 3804 3232 3860 castellorum
3281 3801 3472 3874 (multa
3514 3800 3661 3856 enim

2079 3907 2309 3976 habere)
2346 3905 2412 3959 ad
2447 3912 2608 3958 terra:
2678 3899 2957 3967 marisque
3015 3893 3432 3950 commoditates
3467 3891 3666 3962 praaci-

2081 4014 2194 4071 puo
2224 3998 2332 4052 situ
2374 4010 2546 4051 unum
2593 3991 2894 4062 deligeret,
2929 4001 2984 4045 et
3030 3986 3162 4042 illud
3197 3985 3459 4054 Operibus
3496 3998 3663 4054 quam

2085 4079 2464 4146 ﬁrmissimum
2519 4083 2817 4146 redderet,
2877 4093 2939 4134 ut
3003 4080 3048 4134 si
3112 4079 3246 4148 quid
3305 4077 3661 4146 improvisum

2083 4189 2424 4252 emergeret,
2487 4189 2738 4232 secessus
2800 4173 3181 4241 malorumque
3228 4169 3490 4238 eﬂ‘ugium
3537 4183 3671 4237 sup—

2091 4273 2385 4346 peditaret.
2446 4267 2696 4338 Rogabat
2758 4273 2990 4328 autem,
3047 4271 3106 4315 ut
3141 4261 3188 4315 si
3244 4275 3355 4314 non
3410 4257 3664 4324 antehac,

2085 4367 2282 4420 saltem
2336 4375 2488 4417 nunc
2523 4353 3108 4413 benevolentis-animi
3139 4351 3427 4407 consilium
3462 4350 3672 4419 ample-

2087 4464 2354 4512 cteretur.
2423 4451 2642 4507 Etenim
2704 4456 2761 4504 et
2824 4447 2928 4502 sibi
2993 4445 3046 4498 in
3111 4456 3396 4514 praesens,
3454 4438 3668 4494 tametsi

413 4527 505 4632 ρόν
542 4578 601 4614 τε
645 4527 753 4629 γὰρ
784 4558 932 4628 αὐτῷ
974 4557 1044 4610 τὰ
1075 4527 1303 4608 τοιαῦτα
1339 4551 1695 4606 ὑποτίθεσθαι
1722 4527 1971 4620 ἔφασκεν.

2092 4549 2244 4604 falsis
2294 4543 2621 4601 criminibus
2667 4539 2950 4610 appetito,
3008 4535 3212 4590 nullam
3259 4532 3421 4588 aliam
3465 4527 3661 4583 salutis

411 4658 459 4708 εί
487 4655 579 4706 καὶ
611 4652 686 4722 μὴ
715 4651 897 4706 ἔπειθε
943 4645 1330 4718 συμϐουλεύων
1351 4645 1420 4697 τὰ
1459 4643 1738 4710 λυσιτελῆ·
1771 4643 1866 4696 καὶ
1891 4641 1988 4697 νῦν

411 4748 564 4802 οὺδὲν
618 4742 784 4821 ἦττον
838 4738 1329 4812 συμϐουλεύεινὲξ
1368 4737 1549 4791 αὐτῶν
1592 4736 1702 4790 τῶν
1731 4732 1990 4804 πραγμά-

410 4859 518 4896 των
543 4839 682 4910 έχων
714 4837 812 4908 τῆς
842 4833 1111 4904 ὠφελείας
1153 4831 1252 4902 τὴν
1289 4829 1574 4896 ἀπόδειξιν
1613 4827 1724 4880 τῶν
1755 4826 1988 4895 λεγομέ-

413 4951 540 4998 νων,
571 4934 668 4986 καὶ
699 4930 807 4983 τῶν
864 4925 958 4981 ὑπ’
995 4923 1145 4994 αὐτῷ
1198 4921 1502 4976 τελούντων
1565 4922 1851 4992 φρουρίων
1901 4919 1983 4987 ἓν,

416 5023 588 5078 πολλὰ
621 5023 676 5075 δὲ
700 5014 868 5085 εἶναι,
897 5017 959 5070 τι.
994 5013 1592 5087 μάλιστα’ὲπιτηδείως
1616 5012 1738 5084 ἔχον
1766 5011 1902 5081 πρός
1927 5027 1988 5063 τε

415 5119 514 5186 γῆς
574 5116 670 5168 καὶ
743 5111 1024 5179 θαλάσσης
1088 5106 1321 5175 εὐφυΐαν
1390 5105 1754 5175 ἐκλεξάμενον
1815 5121 1990 5158 κατα-

417 5212 636 5271 σκευαῖς
678 5204 1079 5276 χειροποιήτοις
1139 5197 1487 5268 ὀχυρώτατον
1541 5197 1736 5261 ποιεῖν,
1767 5195 1835 5264 ἵν’
1867 5194 1920 5246 εί
1939 5212 1991 5248 τι

416 5298 663 5370 συμϐαίη
719 5285 826 5348 τῶν
878 5281 1328 5362 ἀπροσδοκήτων,
1360 5287 1720 5358 ἀναχώρησιν
1761 5285 1860 5358 ἔχῃ
1897 5287 1992 5339 καὶ

415 5393 525 5447 τῶν
554 5389 744 5446 δεινῶν
783 5387 1080 5456 ἀποφυγήν
1103 5399 1118 5416 ·
1154 5382 1325 5435 ἐδεῖτό
1373 5397 1434 5433 τε
1465 5382 1514 5433 εί
1547 5382 1642 5433 καὶ
1692 5379 1767 5451 μὴ
1800 5379 1996 5450 πρότε-

419 5503 535 5558 ρον,
574 5483 710 5539 ἀλλὰ
736 5481 832 5534 νῦν
862 5478 1148 5533 πείθεσθαι
1174 5474 1324 5544 αύτῷ
1358 5472 1620 5536 εὐνοϊκῶς
1662 5472 1996 5543 διακειμένῳ

2095 4639 2313 4696 tuenda;
2369 4633 2721 4716 occasionem
2770 4627 3007 4696 relinqui
3037 4665 3052 4690 ,
3101 4633 3302 4695 praeter
3341 4624 3559 4686 arcem,
3611 4619 3666 4672 in

2090 4748 2256 4804 quam
2309 4710 2378 4786 se
2419 4725 2651 4798 periculi
2713 4721 2925 4778 vitandi
2992 4717 3348 4788 recepisset:
3397 4727 3558 4783 quas,
3616 4710 3665 4765 si

2056 4807 2074 4826 ο
2535 4819 2547 4826 .
2729 4824 2737 4826 Α
2806 4813 2820 4826 ε
3005 4811 3019 4824 ο
3092 4818 3106 4826 .
3150 4814 3195 4826 ,μ
3270 4807 3350 4826 --41
3385 4819 3451 4826 Α--
3478 4801 3665 4826 I..-2-...

2086 4801 2219 4881 vera
2251 4837 2371 4878 esse
2403 4819 2744 4887 contingeret
2790 4813 2858 4868 de
2895 4827 2954 4868 se
2998 4811 3227 4882 jactata,
3252 4807 3353 4872 ,νει
3382 4801 3672 4860 audaciam

2087 4932 2243 4974 suam
2280 4913 2568 4985 adiuvaret
2594 4951 2608 4975 ,
2638 4908 2727 4962 Vel
2759 4903 3170 4975 deprehensum
3203 4907 3261 4955 et
3291 4897 3606 4952 convictum
3640 4907 3671 4946 a

2097 5017 2273 5065 morte
2311 5007 2597 5061 liberaret.
2630 4996 2958 5071 Apocauchi
2994 4994 3216 5065 quidem
3246 4988 3540 5048 consilium
3573 4985 3680 5039 hoc

2098 5103 2224 5156 fuit.
2249 5099 2334 5154 Ad
2361 5112 2523 5168 quem
2557 5107 2786 5164 magnus
2815 5089 3154 5146 domesticus
3192 5086 3390 5140 iterato
3434 5081 3680 5142 mittens,

2097 5197 2368 5252 adversus
2421 5191 2573 5245 illum
2603 5189 2821 5258 vulgata
2877 5199 2937 5240 se
2993 5196 3215 5254 quoque
3256 5179 3391 5233 falsa
3448 5171 3680 5245 reperiri

2102 5282 2589 5362 (quemadmodum
2623 5279 2888 5336 videlicet
2947 5277 3065 5346 ipse
3097 5287 3317 5344 quoque
3366 5261 3680 5332 aﬂirmaret)

2101 5383 2157 5437 in
2198 5375 2392 5449 primis
2458 5387 2661 5442 cupere
2732 5380 2966 5426 testatus
3015 5376 3135 5432 est;
3195 5365 3276 5419 sic
3337 5372 3574 5428 namque
3628 5363 3687 5410 et

2103 5473 2283 5544 ipsum
2313 5464 2633 5537 imperatori
2665 5462 2907 5518 amicum
2938 5472 2994 5517 et
3020 5443 3348 5514 benevolum
3377 5494 3393 5520 ,
3439 5465 3504 5505 ac
3533 5461 3688 5517 syco-

571 5653 584 5670 .,
1686 5591 1905 5652 Jacobi
1947 5587 2228 5652 Pontani
2260 5594 2447 5647 notae.

499 5701 575 5788 (ε)
610 5701 667 5756 ιη
686 5699 1055 5788 meum“
1086 5690 2004 5788 esseesse.senescis:
2103 5673 3508 5788 aliti.“33:22:.13‘39133f3.“.:“:..‘.1‘:9"£2.“‘i‘“‘
3547 5667 3688 5725 E‘“

427 5763 706 5845 φρούριον,
739 5763 1037 5832 castellum,
1088 5763 1147 5820 et
1181 5768 1258 5845 sic
1312 5765 1449 5820 infra
1493 5765 1824 5845 nominatur.
1861 5763 2002 5845 ante

429 5833 596 5920 i'g'itu'r
645 5833 825 5896 arcem
882 5851 976 5896 aut
1038 5838 1321 5893 castellum
1385 5849 1642 5891 vocemus
1696 5834 1838 5888 licet.
1873 5833 2000 5887 lteni

2107 5759 2272 5829 Bury.
2327 5747 2933 5812 Monuimus'l‘cctorem
2967 5762 3132 5819 super
3172 5747 3298 5802 hoc.
