4054 6428
320 376 428 438 7m
1495 376 1815 439 JOANNIS
1853 373 2384 439 CANTACUZE’N-l
3478 373 3588 448 768

327 487 436 540 illis
468 492 717 550 cuperet,
746 499 871 538 cum
897 484 1009 551 jam
1045 500 1155 539 non
1189 483 1347 554 quasi
1375 486 1641 550 externis,
1675 485 1770 540 sed
1803 485 1905 540 do-

2029 485 2258 556 ιοπώρου
2295 487 2403 557 γὰρ
2433 483 2552 558 ὥρα
2589 488 2711 541 τότε
2765 484 2870 560 ἦν·
2907 488 3146 550 πίστεως
3184 486 3242 542 δὲ
3274 487 3385 544 τῶν
3432 488 3586 557 εἰρη-

332 591 418 629 me
453 577 577 628 tie‘s
630 577 1006 644 prospiceret;
1061 577 1226 630 simul
1273 578 1460 641 etiam,
1488 577 1532 630 si
1577 576 1710 646 quid
1758 575 1904 646 apud

2029 581 2190 634 ιένων
2219 579 2384 632 ἕνεκα
2407 622 2422 644 ,
2455 584 2548 634 καὶ
2579 579 2821 651 Βρουλᾶν
2871 581 2964 634 τὸν
2999 580 3258 635 Ἰάκωϐον
3290 579 3584 649 παρείχετο

329 684 427 719 eos
468 666 822 719 alienationis
875 676 1130 732 restaret,
1166 678 1221 723 ut
1258 669 1365 722 hoe
1403 677 1693 738 sequestre
1722 668 1907 723 conci-

2029 672 2214 736 ιύτοίς,
2254 671 2396 725 ὥστε
2427 674 2669 725 συνεῖναι
2696 671 2798 726 τοῦι
2840 673 3218 742 χε-ιμῶνος,“δς
3247 672 3580 724 τῶνοίκειο-

330 760 646 824 liarentur;
685 775 794 829 quo
841 776 907 814 eo
945 760 1185 827 delatus,
1224 760 1356 814 nihil
1407 760 1780 815 molestiarum
1823 760 1909 814 in-

2029 765 2186 818 τάτων
2235 759 2305 836 ἦν
2339 765 2512 834 αὐτῷ,
2563 767 2680 835 ἅμα
2737 765 2835 836 μὲν
2885 767 2987 833 τὴν
3028 765 3167 836 πρὸς
3200 764 3400 826 αὐτοὺς
3421 761 3585 824 εὐμέ-

329 851 562 911 voniret,
599 850 694 904 sed
743 866 935 904 omnes
986 866 1260 906 consensu
1315 851 1633 920 imperatori
1678 865 1737 905 se
1779 849 1912 904 sub.

323 944 642 1013 jnngercnt.
679 943 928 998 Posthtec
971 951 1027 998 et
1058 943 1288 1014 legatos,
1321 955 1372 998 et
1395 943 1644 1012 legantes
1674 941 1906 995 honori-

330 1037 450 1089 ﬁcis
485 1036 811 1090 muneribus
832 1035 1200 1107 aiiiciensbi),
1235 1036 1454 1090 Brulam
1503 1050 1608 1089 una
1656 1033 1906 1097 dimittit,

330 1141 499 1186 seque
563 1137 878 1196 opportuno
927 1137 1172 1194 temwre
1229 1126 1556 1181 adfuturum
1613 1127 1908 1196 promittit.

332 1218 578 1288 Byzantii
627 1221 961 1288 comparatis
1009 1219 1350 1285 triremibus,
1385 1235 1524 1289 quas
1552 1234 1744 1275 contra
1776 1219 1910 1274 Per-

331 1325 420 1362 sas
463 1310 665 1364 armari
701 1311 1040 1368 dicebamus.
1067 1319 1358 1380 postquam
1407 1311 1775 1379 Apocauchus
1820 1327 1914 1366 ea-

336 1418 457 1456 rum
486 1402 685 1456 dnctnr
710 1414 950 1466 creatus,
986 1403 1385 1458 malevolenlite
1419 1404 1472 1458 in
1504 1404 1911 1474 imperatricem

335 1509 466 1547 rens
505 1492 762 1562 Epibatas
809 1493 966 1564 fugit,
1006 1509 1237 1564 magnus
1266 1493 1604 1550 domesticus
1633 1494 1700 1548 ad
1733 1494 1913 1550 Sena-

333 1585 640 1638 cherimum
695 1585 939 1645 mittens,
969 1585 1159 1640 classis
1209 1585 1261 1639 ei
1314 1586 1692 1656 praefecturam
1744 1586 1915 1640 tradi-

337 1678 438 1730 dit.
489 1675 594 1743 Qui
633 1677 1043 1746 quamprimum
1095 1677 1334 1741 solvens,
1371 1677 1568 1731 Persas
1629 1686 1776 1732 tanta
1831 1678 1912 1731 in-

337 1767 657 1821 strnctionis
702 1768 986 1822 celeritate
1030 1769 1310 1836 perculsos
1347 1769 1657 1837 dissipa-vit,
1691 1777 1747 1822 et
1779 1769 1911 1823 Sar—

339 1858 530 1912 chanis
580 1858 861 1927 provincia
897 1858 1040 1913 [atde
1091 1858 1392 1924 devastata,
1429 1860 1694 1928 oppidum
1741 1860 1917 1930 quod-

340 1949 464 2003 dam
521 1964 552 2004 e
601 1950 895 2004 maritimis
925 1950 1102 2019 primo
1135 1949 1338 2020 impetu
1381 1952 1552 2020 cepit,
1587 1958 1643 2004 et
1671 1952 1915 2021 captivos

344 2041 471 2096 inde
500 2042 748 2106 abduxit,
814 2042 1187 2111 praestitisque
1218 2044 1494 2107 omnibus,
1531 2059 1653 2114 qua:
1685 2060 1753 2099 ex
1787 2044 1915 2098 boni

341 2149 406 2187 ac
455 2134 665 2187 strenui
725 2133 884 2188 ducis
937 2132 1116 2188 oﬂicio
1171 2146 1354 2199 erant,
1399 2133 1915 2204 Constantinopolin

343 2227 528 2280 rediit.
573 2227 647 2280 Ex
681 2226 980 2282 Occidente
1021 2237 1204 2282 autem
1254 2235 1378 2296 post
1425 2227 1772 2298 imperatoris
1804 2227 1921 2281 obi-

344 2328 457 2373 tum
487 2327 848 2388 pr0tostrator
881 2317 1225 2390 Synadenns,
1290 2319 1694 2375 Thessalonicae
1722 2319 1924 2390 prtere-

341 2420 485 2474 ctus,
524 2410 656 2464 item
686 2409 931 2474 Chrelcs,
967 2411 1361 2466 Constantinus
1389 2411 1724 2482 Palaeologus
1749 2411 1922 2480 impe-

343 2498 546 2554 ratoris
581 2509 833 2569 patruus,
866 2507 921 2554 et
955 2498 1197 2555 Joannes
1226 2500 1466 2569 Angelus
1494 2502 1779 2572 pincerna,
1809 2515 1923 2555 ma-

343 2593 434 2663 gui
486 2592 776 2646 domestici
823 2594 1210 2659 consobrinus,
1256 2601 1312 2648 et
1357 2593 1648 2664 Zamplaco
1694 2609 1924 2662 magnus

348 2681 563 2750 papias,
624 2693 679 2736 et
731 2690 1002 2751 quotquot
1039 2697 1104 2738 ex
1135 2683 1456 2752 proceribus
1491 2683 1707 2738 urbium
1734 2683 1924 2752 praefev

344 2783 530 2828 eturas
573 2773 918 2837 obtinebant,
955 2774 1412 2829 caduceatoribus
1441 2775 1583 2829 inter
1631 2790 1691 2830 se
1741 2775 1928 2830 missis

346 2865 708 2943 conspirant;
781 2865 1145 2934 pluribusque
1179 2881 1208 2920 a
1241 2866 1627 2936 procuratione
1654 2882 1712 2922 se
1743 2881 1922 2921 remo-

347 2957 624 3019 ventibus,
656 2958 896 3026 Angelus
931 2957 1216 3026 pincerna,
1240 2957 1635 3013 Constantinus
1668 2955 1926 3011 Paiaeolo-

348 3064 448 3116 gus
478 3058 525 3099 et
557 3048 846 3118 Zamplaco
884 3051 949 3103 a-l
984 3065 1239 3120 magnum
1305 3049 1670 3104 domesticum
1705 3050 1925 3104 mittun-

2009 874 2162 910 νειαν
2197 856 2666 927 ἐπιδεικνύμενος,
2689 857 2772 910 ὅτι
2794 857 2870 920 ώς
2895 856 3125 911 οίκείωντ
3142 857 3242 926 ἤδη
3271 857 3583 925 προνοοῖτοο

2011 948 2128 1017 ἅμα
2176 947 2222 1002 δ’
2269 949 2324 1001 εί
2373 965 2427 1000 τι
2476 949 2570 1002 καὶ
2606 948 2836 1002 δύσνουν
2865 947 2944 1002 ἐτι
2979 947 3334 1000 ὑπολέλειπτο
3379 945 3487 998 τῶν
3525 946 3586 998 ἐν

2015 1131 2144 1202 μίαν
2179 1131 2320 1186 εἶναι
2371 1133 2700 1203 δυσχέρειαν
2755 1133 2933 1185 ἐκεῖσε
2975 1131 3434 1202 παραγενομένῳ,
3469 1129 3595 1184 ἀλλ’

2012 1224 2368 1294 ὑπαγάγηται
2425 1226 2636 1289 πάντας
2687 1224 2915 1295 βασιλεῖ.
2969 1223 3176 1295 Δώροις
3229 1224 3287 1278 δὲ
3336 1223 3462 1286 τούς
3524 1239 3586 1275 τε

2013 1316 2272 1386 πρέσϐεις
2297 1315 2414 1386 ἅμα
2441 1317 2534 1370 καὶ
2561 1318 2686 1381 τοὺς
2714 1318 3070 1388 πεπομφότας
3093 1317 3394 1386 φιλοτίμως
3418 1316 3582 1384 άμειο

2011 1409 2272 1478 ψάμενος,
2311 1409 2797 1474 συνεξαπέστειλεν
2827 1411 3014 1473 αὐτοῖς
3049 1411 3166 1480 ἅμα
3179 1409 3290 1462 τὸν
3319 1409 3583 1477 Βρουλᾶν,

2015 1501 2487 1571 ἐπαγγειλάμενος
2542 1502 2846 1572 ἐπικαίρως
2914 1504 3010 1557 καὶ
3061 1501 3224 1564 αὐτὸς
3275 1500 3583 1570 ἀφίξεσθαι.

2027 1589 2115 1644 Ἐν
2147 1589 2426 1661 Βυζαντίῳ
2457 1592 2512 1645 δέ
2547 1595 3085 1663 παρεσκευασμένων
3119 1593 3228 1646 τῶν
3257 1592 3494 1662 τριηρῶν
3521 1590 3587 1654 ἃς

2015 1681 2153 1748 πρὶς
2187 1679 2286 1750 τὴν
2333 1681 2524 1748 ἔφοδον
2582 1683 2690 1736 τῶν
2721 1685 2948 1753 Περσῶν
2995 1683 3206 1751 ἔφημεν
3248 1681 3579 1746 ὁπλίζεσθαι,

2017 1772 2141 1824 ἐπεὶ
2171 1772 2198 1823 6
2227 1773 2730 1843 παρακοιμώμενος
2772 1774 2830 1836 ὃς
2868 1774 3046 1828 αὐτῶν
3082 1773 3386 1844 στρατηγὸς
3415 1787 3589 1840 κεχει-

2025 1864 2301 1932 ροτόνητο,
2357 1865 2584 1930 δύσνους
2626 1866 2862 1937 βασιλίδι
2899 1866 3163 1936 γεγονὼς,
3196 1863 3592 1936 ἐδραπέτευσεν

2022 1959 2080 2009 ἐν
2121 1958 2462 2020 Ἐπιϐάταις,
2493 1960 2720 2028 πέμψας
2753 1959 2782 2012 6
2831 1960 3008 2032 μέγας
3039 1959 3361 2030 δομέστικος
3388 1956 3598 2025 ἐνεχεί-

2026 2063 2178 2115 ριστο
2215 2049 2294 2126 τῷ
2319 2050 2412 2102 ἐπὶ
2445 2050 2536 2103 τοῦ
2585 2051 2821 2122 στρατοῦ
2864 2050 3232 2122 Σεναχηρεὶμ,
3281 2049 3340 2114 ὃς
3392 2047 3589 2104 αὐτίκα

2022 2140 2401 2205 ἀποπλεύσας,
2454 2142 2558 2212 τήν
2615 2159 2675 2194 τε
2737 2143 3015 2215 Περσικὴν
3071 2143 3281 2196 διέλυσε
3332 2140 3602 2211 στρατιὰν·

2026 2231 2385 2304 καταπλήξας
2424 2232 2504 2302 τῷ
2534 2233 2691 2303 τάχει
2716 2236 2840 2305 ῗτῆς
2891 2235 3273 2304 παρασκευῆς,
3299 2233 3400 2286 καὶ
3426 2232 3599 2286 πολλὰ

2031 2323 2130 2394 τὴν
2165 2323 2421 2394 Σαρχάνη
2452 2326 2712 2388 κακώσας
2744 2324 2954 2395 χώραν,
2987 2327 3079 2378 καὶ
3109 2325 3446 2395 πολίσματος
3479 2323 3598 2386 ἑνὸς

2025 2415 2134 2468 τῶν
2165 2415 2634 2486 παραθαλασσίων
2691 2416 2974 2488 κρατήσας
3028 2416 3086 2482 ἐξ
3133 2417 3327 2486 ἐφόδου
3363 2416 3458 2469 καὶ
3507 2415 3602 2468 άν-

2025 2507 2501 2577 δριποδισάμενος
2535 2547 2552 2571 ,
2606 2507 2703 2559 καὶ
2756 2507 2928 2560 τᾶλλα
2979 2509 3078 2562 ὅσα
3133 2507 3241 2562 ἔδει
3273 2507 3364 2560 τὸν
3397 2507 3614 2575 άγαθδνν

2029 2599 2265 2668 ποιήσας
2304 2597 2637 2667 στρατηγὸν,
2665 2597 2972 2667 ἐπανῆλθεν
3021 2599 3102 2661 είς
3131 2599 3230 2670 τὴν
3260 2593 3608 2652 Κωνσταντι-

2029 2709 2145 2746 νου.
2185 2691 2280 2744 Ἐκ
2326 2691 2383 2744 δὲ
2417 2691 2516 2758 τῆς
2551 2690 2794 2761 ἑσπέρας
2827 2690 2966 2760 μετὰ
3001 2691 3100 2762 τὴν
3133 2691 3396 2762 βασιλέως
3422 2689 3606 2743 τελευο

2029 2781 2129 2850 τὴν
2161 2779 2251 2833 ὅτε
2315 2780 2764 2851 πρωτοστράτωρ
2831 2779 3136 2850 Συναδηνδς
3205 2780 3610 2846 Θεσσαλονίκης
3690 2846 3709 2858 .

2033 2873 2437 2943 ἐπιτροπεύων,
2471 2877 2570 2927 καὶ
2617 2875 2646 2926 6
2687 2873 2924 2946 Χρέλης,
2976 2875 3384 2936 Κωνσταντῖνος
3407 2890 3464 2926 τε
3497 2874 3607 2926 Παο

2029 2968 2310 3037 λαιολόγος
2355 2971 2383 3022 6
2415 2967 2508 3022 τοῦ
2541 2968 2804 3039 βασιλέως
2833 2969 3000 3036 θεῖος,
3038 2970 3134 3023 καὶ
3163 2970 3193 3024 6
3233 2968 3328 3022 τοῦ
3368 2967 3602 3038 μεγάλου

2031 3060 2358 3130 δομεστίκου
2393 3060 2616 3130 άνεψιδς
2647 3061 2914 3128 Ἀγγελος
2949 3059 3201 3127 Ἰωάννης
3230 3062 3257 3112 6
3281 3058 3605 3128 πιγκέρντις⁹

351 3148 460 3198 tur.
505 3148 563 3192 nt
592 3140 640 3193 ei
676 3140 1045 3196 communiter
1085 3141 1303 3200 decreta
1348 3143 1625 3207 nuntient,
1666 3150 1720 3196 et
1745 3157 1811 3196 ex
1839 3141 1924 3196 iti-

2030 3151 2414 3222 Τξαμπλάκων
2446 3169 2505 3205 τε
2549 3153 2576 3204 ὁ
2624 3153 2798 3221 μέγας
2838 3151 3080 3218 παπίας,
3121 3152 3218 3206 καὶ
3250 3151 3366 3204 ὅσοι
3392 3149 3500 3202 τῶν
3547 3149 3607 3200 ἐν

350 3248 482 3286 nere
527 3248 828 3298 lirﬂ‘cmtem
871 3247 995 3287 cum
1020 3233 1218 3288 litteris
1245 3233 1607 3303 praemittunt,
1641 3235 1803 3302 eique
1850 3235 1928 3289 si-

351 3327 631 3395 gniﬁcant,
669 3342 736 3380 ne
769 3327 898 3396 quid
931 3325 1000 3380 de
1048 3328 1181 3390 ipsis
1221 3328 1647 3382 constitutorum
1680 3327 1756 3398 (5)
1811 3342 1930 3382 mo.

353 3425 498 3476 vent,
530 3433 633 3471 nec
667 3417 800 3485 ipsis
836 3417 1161 3487 absentibus
1211 3417 1534 3487 quidquam,
1569 3418 1684 3473 sive
1714 3418 1934 3485 melius,

289 3522 298 3529 '
353 3513 471 3564 sive
512 3509 754 3564 deterius
791 3485 991 3574 visum,
1022 3509 1296 3578 occipiat;
1350 3526 1474 3564 mox
1505 3519 1685 3564 autem
1720 3520 1775 3565 et
1818 3527 1937 3566 om-

356 3601 489 3656 nino
517 3600 825 3656 adfuturos.
861 3600 1099 3670 [Equum
1143 3617 1309 3670 porro
1339 3617 1463 3656 esse
1494 3617 1551 3656 se
1592 3602 1792 3667 audiri,
1823 3618 1932 3658 non

356 3697 534 3752 Solum
567 3703 626 3747 ut
655 3710 719 3748 ex
748 3694 942 3748 amicis
983 3695 1298 3766 praecipuis,
1327 3695 1420 3750 sed
1453 3697 1619 3751 etiam
1655 3696 1938 3752 sociorum

357 3789 524 3842 missu
563 3786 864 3842 venientes.
901 3785 1000 3842 Ubi
1035 3787 1334 3852 adfuerint,
1355 3787 1521 3862 386
1547 3797 1660 3844 tum
1691 3787 1811 3858 qua:
1859 3789 1938 3844 si-

359 3879 471 3942 mul
519 3893 712 3934 omnes
768 3878 1064 3940 senserint,
1096 3893 1158 3932 ca
1208 3879 1578 3948 aggrediatur.
1635 3879 1942 3950 Didymoti-

359 3972 526 4027 chum
572 3960 1100 4040 appropinquantes,
1135 3985 1351 4024 rursum
1387 3970 1554 4024 alium
1602 3971 1938 4039 praemitten-

365 4074 466 4127 tes,
505 4063 803 4117 adventum
863 4077 1022 4116 suum
1055 4061 1300 4116 indicant
1326 4061 1724 4132 hortanturque
1756 4071 1814 4116 ut
1836 4061 1939 4116 ob-

359 4155 501 4208 viam
558 4153 692 4222 ipsis
752 4152 1004 4223 prodeat.
1028 4152 1156 4208 Visa
1219 4153 1389 4207 stulta
1441 4154 1776 4223 postulatio;
1823 4167 1935 4206 non

359 4249 506 4304 enim
539 4248 620 4302 fas
645 4263 790 4310 esse,
833 4263 862 4299 a
891 4261 1167 4316 quoquam
1194 4261 1252 4301 se
1277 4245 1555 4314 compelii,
1591 4255 1647 4299 nt
1669 4247 1939 4300 adeuntes

363 4343 616 4403 honoret,
641 4340 736 4396 sed
775 4341 842 4394 iis
873 4348 1071 4408 sponte
1115 4339 1378 4393 honorem
1405 4339 1730 4402 decernere,
1762 4338 1806 4392 si
1839 4336 1941 4392 ho-

362 4449 497 4488 nore
526 4433 722 4500 dignos
755 4427 1508 4498 aastimaverithxpendenti
1535 4437 1719 4482 autem
1751 4441 1936 4482 secum

361 4618 509 4688 quod
546 4628 685 4681 erat,
721 4630 828 4669 non
860 4615 1108 4680 ipsorum
1145 4613 1372 4668 honoris
1409 4611 1580 4681 gratia
1617 4609 1758 4666 istuc
1792 4611 1934 4681 peti,

363 4726 553 4767 verum
588 4719 644 4762 ut
694 4709 797 4763 sibi
841 4715 1223 4763 occurrentem
1254 4705 1321 4759 de
1355 4706 1514 4772 equis
1545 4702 1941 4766 descendentes

361 4814 579 4855 summe
637 4810 1052 4854 venerarentur.
1093 4793 1191 4851 [iis
1239 4810 1424 4850 secum
1474 4793 1746 4864 cogitatis,
1792 4794 1942 4850 domi

366 4891 585 4947 mansit.
632 4891 711 4946 Illi
765 4906 892 4947 cum
937 4889 1161 4958 exsequi
1217 4885 1480 4942 meditata
1527 4901 1638 4941 non
1693 4896 1940 4956 possent,

2032 3243 2177 3296 τέλει
2205 3238 2347 3313 ἦσαν
2384 3242 2596 3296 πόλεων
2639 3241 3122 3309 ἐπιτροπεύοντες,
3156 3243 3294 3313 πρὸς
3343 3240 3609 3310 ἀλλήλους

2033 3334 2616 3406 ἐπικηρυκευσάμενοι
2638 3334 2734 3386 καὶ
2762 3335 3278 3404 συμφρονήσαντες,
3308 3335 3358 3387 oi
3388 3332 3609 3394 πλείους

2037 3427 2140 3497 μὲν
2168 3424 2563 3479 κατελείποντο
2589 3425 2924 3489 διοικοῦντες
2955 3426 3054 3488 τὰς
3083 3425 3279 3495 ἀρχάς.
3304 3423 3611 3493 Πιγκέρνης

2033 3517 2092 3572 δέ
2137 3517 2167 3570 6
2203 3515 2510 3585 ΙἌγγελος,
2543 3517 2640 3570 καὶ
2697 3518 2726 3570 6
2777 3515 3145 3584 Παλαιολόγος
3201 3515 3612 3576 Κωνσταντῖνος

2013 3605 2130 3661 ’καὶ
2157 3604 2575 3676 Τζαμπλάκων,
2616 3605 2756 3677 πρὸς
2798 3607 2892 3660 τδν
2930 3607 3106 3676 μέγαν
3135 3606 3456 3677 ὼμέστικον
3482 3605 3620 3657 άπεέ

2039 3697 2352 3762 στέλλοντο,
2384 3697 2456 3750 τά
2484 3699 2641 3768 κοινῇ
2672 3696 3006 3768 δηλώσοντες
3026 3698 3159 3750 πᾶσι
3186 3695 3501 3767 δεδογμένα·
3533 3694 3615 3748 ἐτι

2034 3789 2092 3843 δέ
2133 3789 2384 3859 ἐχόμενοι
2437 3789 2586 3856 ὁδοῦ,
2637 3791 2861 3859 κήρυκα
2909 3788 3360 3859 προπέμψαντες,
3394 3787 3616 3858 ἐδήλουν

2035 3882 2329 3954 γράμμασι
2362 3881 2442 3950 τῷ
2477 3881 2700 3952 μεγάλῳ
2740 3880 3071 3951 δομεστίκῳ,
3107 3881 3274 3950 μηδὲν
3323 3881 3454 3950 περὶ
3492 3879 3619 3931 ἐαυ-

2034 3973 2128 4028 τοῦ
2183 3975 2354 4027 κινεῖν
2399 3973 2510 4026 τῶν
2543 3971 2908 4025 καθεστώτων
2944 3969 3080 4042 μηδέ
3130 3971 3392 4040 πράττειν
3427 3969 3616 4039 μηδὲν,

2039 4067 2178 4136 μήτε
2236 4065 2348 4117 τῶν
2387 4063 2696 4118 δοκούντων
2745 4063 3036 4134 βελτιόνων
3080 4061 3114 4130 ἦ
3141 4061 3402 4131 χειρόνων
3443 4059 3510 4113 ἂν
3543 4059 3615 4130 μὴ

2020 4159 2262 4230 ’παρῶσι
2317 4158 2414 4211 καὶ
2471 4157 2649 4211 αὐτοί·
2698 4156 2920 4216 πάντως
2975 4155 3032 4207 δὲ
3105 4153 3438 4222 παρέσονται
3497 4151 3621 4204 ὅσον

2037 4251 2270 4304 οὐδέπω·
2298 4248 2592 4303 δίκαιοναδὲ
2628 4243 2771 4300 εἶναι
2803 4246 3092 4300 πείθεσθαι
3123 4246 3331 4309 αὐτοῖς,
3362 4245 3421 4297 ού
3458 4243 3624 4314 μόνον

2042 4345 2102 4398 ἐν
2130 4344 2246 4406 τοῖς
2283 4343 2525 4414 πρώτοις
2555 4339 2674 4394 τῶν
2715 4340 2889 4409 φίλων
2925 4337 3311 4406 τεταγμένοις,
3351 4335 3487 4389 ἀλλὰ
3525 4332 3619 4388 καὶ

2003 4439 2006 4442 ’
2041 4434 2173 4506 παρ’
2205 4433 2410 4505 ἐτέρων
2441 4433 2671 4504 ἥκουσιν
2702 4430 2928 4501 ὁμοίων,
2964 4427 3434 4498 παραγενομένοις
3481 4425 3556 4485 δὲ.
3582 4423 3622 4477 ἂι

360 4527 552 4588 verba,
611 4523 872 4594 quoniam
932 4521 1171 4576 absurda
1218 4519 1577 4588 apparebant,
1639 4519 1836 4574 incidit
1885 4519 1939 4574 id
1970 4508 2020 4566 Ῑ)

2047 4526 2114 4580 ἂν
2145 4527 2281 4579 πᾶσι
2315 4525 2487 4592 δόξειε
2544 4526 2700 4594 κοινῇ
2743 4523 3066 4585 λυσιτελεῖν,
3113 4520 3285 4573 ταῦτα
3338 4517 3616 4588 πράττειν.

2057 4614 2216 4668 Ἐπεὶ
2253 4613 2310 4667 δέ
2343 4614 2596 4682 γένοιντο
2645 4612 2813 4680 ἐγγὺς
2855 4609 3267 4678 Διδυμοτείχου,
3305 4606 3470 4660 πάλιν
3499 4603 3618 4656 ἓτε-

2047 4726 2138 4780 ρον
2165 4706 2613 4779 προπέμψαντες,
2640 4705 2738 4774 τήν
2766 4717 2826 4755 τε
2853 4700 3035 4770 ἄφιξιν
3052 4700 3290 4770 ἐμήνυον
3308 4697 3507 4758 αὐτῶν,
3526 4692 3620 4748 καὶ

2045 4799 2455 4870 προετρέποντο
2506 4795 2708 4862 ἐξιέναι
2756 4795 2837 4857 είς
2884 4793 3190 4860 ὑπάντησιν
3221 4787 3422 4842 αὐτῶν.
3449 4783 3620 4855 Τῷςδὲ

2046 4889 2268 4942 ἐδόκουν
2303 4885 2509 4956 ἀνόητα
2549 4879 2757 4946 ἀξιοῦν’
2813 4881 2877 4933 οὐ
2924 4878 3034 4950 γὰρ
3084 4875 3249 4931 αὐτόν
3297 4891 3418 4927 τινα
3448 4885 3618 4942 προσ·

1615 5000 1833 5064 Jacobi
1865 5002 2134 5066 Pontani
2173 5005 2363 5065 notua.

437 5113 513 5180 (lt)
545 5109 803 5183 Virgilius
835 5117 931 5160 vm
959 5103 1179 5183 @‘neid.
1204 5101 1454 5183 Latinum
1479 5111 1932 5183 regeni,pr:eter-
1989 5163 1994 5165 _

366 5172 471 5252 qua
496 5199 525 5231 ιι
567 5172 709 5249 (ιιιῖιά
734 5181 952 5252 legatos
988 5174 1174 5228 Enen:
1207 5173 1529 5252 mtmenbus
1553 5172 1558 5173 ⁷
1581 5173 1796 5252 ςξίιιιίἰε
1830 5172 1936 5252 d_o-

368 5241 486 5313 nat,
529 5241 691 5305 etiam
731 5241 926 5317 ipsum,
963 5260 992 5297 a
1026 5260 1134 5312 quo
1165 5243 1542 5309 mittebantur,
1570 5241 1802 5298 IEneam
1839 5241 1940 5295 do-

367 5333 586 5377 nantn'm
619 5320 764 5373 facit.

444 5396 571 5447 Hmc
600 5391 816 5457 eﬂ'alus.
847 5401 1003 5454 equos
1033 5399 1248 5457 numero
1278 5393 1431 5448 pater
1458 5382 1599 5457 eligit
1629 5382 1793 5457 omni.

437 5451 664 5517 Stabant
702 5468 780 5511 τοι·
806 5451 1009 5510 centum
1043 5456 1098 5506 in
1120 5455 1293 5508 nitidis
1330 5451 1644 5522 prtt'sepibus
1692 5451 1836 5506 uitis.

447 5532 698 5587 Omnibus
723 5525 982 5595 extempio
1004 5524 1214 5578 Teucris
1230 5525 1374 5593 jubet
1408 5526 1590 5577 ordine
1619 5523 1738 5595 duci

439 5603 700 5657 Instratos
733 5596 874 5651 ostro
900 5593 1156 5664 alipedes,
1187 5597 1437 5664 pictisque
1469 5593 1676 5664 tapetis.

447 5677 623 5727 Aurea
653 5669 944 5739 pectoribus
973 5663 1196 5739 dentissa
1223 5663 1444 5739 manilia
1481 5663 1704 5739 pendent
1732 5678 1748 5715 :

448 5743 582 5795 Tecti
609 5733 760 5793 auro.
788 5737 998 5806 fulvum-
1038 5735 1305 5806 mandunt
1325 5733 1418 5785 sub
1459 5733 1696 5806 dentibus
1726 5748 1938 5786 aurum.

447 5811 660 5864 Absenti
692 5800 878 5864 Αῖιὶσατ
909 5820 1136 5866 cui-rum,
1173 5805 1502 5873 geminosque
1525 5800 1727 5872 iugales

2120 5102 2335 5157 Semine
2363 5099 2429 5151 ab
2457 5097 2691 5158 wlherio,
2718 5098 2974 5165 spirantes
3008 5094 3224 5165 naribus
3254 5092 3446 5165 ignem,

2115 5173 2318 5228 "orum
2351 5169 2413 5222 de
2443 5176 2614 5236 gente,
2651 5161 2795 5236 patri
2826 5183 2954 5237 quos
2977 5163 3212 5237 illwdala
3244 5161 3394 5237 Circe

2117 5242 2430 5310 Snppositg
2448 5234 2522 5291 'de
2548 5234 2718 5310 matre
2749 5234 2930 5310 nothos
2958 5234 3388 5310 [urata_cre_at_:it.

2118 5304 2330 5366 Talibus
2358 5308 2613 5362 xEneadte
2649 5309 2820 5367 donis,
2855 5307 3110 5376 dictisque
3141 5304 3318 5358 Latini

2120 5380 2382 5436 Sublimea
2411 5381 2466 5431 in
2503 5379 2646 5446 equis
2679 5380 2914 5453 redeunt,
2945 5391 3231 5446 pacemque
3261 5381 3553 5441 reportant.

2122 5471 2198 5537 (5)
2230 5470 2514 5526 Sententia
2543 5467 2775 5537 requirit
2809 5476 2867 5520 ut
2900 5467 2954 5519 in
2976 5465 3168 5537 Graeco
3208 5464 3471 5533 legamus,
3495 5460 3626 5531 περὶ

2053 5535 2289 5597 ἑαυτῶν.
2341 5540 2453 5595 Cur
2514 5535 2658 5593 enim
2695 5537 2916 5599 vellent,
2949 5535 3335 5604 nequidquam
3391 5537 3630 5586 mutaret

2047 5615 2460 5668 Cantacuzenus
2492 5609 2558 5663 de
2589 5623 2648 5661 se
2681 5606 3086 5660 constitutum?
3122 5604 3264 5670 Quid
3307 5604 3453 5658 enim
3512 5609 3631 5655 erat

2048 5682 2412 5757 constitutum
2443 5678 2511 5734 de
2539 5676 2703 5757 ipso?
2729 5677 2800 5757 At
2832 5678 2899 5730 de
2951 5675 3086 5747 ipsis
3135 5684 3276 5741 erat,
3311 5681 3366 5729 et
3403 5687 3473 5729 ne
3497 5670 3630 5743 quid

2051 5754 2388 5817 immutaret,
2419 5754 2598 5804 vereri
2651 5756 2922 5819 poterant.
