  <div class='ocr_page' id='page_1' title='image "/cluster/home/n/w/nwhite01/storage/ocr_20150623/153:no.1/coo.31924054870583/392.png"; bbox 0 0 4054 6422; ppageno 0'>
   <div class='ocr_carea' id='block_1_1' title="bbox 486 388 596 450">
    <p class='ocr_par' dir='ltr' id='par_1_1' title="bbox 486 388 596 450">
     <span class='ocr_line' id='line_1_1' title="bbox 486 388 596 450; baseline 0.009 -1"><span class='ocrx_word' id='word_1_1' title='bbox 486 388 596 450; x_wconf 74' lang='lat'><strong>769</strong></span> 
     </span>
    </p>
   </div>
   <div class='ocr_carea' id='block_1_2' title="bbox 1653 391 2636 460">
    <p class='ocr_par' dir='ltr' id='par_1_2' title="bbox 1653 391 2636 460">
     <span class='ocr_line' id='line_1_2' title="bbox 1653 391 2636 460; baseline 0.008 -8"><span class='ocrx_word' id='word_1_2' title='bbox 1653 391 2200 455; x_wconf 77' lang='lat' dir='ltr'><strong>IIISTUBIARUM</strong></span> <span class='ocrx_word' id='word_1_3' title='bbox 2242 395 2476 457; x_wconf 75' lang='lat' dir='ltr'><strong>LIBER</strong></span> <span class='ocrx_word' id='word_1_4' title='bbox 2520 399 2636 460; x_wconf 84' lang='lat' dir='ltr'><strong>IlI.</strong></span> 
     </span>
    </p>
   </div>
   <div class='ocr_carea' id='block_1_3' title="bbox 3660 412 3766 472">
    <p class='ocr_par' dir='ltr' id='par_1_3' title="bbox 3660 412 3766 472">
     <span class='ocr_line' id='line_1_3' title="bbox 3660 412 3766 472; baseline 0 -1"><span class='ocrx_word' id='word_1_5' title='bbox 3660 412 3766 472; x_wconf 70' lang='lat'><strong>770</strong></span> 
     </span>
    </p>
   </div>
   <div class='ocr_carea' id='block_1_4' title="bbox 483 502 2071 595">
    <p class='ocr_par' dir='ltr' id='par_1_4' title="bbox 483 502 2057 581">
     <span class='ocr_line' id='line_1_4' title="bbox 483 502 2057 581; baseline 0.007 -27"><span class='ocrx_word' id='word_1_6' title='bbox 483 505 643 572; x_wconf 85' lang='grc' dir='ltr'>ήκειν</span> <span class='ocrx_word' id='word_1_7' title='bbox 675 502 806 567; x_wconf 66' lang='grc' dir='ltr'>τοὺς</span> <span class='ocrx_word' id='word_1_8' title='bbox 841 504 1273 577; x_wconf 77' lang='grc' dir='ltr'>ἐντυγχάνοντας</span> <span class='ocrx_word' id='word_1_9' title='bbox 1331 508 1500 581; x_wconf 82' lang='grc' dir='ltr'>τιμᾷν</span> <span class='ocrx_word' id='word_1_10' title='bbox 1545 511 2057 581; x_wconf 73' lang='grc' dir='ltr'><strong>προσαναγκάζειν·</strong></span> 
     </span>
    </p>
   </div>
   <div class='ocr_carea' id='block_1_5' title="bbox 2174 502 3764 595">
    <p class='ocr_par' dir='ltr' id='par_1_5' title="bbox 2174 516 3764 595">
     <span class='ocr_line' id='line_1_5' title="bbox 2174 516 3764 595; baseline 0.011 -30"><span class='ocrx_word' id='word_1_11' title='bbox 2174 516 2333 584; x_wconf 87' lang='lat' dir='ltr'><strong>paulo</strong></span> <span class='ocrx_word' id='word_1_12' title='bbox 2380 526 2506 586; x_wconf 87' lang='lat' dir='ltr'><strong>post</strong></span> <span class='ocrx_word' id='word_1_13' title='bbox 2549 527 2772 588; x_wconf 82' lang='lat' dir='ltr'><strong>captato</strong></span> <span class='ocrx_word' id='word_1_14' title='bbox 2825 527 3094 590; x_wconf 77' lang='lat' dir='ltr'><strong>tempore,&quot;</strong></span> <span class='ocrx_word' id='word_1_15' title='bbox 3124 523 3395 594; x_wconf 88' lang='lat' dir='ltr'><strong>cquitanti</strong></span> <span class='ocrx_word' id='word_1_16' title='bbox 3441 539 3764 595; x_wconf 86' lang='lat' dir='ltr'><strong>occurrunt,</strong></span> 
     </span>
    </p>
   </div>
   <div class='ocr_carea' id='block_1_6' title="bbox 483 595 2073 672">
    <p class='ocr_par' dir='ltr' id='par_1_6' title="bbox 483 595 2073 672">
     <span class='ocr_line' id='line_1_6' title="bbox 483 595 2073 672; baseline 0.004 -24"><span class='ocrx_word' id='word_1_17' title='bbox 483 595 601 648; x_wconf 84' lang='grc' dir='ltr'>ἀλλ’</span> <span class='ocrx_word' id='word_1_18' title='bbox 630 596 880 660; x_wconf 76' lang='grc' dir='ltr'><strong>ἐκείνους</strong></span> <span class='ocrx_word' id='word_1_19' title='bbox 911 597 1142 652; x_wconf 77' lang='grc' dir='ltr'>οίκοθενι</span> <span class='ocrx_word' id='word_1_20' title='bbox 1168 600 1355 664; x_wconf 81' lang='grc' dir='ltr'><strong>ἀξίους</strong></span> <span class='ocrx_word' id='word_1_21' title='bbox 1391 601 1678 671; x_wconf 80' lang='grc' dir='ltr'><strong>κρίνοντας</strong></span> <span class='ocrx_word' id='word_1_22' title='bbox 1714 602 2073 672; x_wconf 74' lang='grc' dir='ltr'><strong>ἐπιψηφίζειν</strong></span> 
     </span>
    </p>
   </div>
   <div class='ocr_carea' id='block_1_7' title="bbox 481 689 2073 764">
    <p class='ocr_par' dir='ltr' id='par_1_7' title="bbox 481 689 2073 764">
     <span class='ocr_line' id='line_1_7' title="bbox 481 689 2073 764; baseline 0.004 -22"><span class='ocrx_word' id='word_1_23' title='bbox 481 689 581 759; x_wconf 81' lang='grc' dir='ltr'>τὴν</span> <span class='ocrx_word' id='word_1_24' title='bbox 614 689 810 759; x_wconf 85' lang='grc' dir='ltr'>τιμήν·</span> <span class='ocrx_word' id='word_1_25' title='bbox 846 689 1162 756; x_wconf 78' lang='grc' dir='ltr'>ὲξετάζοντι</span> <span class='ocrx_word' id='word_1_26' title='bbox 1209 694 1267 747; x_wconf 85' lang='grc' dir='ltr'>δὲ</span> <span class='ocrx_word' id='word_1_27' title='bbox 1320 693 1459 764; x_wconf 82' lang='grc' dir='ltr'>πρὸς</span> <span class='ocrx_word' id='word_1_28' title='bbox 1513 695 1711 748; x_wconf 73' lang='grc' dir='ltr'>ἑαυτὸν</span> <span class='ocrx_word' id='word_1_29' title='bbox 1763 694 1856 748; x_wconf 79' lang='grc' dir='ltr'><strong>τὸν</strong></span> <span class='ocrx_word' id='word_1_30' title='bbox 1911 694 2073 763; x_wconf 88' lang='grc' dir='ltr'>λόγον</span> 
     </span>
    </p>
   </div>
   <div class='ocr_carea' id='block_1_8' title="bbox 485 782 2075 858">
    <p class='ocr_par' dir='ltr' id='par_1_8' title="bbox 485 782 2075 858">
     <span class='ocr_line' id='line_1_8' title="bbox 485 782 2075 858; baseline 0.003 -23"><span class='ocrx_word' id='word_1_31' title='bbox 485 782 576 835; x_wconf 63' lang='lat' dir='ltr'><strong>tta</strong></span> <span class='ocrx_word' id='word_1_32' title='bbox 615 784 715 852; x_wconf 81' lang='grc' dir='ltr'>τὴν</span> <span class='ocrx_word' id='word_1_33' title='bbox 758 783 1027 838; x_wconf 83' lang='grc' dir='ltr'><strong>δοκοῦσαν</strong></span> <span class='ocrx_word' id='word_1_34' title='bbox 1083 785 1343 851; x_wconf 81' lang='grc' dir='ltr'><strong>ἀτοπίαν,</strong></span> <span class='ocrx_word' id='word_1_35' title='bbox 1401 786 1710 858; x_wconf 86' lang='grc' dir='ltr'>παρίστατο</span> <span class='ocrx_word' id='word_1_36' title='bbox 1741 789 1884 842; x_wconf 84' lang='grc' dir='ltr'>νοεῖν</span> <span class='ocrx_word' id='word_1_37' title='bbox 1937 787 2075 858; x_wconf 80' lang='grc' dir='ltr'>ὅπερ</span> 
     </span>
    </p>
   </div>
   <div class='ocr_carea' id='block_1_9' title="bbox 487 861 2075 954">
    <p class='ocr_par' dir='ltr' id='par_1_9' title="bbox 487 861 2075 954">
     <span class='ocr_line' id='line_1_9' title="bbox 487 861 2075 954; baseline 0.004 -24"><span class='ocrx_word' id='word_1_38' title='bbox 487 874 578 949; x_wconf 79' lang='grc' dir='ltr'>ἦν,</span> <span class='ocrx_word' id='word_1_39' title='bbox 635 878 706 942; x_wconf 73' lang='grc' dir='ltr'>ὡς</span> <span class='ocrx_word' id='word_1_40' title='bbox 760 879 829 931; x_wconf 78' lang='grc' dir='ltr'><strong>ού</strong></span> <span class='ocrx_word' id='word_1_41' title='bbox 885 861 1158 953; x_wconf 75' lang='grc' dir='ltr'>σφετέρας</span> <span class='ocrx_word' id='word_1_42' title='bbox 1209 880 1377 938; x_wconf 75' lang='grc' dir='ltr'>ἕνεκα</span> <span class='ocrx_word' id='word_1_43' title='bbox 1429 882 1610 936; x_wconf 82' lang='grc' dir='ltr'>αὐτῶν</span> <span class='ocrx_word' id='word_1_44' title='bbox 1669 881 1838 954; x_wconf 85' lang='grc' dir='ltr'>τιμῆς</span> <span class='ocrx_word' id='word_1_45' title='bbox 1889 881 2075 953; x_wconf 77' lang='grc' dir='ltr'><strong>¹ήξίουν</strong></span> 
     </span>
    </p>
   </div>
   <div class='ocr_carea' id='block_1_10' title="bbox 485 969 2078 1046">
    <p class='ocr_par' dir='ltr' id='par_1_10' title="bbox 485 969 2078 1046">
     <span class='ocr_line' id='line_1_10' title="bbox 485 969 2078 1046; baseline 0.003 -24"><span class='ocrx_word' id='word_1_46' title='bbox 485 969 709 1022; x_wconf 85' lang='grc' dir='ltr'>τοιαῦτα</span> <span class='ocrx_word' id='word_1_47' title='bbox 733 1010 754 1035; x_wconf 85' lang='lat'><strong>,</strong></span> <span class='ocrx_word' id='word_1_48' title='bbox 798 969 917 1023; x_wconf 87' lang='grc' dir='ltr'>ἀλλ’</span> <span class='ocrx_word' id='word_1_49' title='bbox 970 971 1059 1024; x_wconf 75' lang='grc' dir='ltr'>ἵνα</span> <span class='ocrx_word' id='word_1_50' title='bbox 1098 972 1538 1046; x_wconf 76' lang='grc' dir='ltr'>ὑπαντήσαντος,</span> <span class='ocrx_word' id='word_1_51' title='bbox 1570 975 1680 1029; x_wconf 85' lang='grc' dir='ltr'><strong>τῶν</strong></span> <span class='ocrx_word' id='word_1_52' title='bbox 1722 976 1908 1029; x_wconf 78' lang='grc' dir='ltr'>ἵππων</span> <span class='ocrx_word' id='word_1_53' title='bbox 1941 978 2078 1029; x_wconf 89' lang='grc' dir='ltr'>ἀπο-</span> 
     </span>
    </p>
   </div>
   <div class='ocr_carea' id='block_1_11' title="bbox 487 1063 2073 1138">
    <p class='ocr_par' dir='ltr' id='par_1_11' title="bbox 487 1063 2073 1138">
     <span class='ocr_line' id='line_1_11' title="bbox 487 1063 2073 1138; baseline 0.004 -25"><span class='ocrx_word' id='word_1_54' title='bbox 487 1063 686 1125; x_wconf 76' lang='grc' dir='ltr'>ϐάντες</span> <span class='ocrx_word' id='word_1_55' title='bbox 715 1063 872 1116; x_wconf 77' lang='grc' dir='ltr'>αὐτοὶ</span> <span class='ocrx_word' id='word_1_56' title='bbox 913 1063 1084 1134; x_wconf 79' lang='grc' dir='ltr'>τιμήν</span> <span class='ocrx_word' id='word_1_57' title='bbox 1113 1066 1357 1120; x_wconf 79' lang='grc' dir='ltr'><strong>ἀποδῶσι</strong></span> <span class='ocrx_word' id='word_1_58' title='bbox 1398 1066 1496 1138; x_wconf 80' lang='grc' dir='ltr'>τὴν</span> <span class='ocrx_word' id='word_1_59' title='bbox 1527 1067 1818 1138; x_wconf 87' lang='grc' dir='ltr'>μεγίστην.</span> <span class='ocrx_word' id='word_1_60' title='bbox 1869 1068 1928 1122; x_wconf 85' lang='grc' dir='ltr'>Ὀ</span> <span class='ocrx_word' id='word_1_61' title='bbox 1970 1068 2073 1138; x_wconf 83' lang='grc' dir='ltr'>μὲν</span> 
     </span>
    </p>
   </div>
   <div class='ocr_carea' id='block_1_12' title="bbox 483 1147 2076 1226">
    <p class='ocr_par' dir='ltr' id='par_1_12' title="bbox 483 1147 2076 1226">
     <span class='ocr_line' id='line_1_12' title="bbox 483 1147 2076 1226; baseline 0.004 -21"><span class='ocrx_word' id='word_1_62' title='bbox 483 1147 577 1205; x_wconf 71' lang='grc' dir='ltr'>οὖν</span> <span class='ocrx_word' id='word_1_63' title='bbox 606 1152 837 1206; x_wconf 87' lang='grc' dir='ltr'>τοιαῦτα</span> <span class='ocrx_word' id='word_1_64' title='bbox 859 1154 1146 1225; x_wconf 84' lang='grc' dir='ltr'>ἐννοήσας,</span> <span class='ocrx_word' id='word_1_65' title='bbox 1177 1155 1396 1226; x_wconf 77' lang='grc' dir='ltr'>έμενιεν</span> <span class='ocrx_word' id='word_1_66' title='bbox 1422 1158 1582 1211; x_wconf 66' lang='grc' dir='ltr'>οἴκοι.</span> <span class='ocrx_word' id='word_1_67' title='bbox 1606 1159 1730 1221; x_wconf 83' lang='grc' dir='ltr'>Τοῖς</span> <span class='ocrx_word' id='word_1_68' title='bbox 1755 1159 1801 1210; x_wconf 79' lang='grc' dir='ltr'>δ’</span> <span class='ocrx_word' id='word_1_69' title='bbox 1823 1158 1946 1212; x_wconf 74' lang='grc' dir='ltr'>ἐπεὶ</span> <span class='ocrx_word' id='word_1_70' title='bbox 1973 1159 2076 1212; x_wconf 81' lang='grc' dir='ltr'>οὐκ</span> 
     </span>
    </p>
   </div>
   <div class='ocr_carea' id='block_1_13' title="bbox 484 1243 2075 1322">
    <p class='ocr_par' dir='ltr' id='par_1_13' title="bbox 484 1243 2075 1322">
     <span class='ocr_line' id='line_1_13' title="bbox 484 1243 2075 1322; baseline 0.005 -27"><span class='ocrx_word' id='word_1_71' title='bbox 484 1243 768 1312; x_wconf 74' lang='grc' dir='ltr'>ἐξεγένετο</span> <span class='ocrx_word' id='word_1_72' title='bbox 796 1244 894 1316; x_wconf 80' lang='grc' dir='ltr'>τὴν</span> <span class='ocrx_word' id='word_1_73' title='bbox 924 1246 1176 1304; x_wconf 83' lang='grc' dir='ltr'>ἐπίνοιαν</span> <span class='ocrx_word' id='word_1_74' title='bbox 1206 1251 1284 1312; x_wconf 90' lang='grc' dir='ltr'><strong>είς</strong></span> <span class='ocrx_word' id='word_1_75' title='bbox 1317 1248 1479 1322; x_wconf 74' lang='grc' dir='ltr'>ἔργον</span> <span class='ocrx_word' id='word_1_76' title='bbox 1510 1249 1689 1319; x_wconf 78' lang='grc' dir='ltr'>ἄγειν,</span> <span class='ocrx_word' id='word_1_77' title='bbox 1721 1250 1892 1322; x_wconf 83' lang='grc' dir='ltr'>ὀλίγῳ</span> <span class='ocrx_word' id='word_1_78' title='bbox 1924 1250 2075 1304; x_wconf 84' lang='grc' dir='ltr'>ὔστε-</span> 
     </span>
    </p>
   </div>
   <div class='ocr_carea' id='block_1_14' title="bbox 489 1338 2070 1414">
    <p class='ocr_par' dir='ltr' id='par_1_14' title="bbox 489 1338 2070 1414">
     <span class='ocr_line' id='line_1_14' title="bbox 489 1338 2070 1414; baseline 0.005 -26"><span class='ocrx_word' id='word_1_79' title='bbox 489 1353 583 1406; x_wconf 87' lang='grc' dir='ltr'>ρον</span> <span class='ocrx_word' id='word_1_80' title='bbox 609 1338 803 1408; x_wconf 77' lang='grc' dir='ltr'>καιρδν</span> <span class='ocrx_word' id='word_1_81' title='bbox 830 1341 1292 1412; x_wconf 75' lang='grc' dir='ltr'>ἐπιτηρήσαντες,</span> <span class='ocrx_word' id='word_1_82' title='bbox 1316 1343 1413 1397; x_wconf 70' lang='grc' dir='ltr'>καὶ</span> <span class='ocrx_word' id='word_1_83' title='bbox 1437 1346 1796 1414; x_wconf 76' lang='grc' dir='ltr'>συντυχόντες</span> <span class='ocrx_word' id='word_1_84' title='bbox 1823 1343 2070 1414; x_wconf 78' lang='grc' dir='ltr'>ἐφίππῳ,</span> 
     </span>
    </p>
   </div>
   <div class='ocr_carea' id='block_1_15' title="bbox 487 1427 2074 1507">
    <p class='ocr_par' dir='ltr' id='par_1_15' title="bbox 487 1427 2074 1507">
     <span class='ocr_line' id='line_1_15' title="bbox 487 1427 2074 1507; baseline 0.006 -28"><span class='ocrx_word' id='word_1_85' title='bbox 487 1427 596 1480; x_wconf 81' lang='grc' dir='ltr'><strong>τῶν</strong></span> <span class='ocrx_word' id='word_1_86' title='bbox 628 1429 813 1498; x_wconf 78' lang='grc' dir='ltr'>ἵππων</span> <span class='ocrx_word' id='word_1_87' title='bbox 840 1431 1150 1493; x_wconf 74' lang='grc' dir='ltr'>ἀποϐάντες</span> <span class='ocrx_word' id='word_1_88' title='bbox 1179 1435 1576 1504; x_wconf 80' lang='grc' dir='ltr'>προσεκύνουν.</span> <span class='ocrx_word' id='word_1_89' title='bbox 1612 1431 1727 1490; x_wconf 79' lang='grc' dir='ltr'><strong>Εἶτ’</strong></span> <span class='ocrx_word' id='word_1_90' title='bbox 1747 1436 1902 1507; x_wconf 80' lang='grc' dir='ltr'><strong>αύτῷ</strong></span> <span class='ocrx_word' id='word_1_91' title='bbox 1931 1436 2074 1490; x_wconf 82' lang='grc' dir='ltr'>οῐκοι</span> 
     </span>
    </p>
   </div>
   <div class='ocr_carea' id='block_1_16' title="bbox 435 1521 2075 1602">
    <p class='ocr_par' dir='ltr' id='par_1_16' title="bbox 435 1521 2075 1602">
     <span class='ocr_line' id='line_1_16' title="bbox 435 1521 2075 1602; baseline 0.007 -31"><span class='ocrx_word' id='word_1_92' title='bbox 435 1577 445 1602; x_wconf 53' lang='grc'><strong><em>⁸</em></strong></span> <span class='ocrx_word' id='word_1_93' title='bbox 488 1521 846 1586; x_wconf 79' lang='grc' dir='ltr'>συνελθόντες</span> <span class='ocrx_word' id='word_1_94' title='bbox 879 1524 942 1577; x_wconf 84' lang='grc' dir='ltr'>οὐ</span> <span class='ocrx_word' id='word_1_95' title='bbox 994 1527 1142 1579; x_wconf 87' lang='grc' dir='ltr'><strong>κατά</strong></span> <span class='ocrx_word' id='word_1_96' title='bbox 1170 1527 1234 1580; x_wconf 64' lang='grc' dir='ltr'><strong>’τὸ</strong></span> <span class='ocrx_word' id='word_1_97' title='bbox 1270 1530 1542 1600; x_wconf 85' lang='grc' dir='ltr'>πρότερον</span> <span class='ocrx_word' id='word_1_98' title='bbox 1574 1529 1697 1594; x_wconf 76' lang='grc' dir='ltr'>ἔθος</span> <span class='ocrx_word' id='word_1_99' title='bbox 1726 1529 2075 1583; x_wconf 81' lang='grc' dir='ltr'>συνεισίεσαν</span> 
     </span>
    </p>
   </div>
   <div class='ocr_carea' id='block_1_17' title="bbox 485 1609 2072 1692">
    <p class='ocr_par' dir='ltr' id='par_1_17' title="bbox 485 1609 2072 1692">
     <span class='ocr_line' id='line_1_17' title="bbox 485 1609 2072 1692; baseline 0.016 -29"><span class='ocrx_word' id='word_1_100' title='bbox 485 1609 723 1679; x_wconf 73' lang='grc' dir='ltr'>ἔφιπποι</span> <span class='ocrx_word' id='word_1_101' title='bbox 767 1615 871 1684; x_wconf 79' lang='grc' dir='ltr'>τὴν</span> <span class='ocrx_word' id='word_1_102' title='bbox 903 1617 1096 1687; x_wconf 81' lang='grc' dir='ltr'>αὐλὴν,</span> <span class='ocrx_word' id='word_1_103' title='bbox 1129 1619 1245 1673; x_wconf 78' lang='grc' dir='ltr'>ἀλλ’</span> <span class='ocrx_word' id='word_1_104' title='bbox 1292 1620 1398 1688; x_wconf 76' lang='grc' dir='ltr'><strong>ἔξω</strong></span> <span class='ocrx_word' id='word_1_105' title='bbox 1439 1622 1866 1689; x_wconf 71' lang='grc' dir='ltr'>καταλιπόντες,</span> <span class='ocrx_word' id='word_1_106' title='bbox 1894 1621 2072 1692; x_wconf 81' lang='grc' dir='ltr'>παρέ-</span> 
     </span>
    </p>
   </div>
   <div class='ocr_carea' id='block_1_18' title="bbox 439 1703 2071 1785">
    <p class='ocr_par' dir='ltr' id='par_1_18' title="bbox 439 1703 2071 1785">
     <span class='ocr_line' id='line_1_18' title="bbox 439 1703 2071 1785; baseline 0.005 -29"><span class='ocrx_word' id='word_1_107' title='bbox 439 1729 445 1736; x_wconf 88' lang='grc'>·</span> <span class='ocrx_word' id='word_1_108' title='bbox 486 1703 608 1758; x_wconf 90' lang='grc' dir='ltr'>θεον</span> <span class='ocrx_word' id='word_1_109' title='bbox 671 1707 840 1779; x_wconf 80' lang='grc' dir='ltr'>πεζῇ.</span> <span class='ocrx_word' id='word_1_110' title='bbox 891 1709 953 1764; x_wconf 91' lang='lat'><strong>&#39;0</strong></span> <span class='ocrx_word' id='word_1_111' title='bbox 995 1710 1055 1764; x_wconf 71' lang='grc' dir='ltr'>δὲ</span> <span class='ocrx_word' id='word_1_112' title='bbox 1110 1711 1498 1783; x_wconf 78' lang='grc' dir='ltr'>ἠγανάκτησεν</span> <span class='ocrx_word' id='word_1_113' title='bbox 1554 1713 1642 1784; x_wconf 84' lang='grc' dir='ltr'>ἐφ’</span> <span class='ocrx_word' id='word_1_114' title='bbox 1673 1715 1961 1785; x_wconf 71' lang='grc' dir='ltr'>ἑκατέροις</span> <span class='ocrx_word' id='word_1_115' title='bbox 2009 1713 2071 1765; x_wconf 84' lang='grc' dir='ltr'>οὐ</span> 
     </span>
    </p>
   </div>
   <div class='ocr_carea' id='block_1_19' title="bbox 485 1799 2072 1879">
    <p class='ocr_par' dir='ltr' id='par_1_19' title="bbox 485 1799 2072 1879">
     <span class='ocr_line' id='line_1_19' title="bbox 485 1799 2072 1879; baseline 0.007 -31"><span class='ocrx_word' id='word_1_116' title='bbox 485 1799 755 1869; x_wconf 88' lang='grc' dir='ltr'>μετρίως.</span> <span class='ocrx_word' id='word_1_117' title='bbox 783 1800 1002 1854; x_wconf 77' lang='grc' dir='ltr'>Ἔπειθ’</span> <span class='ocrx_word' id='word_1_118' title='bbox 1031 1803 1214 1875; x_wconf 83' lang='grc' dir='ltr'>ἐαυτῷ</span> <span class='ocrx_word' id='word_1_119' title='bbox 1245 1807 1750 1879; x_wconf 73' lang='grc' dir='ltr'>περιστησάμενος,</span> <span class='ocrx_word' id='word_1_120' title='bbox 1774 1806 2072 1876; x_wconf 83' lang='grc' dir='ltr'>κατηγόρει</span> 
     </span>
    </p>
   </div>
   <div class='ocr_carea' id='block_1_20' title="bbox 2178 607 3762 680">
    <p class='ocr_par' dir='ltr' id='par_1_20' title="bbox 2178 607 3762 680">
     <span class='ocr_line' id='line_1_20' title="bbox 2178 607 3762 680; baseline 0.009 -22"><span class='ocrx_word' id='word_1_121' title='bbox 2178 620 2242 658; x_wconf 89' lang='lat' dir='ltr'><strong>ac</strong></span> <span class='ocrx_word' id='word_1_122' title='bbox 2285 607 2353 661; x_wconf 92' lang='lat' dir='ltr'><strong>de</strong></span> <span class='ocrx_word' id='word_1_123' title='bbox 2402 609 2519 664; x_wconf 86' lang='lat' dir='ltr'><strong>suis</strong></span> <span class='ocrx_word' id='word_1_124' title='bbox 2560 610 2830 680; x_wconf 88' lang='lat' dir='ltr'><strong>jumentis</strong></span> <span class='ocrx_word' id='word_1_125' title='bbox 2881 612 3205 671; x_wconf 81' lang='lat' dir='ltr'><strong>detinentes.</strong></span> <span class='ocrx_word' id='word_1_126' title='bbox 3239 630 3366 670; x_wconf 87' lang='lat' dir='ltr'><strong>eum</strong></span> <span class='ocrx_word' id='word_1_127' title='bbox 3421 617 3762 673; x_wconf 86' lang='lat' dir='ltr'><strong>adorabundi</strong></span> 
     </span>
    </p>
   </div>
   <div class='ocr_carea' id='block_1_21' title="bbox 2177 701 3765 778">
    <p class='ocr_par' dir='ltr' id='par_1_21' title="bbox 2177 701 3765 778">
     <span class='ocr_line' id='line_1_21' title="bbox 2177 701 3765 778; baseline 0.007 -24"><span class='ocrx_word' id='word_1_128' title='bbox 2177 701 2441 754; x_wconf 86' lang='lat' dir='ltr'><strong>salutant.</strong></span> <span class='ocrx_word' id='word_1_129' title='bbox 2484 701 2691 757; x_wconf 89' lang='lat' dir='ltr'><strong>Deinde</strong></span> <span class='ocrx_word' id='word_1_130' title='bbox 2734 703 2960 758; x_wconf 89' lang='lat' dir='ltr'><strong>domum</strong></span> <span class='ocrx_word' id='word_1_131' title='bbox 2995 707 3351 773; x_wconf 76' lang='lat' dir='ltr'><strong>comitantes,</strong></span> <span class='ocrx_word' id='word_1_132' title='bbox 3389 725 3497 763; x_wconf 89' lang='lat' dir='ltr'><strong>non</strong></span> <span class='ocrx_word' id='word_1_133' title='bbox 3531 711 3765 778; x_wconf 82' lang='lat' dir='ltr'><strong>pristino</strong></span> 
     </span>
    </p>
   </div>
   <div class='ocr_carea' id='block_1_22' title="bbox 2175 793 3760 870">
    <p class='ocr_par' dir='ltr' id='par_1_22' title="bbox 2175 793 3760 870">
     <span class='ocr_line' id='line_1_22' title="bbox 2175 793 3760 870; baseline 0.009 -27"><span class='ocrx_word' id='word_1_134' title='bbox 2175 804 2331 846; x_wconf 86' lang='lat' dir='ltr'><strong>more</strong></span> <span class='ocrx_word' id='word_1_135' title='bbox 2377 793 2788 862; x_wconf 89' lang='lat' dir='ltr'><strong>adequitantes,</strong></span> <span class='ocrx_word' id='word_1_136' title='bbox 2825 797 2919 851; x_wconf 92' lang='lat' dir='ltr'><strong>sed</strong></span> <span class='ocrx_word' id='word_1_137' title='bbox 2969 797 3106 853; x_wconf 89' lang='lat' dir='ltr'><strong>toris</strong></span> <span class='ocrx_word' id='word_1_138' title='bbox 3150 814 3325 869; x_wconf 87' lang='lat' dir='ltr'><strong>equos</strong></span> <span class='ocrx_word' id='word_1_139' title='bbox 3365 801 3760 870; x_wconf 72' lang='lat' dir='ltr'><strong>relinquentes,</strong></span> 
     </span>
    </p>
   </div>
   <div class='ocr_carea' id='block_1_23' title="bbox 2176 884 3760 963">
    <p class='ocr_par' dir='ltr' id='par_1_23' title="bbox 2176 884 3760 963">
     <span class='ocr_line' id='line_1_23' title="bbox 2176 884 3760 963; baseline 0.005 -24"><span class='ocrx_word' id='word_1_140' title='bbox 2176 884 2419 955; x_wconf 35' lang='lat' dir='ltr'><strong>etjuxta.</strong></span> <span class='ocrx_word' id='word_1_141' title='bbox 2447 886 2682 954; x_wconf 78' lang='lat' dir='ltr'><strong>pedibus</strong></span> <span class='ocrx_word' id='word_1_142' title='bbox 2706 888 3076 954; x_wconf 81' lang='lat' dir='ltr'><strong>ambulantes,</strong></span> <span class='ocrx_word' id='word_1_143' title='bbox 3109 892 3291 945; x_wconf 84' lang='lat' dir='ltr'><strong>aulam</strong></span> <span class='ocrx_word' id='word_1_144' title='bbox 3319 893 3484 946; x_wconf 83' lang='lat' dir='ltr'><strong>simul</strong></span> <span class='ocrx_word' id='word_1_145' title='bbox 3530 894 3760 963; x_wconf 73' lang='lat' dir='ltr'><strong>ingrcssi</strong></span> 
     </span>
    </p>
   </div>
   <div class='ocr_carea' id='block_1_24' title="bbox 2175 975 3760 1049">
    <p class='ocr_par' dir='ltr' id='par_1_24' title="bbox 2175 975 3760 1049">
     <span class='ocr_line' id='line_1_24' title="bbox 2175 975 3760 1049; baseline 0.006 -21"><span class='ocrx_word' id='word_1_146' title='bbox 2175 983 2326 1030; x_wconf 87' lang='lat' dir='ltr'><strong>sunt.</strong></span> <span class='ocrx_word' id='word_1_147' title='bbox 2362 975 2455 1030; x_wconf 86' lang='lat' dir='ltr'><strong>ille</strong></span> <span class='ocrx_word' id='word_1_148' title='bbox 2502 985 2799 1048; x_wconf 88' lang='lat' dir='ltr'><strong>utrumque</strong></span> <span class='ocrx_word' id='word_1_149' title='bbox 2843 981 3180 1049; x_wconf 83' lang='lat' dir='ltr'><strong>permoleste</strong></span> <span class='ocrx_word' id='word_1_150' title='bbox 3214 983 3363 1038; x_wconf 85' lang='lat' dir='ltr'><strong>tulit.</strong></span> <span class='ocrx_word' id='word_1_151' title='bbox 3399 983 3528 1038; x_wconf 87' lang='lat' dir='ltr'><strong>Post</strong></span> <span class='ocrx_word' id='word_1_152' title='bbox 3579 984 3634 1036; x_wconf 93' lang='lat' dir='ltr'><strong>in</strong></span> <span class='ocrx_word' id='word_1_153' title='bbox 3664 999 3760 1037; x_wconf 87' lang='lat' dir='ltr'><strong>or-</strong></span> 
     </span>
    </p>
   </div>
   <div class='ocr_carea' id='block_1_25' title="bbox 2174 1065 3762 1144">
    <p class='ocr_par' dir='ltr' id='par_1_25' title="bbox 2174 1065 3762 1144">
     <span class='ocr_line' id='line_1_25' title="bbox 2174 1065 3762 1144; baseline 0.006 -24"><span class='ocrx_word' id='word_1_154' title='bbox 2174 1065 2300 1121; x_wconf 83' lang='lat' dir='ltr'><strong>bem</strong></span> <span class='ocrx_word' id='word_1_155' title='bbox 2334 1083 2391 1121; x_wconf 89' lang='lat' dir='ltr'><strong>se</strong></span> <span class='ocrx_word' id='word_1_156' title='bbox 2417 1067 2887 1125; x_wconf 86' lang='lat' dir='ltr'><strong>circumsistentes</strong></span> <span class='ocrx_word' id='word_1_157' title='bbox 2915 1071 2983 1125; x_wconf 82' lang='lat' dir='ltr'><strong>de</strong></span> <span class='ocrx_word' id='word_1_158' title='bbox 3003 1071 3134 1128; x_wconf 78' lang='lat' dir='ltr'><strong>facti</strong></span> <span class='ocrx_word' id='word_1_159' title='bbox 3164 1075 3409 1130; x_wconf 84' lang='lat' dir='ltr'><strong>novitate</strong></span> <span class='ocrx_word' id='word_1_160' title='bbox 3456 1077 3762 1144; x_wconf 58' lang='lat' dir='ltr'><strong>rrprehcn-</strong></span> 
     </span>
    </p>
   </div>
   <div class='ocr_carea' id='block_1_26' title="bbox 2175 1160 3757 1238">
    <p class='ocr_par' dir='ltr' id='par_1_26' title="bbox 2175 1160 3757 1238">
     <span class='ocr_line' id='line_1_26' title="bbox 2175 1160 3757 1238; baseline 0.006 -24"><span class='ocrx_word' id='word_1_161' title='bbox 2175 1160 2279 1225; x_wconf 89' lang='lat' dir='ltr'><strong>dit,</strong></span> <span class='ocrx_word' id='word_1_162' title='bbox 2317 1176 2568 1225; x_wconf 90' lang='lat' dir='ltr'><strong>monens,</strong></span> <span class='ocrx_word' id='word_1_163' title='bbox 2596 1178 2664 1216; x_wconf 89' lang='lat' dir='ltr'><strong>ne</strong></span> <span class='ocrx_word' id='word_1_164' title='bbox 2691 1163 2824 1232; x_wconf 89' lang='lat' dir='ltr'><strong>quid</strong></span> <span class='ocrx_word' id='word_1_165' title='bbox 2857 1165 3037 1220; x_wconf 88' lang='lat' dir='ltr'><strong>simile</strong></span> <span class='ocrx_word' id='word_1_166' title='bbox 3072 1167 3324 1236; x_wconf 87' lang='lat' dir='ltr'><strong>posthac,</strong></span> <span class='ocrx_word' id='word_1_167' title='bbox 3349 1172 3442 1222; x_wconf 87' lang='lat' dir='ltr'><strong>sed</strong></span> <span class='ocrx_word' id='word_1_168' title='bbox 3474 1171 3757 1238; x_wconf 87' lang='lat' dir='ltr'><strong>antiquam</strong></span> 
     </span>
    </p>
   </div>
   <div class='ocr_carea' id='block_1_27' title="bbox 2125 1255 3763 1328">
    <p class='ocr_par' dir='ltr' id='par_1_27' title="bbox 2125 1255 3763 1328">
     <span class='ocr_line' id='line_1_27' title="bbox 2125 1255 3763 1328; baseline 0.005 -21"><span class='ocrx_word' id='word_1_169' title='bbox 2125 1255 2635 1328; x_wconf 47' lang='lat' dir='ltr'><strong>.eonsuetutlinent</strong></span> <span class='ocrx_word' id='word_1_170' title='bbox 2673 1257 2995 1311; x_wconf 83' lang='lat' dir='ltr'><strong>retinerent.</strong></span> <span class='ocrx_word' id='word_1_171' title='bbox 3046 1259 3109 1312; x_wconf 89' lang='lat' dir='ltr'><strong>Ni</strong></span> <span class='ocrx_word' id='word_1_172' title='bbox 3170 1261 3485 1327; x_wconf 74' lang='lat' dir='ltr'><strong>obetlirent,</strong></span> <span class='ocrx_word' id='word_1_173' title='bbox 3535 1277 3594 1316; x_wconf 87' lang='lat' dir='ltr'><strong>se</strong></span> <span class='ocrx_word' id='word_1_174' title='bbox 3641 1262 3763 1316; x_wconf 81' lang='lat' dir='ltr'><strong>illos</strong></span> 
     </span>
    </p>
   </div>
   <div class='ocr_carea' id='block_1_28' title="bbox 2174 1332 3758 1419">
    <p class='ocr_par' dir='ltr' id='par_1_28' title="bbox 2174 1332 3758 1419">
     <span class='ocr_line' id='line_1_28' title="bbox 2174 1332 3758 1419; baseline 0.004 -21"><span class='ocrx_word' id='word_1_175' title='bbox 2174 1359 2300 1398; x_wconf 88' lang='lat' dir='ltr'><strong>cum</strong></span> <span class='ocrx_word' id='word_1_176' title='bbox 2333 1345 2621 1399; x_wconf 86' lang='lat' dir='ltr'><strong>stomacho</strong></span> <span class='ocrx_word' id='word_1_177' title='bbox 2652 1332 3020 1414; x_wconf 74' lang='lat' dir='ltr'><strong>repulsurum.</strong></span> <span class='ocrx_word' id='word_1_178' title='bbox 3046 1347 3182 1403; x_wconf 87' lang='lat' dir='ltr'><strong>Cum</strong></span> <span class='ocrx_word' id='word_1_179' title='bbox 3210 1351 3262 1402; x_wconf 88' lang='lat' dir='ltr'><strong>in</strong></span> <span class='ocrx_word' id='word_1_180' title='bbox 3290 1366 3492 1419; x_wconf 85' lang='lat' dir='ltr'><strong>equum</strong></span> <span class='ocrx_word' id='word_1_181' title='bbox 3539 1367 3758 1405; x_wconf 78' lang='lat' dir='ltr'><strong>rursum</strong></span> 
     </span>
    </p>
   </div>
   <div class='ocr_carea' id='block_1_29' title="bbox 2175 1437 3758 1511">
    <p class='ocr_par' dir='ltr' id='par_1_29' title="bbox 2175 1437 3758 1511">
     <span class='ocr_line' id='line_1_29' title="bbox 2175 1437 3758 1511; baseline 0.005 -23"><span class='ocrx_word' id='word_1_182' title='bbox 2175 1437 2477 1490; x_wconf 88' lang='lat' dir='ltr'><strong>ascendere</strong></span> <span class='ocrx_word' id='word_1_183' title='bbox 2539 1446 2867 1504; x_wconf 87' lang='lat' dir='ltr'><strong>oporteret,</strong></span> <span class='ocrx_word' id='word_1_184' title='bbox 2919 1437 3089 1507; x_wconf 85' lang='lat' dir='ltr'><strong>jussit.</strong></span> <span class='ocrx_word' id='word_1_185' title='bbox 3147 1454 3273 1494; x_wconf 88' lang='lat' dir='ltr'><strong>eum</strong></span> <span class='ocrx_word' id='word_1_186' title='bbox 3335 1453 3489 1496; x_wconf 84' lang='lat' dir='ltr'><strong>extra</strong></span> <span class='ocrx_word' id='word_1_187' title='bbox 3544 1450 3758 1511; x_wconf 88' lang='lat' dir='ltr'><strong>portam</strong></span> 
     </span>
    </p>
   </div>
   <div class='ocr_carea' id='block_1_30' title="bbox 2177 1520 3760 1599">
    <p class='ocr_par' dir='ltr' id='par_1_30' title="bbox 2177 1520 3760 1599">
     <span class='ocr_line' id='line_1_30' title="bbox 2177 1520 3760 1599; baseline 0.003 -16"><span class='ocrx_word' id='word_1_188' title='bbox 2177 1529 2365 1592; x_wconf 90' lang='lat' dir='ltr'><strong>educi,</strong></span> <span class='ocrx_word' id='word_1_189' title='bbox 2389 1520 2464 1584; x_wconf 56' lang='lat' dir='ltr'><strong>&#39;ac</strong></span> <span class='ocrx_word' id='word_1_190' title='bbox 2495 1545 2594 1599; x_wconf 89' lang='lat' dir='ltr'><strong>per</strong></span> <span class='ocrx_word' id='word_1_191' title='bbox 2622 1530 2803 1584; x_wconf 82' lang='lat' dir='ltr'><strong>aulam</strong></span> <span class='ocrx_word' id='word_1_192' title='bbox 2836 1531 3133 1597; x_wconf 85' lang='lat' dir='ltr'><strong>transiens,</strong></span> <span class='ocrx_word' id='word_1_193' title='bbox 3167 1533 3371 1587; x_wconf 83' lang='lat' dir='ltr'><strong>ibidem</strong></span> <span class='ocrx_word' id='word_1_194' title='bbox 3409 1537 3672 1589; x_wconf 84' lang='lat' dir='ltr'><strong>ascendit.</strong></span> <span class='ocrx_word' id='word_1_195' title='bbox 3703 1535 3760 1588; x_wconf 88' lang='lat' dir='ltr'><strong>ld</strong></span> 
     </span>
    </p>
   </div>
   <div class='ocr_carea' id='block_1_31' title="bbox 2175 1619 3765 1695">
    <p class='ocr_par' dir='ltr' id='par_1_31' title="bbox 2175 1619 3765 1695">
     <span class='ocr_line' id='line_1_31' title="bbox 2175 1619 3765 1695; baseline 0.003 -21"><span class='ocrx_word' id='word_1_196' title='bbox 2175 1619 2254 1674; x_wconf 90' lang='lat' dir='ltr'><strong>illi</strong></span> <span class='ocrx_word' id='word_1_197' title='bbox 2298 1620 2644 1690; x_wconf 88' lang='lat' dir='ltr'><strong>aspicientes,</strong></span> <span class='ocrx_word' id='word_1_198' title='bbox 2681 1622 2775 1691; x_wconf 92' lang='lat' dir='ltr'><strong>qui</strong></span> <span class='ocrx_word' id='word_1_199' title='bbox 2810 1622 3108 1678; x_wconf 80' lang='lat' dir='ltr'><strong>novitatem</strong></span> <span class='ocrx_word' id='word_1_200' title='bbox 3147 1637 3499 1695; x_wconf 74' lang='lat' dir='ltr'><strong>usurparent,</strong></span> <span class='ocrx_word' id='word_1_201' title='bbox 3553 1635 3611 1680; x_wconf 92' lang='lat' dir='ltr'><strong>et</strong></span> <span class='ocrx_word' id='word_1_202' title='bbox 3663 1631 3765 1679; x_wconf 81' lang='lat' dir='ltr'><strong>mi-</strong></span> 
     </span>
    </p>
   </div>
   <div class='ocr_carea' id='block_1_32' title="bbox 2177 1709 3762 1786">
    <p class='ocr_par' dir='ltr' id='par_1_32' title="bbox 2177 1709 3762 1786">
     <span class='ocr_line' id='line_1_32' title="bbox 2177 1709 3762 1786; baseline 0.004 -18"><span class='ocrx_word' id='word_1_203' title='bbox 2177 1713 2266 1768; x_wconf 92' lang='lat' dir='ltr'><strong>nis</strong></span> <span class='ocrx_word' id='word_1_204' title='bbox 2317 1715 2620 1784; x_wconf 83' lang='lat' dir='ltr'><strong>perterriti,</strong></span> <span class='ocrx_word' id='word_1_205' title='bbox 2660 1731 2869 1770; x_wconf 83' lang='lat' dir='ltr'><strong>merent</strong></span> <span class='ocrx_word' id='word_1_206' title='bbox 2927 1709 3224 1786; x_wconf 77' lang='lat' dir='ltr'><strong>pristinum</strong></span> <span class='ocrx_word' id='word_1_207' title='bbox 3292 1721 3660 1781; x_wconf 87' lang='lat' dir='ltr'><strong>retinuerunt,</strong></span> <span class='ocrx_word' id='word_1_208' title='bbox 3704 1728 3762 1774; x_wconf 75' lang='lat' dir='ltr'><strong>ct</strong></span> 
     </span>
    </p>
   </div>
   <div class='ocr_carea' id='block_1_33' title="bbox 2177 1799 3746 1881">
    <p class='ocr_par' dir='ltr' id='par_1_33' title="bbox 2177 1799 3746 1881">
     <span class='ocr_line' id='line_1_33' title="bbox 2177 1799 3746 1881; baseline 0.004 -23"><span class='ocrx_word' id='word_1_209' title='bbox 2177 1819 2355 1874; x_wconf 89' lang='lat' dir='ltr'><strong>neque</strong></span> <span class='ocrx_word' id='word_1_210' title='bbox 2386 1805 2510 1876; x_wconf 90' lang='lat' dir='ltr'><strong>ipsi,</strong></span> <span class='ocrx_word' id='word_1_211' title='bbox 2539 1820 2719 1876; x_wconf 89' lang='lat' dir='ltr'><strong>neque</strong></span> <span class='ocrx_word' id='word_1_212' title='bbox 2751 1806 2845 1862; x_wconf 89' lang='lat' dir='ltr'><strong>alii</strong></span> <span class='ocrx_word' id='word_1_213' title='bbox 2878 1808 3116 1878; x_wconf 87' lang='lat' dir='ltr'><strong>amplius</strong></span> <span class='ocrx_word' id='word_1_214' title='bbox 3164 1809 3449 1881; x_wconf 88' lang='lat' dir='ltr'><strong>quidpiam</strong></span> <span class='ocrx_word' id='word_1_215' title='bbox 3497 1799 3630 1866; x_wconf 56' lang='lat' dir='ltr'><strong>&#39;novi</strong></span> <span class='ocrx_word' id='word_1_216' title='bbox 3665 1814 3746 1866; x_wconf 94' lang='lat' dir='ltr'><strong>vel</strong></span> 
     </span>
    </p>
   </div>
   <div class='ocr_carea' id='block_1_34' title="bbox 485 1887 2071 1967">
    <p class='ocr_par' dir='ltr' id='par_1_34' title="bbox 485 1889 2067 1967">
     <span class='ocr_line' id='line_1_34' title="bbox 485 1889 2067 1967; baseline 0.005 -25"><span class='ocrx_word' id='word_1_217' title='bbox 485 1889 585 1959; x_wconf 82' lang='grc' dir='ltr'><strong>τὴν</strong></span> <span class='ocrx_word' id='word_1_218' title='bbox 608 1893 989 1964; x_wconf 77' lang='grc' dir='ltr'>καινοτομίαν,</span> <span class='ocrx_word' id='word_1_219' title='bbox 1016 1896 1112 1951; x_wconf 79' lang='grc' dir='ltr'>καὶ</span> <span class='ocrx_word' id='word_1_220' title='bbox 1140 1897 1216 1967; x_wconf 75' lang='grc' dir='ltr'><strong>μή</strong></span> <span class='ocrx_word' id='word_1_221' title='bbox 1239 1896 1466 1951; x_wconf 87' lang='grc' dir='ltr'>τοιαῦτα</span> <span class='ocrx_word' id='word_1_222' title='bbox 1495 1897 1847 1952; x_wconf 82' lang='grc' dir='ltr'>συνεὸούλευε</span> <span class='ocrx_word' id='word_1_223' title='bbox 1872 1899 2067 1962; x_wconf 85' lang='grc' dir='ltr'>ποιεῖν,</span> 
     </span>
    </p>
   </div>
   <div class='ocr_carea' id='block_1_35' title="bbox 2174 1887 3173 1967">
    <p class='ocr_par' dir='ltr' id='par_1_35' title="bbox 2174 1897 3173 1967">
     <span class='ocr_line' id='line_1_35' title="bbox 2174 1897 3173 1967; baseline 0.005 -16"><span class='ocrx_word' id='word_1_224' title='bbox 2174 1897 2414 1967; x_wconf 80' lang='lat' dir='ltr'><strong>cogitare</strong></span> <span class='ocrx_word' id='word_1_225' title='bbox 2443 1897 2526 1952; x_wconf 87' lang='lat' dir='ltr'><strong>vel</strong></span> <span class='ocrx_word' id='word_1_226' title='bbox 2557 1897 2738 1953; x_wconf 80' lang='lat' dir='ltr'><strong>facere</strong></span> <span class='ocrx_word' id='word_1_227' title='bbox 2765 1900 3173 1956; x_wconf 87' lang='lat' dir='ltr'><strong>sustinuerunt.</strong></span> 
     </span>
    </p>
   </div>
   <div class='ocr_carea' id='block_1_36' title="bbox 482 1986 3758 2070">
    <p class='ocr_par' dir='ltr' id='par_1_36' title="bbox 482 1986 3758 2070">
     <span class='ocr_line' id='line_1_36' title="bbox 482 1986 3758 2070; baseline 0.005 -32"><span class='ocrx_word' id='word_1_228' title='bbox 482 1986 621 2039; x_wconf 82' lang='grc' dir='ltr'>ἀλλὰ</span> <span class='ocrx_word' id='word_1_229' title='bbox 652 1990 766 2052; x_wconf 88' lang='grc' dir='ltr'>τοῖς</span> <span class='ocrx_word' id='word_1_230' title='bbox 824 1991 1113 2064; x_wconf 73' lang='grc' dir='ltr'>προτέροις</span> <span class='ocrx_word' id='word_1_231' title='bbox 1167 1992 1348 2048; x_wconf 74' lang='grc' dir='ltr'>ἔθεσιν</span> <span class='ocrx_word' id='word_1_232' title='bbox 1411 1994 1698 2064; x_wconf 75' lang='grc' dir='ltr'>ἐμμένειν.</span> <span class='ocrx_word' id='word_1_233' title='bbox 1759 1993 1821 2046; x_wconf 82' lang='grc' dir='ltr'><strong>ΕΞ</strong></span> <span class='ocrx_word' id='word_1_234' title='bbox 1868 1993 1926 2046; x_wconf 85' lang='grc' dir='ltr'><strong>δέ</strong></span> <span class='ocrx_word' id='word_1_235' title='bbox 1985 1994 2061 2063; x_wconf 82' lang='grc' dir='ltr'>μὴ</span> <span class='ocrx_word' id='word_1_236' title='bbox 2100 1993 2400 2059; x_wconf 88' lang='grc' dir='ltr'>πείθοιντο,</span> <span class='ocrx_word' id='word_1_237' title='bbox 2459 1993 2762 2065; x_wconf 75' lang='grc' dir='ltr'>ἠπείλησεν</span> <span class='ocrx_word' id='word_1_238' title='bbox 2826 1997 3123 2050; x_wconf 80' lang='grc' dir='ltr'>ἀπελάσειν</span> <span class='ocrx_word' id='word_1_239' title='bbox 3152 1998 3291 2068; x_wconf 77' lang='grc' dir='ltr'>πρὸς</span> <span class='ocrx_word' id='word_1_240' title='bbox 3325 2000 3522 2070; x_wconf 73' lang='grc' dir='ltr'>ὀργήνο</span> <span class='ocrx_word' id='word_1_241' title='bbox 3547 1998 3758 2070; x_wconf 83' lang='grc' dir='ltr'>δεῆσαν</span> 
     </span>
    </p>
   </div>
   <div class='ocr_carea' id='block_1_37' title="bbox 479 2078 3761 2167">
    <p class='ocr_par' dir='ltr' id='par_1_37' title="bbox 479 2078 3761 2167">
     <span class='ocr_line' id='line_1_37' title="bbox 479 2078 3761 2167; baseline 0.003 -32"><span class='ocrx_word' id='word_1_242' title='bbox 479 2081 540 2135; x_wconf 66' lang='grc' dir='ltr'>δὲ</span> <span class='ocrx_word' id='word_1_243' title='bbox 589 2078 750 2146; x_wconf 79' lang='grc' dir='ltr'>αὖθις</span> <span class='ocrx_word' id='word_1_244' title='bbox 799 2085 956 2158; x_wconf 80' lang='grc' dir='ltr'>ἵππῳ</span> <span class='ocrx_word' id='word_1_245' title='bbox 1022 2089 1301 2159; x_wconf 76' lang='grc' dir='ltr'>ἐπιϐῆναι,</span> <span class='ocrx_word' id='word_1_246' title='bbox 1371 2091 1590 2144; x_wconf 63' lang='grc' dir='ltr'>ἐκέλευε</span> <span class='ocrx_word' id='word_1_247' title='bbox 1633 2091 1733 2160; x_wconf 85' lang='grc' dir='ltr'><strong>τῆς</strong></span> <span class='ocrx_word' id='word_1_248' title='bbox 1769 2089 1946 2160; x_wconf 82' lang='grc' dir='ltr'>πύλης</span> <span class='ocrx_word' id='word_1_249' title='bbox 1984 2089 2142 2156; x_wconf 82' lang='grc' dir='ltr'>ἀγειν</span> <span class='ocrx_word' id='word_1_250' title='bbox 2177 2089 2305 2156; x_wconf 77' lang='grc' dir='ltr'><strong>ἔξω.</strong></span> <span class='ocrx_word' id='word_1_251' title='bbox 2351 2085 2488 2167; x_wconf 77' lang='grc' dir='ltr'>Εἶτα</span> <span class='ocrx_word' id='word_1_252' title='bbox 2538 2090 2755 2161; x_wconf 85' lang='grc' dir='ltr'>παριὼν</span> <span class='ocrx_word' id='word_1_253' title='bbox 2791 2092 2902 2162; x_wconf 81' lang='grc' dir='ltr'>’τὴν</span> <span class='ocrx_word' id='word_1_254' title='bbox 2945 2092 3116 2162; x_wconf 77' lang='grc' dir='ltr'>αὐλὴν</span> <span class='ocrx_word' id='word_1_255' title='bbox 3164 2095 3302 2163; x_wconf 81' lang='grc' dir='ltr'>πεζῇ</span> <span class='ocrx_word' id='word_1_256' title='bbox 3339 2093 3592 2148; x_wconf 72' lang='grc' dir='ltr'>ἐπέϐαινε</span> <span class='ocrx_word' id='word_1_257' title='bbox 3624 2093 3761 2163; x_wconf 67' lang='grc' dir='ltr'>πρὶς</span> 
     </span>
    </p>
   </div>
   <div class='ocr_carea' id='block_1_38' title="bbox 482 2175 3761 2257">
    <p class='ocr_par' dir='ltr' id='par_1_38' title="bbox 482 2175 3761 2257">
     <span class='ocr_line' id='line_1_38' title="bbox 482 2175 3761 2257; baseline 0.004 -32"><span class='ocrx_word' id='word_1_258' title='bbox 482 2176 550 2244; x_wconf 74' lang='grc' dir='ltr'>τῇ</span> <span class='ocrx_word' id='word_1_259' title='bbox 585 2175 751 2249; x_wconf 80' lang='grc' dir='ltr'>πύλῃ·</span> <span class='ocrx_word' id='word_1_260' title='bbox 809 2179 950 2250; x_wconf 78' lang='grc' dir='ltr'>ὅπερ</span> <span class='ocrx_word' id='word_1_261' title='bbox 1004 2182 1053 2234; x_wconf 81' lang='grc' dir='ltr'>οἱ</span> <span class='ocrx_word' id='word_1_262' title='bbox 1105 2181 1202 2252; x_wconf 86' lang='grc' dir='ltr'>τὴν</span> <span class='ocrx_word' id='word_1_263' title='bbox 1277 2184 1637 2253; x_wconf 85' lang='grc' dir='ltr'>καινοτομίαν</span> <span class='ocrx_word' id='word_1_264' title='bbox 1677 2184 1878 2248; x_wconf 85' lang='grc' dir='ltr'>ἰδόντες</span> <span class='ocrx_word' id='word_1_265' title='bbox 1946 2184 2330 2253; x_wconf 80' lang='grc' dir='ltr'>εἰργασμένοι,</span> <span class='ocrx_word' id='word_1_266' title='bbox 2377 2182 2476 2236; x_wconf 71' lang='grc' dir='ltr'>καὶ</span> <span class='ocrx_word' id='word_1_267' title='bbox 2548 2184 3006 2254; x_wconf 76' lang='grc' dir='ltr'>καταπτήεαντες</span> <span class='ocrx_word' id='word_1_268' title='bbox 3071 2185 3170 2257; x_wconf 84' lang='grc' dir='ltr'>τὴν</span> <span class='ocrx_word' id='word_1_269' title='bbox 3204 2189 3459 2255; x_wconf 69' lang='grc' dir='ltr'>ἀπειλὴν,</span> <span class='ocrx_word' id='word_1_270' title='bbox 3508 2189 3761 2257; x_wconf 72' lang='grc' dir='ltr'>ἐνέμενον</span> 
     </span>
    </p>
   </div>
   <div class='ocr_carea' id='block_1_39' title="bbox 485 2269 3070 2348">
    <p class='ocr_par' dir='ltr' id='par_1_39' title="bbox 485 2269 3070 2348">
     <span class='ocr_line' id='line_1_39' title="bbox 485 2269 3070 2348; baseline 0.001 -19"><span class='ocrx_word' id='word_1_271' title='bbox 485 2269 599 2329; x_wconf 70' lang='grc' dir='ltr'>τοῖς</span> <span class='ocrx_word' id='word_1_272' title='bbox 631 2271 952 2340; x_wconf 83' lang='grc' dir='ltr'>προτέροις,</span> <span class='ocrx_word' id='word_1_273' title='bbox 1009 2273 1179 2344; x_wconf 72' lang='grc' dir='ltr'>μηδὲν</span> <span class='ocrx_word' id='word_1_274' title='bbox 1237 2274 1428 2330; x_wconf 77' lang='grc' dir='ltr'>καινὸν</span> <span class='ocrx_word' id='word_1_275' title='bbox 1485 2278 1625 2346; x_wconf 82' lang='grc' dir='ltr'>μήτε</span> <span class='ocrx_word' id='word_1_276' title='bbox 1693 2273 2091 2347; x_wconf 84' lang='grc' dir='ltr'>διανοούμενοι,</span> <span class='ocrx_word' id='word_1_277' title='bbox 2134 2277 2274 2346; x_wconf 90' lang='grc' dir='ltr'>μήτε</span> <span class='ocrx_word' id='word_1_278' title='bbox 2320 2276 2599 2348; x_wconf 84' lang='grc' dir='ltr'>,πράττειν</span> <span class='ocrx_word' id='word_1_279' title='bbox 2666 2278 3070 2348; x_wconf 83' lang='grc' dir='ltr'>ὑπομένοντες,</span> 
     </span>
    </p>
   </div>
   <div class='ocr_carea' id='block_1_40' title="bbox 484 2359 862 2432">
    <p class='ocr_par' dir='ltr' id='par_1_40' title="bbox 484 2359 862 2432">
     <span class='ocr_line' id='line_1_40' title="bbox 484 2359 862 2432; baseline 0.019 -20"><span class='ocrx_word' id='word_1_280' title='bbox 484 2359 661 2432; x_wconf 73' lang='grc' dir='ltr'>ἕτεροί</span> <span class='ocrx_word' id='word_1_281' title='bbox 693 2379 862 2428; x_wconf 85' lang='grc' dir='ltr'>τινες.</span> 
     </span>
    </p>
   </div>
   <div class='ocr_carea' id='block_1_41' title="bbox 3146 2277 3754 2351">
    <p class='ocr_par' dir='ltr' id='par_1_41' title="bbox 3146 2277 3754 2351">
     <span class='ocr_line' id='line_1_41' title="bbox 3146 2277 3754 2351; baseline -0.005 -17"><span class='ocrx_word' id='word_1_282' title='bbox 3146 2280 3275 2350; x_wconf 82' lang='grc' dir='ltr'>μήτ’</span> <span class='ocrx_word' id='word_1_283' title='bbox 3329 2282 3566 2342; x_wconf 81' lang='grc' dir='ltr'>ἐκεῖνοι,</span> <span class='ocrx_word' id='word_1_284' title='bbox 3621 2277 3754 2351; x_wconf 76' lang='grc' dir='ltr'>μήθ’</span> 
     </span>
    </p>
   </div>
   <div class='ocr_carea' id='block_1_42' title="bbox 1925 2485 2315 2543">
    <p class='ocr_par' dir='ltr' id='par_1_42' title="bbox 1925 2485 2315 2543">
     <span class='ocr_line' id='line_1_42' title="bbox 1925 2485 2315 2543; baseline -0.008 0"><span class='ocrx_word' id='word_1_285' title='bbox 1925 2485 2156 2543; x_wconf 81' lang='lat' dir='ltr'><strong>CAPUT</strong></span> <span class='ocrx_word' id='word_1_286' title='bbox 2198 2485 2315 2541; x_wconf 76' lang='lat' dir='ltr'><strong>XII.</strong></span> 
     </span>
    </p>
   </div>
   <div class='ocr_carea' id='block_1_43' title="bbox 485 2601 3761 2680">
    <p class='ocr_par' dir='ltr' id='par_1_43' title="bbox 485 2601 3761 2680">
     <span class='ocr_line' id='line_1_43' title="bbox 485 2601 3761 2680; baseline 0.003 -22"><span class='ocrx_word' id='word_1_287' title='bbox 485 2601 674 2658; x_wconf 77' lang='lat' dir='ltr'><strong>Crates</strong></span> <span class='ocrx_word' id='word_1_288' title='bbox 706 2602 880 2680; x_wconf 56' lang='grc' dir='ltr'><strong>Ποσει)</strong></span> <span class='ocrx_word' id='word_1_289' title='bbox 911 2603 1110 2680; x_wconf 70' lang='lat' dir='ltr'><strong>[cedere</strong></span> <span class='ocrx_word' id='word_1_290' title='bbox 1139 2604 1511 2663; x_wconf 78' lang='lat' dir='ltr'><strong>Macedoniam</strong></span> <span class='ocrx_word' id='word_1_291' title='bbox 1551 2609 1859 2680; x_wconf 80' lang='lat' dir='ltr'><strong>populatur.</strong></span> <span class='ocrx_word' id='word_1_292' title='bbox 1897 2607 2232 2680; x_wconf 68' lang='lat' dir='ltr'><strong>Consultatio</strong></span> <span class='ocrx_word' id='word_1_293' title='bbox 2271 2607 2333 2680; x_wconf 78' lang='lat' dir='ltr'><strong>de</strong></span> <span class='ocrx_word' id='word_1_294' title='bbox 2359 2622 2418 2660; x_wconf 88' lang='lat' dir='ltr'><strong>eo</strong></span> <span class='ocrx_word' id='word_1_295' title='bbox 2454 2607 2812 2678; x_wconf 85' lang='lat' dir='ltr'><strong>reprimendo.</strong></span> <span class='ocrx_word' id='word_1_296' title='bbox 2844 2607 3115 2664; x_wconf 81' lang='lat' dir='ltr'><strong>Sententia</strong></span> <span class='ocrx_word' id='word_1_297' title='bbox 3159 2615 3340 2680; x_wconf 85' lang='lat' dir='ltr'><strong>magni</strong></span> <span class='ocrx_word' id='word_1_298' title='bbox 3393 2616 3662 2669; x_wconf 71' lang='lat' dir='ltr'><strong>domestici</strong></span> <span class='ocrx_word' id='word_1_299' title='bbox 3696 2618 3761 2669; x_wconf 86' lang='lat' dir='ltr'><strong>de</strong></span> 
     </span>
    </p>
   </div>
   <div class='ocr_carea' id='block_1_44' title="bbox 555 2674 3759 2754">
    <p class='ocr_par' dir='ltr' id='par_1_44' title="bbox 555 2674 3759 2754">
     <span class='ocr_line' id='line_1_44' title="bbox 555 2674 3759 2754; baseline 0.004 -27"><span class='ocrx_word' id='word_1_300' title='bbox 555 2674 882 2754; x_wconf 56' lang='lat' dir='ltr'><strong>expeditione</strong></span> <span class='ocrx_word' id='word_1_301' title='bbox 912 2675 1364 2754; x_wconf 75' lang='lat' dir='ltr'><strong>l’eIOponnesiaca</strong></span> <span class='ocrx_word' id='word_1_302' title='bbox 1397 2674 1776 2754; x_wconf 45' lang='lat' dir='ltr'><strong>praeponenda,</strong></span> <span class='ocrx_word' id='word_1_303' title='bbox 1809 2680 1870 2733; x_wconf 88' lang='lat' dir='ltr'><strong>ob</strong></span> <span class='ocrx_word' id='word_1_304' title='bbox 1905 2697 2064 2750; x_wconf 88' lang='lat' dir='ltr'><strong>quam</strong></span> <span class='ocrx_word' id='word_1_305' title='bbox 2100 2678 2418 2754; x_wconf 61' lang='lat' dir='ltr'><strong>Byzantium</strong></span> <span class='ocrx_word' id='word_1_306' title='bbox 2447 2674 2838 2754; x_wconf 63' lang='lat' dir='ltr'><strong>repet-tendunt,</strong></span> <span class='ocrx_word' id='word_1_307' title='bbox 2892 2689 2940 2732; x_wconf 84' lang='lat' dir='ltr'><strong>et</strong></span> <span class='ocrx_word' id='word_1_308' title='bbox 2968 2683 3090 2754; x_wconf 72' lang='lat' dir='ltr'><strong>quid</strong></span> <span class='ocrx_word' id='word_1_309' title='bbox 3127 2683 3195 2735; x_wconf 84' lang='lat' dir='ltr'><strong>ibi</strong></span> <span class='ocrx_word' id='word_1_310' title='bbox 3225 2674 3527 2751; x_wconf 69' lang='lat' dir='ltr'><strong>faciendum</strong></span> <span class='ocrx_word' id='word_1_311' title='bbox 3577 2695 3624 2737; x_wconf 79' lang='lat' dir='ltr'><strong>et</strong></span> <span class='ocrx_word' id='word_1_312' title='bbox 3657 2704 3759 2754; x_wconf 83' lang='lat' dir='ltr'><strong>quo</strong></span> 
     </span>
    </p>
   </div>
   <div class='ocr_carea' id='block_1_45' title="bbox 555 2745 3758 2822">
    <p class='ocr_par' dir='ltr' id='par_1_45' title="bbox 555 2745 3758 2822">
     <span class='ocr_line' id='line_1_45' title="bbox 555 2745 3758 2822; baseline 0.003 -25"><span class='ocrx_word' id='word_1_313' title='bbox 555 2745 792 2822; x_wconf 75' lang='lat' dir='ltr'><strong>omnibus</strong></span> <span class='ocrx_word' id='word_1_314' title='bbox 809 2748 1148 2822; x_wconf 72' lang='lat' dir='ltr'><strong>‘comparatis</strong></span> <span class='ocrx_word' id='word_1_315' title='bbox 1181 2745 1436 2822; x_wconf 69' lang='lat' dir='ltr'><strong>eundum.</strong></span> <span class='ocrx_word' id='word_1_316' title='bbox 1469 2745 1790 2822; x_wconf 76' lang='lat' dir='ltr'><strong>Byzantium</strong></span> <span class='ocrx_word' id='word_1_317' title='bbox 1851 2745 2101 2822; x_wconf 78' lang='lat' dir='ltr'><strong>veniens,</strong></span> <span class='ocrx_word' id='word_1_318' title='bbox 2141 2745 2427 2822; x_wconf 67' lang='lat' dir='ltr'><strong>honoriﬁce</strong></span> <span class='ocrx_word' id='word_1_319' title='bbox 2476 2750 2753 2818; x_wconf 72' lang='lat' dir='ltr'><strong>excipitur.</strong></span> <span class='ocrx_word' id='word_1_320' title='bbox 2780 2745 3189 2822; x_wconf 9' lang='lat' dir='ltr'><strong>rlmperatricein</strong></span> <span class='ocrx_word' id='word_1_321' title='bbox 3225 2745 3480 2822; x_wconf 66' lang='lat' dir='ltr'><strong>irgrotam</strong></span> <span class='ocrx_word' id='word_1_322' title='bbox 3528 2745 3758 2822; x_wconf 69' lang='lat' dir='ltr'><strong>salutat,</strong></span> 
     </span>
    </p>
   </div>
   <div class='ocr_carea' id='block_1_46' title="bbox 555 2815 3449 2892">
    <p class='ocr_par' dir='ltr' id='par_1_46' title="bbox 555 2815 3449 2892">
     <span class='ocr_line' id='line_1_46' title="bbox 555 2815 3449 2892; baseline 0.004 -25"><span class='ocrx_word' id='word_1_323' title='bbox 555 2828 603 2867; x_wconf 84' lang='lat' dir='ltr'><strong>et</strong></span> <span class='ocrx_word' id='word_1_324' title='bbox 643 2815 908 2884; x_wconf 83' lang='lat' dir='ltr'><strong>lugentem</strong></span> <span class='ocrx_word' id='word_1_325' title='bbox 937 2815 1111 2869; x_wconf 81' lang='lat' dir='ltr'><strong>adhuc</strong></span> <span class='ocrx_word' id='word_1_326' title='bbox 1143 2817 1452 2873; x_wconf 82' lang='lat' dir='ltr'><strong>consolatur</strong></span> <span class='ocrx_word' id='word_1_327' title='bbox 1476 2861 1492 2885; x_wconf 93' lang='lat'><strong>,</strong></span> <span class='ocrx_word' id='word_1_328' title='bbox 1517 2815 1644 2874; x_wconf 46' lang='lat' dir='ltr'><strong>&#39;cunt</strong></span> <span class='ocrx_word' id='word_1_329' title='bbox 1675 2821 1963 2890; x_wconf 81' lang='lat' dir='ltr'><strong>eademque</strong></span> <span class='ocrx_word' id='word_1_330' title='bbox 1990 2815 2335 2890; x_wconf 72' lang='lat' dir='ltr'><strong>cogitationes</strong></span> <span class='ocrx_word' id='word_1_331' title='bbox 2367 2835 2490 2871; x_wconf 79' lang='lat' dir='ltr'><strong>suas</strong></span> <span class='ocrx_word' id='word_1_332' title='bbox 2521 2815 2897 2886; x_wconf 76' lang='lat' dir='ltr'><strong>coinmunicat,</strong></span> <span class='ocrx_word' id='word_1_333' title='bbox 2939 2837 3071 2890; x_wconf 79' lang='lat' dir='ltr'><strong>quas</strong></span> <span class='ocrx_word' id='word_1_334' title='bbox 3111 2820 3207 2874; x_wconf 84' lang='lat' dir='ltr'><strong>illa</strong></span> <span class='ocrx_word' id='word_1_335' title='bbox 3240 2815 3449 2892; x_wconf 61' lang='lat' dir='ltr'><strong>piabat.</strong></span> 
     </span>
    </p>
   </div>
   <div class='ocr_carea' id='block_1_47' title="bbox 565 2955 2116 3031">
    <p class='ocr_par' dir='ltr' id='par_1_47' title="bbox 565 2955 2116 3031">
     <span class='ocr_line' id='line_1_47' title="bbox 565 2955 2116 3031; baseline 0.002 -23"><span class='ocrx_word' id='word_1_336' title='bbox 565 2955 705 3010; x_wconf 81' lang='grc' dir='ltr'><strong>Ὑπὸ</strong></span> <span class='ocrx_word' id='word_1_337' title='bbox 738 2955 795 3008; x_wconf 78' lang='grc' dir='ltr'>δὲ</span> <span class='ocrx_word' id='word_1_338' title='bbox 826 2956 920 3010; x_wconf 79' lang='grc' dir='ltr'>τὸν</span> <span class='ocrx_word' id='word_1_339' title='bbox 954 2957 1122 3010; x_wconf 71' lang='grc' dir='ltr'>αὐτὸν</span> <span class='ocrx_word' id='word_1_340' title='bbox 1177 2959 1373 3030; x_wconf 88' lang='grc' dir='ltr'>χρόνον</span> <span class='ocrx_word' id='word_1_341' title='bbox 1421 2961 1518 3014; x_wconf 74' lang='grc' dir='ltr'>καὶ</span> <span class='ocrx_word' id='word_1_342' title='bbox 1550 2961 1579 3012; x_wconf 78' lang='grc' dir='ltr'><strong>ὁ</strong></span> <span class='ocrx_word' id='word_1_343' title='bbox 1629 2960 1738 3014; x_wconf 85' lang='grc' dir='ltr'><strong>τῶν</strong></span> <span class='ocrx_word' id='word_1_344' title='bbox 1775 2959 2063 3031; x_wconf 77' lang='grc' dir='ltr'>Τριδαλῶν</span> <span class='ocrx_word' id='word_1_345' title='bbox 2105 3013 2116 3022; x_wconf 32' lang='grc' dir='ltr'><em>κ</em></span> 
     </span>
    </p>
   </div>
   <div class='ocr_carea' id='block_1_48' title="bbox 401 3047 2062 3121">
    <p class='ocr_par' dir='ltr' id='par_1_48' title="bbox 401 3047 2062 3121">
     <span class='ocr_line' id='line_1_48' title="bbox 401 3047 2062 3121; baseline -0.003 -18"><span class='ocrx_word' id='word_1_346' title='bbox 401 3078 404 3082; x_wconf 83' lang='lat'><strong><em>~</em></strong></span> <span class='ocrx_word' id='word_1_347' title='bbox 487 3047 672 3118; x_wconf 75' lang='grc' dir='ltr'>ἄρχων</span> <span class='ocrx_word' id='word_1_348' title='bbox 713 3048 988 3116; x_wconf 79' lang='grc' dir='ltr'>Στέφανος</span> <span class='ocrx_word' id='word_1_349' title='bbox 1009 3051 1037 3101; x_wconf 84' lang='grc' dir='ltr'>ὁ</span> <span class='ocrx_word' id='word_1_350' title='bbox 1067 3051 1294 3119; x_wconf 82' lang='grc' dir='ltr'>Κράλης</span> <span class='ocrx_word' id='word_1_351' title='bbox 1321 3051 1420 3112; x_wconf 79' lang='grc' dir='ltr'>τὰς</span> <span class='ocrx_word' id='word_1_352' title='bbox 1449 3050 1588 3121; x_wconf 82' lang='grc' dir='ltr'>πρὸς</span> <span class='ocrx_word' id='word_1_353' title='bbox 1619 3049 1843 3120; x_wconf 79' lang='grc' dir='ltr'>βασιλέα</span> <span class='ocrx_word' id='word_1_354' title='bbox 1890 3047 2062 3112; x_wconf 85' lang='grc' dir='ltr'>λύσας</span> 
     </span>
    </p>
   </div>
   <div class='ocr_carea' id='block_1_49' title="bbox 2247 2958 3760 3035">
    <p class='ocr_par' dir='ltr' id='par_1_49' title="bbox 2247 2958 3760 3035">
     <span class='ocr_line' id='line_1_49' title="bbox 2247 2958 3760 3035; baseline 0.005 -22"><span class='ocrx_word' id='word_1_355' title='bbox 2247 2958 2361 3014; x_wconf 89' lang='lat' dir='ltr'><strong>Sub</strong></span> <span class='ocrx_word' id='word_1_356' title='bbox 2407 2959 2554 3014; x_wconf 91' lang='lat' dir='ltr'><strong>idem</strong></span> <span class='ocrx_word' id='word_1_357' title='bbox 2597 2971 2813 3030; x_wconf 87' lang='lat' dir='ltr'><strong>tempus</strong></span> <span class='ocrx_word' id='word_1_358' title='bbox 2853 2961 3021 3015; x_wconf 86' lang='lat' dir='ltr'><strong>etiam</strong></span> <span class='ocrx_word' id='word_1_359' title='bbox 3075 2960 3448 3018; x_wconf 81' lang='lat' dir='ltr'><strong>Triballorum</strong></span> <span class='ocrx_word' id='word_1_360' title='bbox 3505 2965 3760 3035; x_wconf 68' lang='lat' dir='ltr'><strong>princeps</strong></span> 
     </span>
    </p>
   </div>
   <div class='ocr_carea' id='block_1_50' title="bbox 2173 3048 3755 3122">
    <p class='ocr_par' dir='ltr' id='par_1_50' title="bbox 2173 3048 3755 3122">
     <span class='ocr_line' id='line_1_50' title="bbox 2173 3048 3755 3122; baseline 0.006 -20"><span class='ocrx_word' id='word_1_361' title='bbox 2173 3048 2488 3119; x_wconf 84' lang='lat' dir='ltr'><strong>Stephanus</strong></span> <span class='ocrx_word' id='word_1_362' title='bbox 2549 3050 2761 3114; x_wconf 86' lang='lat' dir='ltr'><strong>Crales,</strong></span> <span class='ocrx_word' id='word_1_363' title='bbox 2820 3053 3009 3106; x_wconf 86' lang='lat' dir='ltr'><strong>audito</strong></span> <span class='ocrx_word' id='word_1_364' title='bbox 3083 3053 3468 3122; x_wconf 83' lang='lat' dir='ltr'><strong>imperatorem</strong></span> <span class='ocrx_word' id='word_1_365' title='bbox 3523 3057 3755 3118; x_wconf 79' lang='lat' dir='ltr'><strong>abiisse.</strong></span> 
     </span>
    </p>
   </div>
   <div class='ocr_carea' id='block_1_51' title="bbox 489 3140 2071 3230">
    <p class='ocr_par' dir='ltr' id='par_1_51' title="bbox 489 3140 2065 3211">
     <span class='ocr_line' id='line_1_51' title="bbox 489 3140 2065 3211; baseline -0.003 -17"><span class='ocrx_word' id='word_1_366' title='bbox 489 3140 748 3203; x_wconf 77' lang='grc' dir='ltr'>σπονδὰς,</span> <span class='ocrx_word' id='word_1_367' title='bbox 778 3140 902 3192; x_wconf 76' lang='grc' dir='ltr'>ἐπεὶ</span> <span class='ocrx_word' id='word_1_368' title='bbox 938 3140 1176 3195; x_wconf 78' lang='grc' dir='ltr'>ἐπύθετο</span> <span class='ocrx_word' id='word_1_369' title='bbox 1229 3141 1598 3207; x_wconf 83' lang='grc' dir='ltr'>ἀποθανόντα,</span> <span class='ocrx_word' id='word_1_370' title='bbox 1657 3144 1757 3211; x_wconf 90' lang='grc' dir='ltr'><strong>τήν</strong></span> <span class='ocrx_word' id='word_1_371' title='bbox 1803 3158 1862 3194; x_wconf 90' lang='grc' dir='ltr'><strong>τε</strong></span> <span class='ocrx_word' id='word_1_372' title='bbox 1898 3141 2065 3208; x_wconf 81' lang='grc' dir='ltr'>ἀλλην</span> 
     </span>
    </p>
   </div>
   <div class='ocr_carea' id='block_1_52' title="bbox 2174 3140 3756 3230">
    <p class='ocr_par' dir='ltr' id='par_1_52' title="bbox 2174 3140 3756 3212">
     <span class='ocr_line' id='line_1_52' title="bbox 2174 3140 3756 3212; baseline 0.005 -18"><span class='ocrx_word' id='word_1_373' title='bbox 2174 3140 2354 3196; x_wconf 79' lang='lat' dir='ltr'><strong>fmdns</strong></span> <span class='ocrx_word' id='word_1_374' title='bbox 2380 3141 2566 3203; x_wconf 87' lang='lat' dir='ltr'><strong>solvit,</strong></span> <span class='ocrx_word' id='word_1_375' title='bbox 2596 3150 2649 3196; x_wconf 90' lang='lat' dir='ltr'><strong>et</strong></span> <span class='ocrx_word' id='word_1_376' title='bbox 2679 3157 2804 3196; x_wconf 91' lang='lat' dir='ltr'><strong>eum</strong></span> <span class='ocrx_word' id='word_1_377' title='bbox 2831 3143 3097 3212; x_wconf 87' lang='lat' dir='ltr'><strong>reliquam</strong></span> <span class='ocrx_word' id='word_1_378' title='bbox 3127 3145 3501 3201; x_wconf 78' lang='lat' dir='ltr'><strong>Macedoniam</strong></span> <span class='ocrx_word' id='word_1_379' title='bbox 3535 3162 3678 3201; x_wconf 65' lang='lat' dir='ltr'><strong>omni</strong></span> <span class='ocrx_word' id='word_1_380' title='bbox 3703 3165 3756 3202; x_wconf 86' lang='lat' dir='ltr'><strong>m</strong></span> 
     </span>
    </p>
   </div>
   <div class='ocr_carea' id='block_1_53' title="bbox 490 3232 2066 3303">
    <p class='ocr_par' dir='ltr' id='par_1_53' title="bbox 490 3232 2066 3303">
     <span class='ocr_line' id='line_1_53' title="bbox 490 3232 2066 3303; baseline -0.001 -18"><span class='ocrx_word' id='word_1_381' title='bbox 490 3234 671 3285; x_wconf 82' lang='grc' dir='ltr'>πᾶσαν</span> <span class='ocrx_word' id='word_1_382' title='bbox 713 3233 1023 3303; x_wconf 83' lang='grc' dir='ltr'>κατέδραμε</span> <span class='ocrx_word' id='word_1_383' title='bbox 1048 3233 1384 3288; x_wconf 83' lang='grc' dir='ltr'>Μακεδονίαν</span> <span class='ocrx_word' id='word_1_384' title='bbox 1407 3235 1726 3302; x_wconf 74' lang='grc' dir='ltr'>ληϊζόμενος</span> <span class='ocrx_word' id='word_1_385' title='bbox 1753 3248 1768 3264; x_wconf 80' lang='grc'><em>’</em></span> <span class='ocrx_word' id='word_1_386' title='bbox 1801 3234 1897 3286; x_wconf 80' lang='grc' dir='ltr'>καὶ</span> <span class='ocrx_word' id='word_1_387' title='bbox 1927 3232 2066 3285; x_wconf 75' lang='grc' dir='ltr'>Θεσο</span> 
     </span>
    </p>
   </div>
   <div class='ocr_carea' id='block_1_54' title="bbox 490 3322 2065 3398">
    <p class='ocr_par' dir='ltr' id='par_1_54' title="bbox 490 3322 2065 3398">
     <span class='ocr_line' id='line_1_54' title="bbox 490 3322 2065 3398; baseline -0.003 -18"><span class='ocrx_word' id='word_1_388' title='bbox 490 3325 786 3396; x_wconf 88' lang='grc' dir='ltr'>σαλονίκην</span> <span class='ocrx_word' id='word_1_389' title='bbox 816 3325 1128 3397; x_wconf 85' lang='grc' dir='ltr'>παρελθὼν,</span> <span class='ocrx_word' id='word_1_390' title='bbox 1159 3327 1289 3398; x_wconf 79' lang='grc' dir='ltr'>ἄχρι</span> <span class='ocrx_word' id='word_1_391' title='bbox 1322 3326 1525 3398; x_wconf 88' lang='grc' dir='ltr'>χωρίου</span> <span class='ocrx_word' id='word_1_392' title='bbox 1547 3322 1680 3397; x_wconf 79' lang='grc' dir='ltr'>ἦλθε</span> <span class='ocrx_word' id='word_1_393' title='bbox 1715 3323 1810 3378; x_wconf 88' lang='grc' dir='ltr'><strong>τοῦ</strong></span> <span class='ocrx_word' id='word_1_394' title='bbox 1858 3339 2065 3394; x_wconf 81' lang='grc' dir='ltr'>προσα-</span> 
     </span>
    </p>
   </div>
   <div class='ocr_carea' id='block_1_55' title="bbox 487 3415 2064 3490">
    <p class='ocr_par' dir='ltr' id='par_1_55' title="bbox 487 3415 2064 3490">
     <span class='ocr_line' id='line_1_55' title="bbox 487 3415 2064 3490; baseline -0.003 -18"><span class='ocrx_word' id='word_1_395' title='bbox 487 3417 855 3490; x_wconf 88' lang='grc' dir='ltr'>γορευομένου</span> <span class='ocrx_word' id='word_1_396' title='bbox 891 3419 1126 3490; x_wconf 78' lang='grc' dir='ltr'>Κρητῶν</span> <span class='ocrx_word' id='word_1_397' title='bbox 1147 3459 1161 3472; x_wconf 94' lang='grc'>.</span> <span class='ocrx_word' id='word_1_398' title='bbox 1197 3419 1431 3473; x_wconf 84' lang='grc' dir='ltr'>Ἔπειτα</span> <span class='ocrx_word' id='word_1_399' title='bbox 1481 3420 1816 3487; x_wconf 79' lang='grc' dir='ltr'>ἀνέστρεφεν</span> <span class='ocrx_word' id='word_1_400' title='bbox 1841 3415 1901 3470; x_wconf 84' lang='grc' dir='ltr'>οὐ</span> <span class='ocrx_word' id='word_1_401' title='bbox 1933 3415 2064 3469; x_wconf 80' lang='grc' dir='ltr'>πολ-</span> 
     </span>
    </p>
   </div>
   <div class='ocr_carea' id='block_1_56' title="bbox 487 3508 2066 3582">
    <p class='ocr_par' dir='ltr' id='par_1_56' title="bbox 487 3508 2066 3582">
     <span class='ocr_line' id='line_1_56' title="bbox 487 3508 2066 3582; baseline -0.003 -18"><span class='ocrx_word' id='word_1_402' title='bbox 487 3510 584 3582; x_wconf 80' lang='grc' dir='ltr'>λὴν</span> <span class='ocrx_word' id='word_1_403' title='bbox 611 3511 763 3566; x_wconf 88' lang='grc' dir='ltr'>λείαν</span> <span class='ocrx_word' id='word_1_404' title='bbox 789 3511 1132 3580; x_wconf 84' lang='grc' dir='ltr'>ἐπαγόμενος</span> <span class='ocrx_word' id='word_1_405' title='bbox 1156 3511 1245 3565; x_wconf 85' lang='grc' dir='ltr'><strong>διά</strong></span> <span class='ocrx_word' id='word_1_406' title='bbox 1272 3511 1331 3564; x_wconf 79' lang='grc' dir='ltr'>τὸ</span> <span class='ocrx_word' id='word_1_407' title='bbox 1357 3510 1696 3582; x_wconf 84' lang='grc' dir='ltr'>μηνυθείσης</span> <span class='ocrx_word' id='word_1_408' title='bbox 1725 3510 1824 3580; x_wconf 81' lang='grc' dir='ltr'>τῆς</span> <span class='ocrx_word' id='word_1_409' title='bbox 1871 3508 2066 3577; x_wconf 83' lang='grc' dir='ltr'>ἐφόδου</span> 
     </span>
    </p>
   </div>
   <div class='ocr_carea' id='block_1_57' title="bbox 489 3603 2066 3675">
    <p class='ocr_par' dir='ltr' id='par_1_57' title="bbox 489 3603 2066 3675">
     <span class='ocr_line' id='line_1_57' title="bbox 489 3603 2066 3675; baseline -0.001 -19"><span class='ocrx_word' id='word_1_410' title='bbox 489 3603 764 3675; x_wconf 85' lang='grc' dir='ltr'>πρότερον</span> <span class='ocrx_word' id='word_1_411' title='bbox 801 3604 930 3666; x_wconf 84' lang='grc' dir='ltr'>ταῖς</span> <span class='ocrx_word' id='word_1_412' title='bbox 987 3603 1179 3657; x_wconf 88' lang='grc' dir='ltr'>πόλεσι</span> <span class='ocrx_word' id='word_1_413' title='bbox 1241 3603 1336 3656; x_wconf 80' lang='grc' dir='ltr'>καὶ</span> <span class='ocrx_word' id='word_1_414' title='bbox 1387 3605 1504 3667; x_wconf 88' lang='grc' dir='ltr'>τοῖς</span> <span class='ocrx_word' id='word_1_415' title='bbox 1538 3603 1824 3672; x_wconf 84' lang='grc' dir='ltr'>φρουρίοις</span> <span class='ocrx_word' id='word_1_416' title='bbox 1880 3603 1950 3656; x_wconf 89' lang='grc' dir='ltr'><strong>τά</strong></span> <span class='ocrx_word' id='word_1_417' title='bbox 2005 3618 2066 3654; x_wconf 88' lang='grc' dir='ltr'><strong>τε</strong></span> 
     </span>
    </p>
   </div>
   <div class='ocr_carea' id='block_1_58' title="bbox 488 3693 2064 3766">
    <p class='ocr_par' dir='ltr' id='par_1_58' title="bbox 488 3693 2064 3766">
     <span class='ocr_line' id='line_1_58' title="bbox 488 3693 2064 3766; baseline 0 -19"><span class='ocrx_word' id='word_1_418' title='bbox 488 3694 813 3766; x_wconf 83' lang='grc' dir='ltr'>βοσκήματα</span> <span class='ocrx_word' id='word_1_419' title='bbox 839 3697 933 3749; x_wconf 80' lang='grc' dir='ltr'>καὶ</span> <span class='ocrx_word' id='word_1_420' title='bbox 982 3695 1110 3759; x_wconf 76' lang='grc' dir='ltr'>τοὺς</span> <span class='ocrx_word' id='word_1_421' title='bbox 1138 3693 1465 3766; x_wconf 86' lang='grc' dir='ltr'>ἀνθρώπους</span> <span class='ocrx_word' id='word_1_422' title='bbox 1499 3693 2064 3764; x_wconf 79' lang='grc' dir='ltr'>ἐγκατακλεισθῆναι.</span> 
     </span>
    </p>
   </div>
   <div class='ocr_carea' id='block_1_59' title="bbox 503 3786 2069 3860">
    <p class='ocr_par' dir='ltr' id='par_1_59' title="bbox 503 3786 2069 3860">
     <span class='ocr_line' id='line_1_59' title="bbox 503 3786 2069 3860; baseline 0.004 -23"><span class='ocrx_word' id='word_1_423' title='bbox 503 3786 656 3840; x_wconf 80' lang='grc' dir='ltr'>Ἐπεὶ</span> <span class='ocrx_word' id='word_1_424' title='bbox 684 3787 741 3841; x_wconf 86' lang='grc' dir='ltr'><strong>δέ</strong></span> <span class='ocrx_word' id='word_1_425' title='bbox 771 3788 1073 3857; x_wconf 76' lang='grc' dir='ltr'>ἠγγέλλετο</span> <span class='ocrx_word' id='word_1_426' title='bbox 1113 3789 1242 3860; x_wconf 75' lang='grc' dir='ltr'>περὶ</span> <span class='ocrx_word' id='word_1_427' title='bbox 1305 3787 1516 3842; x_wconf 86' lang='grc' dir='ltr'>τούτων</span> <span class='ocrx_word' id='word_1_428' title='bbox 1549 3787 1628 3859; x_wconf 81' lang='grc' dir='ltr'><strong>τῷ</strong></span> <span class='ocrx_word' id='word_1_429' title='bbox 1662 3787 1886 3857; x_wconf 79' lang='grc' dir='ltr'>μεγάλῳ</span> <span class='ocrx_word' id='word_1_430' title='bbox 1909 3786 2069 3855; x_wconf 88' lang='grc' dir='ltr'>δομε-</span> 
     </span>
    </p>
   </div>
   <div class='ocr_carea' id='block_1_60' title="bbox 491 3877 2068 3951">
    <p class='ocr_par' dir='ltr' id='par_1_60' title="bbox 491 3877 2068 3951">
     <span class='ocr_line' id='line_1_60' title="bbox 491 3877 2068 3951; baseline -0.001 -19"><span class='ocrx_word' id='word_1_431' title='bbox 491 3879 686 3951; x_wconf 87' lang='grc' dir='ltr'>στίκῳ,</span> <span class='ocrx_word' id='word_1_432' title='bbox 723 3879 1027 3950; x_wconf 80' lang='grc' dir='ltr'>ἐκκλησίαν</span> <span class='ocrx_word' id='word_1_433' title='bbox 1101 3879 1486 3950; x_wconf 81' lang='grc' dir='ltr'>συναθροίσας,</span> <span class='ocrx_word' id='word_1_434' title='bbox 1548 3878 1870 3941; x_wconf 77' lang='grc' dir='ltr'>ἐϐουλεύετο</span> <span class='ocrx_word' id='word_1_435' title='bbox 1930 3877 2068 3949; x_wconf 89' lang='grc' dir='ltr'><strong>μετά</strong></span> 
     </span>
    </p>
   </div>
   <div class='ocr_carea' id='block_1_61' title="bbox 489 3968 2069 4042">
    <p class='ocr_par' dir='ltr' id='par_1_61' title="bbox 489 3968 2069 4042">
     <span class='ocr_line' id='line_1_61' title="bbox 489 3968 2069 4042; baseline -0.003 -16"><span class='ocrx_word' id='word_1_436' title='bbox 489 3972 601 4026; x_wconf 84' lang='grc' dir='ltr'><strong>τῶν</strong></span> <span class='ocrx_word' id='word_1_437' title='bbox 627 3974 686 4026; x_wconf 82' lang='grc' dir='ltr'>ὲν</span> <span class='ocrx_word' id='word_1_438' title='bbox 724 3970 868 4026; x_wconf 79' lang='grc' dir='ltr'>τέλει</span> <span class='ocrx_word' id='word_1_439' title='bbox 911 3973 1003 4025; x_wconf 69' lang='grc' dir='ltr'>καὶ</span> <span class='ocrx_word' id='word_1_440' title='bbox 1059 3971 1170 4025; x_wconf 85' lang='grc' dir='ltr'><strong>τῶν</strong></span> <span class='ocrx_word' id='word_1_441' title='bbox 1229 3972 1518 4042; x_wconf 88' lang='grc' dir='ltr'>ήγεμόνων</span> <span class='ocrx_word' id='word_1_442' title='bbox 1555 3972 1655 4042; x_wconf 86' lang='grc' dir='ltr'><strong>τῆς</strong></span> <span class='ocrx_word' id='word_1_443' title='bbox 1717 3971 1980 4042; x_wconf 80' lang='grc' dir='ltr'>στρατιᾶς</span> <span class='ocrx_word' id='word_1_444' title='bbox 2041 3968 2069 4021; x_wconf 77' lang='grc' dir='ltr'><em>ὅ</em></span> 
     </span>
    </p>
   </div>
   <div class='ocr_carea' id='block_1_62' title="bbox 488 4058 2060 4134">
    <p class='ocr_par' dir='ltr' id='par_1_62' title="bbox 488 4058 2060 4134">
     <span class='ocr_line' id='line_1_62' title="bbox 488 4058 2060 4134; baseline -0.004 -17"><span class='ocrx_word' id='word_1_445' title='bbox 488 4081 542 4118; x_wconf 89' lang='grc' dir='ltr'><strong>τι</strong></span> <span class='ocrx_word' id='word_1_446' title='bbox 574 4063 682 4117; x_wconf 85' lang='grc' dir='ltr'>δέοι</span> <span class='ocrx_word' id='word_1_447' title='bbox 731 4064 907 4116; x_wconf 85' lang='grc' dir='ltr'>ποιεῖν</span> <span class='ocrx_word' id='word_1_448' title='bbox 939 4062 1077 4134; x_wconf 78' lang='grc' dir='ltr'>πρὸς</span> <span class='ocrx_word' id='word_1_449' title='bbox 1107 4061 1206 4134; x_wconf 81' lang='grc' dir='ltr'><strong>τήν</strong></span> <span class='ocrx_word' id='word_1_450' title='bbox 1263 4061 1453 4131; x_wconf 79' lang='grc' dir='ltr'>ἔφοδον</span> <span class='ocrx_word' id='word_1_451' title='bbox 1486 4060 1596 4115; x_wconf 87' lang='grc' dir='ltr'>τῶν</span> <span class='ocrx_word' id='word_1_452' title='bbox 1648 4059 1962 4130; x_wconf 78' lang='grc' dir='ltr'>Τριὸαλὼν.</span> <span class='ocrx_word' id='word_1_453' title='bbox 1994 4058 2060 4111; x_wconf 78' lang='lat' dir='ltr'><strong>Oi</strong></span> 
     </span>
    </p>
   </div>
   <div class='ocr_carea' id='block_1_63' title="bbox 495 4149 2066 4226">
    <p class='ocr_par' dir='ltr' id='par_1_63' title="bbox 495 4149 2066 4226">
     <span class='ocr_line' id='line_1_63' title="bbox 495 4149 2066 4226; baseline -0.005 -16"><span class='ocrx_word' id='word_1_454' title='bbox 495 4156 596 4226; x_wconf 75' lang='grc' dir='ltr'>μὲν</span> <span class='ocrx_word' id='word_1_455' title='bbox 620 4149 714 4210; x_wconf 74' lang='grc' dir='ltr'>οὖν</span> <span class='ocrx_word' id='word_1_456' title='bbox 738 4155 767 4208; x_wconf 83' lang='grc' dir='ltr'><strong>ὃ</strong></span> <span class='ocrx_word' id='word_1_457' title='bbox 799 4171 852 4208; x_wconf 86' lang='grc' dir='ltr'><strong>τι</strong></span> <span class='ocrx_word' id='word_1_458' title='bbox 886 4155 1120 4218; x_wconf 72' lang='grc' dir='ltr'>ἕκαστος</span> <span class='ocrx_word' id='word_1_459' title='bbox 1160 4154 1334 4207; x_wconf 78' lang='grc' dir='ltr'>ἐδόκει</span> <span class='ocrx_word' id='word_1_460' title='bbox 1391 4153 1714 4218; x_wconf 78' lang='grc' dir='ltr'>λυσιτελεῖν,</span> <span class='ocrx_word' id='word_1_461' title='bbox 1748 4149 2066 4204; x_wconf 77' lang='grc' dir='ltr'>ἐϐουλεύετο</span> 
     </span>
    </p>
   </div>
   <div class='ocr_carea' id='block_1_64' title="bbox 496 4244 2069 4318">
    <p class='ocr_par' dir='ltr' id='par_1_64' title="bbox 496 4244 2069 4318">
     <span class='ocr_line' id='line_1_64' title="bbox 496 4244 2069 4318; baseline 0 -18"><span class='ocrx_word' id='word_1_462' title='bbox 496 4246 633 4318; x_wconf 82' lang='grc' dir='ltr'>πρὸς</span> <span class='ocrx_word' id='word_1_463' title='bbox 674 4248 746 4300; x_wconf 85' lang='grc' dir='ltr'>τὰ</span> <span class='ocrx_word' id='word_1_464' title='bbox 785 4246 1052 4315; x_wconf 86' lang='grc' dir='ltr'>παρόντα.</span> <span class='ocrx_word' id='word_1_465' title='bbox 1119 4244 1210 4317; x_wconf 78' lang='grc' dir='ltr'><strong>Τῷ</strong></span> <span class='ocrx_word' id='word_1_466' title='bbox 1269 4245 1492 4316; x_wconf 84' lang='grc' dir='ltr'>μεγάλῳ</span> <span class='ocrx_word' id='word_1_467' title='bbox 1520 4245 1577 4298; x_wconf 80' lang='grc' dir='ltr'>δὲ</span> <span class='ocrx_word' id='word_1_468' title='bbox 1624 4244 1960 4316; x_wconf 81' lang='grc' dir='ltr'>δομεστίκῳ,</span> <span class='ocrx_word' id='word_1_469' title='bbox 2007 4248 2069 4300; x_wconf 81' lang='grc' dir='ltr'>τὸ</span> 
     </span>
    </p>
   </div>
   <div class='ocr_carea' id='block_1_65' title="bbox 493 4336 2068 4414">
    <p class='ocr_par' dir='ltr' id='par_1_65' title="bbox 493 4336 2068 4414">
     <span class='ocr_line' id='line_1_65' title="bbox 493 4336 2068 4414; baseline -0.001 -23"><span class='ocrx_word' id='word_1_470' title='bbox 493 4338 632 4408; x_wconf 81' lang='grc' dir='ltr'>πρὸς</span> <span class='ocrx_word' id='word_1_471' title='bbox 661 4336 888 4410; x_wconf 82' lang='grc' dir='ltr'>Κράλην</span> <span class='ocrx_word' id='word_1_472' title='bbox 921 4339 1413 4393; x_wconf 78' lang='grc' dir='ltr'>ἀντικαθίστασθαι</span> <span class='ocrx_word' id='word_1_473' title='bbox 1468 4337 1701 4409; x_wconf 85' lang='grc' dir='ltr'>ταχέως,</span> <span class='ocrx_word' id='word_1_474' title='bbox 1745 4338 1814 4390; x_wconf 76' lang='grc' dir='ltr'><strong>ἶν’</strong></span> <span class='ocrx_word' id='word_1_475' title='bbox 1950 4338 2068 4390; x_wconf 87' lang='grc' dir='ltr'>πεί-</span> 
     </span>
    </p>
   </div>
   <div class='ocr_carea' id='block_1_66' title="bbox 494 4427 2065 4505">
    <p class='ocr_par' dir='ltr' id='par_1_66' title="bbox 494 4427 2065 4505">
     <span class='ocr_line' id='line_1_66' title="bbox 494 4427 2065 4505; baseline -0.002 -21"><span class='ocrx_word' id='word_1_476' title='bbox 494 4430 640 4484; x_wconf 88' lang='grc' dir='ltr'>θοιεν</span> <span class='ocrx_word' id='word_1_477' title='bbox 660 4431 941 4505; x_wconf 79' lang='grc' dir='ltr'>αἱρεῖσθαι</span> <span class='ocrx_word' id='word_1_478' title='bbox 979 4431 1080 4501; x_wconf 85' lang='grc' dir='ltr'>τὴν</span> <span class='ocrx_word' id='word_1_479' title='bbox 1130 4433 1374 4502; x_wconf 80' lang='grc' dir='ltr'>εἰρήνην,</span> <span class='ocrx_word' id='word_1_480' title='bbox 1409 4429 1442 4500; x_wconf 83' lang='grc' dir='ltr'>ἢ</span> <span class='ocrx_word' id='word_1_481' title='bbox 1475 4428 1868 4499; x_wconf 83' lang='grc' dir='ltr'>θρασυνομένῳ</span> <span class='ocrx_word' id='word_1_482' title='bbox 1901 4427 2065 4482; x_wconf 87' lang='grc' dir='ltr'>πολε-</span> 
     </span>
    </p>
   </div>
   <div class='ocr_carea' id='block_1_67' title="bbox 494 4612 2071 4684">
    <p class='ocr_par' dir='ltr' id='par_1_67' title="bbox 494 4612 2071 4684">
     <span class='ocr_line' id='line_1_67' title="bbox 494 4612 2071 4684; baseline -0.001 -18"><span class='ocrx_word' id='word_1_483' title='bbox 494 4612 936 4682; x_wconf 83' lang='grc' dir='ltr'>ἀναγκαιότερον</span> <span class='ocrx_word' id='word_1_484' title='bbox 971 4613 1070 4666; x_wconf 73' lang='grc' dir='ltr'>καὶ</span> <span class='ocrx_word' id='word_1_485' title='bbox 1123 4613 1591 4684; x_wconf 80' lang='grc' dir='ltr'>λυσιτελέστερον,</span> <span class='ocrx_word' id='word_1_486' title='bbox 1657 4613 1798 4683; x_wconf 66' lang='grc' dir='ltr'>προς</span> <span class='ocrx_word' id='word_1_487' title='bbox 1853 4613 1952 4682; x_wconf 87' lang='grc' dir='ltr'>τὴν</span> <span class='ocrx_word' id='word_1_488' title='bbox 1990 4613 2071 4676; x_wconf 80' lang='grc' dir='ltr'><strong>είς</strong></span> 
     </span>
    </p>
   </div>
   <div class='ocr_carea' id='block_1_68' title="bbox 497 4703 2076 4775">
    <p class='ocr_par' dir='ltr' id='par_1_68' title="bbox 497 4703 2076 4775">
     <span class='ocr_line' id='line_1_68' title="bbox 497 4703 2076 4775; baseline -0.001 -19"><span class='ocrx_word' id='word_1_489' title='bbox 497 4703 912 4774; x_wconf 86' lang='grc' dir='ltr'>Πελοπόννησον</span> <span class='ocrx_word' id='word_1_490' title='bbox 964 4704 1257 4775; x_wconf 88' lang='grc' dir='ltr'>στρατείαν</span> <span class='ocrx_word' id='word_1_491' title='bbox 1316 4703 1435 4773; x_wconf 78' lang='grc' dir='ltr'><strong>ἃμα</strong></span> <span class='ocrx_word' id='word_1_492' title='bbox 1482 4703 1578 4775; x_wconf 72' lang='grc' dir='ltr'>ἦρι</span> <span class='ocrx_word' id='word_1_493' title='bbox 1613 4704 2076 4774; x_wconf 82' lang='grc' dir='ltr'>παρεσκευασμέ-</span> 
     </span>
    </p>
   </div>
   <div class='ocr_carea' id='block_1_69' title="bbox 496 4789 2072 4866">
    <p class='ocr_par' dir='ltr' id='par_1_69' title="bbox 496 4789 2072 4866">
     <span class='ocr_line' id='line_1_69' title="bbox 496 4789 2072 4866; baseline 0.001 -21"><span class='ocrx_word' id='word_1_494' title='bbox 496 4812 618 4858; x_wconf 91' lang='grc' dir='ltr'>νους</span> <span class='ocrx_word' id='word_1_495' title='bbox 650 4795 830 4848; x_wconf 85' lang='grc' dir='ltr'>ἐδόκει</span> <span class='ocrx_word' id='word_1_496' title='bbox 889 4789 1054 4862; x_wconf 73' lang='grc' dir='ltr'>εἶναι,</span> <span class='ocrx_word' id='word_1_497' title='bbox 1096 4797 1193 4848; x_wconf 79' lang='grc' dir='ltr'>καὶ</span> <span class='ocrx_word' id='word_1_498' title='bbox 1251 4795 1326 4866; x_wconf 80' lang='grc' dir='ltr'><strong>μή</strong></span> <span class='ocrx_word' id='word_1_499' title='bbox 1358 4796 1650 4866; x_wconf 81' lang='grc' dir='ltr'>προΐεσθαι</span> <span class='ocrx_word' id='word_1_500' title='bbox 1707 4799 1800 4849; x_wconf 88' lang='grc' dir='ltr'>τὸν</span> <span class='ocrx_word' id='word_1_501' title='bbox 1855 4797 2072 4866; x_wconf 81' lang='grc' dir='ltr'>καιρὸν,</span> 
     </span>
    </p>
   </div>
   <div class='ocr_carea' id='block_1_70' title="bbox 498 4886 2072 4958">
    <p class='ocr_par' dir='ltr' id='par_1_70' title="bbox 498 4886 2072 4958">
     <span class='ocr_line' id='line_1_70' title="bbox 498 4886 2072 4958; baseline 0 -20"><span class='ocrx_word' id='word_1_502' title='bbox 498 4887 758 4956; x_wconf 81' lang='grc' dir='ltr'>πράξεων</span> <span class='ocrx_word' id='word_1_503' title='bbox 804 4889 1185 4957; x_wconf 84' lang='grc' dir='ltr'>παρεχόμενον</span> <span class='ocrx_word' id='word_1_504' title='bbox 1245 4886 1501 4958; x_wconf 83' lang='grc' dir='ltr'>μεγάλων</span> <span class='ocrx_word' id='word_1_505' title='bbox 1527 4889 1806 4957; x_wconf 77' lang='grc' dir='ltr'>ἀφορμάς.</span> <span class='ocrx_word' id='word_1_506' title='bbox 1845 4887 1909 4940; x_wconf 84' lang='lat' dir='ltr'><strong>Ei</strong></span> <span class='ocrx_word' id='word_1_507' title='bbox 1963 4887 2072 4956; x_wconf 88' lang='grc' dir='ltr'><strong>γάρ</strong></span> 
     </span>
    </p>
   </div>
   <div class='ocr_carea' id='block_1_71' title="bbox 495 4978 2075 5049">
    <p class='ocr_par' dir='ltr' id='par_1_71' title="bbox 495 4978 2075 5049">
     <span class='ocr_line' id='line_1_71' title="bbox 495 4978 2075 5049; baseline -0.002 -17"><span class='ocrx_word' id='word_1_508' title='bbox 495 4979 631 5034; x_wconf 83' lang='grc' dir='ltr'>Θεοῦ</span> <span class='ocrx_word' id='word_1_509' title='bbox 662 4978 1095 5049; x_wconf 85' lang='grc' dir='ltr'>συναιρουμένου</span> <span class='ocrx_word' id='word_1_510' title='bbox 1120 4978 1242 5038; x_wconf 77' lang='grc' dir='ltr'>τοὺς</span> <span class='ocrx_word' id='word_1_511' title='bbox 1273 4979 1369 5049; x_wconf 78' lang='grc' dir='ltr'>τὴν</span> <span class='ocrx_word' id='word_1_512' title='bbox 1402 4979 1809 5048; x_wconf 81' lang='grc' dir='ltr'>Πελοπόννησον</span> <span class='ocrx_word' id='word_1_513' title='bbox 1864 4979 2075 5032; x_wconf 70' lang='lat' dir='ltr'><strong>alito-3v-</strong></span> 
     </span>
    </p>
   </div>
   <div class='ocr_carea' id='block_1_72' title="bbox 495 5071 2071 5144">
    <p class='ocr_par' dir='ltr' id='par_1_72' title="bbox 495 5071 2071 5144">
     <span class='ocr_line' id='line_1_72' title="bbox 495 5071 2071 5144; baseline -0.003 -18"><span class='ocrx_word' id='word_1_514' title='bbox 495 5090 594 5137; x_wconf 89' lang='grc' dir='ltr'><strong>τας</strong></span> <span class='ocrx_word' id='word_1_515' title='bbox 625 5073 894 5135; x_wconf 88' lang='grc' dir='ltr'>Λατίνους</span> <span class='ocrx_word' id='word_1_516' title='bbox 944 5071 1154 5140; x_wconf 75' lang='grc' dir='ltr'>ἔφασκε</span> <span class='ocrx_word' id='word_1_517' title='bbox 1201 5073 1414 5138; x_wconf 86' lang='grc' dir='ltr'>γένοιτο</span> <span class='ocrx_word' id='word_1_518' title='bbox 1445 5072 1799 5144; x_wconf 78' lang='grc' dir='ltr'>προσλαϐεῖν,</span> <span class='ocrx_word' id='word_1_519' title='bbox 1855 5073 2071 5140; x_wconf 82' lang='grc' dir='ltr'>ἀνάγκη</span> 
     </span>
    </p>
   </div>
   <div class='ocr_carea' id='block_1_73' title="bbox 397 5157 2070 5235">
    <p class='ocr_par' dir='ltr' id='par_1_73' title="bbox 397 5157 2070 5235">
     <span class='ocr_line' id='line_1_73' title="bbox 397 5157 2070 5235; baseline -0.002 -16"><span class='ocrx_word' id='word_1_520' title='bbox 397 5157 404 5161; x_wconf 67' lang='grc'><em>’</em></span> <span class='ocrx_word' id='word_1_521' title='bbox 497 5167 592 5218; x_wconf 75' lang='grc' dir='ltr'>καὶ</span> <span class='ocrx_word' id='word_1_522' title='bbox 621 5165 750 5228; x_wconf 81' lang='grc' dir='ltr'>τοὺς</span> <span class='ocrx_word' id='word_1_523' title='bbox 781 5164 882 5235; x_wconf 82' lang='grc' dir='ltr'><strong>τὴν</strong></span> <span class='ocrx_word' id='word_1_524' title='bbox 930 5162 1190 5234; x_wconf 83' lang='grc' dir='ltr'>Ἀττικήν</span> <span class='ocrx_word' id='word_1_525' title='bbox 1222 5163 1488 5216; x_wconf 86' lang='grc' dir='ltr'>Βοιωτίαν</span> <span class='ocrx_word' id='word_1_526' title='bbox 1513 5161 1795 5223; x_wconf 80' lang='grc' dir='ltr'>οἰκοῦντας</span> <span class='ocrx_word' id='word_1_527' title='bbox 1823 5161 2070 5216; x_wconf 75' lang='grc' dir='ltr'>Κατελά-</span> 
     </span>
    </p>
   </div>
   <div class='ocr_carea' id='block_1_74' title="bbox 497 5253 2070 5328">
    <p class='ocr_par' dir='ltr' id='par_1_74' title="bbox 497 5253 2070 5328">
     <span class='ocr_line' id='line_1_74' title="bbox 497 5253 2070 5328; baseline -0.001 -19"><span class='ocrx_word' id='word_1_528' title='bbox 497 5275 642 5322; x_wconf 82' lang='grc' dir='ltr'>νους,</span> <span class='ocrx_word' id='word_1_529' title='bbox 672 5257 706 5328; x_wconf 81' lang='grc' dir='ltr'>ἢ</span> <span class='ocrx_word' id='word_1_530' title='bbox 737 5257 966 5319; x_wconf 79' lang='grc' dir='ltr'>ἑκόντας</span> <span class='ocrx_word' id='word_1_531' title='bbox 994 5256 1148 5326; x_wconf 86' lang='grc' dir='ltr'>ήμῖν,</span> <span class='ocrx_word' id='word_1_532' title='bbox 1191 5253 1224 5325; x_wconf 79' lang='grc' dir='ltr'>ἢ</span> <span class='ocrx_word' id='word_1_533' title='bbox 1275 5253 1600 5325; x_wconf 86' lang='grc' dir='ltr'>βιασθέντας</span> <span class='ocrx_word' id='word_1_534' title='bbox 1651 5254 2070 5325; x_wconf 79' lang='grc' dir='ltr'>προσχωρῆσαι.</span> 
     </span>
    </p>
   </div>
   <div class='ocr_carea' id='block_1_75' title="bbox 498 5347 2075 5421">
    <p class='ocr_par' dir='ltr' id='par_1_75' title="bbox 498 5347 2075 5421">
     <span class='ocr_line' id='line_1_75' title="bbox 498 5347 2075 5421; baseline -0.003 -17"><span class='ocrx_word' id='word_1_535' title='bbox 498 5352 702 5404; x_wconf 80' lang='grc' dir='ltr'>Τούτου</span> <span class='ocrx_word' id='word_1_536' title='bbox 733 5351 790 5404; x_wconf 84' lang='grc' dir='ltr'>δὲ</span> <span class='ocrx_word' id='word_1_537' title='bbox 819 5351 1222 5421; x_wconf 88' lang='grc' dir='ltr'>γεγενημένου,</span> <span class='ocrx_word' id='word_1_538' title='bbox 1279 5351 1374 5403; x_wconf 80' lang='grc' dir='ltr'>καὶ</span> <span class='ocrx_word' id='word_1_539' title='bbox 1402 5348 1502 5420; x_wconf 85' lang='grc' dir='ltr'>τῆς</span> <span class='ocrx_word' id='word_1_540' title='bbox 1549 5347 1844 5418; x_wconf 86' lang='grc' dir='ltr'>Ῥωμαίων</span> <span class='ocrx_word' id='word_1_541' title='bbox 1870 5351 2075 5420; x_wconf 76' lang='grc' dir='ltr'>ἡγεμο-</span> 
     </span>
    </p>
   </div>
   <div class='ocr_carea' id='block_1_76' title="bbox 499 5440 2072 5514">
    <p class='ocr_par' dir='ltr' id='par_1_76' title="bbox 499 5440 2072 5514">
     <span class='ocr_line' id='line_1_76' title="bbox 499 5440 2072 5514; baseline -0.002 -19"><span class='ocrx_word' id='word_1_542' title='bbox 499 5445 616 5504; x_wconf 86' lang='grc' dir='ltr'>νίας</span> <span class='ocrx_word' id='word_1_543' title='bbox 648 5443 842 5511; x_wconf 84' lang='grc' dir='ltr'>ῶσπερ</span> <span class='ocrx_word' id='word_1_544' title='bbox 863 5445 921 5496; x_wconf 80' lang='grc' dir='ltr'><strong>ἐν</strong></span> <span class='ocrx_word' id='word_1_545' title='bbox 946 5444 1060 5507; x_wconf 85' lang='grc' dir='ltr'>τοῖς</span> <span class='ocrx_word' id='word_1_546' title='bbox 1089 5443 1260 5498; x_wconf 87' lang='grc' dir='ltr'>πάλαι</span> <span class='ocrx_word' id='word_1_547' title='bbox 1302 5441 1518 5514; x_wconf 80' lang='grc' dir='ltr'>χρόνοις</span> <span class='ocrx_word' id='word_1_548' title='bbox 1566 5442 1630 5494; x_wconf 81' lang='grc' dir='ltr'>ὲκ</span> <span class='ocrx_word' id='word_1_549' title='bbox 1663 5440 2072 5511; x_wconf 75' lang='grc' dir='ltr'>Πελοποννήσου</span> 
     </span>
    </p>
   </div>
   <div class='ocr_carea' id='block_1_77' title="bbox 507 5531 2075 5604">
    <p class='ocr_par' dir='ltr' id='par_1_77' title="bbox 507 5531 2075 5604">
     <span class='ocr_line' id='line_1_77' title="bbox 507 5531 2075 5604; baseline -0.001 -20"><span class='ocrx_word' id='word_1_550' title='bbox 507 5537 673 5603; x_wconf 86' lang='grc' dir='ltr'>μέχρι</span> <span class='ocrx_word' id='word_1_551' title='bbox 703 5532 1002 5596; x_wconf 78' lang='grc' dir='ltr'>Βυζαντίου</span> <span class='ocrx_word' id='word_1_552' title='bbox 1043 5533 1302 5604; x_wconf 86' lang='grc' dir='ltr'>συνεχοῦς</span> <span class='ocrx_word' id='word_1_553' title='bbox 1361 5532 1743 5601; x_wconf 81' lang='grc' dir='ltr'>γεγενημένης</span> <span class='ocrx_word' id='word_1_554' title='bbox 1772 5531 1950 5598; x_wconf 75' lang='grc' dir='ltr'>ἔξεστι</span> <span class='ocrx_word' id='word_1_555' title='bbox 1974 5547 2075 5582; x_wconf 86' lang='grc' dir='ltr'>συ-</span> 
     </span>
    </p>
   </div>
   <div class='ocr_carea' id='block_1_78' title="bbox 500 5625 2074 5696">
    <p class='ocr_par' dir='ltr' id='par_1_78' title="bbox 500 5625 2074 5696">
     <span class='ocr_line' id='line_1_78' title="bbox 500 5625 2074 5696; baseline -0.002 -18"><span class='ocrx_word' id='word_1_556' title='bbox 500 5627 693 5696; x_wconf 86' lang='grc' dir='ltr'>νορᾷν,</span> <span class='ocrx_word' id='word_1_557' title='bbox 717 5625 790 5689; x_wconf 85' lang='grc' dir='ltr'>ὡς</span> <span class='ocrx_word' id='word_1_558' title='bbox 820 5626 974 5678; x_wconf 82' lang='grc' dir='ltr'>οὐδὲν</span> <span class='ocrx_word' id='word_1_559' title='bbox 999 5625 1164 5696; x_wconf 71' lang='grc' dir='ltr'>ἔργον</span> <span class='ocrx_word' id='word_1_560' title='bbox 1215 5626 1316 5696; x_wconf 79' lang='grc' dir='ltr'><strong>ήδη</strong></span> <span class='ocrx_word' id='word_1_561' title='bbox 1370 5625 1671 5695; x_wconf 71' lang='grc' dir='ltr'>Τριϐαλούς</span> <span class='ocrx_word' id='word_1_562' title='bbox 1700 5641 1758 5675; x_wconf 88' lang='grc' dir='ltr'><strong>τε</strong></span> <span class='ocrx_word' id='word_1_563' title='bbox 1817 5627 1912 5677; x_wconf 68' lang='grc' dir='ltr'><strong>καί¹</strong></span> <span class='ocrx_word' id='word_1_564' title='bbox 1946 5625 2074 5687; x_wconf 79' lang='grc' dir='ltr'>τοὺς</span> 
     </span>
    </p>
   </div>
   <div class='ocr_carea' id='block_1_79' title="bbox 500 5716 2074 5788">
    <p class='ocr_par' dir='ltr' id='par_1_79' title="bbox 500 5716 2074 5788">
     <span class='ocr_line' id='line_1_79' title="bbox 500 5716 2074 5788; baseline -0.001 -17"><span class='ocrx_word' id='word_1_565' title='bbox 500 5719 691 5779; x_wconf 68' lang='grc' dir='ltr'>ἄλλους</span> <span class='ocrx_word' id='word_1_566' title='bbox 731 5719 1048 5788; x_wconf 79' lang='grc' dir='ltr'>περιοίκους</span> <span class='ocrx_word' id='word_1_567' title='bbox 1074 5717 1183 5770; x_wconf 80' lang='grc' dir='ltr'>τῶν</span> <span class='ocrx_word' id='word_1_568' title='bbox 1212 5719 1507 5788; x_wconf 67' lang='grc' dir='ltr'>βαρϐάρων</span> <span class='ocrx_word' id='word_1_569' title='bbox 1555 5719 1651 5785; x_wconf 73' lang='grc' dir='ltr'>τῆς</span> <span class='ocrx_word' id='word_1_570' title='bbox 1681 5716 1892 5787; x_wconf 73' lang='grc' dir='ltr'>ὕϐρεως</span> <span class='ocrx_word' id='word_1_571' title='bbox 1917 5717 2074 5779; x_wconf 76' lang='grc' dir='ltr'>δίκας</span> 
     </span>
    </p>
   </div>
   <div class='ocr_carea' id='block_1_80' title="bbox 407 5805 2072 5881">
    <p class='ocr_par' dir='ltr' id='par_1_80' title="bbox 407 5805 2072 5881">
     <span class='ocr_line' id='line_1_80' title="bbox 407 5805 2072 5881; baseline -0.005 -14"><span class='ocrx_word' id='word_1_572' title='bbox 407 5861 416 5867; x_wconf 91' lang='grc'><em>.</em></span> <span class='ocrx_word' id='word_1_573' title='bbox 450 5848 455 5853; x_wconf 95' lang='lat'><strong><em>-</em></strong></span> <span class='ocrx_word' id='word_1_574' title='bbox 503 5812 778 5874; x_wconf 82' lang='grc' dir='ltr'>ἀπαιτεῖν,</span> <span class='ocrx_word' id='word_1_575' title='bbox 830 5805 898 5873; x_wconf 61' lang='grc' dir='ltr'>ὗς</span> <span class='ocrx_word' id='word_1_576' title='bbox 959 5808 1338 5877; x_wconf 72' lang='grc' dir='ltr'>ἐξυϐρίζουσιν</span> <span class='ocrx_word' id='word_1_577' title='bbox 1373 5811 1454 5873; x_wconf 85' lang='grc' dir='ltr'><strong>είς</strong></span> <span class='ocrx_word' id='word_1_578' title='bbox 1508 5813 1656 5878; x_wconf 74' lang='grc' dir='ltr'>ἡμᾶς</span> <span class='ocrx_word' id='word_1_579' title='bbox 1691 5811 1945 5863; x_wconf 77' lang='grc' dir='ltr'>τοσοῦτον</span> <span class='ocrx_word' id='word_1_580' title='bbox 1971 5812 2072 5881; x_wconf 68' lang='grc' dir='ltr'>ἤδη</span> 
     </span>
    </p>
   </div>
   <div class='ocr_carea' id='block_1_81' title="bbox 2173 3233 3754 3304">
    <p class='ocr_par' dir='ltr' id='par_1_81' title="bbox 2173 3233 3754 3304">
     <span class='ocr_line' id='line_1_81' title="bbox 2173 3233 3754 3304; baseline 0.004 -16"><span class='ocrx_word' id='word_1_581' title='bbox 2173 3233 2600 3304; x_wconf 85' lang='lat' dir='ltr'><strong>pepulabundus</strong></span> <span class='ocrx_word' id='word_1_582' title='bbox 2677 3234 3033 3299; x_wconf 87' lang='lat' dir='ltr'><strong>incursavit,</strong></span> <span class='ocrx_word' id='word_1_583' title='bbox 3117 3245 3230 3289; x_wconf 87' lang='lat' dir='ltr'><strong>tum</strong></span> <span class='ocrx_word' id='word_1_584' title='bbox 3307 3237 3754 3295; x_wconf 83' lang='lat' dir='ltr'><strong>Tltessalon&#39;eun</strong></span> 
     </span>
    </p>
   </div>
   <div class='ocr_carea' id='block_1_82' title="bbox 2172 3325 3758 3396">
    <p class='ocr_par' dir='ltr' id='par_1_82' title="bbox 2172 3325 3758 3396">
     <span class='ocr_line' id='line_1_82' title="bbox 2172 3325 3758 3396; baseline 0.004 -19"><span class='ocrx_word' id='word_1_585' title='bbox 2172 3339 2339 3395; x_wconf 81' lang='lat' dir='ltr'><strong>porro</strong></span> <span class='ocrx_word' id='word_1_586' title='bbox 2382 3325 2612 3390; x_wconf 87' lang='lat' dir='ltr'><strong>vadens,</strong></span> <span class='ocrx_word' id='word_1_587' title='bbox 2674 3325 2743 3380; x_wconf 86' lang='lat' dir='ltr'><strong>ad</strong></span> <span class='ocrx_word' id='word_1_588' title='bbox 2789 3327 2967 3380; x_wconf 90' lang='lat' dir='ltr'><strong>locum</strong></span> <span class='ocrx_word' id='word_1_589' title='bbox 3008 3329 3104 3396; x_wconf 89' lang='lat' dir='ltr'><strong>qui</strong></span> <span class='ocrx_word' id='word_1_590' title='bbox 3155 3325 3502 3384; x_wconf 87' lang='lat' dir='ltr'><strong>Cretensium</strong></span> <span class='ocrx_word' id='word_1_591' title='bbox 3554 3330 3758 3384; x_wconf 77' lang='lat' dir='ltr'><strong>dicitur</strong></span> 
     </span>
    </p>
   </div>
   <div class='ocr_carea' id='block_1_83' title="bbox 2175 3413 3756 3488">
    <p class='ocr_par' dir='ltr' id='par_1_83' title="bbox 2175 3413 3756 3488">
     <span class='ocr_line' id='line_1_83' title="bbox 2175 3413 3756 3488; baseline 0.004 -18"><span class='ocrx_word' id='word_1_592' title='bbox 2175 3414 2453 3486; x_wconf 87' lang='lat' dir='ltr'><strong>pervenit.</strong></span> <span class='ocrx_word' id='word_1_593' title='bbox 2489 3413 2698 3472; x_wconf 86' lang='lat' dir='ltr'><strong>Deinde</strong></span> <span class='ocrx_word' id='word_1_594' title='bbox 2725 3431 2849 3471; x_wconf 90' lang='lat' dir='ltr'><strong>cum</strong></span> <span class='ocrx_word' id='word_1_595' title='bbox 2880 3417 3062 3486; x_wconf 70' lang='lat' dir='ltr'><strong>przeda</strong></span> <span class='ocrx_word' id='word_1_596' title='bbox 3099 3417 3245 3472; x_wconf 88' lang='lat' dir='ltr'><strong>haud</strong></span> <span class='ocrx_word' id='word_1_597' title='bbox 3284 3419 3467 3488; x_wconf 90' lang='lat' dir='ltr'><strong>opima</strong></span> <span class='ocrx_word' id='word_1_598' title='bbox 3501 3437 3756 3477; x_wconf 60' lang='lat' dir='ltr'><strong>reversus</strong></span> 
     </span>
    </p>
   </div>
   <div class='ocr_carea' id='block_1_84' title="bbox 2173 3505 3753 3581">
    <p class='ocr_par' dir='ltr' id='par_1_84' title="bbox 2173 3505 3753 3581">
     <span class='ocr_line' id='line_1_84' title="bbox 2173 3505 3753 3581; baseline 0.001 -20"><span class='ocrx_word' id='word_1_599' title='bbox 2173 3517 2278 3572; x_wconf 87' lang='lat' dir='ltr'><strong>est,</strong></span> <span class='ocrx_word' id='word_1_600' title='bbox 2322 3519 2613 3578; x_wconf 86' lang='lat' dir='ltr'><strong>propterea</strong></span> <span class='ocrx_word' id='word_1_601' title='bbox 2653 3505 2800 3579; x_wconf 91' lang='lat' dir='ltr'><strong>quod</strong></span> <span class='ocrx_word' id='word_1_602' title='bbox 2837 3509 2956 3579; x_wconf 83' lang='lat' dir='ltr'><strong>ejus</strong></span> <span class='ocrx_word' id='word_1_603' title='bbox 2989 3509 3228 3565; x_wconf 83' lang='lat' dir='ltr'><strong>adventu</strong></span> <span class='ocrx_word' id='word_1_604' title='bbox 3265 3513 3421 3581; x_wconf 83' lang='lat' dir='ltr'><strong>prius</strong></span> <span class='ocrx_word' id='word_1_605' title='bbox 3475 3515 3753 3574; x_wconf 67' lang='lat' dir='ltr'><strong>nuntiato,</strong></span> 
     </span>
    </p>
   </div>
   <div class='ocr_carea' id='block_1_85' title="bbox 2173 3594 3744 3674">
    <p class='ocr_par' dir='ltr' id='par_1_85' title="bbox 2173 3594 3744 3674">
     <span class='ocr_line' id='line_1_85' title="bbox 2173 3594 3744 3674; baseline 0.004 -22"><span class='ocrx_word' id='word_1_606' title='bbox 2173 3610 2415 3669; x_wconf 80' lang='lat' dir='ltr'><strong>agrestes</strong></span> <span class='ocrx_word' id='word_1_607' title='bbox 2457 3615 2516 3654; x_wconf 89' lang='lat' dir='ltr'><strong>se</strong></span> <span class='ocrx_word' id='word_1_608' title='bbox 2569 3615 2696 3655; x_wconf 89' lang='lat' dir='ltr'><strong>eum</strong></span> <span class='ocrx_word' id='word_1_609' title='bbox 2747 3594 3233 3671; x_wconf 80' lang='lat' dir='ltr'><strong>pecore-urbibus</strong></span> <span class='ocrx_word' id='word_1_610' title='bbox 3262 3604 3617 3674; x_wconf 83' lang='lat' dir='ltr'><strong>castellisque</strong></span> <span class='ocrx_word' id='word_1_611' title='bbox 3667 3607 3744 3659; x_wconf 88' lang='lat' dir='ltr'><strong>in-</strong></span> 
     </span>
    </p>
   </div>
   <div class='ocr_carea' id='block_1_86' title="bbox 2175 3691 3758 3766">
    <p class='ocr_par' dir='ltr' id='par_1_86' title="bbox 2175 3691 3758 3766">
     <span class='ocr_line' id='line_1_86' title="bbox 2175 3691 3758 3766; baseline 0.001 -17"><span class='ocrx_word' id='word_1_612' title='bbox 2175 3695 2474 3749; x_wconf 84' lang='lat' dir='ltr'><strong>cluserant.</strong></span> <span class='ocrx_word' id='word_1_613' title='bbox 2510 3691 2722 3759; x_wconf 89' lang='lat' dir='ltr'><strong>Quibus</strong></span> <span class='ocrx_word' id='word_1_614' title='bbox 2751 3695 2816 3748; x_wconf 89' lang='lat' dir='ltr'><strong>ad</strong></span> <span class='ocrx_word' id='word_1_615' title='bbox 2840 3709 2898 3748; x_wconf 88' lang='lat' dir='ltr'><strong>se</strong></span> <span class='ocrx_word' id='word_1_616' title='bbox 2931 3696 3180 3764; x_wconf 85' lang='lat' dir='ltr'><strong>perlatis,</strong></span> <span class='ocrx_word' id='word_1_617' title='bbox 3224 3711 3456 3766; x_wconf 79' lang='lat' dir='ltr'><strong>magnus</strong></span> <span class='ocrx_word' id='word_1_618' title='bbox 3489 3697 3758 3752; x_wconf 86' lang='lat' dir='ltr'><strong>domesti-</strong></span> 
     </span>
    </p>
   </div>
   <div class='ocr_carea' id='block_1_87' title="bbox 2173 3785 3757 3856">
    <p class='ocr_par' dir='ltr' id='par_1_87' title="bbox 2173 3785 3757 3856">
     <span class='ocr_line' id='line_1_87' title="bbox 2173 3785 3757 3856; baseline 0.003 -17"><span class='ocrx_word' id='word_1_619' title='bbox 2173 3800 2272 3839; x_wconf 91' lang='lat' dir='ltr'><strong>cus</strong></span> <span class='ocrx_word' id='word_1_620' title='bbox 2321 3785 2560 3840; x_wconf 86' lang='lat' dir='ltr'><strong>concilio</strong></span> <span class='ocrx_word' id='word_1_621' title='bbox 2605 3787 2930 3856; x_wconf 88' lang='lat' dir='ltr'><strong>optimatum</strong></span> <span class='ocrx_word' id='word_1_622' title='bbox 2954 3796 3010 3841; x_wconf 88' lang='lat' dir='ltr'><strong>et</strong></span> <span class='ocrx_word' id='word_1_623' title='bbox 3055 3787 3258 3841; x_wconf 85' lang='lat' dir='ltr'><strong>ducunt</strong></span> <span class='ocrx_word' id='word_1_624' title='bbox 3315 3790 3591 3844; x_wconf 82' lang='lat' dir='ltr'><strong>exercitus</strong></span> <span class='ocrx_word' id='word_1_625' title='bbox 3621 3804 3757 3844; x_wconf 84' lang='lat' dir='ltr'><strong>eon-</strong></span> 
     </span>
    </p>
   </div>
   <div class='ocr_carea' id='block_1_88' title="bbox 2174 3879 3755 3950">
    <p class='ocr_par' dir='ltr' id='par_1_88' title="bbox 2174 3879 3755 3950">
     <span class='ocr_line' id='line_1_88' title="bbox 2174 3879 3755 3950; baseline 0.001 -18"><span class='ocrx_word' id='word_1_626' title='bbox 2174 3887 2391 3944; x_wconf 85' lang='lat' dir='ltr'><strong>vocato,</strong></span> <span class='ocrx_word' id='word_1_627' title='bbox 2458 3879 2592 3949; x_wconf 86' lang='lat' dir='ltr'><strong>quid</strong></span> <span class='ocrx_word' id='word_1_628' title='bbox 2645 3889 2835 3934; x_wconf 89' lang='lat' dir='ltr'><strong>contra</strong></span> <span class='ocrx_word' id='word_1_629' title='bbox 2908 3879 3280 3934; x_wconf 82' lang='lat' dir='ltr'><strong>Triballnrum</strong></span> <span class='ocrx_word' id='word_1_630' title='bbox 3334 3881 3755 3950; x_wconf 70' lang='lat' dir='ltr'><strong>impressionem</strong></span> 
     </span>
    </p>
   </div>
   <div class='ocr_carea' id='block_1_89' title="bbox 2175 3970 3755 4044">
    <p class='ocr_par' dir='ltr' id='par_1_89' title="bbox 2175 3970 3755 4044">
     <span class='ocr_line' id='line_1_89' title="bbox 2175 3970 3755 4044; baseline 0.002 -20"><span class='ocrx_word' id='word_1_631' title='bbox 2175 3970 2564 4040; x_wconf 89' lang='lat' dir='ltr'><strong>inceptandum</strong></span> <span class='ocrx_word' id='word_1_632' title='bbox 2615 3980 2782 4036; x_wconf 89' lang='lat' dir='ltr'><strong>esset,</strong></span> <span class='ocrx_word' id='word_1_633' title='bbox 2830 3973 3106 4042; x_wconf 64' lang='lat' dir='ltr'><strong>quaesivit.</strong></span> <span class='ocrx_word' id='word_1_634' title='bbox 3153 3972 3318 4044; x_wconf 78' lang='lat'><strong>387</strong></span> <span class='ocrx_word' id='word_1_635' title='bbox 3355 3973 3557 4028; x_wconf 86' lang='lat' dir='ltr'><strong>Eorum</strong></span> <span class='ocrx_word' id='word_1_636' title='bbox 3586 3989 3755 4027; x_wconf 83' lang='lat' dir='ltr'><strong>unus-</strong></span> 
     </span>
    </p>
   </div>
   <div class='ocr_carea' id='block_1_90' title="bbox 2178 4061 3759 4134">
    <p class='ocr_par' dir='ltr' id='par_1_90' title="bbox 2178 4061 3759 4134">
     <span class='ocr_line' id='line_1_90' title="bbox 2178 4061 3759 4134; baseline 0.001 -19"><span class='ocrx_word' id='word_1_637' title='bbox 2178 4061 2418 4131; x_wconf 90' lang='lat' dir='ltr'><strong>quisque</strong></span> <span class='ocrx_word' id='word_1_638' title='bbox 2497 4062 2852 4126; x_wconf 86' lang='lat' dir='ltr'><strong>sententiam,</strong></span> <span class='ocrx_word' id='word_1_639' title='bbox 2903 4078 3072 4132; x_wconf 89' lang='lat' dir='ltr'><strong>quam</strong></span> <span class='ocrx_word' id='word_1_640' title='bbox 3136 4064 3352 4132; x_wconf 88' lang='lat' dir='ltr'><strong>putavit</strong></span> <span class='ocrx_word' id='word_1_641' title='bbox 3408 4064 3476 4118; x_wconf 89' lang='lat' dir='ltr'><strong>ad</strong></span> <span class='ocrx_word' id='word_1_642' title='bbox 3543 4074 3759 4134; x_wconf 87' lang='lat' dir='ltr'><strong>tempus</strong></span> 
     </span>
    </p>
   </div>
   <div class='ocr_carea' id='block_1_91' title="bbox 2175 4142 3830 4222">
    <p class='ocr_par' dir='ltr' id='par_1_91' title="bbox 2175 4142 3830 4222">
     <span class='ocr_line' id='line_1_91' title="bbox 2175 4142 3830 4222; baseline 0.002 -14"><span class='ocrx_word' id='word_1_643' title='bbox 2175 4151 2544 4218; x_wconf 88' lang='lat' dir='ltr'><strong>commodam,</strong></span> <span class='ocrx_word' id='word_1_644' title='bbox 2579 4151 2741 4207; x_wconf 76' lang='lat' dir='ltr'><strong>dixit.</strong></span> <span class='ocrx_word' id='word_1_645' title='bbox 2771 4153 2879 4208; x_wconf 89' lang='lat' dir='ltr'><strong>Sed</strong></span> <span class='ocrx_word' id='word_1_646' title='bbox 2931 4169 3053 4208; x_wconf 91' lang='lat' dir='ltr'><strong>cum</strong></span> <span class='ocrx_word' id='word_1_647' title='bbox 3085 4169 3285 4222; x_wconf 81' lang='lat' dir='ltr'><strong>magno</strong></span> <span class='ocrx_word' id='word_1_648' title='bbox 3320 4153 3628 4210; x_wconf 86' lang='lat' dir='ltr'><strong>domestico</strong></span> <span class='ocrx_word' id='word_1_649' title='bbox 3659 4171 3754 4210; x_wconf 49' lang='lat' dir='ltr'><strong>ne-</strong></span> <span class='ocrx_word' id='word_1_650' title='bbox 3822 4142 3830 4149; x_wconf 65' lang='grc'><em>’</em></span> 
     </span>
    </p>
   </div>
   <div class='ocr_carea' id='block_1_92' title="bbox 2175 4244 3758 4310">
    <p class='ocr_par' dir='ltr' id='par_1_92' title="bbox 2175 4244 3758 4310">
     <span class='ocr_line' id='line_1_92' title="bbox 2175 4244 3758 4310; baseline 0.001 -10"><span class='ocrx_word' id='word_1_651' title='bbox 2175 4245 2474 4300; x_wconf 88' lang='lat' dir='ltr'><strong>cessariutn</strong></span> <span class='ocrx_word' id='word_1_652' title='bbox 2525 4244 2833 4308; x_wconf 85' lang='lat' dir='ltr'><strong>videretur,</strong></span> <span class='ocrx_word' id='word_1_653' title='bbox 2882 4244 2992 4299; x_wconf 89' lang='lat' dir='ltr'><strong>cito</strong></span> <span class='ocrx_word' id='word_1_654' title='bbox 3037 4244 3183 4300; x_wconf 89' lang='lat' dir='ltr'><strong>Crali</strong></span> <span class='ocrx_word' id='word_1_655' title='bbox 3238 4245 3630 4310; x_wconf 82' lang='lat' dir='ltr'><strong>resistendum,</strong></span> <span class='ocrx_word' id='word_1_656' title='bbox 3695 4257 3758 4301; x_wconf 89' lang='lat' dir='ltr'><strong>ut</strong></span> 
     </span>
    </p>
   </div>
   <div class='ocr_carea' id='block_1_93' title="bbox 2175 4336 3757 4407">
    <p class='ocr_par' dir='ltr' id='par_1_93' title="bbox 2175 4336 3757 4407">
     <span class='ocr_line' id='line_1_93' title="bbox 2175 4336 3757 4407; baseline 0.001 -15"><span class='ocrx_word' id='word_1_657' title='bbox 2175 4353 2302 4392; x_wconf 88' lang='lat' dir='ltr'><strong>eum</strong></span> <span class='ocrx_word' id='word_1_658' title='bbox 2326 4338 2411 4392; x_wconf 89' lang='lat' dir='ltr'><strong>vel</strong></span> <span class='ocrx_word' id='word_1_659' title='bbox 2442 4352 2632 4406; x_wconf 89' lang='lat' dir='ltr'><strong>pacem</strong></span> <span class='ocrx_word' id='word_1_660' title='bbox 2659 4344 2882 4407; x_wconf 79' lang='lat' dir='ltr'><strong>cegeret</strong></span> <span class='ocrx_word' id='word_1_661' title='bbox 2905 4338 3182 4406; x_wconf 87' lang='lat' dir='ltr'><strong>accipere,</strong></span> <span class='ocrx_word' id='word_1_662' title='bbox 3216 4336 3301 4392; x_wconf 89' lang='lat' dir='ltr'><strong>vel</strong></span> <span class='ocrx_word' id='word_1_663' title='bbox 3335 4352 3458 4391; x_wconf 91' lang='lat' dir='ltr'><strong>cum</strong></span> <span class='ocrx_word' id='word_1_664' title='bbox 3488 4337 3757 4394; x_wconf 87' lang='lat' dir='ltr'><strong>audacius</strong></span> 
     </span>
    </p>
   </div>
   <div class='ocr_carea' id='block_1_94' title="bbox 2176 4428 3759 4500">
    <p class='ocr_par' dir='ltr' id='par_1_94' title="bbox 2176 4428 3759 4500">
     <span class='ocr_line' id='line_1_94' title="bbox 2176 4428 3759 4500; baseline 0 -16"><span class='ocrx_word' id='word_1_665' title='bbox 2176 4428 2488 4499; x_wconf 80' lang='lat' dir='ltr'><strong>refragante</strong></span> <span class='ocrx_word' id='word_1_666' title='bbox 2542 4429 3084 4494; x_wconf 74' lang='lat' dir='ltr'><strong>bellodecerneret,</strong></span> <span class='ocrx_word' id='word_1_667' title='bbox 3117 4429 3289 4483; x_wconf 87' lang='lat' dir='ltr'><strong>multo</strong></span> <span class='ocrx_word' id='word_1_668' title='bbox 3345 4439 3526 4483; x_wconf 85' lang='lat' dir='ltr'><strong>tamen</strong></span> <span class='ocrx_word' id='word_1_669' title='bbox 3583 4431 3759 4500; x_wconf 81' lang='lat' dir='ltr'><strong>magis</strong></span> 
     </span>
    </p>
   </div>
   <div class='ocr_carea' id='block_1_95' title="bbox 387 4518 2071 4598">
    <p class='ocr_par' dir='ltr' id='par_1_95' title="bbox 387 4518 2068 4598">
     <span class='ocr_line' id='line_1_95' title="bbox 387 4518 2068 4598; baseline 0 -25"><span class='ocrx_word' id='word_1_670' title='bbox 387 4591 396 4598; x_wconf 29' lang='lat'><strong><em>’</em></strong></span> <span class='ocrx_word' id='word_1_671' title='bbox 498 4522 652 4590; x_wconf 89' lang='grc' dir='ltr'>μοῖεν</span> <span class='ocrx_word' id='word_1_672' title='bbox 702 4519 898 4574; x_wconf 85' lang='grc' dir='ltr'>δοκοῦν</span> <span class='ocrx_word' id='word_1_673' title='bbox 928 4520 1036 4574; x_wconf 81' lang='grc' dir='ltr'>τῶν</span> <span class='ocrx_word' id='word_1_674' title='bbox 1087 4520 1430 4588; x_wconf 85' lang='grc' dir='ltr'>ἀναγκαίων,</span> <span class='ocrx_word' id='word_1_675' title='bbox 1491 4520 1572 4572; x_wconf 78' lang='grc' dir='ltr'>ἔτι</span> <span class='ocrx_word' id='word_1_676' title='bbox 1635 4518 1823 4588; x_wconf 77' lang='grc' dir='ltr'>πσλλῷ</span> <span class='ocrx_word' id='word_1_677' title='bbox 1864 4520 2068 4590; x_wconf 75' lang='grc' dir='ltr'>μᾶλλον</span> 
     </span>
    </p>
   </div>
   <div class='ocr_carea' id='block_1_96' title="bbox 2174 4518 3758 4598">
    <p class='ocr_par' dir='ltr' id='par_1_96' title="bbox 2177 4520 3758 4593">
     <span class='ocr_line' id='line_1_96' title="bbox 2177 4520 3758 4593; baseline 0 -17"><span class='ocrx_word' id='word_1_678' title='bbox 2177 4521 2547 4576; x_wconf 84' lang='lat' dir='ltr'><strong>necessarium</strong></span> <span class='ocrx_word' id='word_1_679' title='bbox 2594 4520 2874 4590; x_wconf 72' lang='lat' dir='ltr'><strong>magisque</strong></span> <span class='ocrx_word' id='word_1_680' title='bbox 2925 4521 3056 4576; x_wconf 90' lang='lat' dir='ltr'><strong>utile</strong></span> <span class='ocrx_word' id='word_1_681' title='bbox 3085 4521 3266 4576; x_wconf 89' lang='lat' dir='ltr'><strong>visum</strong></span> <span class='ocrx_word' id='word_1_682' title='bbox 3312 4521 3493 4576; x_wconf 82' lang='lat' dir='ltr'><strong>estad</strong></span> <span class='ocrx_word' id='word_1_683' title='bbox 3528 4524 3758 4593; x_wconf 82' lang='lat' dir='ltr'><strong>expedi-</strong></span> 
     </span>
    </p>
   </div>
   <div class='ocr_carea' id='block_1_97' title="bbox 2179 4612 3758 4683">
    <p class='ocr_par' dir='ltr' id='par_1_97' title="bbox 2179 4612 3758 4683">
     <span class='ocr_line' id='line_1_97' title="bbox 2179 4612 3758 4683; baseline -0.001 -14"><span class='ocrx_word' id='word_1_684' title='bbox 2179 4613 2384 4669; x_wconf 87' lang='lat' dir='ltr'><strong>tionem</strong></span> <span class='ocrx_word' id='word_1_685' title='bbox 2433 4613 2489 4666; x_wconf 90' lang='lat' dir='ltr'><strong>in</strong></span> <span class='ocrx_word' id='word_1_686' title='bbox 2541 4612 2983 4682; x_wconf 85' lang='lat' dir='ltr'><strong>Peloponnesum</strong></span> <span class='ocrx_word' id='word_1_687' title='bbox 3033 4613 3310 4683; x_wconf 89' lang='lat' dir='ltr'><strong>principio</strong></span> <span class='ocrx_word' id='word_1_688' title='bbox 3353 4613 3506 4668; x_wconf 61' lang='lat' dir='ltr'><strong>venis</strong></span> <span class='ocrx_word' id='word_1_689' title='bbox 3535 4625 3758 4683; x_wconf 74' lang='lat' dir='ltr'><strong>paratos</strong></span> 
     </span>
    </p>
   </div>
   <div class='ocr_carea' id='block_1_98' title="bbox 2176 4701 3757 4773">
    <p class='ocr_par' dir='ltr' id='par_1_98' title="bbox 2176 4701 3757 4773">
     <span class='ocr_line' id='line_1_98' title="bbox 2176 4701 3757 4773; baseline -0.001 -14"><span class='ocrx_word' id='word_1_690' title='bbox 2176 4719 2323 4769; x_wconf 89' lang='lat' dir='ltr'><strong>esse,</strong></span> <span class='ocrx_word' id='word_1_691' title='bbox 2380 4717 2483 4758; x_wconf 91' lang='lat' dir='ltr'><strong>nec</strong></span> <span class='ocrx_word' id='word_1_692' title='bbox 2528 4718 2559 4757; x_wconf 91' lang='lat' dir='ltr'><strong>e</strong></span> <span class='ocrx_word' id='word_1_693' title='bbox 2611 4701 2869 4756; x_wconf 82' lang='lat' dir='ltr'><strong>manibus</strong></span> <span class='ocrx_word' id='word_1_694' title='bbox 2912 4701 3302 4756; x_wconf 85' lang='lat' dir='ltr'><strong>dimittendum</strong></span> <span class='ocrx_word' id='word_1_695' title='bbox 3338 4713 3554 4773; x_wconf 84' lang='lat' dir='ltr'><strong>tempus</strong></span> <span class='ocrx_word' id='word_1_696' title='bbox 3589 4701 3757 4758; x_wconf 86' lang='lat' dir='ltr'><strong>rebus</strong></span> 
     </span>
    </p>
   </div>
   <div class='ocr_carea' id='block_1_99' title="bbox 2178 4792 3756 4866">
    <p class='ocr_par' dir='ltr' id='par_1_99' title="bbox 2178 4792 3756 4866">
     <span class='ocr_line' id='line_1_99' title="bbox 2178 4792 3756 4866; baseline -0.002 -15"><span class='ocrx_word' id='word_1_697' title='bbox 2178 4795 2441 4866; x_wconf 71' lang='lat' dir='ltr'><strong>praeclare</strong></span> <span class='ocrx_word' id='word_1_698' title='bbox 2496 4793 2758 4864; x_wconf 76' lang='lat' dir='ltr'><strong>gerendis</strong></span> <span class='ocrx_word' id='word_1_699' title='bbox 2816 4793 3100 4848; x_wconf 90' lang='lat' dir='ltr'><strong>idoneum.</strong></span> <span class='ocrx_word' id='word_1_700' title='bbox 3149 4792 3387 4848; x_wconf 86' lang='lat' dir='ltr'><strong>Si-enim</strong></span> <span class='ocrx_word' id='word_1_701' title='bbox 3445 4795 3555 4849; x_wconf 89' lang='lat' dir='ltr'><strong>Deo</strong></span> <span class='ocrx_word' id='word_1_702' title='bbox 3594 4795 3756 4848; x_wconf 71' lang='lat' dir='ltr'><strong>auti-</strong></span> 
     </span>
    </p>
   </div>
   <div class='ocr_carea' id='block_1_100' title="bbox 2177 4886 3757 4958">
    <p class='ocr_par' dir='ltr' id='par_1_100' title="bbox 2177 4886 3757 4958">
     <span class='ocr_line' id='line_1_100' title="bbox 2177 4886 3757 4958; baseline 0 -14"><span class='ocrx_word' id='word_1_703' title='bbox 2177 4891 2367 4952; x_wconf 79' lang='lat' dir='ltr'><strong>liante,</strong></span> <span class='ocrx_word' id='word_1_704' title='bbox 2413 4888 2612 4958; x_wconf 89' lang='lat' dir='ltr'><strong>inquit,</strong></span> <span class='ocrx_word' id='word_1_705' title='bbox 2666 4887 3108 4957; x_wconf 83' lang='lat' dir='ltr'><strong>Peloponnesum</strong></span> <span class='ocrx_word' id='word_1_706' title='bbox 3165 4887 3476 4942; x_wconf 83' lang='lat' dir='ltr'><strong>habitantes</strong></span> <span class='ocrx_word' id='word_1_707' title='bbox 3528 4886 3757 4944; x_wconf 88' lang='lat' dir='ltr'><strong>Latinos</strong></span> 
     </span>
    </p>
   </div>
   <div class='ocr_carea' id='block_1_101' title="bbox 2175 4977 3758 5050">
    <p class='ocr_par' dir='ltr' id='par_1_101' title="bbox 2175 4977 3758 5050">
     <span class='ocr_line' id='line_1_101' title="bbox 2175 4977 3758 5050; baseline -0.002 -14"><span class='ocrx_word' id='word_1_708' title='bbox 2175 4981 2245 5036; x_wconf 90' lang='lat' dir='ltr'><strong>ad</strong></span> <span class='ocrx_word' id='word_1_709' title='bbox 2288 4979 2580 5050; x_wconf 89' lang='lat' dir='ltr'><strong>imperium</strong></span> <span class='ocrx_word' id='word_1_710' title='bbox 2632 4978 3071 5048; x_wconf 72' lang='lat' dir='ltr'><strong>adiunxerimus,</strong></span> <span class='ocrx_word' id='word_1_711' title='bbox 3119 4978 3280 5032; x_wconf 88' lang='lat' dir='ltr'><strong>etiam</strong></span> <span class='ocrx_word' id='word_1_712' title='bbox 3311 4977 3557 5034; x_wconf 87' lang='lat' dir='ltr'><strong>Catalani</strong></span> <span class='ocrx_word' id='word_1_713' title='bbox 3612 4980 3758 5034; x_wconf 85' lang='lat' dir='ltr'><strong>Atti-</strong></span> 
     </span>
    </p>
   </div>
   <div class='ocr_carea' id='block_1_102' title="bbox 2176 5055 3815 5148">
    <p class='ocr_par' dir='ltr' id='par_1_102' title="bbox 2176 5055 3815 5148">
     <span class='ocr_line' id='line_1_102' title="bbox 2176 5055 3815 5148; baseline -0.001 -22"><span class='ocrx_word' id='word_1_714' title='bbox 2176 5087 2296 5126; x_wconf 83' lang='lat' dir='ltr'><strong>cam</strong></span> <span class='ocrx_word' id='word_1_715' title='bbox 2345 5055 2401 5127; x_wconf 77' lang='lat' dir='ltr'><strong>et</strong></span> <span class='ocrx_word' id='word_1_716' title='bbox 2430 5072 2693 5128; x_wconf 75' lang='lat' dir='ltr'><strong>Boeotiam</strong></span> <span class='ocrx_word' id='word_1_717' title='bbox 2733 5071 3056 5133; x_wconf 83' lang='lat' dir='ltr'><strong>ineulentcs.</strong></span> <span class='ocrx_word' id='word_1_718' title='bbox 3100 5072 3274 5126; x_wconf 88' lang='lat' dir='ltr'><strong>velint</strong></span> <span class='ocrx_word' id='word_1_719' title='bbox 3309 5071 3510 5136; x_wconf 92' lang='lat' dir='ltr'><strong>nolint,</strong></span> <span class='ocrx_word' id='word_1_720' title='bbox 3542 5085 3602 5126; x_wconf 89' lang='lat' dir='ltr'><strong>se</strong></span> <span class='ocrx_word' id='word_1_721' title='bbox 3653 5085 3756 5124; x_wconf 55' lang='lat' dir='ltr'><strong>no.</strong></span> <span class='ocrx_word' id='word_1_722' title='bbox 3784 5108 3815 5148; x_wconf 37' lang='grc' dir='ltr'><strong>ί.</strong></span> 
     </span>
    </p>
   </div>
   <div class='ocr_carea' id='block_1_103' title="bbox 2177 5162 3756 5233">
    <p class='ocr_par' dir='ltr' id='par_1_103' title="bbox 2177 5162 3756 5233">
     <span class='ocr_line' id='line_1_103' title="bbox 2177 5162 3756 5233; baseline -0.001 -16"><span class='ocrx_word' id='word_1_723' title='bbox 2177 5163 2261 5218; x_wconf 85' lang='lat' dir='ltr'><strong>his</strong></span> <span class='ocrx_word' id='word_1_724' title='bbox 2303 5164 2523 5217; x_wconf 82' lang='lat' dir='ltr'><strong>dedent.</strong></span> <span class='ocrx_word' id='word_1_725' title='bbox 2553 5163 2671 5228; x_wconf 87' lang='lat' dir='ltr'><strong>Quo</strong></span> <span class='ocrx_word' id='word_1_726' title='bbox 2716 5162 2881 5226; x_wconf 77' lang='lat' dir='ltr'><strong>iacto,</strong></span> <span class='ocrx_word' id='word_1_727' title='bbox 2916 5163 3275 5232; x_wconf 77' lang='lat' dir='ltr'><strong>Romanoque</strong></span> <span class='ocrx_word' id='word_1_728' title='bbox 3299 5162 3605 5233; x_wconf 69' lang='lat' dir='ltr'><strong>principatu</strong></span> <span class='ocrx_word' id='word_1_729' title='bbox 3643 5162 3756 5216; x_wconf 74' lang='lat' dir='ltr'><strong>vil-</strong></span> 
     </span>
    </p>
   </div>
   <div class='ocr_carea' id='block_1_104' title="bbox 2178 5255 3758 5327">
    <p class='ocr_par' dir='ltr' id='par_1_104' title="bbox 2178 5255 3758 5327">
     <span class='ocr_line' id='line_1_104' title="bbox 2178 5255 3758 5327; baseline 0 -18"><span class='ocrx_word' id='word_1_730' title='bbox 2178 5266 2239 5310; x_wconf 91' lang='lat' dir='ltr'><strong>ut</strong></span> <span class='ocrx_word' id='word_1_731' title='bbox 2273 5257 2401 5310; x_wconf 87' lang='lat' dir='ltr'><strong>olim</strong></span> <span class='ocrx_word' id='word_1_732' title='bbox 2460 5271 2488 5309; x_wconf 87' lang='lat' dir='ltr'><strong>a</strong></span> <span class='ocrx_word' id='word_1_733' title='bbox 2519 5256 2903 5326; x_wconf 84' lang='lat' dir='ltr'><strong>Peloponneso</strong></span> <span class='ocrx_word' id='word_1_734' title='bbox 2932 5255 3254 5327; x_wconf 86' lang='lat' dir='ltr'><strong>Byzantium</strong></span> <span class='ocrx_word' id='word_1_735' title='bbox 3286 5256 3636 5316; x_wconf 78' lang='lat' dir='ltr'><strong>continuato,</strong></span> <span class='ocrx_word' id='word_1_736' title='bbox 3674 5256 3758 5309; x_wconf 82' lang='lat' dir='ltr'><strong>in-</strong></span> 
     </span>
    </p>
   </div>
   <div class='ocr_carea' id='block_1_105' title="bbox 2179 5346 3758 5419">
    <p class='ocr_par' dir='ltr' id='par_1_105' title="bbox 2179 5346 3758 5419">
     <span class='ocr_line' id='line_1_105' title="bbox 2179 5346 3758 5419; baseline -0.001 -16"><span class='ocrx_word' id='word_1_737' title='bbox 2179 5347 2350 5419; x_wconf 80' lang='lat' dir='ltr'><strong>telligi</strong></span> <span class='ocrx_word' id='word_1_738' title='bbox 2387 5357 2589 5417; x_wconf 84' lang='lat' dir='ltr'><strong>potest,</strong></span> <span class='ocrx_word' id='word_1_739' title='bbox 2623 5363 2732 5402; x_wconf 93' lang='lat' dir='ltr'><strong>non</strong></span> <span class='ocrx_word' id='word_1_740' title='bbox 2757 5348 2875 5402; x_wconf 76' lang='lat' dir='ltr'><strong>iure</strong></span> <span class='ocrx_word' id='word_1_741' title='bbox 2905 5363 3200 5417; x_wconf 86' lang='lat' dir='ltr'><strong>operosum</strong></span> <span class='ocrx_word' id='word_1_742' title='bbox 3234 5346 3496 5402; x_wconf 81' lang='lat' dir='ltr'><strong>Triballis</strong></span> <span class='ocrx_word' id='word_1_743' title='bbox 3523 5347 3758 5415; x_wconf 80' lang='lat' dir='ltr'><strong>aliSque</strong></span> 
     </span>
    </p>
   </div>
   <div class='ocr_carea' id='block_1_106' title="bbox 2183 5439 3842 5510">
    <p class='ocr_par' dir='ltr' id='par_1_106' title="bbox 2183 5439 3842 5510">
     <span class='ocr_line' id='line_1_106' title="bbox 2183 5439 3842 5510; baseline -0.002 -15"><span class='ocrx_word' id='word_1_744' title='bbox 2183 5441 2704 5510; x_wconf 87' lang='lat' dir='ltr'><strong>circumjacentibns</strong></span> <span class='ocrx_word' id='word_1_745' title='bbox 2738 5441 2994 5495; x_wconf 87' lang='lat' dir='ltr'><strong>Barbaris</strong></span> <span class='ocrx_word' id='word_1_746' title='bbox 3029 5456 3130 5510; x_wconf 91' lang='lat' dir='ltr'><strong>pro</strong></span> <span class='ocrx_word' id='word_1_747' title='bbox 3166 5439 3384 5508; x_wconf 76' lang='lat' dir='ltr'><strong>injuriis</strong></span> <span class='ocrx_word' id='word_1_748' title='bbox 3419 5439 3627 5494; x_wconf 86' lang='lat' dir='ltr'><strong>tamdiu</strong></span> <span class='ocrx_word' id='word_1_749' title='bbox 3664 5455 3760 5494; x_wconf 89' lang='grc' dir='ltr'>ι.ο-</span> <span class='ocrx_word' id='word_1_750' title='bbox 3821 5482 3842 5499; x_wconf 46' lang='grc' dir='ltr'><strong>ε,</strong></span> 
     </span>
    </p>
   </div>
   <div class='ocr_carea' id='block_1_107' title="bbox 2185 5521 3755 5604">
    <p class='ocr_par' dir='ltr' id='par_1_107' title="bbox 2185 5521 3755 5604">
     <span class='ocr_line' id='line_1_107' title="bbox 2185 5521 3755 5604; baseline -0.001 -16"><span class='ocrx_word' id='word_1_751' title='bbox 2185 5534 2269 5588; x_wconf 88' lang='lat' dir='ltr'><strong>bis</strong></span> <span class='ocrx_word' id='word_1_752' title='bbox 2297 5550 2362 5587; x_wconf 87' lang='lat' dir='ltr'><strong>cu</strong></span> <span class='ocrx_word' id='word_1_753' title='bbox 2377 5549 2426 5587; x_wconf 92' lang='lat' dir='ltr'><strong>m</strong></span> <span class='ocrx_word' id='word_1_754' title='bbox 2458 5544 2604 5588; x_wconf 80' lang='lat' dir='ltr'><strong>tanta</strong></span> <span class='ocrx_word' id='word_1_755' title='bbox 2634 5535 2923 5589; x_wconf 66' lang='lat' dir='ltr'><strong>insidentia</strong></span> <span class='ocrx_word' id='word_1_756' title='bbox 2951 5521 3120 5589; x_wconf 80' lang='lat' dir='ltr'><strong>illatis</strong></span> <span class='ocrx_word' id='word_1_757' title='bbox 3150 5533 3389 5603; x_wconf 88' lang='lat' dir='ltr'><strong>pretium</strong></span> <span class='ocrx_word' id='word_1_758' title='bbox 3421 5533 3755 5604; x_wconf 82' lang='lat' dir='ltr'><strong>persolvere.</strong></span> 
     </span>
    </p>
   </div>
   <div class='ocr_carea' id='block_1_108' title="bbox 2179 5625 3762 5696">
    <p class='ocr_par' dir='ltr' id='par_1_108' title="bbox 2179 5625 3762 5696">
     <span class='ocr_line' id='line_1_108' title="bbox 2179 5625 3762 5696; baseline -0.004 -16"><span class='ocrx_word' id='word_1_759' title='bbox 2179 5627 2258 5680; x_wconf 58' lang='lat' dir='ltr'><strong>Atl</strong></span> <span class='ocrx_word' id='word_1_760' title='bbox 2310 5641 2434 5695; x_wconf 65' lang='lat' dir='ltr'><strong>spes</strong></span> <span class='ocrx_word' id='word_1_761' title='bbox 2472 5626 2640 5696; x_wconf 67' lang='lat' dir='ltr'><strong>igitur</strong></span> <span class='ocrx_word' id='word_1_762' title='bbox 2675 5625 3038 5695; x_wconf 86' lang='lat' dir='ltr'><strong>amplissimas</strong></span> <span class='ocrx_word' id='word_1_763' title='bbox 3095 5626 3224 5679; x_wconf 90' lang='lat' dir='ltr'><strong>inde</strong></span> <span class='ocrx_word' id='word_1_764' title='bbox 3273 5625 3624 5678; x_wconf 77' lang='lat' dir='ltr'><strong>sublucentes</strong></span> <span class='ocrx_word' id='word_1_765' title='bbox 3667 5636 3762 5674; x_wconf 87' lang='lat' dir='ltr'><strong>ac-</strong></span> 
     </span>
    </p>
   </div>
   <div class='ocr_carea' id='block_1_109' title="bbox 2179 5709 3757 5784">
    <p class='ocr_par' dir='ltr' id='par_1_109' title="bbox 2179 5709 3757 5784">
     <span class='ocr_line' id='line_1_109' title="bbox 2179 5709 3757 5784; baseline -0.005 -12"><span class='ocrx_word' id='word_1_766' title='bbox 2179 5709 2643 5773; x_wconf 77' lang='lat' dir='ltr'><strong>commodandum</strong></span> <span class='ocrx_word' id='word_1_767' title='bbox 2705 5728 2788 5770; x_wconf 80' lang='lat' dir='ltr'><strong>est</strong></span> <span class='ocrx_word' id='word_1_768' title='bbox 2849 5715 3043 5784; x_wconf 79' lang='lat' dir='ltr'><strong>agendi</strong></span> <span class='ocrx_word' id='word_1_769' title='bbox 3094 5713 3362 5779; x_wconf 84' lang='lat' dir='ltr'><strong>studium,</strong></span> <span class='ocrx_word' id='word_1_770' title='bbox 3402 5728 3470 5766; x_wconf 91' lang='lat' dir='ltr'><strong>ne</strong></span> <span class='ocrx_word' id='word_1_771' title='bbox 3536 5709 3757 5765; x_wconf 85' lang='lat' dir='ltr'><strong>oceasio</strong></span> 
     </span>
    </p>
   </div>
   <div class='ocr_carea' id='block_1_110' title="bbox 2178 5804 3755 5877">
    <p class='ocr_par' dir='ltr' id='par_1_110' title="bbox 2178 5804 3755 5877">
     <span class='ocr_line' id='line_1_110' title="bbox 2178 5804 3755 5877; baseline -0.006 -11"><span class='ocrx_word' id='word_1_772' title='bbox 2178 5813 2453 5867; x_wconf 80' lang='lat' dir='ltr'><strong>elabatur.</strong></span> <span class='ocrx_word' id='word_1_773' title='bbox 2516 5812 2631 5876; x_wconf 59' lang='lat' dir='ltr'><strong>Qtta</strong></span> <span class='ocrx_word' id='word_1_774' title='bbox 2685 5809 2754 5864; x_wconf 91' lang='lat' dir='ltr'><strong>de</strong></span> <span class='ocrx_word' id='word_1_775' title='bbox 2818 5824 2982 5863; x_wconf 82' lang='lat' dir='ltr'><strong>causa</strong></span> <span class='ocrx_word' id='word_1_776' title='bbox 3035 5806 3355 5877; x_wconf 64' lang='lat' dir='ltr'><strong>Byzantium</strong></span> <span class='ocrx_word' id='word_1_777' title='bbox 3413 5804 3755 5864; x_wconf 79' lang='lat' dir='ltr'><strong>redeundum</strong></span> 
     </span>
    </p>
   </div>
  </div>
