4054 6424
500 385 607 443 775
651 429 659 436 .

1668 371 1906 431 JUANN
1923 373 1989 430 lS
2021 364 2554 430 CANTAL‘UZENI

3643 353 3759 415 776

499 498 674 568 pnlari
702 496 1048 558 videbantur.
1081 496 1408 565 cogitantes,
1447 490 1564 560 ipso
1594 488 1820 545 conscio
1848 500 1904 542 ct
1938 487 2080 542 clam

2202 483 2375 552 ἔχουσι
2408 480 2505 542 τὰς
2538 475 2786 547 γνώμας,
2830 475 2946 530 ἀλλ’
2979 468 3059 538 οἷς
3091 472 3193 544 μὲν
3238 469 3419 526 εὔνοια
3453 467 3585 539 πρὸς
3615 468 3760 518 ἐκεῖ-

499 591 627 644 ιηΙία
677 589 936 643 moliente
978 587 1109 642 dici.
1172 583 1490 642 Patriarclia
1537 596 1730 636 eorum
1785 577 2074 634 assertioni

2181 592 2272 627 νον
2298 569 2406 646 ἦν,
2427 569 2795 634 ἐσπουδάζετο
2827 587 2886 620 τε
2921 566 3138 637 ἀληθῶς
3160 563 3365 635 ὁμοίως
3395 562 3489 616 καὶ
3517 559 3758 626 ἐλέγετοο

499 678 806 744 adversari,
841 687 895 731 et
929 677 1066 730 nihil
1097 675 1457 734 turbandum.
1514 671 1610 727 sed
1646 671 1711 725 iis
1754 685 1876 739 quae
1909 669 2079 736 impe-

2202 665 2232 716 ιί
2262 663 2306 716 δ’
2338 661 2678 732 ἐθεράπευον
2703 658 2795 711 τὸν
2829 656 3024 728 καιρὸν
3064 655 3158 709 καὶ
3201 653 3301 724 τὴν
3331 650 3570 722 μεγάλου
3600 649 3766 719 δομε-

508 770 694 824 ratrici
751 780 808 824 et
859 783 1055 838 magno
1109 766 1412 821 domestico
1483 761 1867 833 placuissent,
1918 759 2082 814 obse-

499 859 780 928 quendum
812 859 1170 914 contendere.
1212 856 1354 913 Cum
1379 857 1432 911 in
1458 855 1565 910 hoc
1586 862 1732 910 esset
1761 864 2082 909 controver-

499 948 604 1009 sia,
645 949 873 1018 ejusque
923 956 1224 1018 conspectu
1270 962 1462 1002 omnes
1509 945 1933 1010 conticuissent,
1959 944 2083 999 aliis

501 1042 720 1109 quidem
793 1041 946 1094 velut
1028 1040 1204 1095 iratus
1263 1039 1402 1095 nihil
1462 1039 1626 1103 dixit,

502 1144 687 1186 autem
751 1133 1075 1202 increpuit,
1127 1131 1278 1202 quod
1329 1131 1648 1186 hominibus
1699 1130 2086 1202 insipientibus

501 1238 664 1277 aures
678 1224 1105 1284 commodasset.
1127 1233 1182 1277 et
1205 1224 1496 1278 verborum
1517 1239 1641 1278 cum
1665 1223 1800 1290 ipsis
1823 1222 2087 1292 digladia-

506 1315 655 1369 tione
694 1315 882 1369 turbas
912 1315 1225 1370 excitasset.
1256 1314 1422 1384 390
1448 1313 1683 1368 Proinde
1721 1313 1939 1383 litigare
1967 1329 2088 1368 ces-

506 1414 674 1466 saret,
718 1403 980 1470 postridie
1007 1418 1196 1458 secum
1225 1404 1292 1457 de
1316 1404 1412 1458 lite
1442 1411 1686 1466 acturus,
1719 1410 1776 1456 et
1807 1400 1882 1455 ita
1916 1414 2089 1469 usque

504 1495 571 1548 ad
606 1511 811 1565 equum
846 1494 1107 1561 ,deduxit,
1163 1494 1271 1549 hoc
1321 1493 1499 1548 ofﬁcio
1545 1494 1895 1566 objurgatum
1952 1489 2090 1545 deli-

507 1587 687 1648 nieos,
720 1587 865 1656 quod
905 1596 1033 1641 ante
1067 1602 1175 1641 non
1207 1587 1441 1653 solebat,
1490 1585 1587 1642 sed
1621 1585 1676 1639 in
1711 1583 2090 1655 penetralibus

510 1676 695 1744 palatii
727 1675 1034 1732 valedicere
1062 1692 1126 1732 ac
1161 1677 1366 1731 reverti
1431 1684 1817 1731 consueverat.
1864 1674 1944 1728 Ad
1981 1676 2090 1730 im-

510 1769 838 1838 pcratricem
882 1783 1049 1838 porro
1088 1768 1330 1832 rediens,
1373 1769 1644 1822 tumultus
1693 1781 1914 1822 causam
1965 1782 2092 1820 nar-

1712 1039 2082 1109 patriarcham
2111 1079 2116 1082 .

2184 755 2370 808 στίκου
2419 753 2672 822 δύναμιν.
2724 747 2905 803 Ἦσαν
2967 749 3025 802 δὲ
3073 747 3124 799 οἳ
3182 747 3274 798 καὶ
3325 744 3768 812 δυσχεραίνοντες

2186 845 2322 916 πρὸς
2351 845 2476 908 τοὺς
2510 844 2728 912 λόγους,
2757 841 2854 894 καὶ
2876 841 3047 911 ἡδέως
3081 837 3145 892 ἂν
3173 835 3507 896 κωλύσοντες
3536 832 3584 886 εἰ
3612 830 3763 899 ἐξῆν,

2185 938 2336 1006 ὅμως
2369 936 2474 989 ὑπὸ
2521 936 2676 999 δέους
2720 935 3036 1004 συμφωνεῖν
3083 929 3308 984 ἐδόκουν
3339 928 3454 990 τοῖς
3493 922 3709 984 πολλοῖς
3746 959 3764 984 ,

2187 1029 2425 1099 οἰόμενοι
2455 1028 2668 1082 ἐκείνου
2716 1025 3017 1088 συνειδότος
3048 1022 3142 1076 καὶ
3173 1018 3399 1090 ἀφανῶς
3443 1017 3512 1071 τὰ
3537 1014 3758 1068 τοιαῦτα

2192 1120 2620 1186 συσκευάζοντος
2670 1119 2950 1190 εἰρῆσθαι.
3012 1115 3072 1169 '0
3108 1113 3463 1183 πατριάρχης
3509 1110 3566 1162 δὲ
3614 1111 3765 1164 ἀντι-

2192 1213 2491 1268 καθίστατο
2522 1212 2660 1284 πρὸς
2687 1211 2812 1272 τοὺς
2839 1207 3055 1277 λόγους,
3087 1208 3182 1260 καὶ
3211 1205 3287 1277 μὴ
3314 1205 3425 1258 δεῖν
3450 1202 3633 1270 ἔλεγεν
3672 1200 3770 1252 αύ-

2190 1308 2319 1368 τοὺς
2344 1307 2602 1368 ἀτάκτως
2648 1304 2926 1375 θορυϐεῖν,
2957 1299 3092 1354 ἀλλὰ
3131 1296 3425 1352 πείθεσθαι
3458 1297 3569 1356 τοῖς
3616 1292 3772 1363 βασι-

2191 1399 2295 1452 λίδι
2365 1398 2460 1451 καὶ
2513 1396 2739 1467 μεγάλῳ
2797 1393 3104 1464 δομεστίκῳ
3185 1385 3596 1457 ἐγνωσμένοις.
3671 1384 3764 1436 Ἐν

2193 1491 2406 1553 τούτοις
2429 1490 2487 1543 δὲ
2515 1490 2617 1558 τῆς
2651 1488 2826 1558 ἔριδος
2861 1485 3090 1544 ἐκείνοις
3115 1480 3307 1550 οῠσης,
3338 1480 3459 1532 ἐπεὶ
3495 1478 3770 1531 ἐπέπαυτο

2196 1581 2491 1652 φανέντος,
2522 1581 2638 1641 τοῖς
2666 1578 2763 1649 μὲν
2794 1577 2976 1639 ἀλλοις
3006 1574 3199 1646 ὥσπερ
3222 1572 3577 1643 ὀργιζόμενος
3614 1569 3772 1622 οὐδὲν

2196 1673 2433 1741 εἰρήκει,
2465 1669 2815 1740 πατρίαρλην
2845 1669 2902 1721 δὲ
2935 1667 3236 1736 ἐμέμφετο,
3284 1663 3368 1717 ὅτι
3397 1663 3636 1732 ἀνοήτων
3676 1663 3769 1712 ἀμ

2195 1763 2439 1835 θρώπων
2477 1762 2764 1832 προσέχων
2790 1761 2970 1828 λόγοις
3001 1759 3204 1828 ἕστηκε
3239 1754 3380 1824 πρὸς
3403 1753 3594 1816 αὐτοὺς
3620 1751 3770 1818 λογο-

509 1835 615 1923 ijat,
645 1867 702 1912 et
735 1874 845 1927 quo
876 1835 1037 1929 pacto
1063 1858 1434 1929 patriarcham
1477 1867 1704 1928 propter
1743 1857 2096 1927 intempeSti-

2202 1855 2392 1926 μαχῶν
2443 1854 2541 1908 καὶ
2586 1851 2816 1923 θόρυϐον
2866 1850 3070 1905 κινῶν.
3117 1846 3479 1902 Συνεϐούλευέ
3526 1861 3582 1898 τε
3629 1844 3774 1896 οἰκοι

508 1966 631 2004 vam
665 1951 1145 2032 concertationem
1165 1949 1635 2018 reprehendisset,
1665 1947 1927 2020 quodque
1957 1949 2094 2004 stul-

511 2051 693 2095 torum
743 2056 1025 2096 sermones
1077 2043 1296 2111 ineptos
1347 2041 1694 2107 attendisset,
1744 2049 1800 2096 et
1841 2056 1967 2096 eum
2015 2040 2094 2096 uti

419 2188 423 2192 ς
510 2134 736 2188 domum
790 2133 987 2188 abiret
1022 2133 1419 2189 admonuisset.
1458 2133 1824 2188 Asseverabat
1869 2133 1998 2188 item
2033 2146 2099 2188 ac

510 2225 684 2279 Deum
722 2235 916 2280 testem
952 2224 1212 2290 faciebat,
1244 2240 1305 2279 se
1335 2225 1544 2279 nullius
1575 2224 1775 2280 horum
1809 2240 1931 2280 esse
1960 2239 2099 2280 con-

511 2315 711 2380 scium,
769 2316 867 2371 sed
921 2317 990 2370 ab
1037 2317 1311 2386 imperitis
1357 2314 1693 2386 quibusdam
1745 2315 1979 2384 superbe
2035 2327 2100 2368 ac

519 2409 721 2464 stolide
747 2423 810 2462 ea
867 2407 1100 2463 moveri.
1149 2408 1323 2472 Quem
1375 2421 1499 2460 cum
1549 2407 1617 2460 de
1669 2405 1849 2460 turbis
1895 2405 2101 2459 sedatis

511 2501 933 2556 commendaret
971 2497 1316 2568 imperatrix,
1379 2496 1485 2551 Sed
1531 2495 1608 2550 illi
1637 2497 1882 2564 quidem,
1920 2496 2101 2564 inquit

515 2605 746 2659 magnus
779 2589 1134 2652 domesticus,
1167 2588 1336 2647 suasi,
1366 2585 1505 2640 nihil
1533 2585 1826 2640 verborum
1849 2585 2098 2649 adderet,

517 2680 860 2748 domumque
911 2677 1247 2744 discederet;
1298 2676 1608 2744 intelligens
1687 2675 1766 2730 sic
1817 2690 1904 2730 me
1948 2676 2100 2730 litem

519 2789 643 2827 mea
683 2771 1039 2842 potissimum
1091 2784 1255 2824 causa
1301 2777 1548 2832 exortam
1600 2767 1756 2822 facile
1801 2768 2105 2836 diremptu-

519 2878 661 2916 rum.
697 2862 773 2915 Te
819 2870 1004 2915 autem
1039 2873 1256 2926 moneo,
1293 2867 1351 2913 ut
1401 2858 1713 2928 superbiam
1747 2858 1903 2911 istam
1939 2857 2104 2924 finul-

520 2961 633 3007 tam
668 2967 736 3006 ne
767 2951 1066 3020 relinquas,
1099 2965 1291 3004 verum
1319 2949 1621 3004 accersitos
1649 2957 1876 3019 propter
1902 2948 2104 3019 linguae

519 3046 930 3113 protervitatem
960 3042 1286 3112 objurgitcs.
1325 3043 1604 3098 Monerem
1627 3045 1794 3122 etiam
1829 3053 1889 3098 ut
1914 3053 1964 3098 te
1999 3042 2104 3096 ad-

521 3137 744 3190 modum
809 3135 917 3190 illis
972 3135 1166 3188 iratam
1221 3135 1559 3200 ostenderes,
1608 3135 1709 3189 nisi
1767 3133 1922 3189 brevi
1969 3133 2100 3188 hinc

521 3227 774 3296 pluribus
805 3240 998 3282 eorum
1027 3226 1215 3281 ascitis
1245 3223 1591 3281 discessurus
1625 3239 1828 3280 essem.
1881 3221 2099 3279 Idcirco

522 3319 612 3372 ubi
661 3327 926 3388 quantum
974 3320 1109 3372 satis
1141 3327 1227 3371 est
1277 3333 1374 3372 eos
1425 3316 1804 3386 castigaveris,
1865 3323 2092 3371 causata

521 3407 882 3476 profectionis
915 3421 1048 3460 mea:
1086 3409 1497 3470 necessitatem,
1548 3409 1708 3461 venia
1739 3409 1866 3463 illos
1895 3408 2100 3478 imper-

524 3508 648 3552 tito.
677 3497 921 3565 Augusta
949 3495 1196 3549 monenti
1219 3496 1503 3559 obsecuta,
1523 3497 1673 3552 viros
1697 3496 1818 3551 illos
1844 3497 2099 3564 accersit,

523 3589 802 3642 inscitiam
829 3587 1144 3658 exprobrat,
1172 3587 1320 3658 quod
1370 3588 1514 3642 inter
1557 3589 1705 3659 leges
1738 3591 1918 3661 regias
1949 3590 2096 3645 edu-

521 3678 656 3742 cati,
684 3687 743 3734 et
778 3679 835 3732 in
877 3679 945 3732 iis
977 3693 1008 3731 a
1044 3680 1251 3734 teneris
1280 3680 1508 3742 versati,
1554 3680 1730 3734 nihilo
1755 3690 1935 3736 tamen
1971 3682 2106 3736 Bar-

524 3769 673 3824 baris
704 3783 829 3839 rege
862 3769 1180 3824 carentibus
1213 3779 1555 3840 praestarent,
1589 3781 1668 3841 get
1690 3772 1961 3843 quidquid
1991 3774 2100 3828 sibi

523 3860 852 3923 obstitisset,
904 3861 1092 3914 statim
1147 3861 1338 3916 turbas
1377 3877 1440 3916 ac
1494 3863 1787 3918 tumultum
1863 3867 2101 3921 cierent.

527 3949 856 4017 l’erpcnditc
903 3951 1075 4014 enim,
1129 3953 1327 4021 inquit,
1358 3968 1469 4022 quo
1500 3969 1647 4008 nunc
1681 3955 1936 4011 amentiae
1963 3971 2096 4026 pro.

525 4041 767 4093 dieritis.
801 4039 1043 4094 Primum
1078 4045 1228 4094 enim
1259 4043 1313 4096 in
1358 4037 1719 4114 ipso‘palatio
1753 4046 2106 4116 imperatori-

533 4131 636 4184 bus
683 4140 876 4199 aperte
942 4134 1308 4202 repugnastis.
1361 4135 1565 4191 Deinde
1616 4152 1742 4191 cum
1797 4139 2107 4206 patriarcha

524 4223 802 4276 cennnuni
839 4225 1085 4278 omnium
1120 4224 1278 4279 Patre
1309 4227 1609 4296 Spirituali,
1648 4237 1706 4291 et
1753 4231 1902 4284 omni
1949 4245 2108 4285 reve-

528 4315 703 4368 rentia
739 4315 1085 4384 dignissimo,
1137 4319 1313 4386 magis
1362 4335 1525 4388 quam
1552 4325 1650 4388 qui
1685 4336 1784 4390 per
1813 4321 2105 4390 corporum

526 4406 975 4475 conjunctioncm
1022 4419 1129 4461 nos
1153 4418 1510 4476 generarunt,
1542 4411 1789 4475 altercati
1818 4413 1967 4466 estis.
1997 4411 2108 4466 Po-

2195 1946 2475 2000 ἀπελθεῖνο
2545 1944 2642 1998 καὶ
2691 1942 2878 2012 Ξμηδὲν
2929 1940 3066 2011 πρὸς
3121 1938 3372 2001 ἐκείνους
3421 1935 3775 2005 διαφέρεσθαι

2198 2039 2317 2103 νῦν,
2348 2038 2422 2100 ώς
2455 2039 2512 2100 ἐς
2544 2038 2646 2105 τὴν
2679 2035 2977 2105 ὑστεραίαν
3009 2033 3124 2102 ἅμα
3150 2031 3300 2102 αύτῷ
3330 2030 3458 2101 περί
3488 2029 3595 2081 τῶν
3625 2027 3779 2098 εἰρη-

2201 2131 2379 2201 μένων
2409 2126 2760 2197 ποιησομένῳ
2783 2125 2962 2192 λόγον’
2994 2121 3322 2194 προέπεμπε
3352 2137 3411 2174 τε
3447 2119 3573 2191 ἄχρι
3603 2118 3776 2171 ἰππου

2199 2220 2521 2292 θεραπεύων
2548 2219 2637 2273 διὰ
2664 2219 2764 2286 τὴν
2779 2217 2917 2288 πρὸς
2945 2215 3106 2271 αὑτὸν
3135 2212 3508 2284 γεγενημένην
3546 2210 3778 2282 μέμψιν,

2199 2315 2356 2368 οὔπω
2381 2299 2650 2384 πρότερον
2680 2312 2841 2365 τοῦτο
2867 2297 3256 2381 εἰργασμένος,
3292 2304 3410 2360 ἀλλ’
3457 2307 3516 2357 ἐν
3544 2306 3651 2366 τοῖς
3683 2303 3781 2372 βα-

2204 2390 2430 2466 σιλείοις
2464 2406 2634 2466 οἴκοις
2665 2402 3116 2470 συνταττόμενος.
3152 2397 3516 2466 ἀναστρέφειν
3548 2394 3778 2457 εἰωθώς.

2201 2499 2294 2561 Εἰς
2326 2495 2577 2568 βασιλίδα
2607 2495 2664 2549 δὲ
2691 2493 2850 2556 αὖθις
2901 2495 2930 2547 δ
2963 2493 3138 2563 μέγας
3182 2489 3503 2559 δομέστικος
3547 2487 3782 2542 ἐπανελ-

2202 2585 2332 2652 θὼν,
2370 2587 2468 2654 τὴν
2503 2584 2688 2638 αἰτίαν
2712 2583 2807 2636 τοῦ
2837 2582 3071 2653 θορύϐου
3099 2581 3344 2650 διηγεῖτο
3365 2595 3380 2612 ⁸
3428 2580 3574 2641 ὅπως
3597 2595 3655 2630 τε
3685 2578 3786 2631 αύ-

2201 2683 2292 2742 τος
2315 2678 2411 2746 τῆς
2429 2676 2664 2747 ἀκαίρου
2692 2674 3032 2744 φιλονεικίας
3060 2672 3420 2744 μεμψάμενος
3443 2669 3780 2740 πατριάρχῃ,

2203 2772 2285 2825 ὅτι
2316 2772 2563 2839 ἀνοήτων
2597 2766 2906 2838 ἀνθρώπιον
2935 2766 3202 2836 προσχοίη
3242 2764 3422 2832 λόγοις
3464 2763 3648 2832 ἔχουσι
3681 2779 3786 2832 μη-
3817 2751 3820 2754 ’

2203 2862 2295 2916 δέν
2328 2861 2503 2929 ὑγιὲς,
2535 2860 2930 2930 παραινέσειεν
2976 2857 3162 2910 οῐκαδε
3211 2855 3536 2925 ἀναχωρεῖν.
3570 2858 3788 2924 Διισχο-

2207 2953 2388 3026 ρίζετό
2419 2970 2478 3006 τε
2523 2953 2615 3005 καὶ
2651 2950 2815 3013 αὐτὸς
2857 2949 3378 3019 ἐπιμαρτυρόμενος
3409 2945 3563 3012 Θεὸν,
3594 2946 3668 3008 ὡς
3693 2946 3786 3000 ob.—

2205 3044 2296 3098 δέν
2323 3044 2429 3098 τῶν
2452 3043 2768 3112 λεγομένων
2799 3041 3096 3110 συνειδείη,
3128 3039 3244 3092 ἀλλ’
3288 3037 3407 3091 ὑπό
3423 3054 3585 3106 τινων
3611 3038 3782 3090 ἀπαι-

2205 3137 2410 3194 δεύτων
2437 3136 2530 3190 ὑπ’
2554 3135 2844 3196 αὐθαδείας
2873 3133 3114 3203 ἀνοήτως
3131 3131 3403 3202 κινηθείη.
3421 3129 3780 3199 Ἐπαινούσης
3806 3161 3820 3172 ο

2204 3227 2264 3284 δέ
2307 3228 2407 3296 τῆς
2461 3226 2736 3296 βασιλίδος
2771 3228 2863 3279 ἐπὶ
2894 3224 2971 3295 τῷ
3016 3225 3104 3278 τδν
3135 3223 3366 3294 θόρυϐον
3410 3219 3782 3284 καταστεῖλαι,

2215 3318 2356 3372 Ἀλλ’
2383 3317 2576 3387 ἐκείνῳ
2609 3319 2734 3388 μέν,
2765 3319 2793 3370 ό
2829 3317 3004 3388 μέγας
3023 3316 3343 3387 δομέστικος
3363 3313 3495 3384 ἔφη,
3527 3312 3782 3367 συνεϐού-

2202 3411 2370 3464 λευσα
2413 3411 2582 3482 μηδὲν
2626 3409 2918 3480 προσθέντι
2965 3409 3078 3471 τοῖς
3136 3409 3456 3478 εἰρημένοις
3499 3404 3778 3458 ἀπελθεῖν

2203 3502 2350 3558 οὕτω
2393 3502 2626 3557 συνιδὼν
2665 3502 2864 3574 ῥᾳδίως
2895 3501 3172 3555 διαλύσειν
3197 3500 3297 3572 τὴν
3317 3500 3650 3572 φιλονεικίαν
3684 3498 3787 3568 μά-

2203 3595 2367 3648 λιστα
2405 3596 2534 3666 περὶ
2568 3594 2704 3664 ἐμοῦ
2743 3594 3141 3664 γεγενημένην.
3182 3593 3274 3647 Σοὶ
3333 3593 3390 3646 δὲ
3436 3593 3512 3664 μὴ
3550 3593 3649 3660 τὴν
3684 3592 3784 3645 αύ-

2205 3687 2427 3741 θάδειαν
2456 3687 2808 3758 ἀτιμώρητον
2842 3684 3098 3757 παραινῶ
3125 3685 3416 3756 περιϊδεῖν,
3447 3685 3583 3738 ἀλλά
3605 3683 3780 3752 λόγοις

2207 3779 2440 3833 κολάσαι
2479 3777 3008 3848 προσκαλεσαμένην
3034 3776 3132 3847 τῆς
3162 3775 3418 3846 γλώσσης
3457 3777 3555 3845 τῆς
3586 3775 3780 3828 ἀκολα-

2207 3872 2328 3932 σίας
2369 3869 2553 3923 ἕνεκα.
2595 3867 2888 3940 Παρῄνεσα
2923 3869 2968 3922 δ’
3006 3868 3074 3922 ἂν
3107 3870 3197 3922 καὶ
3238 3871 3520 3922 ἐπιπλεῖον
3547 3868 3784 3934 ἐνδείξας

2207 3963 2331 4016 σθαι
2369 3963 2469 4032 τὴν
2518 3964 2689 4034 ὀργὴν
2747 3963 2846 4035 τὴν
2898 3962 3035 4033 πρὸς
3086 3960 3322 4028 αὐτοὺς,
3359 3963 3409 4016 εἰ
3470 3965 3546 4034 μὴ
3578 3962 3780 4031 ταχέως

2207 4055 2434 4126 ἔμελλον
2469 4055 2682 4109 ἐνθένδε
2717 4053 3145 4121 ἀπελεύσεσθαι,
3184 4058 3314 4120 τοὺς
3353 4055 3575 4120 πλείους
3608 4055 3782 4108 αὐτῶν

2208 4148 2579 4220 παραλαϐών.
2617 4148 2707 4202 Διδ
2748 4147 2888 4217 μετά
2944 4148 3014 4200 τὸ
3045 4147 3397 4217 καθάψασθαι
3439 4148 3780 4220 ἀρκούντως,

2209 4240 2499 4312 παράσχου
2559 4241 2930 4312 συγγνώμην,
2978 4243 3282 4312 αἰτιωμένη
3329 4245 3429 4313 τῆς
3479 4239 3784 4311 ὁδοιπορίας

2208 4333 2309 4405 τὴν
2332 4334 2600 4403 ἀνάγκην.
2646 4325 2715 4405 ᾯ
2745 4333 3035 4386 πεισθεῖσα
3092 4335 3187 4386 καὶ
3212 4336 3245 4404 ὴ
3281 4333 3497 4402 βασιλὶς
3547 4335 3670 4395 τοὺς
3696 4331 3787 4384 ἀνα

2185 4426 2344 4496 ’δρας
2398 4443 2457 4478 τε
2510 4425 2926 4496 προσεκαλεῖτο,
2980 4426 3077 4480 καὶ
3123 4426 3402 4488 ὠνείδιζεν
3462 4426 3643 4486 αὐτοῖς
3690 4425 3785 4487 τὴν

527 4508 738 4550 stremo
763 4497 931 4552 etiam
965 4513 1064 4568 pro
1094 4512 1289 4567 magno
1319 4497 1623 4553 domestico
1656 4501 1909 4556 videlicet
1938 4502 2099 4557 verba

2211 4515 2606 4580 ἀπαιδευσίαν,
2650 4515 2732 4567 ὅτι
2776 4515 3044 4583 βασιλέων
3095 4515 3531 4586 ἐντεθραμμένοι
3577 4515 3776 4584 νόμοις,

531 4591 778 4654 fecistis;
819 4591 966 4658 quod
1000 4589 1066 4640 ad
1095 4602 1193 4641 \os
1228 4589 1448 4652 attinet,
1487 4591 1750 4646 docentes
1775 4607 1900 4646 eum
1931 4606 2107 4649 vestra

537 4681 788 4751 indigere
823 4697 947 4749 ope,
981 4681 1028 4733 si
1061 4695 1168 4747 qua
1219 4680 1296 4733 illi
1347 4695 1404 4734 re
1449 4697 1478 4736 a
1522 4683 1680 4737 nobis
1709 4699 1846 4754 opus
1873 4688 1962 4741 sit.
1998 4689 2112 4743 Hoc

528 4784 716 4826 autem
767 4772 1232 4826 absurdissimum
1276 4787 1422 4834 esse,
1472 4790 1579 4828 non
1605 4775 1752 4840 aliis,
1812 4780 1904 4833 sed
1955 4780 2110 4835 vobis

532 4862 668 4929 ipsis
703 4860 985 4930 iudicibus
1018 4860 1251 4913 utamini
1283 4861 1433 4918 licet.
1464 4864 1581 4919 Non
1612 4867 1760 4921 enim
1791 4870 1951 4924 modo
1973 4871 2112 4926 dun-

532 4962 702 5010 taxat.
757 4951 978 5020 quando
1013 4952 1080 5005 ad
1133 4966 1260 5006 eum
1311 4966 1525 5009 summa
1556 4972 1740 5010 rerum
1793 4963 2111 5029 procuratio

530 5043 788 5096 devoluta
816 5051 920 5106 est,
955 5043 1050 5098 sed
1079 5053 1138 5100 et
1167 5044 1292 5098 vivo
1317 5047 1645 5116 imperatore
1675 5051 1831 5106 vobis
1854 5054 2111 5108 omnibus

534 5134 626 5187 hic
673 5145 923 5203 praeerat,
957 5135 1010 5188 in
1042 5139 1245 5207 quibus
1274 5139 1662 5209 imperatorem
1702 5146 2098 5215 requirebatis,

533 5235 780 5279 vestrum
809 5237 998 5281 contra
1027 5229 1106 5283 illi
1149 5246 1332 5287 nemo.
1371 5233 1550 5300 Quare
1583 5251 1706 5290 cum
1740 5254 1768 5291 e
1795 5242 2111 5308 prmteritis,

459 5361 470 5370 .
533 5325 731 5398 turne
786 5323 1146 5388 praesentibus
1200 5324 1563 5382 discere.vos
1601 5331 1915 5397 oportebat,
1950 5333 2107 5388 illum

535 5414 718 5460 vestro
775 5411 1084 5477 patrocinio
1135 5429 1246 5469 non
1299 5431 1483 5486 egere.
1517 5417 1635 5471 Non
1678 5420 1827 5473 enim
1860 5431 1964 5485 est,
1999 5438 2108 5477 non

530 5507 637 5559 est,
668 5499 912 5569 inquam,
955 5506 1100 5574 quod
1155 5507 1271 5570 ille,
1309 5508 1355 5562 si
1391 5509 1542 5572 velit,
1577 5526 1687 5564 non
1733 5513 1816 5566 vel
1860 5514 1988 5578 sibi,
2022 5516 2108 5571 vel

533 5588 656 5641 aliis
683 5597 978 5650 curaverit.
1019 5597 1173 5663 Quod
1207 5599 1367 5670 391
1402 5617 1527 5654 cum
1565 5604 1636 5656 ita
1671 5605 1764 5670 sit,
1792 5613 1848 5659 et
1896 5605 2109 5662 fatean-

537 5687 626 5731 tur
660 5696 849 5741 omnes
887 5704 988 5742 nec
1027 5706 1124 5744 vos
1159 5701 1367 5746 temere
1411 5694 1732 5748 tumultuari
1789 5699 2109 5769 turbarique

512 5769 915 5852 x‘conveniebat,
955 5789 1120 5849 atque
1158 5781 1282 5834 ideo
1325 5797 1430 5836 non
1480 5785 1728 5852 gratiam,
1760 5787 1852 5842 sed
1887 5804 2104 5859 pmnam

2212 4608 2304 4658 καὶ
2337 4605 2586 4668 συνόντες
2633 4607 2697 4658 ἐκ
2727 4606 2943 4672 παιδὸς,
2995 4606 3150 4661 οὐδὲν
3193 4609 3419 4677 ἄμεινον
3451 4608 3559 4660 τῶν
3593 4608 3784 4660 ἀϐασι-

2209 4697 2414 4751 λεύτων
2445 4696 2723 4751 διάκεισθε
2768 4696 3086 4768 βαρϐάρων,
3123 4699 3230 4752 πᾶν
3259 4700 3319 4752 τὸ
3353 4700 3785 4770 προσιστάμενον

2211 4790 2340 4859 ύμῖν
2376 4791 2628 4853 ἀτάκτως
2679 4790 3064 4860 θορυϐοῦντες.
3103 4792 3364 4847 Σκοπεῖτε
3417 4793 3524 4863 γὰρ
3553 4794 3631 4854 εἰς
3664 4792 3787 4844 ὅσον

2211 4883 2393 4944 ἀνοίας
2420 4882 2659 4953 ἡλάσατε
2687 4883 2823 4939 νυνί.
2853 4885 3076 4955 Πρῶτον
3133 4887 3233 4956 μὲν
3263 4887 3372 4958 γάρ
3405 4889 3463 4940 ἐν
3502 4885 3788 4956 βασιλείοις

2211 4975 2462 5044 φανερῶς
2507 4975 2791 5029 ἀντείπετε
2843 4976 3150 5046 βασιλεῦσι.
3184 4981 3449 5049 Δεύτερον
3486 4979 3531 5032 δ’
3576 4978 3658 5031 ὃτι
3685 4993 3786 5028 πα-

2211 5067 2451 5137 τριάρχῃ
2485 5065 2805 5139 διηνέχθητε
2835 5072 3004 5138 κοινῷ
3033 5071 3253 5125 πάντων
3279 5071 3394 5146 ὄντι
3428 5071 3596 5142 πατρῖ⁵
3627 5085 3787 5122 πνευ-

2215 5159 2450 5224 ματικῴ,
2489 5159 2584 5210 καὶ
2637 5161 2874 5228 μάλιστα
2925 5161 3129 5230 πολλῆς
3160 5161 3342 5225 αἰδοῦς
3378 5163 3538 5234 ἀξίῳ,
3586 5163 3680 5216 καὶ
3707 5177 3783 5212 τι·

2215 5247 2322 5317 μῆς
2341 5249 2520 5318 πολλῷ
2541 5251 2752 5322 πλέονῆ
2778 5254 2829 5306 οί
2851 5243 3129 5326 σαρκικῶς
3154 5256 3571 5325 γεγεννηκότες.
3599 5252 3789 5324 Τρίτον

2210 5335 2254 5388 δ’
2288 5336 2372 5387 ὅτι
2423 5338 2522 5392 καὶ
2578 5341 2725 5410 ὑπὲρ
2762 5342 3005 5410 μεγάλου
3036 5341 3364 5410 δομεστίκου
3407 5343 3568 5413 δῆθεν
3602 5341 3787 5410 ἐποιή-

2213 5429 2380 5482 σασθε
2410 5433 2535 5505 τοὺς
2570 5432 2784 5500 λόγους,
2815 5434 2877 5486 τό
2904 5451 2968 5504 γε
2999 5436 3078 5498 εἰς
3103 5436 3247 5505 ὑμᾶς
3272 5430 3408 5507 ἦχον
3440 5434 3790 5489 ἀποδεικνύν-

2211 5537 2301 5585 τες
2349 5522 2439 5576 διά
2488 5524 2732 5587 τούτων,
2785 5525 2882 5594 τῆς
2934 5527 3065 5597 παρ’
3120 5529 3274 5598 ὑμῶν
3321 5529 3485 5582 αὑτὸν
3539 5529 3790 5598 δεόμενον

2213 5615 2539 5682 ἐπικουρίας
2573 5618 2653 5679 εἰς
2687 5619 2748 5670 τὸ
2772 5622 2960 5689 τυχεῖν
2993 5621 3044 5672 εί
3076 5639 3222 5684 τινος
3249 5621 3422 5674 δέοιτο
3449 5624 3579 5692 παρ’
3611 5623 3786 5692 ἡμῶν.

2214 5707 2387 5758 Τοῦτο
2411 5709 2454 5759 δ’
2479 5710 2560 5760 ὅτι
2589 5708 2698 5761 τῶν
2718 5712 3110 5779 ἀτοπωτάτων,
3131 5715 3228 5785 οὐχ
3258 5717 3488 5786 ἑτέροις,
3517 5717 3629 5769 ἀλλ’
3663 5717 3790 5780 ὑμῖν

2215 5795 2398 5860 αὐτοῖς
2435 5799 2710 5870 χρήσασθε
2756 5801 3084 5873 διαιτηταῖς·
3119 5806 3179 5856 οὐ
3230 5805 3336 5874 γὰρ
3373 5805 3467 5859 νῦν
3517 5809 3786 5876 pou-ovem
