4054 6414
343 360 448 424 783
1524 362 1850 426 JOANNIS
1880 366 2412 432 CANTACUZENI
3502 372 3604 445 '18!

343 471 445 526 bus
479 471 524 525 si
561 471 693 542 quid
726 472 1036 528 modestum
1067 482 1126 527 et
1160 471 1462 526 humanum
1496 470 1783 540 cogitaret,
1819 471 1905 524 im.

2019 475 2262 543 μέγιστα
2302 477 2678 546 συμσαλέσθαι
2716 477 2856 550 πρὸς
2888 480 2949 534 τὸ
2989 480 3230 550 μεγάλου
3269 481 3600 551 δομεστίκου

343 562 554 630 perium
613 579 836 620 servare
895 564 1230 634 oportebat,
1307 573 1365 618 et
1427 562 1506 616 illi
1565 562 1750 632 potius
1823 563 1905 616 cui

2023 568 2414 637 περιγενέσθαι
2443 569 2538 622 καὶ
2566 570 2871 626 καταλῦσαι
2898 571 3001 642 τὴν
3025 573 3224 644 ἀρχήν·
3255 572 3437 627 πολλοὶ
3467 576 3603 643 πρὸς

345 655 623 725 utrimque
684 665 741 712 et
773 672 837 711 ex
877 657 988 710 lilio
1023 665 1078 711 et
1117 671 1184 709 ex
1224 655 1424 710 marito
1469 655 1786 718 deberetur,
1826 653 1905 707 ille

2021 655 2267 723 βασιλίδα
2312 656 2782 725 ἀφιγμένοι,ὲπεὶ
2839 659 2986 729 ῥᾴων
3025 655 3094 729 ἦν
3138 661 3166 713 δ
3211 659 3464 730 βασιλεὺς
3509 663 3605 713 καὶ

344 763 535 815 parum
588 749 744 820 pensi
799 749 1044 815 habens,
1101 749 1233 818 quid
1309 749 1538 819 aequitas
1593 747 1917 817 utilitasque

341 839 672 910 flagitarent,
708 843 998 913 imperium
1031 843 1347 898 universum
1377 841 1444 896 ad
1475 855 1534 896 se
1557 841 1912 896 attraxisset:

343 930 556 987 Annam
589 936 886 1004 Augustam
917 950 1015 1005 pro
1043 936 1352 990 velamento
1376 949 1488 989 sua!
1514 932 1726 987 fraudis
1746 931 1915 1002 juris-

338 1027 559 1094 jur‘andi
601 1027 846 1082 formula:
884 1027 1235 1090 inseruisset,
1272 1042 1396 1098 quae
1433 1043 1499 1081 ex
1533 1026 1730 1080 tellure
1759 1039 1918 1094 pere-

341 1119 496 1187 grina
556 1121 719 1189 paulo
776 1129 901 1175 ante
951 1120 1235 1175 advenerit
1286 1137 1300 1173 :
1356 1127 1413 1174 et
1458 1134 1664 1190 paucos
1715 1116 1916 1171 habeat

345 1211 639 1276 Romanos,
690 1214 781 1281 qui
839 1227 898 1266 se
953 1213 1216 1282 periculis
1259 1212 1379 1282 ejus
1415 1225 1581 1266 causa
1634 1209 1914 1280 objectare

345 1305 545 1364 volent,
580 1318 645 1356 ac
688 1303 918 1371 proinde
965 1302 1126 1358 facile
1173 1303 1251 1357 illi
1286 1303 1522 1372 imperio
1557 1316 1780 1356 cessura
1816 1301 1910 1356 sit.

341 1395 585 1450 Suadent
619 1396 802 1463 itaque
835 1410 902 1449 ne
942 1395 1256 1457 conniveat,
1291 1393 1388 1448 sed
1431 1393 1688 1446 manibus
1719 1407 1783 1448 ac
1824 1407 1914 1462 pc-

337 1485 502 1536 dibus
525 1484 647 1552 ejus
677 1483 979 1551 potentiam
1014 1483 1347 1537 labefactare
1376 1490 1631 1547 conetur,
1657 1481 1914 1536 docendo

340 1576 727 1645 imperatorem
789 1575 984 1638 filium,
1021 1590 1159 1644 quas
1213 1574 1464 1640 insidias,
1523 1588 1646 1644 qum
1702 1573 1915 1628 scelera

339 1667 605 1721 adversus
670 1665 964 1736 imperium
1027 1667 1147 1735 ipso
1201 1675 1424 1722 mortuo
1463 1667 1607 1736 apud
1669 1666 1915 1720 animum

243 1787 246 1790 ~
339 1759 669 1824 fabricetur,
732 1771 790 1816 ct
833 1761 1110 1830 quomodo
1149 1759 1324 1814 nihilo
1356 1761 1540 1814 minus
1566 1760 1733 1815 etiam
1767 1774 1913 1814 nunc

341 1855 618 1910 Romanos
647 1869 837 1908 omnes
871 1852 939 1908 ad
986 1853 1093 1908 sibi
1133 1854 1626 1923 obtemperandum
1655 1855 1909 1921 illexerit,

343 1955 405 1999 ut
457 1947 528 1999 ita
589 1944 939 2014 imperatoris
974 1945 1418 2010 nomennudum
1450 1955 1504 2000 et
1531 1962 1767 2000 vacuum
1798 1962 1915 2001 mae

340 2047 482 2100 neat,
519 2037 636 2106 ipse
683 2051 849 2105 opere
897 2045 952 2091 et
990 2035 1138 2091 facto
1191 2036 1444 2106 imperet.
1495 2035 1677 2103 Quare
1716 2051 1913 2098 cavere

339 2125 514 2192 illum,
561 2128 945 2196 imperatorem
983 2127 1227 2197 inquam,
1264 2135 1543 2196 oportere,
1598 2141 1668 2182 ne
1709 2127 1823 2181 haec
1857 2127 1910 2181 itt

338 2221 474 2274 mala
510 2219 935 2275 immedicabilia
969 2220 1244 2285 desinant,
1275 2229 1332 2274 et
1359 2220 1589 2289 Spiritus
1615 2219 1752 2274 istos
1779 2227 1909 2274 ante

336 2313 720 2379 comprimere,
751 2319 1073 2388 tantumque
1104 2310 1306 2364 fastum
1331 2310 1587 2364 edomare
1637 2323 1702 2364 ac
1730 2308 1913 2378 despi-

338 2404 574 2457 cabilem
629 2401 883 2457 reddere.
940 2401 1083 2470 Ergo
1113 2401 1187 2455 ita
1222 2400 1444 2455 fervens
1476 2401 1821 2469 imperatrix,
1852 2409 1910 2454 et

335 2510 460 2548 eum
493 2509 591 2563 per
620 2510 678 2548 se
721 2494 790 2547 ad
824 2492 1201 2547 ulciscendum
1246 2507 1506 2562 magnum
1532 2491 1900 2547 domesticum

336 2588 379 2639 si
417 2596 616 2654 posset,
664 2586 912 2648 incitata,
960 2593 1075 2639 tum
1135 2583 1203 2637 ab
1259 2584 1370 2636 illis
1410 2583 1649 2650 amplius
1699 2582 1912 2636 inﬂam-

338 2687 506 2741 mata,
550 2691 714 2746 quam
748 2675 985 2740 primum
1031 2675 1230 2745 potuit,
1262 2675 1375 2729 filio
1409 2675 1746 2744 imperatore
1779 2685 1912 2729 eou-

337 2781 523 2832 vento,
591 2784 845 2838 magnum
898 2767 1258 2823 domesticum
1307 2777 1367 2821 ut
1426 2767 1684 2821 aemulum
1761 2768 1909 2839 regni

337 2869 583 2923 accusat,
615 2869 670 2914 et
715 2859 784 2914 ab
818 2858 1063 2922 homine,
1113 2858 1210 2927 qui
1245 2857 1542 2914 amicitiam
1581 2862 1904 2922 mentiatur,

337 2953 798 3022 occasionemque
844 2961 1037 3005 nactus
1083 2949 1320 3006 nefanda
1360 2959 1781 3020 perpetraturus
1815 2952 1904 3016 sit,

335 3046 636 3100 cavendum
699 3053 907 3099 monet.
955 3043 1258 3113 Imperator
1311 3042 1500 3097 multis
1547 3042 1731 3097 verbis
1777 3057 1906 3096 eum

2016 741 2340 811 ἀπήλλακτο
2372 743 2474 810 τῆς
2511 743 2666 798 νόσου
2707 745 3040 812 ἀγανακτεῖν
3074 745 3215 817 ὑπὲρ
3237 747 3408 817 αὐτῆς
3435 761 3598 818 προσο

2016 831 2296 886 επιοῦντο
2328 871 2344 897 ,
2404 834 2500 886 καὶ
2533 833 2736 904 πολλὴν
2771 835 3172 906 ἀγνωμοσύνην
3225 835 3320 890 τού
3363 837 3602 906 μεγάλου

2015 921 2338 990 δομεστίκου
2372 922 2799 990 κατεγίνωσκον,
2830 925 2912 977 ὅτι
2945 925 3214 995 βαςιλέως
3239 925 3599 990 τελευτῶντος

2015 1011 2095 1065 ὅτ’
2117 1012 2304 1078 αὐτὸν,
2334 1015 2382 1066 εί
2412 1013 2612 1084 μέτρια
2637 1013 2909 1079 διενοεῖτο,
2929 1019 3046 1080 ταῖς
3076 1015 3345 1086 βασιλίσιν
3364 1018 3602 1088 ἀμφοτέ-

2018 1121 2140 1175 ραις
2163 1104 2268 1157 έδει
2284 1105 2382 1174 τὴν
2403 1107 2580 1178 ἀρχὴν
2604 1107 3014 1176 συνδιασώζειν,
3036 1109 3130 1164 καὶ
3155 1110 3396 1180 μάλιστα
3416 1110 3603 1181 ἐκείνῃ

2016 1199 2099 1251 ὅτι
2129 1198 2524 1268 ἀμφοτέρωθεν
2557 1198 2621 1253 ἐκ
2653 1215 2710 1251 τε
2743 1199 2934 1262 παιδὸς
2964 1202 3058 1255 καὶ
3084 1199 3182 1254 τοῦ
3216 1202 3470 1254 συνοίκου
3499 1201 3599 1272 βα-

2017 1287 2209 1350 σιλέως
2249 1291 2283 1358 ή
2320 1287 2609 1358 Ῥωμαίων
2678 1282 2924 1362 προσῆκε
2974 1291 3256 1361 βασιλείαο
3291 1296 3318 1346 ὁ
3355 1293 3400 1346 δ’
3425 1295 3602 1363 ὀλίγον

2017 1381 2111 1433 καὶ
2159 1381 2252 1434 τού
2304 1381 2521 1435 δικαίου
2573 1383 2668 1437 καὶ¹
2713 1383 2807 1437 τοῦ
2860 1385 3234 1456 προσήκοντος
3282 1386 3598 1456 φροντίσας,

2017 1475 2198 1528 πᾶσαν
2228 1475 2325 1545 τὴν
2357 1477 2534 1547 ἀρχὴν
2567 1479 2911 1548 περιήγαγεν
2942 1481 3024 1542 είς
3060 1480 3257 1534 ἑαυτὸν
3277 1521 3292 1547 ,
3324 1481 3518 1551 ὥσπερ
3546 1499 3600 1535 τι

2015 1566 2431 1636 παραπέτασμα
2464 1568 2565 1638 τῆς
2601 1570 2946 1639 κακουργίας
2973 1572 3176 1626 ’Ἅνναν
3212 1576 3314 1643 τὴν
3349 1575 3598 1645 βασιλίδα

2017 1658 2282 1726 προσθεὶς
2311 1662 2426 1722 τοῖς
2455 1661 2672 1732 ὅρκοις,
2707 1665 2740 1734 ή
2774 1666 2832 1730 ἐξ
2861 1664 3176 1734 ἀλλοδαπῆς
3204 1666 3379 1738 ὀλίγῳ
3405 1666 3591 1740 mea.

2021 1763 2112 1817 ρον
2160 1749 2463 1821 ἀφιγμένη,
2498 1753 2594 1806 καὶ
2643 1752 2858 1822 ὀλίγους
2907 1755 3108 1826 ἔχουσα
3144 1757 3431 1828 Ῥωμαίων
3472 1760 3599 1825 τοὺς

1947 1814 1991 1869 Β
2021 1814 2162 1910 ύπὲρ
2203 1814 2378 1911 seei;
2424 1814 2860 1916 βουλησομένους
2901 1814 3352 1916 δίακινδυνεύειν,
3400 1814 3598 1926 ῥᾳδίως

2021 1932 2248 2000 ἔμελλεν
2280 1933 2430 2004 αὐτῷ
2476 1941 2910 2010 παραχωρήσειν
2942 1945 3042 2012 τῆς
3087 1944 3283 2014 ἀρχῆς.
3326 1945 3599 1999 Συνεδού-

2019 2024 2174 2078 λευόν
2198 2043 2258 2079 τε
2288 2028 2365 2099 μὴ
2389 2030 2610 2082 τοιαῦτα
2632 2033 2896 2101 γινόμενα
2919 2048 2985 2086 πε
2995 2037 3202 2106 ριορᾷν,
3229 2036 3364 2091 ἀλλά
3389 2041 3593 2110 σπουδῇ

2015 2119 2186 2205 πολλῇ
2215 2120 2309 2173 καὶ
2339 2123 2622 2192 προθυμίᾳ
2647 2124 2748 2190 τὴν
2774 2125 2990 2178 ἐκείνου
3019 2127 3312 2182 καταλύειν
3335 2130 3596 2202 δύναμιν,

2014 2209 2377 2265 διδάσκουσαν
2427 2212 2658 2281 βασιλέα
2704 2216 2795 2269 τὸν
2846 2218 2982 2282 υίδν,
3030 2217 3106 2281 ὡς
3151 2220 3450 2286 ἐπιϐούλως
3501 2229 3595 2279 καὶ

2015 2305 2341 2372 κακούργως
2383 2303 2694 2378 διανοηθείη
2736 2309 2867 2378 περὶ
2902 2311 3002 2380 τῆς
3041 2311 3220 2382 ἀρχῆς
3262 2314 3474 2369 ἐκείνου
3507 2333 3597 2372 τε·

2015 2395 2316 2460 λευτῶντος
2343 2413 2358 2428 ο
2411 2399 2506 2451 καὶ
2559 2399 2654 2452 νῦν
2703 2400 2857 2454 οὐδὲν
2905 2399 3071 2473 ἦττον
3125 2405 3334 2470 πάντας
3384 2409 3591 2462 πείσειε

2027 2489 2339 2558 Ῥωμαίους
2369 2489 2521 2558 αὐτῷ
2553 2491 2866 2562 προσέχειν,
2895 2493 2972 2558 ὡς
3008 2495 3352 2564 συμϐαίνειν,
3384 2497 3597 2568 βασιλεῖ

2018 2580 2116 2648 μὲν
2155 2580 2527 2649 προσηγορίαν
2566 2581 2736 2650 μόνην
2773 2577 2914 2636 εἶναι
2959 2585 3311 2656 πραγμάτων
3345 2587 3588 2659 ἔρημον,

2015 2667 2166 2739 ἔργῳ
2196 2669 2253 2723 δὲ
2285 2672 2496 2724 ἐκεῖνον
2524 2670 2863 2740 βασιλεύειν.
2886 2675 2954 2727 ’Δ
2981 2677 3145 2730 αὑτὸν
3176 2681 3399 2734 σκοπεῖν
3428 2696 3595 2751 προσ-

2015 2763 2139 2832 ήκει
2181 2762 2254 2832 μὴ
2297 2763 2377 2826 είς
2417 2765 2697 2834 ἀνήκεστα
2735 2767 2871 2838 ἐκδῇ
2897 2785 2908 2798 ·
2946 2768 3084 2823 ἀλλὰ
3117 2769 3216 2839 τὴν
3251 2772 3428 2844 ὁρμὴν
3462 2789 3593 2844 προ-

2013 2857 2366 2911 αναστέλλειν
2407 2859 2783 2932 καθαιροῦντα
2822 2863 2914 2916 τὸν
2953 2863 3117 2931 ὄγκον
3155 2865 3246 2920 τὸν
3287 2868 3457 2922 πολὺν
3496 2869 3593 2924 καὶ

2012 2948 2500 3022 εὐκαταφρόνητον
2530 2951 2808 3008 ποιοῦντα.
2844 2953 2909 3007 Ἠ
2946 2955 3045 3025 μὲν
3075 2953 3172 3010 οὖν
3203 2958 3417 3028 βασιλὶς
3447 2961 3590 3014 elato.

2013 3040 2105 3094 θέν
2136 3059 2197 3094 τε
2241 3042 2332 3095 ὑπ’
2361 3043 2535 3113 ὀργῆς
2578 3047 2716 3114 πρὸς
2749 3045 2813 3098 τὸ
2857 3046 3170 3116 ἀμύνασθαι
3205 3052 3298 3103 τὸν
3333 3052 3507 3120 μέγαν
3542 3054 3590 3104 εί

335 3135 480 3205 apud
536 3143 767 3188 matrem
806 3142 1011 3196 tuetur,
1060 3132 1492 3188 calumniatores
1521 3141 1576 3186 et
1608 3132 1905 3189 mendaces

2012 3131 2232 3190 δύναιτο
2260 3135 2582 3205 δομέστικον
2609 3135 2940 3208 ὡρμημένη,
2973 3141 3068 3193 καὶ
3097 3139 3191 3193 ὑπ’
3213 3143 3442 3198 ἐκείνων
3470 3143 3588 3196 επι-

334 3231 678 3297 prottnntiat,
712 3227 806 3297 qui
841 3227 1008 3296 hujus
1051 3226 1304 3280 criminis
1352 3241 1507 3280 reum
1552 3224 1778 3290 faciant,
1822 3226 1902 3280 fa-

333 3319 544 3389 ctisque
583 3318 715 3387 ipsis
754 3314 1162 3384 quodammodo
1197 3314 1431 3383 probare
1465 3314 1658 3368 volens
1694 3329 1752 3368 se
1801 3315 1905 3369 ista
1946 3347 1958 3365 .

335 3427 434 3482 pro
489 3409 688 3464 fabulis
739 3409 982 3470 ducere,
1025 3422 1282 3476 magnum
1331 3406 1695 3460 domesticum
1758 3421 1908 3460 com-

335 3500 516 3568 plecti,
570 3495 899 3567 prepensius
943 3495 996 3549 ei
1031 3493 1236 3560 favere,
1271 3504 1328 3549 et
1377 3495 1703 3549 familiarius
1747 3495 1906 3548 adhi-

334 3595 464 3647 ltere
493 3592 644 3644 visus
675 3599 760 3644 est
788 3605 803 3640 :
839 3601 960 3658 qua:
1003 3602 1091 3641 res
1138 3587 1297 3641 matri
1335 3602 1629 3642 maerorem
1656 3587 1906 3641 cumula-

334 3687 431 3738 vit.
459 3683 838 3755 Sycophantas
883 3681 1066 3750 itaque
1111 3679 1179 3734 ad
1217 3679 1365 3735 hunc
1409 3681 1632 3735 modum
1667 3683 1904 3735 removit

334 3780 657 3845 imperator,
679 3774 1094 3843 domesticoque
1145 3775 1424 3838 omnibus,
1475 3790 1641 3844 super
1701 3777 1903 3845 quibus

336 3877 510 3922 mater
545 3866 611 3930 ad
645 3883 701 3920 se
739 3874 964 3920 venerat
1019 3866 1292 3931 indicatis,
1343 3882 1647 3936 purpuram
1707 3869 1899 3922 saltetn

330 3969 557 4030 propter
601 3956 746 4027 vulgi
802 3957 1119 4026 opinionem
1173 3957 1439 4012 suadebat
1481 3973 1787 4024 assumere,
1833 3976 1900 4014 ne

333 4069 513 4107 verum
557 4067 677 4105 esse
717 4050 1086 4121 suspicionem
1129 4049 1468 4112 ostenderet,
1495 4051 1658 4122 395
1694 4054 1900 4122 ipsum-

329 4164 433 4214 que
497 4144 684 4198 multis
762 4141 1027 4196 molestiis
1076 4141 1303 4198 levaret.
1376 4142 1724 4198 Domesticos
1787 4155 1896 4199 tam

327 4238 516 4290 antica:
546 4246 600 4288 et
637 4233 883 4290 candidae
933 4246 1060 4301 erga
1107 4246 1165 4285 se
1214 4231 1479 4287 voluntati
1515 4234 1706 4302 gratiis
1736 4236 1894 4296 actis.

330 4331 574 4385 habitum
603 4345 762 4383 suum
793 4343 916 4382 cum
974 4325 1334 4396 imperatorio
1365 4334 1590 4393 propter
1619 4328 1898 4382 obtrecta-

328 4434 506 4475 torum
531 4418 753 4474 voculas
781 4417 1079 4488 przesertim
1110 4427 1449 4472 commutare
1482 4431 1594 4474 non
1631 4418 1772 4481 vult,
1835 4433 1894 4472 re

2015 3227 2175 3280 πλέον
2197 3228 2520 3296 ὲξαφθείσα,
2542 3228 2620 3292 ὡς
2641 3227 2753 3300 εἶχε
2777 3231 2994 3300 τάχους,
3021 3232 3156 3302 πρὸς
3182 3233 3409 3304 βασιλέα
3431 3252 3587 3302 γενο-

2011 3319 2148 3388 μένη
2173 3319 2265 3372 τὸν
2291 3319 2428 3385 υίον,
2455 3319 2755 3389 κατηγόρει
2777 3319 2871 3373 τοῦ
2901 3322 3139 3391 μεγάλου
3165 3323 3486 3394 δομεστίκου
3512 3326 3588 3388 ὡς

2012 3409 2397 3478 βασιλειῶντος
2417 3451 2432 3475 ,
2465 3412 2561 3466 καὶ
2592 3411 2950 3489 συνεϐούλευε
2985 3415 3351 3483 φυλάττεσθαι
3377 3422 3469 3471 τὸν
3497 3417 3589 3472 ἀν-

2007 3498 2108 3567 δρα
2142 3497 2218 3560 ὡς
2247 3499 2346 3568 τὴν
2376 3497 2592 3554 εὔνοιαν
2622 3501 3082 3573 ὑποκρινόμενον,
3129 3505 3588 3577 ἀγνωμονήσοντα

2007 3590 2065 3643 δὲ
2102 3591 2169 3660 ἢν
2203 3590 2436 3662 λάδηται
2477 3593 2695 3662 καιροῦ.
2731 3594 2999 3660 Βασιλεὺς
3037 3597 3096 3650 δὲ
3132 3600 3268 3668 πρὸς
3305 3601 3404 3669 μὲν
3436 3601 3586 3672 βασιο

2007 3681 2127 3733 λίδα
2166 3683 2264 3751 τὴν
2311 3682 2528 3752 μητέρα
2573 3683 2741 3738 πολὺν
2787 3685 2927 3756 ὑπὲρ
2975 3688 3213 3756 μεγάλου
3258 3690 3582 3758 δομεστίκου

2007 3776 2304 3843 ἐποιήσατο
2337 3773 2428 3827 τὸν
2463 3775 2654 3842 λόγον,
2692 3779 3040 3846 συκοφάντας
3082 3782 3178 3834 καὶ
3215 3781 3582 3852 ψευδομένους

2006 3863 2325 3931 ἀποφαίνων
2355 3864 2482 3926 τοὺς
2515 3865 2584 3916 τὰ
2612 3867 2838 3919 τοιαῦτα
2873 3872 3326 3940 κατηγορηκότας
3349 3888 3363 3903 ·
3396 3874 3581 3944 ὥσπερ

2005 3949 2063 4002 δὲ
2090 3951 2185 4003 καὶ
2211 3949 2392 4020 ἔργοις
2418 3950 2622 4006 ὲθὲλων
2647 3954 2950 4025 κατάδηλον
2976 3959 3151 4010 ποιεῖν
3177 3958 3260 4011 ὅτι
3288 3959 3581 4030 πλάσματα

2003 4045 2193 4114 ήγοῖτο
2222 4045 2292 4096 τὰ
2325 4045 2573 4111 το.αὖτα,
2608 4047 2813 4117 μᾶλλον
2848 4049 2880 4120 ἢ
2917 4038 3186 4123 πρότερον
3219 4054 3455 4127 εὐμενὴς
3486 4058 3580 4112 καὶ

2004 4134 2232 4188 πλείονα
2255 4137 2512 4209 παρέχων
2533 4138 2633 4210 τὴν
2658 4141 2855 4210 ῥοπὴν,
2882 4143 2978 4196 καὶ
3000 4143 3391 4216 ἀκριϐέστερον
3413 4164 3604 4217 προσ-.

2002 4227 2142 4296 έχων
2184 4229 2366 4300 ὡρᾶτο
2407 4229 2484 4300 τῷ
2529 4231 2752 4303 μεγάλῳ
2793 4232 3121 4305 δομεστίκῳ,
3167 4235 3196 4288 δ
3239 4238 3334 4290 καὶ
3377 4236 3577 4308 μᾶλλον

2005 4321 2257 4392 βασιλίδα
2288 4327 2390 4395 τὴν
2426 4327 2642 4397 μητέρα
2675 4328 3093 4400 παρεσκεύαζεν
3123 4331 3402 4388 ἀνιᾶσθαι.
3437 4332 3575 4398 Τοὺς

2005 4416 2106 4484 μὲν
2133 4411 2223 4471 οὖν
2251 4417 2597 4488 συκοφάντας
2625 4417 2799 4483 οὕτως
2827 4421 3208 4476 ἀπεσκεύαστο
3233 4425 3261 4476 ὀ
3286 4423 3537 4494 βασιλεύς
3557 4441 3574 4456 ·

326 4519 440 4585 ipsa
463 4530 584 4569 esse
609 4512 1032 4567 calumniatores
1061 4510 1238 4578 palam
1267 4511 1588 4576 ostendens,
1622 4521 1680 4567 et
1707 4523 1899 4580 ptenas

2008 4505 2196 4577 ἐκείνῳ
2227 4506 2273 4559 δ’
2300 4507 2520 4562 ἅπαντα
2557 4507 2688 4579 περὶ
2721 4505 2798 4563 ὦν
2831 4512 2866 4581 ή
2893 4511 3115 4582 βασιλὶς
3148 4514 3271 4583 ἥκει
3305 4515 3572 4582 ἐξειπὼν,

325 4611 393 4662 de
441 4623 631 4662 eorum
678 4605 1028 4674 improbitate
1064 4619 1306 4659 sumens.
1363 4604 1431 4660 Se
1462 4620 1680 4674 quoque.
1720 4603 1901 4672 prius-

324 4714 485 4767 quam
513 4697 723 4750 veniret
758 4695 1095 4764 imperatrix,
1128 4709 1291 4764 quam
1320 4695 1390 4749 ob
1417 4709 1637 4749 causam
1668 4705 1897 4751 ventura

325 4802 472 4844 esset
501 4788 842 4853 cognovisse.
885 4785 1118 4851 Quidam
1152 4788 1298 4840 enim
1349 4786 1532 4840 eidem
1570 4801 1599 4839 a
1642 4787 1896 4852 secretis,

325 4895 586 4952 magnum
627 4879 994 4934 domesticum
1046 4878 1113 4934 de
1158 4879 1309 4933 aditu
1340 4880 1482 4950 ejus,
1516 4887 1572 4932 et
1605 4877 1673 4932 de
1707 4893 1894 4943 causa,

325 4978 502 5044 deque
540 4973 926 5027 inventoribus
957 4982 1013 5027 et
1059 4971 1379 5026 architectis
1407 4970 1576 5040 hujus
1605 4969 1717 5024 doli
1751 4985 1896 5039 pra:-

326 5071 674 5125 monuerant,
707 5062 1108 5132 consiliumque
1129 5061 1414 5124 dederant,
1438 5068 1497 5112 ut
1513 5075 1735 5115 accessu
1756 5076 1894 5130 pra:-

323 5161 610 5222 occupato,
626 5153 771 5207 illam
791 5169 917 5207 cunt
939 5154 1271 5222 imperatore
1290 5151 1684 5216 committeret,
1725 5153 1893 5207 lictis-

326 5264 434 5318 que
455 5249 805 5301 sermonibus
829 5262 954 5300 eum
977 5253 1302 5308 exterreret,
1346 5244 1499 5312 quod
1525 5245 1612 5299 illa
1640 5245 1772 5299 nihil
1797 5261 1895 5300 eo-

324 5354 443 5392 rum
466 5355 586 5409 quze
599 5348 863 5394 statuerat
884 5337 1148 5406 perﬁcere
1167 5337 1574 5406 posset.Verum
1593 5339 1754 5392 hosce
1771 5353 1896 5392 con-

325 5428 566 5482 siliarios
590 5428 761 5481 iratus
782 5427 1008 5490 dimisit,
1030 5437 1089 5479 ut
1107 5426 1199 5494 qui
1218 5426 1319 5480 sub
1342 5428 1643 5482 amicorum
1661 5443 1892 5497 persona

324 5519 580 5574 hostilem
657 5525 908 5586 tegerent
961 5516 1248 5570 animum:
1283 5532 1392 5571 non
1451 5518 1597 5572 enim
1659 5520 1782 5573 talia
1834 5534 1893 5574 se

323 5610 546 5674 decere,
575 5608 671 5663 sed
707 5623 932 5678 prorsus
960 5609 1255 5673 contraria,
1275 5617 1333 5664 ut
1373 5611 1417 5665 si
1453 5611 1597 5680 quod
1617 5623 1760 5666 esset
1787 5613 1891 5664 im-

323 5700 566 5768 peratori
601 5715 726 5753 cum
760 5711 932 5753 matre
953 5699 1273 5764 dissidium,
1317 5701 1382 5755 ad
1427 5703 1889 5758 reconciliandam

279 5772 285 5780 ’
323 5791 552 5856 gratiam
588 5789 812 5855 faceret,
846 5791 1243 5860 molireturque
1267 5792 1473 5859 omnia,
1504 5795 1652 5861 quod
1678 5792 1880 5847 sitveri

2002 4593 2161 4658 αὖθις
2197 4594 2487 4666 βασιλικὴν
2520 4596 2728 4666 ἐσθῆτα
2759 4600 2806 4650 εί
2842 4601 2918 4671 μή
2951 4618 3046 4653 του
3079 4602 3274 4668 ἄλλου,
3310 4605 3408 4674 τῆς
3447 4605 3572 4674 γοῦν

2000 4685 2109 4737 τῶν
2148 4687 2360 4742 πολλῶν
2400 4687 2558 4758 δόξης
2601 4688 2765 4744 ἕνεκα
2811 4691 3203 4747 συνεϐούλευεν
3239 4695 3530 4750 ἀναλαϐεῖν
3553 4736 3570 4762 ,

2003 4775 2070 4831 εν
2100 4777 2344 4841 ἐκείνους
2380 4795 2440 4832 τε
2478 4779 2738 4852 ἀποδείξῃ
2780 4781 3187 4848 ύποπτεύοντας
3228 4785 3436 4856 ἀληθῆ,
3479 4787 3571 4839 καὶ

1999 4869 2160 4921 αὑτὸν
2213 4869 2425 4921 πολλῶν
2483 4872 2825 4940 πραγμάτων
2876 4873 3181 4947 ἀπαλλάξῃ.
3227 4874 3462 4939 Ἐκεῖνος
3514 4877 3569 4929 δὲ

2001 4959 2208 5031 βασιλεί
2242 4961 2340 5042 μὲν
2369 4962 2568 5024 πολλὰς
2601 4962 2696 5032 τῆς
2729 4967 2809 5027 είς
2840 4965 3001 5018 αὐτὸν
3029 4967 3313 5036 εὐμενείας
3346 4968 3568 5041 χάριτας

1997 5055 2266 5124 ὡμολόγει
2305 5055 2398 5108 καὶ
2429 5057 2528 5126 τῆς
2563 5058 2968 5128 καλοκάγαθίας
2989 5077 3001 5091 ·
3035 5060 3096 5113 τὸ
3127 5060 3172 5114 δ’
3194 5063 3268 5114 εἰς
3308 5063 3566 5132 βασιλέως

2000 5147 2186 5218 σχῆμα
2218 5149 2592 5219 μεταμείϐειν,
2621 5151 2682 5202 ού
2710 5151 2913 5219 μᾶλλον
2938 5151 3140 5221 ἐτέρων
3161 5153 3375 5226 αἰτιῶν,
3405 5155 3436 5223 ἢ
3461 5155 3566 5208 τῶν

2000 5242 2348 5308 συκοφαντῶν
2375 5243 2535 5296 ἕνεκα
2561 5243 2663 5296 οὐκ
2692 5243 2986 5312 ἐθελήσειν,
3017 5244 3082 5296 ἵν’
3103 5245 3250 5313 αὐτῷ
3274 5245 3449 5317 τούτῳ
3473 5247 3566 5317 τῆς

1997 5333 2334 5400 κακουργίας
2359 5331 2614 5405 λαμϐάνῃ
2635 5333 2792 5396 δίκας
2822 5333 2950 5402 παρ’
2971 5334 3150 5387 αὐτῶν
3175 5335 3359 5404 ἔργοις
3385 5339 3564 5400 αὐτοῖς

1999 5423 2336 5492 συκοφάντας
2372 5424 2710 5490 ἀποφαίνων.
2741 5422 2913 5483 Αὐτὸς
2945 5423 3002 5477 δὲ
3034 5425 3129 5478 καὶ
3161 5428 3292 5494 πρὶν
3321 5425 3561 5494 βασιλίδα

1997 5515 2153 5586 ήκειν
2192 5517 2321 5584 περὶ
2361 5508 2436 5569 ὧν
2475 5514 2728 5583 ἀφίξεται
2771 5515 3008 5583 ἔφασκεν
3049 5515 3265 5572 είδέναι.
3311 5520 3421 5572 Καὶ
3457 5520 3562 5589 γὰρ

1993 5610 2102 5661 τῶν
2145 5610 2210 5661 τὰ
2255 5609 2544 5680 ἀπόρρητα
2586 5609 2904 5662 συνειδότων
2943 5611 3084 5680 αὐτῇ
3121 5627 3266 5672 τινες
3310 5613 3564 5683 πρότεροι

1995 5701 2242 5763 ἐλθόντες
2276 5701 2375 5769 τήν
2411 5717 2469 5752 τε
2507 5699 2692 5769 ἄφιξιν
2725 5701 2896 5770 αὐτῆς
2935 5704 3062 5773 περὶ
3096 5698 3172 5756 ὧν
3205 5705 3412 5770 γένοιτο
3446 5705 3562 5758 νυνὶ

1996 5793 2210 5861 ἔνδηλον
2259 5795 2476 5846 ἐποίουν
2524 5793 2601 5864 τῷ
2653 5796 2873 5865 μεγαλῳ
2922 5801 3245 5870 δομεστίκῳ,
3299 5803 3387 5855 καὶ
3431 5803 3556 5864 τοὺς
