4054 6436
429 431 540 498 785
1602 432 2154 499 HISTORIABU‘M
2197 435 2425 496 LIBER
2469 435 2581 500 III.
2783 496 2786 498 ν
3596 434 3701 501 786

425 537 906 603 συνεσκευακότας
955 537 1057 608 τὴν
1107 537 1404 609 ἐπιϐουλήν
1432 553 1446 569 ο
1508 541 1896 595 συνεϐούλευόν
1945 561 2006 597 τε

2129 546 2320 599 umoris
2356 543 2646 599 indicium.
2698 542 2856 618 Quod
2915 552 3100 598 autem
3130 542 3206 598 illi
3235 541 3533 600 suaderent
3559 586 3574 610 ,
3602 546 3706 601 ho-

417 633 562 706 πρὸς
589 632 820 704 βασιλέα
853 631 1184 702 συγκρούειν
1213 633 1430 703 ικείνην
1459 633 1551 686 τὸν
1581 635 1697 687 υίὺν
1728 634 2014 704 φθάσαντα

2129 635 2287 690 minis
2352 651 2478 691 esse
2546 635 2916 697 inimicissimi
2980 635 3344 706 moribusque
3437 638 3702 707 perditis»

422 728 522 798 τὴν
553 725 778 795 ἔφοδον,
817 724 912 778 καὶ
951 724 1134 793 λόγοις
1173 724 1580 794 πεπλασμένοις
1613 724 1711 794 τὴν
1746 724 2016 795 βασιλέως

2129 729 2276 794 simi,
2333 738 2390 784 et
2429 728 2630 786 nullius
2682 728 2875 799 frugis.
2933 729 3003 782 Se
3074 743 3183 782 non
3248 731 3551 798 potentiam
3606 732 3708 784 im-

427 817 783 887 ὲκταράττειν
814 814 992 886 ψυχὴν
1018 855 1034 881 ,
1070 813 1141 869 ἶν’
1165 815 1350 886 ἐκείνη
1396 814 1564 886 μηδὲν
1599 816 1785 869 ἀνύειν
1899 817 2009 870 τῶν

2129 821 2385 889 peratoris
2458 830 2803 880 reverentem
2869 821 3111 878 amicum
3181 820 3389 890 ﬁngere
3429 863 3443 886 ,
3507 822 3604 876 sed
3673 838 3703 876 a

431 909 870 981 βεϐουλευμένων
893 909 1114 980 δυνατή.
1131 909 1191 963 Ὀ
1213 908 1258 962 δ’
1279 908 1644 978 ἀπεπέμψατο
1664 910 1800 981 πρὸς
1821 909 2011 982 ὀργῆν,

2129 915 2291 982 prima
2334 923 2493 970 aetate
2540 929 2715 984 usque
2758 915 2818 968 in
2881 914 3022 968 hanc
3087 912 3232 967 diem
3291 928 3487 967 verum
3560 927 3698 969 con,-

424 1002 501 1063 ὡς
525 1002 674 1054 οὐδὲν
699 1002 923 1070 ἄμεινον
946 1000 1220 1070 πολεμίων
1244 1001 1382 1069 πρὸς
1405 1000 1569 1054 αὐτὸν
1589 999 1998 1069 διακειμένους,

2129 1015 2463 1076 stantemque
2509 1007 2746 1060 amicum
2799 1020 2920 1060 esse
2966 1004 3338 1070 deliberasse,
3393 1002 3698 1072 divinoquc

429 1094 522 1145 καὶ
549 1094 722 1146 ταῦτα
747 1092 918 1162 φίλων
943 1093 1365 1165 περικειμένους
1393 1094 1736 1164 προσωπεῖον
1761 1109 1775 1124 ο
1803 1093 1866 1147 οὐ
1893 1093 2004 1164 γὰρ

2129 1096 2385 1154 ueneﬁcio
2429 1112 2646 1166 semper
2697 1097 2838 1152 fore.
2891 1097 3105 1152 Insidiae
3159 1096 3326 1167 igitur
3361 1103 3556 1151 contra
3603 1096 3703 1149 do-

423 1184 576 1256 αὐτῷ
608 1189 909 1259 προσήκειν
944 1186 1011 1240 τὰ
1043 1185 1272 1240 τοιαῦτα
1293 1225 1308 1250 ,
1343 1185 1479 1240 ἀλλὰ
1514 1185 1830 1239 τούναντίον
1861 1187 2004 1252 πᾶν,

2129 1185 2411 1240 mesticum
2451 1185 2531 1240 sic
2561 1184 2861 1256 proﬂigata:
2889 1193 3038 1240 sunt.

428 1276 480 1328 εί
503 1294 583 1338 τις
615 1276 748 1345 πρὸς
775 1278 988 1348 μητέρα
1017 1275 1229 1346 βασιλεῖ
1264 1275 1547 1330 συνέϐαινε
1581 1275 1820 1346 διαφορά
1858 1277 2042 1330 πάντα
2088 1277 2276 1330 πονεῖν
2326 1277 2424 1330 καὶ
2456 1276 2986 1346 πραγματεύεσθαι,
3039 1278 3101 1342 se
3138 1274 3212 1334 ὢν
3244 1278 3313 1334 ἂν
3361 1279 3706 1334 διαλλάττειν

427 1359 496 1435 ἦν
517 1385 530 1399 ·
559 1368 716 1421 τοῦτο
744 1368 852 1438 γάρ
881 1367 1168 1438 γνώρισμα
1195 1370 1378 1437 φιλίας
1420 1365 1676 1440 ἀληθοῦς.
1699 1371 1768 1423 Ἀ
1795 1369 1852 1423 δὲ
1883 1372 2087 1424 ἐκεῖνοι
2142 1369 2609 1440 συμϐουλεύουσιν
2628 1408 2644 1434 ,
2717 1370 3044 1442 ἐχθροτάτου
3065 1411 3080 1436 ,
3117 1373 3213 1425 καὶ
3266 1373 3394 1435 τοὺς
3457 1373 3709 1441 τρόπους

428 1460 866 1532 διεφθαρμένου,
923 1462 1152 1516 καὶτοῦ
1193 1461 1422 1534 μηδενὸς
1453 1463 1630 1529 ἀξίου.
1682 1463 1858 1525 Αὐτὸς
1909 1463 1968 1517 δὲ
2004 1464 2066 1516 οὐ
2105 1464 2208 1534 τὴν
2252 1462 2524 1536 βασιλέως
2586 1462 2913 1534 θεραπεύων
2965 1463 3221 1533 δύναμιν,
3280 1480 3372 1519 τον
3433 1465 3710 1535 φιλοῦντα

430 1557 857 1625 ὑποκρίνεσθαι·
892 1557 1011 1612 ἀλλ’
1067 1559 1133 1612 ἐκ
1201 1557 1426 1630 πρώτης
1476 1557 1694 1631 ⁴ἡλικίας
1737 1559 1867 1630 ἄχρι
1915 1557 2010 1613 νῦν
2050 1559 2174 1630 Θεῷ
2208 1560 2266 1613 δὲ
2306 1560 2533 1632 θαρρεῖν
2601 1559 2678 1622 ῶς
2715 1560 2812 1612 καὶ
2849 1559 3016 1630 μέχρι
3056 1563 3291 1624 παντὸς.
3365 1561 3572 1632 ἀληθὴς
3613 1579 3710 1633 καὶ

431 1650 647 1721 βέϐαιος
685 1645 827 1706 εἶναι
869 1652 1023 1722 φίλος
1064 1651 1280 1725 βασιλεῖ
1316 1654 1727 1726 προῃρημένος.
1793 1653 1858 1708 Ἦ
1900 1653 2003 1725 μὲν
2037 1649 2135 1707 οὐν
2171 1655 2319 1708 κατά
2357 1654 2453 1708 τοῦ
2499 1653 2741 1724 μεγάλου
2783 1654 3111 1725 δομεστίκου
3149 1654 3352 1724 ἐνέδρα
3386 1653 3577 1708 τοῦτον
3617 1653 3710 1707 τὸν

428 1745 631 1816 τρόπον
669 1745 912 1816 διελύθη.

1871 1879 2100 1942 CAPUT
2141 1884 2254 1940 XV.

436 1997 824 2078 Obtrectatores
847 2003 1199 2078 e__t_inimici_se
1216 2006 1272 2078 in
1301 2006 1536 2078 gratiam
1574 2013 1840 2062 conantur
1869 2007 2346 2077 reducereItimore
2392 2006 2543 2065 muti.
2599 2006 2945 2078 Apocauchus
3005 2009 3271 2078 pracipue
3301 2009 3354 2062 in
3387 2026 3445 2062 eo
3477 2009 3708 2063 laborat.

502 2071 736 2148 Litteras
767 2073 968 2137 scribit,
1004 2075 1213 2148 merita_
1235 2071 1371 2129 in'se
1403 2077 1579 2131 locata
1611 2086 1926 2143 enumerat;
1959 2093 2016 2131 se
2045 2071 2143 2146 pro
2175 2079 2390 2148 ingrato
2430 2071 2685 2143 accusat;
2716 2076 2931 2148 veniant
2981 2071 3140 2144 orat;
3169 2071 3380 2148 gratum
3417 2089 3466 2132 et
3512 2079 3706 2132 bonum

502 2143 674 2218 uirum
705 2142 818 2211 [ore
847 2145 1124 2218 promittit.
1180 2145 1506 2218 Domestica;
1539 2150 1809 2216 ingratum
1833 2142 2073 2203 animum
2093 2148 2143 2201 εἰ
2187 2142 2495 2217 είὲρνοὺναι,
2517 2142 2671 2218 venio
2689 2147 2872 2201 donat.
2894 2142 3400 2218 Quomodo'proptcr
3421 2149 3534 2216 ﬁsci
3565 2163 3704 2215 pra-

505 2211 764 2280 fecturum
810 2211 1159 2269 tumultuatus
1194 2217 1261 2270 sit
1281 2215 1433 2292 fdem
1459 2211 1814 2287 Apocouchus,
1841 2235 1991 2288 quem
2032 2211 2348 2288 imperairia:
2375 2227 2431 2270 ut
2460 2211 2808 2284 conﬁdentem
2832 2231 2894 2269 ac
2920 2211 3209 2286 superbum.
3227 2211 3402 2272 severe
3421 2211 3703 2288 objurgat,

507 2351 569 2404 Οί
622 2355 1086 2418 συνεσκευακότες
1131 2354 1188 2408 δὲ
1237 2355 1474 2426 ὁρῶντες
1522 2357 1623 2428 ἤδη
1673 2357 1865 2428 ἐκείνῳ
1915 2356 2015 2426 μὲν

2189 2355 2523 2426 chertores
2568 2355 2701 2418 doli,
2741 2349 2996 2409 videntes
3047 2352 3186 2411 nihil
3236 2354 3287 2408 ei
3337 2352 3551 2406 artibus
3590 2351 3708 2408 suis

438 2444 590 2498 οὐδὲν
624 2445 797 2498 δεινὸν
830 2447 894 2499 ὲκ
928 2447 1028 2516 τῆς
1061 2449 1358 2519 ἐπιϐουλῆς
1389 2449 1764 2519 γεγενημένον
1785 2489 1801 2513 ,
1835 2451 2016 2505 αὐτῶν

435 2537 490 2588 δὲ
523 2536 621 2606 τὴν
652 2536 957 2608 μοχθηρίαν
986 2541 1372 2610 ἐγνωσμένην,
1406 2545 1503 2595 καὶ
1537 2543 1818 2605 δείσαντες
1856 2545 1931 2613 μή
1963 2562 2016 2599 τι

435 2627 522 2681 διὰ
552 2627 728 2683 ταῦτα
762 2631 1061 2692 πείσωνται
1094 2633 1297 2698 δεινὸν,
1327 2634 1383 2686 οἴ
1409 2652 1471 2688 τε
1507 2635 1657 2688 ἄλλοι
1692 2637 1917 2706 τρόποις
1949 2638 2014 2709 δή

433 2737 578 2774 τισιν
605 2721 813 2792 ἑτέροις
839 2725 1138 2794 ἐπειρῶντο
1159 2725 1251 2779 τὸν
1278 2726 1452 2797 μέγαν
1475 2728 1797 2798 δομὲστικον
1821 2730 2021 2784 καταλ-

437 2811 650 2866 λαττειν
691 2814 935 2882 ἑαυτοῖς,
1002 2817 1180 2870 καίτοι
1226 2819 1366 2890 πρὸς
1410 2820 1627 2890 ἄμυνα-ν
1686 2821 2020 2892 ὡρμημένον

437 2903 688 2972 οὐδαμῶς
707 2920 724 2938 ο
746 2909 844 2961 καὶ
867 2906 894 2959 δ
921 2907 1418 2979 παρακοιμώμενος
1441 2913 1541 2982 τήν
1564 2929 1622 2965 τε
1649 2915 1778 2984 πρὶν
1801 2915 2018 2980 ἀδοξίαν

439 2995 655 3061 ἐννοῶν,
683 2997 776 3050 καὶ
800 2997 899 3068 τὴν
927 2998 1022 3052 νῦν
1047 3001 1125 3060 είς
1153 3001 1219 3070 ἢν
1245 3001 1497 3070 ὲληλάκει
1523 3005 1766 3070 εὐδοξίαν
1791 3006 1856 3060 δι’
1879 3008 2021 3060 ὲκεί-

439 3105 564 3154 νου,
593 3089 690 3143 καὶ
721 3091 794 3156 ὼς
826 3092 990 3156 αὐτὸς
1018 3092 1170 3147 οὐδὲν
1198 3092 1480 3166 εὔγνωμον
1509 3098 1616 3150 οὐδ’
1641 3100 1882 3162 ἐπιεικὲς
1908 3101 2014 3154 διε-

439 3181 628 3252 νοήθη,
661 3183 776 3237 ἀλλ’
799 3185 902 3255 ήδη
933 3184 1189 3255 καθαρῶς
1219 3188 1326 3240 τῶν
1355 3189 1802 3258 δυσμενεστάτων
1831 3193 2022 3266 ἐξελή-

441 3272 666 3342 λεγκται
699 3274 809 3343 ῶν,
843 3279 938 3331 καὶ
970 3277 1156 3342 δείσας
1195 3281 1270 3350 μὴ
1303 3281 1381 3344 είς
1415 3280 1512 3351 τὴν
1551 3285 1820 3354 προτέραν
1850 3285 2023 3357 τύχην

444 3363 536 3420 ὐπ’
557 3366 768 3420 ἐκείνου
795 3367 1140 3438 ὠργισμένου
1172 3374 1436 3442 καταστῇ,
1463 3373 1735 3442 ἐσκέψατο
1765 3375 1840 3446 μὴ
1869 3379 2024 3446 μεσίο

441 3471 562 3520 ταις
606 3458 914 3528 χρήσασθαι
958 3461 1097 3531 πρὸς
1141 3463 1351 3517 ἐκεῖνον
1393 3464 1490 3517 καὶ
1532 3465 1902 3542 διαλλακταῖς,
1948 3469 2024 3535 ὡς

442 3545 598 3614 ὀλίγα
645 3548 678 3618 ἢ
731 3549 884 3626 οὐδὲν
927 3550 1337 3623 δυνησομένοις,
1383 3555 1500 3610 ἀλλ’
1524 3557 1683 3622 αὐτὸς
1730 3560 1798 3614 δι’
1826 3563 2024 3617 ἑαυτοῦ

444 3639 848 3708 παραιτεῖσθαι,
881 3640 1207 3713 ἀντίρῤοπον
1239 3647 1337 3714 τῆς
1371 3651 1712 3720 πανουργίας
1744 3652 2021 3718 ὲπιδειξά.

448 3749 606 3801 μενος
634 3731 730 3803 τὴν
761 3735 1086 3805 μεταϐολήν.
1117 3737 1227 3790 Καὶ
1260 3714 1562 3810 γράμμασι⁷
1583 3714 1680 3806 τὰς
1710 3744 1848 3813 πρὸς
1877 3714 2024 3798 ἐκεῖ-
2050 3714 2096 3768 c

445 3841 534 3878 νον
563 3825 802 3897 ὲξαρχῆς
829 3828 992 3894 εὐθὺς
1023 3830 1346 3900 εὐεργεσίας
1372 3832 1468 3885 τοῦ
1503 3835 1738 3905 μεγάλου
1771 3837 2026 3909 δομεστί-

445 3932 566 3981 κου,
631 3913 750 3970 εἶτα
795 3920 894 3982 καὶ
938 3922 1007 3974 τὰ
1055 3922 1152 3976 νῦν
1199 3923 1494 3993 ἐκθέμενος
1547 3933 2032 4000 συνεσκευασμένα

447 4009 570 4062 κατ’
590 4009 783 4077 αὐτοῦ,
808 4015 902 4068 καὶ
930 4014 1235 4084 κατήγορος
1261 4018 1547 4088 γινόμενος
1571 4019 1789 4087 ἑαυτοῦ,
1816 4025 1908 4076 καὶ
1931 4025 2028 4088 τὰς

447 4101 680 4170 ἐσχάτας
710 4104 988 4174 ὁμολογῶν
1019 4105 1257 4175 ὀφείλειν
1286 4108 1444 4173 δίκας
1464 4150 1478 4172 ,
1510 4111 1703 4164 ἔπειτα
1736 4113 1906 4166 ἐδεῖτο
1937 4133 2029 4167 τυ-

448 4196 564 4263 χεῖν
594 4193 946 4267 συγγνώμης,
979 4199 1029 4250 εἰ
1063 4198 1138 4269 μὴ
1170 4200 1438 4270 πρότερον
1469 4201 1605 4256 ἀλλά
1636 4204 1731 4258 νῦν
1767 4204 1895 4273 γοῦν
1926 4207 2027 4257 ἑπ-

449 4287 846 4355 αγγελ).όμενος
885 4288 1034 4352 ἄξιος
1075 4290 1363 4357 φανεῖσθαι
1397 4291 1497 4362 τῆς
1537 4293 1860 4364 εὐεργεσίας
1883 4313 1897 4327 ·
1937 4297 2030 4350 καὶ

447 4380 538 4432 τὸν
582 4380 760 4434 πάντα
806 4381 997 4449 χρόνον
1041 4381 1393 4454 διατηρήσειν
1436 4386 1632 4440 ἑαυτὸν
1675 4387 1776 4442 οὐκ
1819 4389 2030 4458 εὐγνώ-

453 4488 585 4540 μονα
617 4473 778 4541 μόνον
802 4475 895 4528 καὶ
917 4473 1023 4526 τῶν
1047 4475 1378 4545 εὐεργεσιῶν
1404 4478 1514 4531 τῶν
1537 4480 1619 4543 είς
1674 4483 1880 4535 ἐκεῖνον
1929 4500 2030 4552 με·-

453 4565 750 4632 μνημένον,
789 4564 932 4626 ἀλλὰ
972 4567 1067 4620 καὶ
1108 4570 1260 4640 πάσῃ
1301 4571 1580 4642 προθυμίᾳ
1595 4573 1694 4626 καὶ
1736 4575 1940 4646 σπουδῇ
1962 4575 2032 4630 τὰ

451 4657 904 4728 προστεταγμένα
933 4658 1191 4713 ποιοῦντα
1219 4660 1312 4713 ὐπ’
1339 4663 1575 4730 ἐκείνου,
1627 4664 1725 4718 καὶ
1759 4668 1902 4736 σαφῆ
1937 4668 2033 4736 καὶ

450 4749 696 4817 καθαρὰν
723 4749 1166 4822 ἐπιδεικνύμενον
1194 4751 1294 4821 τὴν
1321 4753 1633 4809 εὐπείθειαν
1661 4757 1718 4809 ἐν
1748 4735 1905 4814 πᾶσι,
1935 4735 2033 4812 Πί-

453 4858 599 4905 στεις
621 4843 677 4896 δὲ
704 4843 1001 4914 παρείχετο
1025 4844 1120 4897 ἰπὶ
1143 4846 1255 4908 τοῖς
1279 4844 1600 4916 λεγομένοις
1624 4849 1908 4918 ἀσφαλεῖς,
1933 4851 2032 4921 οὐχ

452 4933 673 5002 ἑτέρους
715 4933 878 5003 μόνον
911 4933 1204 5005 φρικώδεις
1238 4931 1436 5005 ὅρκους
1469 4939 1564 4991 καὶ
1598 4939 1829 4992 ἀκοῦσαι
1867 4941 2032 5010 φοϐε-

2117 2449 2368 2503 evenisse
2398 2447 2548 2512 mali,
2582 2461 2847 2517 suamque
2896 2445 3302 2514 improbitatem
3352 2442 3704 2513 patefactam,

2117 2550 2173 2597 et
2205 2539 2588 2603 formidantes,
2616 2554 2684 2594 ne
2710 2539 2840 2609 quid
2863 2548 3128 2608 preterea
3155 2537 3331 2592 dirius
3359 2545 3706 2607 paterentur,

2119 2648 2244 2688 cum
2274 2632 2368 2686 alii
2399 2632 2578 2686 modis
2608 2630 2733 2686 aliis
2765 2629 2909 2700 apud
2953 2644 3210 2699 maguum
3249 2619 3616 2683 domesticum
3649 2642 3709 2682 se

2120 2724 2176 2779 in
2213 2723 2447 2793 gratiam
2477 2721 2771 2777 restituere
2800 2720 3128 2794 laborabant
3151 2722 3489 2790 (quanquam
3522 2717 3590 2772 de
3623 2725 3706 2771 ta-

2121 2817 2266 2872 lione
2318 2825 2374 2872 et
2419 2814 2663 2870 vindicta
2713 2829 2816 2868 nec
2868 2813 3141 2869 tantillum
3205 2811 3549 2879 sollicitum),
3587 2821 3702 2863 tum

2120 2909 2414 2979 praefectus
2441 2908 2581 2963 sacri
2615 2905 2855 2961 cubiculi
2881 2914 2937 2960 et
2968 2901 3260 2977 pristinam
3295 2903 3620 2965 utilitatem,
3653 2909 3710 2955 et

2121 3011 2450 3072 praesentem
2509 2999 2812 3054 claritatem
2860 3010 3042 3058 suam},
3099 2994 3168 3049 ad
3203 3010 3369 3064 quam
3419 3009 3516 3063 per
3551 2993 3706 3046 illum
3805 3029 3815 3039 .

2121 3102 2268 3148 esset
2292 3101 2540 3158 evectus,
2572 3105 2760 3146 secum
2813 3097 3096 3158 reputans,
3127 3095 3183 3141 et
3209 3100 3274 3140 se
3307 3085 3447 3140 nibil
3485 3098 3707 3153 aequum

2123 3199 2187 3240 ac
2212 3184 2446 3254 probum
2479 3185 2532 3238 in
2555 3199 2683 3240 eum
2710 3182 3000 3252 cogitasse,
3031 3181 3124 3235 sed
3150 3180 3263 3249 jam
3302 3174 3712 3232 malevolentis-

2123 3276 2326 3330 simum
2359 3276 2801 3352 deprebensum;
2837 3275 3147 3340 timensque
3182 3287 3252 3325 ne
3282 3269 3352 3323 ab
3387 3285 3454 3326 eo
3493 3267 3709 3322 infenso

2125 3368 2192 3423 ad
2222 3369 2464 3439 priorem
2493 3367 2658 3439 396
2681 3367 3058 3422 conditionem
3086 3364 3456 3434 redigeretur,
3490 3375 3599 3414 non
3630 3359 3712 3414 uti

2126 3462 2521 3531 interpretibus
2557 3469 2654 3515 aut
2681 3457 3221 3520 recouciliatoribus,
3253 3456 3348 3525 qui
3377 3468 3571 3524 parum
3615 3459 3715 3506 aut

2125 3554 2265 3608 nihil
2295 3553 2546 3609 eﬁ‘ecturi
2579 3561 2786 3617 essent,
2821 3551 2916 3606 sed
2951 3565 3050 3620 per
3085 3549 3326 3618 seipsum
3351 3547 3565 3600 veniam
3603 3547 3712 3598 im-

2127 3655 2347 3717 petrare
2381 3644 2691 3711 constituit,
2727 3659 2802 3699 ex
2834 3642 3088 3713 improbo
3123 3656 3182 3697 se
3210 3643 3322 3712 jam
3357 3639 3519 3695 bona:
3565 3638 3709 3708 frugi

2130 3740 2333 3793 factum
2381 3735 2814 3792 demonstrando
2848 3734 3125 3790 videlicet.
3154 3732 3346 3802 Itaque
3397 3731 3604 3786 litteris
3643 3733 3714 3784 ab

2127 3830 2288 3884 initio
2320 3829 2504 3884 statim
2527 3829 2647 3898 ejus
2671 3828 2726 3881 in
2757 3842 2816 3881 se
2844 3824 3043 3888 cilicia,
3078 3839 3206 3879 suas
3237 3823 3478 3878 vicissim
3504 3823 3558 3876 in
3583 3837 3710 3876 eum

2127 3919 2413 3974 machinas
2461 3926 2732 3982 recenset,
2774 3925 2830 3971 et
2865 3926 3038 3970 semet
3067 3931 3334 3996 accusans
3387 3915 3711 3984 ultimisque

2127 4013 2355 4084 dignum
2383 4010 2670 4081 suppliciis
2695 4025 2801 4064 non
2826 4009 3102 4072 inﬁcians,
3129 4018 3190 4063 ut
3212 4009 3545 4078 ignoscatur,
3569 4017 3712 4072 orat,

2130 4105 2456 4175 promittens
2494 4102 2579 4156 vel
2631 4116 2777 4155 nunc
2826 4109 3150 4157 curaturum
3182 4115 3327 4168 sese,
3368 4115 3435 4154 ne
3469 4099 3575 4155 hoc
3621 4099 3719 4154 bc-

2130 4197 2328 4252 neﬁcio
2364 4194 2538 4250 veniae
2574 4193 2840 4264 indignus
2871 4193 3041 4256 fuisse
3075 4193 3369 4248 videatur:
3401 4199 3456 4248 et
3495 4181 3559 4252 in
3597 4207 3722 4262 per-

2129 4300 2356 4361 petuum
2390 4304 2500 4344 non
2540 4287 2702 4342 modo
2751 4286 2932 4342 virum
2971 4288 3199 4347 bonum,
3253 4293 3720 4353 acceptorumque

2131 4381 2528 4438 beneﬁciorum
2577 4394 2880 4434 memorem
2937 4379 3206 4442 futurum,
3238 4375 3339 4432 sed
3383 4376 3551 4433 etiam
3595 4375 3719 4444 ejus

2131 4475 2451 4530 auctoritati
2487 4473 2896 4529 studiosissime
2923 4471 3340 4533 obsecuturum,
3366 4476 3422 4523 et
3441 4467 3719 4522 indubita-

2132 4574 2243 4620 tam
2297 4566 2679 4635 integramque
2711 4564 2767 4618 in
2801 4563 3063 4622 omnibus
3096 4561 3469 4619 obedientiam
3505 4561 3720 4630 praesti—

2134 4664 2342 4710 turum.
2385 4655 2464 4710 Ad
2500 4653 2910 4710 corroboranda
2961 4661 3146 4708 autem
3176 4667 3300 4723 qua:
3328 4651 3570 4716 diccbat,
3605 4668 3717 4707 non

2134 4750 2242 4804 alia
2271 4749 2436 4804 modo
2461 4749 2735 4809 terribilia
2787 4757 2842 4804 et
2865 4749 3058 4806 auditu
3093 4748 3379 4804 tremenda
3402 4750 3717 4820 iuramenta

2133 4842 2423 4909 afferebat,
2495 4843 2589 4897 sed
2616 4843 2796 4913 ipsqu
2830 4857 3049 4912 quoque
3081 4843 3226 4912 quod
3251 4842 3417 4897 hodie
3446 4859 3546 4913 pro
3567 4859 3722 4898 com-

2137 4935 2299 4998 muni
2323 4935 2608 4989 hominum
2658 4934 2834 4988 salute
2889 4933 3256 4999 sacrilicatur,
3308 4933 3720 4990 sanctissimum

456 5023 604 5093 ρούς,
649 5023 788 5077 ἀλλά
830 5026 925 5079 καὶ
969 5024 1101 5079 αὐτὸ
1131 5025 1192 5078 τὸ
1238 5026 1334 5079 νῦν
1377 5027 1518 5096 ὐπὲρ
1559 5029 1656 5098 τῆς
1700 5031 1884 5099 κοινῆς
1925 5031 2028 5085 τῶν

2142 5025 2453 5086 Servatoris
2503 5024 2632 5080 Jcsu
2667 5038 2890 5094 corpus,
2920 5033 2975 5079 et
3013 5040 3132 5094 quae
3180 5039 3280 5094 pro
3314 5025 3477 5080 nobis
3525 5042 3722 5096 passus

455 5115 762 5184 ἀνθρώπων
797 5118 1074 5188 σωτηρίας
1111 5119 1571 5189 ίερουργούμενον
1604 5121 1908 5188 ἁγιώτατον
1941 5123 2028 5176 τοῦ

2143 5128 2228 5173 est
2254 5117 2320 5182 is,
2351 5117 2405 5171 iu
2437 5133 2601 5186 quem
2633 5132 2742 5172 non
2781 5117 2928 5173 cadit
2977 5117 3283 5187 perpessio,
3312 5129 3368 5176 et
3406 5119 3719 5175 triduanani

455 5205 708 5277 Σωτῆρος
761 5207 938 5276 Ἰησοῦ
973 5209 1155 5279 σῶμα,
1171 5207 1266 5261 καὶ
1294 5211 1360 5264 τὰ
1397 5209 1540 5278 ὑπὲρ
1573 5210 1732 5280 ἡμῶν
1764 5211 1913 5281 πάθη
1942 5211 2028 5265 τοῦ

2143 5210 2508 5278 sepulturam,
2542 5221 2598 5263 et
2631 5209 2686 5263 in
2714 5209 2882 5265 vitam
2919 5210 3181 5275 reditum,
3211 5227 3333 5281 quae
3386 5222 3498 5266 uta
3532 5211 3723 5268 Salva-

455 5300 701 5364 ἀπαθοῦς
721 5341 735 5365 ,
767 5301 864 5355 καὶ
897 5302 995 5373 τὴν
1025 5304 1327 5374 τριήμερον
1359 5303 1539 5374 ταφὴν
1560 5345 1574 5370 ,
1608 5306 1704 5358 καὶ
1731 5304 1830 5375 τὴν
1859 5305 1924 5359 ὲκ
1953 5322 2028 5358 νε-

2145 5310 2263 5355 tore
2284 5314 2383 5368 pro
2402 5298 2720 5355 hominibus
2749 5299 2803 5352 iu
2831 5312 2960 5353 eum
2988 5297 3560 5354 coututueliosissimis
3584 5299 3724 5354 facta

459 5393 604 5463 κρῶν
633 5396 948 5463 ἀνάστασιν,
975 5394 1010 5448 ἀ
1042 5395 1282 5450 ἱκέτευεν
1310 5395 1626 5451 αίδεσθέντα
1657 5397 1732 5461 ὡς
1763 5396 1905 5467 ὑπὲρ
1930 5397 2028 5453 τῶι

2141 5401 2198 5448 et
2227 5393 2456 5448 tolerata
2502 5400 2868 5455 revereretur,
2900 5390 3117 5460 sibique
3161 5390 3474 5445 condonato
3502 5388 3726 5444 sceleris

457 5488 538 5548 εἰς
571 5487 734 5540 αὐτὸν
771 5488 944 5542 πολλὰ
975 5487 1342 5560 ὲξυϐρικότων
1376 5488 1682 5559 ἀνθρώπων
1715 5491 1795 5561 τῷ
1818 5490 2036 5562 Σωτῆρι

457 5578 856 5648 εἰργασμένων,
900 5580 1233 5652 συγγνώμην
1274 5582 1368 5636 καὶ
1413 5581 1578 5635 αὐτὸν
1621 5584 1816 5653 ἐκείνῳ
1858 5600 2038 5652 παρα-

461 5672 702 5740 σχέσθαι,
739 5675 833 5729 ml.
874 5675 948 5746 μὴ
991 5675 1089 5745 τῆς
1129 5675 1525 5747 ἀγνωμοσύνης
1564 5675 1718 5739 δίκας
1757 5677 2034 5734 ἀπαιτεῖν.

463 5765 696 5819 Ἔπειτα
729 5768 918 5836 καιρὸν
948 5754 1192 5836 φυλάξας
1227 5772 1282 5820 ἐν
1311 5761 1356 5836 ᾧ
1383 5769 1483 5835 τῆς
1521 5770 1790 5840 μυστικῆς
1827 5770 2040 5840 ἱερουρ-

461 5860 586 5927 γίας
615 5861 945 5933 τελουμένης
971 5865 1027 5916 ἐν
1052 5863 1144 5917 τοῦ
1177 5865 1414 5932 μεγάλου
1442 5865 1572 5935 δομε
1587 5865 1767 5918 nixos
1793 5867 1859 5936 τῇ
1887 5865 2035 5936 οἰκίᾳ

2147 5486 2231 5541 sui
2283 5483 2555 5554 supplicio
2635 5482 2853 5538 veniam
2933 5482 3263 5552 impertiret,
3351 5481 3719 5550 supplicabat.

2145 5579 2356 5636 Deinde
2389 5577 2524 5632 hora
2555 5585 2795 5646 captata,
2834 5591 2942 5646 qua
2986 5576 3276 5646 mysticum
3305 5574 3637 5632 sacriﬁcium
3666 5574 3722 5628 in

2145 5672 2358 5728 ﬁdibus
2403 5669 2585 5740 magni
2648 5667 2937 5724 domestici
2994 5675 3373 5737 perageretur,
3427 5665 3580 5720 venit
3608 5664 3725 5733 ipse
3811 5719 3822 5726 _

2146 5783 2387 5840 quoque,
2424 5775 2478 5820 et
2531 5765 2587 5819 in
2627 5764 2748 5833 ipso
2793 5761 3137 5832 potissimum
3185 5758 3443 5823 articulo,
3476 5771 3601 5812 cum
3643 5756 3699 5810 di

2149 5862 2260 5917 vini
2301 5875 2364 5916 ac
2397 5857 2598 5916 vivifici
2670 5866 2727 5912 ct
2781 5853 3051 5912 salutiferi
3084 5851 3247 5908 Verbi
3300 5865 3502 5920 corpus
3541 5846 3720 5916 adest,
