4054 6452
331 404 467 473 787·

1505 412 1826 475 JOANNiS
1864 409 2389 474 CANTACUZENI

3467 415 3577 481 788

330 524 596 582 accedens
639 527 889 584 libellum
940 530 1189 602 porrigit,
1241 516 1445 586 addrtis
1475 531 1683 600 lingua,
1719 546 1775 583 se
1802 529 1903 583 ibi.

2011 529 2104 579 καὶ
2140 528 2300 588 αὐτὸς
2337 527 2519 598 παρῆν
2541 567 2554 588 ,
2592 526 2826 596 μάλιστα
2871 526 3010 580 κατά
3042 527 3142 599 τὴν
3178 527 3283 581 τοῦ
3305 529 3451 582 θείου
3487 531 3583 582 xu!

330 614 454 670 dem
485 619 820 687 scriptorum
855 630 1019 677 testes
1053 624 1327 692 appellem
1372 623 1572 692 ipsum,
1605 621 1902 692 quodcum

330 713 575 765 tremore
619 712 1028 769 sacrificaretur
1072 729 1274 783 corpus
1315 713 1544 778 Christi,
1571 723 1625 769 et
1658 716 1752 785 qui
1783 714 1902 769 ina-

331 799 664 867 spectabiles
695 804 1073 872 praecederent
1127 815 1604 876 sequerenturque
1628 806 1852 876 angelos
1885 846 1900 868 ,

330 898 386 942 et
411 891 509 960 qui
535 908 564 944 a
593 892 755 948 nobis
780 895 1061 961 videmur,
1093 897 1148 951 in
1181 898 1489 953 ministerio
1515 912 1612 953 eos
1641 898 1907 969 adjuvan-

333 989 435 1046 tes,
465 984 780 1041 sacerdotes
828 989 984 1043 istos.
1022 987 1217 1060 Magno
1247 1004 1380 1044 vero
1409 989 1716 1045 domestico
1747 988 1907 1044 libel-

328 1071 444 1126 lum
480 1074 535 1129 in
568 1077 822 1132 manibus
870 1087 1111 1146 tenente,
1165 1095 1562 1150 sacrorumque
1613 1080 1772 1134 finem
1813 1097 1905 1136 ex-

329 1175 633 1231 spectante,
687 1176 747 1223 ιιι
800 1168 1023 1236 legeret,
1084 1171 1283 1225 iterum
1330 1170 1621 1241 praefectus
1663 1171 1905 1227 cubiculi

329 1257 554 1325 propius
586 1257 806 1324 adiens.
843 1269 901 1315 ut
933 1271 1061 1318 tunc
1113 1264 1337 1333 legeret,
1377 1261 1628 1332 rogabat,
1682 1279 1793 1333 quo
1825 1264 1909 1319 ni—

330 1344 527 1400 mirqu
558 1362 667 1402 non
697 1364 763 1404 ex
805 1349 1133 1419 juramentis
1163 1361 1394 1415 tantum,
1425 1367 1614 1408 verum
1651 1356 1814 1407 etiam
1840 1368 1906 1406 ex

330 1439 445 1507 ipsa
475 1441 790 1496 conditione
817 1444 1083 1513 temporis
1130 1445 1534 1501 venerabiliora
1583 1456 1640 1501 et
1672 1445 1909 1502 credibi-

327 1529 467 1585 liora
502 1530 716 1597 fierent,
755 1550 874 1604 qua!
907 1536 1108 1606 scripta
1144 1537 1386 1592 inerant.
1423 1539 1613 1595 Victus
1648 1540 1910 1609 precibus

329 1619 503 1691 legit,
538 1631 766 1679 ac‘tunc
800 1624 1021 1696 quidem
1052 1626 1239 1682 tacuit.
1285 1627 1412 1683 Post
1459 1630 1791 1685 sacriﬁcium
1822 1646 1909 1685 so-

330 1712 443 1765 lum
462 1711 762 1780 deducens,
786 1715 959 1780 Quam
982 1715 1116 1771 dura
1142 1725 1197 1771 et
1228 1732 1413 1787 aspera
1446 1734 1566 1775 sors
1593 1731 1681 1775 tua
1706 1737 1734 1775 a
1758 1720 1910 1790 prin-

332 1803 479 1872 cipio
510 1804 700 1871 fuerit,
735 1807 933 1876 inquit,
986 1822 1110 1861 cum
1149 1824 1258 1878 qua
1285 1809 1613 1874 colluctans,
1649 1813 1785 1867 meis
1811 1827 1908 1875 au-

2008 617 2273 680 ζωοποιοῦ
2306 618 2397 672 τοῦ
2430 618 2682 687 Σωτῆρος
2717 617 2892 685 Λόγου
2922 617 3016 672 τοῦ
3042 619 3293 688 σώματος
3325 620 3581 691 προέλευ-

2011 726 2095 762 σιν
2141 696 2310 778 ἐγγὺς
2352 710 2642 778 γενόμενος
2686 710 2979 779 παρείχετο
3021 710 3085 763 τὸ
3129 710 3369 780 βιϐλίον,
3413 711 3579 765 εἰπὼν

2011 800 2105 852 καὶ
2133 800 2221 853 διά
2252 799 2521 870 γλώττης,
2550 798 2627 862 ὡς
2656 799 2763 853 τῶν
2792 801 3264 872 ἐγγεγραμμένων
3297 804 3579 872 μάρτυρας

2009 891 2306 966 παρέχοιτο
2349 891 2480 946 αὐτό
2503 907 2560 944 τε
2586 892 2645 945 τὸ
2671 892 2915 960 φρικτῶς
2944 892 3393 962 ἱερουργούμενον
3420 894 3576 960 σῶμα

2007 984 2101 1036 τοῦ
2144 984 2421 1055 Χριστοῦ,
2464 986 2560 1038 καὶ
2595 983 2723 1048 τούς
2764 1000 2822 1036 τε
2864 983 3090 1051 ἀφανῶς
3136 985 3579 1054 προηγουμένους

2010 1072 2105 1127 καὶ
2138 1075 2551 1144 παρεπομένους
2581 1073 2870 1142 ἀγγέλους,
2903 1074 2998 1126 καὶ
3026 1075 3154 1136 τοὺς
3183 1072 3451 1140 αἰσθητῶς
3486 1072 3579 1122 καὶ

2010 1163 2260 1233 φανερῶς
2290 1165 2421 1233 ἡμῖν
2450 1163 2585 1233 πρὸς
2608 1163 2710 1235 τὴν
2735 1164 3011 1218 διακονίαν
3036 1164 3217 1228 αὐτοῖς
3248 1165 3570 1233 συναιρομέο

2009 1272 2132 1318 νους
2163 1254 2343 1326 ἱερέας
2370 1256 2638 1312 τουτουσί.
2668 1255 2776 1310 Τοῦ
2809 1254 3048 1325 μεγάλου
3078 1255 3134 1308 δὲ
3161 1255 3484 1323 δομεστίκου
3514 1256 3577 1304 τὰ

2010 1348 2320 1419 γράμματα
2341 1348 2556 1419 ἔχοντος
2576 1350 2637 1405 ἑν
2667 1351 2788 1403 ταῖν
2821 1351 3001 1419 χεροῖν
3020 1387 3035 1412 ,
3072 1349 3165 1401 καὶ
3199 1347 3298 1417 τὴν
3328 1349 3426 1416 τῆς
3464 1347 3577 1415 ἱερ-

2009 1440 2235 1510 ουργιας
2300 1441 2694 1512 περιμένοντος
2719 1439 3000 1510 τελευτὴν,
3031 1440 3118 1492 ἶνα
3146 1438 3391 1508 ἀναγνῷ,
3423 1438 3585 1489 πάλιν

2011 1533 2040 1584 ὁ
2080 1532 2581 1604 παρακοιμώμενος
2623 1532 2917 1599 γενόμενος
2956 1531 3144 1598 ἐγγὺς,
3184 1530 3350 1583 ἐδεῖτο
3387 1530 3447 1583 τὸ
3486 1529 3579 1579 νῦν

2012 1625 2133 1696 ἕχον
2163 1625 2502 1692 ἀναγνῶναι,
2542 1624 2630 1678 ἵνα
2667 1625 2741 1693 μὴ
2775 1626 2837 1676 ἐκ
2867 1623 2977 1676 τῶν
3009 1625 3184 1692 ὅρκων
3222 1623 3413 1691 μόνον.
3447 1621 3580 1674 ἀλλὰ

2014 1723 2107 1775 καὶ
2133 1718 2226 1771 ἀπ’
2249 1717 2413 1771 αὐτοῦ
2441 1716 2532 1770 τοῦ
2562 1717 2753 1787 χρόνου
2784 1713 3136 1783 φοϐερώτερα
3166 1716 3257 1766 καὶ
3289 1717 3577 1783 πιστότερα

1982 1810 2080 1871 .τά
2108 1808 2473 1879 γεγραμμένα
2560 1824 2573 1838 ’
2609 1808 2733 1859 ἐπεὶ
2763 1806 2818 1859 δέ
2852 1805 3167 1874 πειθόμενος
3196 1807 3428 1874 ἀνέγνω,
3461 1808 3579 1859 τότε

331 1896 523 1964 spiciis
551 1908 606 1952 et
647 1913 814 1968 opera
844 1900 897 1954 in
936 1908 1043 1954 tam
1078 1903 1353 1957 excelsum
1404 1902 1639 1959 fortuna
1672 1906 1900 1976 gradum

2013 1902 2111 1973 μέν
2153 1900 2456 1971 ἐφθέγξατο
2497 1879 2673 1956 οὐδέν.
2698 1897 2966 1969 ’Ὕστερον
3009 1898 3065 1950 δὲ
3114 1898 3251 1967 μετά
3293 1899 3390 1967 τὴν
3433 1897 3579 1949 τελε-

329 1989 723 2056 consccndisti,
753 2007 917 2046 nemo
939 2002 1022 2048 est
1047 1986 1443 2062 Romanorum,
1479 1997 1573 2066 qui
1602 2013 1709 2052 non
1749 1999 1903 2070 juxta

331 2097 544 2137 mecum
569 2084 806 2146 noverit,
828 2092 885 2139 et
903 2101 979 2140 ιιι.
1010 2093 1197 2155 utpote
1217 2100 1405 2141 verum
1438 2103 1501 2143 ac
1527 2085 1735 2159 justum
1768 2091 1904 2145 mihi

333 2173 514 2230 ferens
543 2176 940 2240 testimonium,
978 2178 1133 2234 testis
1172 2193 1293 2234 esse
1323 2188 1479 2249 potes
1525 2182 1771 2237 omnium
1803 2182 1906 2238 fide

330 2264 706 2336 dignissimus.
739 2267 904 2339 397
936 2269 1067 2337 Qua:
1113 2271 1280 2340 igitur
1313 2273 1369 2327 in
1412 2281 1464 2328 te
1498 2274 1641 2329 ultro
1670 2276 1906 2342 contuli,

330 2373 394 2413 ea
421 2367 476 2413 et
515 2358 584 2415 ab
606 2359 742 2415 aliis
787 2370 843 2415 et
872 2361 970 2416 abs
1004 2370 1055 2416 te
1086 2363 1320 2417 maxime
1369 2361 1691 2418 confirmata
1758 2378 1905 2429 sunt,

331 2447 536 2516 quibus
565 2463 693 2504 vero
720 2459 771 2504 te
799 2449 1013 2505 allicere
1053 2451 1357 2522 cogitabam
1390 2452 1549 2508 bonis
1580 2456 1905 2526 majoribus,

331 2543 389 2592 et
415 2537 831 2607 insignioribus,
859 2554 1053 2594 eorum
1082 2549 1138 2594 et
1181 2540 1297 2610 ipse
1326 2541 1462 2596 mibi
1493 2558 1616 2598 sum
1643 2546 1819 2609 testis,
1852 2554 1909 2600 et

332 2629 423 2683 cui
472 2630 641 2682 animi
704 2630 1139 2702 uniuscujusque
1190 2633 1463 2690 motiones
1527 2643 1693 2705 atque
1745 2653 1905 2693 sensa

335 2721 623 2777 manifesta
651 2731 798 2788 sunt,
831 2723 993 2778 Deus.
1028 2724 1107 2778 Tu
1136 2732 1319 2780 tamen
1353 2734 1460 2780 tam
1491 2728 1676 2783 multis
1703 2730 1909 2785 obstri-

275 2850 287 2859 .
333 2821 477 2880 ctus,
512 2829 615 2868 nec
646 2814 810 2869 unius
854 2830 914 2869 es
946 2815 1287 2882 recordatus,
1331 2825 1387 2871 et
1436 2826 1515 2873 tot
1548 2817 1851 2876 benefactis
1877 2839 1905 2875 a

332 2919 420 2958 :ne
448 2905 783 2968 cumulatus,
815 2920 915 2961 nec
950 2908 1119 2962 semel
1168 2908 1438 2974 offensus,
1466 2927 1591 2968 cum
1625 2927 1728 2984 ego
1761 2915 1909 2969 velut

244 3010 253 3020 '
332 3006 583 3052 catenam
619 3001 908 3067 quamdam
941 3000 1134 3055 merita
1167 3002 1380 3058 meritis
1411 3003 1519 3059 huc
1562 3020 1735 3076 usque
1762 3021 1910 3061 sem-

336 3104 434 3158 per
461 3088 791 3156 addiderim,
843 3102 897 3147 tu
935 3093 1059 3149 aliis
1101 3109 1214 3165 pra:
1255 3094 1559 3152 invidentia
1593 3113 1680 3154 me
1713 3099 1908 3154 imme-

334 3188 547 3237 rentem
585 3185 1035 3277 oppugnantibus
1065 3188 1278 3242 socium
1308 3197 1359 3243 te
1400 3189 1699 3261 adiungere
1732 3193 1979 3277 volui“:

333 3275 424 3339 sti,
452 3275 544 3344 qui
571 3286 837 3345 quantum
868 3277 924 3330 in
955 3275 1109 3331 vobis
1135 3278 1255 3344 fuit,
1293 3282 1433 3335 maia
1484 3293 1739 3338 extrema
1763 3284 1910 3340 desi-

331 3366 557 3437 gnastis.
593 3367 733 3432 Quid
762 3382 894 3437 ergo
927 3369 991 3422 ad
1028 3369 1142 3423 lucc
1174 3380 1230 3424 et
1259 3373 1499 3441 cogitare
1531 3383 1586 3427 et
1614 3374 1788 3428 facere
1822 3393 1906 3431 tne

332 3457 573 3513 vicissim
603 3474 702 3527 par
739 3459 883 3512 fuit?
931 3474 1038 3512 non
1079 3461 1291 3525 conari,
1350 3463 1394 3516 si
1445 3479 1663 3533 possem
1717 3480 1906 3521 contra

333 3548 432 3604 tibi
460 3550 701 3604 nocere?
731 3550 846 3603 lluc
870 3552 915 3605 si
952 3566 1036 3605 me
1067 3551 1364 3616 dedissem,
1387 3556 1518 3624 quid
1549 3559 1905 3627 sequebatur,

278 3678 285 3689 ι
334 3644 438 3698 nisi
477 3652 536 3698 ut
582 3651 639 3698 tu
684 3642 956 3712 perditam
991 3643 1209 3714 lugeres
1247 3646 1562 3703 felicitatem
1612 3660 1783 3715 tuam,
1821 3654 1906 3707 in-

332 3735 494 3789 famis
525 3743 753 3803 repente
800 3742 855 3787 et
902 3749 967 3788 ex
1024 3735 1286 3802 opulento
1338 3722 1533 3807 inops?
1589 3739 1734 3794 Istuc
1770 3739 1904 3793 mibi

332 3825 593 3896 perfacile
642 3833 783 3889 erat,
811 3834 866 3880 et
901 3833 952 3880 te
985 3825 1216 3895 ipsomet
1258 3828 1444 3898 judice
1487 3829 1602 3885 base
1663 3841 1721 3886 et
1749 3831 1903 3900 plura

331 3918 556 3991 prtetnia
585 3932 685 3988 pro
714 3916 930 3973 vafritie
958 3926 1050 3974 tua
1093 3920 1360 3975 meruisti.
1395 3923 1492 3976 Ast
1524 3938 1625 3993 ego
1652 3938 1774 3978 cum
1804 3925 1906 3978 tui-

336 4012 506 4067 himet
545 4011 805 4067 conscius
835 4011 959 4073 sim,
992 4025 1155 4080 quam
1183 4012 1349 4067 multa
1377 4028 1406 4068 a
1442 4013 1552 4068 Deo
1581 4016 1735 4069 venia
1766 4030 1906 4085 Opus

333 4105 586 4169 habeam,
637 4118 762 4160 cum
795 4103 1045 4174 quotidie
1079 4112 1135 4159 et
1163 4120 1393 4161 numero
1442 4107 1618 4176 plura,
1646 4119 1700 4163 et
1727 4110 1909 4178 gravi-

333 4205 445 4252 tate
497 4196 705 4267 majora
760 4210 1004 4265 peccem,
1054 4203 1111 4250 et
1165 4190 1390 4267 insuper
1433 4211 1780 4253 sacramento
1813 4208 1905 4254 tuo

332 4286 582 4350 credens,
615 4285 712 4340 tibi
740 4286 1014 4356 ignoscam
1061 4275 1497 4355 insidiarumque
1526 4295 1742 4341 tuarum
1766 4287 1909 4341 obli-

329 4380 529 4434 viscar.
567 4378 649 4433 Tu
689 4379 920 4445 enitere,
979 4388 1033 4433 ut
1081 4376 1482 4446 posterioribus
1539 4386 1685 4432 recte
1742 4376 1905 4432 factis

330 4473 513 4542 priora
578 4471 865 4527 malefacta
919 4470 1224 4525 oblitteres.
1278 4469 1416 4522 Tum
1466 4468 1632 4538 igitur
1661 4469 1898 4523 cubiculi

2007 1994 2126 2066 τὴν,
2178 1995 2338 2065 μόνον
2383 1994 2474 2047 τὸν
2525 1990 3022 2061 παρακοιμώμενον
3074 1989 3430 2059 παραλαδὼν,
3470 1990 3581 2059 Τὴν

2011 2087 2398 2158 μὲν’ἒξαρχῆς,
2433 2086 2556 2156 εφη,
2598 2077 3054 2156 κακοπραγίαν.ᾗ
3087 2083 3474 2154 προσπαλαίων
3502 2085 3577 2145 εἰς

2008 2180 2167 2234 τοῦτο
2197 2180 2367 2251 τύχης
2401 2179 2494 2233 καὶ
2534 2179 2892 2247 περιφανείας
2925 2176 3100 2251 mon;
3134 2176 3223 2228 ὑπ’
3249 2174 3408 2251 ἐμοῦ,
3444 2177 3579 2231 πάν-

2008 2292 2100 2338 τες
2159 2248 2605 2344 μὲνὴ-συνειδεῖεν
2664 2271 2731 2325 ἂν
2784 2271 2905 2340 ἐμοὶ
2949 2248 3207 2339 Ῥωμαῖοι
3241 2284 3254 2300 ⁸
3319 2248 3386 2321 cii
3441 2267 3484 2321 δ’
3515 2266 3579 2320 ἂν

2009 2367 2127 2436 εῐης
2179 2365 2397 2418 πάντων
2457 2365 2658 2434 μᾶλλον
2712 2361 3012 2431 ἀξιόχρεως
3073 2358 3427 2414 πιστεύεσθαι
3483 2359 3580 2411 τά-

2010 2457 2147 2529 ληθῆ
2191 2456 2286 2510 καὶ
2325 2454 2509 2508 δίκαια
2550 2455 2679 2524 περὶ
2717 2452 2949 2505 σεαυτοῦ
2991 2452 3404 2523 συμμαρτυρῶν
3438 2451 3577 2521 ἐμοί.

2008 2548 2131 2603 Τῶν
2156 2547 2255 2617 μέν
2274 2544 2367 2600 οὖν
2383 2545 2715 2616 ὑπηγμένων
2734 2547 2885 2614 napi
2900 2562 2959 2596 τε
2978 2544 3088 2598 τῶν
3110 2543 3284 2598 ἄλλων
3305 2540 3581 2612 ἀρκοῦσαν

2010 2638 2119 2709 ἔχω
2147 2636 2244 2705 τὴν
2271 2634 2564 2699 ἀπόδειξιν,
2608 2635 2701 2687 καὶ
2734 2633 2969 2702 μάλιστα
2995 2632 3089 2685 σοῦ
3115 2647 3131 2662 ⁸
3162 2627 3236 2686 ὧν
3265 2631 3323 2685 δὲ
3349 2630 3575 2683 διενοούο

2013 2747 2123 2802 μην
2160 2729 2289 2799 περὶ
2324 2726 2417 2780 σοῦ
2455 2726 2719 2796 μειζόνων
2746 2725 2840 2779 καὶ
2863 2725 3331 2795 θαυμασιωτέρων
3358 2722 3579 2790 ἀγαθῶν

2011 2824 2174 2886 αὑτός
2205 2839 2264 2875 τε
2304 2818 2517 2874 σύνοιδε
2550 2816 2793 2887 ἐμαυτῷ,
2841 2818 2931 2868 καὶ
2962 2809 3007 2883 ᾧ
3044 2815 3109 2867 τὰ
3145 2812 3324 2884 ψυχῆς
3349 2813 3579 2867 ἑκάστου

2011 2917 2289 2986 κινήματα
2322 2913 2418 2966 καὶ
2472 2910 2812 2980 διανοήματα
2857 2907 3075 2977 φανερὲ
3116 2906 3272 2968 Θεός.
3308 2903 3483 2965 Αὐτὸς
3518 2902 3576 2955 δὲ

2016 3006 2147 3079 μήθ’
2181 3005 2325 3075 ὑπὲρ
2375 2997 2451 3057 ὧν
2498 3001 2760 3062 πολλάκις
2796 2998 2903 3051 ὑπ²η
2927 2997 3064 3066 ἐμοῦ
3094 2995 3368 3057 πέπονθας
3398 2993 3577 3055 καλῶς

2018 3093 2244 3169 μηδενὸς
2303 3091 2583 3163 μνησθεὶς,
2615 3090 2740 3160 μήθ’
2772 3089 2847 3151 ὡς
2889 3087 3127 3141 τοσαῦτα
3175 3085 3578 3156 εὐεργετηθεὶς,

2013 3188 2134 3243 οὐδὲ
2163 3183 2311 3249 ἅπαξ
2332 3181 2608 3244 πέπονθας
2631 3181 2838 3244 κακῶς,
2872 3178 3009 3232 ἀλλά
3036 3179 3192 3248 δίκην
3221 3177 3410 3246 σειρᾶς
3433 3191 3579 3238 τινος

2010 3279 2290 3340 ἁδιάλυτος
2339 3274 2515 3347 ἡτῶν
2566 3271 3026 3341 εὐεργετημάτων
3072 3268 3366 3322 ἀκολουθία
3418 3266 3581 3337 μέχρι

2011 3370 2105 3425 νῦν
2135 3369 2270 3439 παρ’
2328 3364 2462 3435 ἐμοῦ
2521 3363 2842 3433 διετηρηθη,
2879 3362 3088 3431 ἑτέροις
3126 3360 3231 3415 ὑπὸ
3280 3358 3580 3430 βασκανίας

2013 3463 2180 3534 μηδὲν
2205 3456 2829 3526 ἀδικοῦντιπολεμοῦσιν
2853 3455 2978 3525 ἐμοὶ
3002 3454 3339 3524 προσνείμας
3363 3451 3578 3510 ἑαυτὸν,

2009 3557 2072 3609 τό
2106 3571 2169 3622 γε
2202 3554 2282 3611 εἰς
2317 3552 2462 3621 ἡμᾶς
2505 3545 2642 3619 ἧκον
2673 3547 2743 3600 τά
2771 3548 2978 3617 ἔσχατα
3027 3545 3268 3599 διέθεσθε
3314 3544 3480 3597 κακά.
3515 3542 3581 3593 Τί

2007 3648 2099 3702 οὖν
2131 3644 2267 3717 πρὸς
2314 3642 2487 3697 ταῦτα
2535 3641 2683 3708 κάμε
2732 3641 2828 3694 καὶ
2876 3638 3206 3693 διανοεῖσθαι
3247 3638 3341 3691 καὶ
3407 3637 3582 3687 ποιεῖν

2010 3739 2199 3810 ἐχρῆν,
2240 3737 2273 3806 ἢ
2341 3734 2634 3805 πειρᾶσθαι
2685 3731 2942 3800 βλάπτειν
2974 3730 3040 3782 ἂν
3086 3731 3196 3799 ἄρα
3246 3745 3300 3781 τι
3346 3728 3579 3795 δύναμαι
3646 3776 3654 3782 .

2009 3836 2100 3886 καῖ
2119 3831 2280 3894 αὐτός
2299 3846 2329 3893 ;¹
2347 3829 2410 3882 Εἰ
2431 3828 2477 3879 δ’
2502 3826 2595 3879 ἐπὶ
2644 3824 2818 3877 ταῦτα
2843 3822 3187 3892 ἐτραπόμην,
3212 3820 3464 3873 τιλοιπὺν
3489 3816 3578 3889 ἦν,

2009 3928 2041 3997 ἢ
2069 3926 2130 3978 σὲ
2167 3925 2266 3994 τὴν
2290 3921 2569 3994 προτέραν
2595 3918 2812 3989 θρηνεῖν
2844 3915 3195 3984 εὐδαιμονίαν
3220 3915 3413 3984 ἄτιμον
3441 3912 3583 3978 ἐξαί-

2009 4034 2147 4087 φνης
2181 4017 2275 4070 καὶ
2302 4016 2505 4083 ἄπορον
2555 4010 2841 4081 περιϊόντα
2860 4012 2924 4062 ἐκ
2977 4009 3188 4078 μεγάλα
3228 4005 3528 4075 δυναμένου
3559 4018 3577 4067 ;

2010 4111 2182 4165 Τοῦτο
2218 4110 2317 4180 μὲν
2369 4103 2464 4161 οὖν
2500 4106 2623 4176 ἐμοί
2651 4123 2711 4157 τε
2748 4104 2856 4157 τῶν
2911 4103 3050 4156 πάνυ
3111 4102 3311 4181 ῥᾳδίων
3364 4095 3454 4169 ἦν,
3484 4100 3581 4150 καὶ

2008 4202 2167 4264 αὐτὸς
2206 4201 2273 4255 ἂν
2301 4201 2554 4262 δικάσαις
2588 4195 2800 4266 σεαυτῷ
2842 4195 2916 4258 ὠς
2979 4196 3236 4248 τοιούτων
3282 4188 3427 4264 ἦσθα
3485 4191 3580 4244 καὶ

2010 4295 2272 4350 πλειόνων
2302 4293 2452 4356 ἄξιος
2481 4292 2580 4360 τῆς
2613 4288 2955 4359 πανουργίας
2998 4285 3315 4341 ἀπολαύειν.
3359 4281 3500 4352 Ἐγὼ
3531 4283 3578 4335 δ’

2008 4386 2231 4457 ἐμαυτῷ
2283 4386 2483 4451 πολλῆς
2516 4384 2665 4453 παρὰ
2687 4382 2823 4436 Θεοῦ
2857 4383 2956 4451 τῆς
2986 4377 3312 4449 συγγνώμης
3339 4375 3579 4446 δεομένῳ

2010 4480 2289 4542 συνειδὼς,
2337 4476 2464 4532 οὔτε
2501 4476 2724 4546 ἀριθμῷ
2776 4475 3040 4538 τοσαῦτα,
3097 4470 3221 4527 οὔτε
3275 4468 3578 4537 τηλικαῦτα

330 4566 622 4639 praefectus
665 4563 849 4618 denuo
899 4560 1153 4632 pluribus
1207 4559 1393 4613 verbis
1461 4566 1518 4611 et
1578 4559 1905 4628 iuramentis

2013 4572 2137 4626 καθ’
2160 4573 2375 4642 ἡμέραν
2402 4572 2774 4641 ἁμαρτάνοντι
2821 4568 2886 4621 τὸ
2924 4565 3181 4636 μέγεθος,
3215 4562 3353 4616 ἀλλὰ
3402 4559 3580 4626 πολλῷ

331 4675 452 4730 qua:
495 4658 793 4726 scripserat
843 4651 1203 4715 confirmatis,
1265 4652 1318 4704 in
1376 4651 1557 4718 magni
1613 4652 1901 4707 domestici

331 4750 559 4819 gratiam
589 4763 648 4803 se
681 4744 945 4806 restituit,
980 4750 1036 4794 et
1072 4741 1276 4794 multos
1313 4757 1511 4812 genere
1534 4742 1777 4796 illustres
1811 4757 1904 4797 ce-

332 4841 586 4898 lebritate
621 4834 860 4892 nominis
889 4832 1138 4887 anteivit.
1171 4832 1438 4900 Tempore
1464 4833 1817 4902 procedente,
1846 4844 1903 4890 ut

334 4949 498 5005 supra
552 4927 1001 4988 memoravimus,
1031 4941 1155 4981 cum
1201 4940 1328 4982 eum
1376 4926 1678 4995 imperator
1724 4928 1905 4984 adhuc

333 5039 622 5097 superans,
655 5021 849 5077 classis
880 5028 1072 5075 contra
1111 5019 1307 5074 Persas
1341 5018 1627 5074 ductorem
1654 5019 1903 5090 legisset,

333 5119 498 5189 idque
542 5112 724 5184 magni
770 5112 1058 5167 domestici
1107 5112 1320 5183 magnis
1348 5112 1609 5182 precibus
1638 5113 1906 5178 dedisset,

333 5210 476 5279 quod
512 5204 716 5274 alioqui
743 5205 871 5260 huic
921 5206 1135 5267 muneri
1200 5206 1422 5261 tniuime
1474 5206 1729 5261 idoneum
1780 5220 1907 5259 sen-

334 5301 480 5365 tiret,
514 5296 771 5353 curandae
802 5298 1119 5367 reipublicm
1164 5298 1444 5367 praepositi
1503 5307 1664 5352 erant
1697 5298 1908 5367 Spano-

332 5395 494 5463 jzulus
520 5407 552 5447 a
581 5392 843 5445 memoria
895 5400 951 5446 et
982 5391 1220 5446 Joannes
1252 5391 1642 5452 Melitenensis,
1671 5400 1908 5461 quaesto-

333 5498 422 5539 res
449 5483 716 5551 Georgius
759 5483 1163 5552 Pepaga'neuus
1221 5492 1278 5537 et
1302 5483 1560 5537 Nicolaus
1585 5481 1907 5537 Melitenen-

332 5575 637 5631 sis.Verum
667 5574 758 5627 ubi
792 5583 848 5630 et
875 5576 927 5629 in
965 5575 1165 5629 litteris
1198 5574 1593 5643 imperatoriis,
1627 5583 1683 5629 et
1719 5574 1773 5628 in
1811 5588 1907 5643 pe-

331 5666 531 5731 cuniis,
566 5676 623 5720 ut
647 5667 952 5727 docuimus,
981 5666 1172 5721 fraude
1198 5673 1465 5724 usus’est.
1498 5666 1905 5735 improbitatem

335 5757 635 5812 detestatus
683 5757 1001 5829 imperator,
1037 5759 1300 5812 honorem
1349 5758 1422 5820 ei,
1449 5773 1560 5826 quo
1585 5773 1776 5827 parum
1810 5760 1903 5814 diu

336 5848 556 5917 gavisus
581 5860 719 5918 erat,
770 5850 1072 5922 abrogavit,
1125 5849 1369 5919 vixitque
1410 5849 1477 5904 ad
1510 5860 1728 5920 tempus
1760 5852 1905 5907 uulia

2010 4661 2288 4733 δεινότερα
2321 4659 2420 4714 καὶ
2451 4655 2873 4716 πλείω.’Λλλως
2901 4672 2959 4706 τε
2991 4654 3221 4715 καὶτοῖς
3257 4652 3442 4721 ὅρκοις
3468 4649 3580 4708 τοῖς

2010 4756 2122 4818 σοῖς
2170 4751 2491 4811 πιστεύσας,
2523 4749 2858 4819 συγγνώμην
2910 4747 3223 4817 πχρέχομαι
3272 4744 3369 4797 καὶ
3409 4747 3583 4811 ἀμνη-

2010 4846 2163 4897 στίαν
2193 4845 2289 4912 τῆς
2322 4841 2617 4909 ἐπιϐουλῆς
2639 4855 2654 4869 ο
2690 4841 2775 4894 σοὶ
2831 4840 3150 4910 δὲιμελὴσει
3207 4838 3318 4897 τοῖς
3351 4833 3581 4901 ὕστερον

2008 4918 2236 5003 ἀγαθοῖς
2268 4934 2337 4985 τὰ
2383 4931 2627 5003 πρότερα
2670 4931 3012 5002 εἰργασμένα
3045 4928 3391 4995 ἀπαλείφειν.
3442 4926 3587 4977 Τότε·

2014 5028 2112 5096 μὲν
2146 5027 2174 5077 δ
2199 5024 2700 5094 παρακοιμώμενος
2751 5019 2909 5085 αὖθις
2937 5022 3117 5087 λόγοις
3146 5037 3205 5073 τε
3236 5019 3446 5072 πλείοσι
3484 5019 3579 5069 καὶ

2007 5120 2193 5188 ὅρκοις
2220 5118 2286 5169 τὰ
2319 5115 2686 5186 γεγραμμέναι
2726 5114 3155 5177 ἐπιϐεϐαιώσας,
3178 5112 3278 5181 τῆς
3306 5112 3458 5178 παρὰ
3486 5125 3579 5178 με⁸

2009 5210 2175 5278 γάλου
2199 5208 2527 5279 δομεστίκου
2552 5208 2716 5263 πάλιν
2738 5207 2978 5259 ἀπέλαυε
3007 5204 3200 5276 ῥοπῆς,
3229 5206 3323 5255 καὶ
3348 5201 3579 5261 πολλοὺς

2012 5302 2401 5373 παρευδοκίμει
2450 5303 2542 5355 καὶ
2573 5301 2685 5355 τῶν
2719 5300 2865 5367 γένει
2916 5298 3241 5370 περιδόξων.
3289 5298 3481 5368 Χρόνῳ
3521 5294 3578 5347 δὲ

2011 5393 2259 5465 ὕστερον,
2297 5393 2489 5463 ὥσπερ
2523 5393 2587 5462 δὴ
2641 5393 2736 5446 καὶ
2791 5391 3058 5461 πρότερον
3112 5390 3392 5459 ἱστόρηται
3427 5390 3576 5457 ἡμῖν,

2007 5488 2102 5540 τῆῦ
2137 5488 2279 5541 κατά
2313 5487 2539 5557 Περσῶν
2571 5486 2757 5538 στόλου
2812 5484 2918 5537 ὑπὸ
2955 5483 3220 5554 βασιλέως
3249 5482 3331 5534 ἔτι
3362 5482 3579 5551 περιῦν-

2008 5597 2098 5641 τος
2154 5579 2567 5647 ἀποδειχθέντος
2619 5577 2951 5646 στρατηγοῦ,
2984 5577 3157 5631 πολλὰ
3198 5574 3292 5628 τοῦ
3341 5573 3576 5644 μεγάλου

2012 5673 2140 5739 περὶ
2181 5670 2373 5725 τούτου
2409 5669 2733 5738 δςμεστίκου
2764 5668 3051 5737 δεηθέντος
3104 5666 3392 5737 βασιλέως,
3436 5664 3577 5718 ὥστε

2009 5765 2108 5833 τὴν
2167 5762 2509 5831 στρατηγίαν
2545 5760 2745 5830 ταύτην
2782 5760 3089 5829 ἐγχειρίσαι
3147 5759 3221 5829 μὴ
3274 5758 3579 5828 προσήκου-

2013 5875 2110 5907 σςιν
2148 5859 2339 5925 ἐκείνῳ
2363 5857 2460 5924 τὴν
2493 5857 2621 5923 περὶ
2644 5856 2708 5906 τὰ
2739 5853 2961 5907 τοιαῦτα
2989 5852 3239 5921 οἰομένου
3273 5846 3572 5918 διατριὸὴγ,
