4054 6440
436 383 546 445 T9

1614 397 2153 461 HISTORIARUM
2197 401 2429 465 LIBER
2470 368 2586 470 ιιι.

3525 387 3722 471 '793'

435 500 575 570 πρὸς
614 500 715 571 μὲν
749 504 846 573 τὴν
901 505 1204 579 ὑπηρεσίαν
1247 508 1338 562 τοῦ
1397 510 1653 579 μεσάζειν
1694 513 1807 574 τοῖς
1835 512 2004 581 δημο-

2114 511 2394 571 iunctione
2448 518 2686 586 publica.
2744 517 3025 575 Exstincto
3064 519 3396 589 imperatore
3435 536 3687 588 maguum

434 592 593 654 σίοις,
622 593 652 645 6
696 595 792 648 ἐπὶ
825 596 945 653 τῶν⁸
983 599 1346 670 ἀναμνήσεων
1397 602 1781 666 Σπανόπουλος
1847 603 1940 654 καὶ
1985 606 2012 655 ὁ

433 683 847 755 ﬂamma-cn;
883 687 1135 759 Ἰωάννης
1156 685 1299 761 ἦσαν
1322 692 1674 761 τεταγμένοι,
1706 694 2009 762 χρημάτων

438 773 496 824 δὲ
524 774 716 844 ταμίαι
739 775 851 830 τῶν
881 778 1098 845 κοινῶν,
1131 782 1159 834 6
1185 798 1244 835 τε
1269 784 1676 854 Πεπαγωμένος
1737 785 2009 855 Γεὼργιος

441 865 534 915 καὶ.
569 864 840 930 Νικόλαος
871 869 900 920 ό
932 871 1367 942 Μελιτηνιώτης.
1410 860 1563 928 Ἐπεὶ
1600 875 1656 928 δὲ
1692 876 1819 945 περί
1847 893 1905 928 τε
1941 877 2009 930 τά

441 953 701 1019 βασιλικὰ
741 956 1046 1026 γράμματα
1095 962 1217 1015 καὶ’
1242 966 1371 1032 περὶ
1402 964 1471 1017 τὰ
1513 967 1793 1037 χρήματα,
1821 965 2009 1037 ὥσπερ

441 1040 677 1112 ἔφημεν,
709 1046 1013 1119 ἐπιϐούλως
1051 1051 1380 1127 διανοηθείη,
1425 1054 1679 1124 βασιλεὺς
1708 1056 1809 1127 μὲν
1846 1058 2005 1126 μισή-

440 1152 538 1197 σας
573 1136 670 1206 τὴν
707 1141 994 1210 πονηρίαν,
1030 1142 1203 1212 μικρά
1243 1145 1343 1215 τῆς
1394 1147 1730 1217 στρατηγίας
1765 1147 2011 1201 ἀπολαύ-

439 1236 632 1288 σαντα,
668 1227 971 1295 παρέλυσεν
998 1229 1202 1296 εὐθέως
1241 1232 1340 1303 τῆς
1369 1233 1568 1305 ἀρχῆς,
1600 1235 1702 1289 καὶ
1746 1234 2009 1308 διήγαγεν

438 1315 532 1366 ἐπὶ
558 1317 749 1387 καιρδν
783 1318 948 1389 μηδὲν
969 1323 1453 1396 ἐγκεχειρισμένος
1478 1327 1588 1382 τῶν
1616 1327 1833 1383 κοινῶν.
1853 1329 2007 1382 Ἐπεὶ

439 1406 496 1458 δὲ
526 1407 876 1480 ἐτελεύτησεν
915 1411 943 1465 6
973 1412 1248 1482 βασιλεὺς,
1283 1416 1457 1470 πο).λά
1489 1417 1581 1471 τοῦ
1611 1420 1852 1489 μεγάλου
1885 1420 2008 1489 δεη-

439 1497 553 1562 θεὶς
598 1498 942 1570 δομεστίκου,
992 1506 1170 1561 καίτοι
1213 1511 1310 1564 καὶ
1367 1508 1581 1564 οἴκοθεν
1670 1512 2035 1583 ὡρμημένου

440 1591 610 1642 ποιεῖν
642 1592 805 1646 αὐτὸν
837 1594 921 1658 εὖ,
960 1596 1062 1667 τὴν
1122 1597 1222 1665 μὲν
1261 1599 1355 1652 τοῦ
1389 1600 1652 1671 μεσάζειν
1697 1600 2006 1674 ὑπηρεσίαν

435 1679 795 1753 ἐνεχειρίσθη,
856 1686 955 1758 τὴν
984 1688 1040 1741 δὲ
1084 1689 1193 1742 τῶν
1236 1690 1532 1760 βασιλικῶν
1580 1696 1876 1765 χρημάτων
1904 1716 2006 1767 φυ-

439 1770 638 1844 λακὴν,
669 1774 885 1829 οὐκέτι’
922 1777 1020 1832 καί
1065 1780 1151 1833 τοί
1205 1799 1267 1849 γε
1319 1781 1513 1854 ἔμελλε
1549 1785 1747 1857 μικρὸν
1778 1787 2003 1859 ὕστερον

2119 604 2502 669 domesticum,
2548 625 2858 679 quanquam
2899 625 2994 680 per
3040 626 3096 665 se
3126 612 3435 679 c‘upicntem
3481 612 3555 665 iiii
3602 615 3693 668 be-

2119 693 2394 761 nefacere,
2421 709 2694 765 precatus,
2727 700 2970 789 cilicium
2993 699 3478 761 administratoris.
3503 716 3557 754 at
3585 720 3688 756 ιιυιι

2119 782 2234 837 ﬁsci
2294 787 2693 855 praefecturam,
2743 782 3001 853 obtinuit,
3070 792 3309 853 tametsi,
3361 801 3419 844 ut
3464 807 3693 859 magum

2116 872 2452 932 domesticus
2477 877 2675 942 aiebat,
2708 881 2868 949 paulo
2898 887 3041 949 post-
3063 891 3115 936 et
3159 881 3300 935 hanc
3340 881 3688 936 obtinuisset.

2113 964 2281 1037 398
2312 969 2381 1022 At
2414 969 2504 1024 ille
2529 986 2654 1025 cum
2681 984 2936 1029 cerneret
2978 990 3008 1028 e
3039 973 3384 1044 praefecturis
3416 976 3554 1028 hanc
3586 986 3691 1028 sta-

2117 1058 2211 1111 tim
2242 1074 2306 1114 ac
2336 1059 2515 1136 facile,
2543 1059 2704 1116 simul
2732 1074 2788 1118 ut
2815 1066 3082 1135 petiisset,
3108 1066 3432 1136 contigisse,
3461 1066 3687 1120 alteram

2114 1161 2224 1202 non
2269 1132 2526 1219 amplius,
2555 1165 2678 1204 cum
2727 1132 2952 1223 propter
3003 1164 3225 1224 accepta
3277 1155 3481 1225 gratias
3528 1171 3688 1225 agere

2114 1240 2414 1307 debuisset,
2448 1242 2553 1312 ipsi
2587 1244 2660 1299 ob
2705 1261 2790 1309 ea,
2822 1250 3021 1315 quibus
3052 1264 3110 1304 se
3165 1249 3364 1319 injuste
3415 1249 3687 1318 privatum

2115 1333 2371 1400 ducebat,
2398 1335 2657 1389 ultionem
2682 1337 3106 1405 parabat.Ratus
3128 1354 3260 1394 vero
3281 1343 3684 1411 imperatricem

2113 1436 2306 1493 magno
2329 1424 2631 1480 domestico
2681 1428 2968 1498 utriusque
3026 1431 3366 1498 praefecturae
3418 1433 3470 1486 in
3505 1435 3685 1502 ipsum

2115 1513 2460 1593 conferenda:
2487 1523 2811 1584 potestatem
2850 1521 3089 1582 dedisse.
3125 1537 3363 1591 eumque
3410 1540 3517 1593 quo
3552 1526 3690 1579 alte-

2113 1617 2227 1655 ram
2252 1588 2578 1660 habentibus
2601 1608 3024 1677 gratiﬁcaretur,
3052 1611 3200 1665 illam
3230 1588 3687 1679 sibi’detrahere,

2113 1691 2168 1745 in
2233 1691 2351 1763 ejus
2407 1695 2592 1750 odium
2641 1698 3110 1771 oﬂensionemque
3170 1713 3357 1772 aperte
3410 1706 3692 1761 incurrere

2112 1782 2324 1848 statuit,
2379 1792 2434 1838 et
2489 1786 2554 1839 ad
2603 1788 3011 1857 imperatricem
3065 1793 3400 1862 ingrediens,
3450 1810 3517 1850 eo
3556 1812 3695 1867 prae-

440 1862 534 1954 καὶ
564 1861 786 1954 ταύτην,
822 1867 898 1931 ὡς
931 1871 958 1921 6
992 1869 1170 1940 μέγας
1210 1873 1435 1945 ὕστερον
1459 1877 1781 1945 δομὲστικος
1828 1880 2005 1935 διεσε-

2111 1880 2284 1937 seute,
2316 1882 2512 1951 etcum
2542 1876 2628 1931 illa
2654 1878 3000 1949 colloquente
3029 1922 3044 1947 ,
3086 1861 3314 1952 opinor,
3350 1861 3692 1954 inquit,—non

325 1953 336 1963 '
436 1949 679 2007 ὅαιοῦτο.
725 1955 785 2008 Ὀ
811 1955 867 2010 δὲ
893 1959 989 2028 τὴν
1021 1960 1123 2031 μὲν
1156 1963 1265 2017 τῶν
1298 1964 1484 2035 ἀρχῶν
1518 1967 1640 2021 ίδὼν
1674 1969 1878 2034 εὐθέως
1906 1974 2025 2045 καῖ’

438 2043 576 2108 μετά
609 2045 893 2117 ῥᾳστώνης
921 2050 1066 2122 αὐτῷ
1111 2058 1557 2129 προσγενομένην
1588 2061 1705 2131 ἅμα
1737 2063 1824 2133 τῷ
1848 2065 2015 2135 αίτῆπ

438 2148 550 2225 σαι,
587 2133 911 2214 τὴνέτέραν
948 2139 1004 2194 δὲ
1035 2143 1242 2210 οὐκέτι,
1296 2149 1357 2215 οὐ
1396 2149 1504 2202 τῶν
1565 2133 2003 2225 παρεσχημένων

435 2220 594 2316 ἕνεκα
615 2227 779 2316 ,ἐπῄει
804 2231 1006 2298 μᾶλλον
1028 2235 1259 2305 χάριτας
1290 2242 1590 2310 ὁμολογεῖν,
1616 2220 2000 2316 ῆνάμῄύνεσθαι,

360 2334 363 2337 λ
437 2307 508 2411 ὧν
538 2315 739 2381 ἀδίκως
763 2321 899 2392 ᾤετο
932 2307 1382 2399 ἀποστερεῖσθαι·
1425 2307 1655 2404 νομίσας
1684 2307 1741 2391 δέ
1774 2341 1870 2394 καὶ
1903 2307 2025 2411 βαλ¹

438 2405 607 2462 σιλίδα
651 2410 750 2481 μὲν
803 2417 1234 2489 ἐπιτετραιρέναι
1290 2423 1367 2495 τῷ
1422 2428 1647 2499 μεγάλῳ
1694 2405 2003 2508 δομεστίκῳ

435 2498 754 2572 ἀμφοτέρας
816 2507 1013 2580 ἐκείνῳ
1054 2512 1384 2585 ἐγχειρίζειν
1427 2519 1522 2581 τὰς
1569 2498 1768 2593 ἀρχὰς,
1809 2526 1901 2580 τὸν
1945 2498 2003 2582 δὲ

433 2595 794 2665 χαριζόμενον
842 2604 956 2665 τοῖς
1010 2605 1108 2674 τὴν
1156 2608 1351 2680 ἑτέραν
1402 2594 1618 2681 ἔχουσιν
1675 2617 2004 2690 ἀποστερεῖν

432 2687 664 2779 ἐκεῖνον,
691 2690 832 2758 ἔγνω
867 2694 978 2748 δεῖν
1009 2700 1373 2770 προσκρούειν
1402 2705 1672 2774 φανερῶς.
1704 2709 1815 2763 Καὶ
1852 2687 2005 2779 βασι-

433 2777 917 2871 λίδι-προσελθὼν,
937 2788 1206 2858 παρόντος
1235 2792 1446 2847 ἐκείνου
1470 2799 1565 2847 καὶ
1590 2777 2001 2871 διαλεγομένου,

446 2864 583 2934 Ἐγὼ
617 2870 839 2939 νομίζω,
877 2869 1051 2942 εἶπεν,
1082 2878 1145 2931 οὐ
1180 2881 1341 2951 μόνον
1372 2883 1469 2956 τὴν
1496 2887 1619 2955 ἐμοὶ
1650 2864 2008 2965 παρεσχημέζ

437 2978 531 3032 νην
570 2961 665 3016 νῦν
696 2967 889 3037 ἀρχὴν,
920 2968 1056 3023 ἀλλά
1091 2973 1185 3025 καὶ
1219 2975 1402 3035 πάσας
1442 2977 1577 3041 ὅσας
1603 2961 2006 3052 ἀρχουσιηἹδω-

437 3054 613 3118 μαῖοι,
644 3054 706 3106 οὐ
749 3059 898 3126 παρὰ
933 3060 1174 3129 μεγάλου
1228 3063 1576 3135 δομεστίκου,
1610 3070 1763 3139 παρὰ.
1806 3074 1899 3126 cro-3
1947 3075 2004 3129 δὲ

434 3147 790 3215 χορηγεῖσθαι
838 3152 999 3206 πᾶσι.
1048 3153 1138 3207 Διὸ
1188 3159 1283 3211 καὶ
1322 3158 1506 3226 οἴομαι
1563 3165 1864 3233 προσήκειν
1919 3168 2015 3239 σοὶ,

433 3235 531 3298 τὰς
560 3240 660 3308 τῆς
704 3240 1025 3311 εὐεργεσίας
1063 3244 1294 3316 χάριτας
1344 3251 1564 3307 ειδέναι.
1617 3252 1678 3307 Εί
1726 3256 1792 3328 δὴ
1836 3235 2012 3327 ταῦτα,

434 3326 625 3395 οὕτως,
650 3329 838 3404 ὥσπερ
870 3335 1079 3408 οἴομαι,
1124 3339 1277 3394 ἔστιν
1311 3342 1514 3414 ἀληθῆ,
1552 3346 1670 3400 ἀνθ’
1701 3350 1824 3403 ὅτου
1857 3354 2006 3423 ποιρά

436 3419 529 3514 σοῦ
562 3428 1043 3496 προστεταγμένον
1087 3431 1409 3505 ἀμφοτέρας
1458 3436 1606 3509 ἔχειν
1656 3440 1754 3505 τάς
1805 3419 2005 3514 ἀρχάς,

433 3505 508 3565 ὧν
536 3515 630 3568 καὶ
664 3516 951 3586 περιόντος
974 3514 1143 3590 ἦρχον
1171 3521 1457 3592 βασιλέως,
1620 3531 1818 3597 ἑτέραν

437 3601 624 3673 ἐσχιτο
660 3607 845 3673 αὐτὸς,
878 3612 978 3680 τῆς
1013 3614 1145 3681 μιᾶς
1207 3614 1609 3690 ἀποστερήσας,
1678 3622 1867 3696 δέομαί
1913 3601 2006 3683 σου

437 3697 534 3748 καὶ
570 3695 667 3767 τὴν
698 3699 894 3769 ἑτέραν
923 3702 1073 3774 αὐτῷ
1113 3707 1419 3775 προστάξαι
1446 3695 1778 3777 ἀποδοῦναι,
1805 3719 2007 3787 μᾶλλον

435 3784 491 3838 δὲ
521 3786 614 3839 καὶ
640 3787 802 3841 αὐτοῦ
837 3792 1107 3861 παρόντος
1140 3799 1292 3865 ποιρά
1329 3815 1423 3852 σου
1455 3784 1890 3877 ἐγχειρισθῆναι,
1919 3810 2007 3867 ἵνα

439 3893 522 3932 σοι
557 3881 652 3934 καὶ
698 3880 900 3951 μᾶλλον
931 3886 1322 3967 προσηκούσας
1369 3892 1466 3956 τὰς
1506 3895 1861 3968 εὐχαριστίας
1907 3905 2007 3972 τῆς

437 3968 757 4038 εὐεργεσίας
800 3970 1005 4043 ἀποδῷ.
1043 3974 1102 4028 '0
1140 3976 1320 4047 μέγας
1381 3980 1481 4051 μὲν
1528 3981 1625 4040 οὖν
1688 3968 2007 4058 δομέστικος

437 4058 734 4128 ἐφθέγξατο
758 4062 932 4120 οὐδέν.
969 4062 1035 4117 Ἦ
1061 4065 1273 4137 βασιλὶς
1295 4069 1340 4123 δ’
1365 4073 1531 4127 αὐτοῦ
1583 4077 1786 4149 πολλὴν
1830 4098 1998 4136 κατα-

439 4151 640 4218 γνοῦσα
655 4152 753 4222 τὴν
771 4151 1112 4224 ἀχαριστίαν,
1130 4157 1279 4213 Πάνυ
1298 4159 1619 4233 θαυμάζειν,
1646 4165 1819 4236 εἶπεν,
1845 4174 2006 4244 ἐπέρ-

437 4245 591 4315 χεταί
628 4246 741 4316 μοι,
775 4247 876 4319 τὴν
907 4248 1084 4315 αἰτίαν
1109 4251 1169 4317 ἐξ
1205 4246 1276 4326 ἧς
1322 4256 1404 4318 εἰς
1452 4255 1678 4323 τούτους
1718 4263 2007 4334 προήχθης

437 4339 558 4402 τοὺς
585 4338 774 4409 λόγους
805 4342 866 4394 οὐ
907 4342 1213 4415 συνορώσῃ.
1252 4343 1316 4398 Ei
1368 4344 1468 4414 μὲν
1500 4346 1609 4417 γὰρ
1647 4348 1894 4420 οἰόμενος
1929 4349 2007 4425 μῆ

436 4430 535 4502 τὴν
564 4433 758 4502 ὁμοίαν
807 4433 1041 4505 δύναμιν
1071 4436 1164 4491 τὸν
1224 4437 1400 4506 μέγαν
1428 4438 1757 4510 δομέστικον
1786 4443 1854 4514 ἦν
1899 4461 2004 4518 περ

438 4525 533 4577 καὶ
564 4526 831 4596 πρότερον
860 4528 1182 4599 κεκτῆσθαι,
1213 4528 1369 4600 nep:
1403 4547 1456 4584 τι
1485 4530 1845 4604 διαφέρεσθαι
1867 4523 2004 4606 πρὸς

439 4617 620 4681 αὐτὸν,
654 4619 764 4672 δεῖν
792 4617 963 4688 ἔγνως
997 4620 1247 4686 αὐθαδῶς
1280 4622 1428 4694 αὐτῷ
1470 4625 1879 4697 προσφέρεσθαι
1912 4631 2010 4683 καὶ

440 4709 709 4779 θρασέως,
760 4709 871 4763 ῐσθι
907 4713 1051 4767 πάνυ
1093 4713 1188 4766 τοῦ
1220 4716 1590 4786 προσήκοντος
1621 4717 1909 4788 ἁμαρτών.
1944 4720 2008 4775 Ei

438 4802 482 4855 δ’
505 4803 684 4856 -οὐδὲν
715 4803 1133 4873 ἀποϐεϐληκότα
1185 4806 1409 4875 καὶτῆς
1446 4805 1733 4877 δυνάμεως
1779 4806 1875 4862 καῖ
1911 4813 2012 4880 τῆς

440 4893 651 4956 εὐνοίας
682 4893 783 4962 τῆς
814 4895 894 4958 είς
940 4895 1039 4964 ἐμὲ
1070 4895 1250 4965 εἰδὼς,
1282 4894 1474 4951 ἔπειτα
1519 4899 1600 4962 είς
1645 4897 1804 4952 τοῢτο
1841 4903 2011 4971 προή-

439 4988 574 5058 χθης
620 4987 875 5053 ἀτοπίας,
923 4988 1022 5042 οὐκ
1075 4988 1390 5054 ἀσυνεσίας,
1441 4990 1577 5044 ἀλλὰ
1623 4992 2010 5063 παραπληξίας

443 5077 608 5149 φαίην
650 5077 715 5132 ἂν
746 5078 925 5148 ἔγωγε
982 5079 1107 5141 τοὺς
1140 5076 1335 5144 λόγους
1365 5078 1639 5135 τουτουσί.
1678 5078 1820 5152 Ἐγὼ
1858 5080 1911 5134 δέ
1951 5097 2010 5133 σε

440 5175 727 5241 περιόντος
763 5176 858 5244 μὲν
889 5173 1036 5246 ⁴ᾔδειν
1067 5173 1331 5245 βασιλέως
1366 5177 1468 5247 τήν
1506 5188 1565 5228 τε
1603 5175 1697 5230 τοῦ
1747 5174 2009 5244 μεσάζειν

442 5268 931 5337 ἐγκεχειρισμένον
986 5268 1078 5320 καὶ
1104 5267 1224 5320 -τοῦ
1276 5267 1558 5338 βασιλικοῦ
1609 5267 1860 5336 ταμιείου
1909 5267 2009 5339 τὴν

442 5358 639 5429 ἀρχήν.
673 5359 818 5429 Πλὴν
848 5361 941 5412 καὶ
972 5359 1091 5413 τότε
1126 5359 1273 5412 εἴποι
1310 5373 1392 5421 τις
1422 5358 1506 5420 ἂν,
1531 5357 1630 5428 οὐχ
1663 5358 1879 5422 ἑκόντος
1916 5357 2013 5431 βαέ

416 5440 419 5443 ’
446 5453 658 5516 σιλέως,
691 5453 828 5506 ἀλλά
863 5453 950 5508 διὰ
989 5454 1049 5506 τὸ
1072 5452 1365 5524 βούλεσθαι
1392 5455 1583 5506 τοῦτον
1611 5454 2009 5525 παραχωροῦν-

2108 1959 2286 2015 solum
2343 1979 2490 2018 nunc
2542 1965 2678 2021 mihi
2730 1971 3076 2027 commissam
3137 1974 3541 2043 praefecturam,
3594 1976 3691 2032 sed

2109 2071 2320 2120 omnes,
2364 2074 2500 2128 quas
2551 2062 2781 2119 Romani
2830 2065 3039 2121 habent
3092 2067 3465 2136 praefecturas,
3525 2087 3690 2126 nona

2110 2163 2305 2218 magno
2337 2150 2663 2219 domestico,
2699 2155 2794 2210 sed
2852 2157 2951 2211 abs
3015 2167 3069 2212 te
3117 2161 3386 2215 committi
3446 2176 3510 2215 ac
3571 2162 3689 2217 dari

2109 2239 2387 2294 omnibus.
2417 2240 2594 2307 Quare
2624 2244 2788 2300 etiam
2836 2245 3031 2302 decere
3074 2247 3338 2312 arbitror,
3373 2250 3466 2304 tibi
3498 2249 3567 2305 de
3598 2251 3693 2306 be-

2109 2332 2307 2387 neﬁcio
2335 2336 2536 2405 gratias
2578 2353 2757 2407 agere.
2788 2340 2942 2406 Quod
2977 2341 3023 2396 si
3053 2342 3125 2396 ita
3163 2350 3269 2408 est,
3330 2354 3389 2398 ut
3431 2346 3565 2399 mihi
3603 2347 3691 2400 vi-

2109 2424 2290 2490 detur,
2327 2427 2457 2494 quid
2495 2428 2590 2489 ita,
2623 2446 2747 2483 cum
2776 2433 2874 2487 abs
2902 2441 2954 2488 te
2984 2432 3198 2502 iussum
3229 2433 3299 2490 sit
3327 2435 3517 2495 ambas
3546 2434 3694 2491 obti.

2112 2530 2240 2570 nere
2278 2533 2362 2572 me
2400 2521 2774 2588 praefecturas,
2822 2538 2960 2592 quas
3008 2524 3134 2580 vivo
3178 2526 3514 2596 imperatore
3543 2530 3693 2582 obti-

2112 2609 2347 2676 nuerint,
2402 2626 2562 2665 uuam
2614 2613 2705 2667 hic
2752 2614 2883 2668 mihi
2936 2615 3112 2682 dedit,
3171 2618 3400 2672 alteram
3451 2619 3694 2690 eripuit?

2111 2698 2292 2765 Quare
2326 2712 2375 2755 te
2404 2717 2524 2769 orn,
2556 2714 2612 2758 ut
2643 2706 2868 2760 alteram
2898 2698 3118 2779 quoque
3149 2711 3302 2765 reddi
3328 2712 3523 2781 jubeas
3548 2752 3563 2773 .
3608 2714 3693 2768 vel

2111 2791 2295 2860 potius
2325 2796 2443 2864 ipso
2470 2809 2737 2864 praesente
2769 2809 2823 2853 tu
2852 2802 2905 2853 in
2941 2816 3028 2856 me
3071 2802 3345 2867 conferas,
3385 2812 3445 2859 ιιι
3473 2805 3569 2859 tibi
3598 2821 3694 2874 po-

2115 2885 2244 2951 tius,
2274 2902 2411 2956 quas
2436 2887 2633 2952 debeo,
2668 2893 2871 2961 gratias
2890 2884 3073 2963 agam.
3100 2895 3309 2952 Silebat
3331 2897 3397 2950 ad
3429 2897 3546 2954 h'cc
3572 2912 3693 2950 ma-

2111 2992 2249 3046 gnus
2279 2977 2644 3045 domesticus;
2700 2983 3019 3052 impcratrix
3053 2996 3238 3040 autem
3301 2988 3688 3056 Apocaucltum

2114 3068 2465 3125 vehementer
2519 3070 2790 3141 ingratum
2839 3073 3117 3144 judicans,
3174 3078 3364 3149 Magna
3426 3096 3511 3135 me
3544 3084 3690 3151 capit

2113 3156 2424 3221 admiratio,
2471 3160 2671 3229 inquit,
2705 3178 2812 3215 non
2865 3162 3263 3233 intelligentem
3307 3170 3582 3224 undcnam
3618 3172 3686 3225 ad

2111 3250 2424 3320 hujusmodi
2456 3242 2618 3307 voces
2664 3254 2964 3324 impellam.
3020 3255 3076 3311 Si
3120 3259 3266 3313 enim
3301 3276 3557 3330 magnum
3585 3266 3686 3317 do-

2110 3340 2399 3395 mesticum
2445 3357 2554 3396 non
2596 3344 2807 3408 eadetn,
2848 3361 2954 3415 qua
2990 3346 3144 3415 prius
3183 3357 3451 3416 potestate
3481 3351 3684 3409 valere.

2111 3441 2167 3486 et
2210 3447 2294 3486 me
2323 3433 2391 3487 ab
2425 3434 2543 3504 ipso
2575 3436 2887 3504 discrepare
2918 3439 3259 3503 existimans,
3292 3451 3610 3511 arrOgauter
3633 3455 3690 3498 et

2109 3522 2449 3578 confidenter
2478 3525 2533 3585 in
2566 3527 3047 3582 eum-irruendum
3096 3529 3415 3597 decrevisti,
3447 3535 3587 3587 scito
3637 3543 3689 3588 te

2112 3622 2224 3671 tota
2260 3616 2342 3670 ria
2386 3619 2694 3674 aberrasse.
2735 3619 2829 3673 Sin
2876 3635 3054 3691 neque
3104 3624 3167 3677 de
3217 3626 3481 3692 potentia,
3508 3640 3690 3695 neque

2109 3708 2178 3763 de
2208 3709 2590 3765 benevolentia
2639 3704 2785 3767 illius
2817 3729 2947 3784 erga
2977 3729 3062 3769 me
3088 3714 3387 3789 quidquam
3430 3719 3691 3773 imtninu‘

2112 3810 2226 3855 tum
2259 3801 2464 3866 sciens,
2502 3802 2678 3858 nihilo
2710 3803 2891 3859 minus
2933 3805 3043 3859 huc
3082 3807 3389 3862 insolentiae
3422 3811 3690 3878 processi-

2111 3892 2206 3959 sti,
2237 3908 2346 3947 non
2398 3908 2500 3964 ego
2530 3895 2637 3963 iam
2683 3895 2833 3951 hunc
2865 3908 3177 3951 sermonem
3213 3907 3369 3953 tuum
3403 3901 3692 3970 impuden-

2113 3985 2219 4051 tiae,
2250 3987 2346 4041 sed
2375 3989 2627 4041 amentiae
2651 3989 3024 4056 aseripserim.
3057 3989 3173 4043 Non
3207 4004 3292 4045 me
3341 3991 3568 4047 fallebat
3600 4011 3692 4048 su-

2109 4077 2337 4150 perstite
2370 4079 2698 4147 imperatore
2722 4079 3186 4136 administratoris
3238 4098 3462 4148 munus,
3494 4087 3686 4141 simul-

2110 4185 2217 4240 que
2265 4169 2380 4225 iisei
2416 4170 2797 4241 praefecturam
2831 4170 2931 4227 tibi
2966 4175 3315 4228 commissam
3359 4192 3372 4230 :
3406 4188 3687 4232 verumta-

2110 4278 2235 4317 men
2274 4263 2439 4318 etiam
2494 4272 2610 4317 tum
2654 4262 2838 4318 dicere
2877 4264 3099 4329 licebat,
3136 4279 3246 4318 non
3299 4264 3687 4335 imperatorem

2109 4352 2369 4414 voluisse,
2402 4353 2496 4407 sed
2544 4352 2764 4408 volente
2813 4352 2919 4409 hoc
2963 4354 3307 4423 permisisse,
3345 4344 3457 4425 quo
3504 4359 3554 4411 ei
3582 4374 3689 4423 po-

2110 4452 2223 4498 stea
2254 4445 2483 4500 multum
2521 4460 2584 4500 ac
2635 4462 2779 4517 saepe
2810 4446 2866 4500 in
2891 4456 2944 4502 te
2978 4449 3331 4502 stomachans
3383 4453 3686 4521 exprobra-

2037 4543 2083 4600 ι)
2112 4532 2226 4598 bat,
2258 4534 2414 4602 quasi
2448 4549 2564 4589 rem
2592 4536 2793 4605 egisset
2822 4536 3097 4603 inutilem,
3121 4552 3245 4592 cum
3268 4548 3329 4593 .te
3360 4541 3683 4611 majoribus,

2115 4640 2277 4696 quam
2323 4638 2425 4696 pro
2459 4626 2707 4683 httmeris
2739 4628 2870 4694 tuis,
2902 4629 3125 4700 dignum
3161 4631 3496 4687 censuisset.
3533 4635 3688 4688 Post-

2115 4733 2275 4790 quam
2309 4710 2499 4772 autem
2516 4718 2677 4774 classi
2704 4733 2762 4774 es
2778 4719 3088 4790 praefectus,
3110 4731 3166 4775 et
3184 4734 3249 4776 ea
3278 4723 3541 4793 dignitate
3566 4740 3688 4777 rur-

2113 4828 2235 4869 sum
2285 4822 2504 4876 exutus,
2539 4827 2642 4869 nec
2669 4814 2796 4868 vivo
2844 4828 2947 4869 nec
3002 4823 3221 4870 mortuo
3272 4817 3606 4887 imperatore
3655 4837 3684 4871 ιι

2113 4920 2201 4961 me
2228 4904 2296 4959 ad
2324 4905 2493 4960 ullum
2542 4906 2918 4976 magistratum
2951 4914 3247 4975 provectus
3277 4922 3359 4963 es.
3393 4908 3553 4965 Nunc
3597 4910 3685 4963 hic

2114 5003 2306 5063 suopte
2329 5001 2489 5056 nutu,
2513 5007 2677 5062 quam
2709 4992 2951 5058 dicebas,
2982 4995 3361 5064 praefecturam
3406 4998 3504 5052 tibi
3530 5013 3684 5053 man-

2113 5082 2283 5139 davit.
2319 5083 2526 5140 Deinde
2557 5100 2679 5138 cum
2725 5086 2782 5139 id
2834 5086 2967 5140 mihi
2998 5088 3387 5155 renuntiasset,
3420 5098 3477 5145 ttt
3505 5098 3689 5145 ratum

2115 5174 2374 5231 haberem
2402 5174 2546 5246 quod
2578 5185 2783 5246 egerat,
2807 5177 3053 5233 adduxit.
3083 5178 3321 5235 Decebat
3351 5180 3519 5251 igitur
3563 5198 3688 5251 επιει-
3724 5187 3742 5243 ς’

2114 5276 2227 5322 ιιιιη
2253 5282 2374 5322 esse
2398 5267 2664 5323 adversus
2711 5268 2850 5323 bene
2906 5270 3185 5338 meritum,
3222 5287 3324 5327 nec
3370 5287 3497 5327 cum
3534 5280 3682 5328 tanta

2113 5359 2441 5415 confidentia
2490 5368 2597 5414 tam
2644 5370 2963 5427 arroganter
3032 5373 3084 5417 te
3134 5378 3345 5434 gerere.
3378 5362 3505 5419 ibeo
3566 5365 3683 5419 Au-

2112 5460 2267 5522 gusta
2298 5450 2364 5504 ad
2391 5448 2706 5520 pmfectum
2749 5451 3011 5506 cubiculi.

444 5564 506 5600 το
520 5567 555 5607 ξ.
586 5549 675 5601 Διὸ
710 5550 804 5602 καὶ
850 5548 1021 5602 πο).λά
1053 5550 1312 5612 πολλάκις
1342 5546 1652 5611 ὠνειδίζετο
1682 5548 1812 5617 παρ’
1861 5549 2096 5611 ἐκείνου,
2129 5546 2269 5599 κατά
2334 5545 2428 5597 σοῦ
2460 5544 2830 5612 ἐκφερομένου
2900 5547 3035 5616 πρὸς
3101 5548 3291 5616 ὀργὴν,
3322 5548 3396 5608 ὡς
3449 5549 3507 5600 οὐ
3536 5546 3685 5599 λυσιο

422 5636 705 5692 ’τελοῦντα
751 5639 1007 5707 πράττων
1040 5638 1097 5691 σὲ
1141 5636 1465 5708 μειζόνωνῆ
1512 5638 1789 5708 προσῆκεν
1851 5637 2042 5703 ἀξιῶν.
2095 5637 2249 5690 Ἐπεὶ
2289 5635 2345 5687 δὲ
2413 5634 2688 5704 ναύαρχος
2739 5635 2979 5705 αἱρεθεὶς
3030 5635 3186 5699 αὖθις
3230 5639 3529 5710 ἒξςὸλήθης
3584 5641 3686 5708 τῆς

446 5730 643 5800 ἀρχῆς,
675 5730 799 5784 οὔτε
828 5730 1091 5801 βασιλέως
1142 5731 1364 5793 ζῶντος,
1401 5727 1525 5781 οὐτε
1567 5727 1708 5797 μετά
1768 5728 1866 5799 τὴν
1896 5728 2108 5782 ἐκείνου
2178 5726 2438 5794 τελευτὴν
2478 5724 2570 5778 ὑπ’
2601 5724 2737 5795 ἐμοῦ
2769 5725 2903 5796 πρὸς
2965 5727 3140 5797 ἀρχήν
3205 5743 3327 5781 τινα
3374 5730 3681 5801 προήχθης.

434 5811 560 5881 ’Νῦν
590 5825 637 5891 δ’
680 5817 833 5887 οὗτος
908 5822 1120 5878 οἴκοθεν
1166 5826 1429 5892 πρότερον
1471 5819 1755 5903 ορμηθεκ,
1829 5821 1896 5891 ἢν
1948 5820 2083 5892 ἔφης
2123 5819 2451 5890 ἐνεχείριβεν
2504 5819 2702 5889 ἀρχήνο
2756 5818 2967 5873 Ἔπειθ’
3029 5819 3265 5891 ὕστερον
3316 5822 3685 5895 ἀπαγγείλας.
