4054 6418
359 331 460 396 791

1531 319 1850 387 JOANNIS
1887 317 2438 382 CANTACUZENI.

3519 309 3630 374 7-92

357 453 543 506 ἔπεισε
577 451 722 522 κάμὲ
762 410 1014 522 στέργειν
1055 447 1122 502 τὰ
1162 443 1535 516 ἐψηφισμένα.
1572 443 1662 494 Διὸ
1695 440 1942 511 προσῆκε
1986 438 2084 508 τῆς
2146 433 2472 508 εὐεργεσίας
2515 430 2748 504 χάριτας
2812 426 3125 500 ὁμολογεῖν,
3148 424 3244 481 καὶ
3272 425 3347 499 μὴ
3378 425 3628 498 θρασέως

356 523 852 609 ἀπαυθαδίζεσθαι.
892 543 1052 599 Οὕτω
1101 542 1200 612 μὲν
1232 535 1329 596 οὖν
1376 537 1650 612 aeuum;
1712 536 1852 606 πρὸς
1911 533 2005 586 τὸν
2042 527 2546 602 παρακοιμὼμενον
2571 525 2893 596 ἐφθέγξατο.

1688 671 1855 746 399
1889 668 2118 727 CAPUT
2159 667 2298 723 xw.

357 797 703 866 Apocauchus
739 814 771 850 a
823 796 1108 850 domestico
1147 794 1638 866 colt-atadignitole
1676 792 1939 866 privatur,
1963 797 2017 866 et
2045 786 2426 866 ferrumtum
2444 800 2467 866 ί
2492 799 2616 866 cum
2649 799 2742 866 per
2768 783 2882 866 eius
2923 782 3136 866 .amicos
3165 781 3630 866 et‘pn‘triarcftom

429 849 621 937 placat.
652 849 1053 937 Iinperalricmt
1089 868 1134 919 ei
1164 849 1490 937 reconcilio}.
1523 849 1816 937 Mittuntur
1837 849 1934 921 qui
1954 855 2196 937 Epibatis
2217 849 2690 937 iliun'thrtdducant,
2713 854 2804 936 sed
2821 853 2996 937 uenire
3019 851 3266 937 abnegat:
3296 849 3628 937 Ιξοηιειιὶριιε
3701 879 3704 884 .

429 919 946 990 ἓοΙιονεαιιίεόυιηρε
978 936 1048 990 ad
1079 934 1415 988 concordiam
1451 941 1502 986 et
1537 947 1741 1000 pacem,
1775 919 2033 1000 Byaantio
2058 923 2298 1000 discedit.
2330 923 2524 1000 Filium
2561 940 2715 978 suam
2743 924 3054 1000 imperatori
3080 919 3266 992 juoeni
3313 919 3632 1000 despondere

429 1007 622 1076 diﬁ'ert.
661 989 1006 1075 Apocnuchus
1034 1007 1304 1077 inritinere
1350 1020 1406 1077 se
1455 989 1548 1057 illi
1580 989 1918 1077 ultro'tratdit
1953 1006 2014 1077 et
2047 997 2112 1050 de
2166 996 2491 1077 jttromentis
2535 1004 2659 1077 ante
2693 989 2903 1063 rejectis
2928 1009 3043 1076 sese
3081 989 3304 1077 purgat.
3341 989 3628 1077 ΔΕ’,ῑιιιιαιξιιιιι

435 1066 606 1129 ηίὰειοε
632 1066 812 1146 πιάθηί
840 1076 1110 1131 domestici
1160 1073 1513 1145 colloquium;
1567 1088 1599 1124 a
1631 1087 1736 1142 qua
1770 1068 2107 1133 admonetur,
2155 1073 2214 1119 ut
2264 1066 2418 1134 [actis
2467 1066 2658 1135 magis,
2711 1079 2869 1134 quam
2920 1066 3237 1128 iuramentis
3297 1075 3352 1114 se
3403 1066 3631 1113 amicum

428 1153 659 1216 praestet.

426 1262 652 1334 Magnus
695 1263 1036 1320 domesticus
1071 1278 1172 1318 nec
1192 1262 1310 1332 ipse
1333 1271 1442 1316 tam
1486 1259 1802 1329 improbum
1831 1257 1931 1311 ho-
1960 1258 2010 1318 Δ

357 1354 560 1409 minem
592 1351 803 1412 diutius
828 1355 1132 1421 sustinens,
1175 1370 1368 1410 vocem
1396 1355 1453 1409 in
1484 1353 1598 1408 hac
1631 1351 1798 1407 verba
1831 1349 1947 1405 sol-

357 1442 478 1496 vit:
516 1442 817 1514 Oportebat
865 1445 1091 1514 quidem
1151 1443 1612 1514 longinquitatem
1659 1441 1944 1511 temporis,

359 1548 469 1602 quo
497 1534 782 1590 beneficiis
815 1536 954 1590 meis
977 1551 1109 1591 usus
1134 1550 1213 1596 es.
1243 1534 1559 1604 magistram
1589 1532 1687 1587 tibi
1713 1532 1945 1604 gratitu-

360 1622 506 1678 dinis
540 1624 676 1680 ﬁeri.
713 1625 819 1681 Sed
842 1628 970 1696 quia
1005 1636 1200 1697 sponte
1240 1641 1304 1683 ac
1357 1625 1538 1680 libens
1570 1623 1747 1680 malus
1778 1638 1859 1684 es.
1893 1631 1948 1678 et

360 1729 485 1768 cum
512 1717 719 1786 gratias
767 1717 1018 1787 ingentes
1054 1733 1218 1790 agere
1254 1725 1568 1786 oporteret,
1603 1723 1662 1770 tu
1690 1714 1944 1770 convicia

360 1806 549 1861 dicere
581 1807 844 1874 maluisti,
869 1809 980 1880 jam
1032 1824 1134 1879 ego
1167 1820 1218 1865 te
1246 1811 1351 1866 hoc
1383 1810 1530 1880 ipso,
1575 1824 1685 1880 quo
1721 1823 1949 1885 ornave-

361 1911 503 1959 ram,
536 1896 743 1952 honore
777 1900 985 1967 multo;
1028 1910 1085 1956 et
1107 1901 1176 1956 ab
1209 1901 1316 1956 hoc
1343 1901 1435 1957 die
1472 1899 1809 1956 nullius'tibi
1843 1915 1948 1970 pu-

361 1986 520 2042 blicre
545 1988 624 2042 rei
667 2004 801 2045 cura
847 1999 987 2046 esto.
1035 1991 1128 2048 Sic
1159 1992 1520 2049 domesticus.
1579 1992 1947 2063 Apocauchus

363 2079 770 2150 imperatricem
814 2085 1191 2153 percunctari,
1249 2103 1381 2141 num
1435 2087 1524 2142 his
1559 2087 1945 2143 assentiatur:

361 2183 470 2238 qua
499 2171 890 2241 respondente,
947 2173 1124 2230 Etiam
1166 2177 1464 2244 assentior,
1499 2193 1732 2246 magnus
1757 2177 1949 2232 dome-

359 2260 534 2317 sticus
577 2265 728 2319 omni
766 2280 990 2321 rursum
1030 2267 1081 2322 ei
1130 2269 1453 2338 magistratu
1485 2268 1786 2324 interdicto
1819 2283 1946 2324 sur-

359 2355 519 2418 rexit,
546 2363 602 2409 et
629 2358 1033 2431 rempublicam
1073 2361 1320 2430 perrexit
1355 2376 1569 2432 gerere.
1602 2360 1742 2416 Tum
1779 2369 1946 2431 quot-

357 2453 496 2514 quot
527 2447 583 2502 in
611 2448 820 2518 palatio
867 2452 1254 2518 versabantur,
1282 2454 1502 2524 cognita
1538 2453 1858 2524 Apocauchi
1889 2454 1945 2508 in

359 2553 617 2607 magnum
663 2539 1028 2599 domesticum
1085 2544 1451 2614 impudentia,
1487 2552 1543 2599 et
1569 2544 1847 2614 quomodo
1877 2545 1945 2600 ab

359 2628 454 2684 illo
477 2643 840 2688 succensente
901 2636 1052 2690 omni
1110 2637 1434 2706 magistratu
1472 2637 1730 2692 exclusus
1775 2645 1940 2703 esset,

356 2737 459 2792 pro
500 2723 752 2793 improbo
787 2740 852 2780 ac
878 2727 1053 2782 deliro
1078 2726 1376 2781 habebant.
1434 2727 1684 2798 Cumque
1710 2727 1944 2784 antehae

357 2811 563 2880 palatio
597 2823 888 2871 exeuntem
935 2817 1256 2886 frequenter
1287 2817 1540 2873 comitari
1601 2828 1656 2875 ct
1720 2829 1943 2890 prepter

358 2903 741 2973 magistratum
778 2907 1076 2964 observare
1108 2910 1371 2976 solerent,
1407 2918 1538 2965 tunc
1563 2911 1940 2980 egredientem

357 3013 524 3054 nemo
573 2997 850 3056 deducere
910 3017 972 3056 ac
1012 3003 1273 3073 prosequi
1324 3019 1492 3059 ausus
1541 3011 1645 3070 est,
1698 3005 1794 3061 sed
1831 3020 1940 3060 uno

354 3092 624 3146 duntaxat
665 3091 896 3160 famulo,
952 3094 1239 3164 Spalocota
1287 3097 1532 3162 nomine,
1572 3107 1940 3168 prosequente

355 3185 548 3242 exivit.
589 3185 732 3256 Ergo
779 3185 1176 3256 Apocauchus.
1207 3203 1331 3242 cum
1385 3188 1471 3244 his
1501 3189 1570 3245 de
1608 3190 1791 3245 causis
1819 3205 1938 3244 ma-

354 3291 520 3344 gnum
586 3277 950 3334 domesticum
1003 3279 1181 3350 palam
1241 3279 1563 3354 oﬂ‘endissct
1599 3289 1655 3336 et
1704 3281 1770 3336 ad
1804 3283 1939 3336 iram

354 3367 734 3437 tontpnlisset,
789 3369 980 3424 multis
1010 3368 1210 3426 diebus
1251 3370 1401 3425 domi
1451 3371 1702 3437 sedebat,
1733 3382 1790 3426 et
1825 3373 1940 3429 sive

355 3474 423 3513 cx
451 3473 689 3514 maerore
736 3475 802 3516 ac
855 3460 1243 3530 desperatione
1277 3477 1429 3524 vere,
1462 3461 1580 3517 sive
1610 3478 1677 3517 ex
1705 3463 1940 3521 simula-

357 3551 507 3606 tione
529 3551 688 3615 falso,
719 3551 862 3606 male
890 3551 1148 3606 habebat.
1174 3552 1531 3607 Postmodum
1550 3567 1769 3608 rursum
1789 3569 1942 3609 com-

355 3643 611 3713 pluribus
645 3643 825 3712 magni
851 3641 1140 3698 domestici
1170 3644 1364 3700 amicis
1398 3645 1628 3715 supplex
1657 3645 1850 3709 factus,
1885 3657 1942 3704 et

357 3735 647 3806 inprimis
676 3734 1023 3806 patriarchas,
1067 3751 1166 3805 per
1205 3751 1302 3791 eos
1335 3736 1488 3792 illum
1522 3737 1778 3809 placavit,
1809 3755 1938 3810 pro-

353 3829 654 3899 missisque
697 3830 1017 3901 ingentibus
1073 3846 1138 3887 ac
1191 3835 1576 3894 sacramentis.
1627 3834 1695 3889 de
1736 3846 1940 3892 caetero

2117 1255 2176 1310 Ὀ
2210 1251 2445 1324 μέγαςδέ
2510 1249 2838 1321 δομέστικος
2858 1247 2958 1319 τὴν
2982 1243 3378 1315 ἀγνωμοσύνην
3405 1244 3497 1298 καὶ
3525 1243 3629 1297 αύ-

2046 1350 2138 1414 τὸς
2165 1348 2266 1403 οὐκ
2290 1346 2554 1414 ἐνεγκὼν,
2595 1343 2747 1400 Ἔδει
2779 1343 2900 1415 μὲν,
2939 1337 3084 1405 εἷπε,
3119 1339 3210 1393 τὸν
3226 1335 3478 1391 τοσοῦτον
3503 1335 3633 1406 χρό-

2047 1457 2138 1496 νον
2175 1437 2500 1494 διδάσκαλόν
2538 1452 2624 1490 σοι
2651 1434 2763 1488 τῶν
2801 1431 3178 1504 ὑπηργμένων
3218 1427 3444 1499 ἀγαθῶν
3476 1427 3632 1496 γενέ-

2049 1530 2175 1587 σθαι
2208 1531 2342 1600 παρ’
2373 1527 2534 1600 ἐμοῦ.
2568 1525 2724 1580 Ἐπεὶ
2746 1525 2796 1580 δ’
2821 1525 3003 1579 ἑκοντὶ
3035 1521 3204 1583 κακὸς
3233 1520 3434 1573 ἐθέλων
3458 1514 3626 1579 εἶναι,

2045 1625 2166 1680 δέον
2200 1624 2407 1689 πολλάς
2437 1623 2677 1696 χάριτας
2709 1621 3022 1693 ὁμολογεῖν,
3061 1619 3185 1674 ούδέ
3213 1615 3472 1671 τάναντία
3501 1629 3636 1682 προ-

2047 1715 2194 1772 είλου
2224 1716 2430 1786 λέγειν,
2467 1713 2569 1787 ἤδη
2602 1732 2697 1770 σου
2730 1713 2889 1783 κάγὼ
2921 1712 3018 1784 τὴν
3059 1711 3238 1782 ἀρχὴν
3263 1709 3332 1782 ήν
3365 1704 3634 1778 παρεσχόο

2050 1827 2161 1882 μην
2191 1809 2413 1881 ἀφαιρῶ
2438 1823 2453 1839 ⁸
2501 1810 2597 1864 καὶ
2630 1808 2741 1864 ἀπὸ
2763 1807 2869 1877 τῆς
2895 1807 3114 1877 ἡμέρας
3140 1802 3371 1872 ταύτης,
3407 1796 3635 1872 μηδενός

2049 1921 2133 1958 σοι
2177 1903 2392 1974 μελέτω
2441 1905 2548 1957 τῶν
2578 1901 2800 1958 κοινῶν.
2837 1901 2898 1954 Ὀ
2937 1899 3035 1970 μὲν
3062 1896 3157 1952 οὖν
3199 1893 3426 1950 τοιαῦτα
3455 1886 3632 1946 εἶπεν.

2061 1994 2403 2067 ’Δπόκαυχος
2449 1994 2510 2050 δὲ
2565 1994 2668 2065 τῆς
2719 1993 2996 2064 βασιλίδος
3059 1989 3399 2045 ἐπυνθάνετο
3453 1984 3501 2038 εί
3537 1982 3635 2036 καὶ

2047 2087 2186 2159 αὐτῇ
2217 2087 2443 2142 τοιαῦτα
2471 2087 2758 2158 συνδοκοίη
2785 2103 2798 2117 ·
2835 2086 2935 2154 τῆς
2965 2085 3022 2138 δὲ
3070 2083 3140 2138 τὰ
3173 2079 3447 2153 εἰρημένα
3473 2076 3634 2146 στέρ-

2047 2198 2166 2250 τειν
2227 2181 2510 2250 εἰπούσης.
2543 2182 2570 2234 6
2609 2179 2787 2250 μέγας
2848 2177 3174 2249 δομέστικος
3231 2173 3392 2238 αὖθις
3450 2171 3635 2224 πᾶσαν

2047 2267 2441 2340 ἀπαγορεύσας
2471 2268 2649 2341 ἀρχὴν
2679 2269 2895 2338 ἐκείνῳ,
2932 2265 3156 2335 ἀνέστη,
3191 2264 3286 2318 καὶ
3312 2260 3634 2330 διοικήσεως

2048 2361 2255 2434 ἐτέρων
2320 2360 2502 2433 εἴχετο
2561 2359 2936 2432 πραγμάτων.
2968 2357 3133 2412 Ὀσοι
3183 2356 3242 2411 δέ
3276 2354 3530 2427 παρῆσαν
3572 2353 3634 2405 ἐν

2050 2452 2373 2524 βασιλείοις,
2416 2451 2517 2524 τὴν
2549 2450 3062 2523 παρακοιμωμένου
3107 2448 3331 2517 γνόντες
3377 2445 3512 2517 πρὸς
3539 2444 3635 2496 τὸν

2053 2541 2236 2613 μέγαν
2270 2539 2599 2610 δομέστικον
2647 2537 2981 2608 ἀντιλογίαν,
3026 2537 3123 2591 καὶ
3165 2536 3240 2598 ὡς
3285 2533 3378 2588 ὑπ’
3417 2532 3633 2585 ἐκείνου

2052 2633 2192 2704 πρὸς
2243 2632 2416 2703 ὀργὴν
2470 2631 2654 2699 πάσης
2703 2630 2882 2701 ἀρχῆς
2931 2627 3258 2696 ἀπελαθείη,
3295 2625 3498 2696 πολλὴν
3534 2623 3636 2694 μὲν

2052 2726 2264 2780 ἐκείνου
2296 2724 2392 2779 καὶ
2426 2721 2832 2794 ἀγνωμοσύνην
2876 2723 2973 2776 καὶ
3023 2722 3331 2793 παράνοιαν
3359 2717 3638 2786 κατέγνω-

2053 2835 2173 2875 σαν.
2218 2816 2448 2884 Ἐξιόντι
2477 2815 2535 2870 δὲ
2579 2816 2692 2869 τῶν
2762 2815 3072 2886 βασιλείων,
3141 2815 3322 2868 καίτοι
3369 2813 3637 2881 πρότερον

2051 2910 2310 2973 εἰωθότες
2366 2907 2598 2963 ἕπεσθαι
2638 2907 2832 2961 πολλοὶ
2887 2910 2984 2963 καὶ
3048 2903 3381 2976 θεραπεύειν
3421 2903 3509 2956 διὰ
3533 2898 3636 2970 τὴν

2048 3002 2245 3073 ἀρχὴν,
2277 3001 2398 3056 τότε
2430 2999 2760 3072 προσελθεῖν
2792 3000 2971 3065 οὐδεὶς
3007 3000 3330 3070 ἐτόλμησεν,
3373 2997 3486 3050 ἀλλ’
3515 2995 3637 3059 ἐνὸς

2048 3091 2195 3164 ἐξῄει
2224 3091 2334 3146 τῶν
2371 3093 2602 3147 οἰκετῶν
2646 3093 2795 3162 αὐτῷ
2839 3094 3256 3165 παρεπομένου,
3289 3088 3632 3143 Σπαλοκότου

2049 3184 2626 3256 προσαγορευομένου.
2664 3185 3011 3256 Ἀπόκαυχος
3040 3183 3144 3253 μὲν
3166 3179 3262 3238 οὖν
3292 3185 3356 3236 ἐκ
3378 3180 3636 3236 τοιούτων

2050 3278 2240 3332 αἰτιῶν
2270 3277 2347 3348 τῷ
2381 3279 2607 3348 μεγάλῳ
2637 3277 2950 3349 δομεστίκῳ
2978 3277 3231 3346 φανερῶς
3255 3289 3633 3345 προσκεκρουρ

2050 3367 2186 3434 κὼς,
2222 3370 2317 3422 καὶ
2349 3369 2489 3441 πρὸς
2527 3368 2702 3440 ὀργὴν
2744 3368 3064 3434 ἀπελαθεὶς,
3099 3370 3192 3423 ἐπὶ
3241 3367 3467 3433 πολλαῖς
3495 3368 3635 3439 ήμέο

2047 3478 2174 3527 ραις
2205 3460 2346 3515 οἶκοι
2377 3459 2646 3530 καθῆστο,
2695 3459 2810 3513 εἴτε
2857 3461 3076 3531 ἀληθῶς
3104 3461 3197 3515 ὑπ’
3226 3461 3490 3530 ἀθυμίας,
3522 3460 3633 3514 εἴτε

2050 3551 2487 3624 ὑποκρινάμενος
2517 3555 2715 3607 νοσεῖν.
2749 3548 2865 3607 Εἶτ’
2898 3549 3056 3618 αὖθις
3115 3553 3333 3618 πολλοῖς
3379 3554 3489 3606 τῶν
3531 3570 3633 3624 με·

2048 3643 2217 3714 γάλου
2230 3643 2555 3713 δομεστίκου
2587 3644 2760 3713 φίλων
2788 3646 2978 3718 ίκέτης
2999 3645 3243 3715 γεγονὼς
3272 3645 3366 3699 καὶ
3396 3647 3633 3716 μάλιστα

2049 3737 2391 3808 πατριάρχῃ,
2433 3737 2622 3790 ἔπεισε
2656 3737 2726 3790 δι’
2759 3737 2943 3792 αὐτῶν
3003 3739 3224 3806 ἀφεῖναι
3277 3739 3377 3810 τὴν
3427 3737 3624 3807 ὀργήν.

2050 3830 2226 3884 πολλά
2277 3830 2376 3884 καὶ
2421 3829 2491 3882 δι’
2547 3827 2750 3884 ἑαυτοῦ
2783 3828 3261 3900 ἐπαγγειλάμενος
3308 3828 3405 3883 καὶ
3450 3830 3633 3899 ὅρκοις

359 3920 497 3975 nihil
555 3919 736 3979 simile
795 3929 1190 3976 attentaturum
1243 3921 1407 3978 (idem
1467 3923 1620 3980 fecit.
1662 3924 1785 3981 Non
1843 3926 1937 3982 diu

2054 3923 2315 3995 μεγάλοις
2349 3925 2564 3990 πείσας,
2599 3923 2676 3986 ὡς
2715 3923 2904 3978 οὐκέτι
2947 3926 3064 3987 τοῖς
3103 3925 3315 3994 ὁμοίοις
3353 3922 3635 3993 ἐπιχειρήν

356 4021 482 4083 post
512 4013 680 4068 etiam
711 4027 832 4084 quae
859 4022 1049 4068 contra
1071 4014 1266 4069 Persas
1297 4015 1616 4084 parabatur,
1649 4017 1812 4072 classi
1845 4018 1947 4074 du-

354 4121 476 4161 cem
500 4121 626 4160 eum
655 4106 1076 4162 constituit.Sed
1101 4107 1295 4162 horum
1321 4107 1471 4163 brevi
1497 4108 1723 4174 oblitus,
1747 4109 1945 4179 ,ἰοειοηὶ

358 4198 698 4256 adolescenti
725 4198 1068 4269 imperatori,
1105 4209 1165 4256 ut
1209 4198 1473 4267 diximus,
1504 4199 1735 4256 insidias
1771 4209 1946 4256 teten-

357 4291 487 4358 dit;
523 4304 760 4361 quorum
809 4289 927 4360 ipsa
965 4290 1209 4360 Augusta
1236 4296 1367 4344 tunc
1392 4305 1650 4362 magnum
1680 4289 1947 4345 domesti-

355 4397 481 4437 cum
515 4381 827 4445 admonuit,
873 4394 934 4438 ut
959 4397 1156 4453 nempe
1190 4383 1558 4452 Apoeauchus
1606 4383 1857 4455 ingratus
1887 4384 1944 4442 in

357 4478 514 4532 illum
547 4476 715 4531 toties
743 4475 1083 4550 apparuerit,
1113 4474 1185 4530 ob
1207 4491 1330 4545 qua:
1359 4492 1540 4546 neque
1564 4477 1781 4531 veniam
1812 4477 1946 4532 dan-

355 4569 505 4634 dam,
540 4567 634 4622 sed
665 4567 722 4621 in
749 4565 1001 4634 Epibatis
1034 4565 1308 4622 inclusum
1339 4567 1803 4638 relinquendum;
1834 4583 1944 4624 non

356 4658 506 4713 enim
558 4658 904 4728 quieturum,
939 4657 1038 4718 sed
1061 4658 1108 4713 si
1141 4659 1301 4728 copia
1344 4658 1534 4720 fuerit.
1565 4659 1691 4719 novi
1732 4657 1944 4728 aliquid

356 4755 542 4806 denuo
590 4749 942 4810 moliturum.
1006 4753 1076 4807 At
1120 4753 1272 4809 enim
1324 4752 1416 4808 ille
1461 4754 1622 4825 longa
1698 4754 1948 4809 oratione

355 4859 477 4899 eam
529 4844 823 4916 permovit,
881 4853 942 4900 ut
987 4845 1038 4902 ei
1084 4846 1303 4916 culpam
1349 4846 1726 4911 condonaret,
1790 4847 1948 4901 nullo

355 4946 540 4989 tamen
572 4934 736 4990 modo
769 4936 977 4992 sineret
997 4937 1240 5010 Byzantii
1271 4937 1475 5005 vivere,
1495 4937 1663 5010 400
1689 4937 1783 4993 sed
1818 4938 1946 5008 Epi-

355 5027 502 5083 batis
544 5041 852 5098 egressum,
900 5036 958 5084 et
1007 5029 1183 5099 ipsam
1223 5028 1548 5084 adoratione
1599 5039 1942 5094 veneratum,

356 5120 624 5189 postridie
655 5121 850 5177 eodem
899 5122 1098 5178 reverti
1144 5121 1384 5190 iuberet.
1409 5121 1480 5178 Ut
1514 5122 1629 5178 haec
1673 5123 1945 5182 sententia

357 5214 530 5283 stetit,
561 5230 812 5272 seorsum
842 5218 1100 5286 quisque,
1122 5214 1464 5283 imperatrix,
1489 5232 1722 5286 magnus
1749 5217 1936 5272 dome-

2052 4033 2156 4071 σει.
2196 4017 2309 4070 Καὶ
2346 4017 2467 4086 μετ’
2497 4017 2561 4070 ού
2610 4015 2770 4083 πολὺ,
2801 4015 2900 4070 καὶ
2930 4017 3042 4071 τῶν
3070 4017 3218 4071 κατὰ
3265 4016 3495 4084 Περσῶν
3525 4031 3629 4066 πα-

2053 4107 2549 4182 ρασκευαζομένων
2588 4096 3116 4180 τριηρῶνπαρέσχε
3155 4108 3255 4179 τὴν
3299 4108 3499 4178 ἀρχήν.
3534 4101 3633 4160 Ὦν

2051 4201 2220 4273 ὀλίγῳ
2245 4200 2474 4272 ὕστερον
2501 4200 2924 4272 ἀμνημονήσας.
2959 4200 3185 4272 Ἰωάννῃ
3215 4200 3295 4271 τῷ
3319 4200 3423 4270 νέῳ
3446 4199 3633 4269 ὥσπερ

2050 4294 2264 4364 ἔφημεν
2295 4293 2656 4348 ἐπεϐούλευσε
2712 4293 2946 4362 βασιλεῖ.
2983 4284 3086 4347 Ὧν
3118 4294 3152 4364 ἡ
3179 4292 3394 4363 βασιλὶς
3447 4293 3638 4361 ἀνεμί-

2055 4403 2270 4458 μνησκε
2295 4386 2387 4440 τὸν
2428 4387 2603 4457 μέγαν
2637 4385 2959 4458 δομέστικον
3009 4385 3157 4448 τότε,
3188 4387 3264 4450 ὡς
3305 4387 3362 4440 ἐν
3420 4385 3634 4449 πολλοῖς

2049 4478 2360 4550 ἀχαρίστου
2401 4477 2497 4531 τοῦ
2550 4478 3060 4550 παρακοιμωμένου
3115 4481 3254 4547 πρὸς
3292 4476 3458 4530 αὐτὸν
3503 4477 3633 4529 ἀνι-

2051 4569 2340 4636 φανὲντος,
2365 4570 2443 4622 δι’
2475 4569 2511 4624 ἃ
2541 4570 2663 4624 οὐδὲ
2691 4571 2958 4641 παρέχειν
2991 4569 3245 4624 ἐπείθετο
3275 4569 3632 4638 συγγνώμην,

2051 4662 2168 4714 ἀλλ’
2194 4663 2290 4733 ἐᾷν
2318 4663 2375 4716 ἐν
2408 4661 2737 4726 Ἐπιὸάταις
2760 4661 3244 4732 ἐγκεκλεισμένον,
3279 4661 3355 4725 ὡς
3387 4661 3496 4715 οὐδ’
3533 4656 3633 4714 αὖ·

2052 4755 2135 4818 θις
2161 4754 2512 4824 ὴρεμήσοντα
2539 4752 2605 4807 ἂν
2643 4752 2738 4826 ἐξῇ
2788 4755 3088 4826 περιϊέναι,
3143 4755 3281 4810 ἀλλά
3332 4771 3477 4807 τισιν
3517 4755 3634 4806 ἐπι-

2050 4845 2383 4916 χειρήσοντα
2422 4844 2788 4916 καινοτέροις.
2838 4845 2974 4900 Ὀδὲ
3006 4845 3224 4910 πολλοῖς
3253 4846 3394 4917 ὑπὲρ
3421 4845 3631 4899 ἐκείνου

2049 4937 2402 5009 χρησάμενος
2425 4936 2564 5009 πρὸς
2587 4937 2838 5009 βασιλίδα
2861 4937 3068 5007 λόγοιςι
3091 4938 3278 4992 ἔπεισε
3301 4938 3629 5001 τελευταῖον,

2050 5031 2150 5100 τὴν
2182 5031 2282 5100 μὲν
2313 5031 2652 5102 συγγνώμην
2688 5034 3021 5103 παρασχεῖν,
3063 5030 3331 5101 μηδαμῶς
3365 5030 3422 5083 δὲ
3453 5030 3548 5100 ἐᾷν
3573 5031 3632 5082 ἐν

2049 5121 2330 5190 Βυζαντίῳ
2389 5121 2713 5194 διατρίϐειν,
2773 5123 2895 5177 ἀλλ’
2952 5122 3011 5190 ἐξ
3051 5121 3362 5174 Ἐπιδατῶν
3405 5119 3628 5175 ἐλθόντα

2050 5215 2146 5269 καί
2173 5216 2636 5287 προσκυνήσαντα
2658 5215 2854 5286 αὐτὴν,
2881 5216 3073 5268 ἔπειτα
3100 5217 3181 5279 είς
3206 5217 3306 5285 τὴν
3335 5213 3628 5283 ὑστεραίαν

357 5308 530 5365 sticus
579 5319 636 5365 et
668 5310 980 5379 patriarcha
1027 5307 1337 5377 ἀμνηστίαν
1380 5309 1457 5364 illi
1481 5310 1854 5379 juraverunt:
1887 5321 1943 5368 et

2049 5308 2353 5378 ἐπανήκειν
2385 5310 2522 5379 πρὸς
2569 5308 2759 5363 αὐτόν.
2794 5307 2949 5360 Ἐπεὶ
2987 5307 3044 5360 δέ
3099 5306 3348 5359 ἐδέδοκτο
3380 5302 3628 5367 τοιαῦτα,

360 5403 583 5457 nomine
609 5401 833 5472 quidem
863 5400 1233 5471 imperatricis
1257 5417 1320 5456 ac.
1358 5404 1683 5472 patriarchae
1704 5403 1939 5466 Phocas,

358 5489 583 5556 Dexius,
611 5493 840 5562 Ampar,
865 5490 1045 5560 magni
1083 5500 1268 5544 autem
1298 5491 1607 5555 domestici,
1632 5492 1942 5548 Demetrius

357 5582 740 5638 Casandrinus
783 5581 1043 5650 Epibatas
1093 5592 1386 5645 venerunt,
1427 5591 1493 5635 ut
1543 5599 1668 5637 eum
1701 5583 1945 5638 adduce-

358 5685 504 5730 rent.
534 5674 750 5743 Quibus
768 5673 903 5732 visis
931 5681 986 5731 et
1008 5689 1201 5730 eorum
1229 5678 1412 5731 verbis
1435 5675 1660 5741 auditis,
1691 5677 1940 5747 Apocau-

2046 5401 2144 5458 καὶ
2171 5400 2486 5472 ἀμνηστίας
2513 5399 2623 5454 τῶν
2653 5399 2842 5453 κακῶν
2878 5399 3125 5467 ἐγίνοντο
3153 5399 3305 5469 ὅρκοι
3328 5398 3468 5469 πρὸς
3489 5396 3631 5451 ἐκεῖ-

2048 5510 2139 5548 νον
2172 5494 2278 5564 ἰδία
2323 5493 2473 5565 παρά
2509 5510 2570 5546 τε
2611 5492 2882 5563 βασιλίδος
2915 5493 3007 5547 καὶ
3039 5492 3280 5564 μεγάλου
3301 5491 3626 5562 δομεστίκου

2046 5587 2140 5640 καὶ
2180 5586 2549 5658 πατριάρχου,
2588 5587 2718 5650 τοὺς
2759 5586 2859 5658 μέν
2878 5586 3078 5648 ama;
3108 5603 3169 5638 τε
3198 5587 3295 5638 καὶ
3324 5583 3507 5649 Aege;
3532 5581 3628 5636 καὶ

2044 5677 2228 5747 τρίτος
2267 5680 2499 5750 ’Ᾱμπαρ
2539 5683 2693 5748 παρά
2736 5695 2795 5732 τε
2829 5677 3101 5749 βασιλίδος
3133 5677 3228 5732 καὶ
3276 5675 3656 5749 πατριάρχοιν

360 5767 498 5831 chus
547 5782 729 5842 neque
769 5767 1118 5838 iuramentis,
1157 5783 1331 5840 neque
1388 5768 1514 5826 ullis
1551 5769 1733 5825 verbis
1776 5769 1935 5826 [idem

2049 5765 2176 5843 ἧκον
2201 5772 2424 5840 ἄγοντες
2465 5773 2522 5826 ἐν
2567 5770 2887 5837 Ἐπιόάταις
2913 5787 2929 5804 ο
2981 5772 3108 5834 τοὺς
3161 5767 3400 5840 μεγάλου
3453 5767 3612 5837 δομε·
