4054 6418
445 366 563 433 793

1565 369 2104 433 HISTORIARUM
2150 373 2383 435 LIBER
2429 370 2548 438 III.

3608 368 3718 450 ττι

448 486 639 542 στίκου
671 488 727 543 δέ
764 475 1078 560 Δημήτριος
1110 486 1139 540 ὁ
1188 485 1600 558 Κασανδρηνός.
1645 486 1753 550 Οὓς
1783 488 1812 539 ὁ
1857 504 2022 558 παρα

2139 503 2197 541 se
2247 488 2659 560 adjuncturum,
2688 491 2786 548 sed
2825 499 2885 548 ut
2932 508 3022 551 res
3069 508 3182 552 sua
3225 512 3388 569 quam
3423 499 3629 571 Optime
3656 514 3717 555 se

446 579 796 647 κοιμώμενος
855 579 1003 642 ἰδὼν,
1052 578 1163 631 τῶν
1209 595 1270 631 τε
1324 577 1499 644 λόγων
1548 577 1645 642 οὓς
1688 578 2025 648 ἐποιήσαντο

444 670 711 734 ἀκούσας.
763 670 902 740 πρὸς
932 671 1141 723 ἐκεῖνον
1196 668 1459 739 ἔφασκεν,
1491 668 1605 723 οὗθ’
1636 670 1846 738 ὅρκοις,
1897 669 2023 724 οὔτε

445 763 622 829 λόγοις
653 759 950 813 πείσασθαί
1011 776 1177 825 τισιν,
1217 759 1335 812 ἀλλ’
1372 758 1523 829 αύτῷ
1554 761 1834 829 μελήσειν,
1873 761 2025 823 ὅπως

451 853 520 907 ἂν
548 854 747 921 ἄριστα
777 849 1034 918 διάθηται
1064 851 1133 904 τά
1160 852 1284 904 κατ’
1306 849 1489 903 αὐτόν.
1517 850 1583 903 οι
1612 850 1717 918 μὲν
1739 847 1833 902 οὖν
1849 848 2026 912 οὕτως

449 947 730 1013 ἐπανῆκον
764 941 1066 1012 ἄπρακτοι.
1109 941 1167 996 'O
1203 937 1382 1012 μέγας
1412 940 1471 994 δὲ
1520 941 1868 1009 δομὲστικος,
1900 942 2026 995 ἐπεὶ

446 1033 555 1087 ὑπὸ
602 1032 714 1087 τῶν
733 1031 1087 1102 πραγμάτων
1121 1030 1384 1103 ἠπείγετο
1431 1032 1731 1098 Βυζαντίου
1761 1032 2021 1100 ἐξελθεῖν,

442 1124 537 1178 τὸν
580 1124 934 1194 πατριάρχην
980 1119 1137 1188 αὖθις
1178 1125 1341 1195 μόνον
1392 1123 1774 1195 παραλαϐὼνγ
1800 1124 1912 1179 τῶν
1962 1143 2022 1179 τε

446 1211 738 1287 προτέρων
765 1214 923 1280 αὖθις
948 1219 1335 1289 ἀνεμίμνησκε
1361 1220 1559 1285 λόγων,
1587 1218 1683 1273 καὶ
1711 1219 1820 1274 τῶν
1842 1221 2024 1291 ὅρκων

443 1309 556 1361 τών
594 1311 978 1380 γεγενημένων
1017 1313 1155 1383 πρὸς
1190 1312 1376 1368 αὐτόν.
1423 1310 1623 1365 Ἐδείτό
1661 1328 1723 1365 τε
1777 1311 2023 1366 τοιοῦτον

445 1402 682 1471 φανῆναι
717 1406 810 1457 καὶ
842 1405 934 1458 ἐπὶ
965 1405 1074 1459 τῶν
1099 1405 1300 1477 ἔργων,
1332 1405 1525 1475 ὥσπερ
1559 1406 1740 1474 λόγοις
1761 1405 2024 1475 ἐπηγγεί-

444 1490 577 1546 λατο
616 1492 951 1569 προθύμωςκ
967 1493 1065 1548 καὶ
1102 1497 1177 1566 μὴ
1207 1497 1483 1569 περιϊδεῖν
1523 1496 1688 1563 αὐτὸν
1717 1497 1823 1550 (sub
1859 1512 2024 1550 συκο-

448 1585 669 1653 φαντῶν
723 1586 1104 1655 διαϐληθέντα.
1158 1589 1508 1661 Πατριάρχου
1557 1588 1616 1643 δέ
1670 1591 1781 1651 τοῖς
1810 1588 2021 1659 ὁμοίοις

449 1674 545 1729 καὶ
575 1674 733 1741 αὖθις
765 1678 862 1731 καὶ
893 1677 1076 1746 λόγοις
1122 1680 1219 1734 καὶ
1248 1680 1612 1749 ἐπαγγελίαις
1647 1682 2019 1753 χρησαμένου,

441 1770 541 1825 καὶ
591 1766 820 1837 sapam
855 1771 1102 1834 είπόντος
1133 1769 1213 1836 ὥς
1249 1772 1402 1827 οὐδὲν
1436 1769 1602 1845 ἦττον
1640 1774 1672 1845 ἦ
1728 1774 1778 1826 εί
1834 1774 2021 1844 παρῆν

440 1859 606 1923 αὐτὸς
643 1860 755 1914 τῶν
796 1862 937 1933 ὕπέρ
968 1861 1138 1917 αὑτοῦ
1168 1864 1396 1919 δικαίων
1425 1837 1815 1935 ἀνθεξομένου,
1859 1837 2022 1933 άλλη-
2050 1837 2093 1894 Β

439 1947 571 2012 λους
629 1952 1200 2021 προσαγορεύσαντες,
1249 1954 1597 2026 διελύθησαν.
1630 1954 1692 2008 'O
1729 1955 1904 2025 μέγας
1963 1953 2020 2009 δέ

338 2080 343 2084 ο
439 2041 793 2111 δομέστικος,
829 2045 926 2099 καὶ
976 2044 1117 2099 πᾶσι
1148 2047 1263 2109 τοῖς
1292 2045 1500 2112 ἄλλοις,
1537 2046 1777 2116 μάλιστα
1820 2046 1878 2100 δὲ
1906 2047 2021 2109 τοῖς

443 2133 584 2205 πρὸς
616 2120 967 2206 πατριάρχην
991 2136 1165 2209 ὀλίγῳ
1190 2138 1458 2207 πρότερον
1485 2137 1627 2209 ὑπὲρ
1660 2138 1754 2192 τοῦ
1782 2137 2022 2207 ἔφιππον

418 2226 607 2279 μαύτδν
643 2227 726 2290 είς
783 2227 853 2280 τὰ
893 2227 1144 2304 βασίλεια
1177 2230 1406 2283 είσιέναι
1448 2228 1797 2298 διενεχθεϊσι,
1850 2227 2022 2283 πολλὰ

446 2318 573 2389 περὶ
605 2318 861 2384 εὐταξίας
904 2323 1124 2390 καὶτῆς
1157 2323 1235 2386 είς
1268 2321 1518 2393 βασιλίδα
1560 2322 1876 2383 εὐπειθείας
1906 2320 2025 2376 δια-

410 2451 416 2456 .
445 2408 678 2479 λεχθεὶς,
707 2411 802 2464 καὶ
850 2411 1164 2465 τελευταῖον
1206 2412 1513 2484 ἀπειλήσας
1545 2412 1624 2477 ὡς
1674 2414 1777 2466 οὒκ
1812 2413 2025 2483 ἀτιμώ-

445 2519 608 2573 ρητον
633 2505 861 2574 ἀφήσει,
906 2505 963 2558 ετ
997 2522 1084 2569 τις
1118 2506 1431 2576 ἐπιχειροίη
1467 2507 1781 2572 νεωτέροις,
1822 2505 2021 2576 ,ἐξῆλθε

441 2594 758 2661 Βυζαντίου,
795 2596 965 2669 ὀγδόῃ
1012 2597 1298 2667 φθίνοντος
1340 2598 1742 2670 Σεπτεμϐρίου.
1783 2598 1921 2668 Πρὶν
1964 2597 2024 2651 δέ

442 2685 738 2752 Βυζαντίου
771 2689 1036 2757 ἐξελθεῖν,
1071 2691 1367 2761 γενόμενος
1409 2693 1468 2747 ἐν
1525 2692 1823 2763 βασιλείοις
1864 2687 2024 2756 αὖθις

438 2779 514 2842 ὡς
549 2782 945 2850 ωνταξὸμενος
984 2785 1052 2854 τῇ
1098 2782 1354 2853 βασιλίδι,
1387 2784 1486 2860 τὴν
1521 2784 1798 2857 θυγατέρα
1831 2784 2025 2837 κελευο

438 2860 607 2944 ούσης
646 2871 966 2946 βασιλείτῷ
996 2877 1102 2948 νέῳ
1138 2877 1365 2948 Ἰωάννῃ
1418 2877 1512 2929 τὸν
1546 2877 1725 2947 μίγαν
1773 2877 2026 2947 δομέστι-

386 2994 389 2995 ν
439 2982 541 3020 κον
571 2968 903 3039 κατεγγυᾷν,
933 2969 1259 3024 ἀνεϐάλλετο
1284 2972 1363 3033 είς
1385 2969 1485 3041 τὴν
1511 2971 1774 3024 ἐπάνοδον
1801 2973 2016 3035 ἐκεῖνος

394 3043 409 3060 ⁷
441 3058 544 3128 τὴν
572 3060 637 3113 ἐκ
687 3059 786 3132 τῆς
841 3062 1083 3132 ἑσπέρας
1111 3078 1125 3092 ·
1162 3062 1223 3117 τὺ
1253 3062 1432 3117 δοκεῖν
1469 3062 1570 3133 μὲν
1595 3061 1669 3127 ὡς
1698 3063 1807 3117 τῶν
1839 3080 2021 3134 πραγ-

2128 578 2389 645 habeant,
2436 581 2539 636 sibi
2581 597 2729 638 cura:
2762 583 3015 640 futurum
3042 587 3354 646 afﬁrmavit.
3383 590 3463 645 Ita
3492 589 3570 646 illi
3595 590 3715 645 fru-

2127 676 2239 720 stra
2296 679 2666 725 reverterunt.
2722 671 2950 742 Magnus
2980 684 3162 732 autem
3211 677 3551 735 domesticus
3572 694 3715 750 quo-

2126 753 2275 807 niam
2324 753 2585 822 Byzantio
2630 762 2783 816 exire
2825 764 3129 820 necessitas
3171 767 3434 837 urgebat,
3482 770 3724 839 patriae-

2126 845 2286 899 cham
2335 863 2530 905 rursus
2580 853 2761 907 solum
2812 856 3162 927 aggrediens,
3196 859 3561 929 priorumque
3591 876 3712 918 ser-

2126 952 2348 992 monum
2408 949 2465 996 et
2511 942 2876 1015 iurisiurandi
2927 951 3456 1018 commonefaciens,
3489 953 3714 1017 orabat,

2127 1039 2187 1083 ut
2247 1031 2467 1101 qualem
2520 1036 2705 1090 verbis
2739 1049 2993 1110 prompte
3030 1044 3394 1111 promisisset,
3444 1046 3608 1098 talem
3651 1058 3719 1099 se

2125 1120 2304 1190 reipsa
2345 1133 2646 1191 praestaret,
2699 1140 2756 1182 et
2801 1144 2870 1184 ne
2921 1133 3387 1202 sycophantarum
3417 1135 3719 1190 calumniis-

2123 1212 2288 1281 objici
2341 1213 2522 1284 ipsum
2580 1225 2883 1287 pateretur.
2939 1221 3077 1277 Cum
3126 1225 3438 1294 patriarcha
3509 1226 3711 1280 iterum

2124 1302 2322 1358 iisdem
2367 1306 2556 1361 verbis
2605 1315 2663 1362 et
2707 1311 2999 1379 promissis
3054 1322 3326 1380 uteretur,
3372 1315 3710 1387 juberctque

2118 1395 2228 1451 sibi
2258 1395 2452 1463 ﬁdere,
2478 1413 2540 1454 se
2563 1400 2714 1455 enim
2739 1417 2894 1471 aque
2922 1420 2987 1459 ac
3000 1406 3046 1459 si
3075 1406 3193 1476 ipse
3223 1410 3471 1477 praesens
3496 1421 3707 1478 ageret,

2121 1501 2344 1543 causam
2407 1492 2526 1562 ejus
2580 1493 2829 1549 absentis
2908 1504 3162 1552 actumm
3221 1498 3710 1570 defensurumque,

2122 1580 2268 1636 dictu
2314 1582 2438 1639 vale
2486 1583 2719 1655 digressi
2753 1598 2904 1643 sunt.
2940 1589 3135 1645 Postea
3168 1605 3402 1661 magnus
3451 1590 3716 1647 domesti-

2124 1688 2225 1728 cus
2277 1684 2334 1730 et
2387 1676 2529 1745 apud
2589 1677 2730 1734 alios
2795 1693 2992 1737 omnes
3023 1723 3039 1748 ,
3103 1689 3168 1739 .et
3226 1684 3373 1752 apud
3433 1698 3531 1740 eos
3577 1692 3690 1754 pne

2120 1764 2283 1835 cipue
2393 1767 2491 1838 qui
2587 1778 2749 1825 antea
2837 1784 2965 1827 cum
3071 1774 3383 1845 patriarcha
3465 1774 3712 1830 altercati

2121 1865 2300 1922 erant,
2339 1867 2527 1916 utrum
2617 1874 2765 1932 equo
2840 1862 3087 1921 insidens
3160 1858 3500 1933 domesticus
3555 1866 3714 1936 pala-

2122 1949 2261 2005 tium
2294 1949 2571 2019 introiret,
2601 1954 2777 2010 multa
2811 1956 2881 2009 de
2923 1957 3120 2012 ordine
3181 1965 3240 2013 et
3282 1957 3706 2026 tranquillitate,

2121 2040 2304 2110 deque
2355 2042 2675 2101 obedientia
2704 2060 2835 2117 erga
2865 2046 3275 2118 imperatricem
3320 2049 3593 2105 servanda
3627 2048 3715 2104 lo-

2120 2143 2308 2199 cutus,
2342 2145 2397 2192 et
2422 2146 2706 2206 postremo
2732 2141 3129 2206 comminatus,
3154 2141 3304 2198 haud
3339 2142 3567 2213 impune
3622 2142 3711 2197 la-

2122 2234 2331 2294 turum,
2363 2227 2412 2282 si
2473 2228 2600 2296 quis
2629 2244 2720 2285 res
2761 2246 2936 2287 novas
2984 2231 3234 2296 auderet,
3283 2232 3550 2306 Byzantio
3583 2241 3713 2290 ante

2120 2318 2267 2373 diem
2298 2329 2552 2390 quartum
2583 2321 2853 2378 Kalendas
2876 2321 3143 2380 Octobres
3165 2324 3443 2381 discessit.
3472 2324 3579 2380 Sed
3612 2340 3731 2380 ant

2123 2420 2341 2480 tequam
2395 2413 2585 2467 itineri
2637 2428 2696 2468 se
2748 2415 2926 2481 daret,
2972 2417 3236 2486 palatium
3265 2418 3333 2473 ad
3367 2417 3709 2488 imperatricl

2121 2503 2539 2560 valedicendum
2569 2507 2788 2577 petivit,
2815 2524 2938 2578 qua!
2978 2522 3102 2564 cum
3145 2525 3272 2565 eum
3325 2500 3713 2566 exltortaretur

2125 2607 2185 2652 ut
2224 2597 2391 2652 tiliam
2432 2613 2588 2652 suam
2639 2599 2838 2655 Joanni
2876 2601 3214 2658 adolescenti
3265 2602 3588 2672 imperatori
3623 2603 3712 2658 de-

2123 2690 2439 2756 sponderet.
2475 2691 2565 2746 ille
2608 2691 2662 2746 in
2708 2693 2949 2747 reditum
2979 2695 3253 2763 sponsalia
3292 2695 3531 2761 distulit,
3589 2710 3715 2765 spe-

2123 2781 2208 2836 cie
2239 2780 2484 2851 quidem,
2531 2792 2591 2836 ut
2632 2783 2778 2838 bello
2814 2800 3148 2855 magnopere
3187 2786 3572 2857 compellcnte,
3608 2800 3714 2841 nec
3824 2776 3828 2779 ’

2126 2875 2332 2930 talibus
2364 2889 2574 2930 moram
2614 2877 2977 2942 conc-edente,
3015 2893 3074 2932 re
3105 2887 3289 2932 autem
3321 2894 3473 2944 vera,
3507 2878 3715 2933 amico-

2124 2981 2248 3020 rum
2277 2980 2510 3028 memor,
2542 2966 2637 3034 qui
2668 2965 2838 3020 misso
2867 2976 3020 3021 certo
3047 2965 3291 3032 homine,
3322 2981 3392 3021 ne
3431 2949 3571 3035 quid
3612 2980 3712 3022 seu

2124 3055 2355 3120 bonum,
2381 3072 2477 3111 seu
2511 3072 2623 3111 non
2660 3057 2867 3111 bonum
2898 3056 3206 3122 videretur,
3267 3057 3404 3127 ipsis
3462 3056 3712 3113 absenti-

445 3151 632 3220 μάτων
659 3153 1018 3223 ἐπειγόντων,
1053 3157 1148 3208 καὶ
1187 3156 1288 3209 οὐκ
1340 3158 1559 3221 ἐώντων
1607 3158 1739 3227 περὶ
1789 3156 2018 3211 τοιαῦτα

2128 3151 2228 3205 bus
2260 3149 2491 3215 faceret,
2541 3150 2965 3206 interdixerant.
3020 3150 3313 3208 Custodit.»
3372 3151 3539 3222 igitur
3586 3152 3713 3221 jure

437 3241 762 3322 διατρίϐειν,
826 3245 896 3316 τῇ
946 3244 992 3297 δ’
1029 3245 1283 3318 ἀληθείᾳ,
1329 3246 1439 3298 τῶν
1498 3247 1652 3315 παρὰ
1698 3244 1811 3298 τῶν
1849 3245 2020 3314 φίλων

443 3336 1020 3407 μεμνημένοςλόγων,
1044 3336 1095 3391 οἶ
1135 3339 1304 3409 μηδὲν
1329 3337 1472 3411 ὑπὲρ
1488 3338 1693 3393 ἑαυτοῦ
1731 3340 1858 3410 μήτ’
1883 3341 2023 3409 ἀγα-

442 3428 575 3497 θῶν,
606 3429 746 3502 μήτε
774 3430 996 3501 φαύλων
1046 3433 1313 3503 πράττειν
1357 3428 1419 3484 τὸ
1459 3434 1638 3485 δοκεῖν
1667 3433 1800 3502 πρὶν
1826 3430 1894 3486 ἂν
1921 3431 2021 3484 αύ-

440 3529 554 3589 τοῖς
607 3525 946 3596 συγγένηται
1008 3526 1171 3593 μόνον
1235 3524 1556 3596 πέμψαντες
1601 3524 1842 3580 ἐκώλυον
1878 3543 1893 3560 ·
1939 3520 2023 3590 οἷς

440 3618 726 3687 φυλάττων
751 3618 850 3690 τὴν
878 3618 1063 3686 φιλίαν
1092 3619 1190 3674 καὶ
1221 3617 1390 3688 μηδὲν
1413 3619 1545 3687 πρὶν
1574 3617 2023 3689 ἐπιψηφίσασθαι

438 3708 566 3772 τοὺς
619 3709 810 3777 φίλους
868 3709 1135 3779 πράττειν
1200 3707 1651 3779 βεϐουλευμένος,
1695 3706 2025 3775 ἀνεϐάλλετο

439 3799 539 3870 τῆς
574 3799 848 3872 θυγατρὸς
879 3798 1008 3871 περὶ
1040 3798 1153 3854 τῶν
1179 3798 1377 3869 γάμων
1404 3798 1527 3851 τότε
1567 3797 1667 3860 τάς
1695 3796 2021 3866 συμϐάσεις.

449 3890 607 3946 ⁸0δοῦ
653 3892 711 3946 δέ
741 3891 1024 3964 πάρεργον
1054 3893 1115 3944 ἐν
1156 3889 1481 3959 Ἐπιϐάταις
1521 3890 1832 3962 γενομένῳ,
1861 3889 1957 3942 καὶ
1986 3890 2021 3961 ή

443 3983 947 4056 παρακοιμωμίνου
978 3981 1118 4053 πρὸς
1147 3981 1399 4054 βασιλίδα
1433 3983 1682 4047 διάλυσις
1713 3985 2022 4056 ἐπράττετο

435 4075 607 4147 αὐτῷ.
646 4072 805 4130 Ἐπεὶ
853 4075 967 4146 γὰρ
1024 4073 1120 4128 τοῦ
1176 4075 1444 4146 φρουρίου
1489 4076 1710 4144 ἐγένετο
1767 4079 1955 4145 ἐγγὺς,
1991 4080 2021 4132 ὁ

436 4166 940 4239 παρακοιμώμενος
983 4165 1247 4232 ἐξελθὼν,
1274 4164 1558 4237 ἠσπάζετό
1610 4183 1670 4220 τε
1705 4167 1890 4232 αὐτὸς,
1920 4170 2020 4222 καὶ

436 4265 565 4328 περὶ
595 4259 704 4314 τῶν
734 4258 915 4329 ὅρκων
945 4258 1268 4328 ἀπελογεῖτο
1306 4259 1408 4324 τῆς
1437 4258 1815 4329 ἀποστροφῆς,
1844 4259 1920 4321 ὡς
1955 4261 2019 4314 οὐ

434 4354 524 4408 διὰ
558 4354 758 4408 κακίαν
809 4353 960 4425 αὐτῷ
996 4354 1292 4426 πραχθείη,
1349 4352 1468 4408 ἀλλ’
1499 4351 1566 4407 ἶν’
1593 4353 1783 4423 ’ἔργοις
1829 4353 2017 4418 αὐτοῖς

434 4444 647 4512 γίνοιτο
677 4432 1013 4515 καταφανὶς,
1040 4445 1117 4510 ὡς
1143 4446 1204 4499 ού
1234 4445 1411 4500 δέοιτο
1447 4444 1632 4516 ὅρκων
1663 4444 1798 4515 παρ’
1821 4444 2014 4509 αὐτοῦ,

2125 3245 2402 3309 amicitiae,
2434 3253 2491 3301 et
2518 3244 2657 3299 nihil
2685 3244 2818 3316 ipsis
2853 3244 3045 3300 invitis
3069 3261 3231 3315 agere
3273 3244 3441 3299 ﬁxum
3475 3246 3711 3309 habens,

2124 3346 2396 3394 conventa
2421 3346 2479 3393 et
2501 3336 2890 3408 stipulationes
2922 3353 3091 3407 super
3135 3337 3261 3392 ﬁlia:
3302 3337 3582 3392 connubio
3610 3335 3717 3391 dif-

2124 3430 2359 3488 ferebat.
2387 3430 2448 3486 ln
2478 3432 2710 3486 transitu
2742 3445 2909 3500 porro
2926 3429 3173 3501 Epibatts
3197 3429 3342 3484 inter
3362 3429 3542 3499 ipsum
3568 3429 3716 3499 Apo-

2123 3523 2398 3577 cant-bum
2479 3529 2534 3576 ct
2583 3522 2888 3591 August-tm
2944 3537 3063 3576 rem
3111 3535 3333 3574 omnem
3377 3521 3712 3590 composuit.

2123 3613 2260 3668 Nam
2296 3628 2423 3668 cum
2448 3628 2618 3684 prope
2651 3613 2935 3667 castellum
2971 3621 3142 3679 esset,
3169 3611 3537 3682 Apocauchus
3569 3611 3687 3666 salu

2122 3716 2299 3761 tatum
2332 3705 2479 3760 feras
2506 3705 2660 3770 exiit,
2682 3714 2739 3760 et
2773 3705 2841 3760 de
2862 3706 3192 3778 juramentis
3238 3705 3460 3774 rejectis
3489 3720 3549 3759 se
3574 3719 3711 3774 pur-

2123 3795 2274 3866 gavit
2308 3814 2324 3851 :
2362 3810 2472 3850 non
2499 3795 2554 3850 id
2594 3794 2729 3850 vitio
2756 3811 2858 3851 suo
2883 3798 3112 3862 factum,
3144 3796 3241 3852 scd
3277 3804 3337 3852 ut
3368 3811 3429 3851 re
3467 3797 3715 3851 declara-

2123 3899 2231 3957 ret,
2258 3904 2318 3946 se
2348 3890 2467 3961 cjus
2510 3888 2886 3960 juramentum
2913 3899 3034 3945 non
3081 3890 3392 3960 requirere,
3425 3890 3581 3961 cujus
3612 3903 3717 3942 nu-

2123 3983 2210 4039 dis
2240 3983 2424 4038 verbis
2451 3982 2576 4052 plus
2595 3979 2757 4055 401
2789 3998 2954 4053 quam
3000 3984 3339 4055 reliquorum
3380 3981 3602 4066 scriptis
3628 3982 3717 4051 ju-

2122 4070 2711 4133 ramentis'tribueret
2739 4094 2755 4132 :
2787 4076 2994 4133 ideirco
3031 4087 3089 4132 et
3129 4093 3280 4132 nunc
3322 4091 3390 4132 eo
3422 4077 3539 4133 viso
3588 4089 3713 4130 sese

2123 4169 2202 4225 illi
2259 4156 2363 4224 nec
2392 4168 2788 4239 juramentum,
2841 4185 2945 4224 nec
2977 4168 3130 4224 aliud
3167 4168 3236 4224 ab
3266 4169 3361 4223 illo
3391 4167 3715 4223 desideran-

2122 4270 2233 4318 tem
2267 4260 2484 4317 tradere
2515 4263 2950 4334 promptissime.
2975 4260 3058 4317 Ob
3093 4261 3208 4317 baec
3231 4260 3427 4332 gratiis
3470 4261 3632 4327 actis,
3655 4269 3715 4337 et

2121 4354 2335 4411 diutius
2365 4369 2493 4409 cum
2524 4352 2643 4424 ipso
2683 4354 3015 4422 collocutus,
3039 4370 3169 4411 eum
3201 4353 3375 4419 domi,
3409 4362 3472 4409 ut
3507 4354 3714 4424 postri-

2121 4444 2212 4504 die
2239 4446 2308 4502 ad
2338 4461 2397 4502 se
2441 4454 2737 4502 venturum
2769 4446 3030 4517 reliquit,
3083 4446 3203 4517 ipse
3238 4460 3372 4501 vero
3401 4445 3714 4516 Sclybriam,

432 4536 573 4591 ἀλλὰ
602 4537 785 4608 λύγοις
814 4537 982 4593 αὐτοῦ
1025 4536 1205 4608 ψιλοῖς
1237 4537 1445 4609 μᾶλλον
1484 4536 1716 4610 θαῤῥοίη
1744 4538 1777 4610 ἣ
1809 4537 2013 4610 ἐτέρων

2122 4538 2291 4593 venit.
2349 4537 2646 4603 Postridie,
2697 4547 2989 4610 postquam
3036 4547 3091 4594 et
3146 4536 3439 4610 praefectus
3469 4517 3718 4592 cubicul'L

431 4629 740 4700 ἐγγράφοις
770 4629 983 4701 ὅρκοις.
1027 4628 1121 4683 Διὸ
1160 4630 1256 4683 καὶ
1307 4627 1406 4685 νῦν
1442 4628 1568 4684 ἰδὼν
1621 4628 2019 4701 προθυμότατα

432 4719 874 4791 ἐγκεχειρικέναι
910 4719 1125 4784 ἑαυτὸν,
1178 4716 1293 4775 οὔθ’
1320 4718 1522 4788 ὅρκων,
1558 4718 1684 4773 οὔτε
1726 4719 1877 4784 τινος
1901 4719 2019 4775 ἐτέ-

438 4828 535 4884 ρου
569 4811 806 4881 δεηθείς.
850 4808 1279 4884 Εὑχαριστήσας
1322 4811 1382 4865 δὲ
1414 4811 1442 4864 ὀ
1487 4812 1664 4883 μέγας
1694 4810 2019 4883 δομέστικος

429 4908 524 4962 ἐπὶ
553 4906 769 4971 τούτοις
802 4906 955 4978 αὐτῷ
985 4906 1082 4961 καὶ
1108 4906 1314 4970 ἱκανῶς
1359 4900 1800 4978 προσομιλήσας,
1851 4907 2019 4968 αὐτὸν

415 4999 534 5071 ’μὶν
565 4999 711 5054 οίκοι
764 4996 1205 5070 κατελίμπανεν,
1249 4996 1328 5060 ὡς
1362 4999 1422 5060 ἐς
1472 4997 1574 5070 τὴν
1606 4999 1908 5072 ὑστεραίαν
1952 5000 2016 5073 ἦ-

432 5091 593 5157 ξοντα
629 5091 767 5162 πρὸς
793 5091 981 5147 αὐτόν.
1028 5089 1270 5153 Ἐκεῖνος
1297 5089 1354 5144 δέ
1386 5090 1466 5155 είς
1495 5090 1807 5162 Σηλυϐρίαν
1828 5088 2014 5166 ἦλθεν.

440 5183 532 5247 Ἐς
564 5183 665 5254 τὴν
704 5184 1001 5255 ὑστεραίαν
1032 5183 1112 5249 δὲ,
1156 5181 1284 5236 ἐπεὶ
1328 5184 1425 5239 καὶ
1460 5185 1489 5239 ὁ
1512 5185 2018 5259 παρακοιμώμενος

431 5268 539 5346 ἧκε
578 5274 804 5348 πέμψας
852 5275 989 5348 πρὸς
1035 5274 1340 5334 Βυζάντιον
1367 5275 1444 5342 ὡς
1484 5279 1551 5350 τῇ
1583 5277 1818 5349 βασιλίδι
1849 5297 2021 5352 προσο

436 5369 758 5438 κυνήσαντα
783 5367 944 5434 αὖθις
991 5372 1300 5442 ἐπανήκειν
1327 5372 1466 5442 πρὸς
1519 5371 1708 5440 αὐτὸν,
1737 5373 1905 5439 αὐτὸς
1937 5375 2018 5439 είς

434 5460 816 5531 Διδυμύτειχον
837 5460 1035 5531 ἐλθὼν,
1058 5464 1195 5535 πρὸς
1219 5464 1321 5535 τὴν
1352 5464 1435 5528 είς
1463 5463 1567 5536 τὴν
1601 5463 1844 5538 ἑσπέραν
1876 5483 2020 5538 παρ-

432 5549 762 5619 ισκευάζετο
818 5572 921 5627 στρ
934 5557 1136 5612 ιτείαν.
1207 5554 1272 5611 'O
1306 5556 1809 5630 παρακοιμώμενος
1836 5559 1893 5613 δὲ
1926 5577 2022 5631 γε-

384 5709 389 5714 ,
434 5645 666 5717 νόμενος
694 5650 755 5704 ἐν
784 5649 1090 5722 Βυζαντίῳ,
1129 5649 1325 5723 πρῶτα
1373 5650 1473 5718 μὲν
1498 5653 1829 5718 προσεκύνει
1856 5653 2020 5723 βασι-

435 5735 580 5806 λίδα,
626 5742 723 5795 καὶ.
752 5743 1102 5813 συγγνώμης
1134 5740 1354 5811 ἠξιοῦτο
1387 5740 1475 5806 ἐφ’
1511 5740 1592 5804 οἷς
1621 5742 1802 5798 ἐδόκει
1847 5761 2017 5813 προσ-

414 5831 818 5901 κκεκρουκέναι.
856 5832 1088 5887 Ἔπειτα
1121 5836 1191 5907 τῇ
1225 5829 1463 5903 μεγάλου
1492 5831 1818 5902 δομεστίκου
1840 5851 2017 5913 προσ-

2121 4633 2317 4688 eodem
2355 4632 2526 4697 venit,
2560 4632 2731 4688 misso
2759 4632 2853 4687 illo
2887 4631 3233 4705 Byzantium,
3264 4639 3325 4686 ut
3358 4630 3725 4701 imperatrice

2120 4725 2369 4791 adorata,
2403 4725 2669 4795 Epibatas
2708 4724 2938 4791 rediret,
2963 4726 3083 4796 ipse
3111 4724 3546 4795 Ditymotichum
3584 4738 3724 4794 pro-.

2121 4819 2318 4883 iectus,
2349 4819 2415 4873 ad
2443 4818 2854 4889 expeditionem
2887 4819 2942 4873 in
2976 4817 3338 4875 Occidentem
3382 4833 3442 4874 se
3470 4817 3714 4876 instrueo

2121 4912 2624 4986 bat.Apocauchus
2664 4914 2777 4982 jam
2836 4914 3082 4986 Byzantii
3117 4913 3531 4985 imperatricem
3576 4913 3719 4968 sub.

2120 5003 2293 5060 misso
2325 4982 2561 5075 corpore
2591 5014 2911 5070 veneratus,
2942 5005 3163 5060 veniam
3203 5004 3448 5076 peccatis
3481 5005 3597 5060 suis
3620 5003 3719 5061 ila-

2120 5102 2277 5172 gitat.
2312 5100 2520 5159 Deinde
2558 5108 2793 5156 matrem
2839 5101 3023 5171 magni
3064 5099 3357 5158 domestici
3388 5103 3550 5172 (qua:
3583 5112 3714 5159 tunc

2114 5191 2475 5250 consolandas
2503 5189 2881 5262 imperatricis
2901 5191 3151 5264 Byzantii
3182 5191 3484 5264 manebat)
3513 5208 3717 5248 conveq

2121 5285 2303 5349 uicus,
2338 5285 2581 5360 primum
2634 5282 2861 5363 quidem
2915 5283 3039 5354 ejus
3086 5283 3202 5339 tilio
3241 5299 3468 5355 magnas
3517 5283 3717 5355 agebat

2121 5373 2350 5444 gratias,
2380 5388 2491 5428 non
2525 5378 2692 5428 modo
2715 5373 2785 5428 de
2818 5372 3104 5429 beneﬁciis
3135 5372 3206 5429 ab
3242 5373 3406 5428 initio
3440 5388 3613 5443 usque
3645 5374 3713 5433 ad

2123 5468 2275 5522 illum
2309 5469 2457 5524 diem
2511 5468 2580 5524 ab
2624 5483 2693 5523 eo
2723 5468 3023 5543 perceptis,
3055 5483 3250 5522 verum
3281 5466 3451 5524 etiam
3484 5470 3553 5524 de
3583 5467 3721 5530 tale-

2121 5563 2296 5617 rantTa
2327 5570 2384 5617 et
2410 5561 2909 5625 commiseratione,
2942 5576 3106 5631 quam
3153 5560 3355 5630 saepius
3407 5568 3464 5623 et
3521 5558 3717 5623 adea.

2122 5664 2359 5710 tremum
2385 5664 2495 5710 tam
2524 5653 2723 5709 stolide
2750 5668 2815 5713 se
2838 5654 3139 5711 alicndeuti
3152 5654 3517 5718 ostendisset,
3543 5655 3716 5710 adde-

2123 5747 2326 5814 batque
2349 5761 2633 5817 nunquam
2662 5744 2891 5801 omnino
2920 5761 2979 5801 se
3009 5746 3288 5818 ingratum
3307 5756 3476 5818 atque
3499 5745 3712 5816 impru-

2124 5838 2257 5895 bum
2306 5854 2434 5913 erga
2486 5839 2645 5899 illum
2697 5848 2978 5911 repertum
3039 5838 3133 5906 iri,
3183 5837 3279 5923 scd
3315 5838 3387 5899 ita
3425 5837 3710 5902 induxisse
