4054 6486
375 417 482 480 793
523 374 534 390 ’
1517 415 1841 479 JOANNIS
1879 412 2400 480 CANTACUZENI
3610 423 3721 486 suo

371 537 586 592 serunt,
613 535 668 582 et
710 527 864 596 plura
889 535 1243 598 exspectant:
1288 529 1402 592 alii,
1434 530 1579 600 quod
1641 532 1762 603 ejus
1818 544 1954 600 opes

2117 547 2152 581 ιν
2179 530 2288 599 γὰρ
2316 530 2418 600 ἤδη
2439 529 2634 600 χρόνον
2663 529 2882 584 πάντων
2918 532 2946 584 ὁ
2984 529 3420 592 δυνατώτατὸς
3449 531 3582 582 ἐστι
3607 530 3718 583 τῶν

377 630 653 677 metuunt.
689 621 872 688 Quare
919 629 1110 690 aperto
1159 621 1328 677 Marte
1375 622 1452 676 illi
1506 637 1746 692 pugnare
1803 622 1947 676 haud

2115 621 2192 691 ιρ’
2224 621 2376 691 ἡμῖν,
2403 622 2498 675 καὶ
2544 621 2748 686 πάντες
2777 621 2930 692 αὑτῷ
2961 623 3373 692 προσέχουσιν
3419 621 3716 689 ἀκριϐῶς,

375 713 783 768 conduetnrum
813 714 1032 783 opinor.
1069 713 1439 783 Praeterquam
1491 715 1640 770 enim
1693 719 1838 784 quod
1882 716 1951 770 ad

2137 717 2432 786 μὲν,ιπαρ“
2488 715 2656 770 αὑτοῦ
2715 717 2932 771 πολλῶν
2980 717 3264 787 τυχόντες
3308 716 3717 786 εὐεργεσιῶν,

378 807 611 860 nihilum
655 805 853 860 cadent
909 816 1094 860 nostra
1143 807 1395 870 consilia,
1443 805 1608 861 etiam
1652 823 1754 863 nos
1807 809 1955 878 ipsus

2123 809 2154 860 Li.
2208 807 2290 861 ἐτι
2325 807 2496 862 πλείω
2541 807 2980 878 προσδοκῶντες,
3030 809 3080 861 οἱ
3111 808 3176 860 δέ
3248 809 3724 877 κατεπτηχδτες

381 898 654 965 perditum
683 898 904 952 ibimus.
933 898 1037 952 Sed
1070 898 1369 967 potentiam
1402 899 1642 965 aliquam
1687 899 1834 954 illius
1862 915 1958 968 po-

2127 917 2161 968 [ν
2188 898 2400 952 ἐκείνου
2429 898 2688 969 δύναμιν.
2725 899 2803 952 Δι’
2834 899 2871 953 ἃ
2898 899 2998 953 οὐκ
3028 900 3233 968 οἴομαι
3293 898 3458 967 πρὸς
3498 899 3728 951 ἐκεῖνον

383 990 567 1044 tentia:
632 989 1056 1059 respondentem
1107 1005 1490 1061 comparemus
1539 1006 1763 1047 necesse
1827 1001 1954 1059 est,

2123 1009 2130 1044 :
2156 991 2252 1044 τοῦ
2283 991 2599 1063 προφανοῦς
2625 992 3114 1046 ἀντικαθίστασθαι
3137 991 3516 1044 λυσιτελεῖν
3555 993 3724 1061 ἡμῖν.

380 1097 542 1150 quam
572 1097 678 1134 non
717 1081 938 1135 aliunde
977 1081 1342 1146 inveniemus,
1394 1097 1560 1152 quam
1616 1083 1662 1137 si
1721 1085 1959 1140 artiﬁcio

2129 1084 2211 1153 pb;
2249 1085 2360 1156 γὰρ
2401 1083 2479 1156 τῷ
2519 1084 2690 1156 μηδὲν
2745 1085 2946 1138 ἀνῦσαι
2979 1070 3310 1152 δυνηθῆναι
3343 1083 3477 1136 τῶν
3515 1082 3730 1152 βεϐου-

383 1171 622 1242 quodam
653 1173 1057 1242 imperatricem
1098 1173 1169 1228 ad
1212 1189 1368 1228 arma
1399 1184 1592 1230 contra
1625 1176 1820 1244 ipsum
1865 1192 1962 1231 ex-

2130 1175 2344 1246 υμένων
2369 1191 2383 1208 ο
2420 1177 2518 1231 καὶ
2554 1175 3014 1246 προσαπολοῦμεν
3053 1174 3340 1238 ἑαυτοὺς,
3393 1173 3557 1230 ἀλλά
3600 1193 3730 1228 τινα

390 1263 658 1335 pedienda
687 1265 1123 1320 incitaverimus.
1150 1266 1270 1331 Quo
1294 1275 1458 1336 pacto
1490 1267 1678 1322 multis
1696 1269 1880 1333 nobis,
1905 1280 1965 1325 ut

2130 1269 2174 1321 ιὶ
2215 1269 2365 1338 ἡμᾶς
2397 1267 2630 1337 δύναμιν
2657 1268 2776 1322 δέον
2841 1268 3157 1335 ἐκπορίζειν
3207 1268 3469 1330 ἑαυτοῖς
3527 1268 3731 1337 ἀντίρο

386 1373 487 1426 pro
535 1373 680 1412 novo
719 1359 1053 1428 imperatore
1106 1357 1484 1433 pugnantibus
1537 1373 1700 1428 opem
1748 1359 1964 1424 laturis,

2128 1377 2244 1413 ›πον
2270 1361 2406 1430 πρὸς
2433 1361 2532 1431 τὴν
2551 1361 2788 1416 ἐκείνου.
2811 1361 2961 1432 Αῦτη
2983 1361 3039 1415 δέ
3062 1361 3159 1432 οὐχ
3199 1361 3525 1430 ἐτέρωθέν
3554 1360 3729 1413 ποθεν

387 1449 548 1503 facile
607 1450 686 1505 illi
736 1452 1078 1504 resistemus.
1144 1449 1224 1505 Ad
1261 1449 1366 1504 hoc
1418 1464 1585 1519 porro
1623 1452 1821 1508 callide
1851 1471 1970 1512 tuo-

2131 1451 2500 1523 νέεευρεθιίη,
2535 1454 2584 1506 εί
2611 1453 2688 1524 μὴ
2721 1453 2908 1524 τρόπῳ
2947 1453 3012 1524 δή
3063 1469 3174 1505 τινι
3221 1452 3520 1522 βασιλίδα
3558 1453 3732 1505 ἐκπο-

389 1543 657 1606 liendum,
693 1542 797 1596 etsi
830 1543 885 1596 in
918 1543 1111 1611 primis
1152 1543 1358 1599 valebit
1395 1543 1612 1614 egregia
1679 1545 1970 1615 prudentia

2127 1544 2432 1614 ιμώσαιμεν
2457 1544 2672 1616 ἐκείνῳ.
2697 1543 2904 1599 Τούτου
2943 1543 3001 1598 δέ
3024 1546 3478 1614 γεγενημένου,
3517 1543 3728 1614 ῥᾳδίως

391 1640 506 1698 tua,
572 1631 748 1688 nihilo
783 1631 966 1689 minus
1007 1631 1202 1701 iudicii
1242 1634 1349 1689 mci
1375 1635 1504 1705 quid
1555 1635 1628 1690 sit
1680 1649 1970 1705 exponam.

2128 1636 2690 1708 ηικαταστησόμεθα,
2715 1637 2933 1691 πολλῶν
2964 1638 3098 1706 ημῖν
3123 1638 3602 1706 συναιρομένων
3649 1635 3729 1698 ὡς

393 1722 472 1777 Ne
503 1731 683 1777 tamen
717 1725 938 1787 mirere,
970 1723 1134 1796 m
1162 1726 1206 1779 si
1265 1735 1457 1781 contra
1515 1726 1727 1782 hostem
1781 1736 1978 1798 poten-

2126 1732 2224 1802 πέρ
2261 1728 2358 1783 τοῦ
2405 1729 2530 1782 νέου
2573 1728 2840 1798 βασιλέως
2890 1727 3222 1800 πολεμοῦσι.
3264 1727 3475 1782 Τοῦτο
3502 1727 3555 1781 δ’
3575 1729 3727 1791 ὅπως

397 1826 505 1869 tem
540 1815 826 1869 mendacio
892 1825 1130 1871 utemur.
1217 1817 1354 1872 Nam
1393 1819 1486 1889 qui
1549 1819 1762 1875 hostem
1811 1835 1972 1875 suum

2126 1839 2152 1874 ν
2185 1820 2610 1891 συσκευασθείη,
2673 1821 2910 1890 μάλιστα
2944 1819 3044 1890 μέν
3079 1819 3177 1874 καὶ
3242 1821 3283 1891 ἡ
3351 1820 3432 1893 σὴ
3497 1822 3727 1884 σύνεσις

397 1917 647 1964 evertere
688 1909 950 1976 instituit,
988 1926 1112 1965 eum
1145 1911 1292 1968 haud
1325 1913 1379 1968 in
1413 1930 1608 1984 magno
1647 1916 1973 1972 discrimine

2121 1914 2364 1984 αυμασία
2398 1908 2532 1968 οὖσα
2559 1911 2873 1983 ἐξευρήσει.
2904 1910 3344 1983 Συμδουλεύσω
3384 1912 3450 1965 δὲ
3476 1914 3583 1965 καὶ
3621 1913 3722 1965 αύ-

400 2015 606 2069 ponere
637 2011 872 2070 Oportet,
907 2017 936 2056 a
963 2003 1254 2059 mendacio
1280 2045 1296 2069 ,
1346 2021 1417 2061 an
1444 2022 1474 2061 a
1536 2007 1768 2062 veritate
1813 2009 1973 2063 auxi-

2126 2005 2207 2068 6ς⁶
2247 2003 2324 2076 μὴ
2355 2003 2645 2076 θαυμάσῃς
2675 2003 2734 2056 δέ
2775 2004 2824 2056 εί
2865 2007 3004 2072 πρὸς
3037 2002 3276 2072 ἰσχυρὸν
3309 2003 3538 2074 ἐχθρὸν
3575 2003 3727 2055 ἀντι-

401 2093 535 2147 lium
566 2102 735 2163 petat,
761 2095 856 2148 sed
883 2095 1110 2165 reliquis
1138 2097 1400 2154 omnibus
1424 2098 1688 2163 dimissis,
1709 2099 1780 2154 ad
1808 2117 1976 2154 unum

2124 2096 2476 2167 αθιστάμενοι
2509 2095 2831 2166 χρησόμεθα
2889 2095 2984 2148 καὶ⁸
3037 2093 3263 2162 ψεύδει.
3316 2095 3424 2165 Τῷ
3458 2094 3578 2164 γὰρ
3611 2096 3725 2146 ἐπι·

403 2181 509 2237 hoc
537 2185 836 2253 reapicere,
871 2193 930 2238 ut
961 2185 1166 2242 vincat.
1199 2187 1437 2243 Proinde
1466 2205 1588 2244 eam
1642 2191 1728 2244 fac
1779 2205 1984 2246 conve-

2125 2190 2361 2260 ειροῦντι
2411 2188 2503 2243 τὸν
2546 2189 2811 2259 πολέμιον
2863 2189 3178 2255 καθαιρεῖν,
3234 2188 3307 2240 οὐ
3373 2186 3557 2240 τοῦτο
3619 2183 3726 2254 χρὴ

402 2275 557 2341 nias,
598 2276 749 2330 illum
791 2285 982 2331 utnon
1009 2276 1122 2345 jam
1148 2293 1245 2348 per
1289 2280 1600 2347 cuniculos,
1656 2282 1752 2337 sed
1785 2298 1986 2353 propa-

2120 2285 2316 2338 'xo«si'v
2337 2285 2384 2337 εί
2418 2281 2605 2352 ψεύδει
2631 2282 2900 2353 χρήσαιτο
2930 2280 2963 2352 ἢ
2989 2279 3259 2350 ἀληθείᾳ,
3291 2277 3454 2332 ἀλλά
3486 2279 3634 2348 πρὸς
3663 2275 3721 2328 ἐν

403 2368 512 2424 lam
579 2369 868 2440 imperium
911 2370 1326 2437 vindicantem,
1383 2381 1440 2426 et
1489 2389 1598 2427 non
1645 2375 1818 2431 multo
1863 2385 1989 2446 post

2117 2375 2422 2430 ιποδλὲπειν
2482 2375 2665 2444 μόνον,
2711 2374 2770 2426 τὸ
2824 2370 2923 2425 τοῦ
2985 2370 3388 2441 πολεμοῦντος
3450 2370 3718 2439 γενέσθαι

408 2462 582 2528 ipsam
637 2463 865 2533 ejusque
899 2463 1109 2518 liberos
1158 2463 1536 2534 iugulatur-um
1595 2481 1846 2522 accuses.
1901 2469 1988 2522 Fi-

2116 2468 2347 2538 ιρείττω,
2393 2465 2462 2520 τὰ
2491 2467 2535 2519 δ’
2568 2465 2704 2519 ἄλλα
2740 2465 2921 2518 πάντα
2955 2464 3169 2534 χαίρειν
3216 2465 3354 2534 ἐᾷν,
3397 2459 3717 2530 Τοιγαροῦν

409 2556 532 2610 dem
561 2555 722 2610 dictis
758 2556 866 2610 tuis
924 2557 1100 2622 pariet
1135 2566 1190 2610 et
1220 2566 1382 2612 antea
1436 2568 1634 2613 navata
1677 2561 1781 2629 ipsi
1823 2561 1991 2616 bene-

2116 2562 2190 2614 ιαὶ
2231 2561 2296 2613 σὺ
2329 2557 2568 2628 βασιλίδι
2614 2555 2955 2626 προσελθὼν,
2987 2553 3304 2625 ἀξιόχρεως
3337 2555 3392 2608 δ’
3425 2555 3536 2625 ἔσῃ
3580 2552 3717 2622 «pb;

409 2645 672 2711 volentia,
703 2660 767 2699 ac
793 2647 1038 2700 studium
1095 2658 1216 2716 post
1267 2649 1615 2719 imperatoris
1660 2667 1988 2718 excessum,

2116 2651 2271 2705 τειθὼ
2319 2652 2383 2710 ἐκ
2415 2669 2473 2704 τε
2504 2653 2602 2720 τῆς
2638 2651 2913 2720 προτέρας
2935 2644 3004 2721 ἦς
3034 2648 3299 2715 ἐνεδείξω
3357 2649 3512 2718 πρὸς
3538 2645 3717 2726 ἀὑτὴν

407 2748 468 2795 et
500 2745 644 2809 quod
676 2743 732 2795 in
762 2755 1003 2810 praesens
1041 2741 1092 2795 ei
1135 2741 1431 2812 diligenter
1461 2759 1687 2813 operam
1723 2745 1855 2801 dare
1915 2747 1996 2800 vi-

2110 2743 2315 2806 εὐνοίας
2354 2743 2450 2796 καὶ
2491 2741 2730 2812 σπουδῆς
2763 2740 2903 2811 μετὰ
2945 2739 3044 2810 τὴν
3071 2733 3361 2808 βασιλέως
3395 2737 3677 2806 τελευτήν
3698 2750 3711 2765 ·

413 2834 656 2890 deberis.
681 2833 738 2890 Si
768 2833 1149 2903 probationem
1205 2838 1490 2904 exegerit,
1545 2851 1610 2890 ea
1672 2838 1994 2894 curiositate

2111 2839 2194 2890 καὶ
2227 2837 2322 2890 τοῦ
2345 2835 2440 2890 νῦν
2470 2835 2613 2905 ὑπὲρ
2640 2833 2810 2904 αὐτῆς
2846 2833 3028 2887 δοκεῖν
3072 2831 3456 2896 σπουδάζειν,
3492 2829 3712 2882 ἐκείνου

413 2939 478 2985 ιιι
505 2926 864 2997 supersedeat
922 2942 1107 2992 mone,
1145 2928 1212 2983 ab
1240 2929 1335 2983 illo
1367 2944 1426 2984 se
1457 2928 1737 3002 disiungat
1770 2972 1787 2998 ,
1827 2933 1996 2988 vitam

2112 2931 2505 3002 κατηγόρησον,
2534 2928 2610 2992 ὡς
2626 2929 2725 3000 οὐχ
2742 2923 3218 2993 ὑποπτευομένου,
3249 2924 3383 2980 ἀλλ’
3417 2923 3527 2994 ἤδη
3549 2936 3713 2991 φανε-

417 3038 575 3077 suam
634 3022 1045 3090 liberorumque
1076 3031 1289 3088 servet,
1325 3022 1533 3092 alioqui
1566 3023 1890 3080 morituram
1915 3025 1998 3080 ci-

2112 3023 2214 3094 ρῶς
2248 3022 2346 3094 τὴν
2379 3021 2658 3091 βασιλείαν
2705 3019 2844 3073 ίδίαν
2891 3016 3252 3086 ποιουμένου,
3317 3015 3428 3070 καὶ
3463 3016 3596 3067 ὅσον
3622 3009 3713 3063 οὐ·

420 3117 531 3170 tius
569 3131 731 3186 quam
764 3115 1124 3187 probationes
1157 3116 1542 3185 expediantur.
1578 3116 1674 3172 His
1709 3117 1778 3173 de
1813 3119 1996 3174 causis

2110 3117 2253 3170 δὲπω
2307 3113 2598 3181 μέλλοντος
2627 3108 2800 3179 αὐτὴν
2826 3108 2922 3162 καὶ
2950 3107 3119 3162 τέκνα
3153 3105 3575 3159 ἀποκτείνειν.
3614 3101 3711 3154 “Av

418 3209 618 3264 timore
667 3186 975 3279 perculsam
1005 3249 1020 3275 ,
1071 3207 1196 3262 belli
1253 3207 1788 3263 administrationem
1837 3209 2002 3264 nobis

2109 3208 2148 3263 δ’
2177 3206 2454 3272 ἀπόδειξιν
2494 3204 2606 3258 τῶν
2667 3201 2984 3272 λεγομένων
3053 3199 3296 3268 ἀπαιτῇ,
3343 3198 3428 3268 μὴ
3483 3191 3710 3248 τοιαῦτα

416 3299 815 3370 pertiiissuram
850 3300 1126 3355 existimo.
1159 3297 1272 3353 Hoc
1291 3299 1436 3354 felici
1465 3315 1726 3356 successu
1752 3309 1998 3369 peracto,

2108 3301 2296 3353 πεῖσον
2334 3295 2848 3366 πολυπραγμονεῖνο
2881 3289 3110 3359 φθάσειν
3140 3289 3254 3358 γὰρ
3287 3288 3709 3357 τελευτήσασαν

423 3392 564 3447 nihil
600 3392 866 3454 restabit,
903 3391 1003 3444 nisi
1058 3399 1119 3444 ut
1178 3390 1357 3445 malus
1403 3391 1545 3447 male
1596 3399 1810 3460 pereat,
1859 3401 1916 3446 et
1943 3401 2003 3447 tu

2109 3394 2238 3465 πρὶν
2275 3393 2356 3453 είς
2390 3389 2516 3452 τοὺς
2541 3387 2799 3456 ἐλέγχους
2825 3385 3006 3456 ἥκειν,
3042 3383 3090 3435 εί
3122 3380 3198 3451 μὴ
3219 3381 3454 3434 ἐκείνου
3483 3375 3710 3432 διαστᾶ-

419 3483 764 3553 impcndenti
786 3491 1013 3550 ereptus
1045 3481 1293 3549 periculo
1321 3521 1337 3544 ,
1383 3496 1499 3536 rem
1546 3481 1852 3534 Romanam
1886 3497 2005 3535 mc-

2109 3505 2199 3552 σα,
2236 3484 2436 3554 ἑαυτὴν
2465 3481 2725 3544 διασῶζοι
2757 3479 2853 3532 καὶ
2898 3477 3087 3541 τέκνα,
3131 3475 3195 3527 ἐκ
3226 3471 3454 3528 τούτων
3479 3471 3538 3524 δὲ
3571 3465 3709 3522 ἐκεί-

426 3576 691 3632 ritissimo
711 3571 827 3644 prae
859 3572 1118 3627 omnibus
1150 3587 1248 3641 pro
1273 3572 1509 3642 imperio
1538 3588 1716 3644 regas.
1750 3573 2008 3645 Quapro-

2110 3597 2208 3648 νην
2247 3577 2439 3646 ῶσπερ
2486 3575 2670 3644 οἴομαι
2721 3571 2826 3625 ὑπὸ
2882 3570 3038 3632 δέους
3096 3567 3592 3635 καταπλαγεῖσαν,
3624 3561 3711 3648 τον

427 3677 551 3740 pter
577 3676 630 3721 te
656 3681 776 3730 oro,
803 3665 937 3721 mihi
967 3665 1339 3735 obtemperes.
1373 3680 1478 3719 neu
1515 3681 1654 3732 rem,
1706 3667 1794 3721 via
1840 3683 2006 3736 quam

2111 3646 2252 3736 «pb;
2287 3666 2498 3716 ἐκεῖνον
2527 3663 2662 3732 ἡμῖν
2715 3661 2958 3728 πόλεμον
3009 3655 3361 3727 ἐπιτρέψειν.
3392 3655 3606 3708 Τούτου
3653 3646 3705 3699 δέ

429 3773 534 3827 ego
561 3757 892 3820 monstravi,
927 3757 1124 3812 eﬁectu
1182 3773 1290 3810 non
1346 3757 1646 3825 difﬁcilem,
1707 3757 2006 3814 detrectes.

2111 3755 2575 3826 κατορθωθέντος,
2607 3751 2763 3806 οὐδὲν
2810 3749 2942 3804 ἄλλο
2995 3747 3243 3801 λείπεται
3283 3749 3320 3819 ἢ
3358 3748 3578 3801 ἐκεῖνον
3613 3741 3707 3811 μὲν

431 3849 588 3916 Quod
620 3849 664 3905 si
691 3849 969 3920 pigritaris
1004 3850 1057 3903 in
1085 3849 1404 3905 discrimine
1456 3861 1574 3917 tuo,
1638 3866 1741 3922 ego
1783 3851 2010 3921 quidem

2112 3848 2414 3907 ἀπολέσθαι
2448 3847 2618 3900 κακὸν
2665 3843 2876 3909 κακῶς,
2913 3841 2974 3894 σέ
3007 3841 3066 3894 δέ
3115 3840 3253 3911 πρὸς
3288 3841 3372 3910 τῷ
3409 3839 3504 3892 τὸν
3537 3839 3702 3903 ἐπηρ-

433 3941 656 4014 gravius
683 3941 820 3996 nihil
854 3941 1060 4006 dicam,
1092 3949 1146 3996 te
1171 3951 1357 3997 autem
1379 3942 1570 4011 quales
1600 3941 1831 3998 fortuna:
1852 3957 2014 3997 exce-

2113 3943 2349 4012 τημένον
2408 3939 2656 3994 κίνδυνον
2711 3937 3025 4005 διαφυγεῖν,
3087 3935 3182 3986 καὶ
3247 3934 3322 3987 τὰ
3413 3928 3703 3998 Ῥωμαίων

435 4043 612 4104 ptume
639 4033 771 4096 sint,
807 4034 1123 4104 conjectura
1158 4033 1450 4094 providere
1495 4049 1592 4103 par
1614 4043 1721 4088 est.
1757 4033 1854 4088 llis
1911 4034 2005 4088 ille

2115 4038 2419 4105 πράγματα
2447 4031 2672 4084 διοικεῖν
2699 4030 2918 4082 πάντων
2956 4025 3192 4096 μάλιστα
3222 4023 3534 4089 ἀξιώτατον
3557 4019 3699 4071 ὄντα.

439 4123 816 4194 patriarcham
851 4124 918 4178 ad
954 4123 1061 4178 sibi
1087 4123 1530 4188 assentiendum,
1563 4123 1882 4192 bellumque
1918 4121 2016 4176 ad-

2117 4126 2208 4180 Διὸ
2244 4123 2340 4178 σοῦ
2375 4123 2568 4191 δέομαι
2601 4117 2895 4189 πεισθῆναι
2941 4115 3373 4186 συμὸουλεύοντι
3433 4111 3584 4181 ἐμοὶ,
3615 4106 3703 4161 καὶ

440 4229 634 4269 versus
667 4229 924 4284 magnum
957 4213 1325 4268 domesticum
1364 4211 1740 4282 incipiendum
1773 4212 2013 4281 impulit.

2123 4217 2200 4288 μὴ
2241 4215 2377 4286 πρὸς
2408 4211 2508 4283 τὴν
2548 4211 2750 4282 πρᾶξιν
2794 4207 3146 4272 ἀναδύεσθαι,
3180 4205 3378 4284 ρςιδὶαν
3418 4204 3585 4257 οὖσαν
3631 4196 3700 4258 ὡς

440 4308 646 4364 Deinde
675 4307 814 4362 alios
834 4307 1176 4378 singulatim,
1208 4305 1470 4376 opinione
1503 4312 1601 4360 aut
1627 4320 1831 4374 genere
1873 4319 2018 4374 pra»

2120 4309 2233 4378 ἐγὼ
2267 4305 2626 4378 συμϐουλεύω
2678 4300 3218 4370 κατασκευασθῆναι.
3263 4299 3329 4353 Εἰ
3387 4299 3436 4353 δ’
3461 4291 3700 4358 ἀποκνή-

441 4410 652 4462 stantes
702 4401 1081 4466 circumiens,
1142 4409 1200 4454 et
1259 4399 1542 4454 mendacia
1606 4398 2021 4468 calumniasque

2123 4417 2242 4463 σεις
2279 4399 2421 4470 πρὸς
2476 4397 2569 4451 τὸν
2611 4395 2879 4459 κίνδυνον,
2917 4391 3030 4462 ἐγὼ
3088 4391 3188 4461 μὲν
3249 4389 3522 4461 δυσχερὲς
3551 4381 3697 4437 οὐδὲν

443 4509 742 4559 consuetis,
769 4493 824 4549 in
838 4493 1090 4551 eamdem
1120 4502 1360 4547 mentem
1391 4491 1599 4546 illicere
1624 4490 2018 4546 contendebat.

2123 4495 2256 4566 ἐρῶ,
2293 4496 2351 4548 σε
2381 4493 2439 4546 δέ
2468 4491 2568 4554 τὰς
2600 4487 2963 4558 ἐκδεξαμένας
2982 4485 3152 4555 τύχας
3183 4485 3283 4554 ἤδη
3342 4474 3699 4551 στοχάζεσθαι

442 4585 522 4651 Ac
555 4587 796 4655 primum
829 4585 1052 4656 quidem
1102 4583 1486 4642 Andronicum
1541 4585 1778 4641 Asanem
1837 4581 2020 4652 magni

2096 4602 2102 4639 ι
2130 4588 2428 4658 προσῆκον.
2465 4583 2690 4644 Τούτοις
2725 4581 2824 4651 μὲν
2848 4575 2944 4634 οὖν
2975 4578 3067 4631 τὸν
3101 4575 3457 4648 πατριάρχην
3491 4573 3697 4625 ἔπεισεν

443 4677 736 4738 duinestici
780 4693 1057 4741 socerum,
1083 4679 1424 4748 argumentis
1457 4717 1473 4742 ,
1507 4676 1712 4747 quibus
1743 4690 1872 4730 eum
1923 4688 2025 4744 po-

2131 4678 2282 4749 αὐτῷ
2338 4693 2398 4730 τε
2453 4674 2768 4745 προσέχειν,
2800 4673 2894 4726 καὶ
2933 4671 3172 4740 πόλεμον
3224 4669 3367 4740 πρὸς
3397 4668 3493 4720 τὸν
3533 4664 3696 4749 μέγαν

448 4772 721 4835 tissimum
743 4745 1179 4840 expugnaturum
1197 4745 1540 4835 conﬁdebat,
1557 4767 1896 4839 aggreditur.
1929 4767 2028 4822 Hic

2129 4745 2450 4838 δομέστικον
2483 4763 2676 4817 κινεῖν.
2713 4759 2928 4840 Ἔπειθ’
2959 4759 3194 4812 ἕκαστον
3224 4757 3336 4835 τῶν
3369 4755 3548 4809 ἄλλων

449 4879 689 4934 namque
715 4865 923 4919 Asanes
949 4861 1017 4917 ad
1070 4877 1335 4934 generum
1393 4863 1556 4932 paulo
1590 4869 1718 4916 ante
1778 4869 2028 4925 venerat,

2129 4831 2504 4929 διαφερόντων
2529 4855 2563 4926 ἢ
2587 4854 2738 4923 γένει
2762 4837 2876 4906 τῶν
2896 4848 3108 4904 πολλῶν
3135 4831 3366 4920 περιϊὼν
3395 4831 3697 4934 ἐμηχανατὸ

445 4968 505 5020 et
533 4967 594 5012 ut
624 4957 709 5012 sui
739 4957 1117 5022 misereretur,
1149 4959 1558 5020 obsecraverat,
1600 4958 1767 5008 vitam
1799 4954 2031 5008 minime

2134 4947 2344 5002 πείθειν
2361 4945 2533 5016 ψεύδη
2564 4942 2832 5013 συνείρων
2863 4942 2954 4996 καὶ
2984 4936 3373 5006 συκοφαντίας,
3393 4935 3500 4988 Καὶ
3518 4929 3694 5022 πρῶτα

449 5053 671 5114 vitalem
713 5052 949 5107 viventis
976 5052 1047 5106 ob
1075 5052 1345 5108 Joannem
1411 5059 1469 5104 et
1519 5047 1829 5102 Manuelem
1865 5047 2031 5112 ﬁlios,

2138 5043 2240 5114 μὲν
2273 5015 2412 5110 «pb;
2443 5037 2537 5091 τὸν
2581 5036 2816 5106 Ἀσάνην
2857 5033 3196 5105 ’Δνὸρόνικον
3223 5027 3397 5084 ἐλθὼν
3424 5027 3484 5090 ὃς
3513 5015 3697 5096 ἦν’με·

449 5161 656 5209 annum
681 5147 794 5222 jam
823 5154 1037 5200 sextum
1069 5146 1138 5199 ab
1163 5145 1496 5214 imperatore
1565 5140 1855 5195 teterrimo
1931 5138 2036 5193 ob-

2135 5134 2290 5202 γάλῳ
2322 5128 2632 5201 δομεστίκῳ
2676 5126 2970 5197 κηδεστὴς,
3018 5122 3076 5189 ἐξ
3106 5116 3184 5176 ὧν
3219 5123 3453 5193 μάλιστα
3499 5114 3697 5222 πείσεξν

452 5200 497 5209 τ.
547 5200 552 5202 .
681 5200 700 5222 ,
1243 5200 1258 5214 ,

452 5241 916 5310 scurrissimoque
950 5254 1172 5293 carcere
1197 5279 1212 5301 ,
1249 5252 1356 5291 non
1390 5249 1550 5289 secus
1573 5245 1742 5303 atque
1773 5232 1920 5303 apud
1953 5233 2038 5287 in—

2139 5200 2280 5301 ᾦετο
2332 5200 2638 5292 ἐπεχείρει.
2669 5213 2839 5282 Οὗτος
2863 5219 2974 5287 γὰρ
3029 5215 3096 5286 δὴ
3124 5218 3152 5269 ὁ
3191 5217 3425 5281 Ἀσάνης
3455 5207 3586 5280 πρὸς
3613 5200 3696 5310 τον

454 5337 604 5390 feros
633 5335 905 5389 delentes.
933 5333 1002 5386 Et
1051 5347 1175 5385 cum
1213 5331 1270 5383 in
1307 5326 1666 5383 Occidentem
1723 5324 2040 5394 proﬁcisce-

2142 5293 2394 5390 γαμϐρὸν
2422 5316 2589 5383 ὀλίγῳ
2619 5313 2887 5385 πρότερον
2923 5309 3117 5374 ἐλθὼν,
3150 5310 3324 5364 ἐδεῖτο
3347 5307 3422 5378 μὴ
3455 5293 3696 5394 περιορξν

457 5439 647 5504 retur,
675 5428 936 5499 quoniam
971 5427 1136 5480 Bcras
1170 5421 1485 5478 necessario
1512 5419 1846 5474 transiturus
1870 5429 2039 5482 esset,

2144 5384 2330 5476 ᾆῡὶεδν,
2364 5410 2600 5465 ἀϐίωτον
2654 5384 2906 5476 οίόμενον
2935 5405 3028 5459 τὸν
3058 5404 3192 5474 βίον,
3224 5403 3313 5456 διὰ
3341 5402 3400 5454 τὸ
3430 5395 3552 5504 τςξς
3579 5384 3693 5504 «si;

676 5471 936 5499 .,............
971 5471 1135 5480 ηπ-
1170 5471 1477 5478 --ην-ψη
1804 5471 1839 5472 η
1976 5471 1981 5472 ,
2006 5471 2038 5482 ν,

459 5523 550 5576 ubi
579 5479 647 5576 in,
667 5521 918 5575 custodia
957 5518 1321 5576 habebantur,
1353 5513 1616 5568 liberatos
1635 5526 1821 5566 secum
1854 5511 1907 5566 in
1938 5510 2044 5564 mi-

2144 5506 2242 5568 δας
2285 5471 2539 5572 Ίῐωάννην
2587 5499 2684 5552 καὶ
2741 5471 2998 5568 Μανουὴλ
3043 5471 3132 5547 ἐπ’
3163 5495 3341 5548 ἐτεσιν
3371 5491 3427 5556 ἒξ
3457 5485 3564 5576 ἤδη-
3606 5471 3696 5529 ὑπὸ

463 5615 635 5668 litiam
674 5613 1024 5682 perduceret,
1058 5621 1366 5676 eorumque
1398 5620 1564 5674 opera
1607 5612 1884 5667 uteretur,
1949 5602 2044 5672 qui

2151 5595 2418 5691 βασιλέως
2472 5594 2532 5645 ἐν
2585 5591 2950 5662 δεσμωτηρίῳ
2999 5589 3381 5666 είργομένους,
3436 5573 3691 5691 δεῖ-νῖόῖσιτέι

462 5707 533 5769 de
565 5706 783 5776 agmine
825 5703 1016 5772 ipsius,
1069 5699 1224 5769 quod
1267 5697 1335 5753 ad
1383 5712 1602 5752 manum
1649 5695 2048 5752 conserendam

2151 5669 2402 5758 πάπχέιν,
2434 5685 2532 5740 καὶ
2578 5683 2732 5737 οὐδὲν
2776 5683 2989 5753 ἀμείνω
3017 5681 3129 5734 τῶν
3159 5683 3218 5734 έν
3247 5679 3376 5752 ᾅδου
3401 5669 3691 5776 “sit”???

470 5799 828 5863 laboremque
886 5795 1176 5848 militarent
1259 5793 1476 5854 attinet,
1529 5789 1736 5845 nemini
1776 5786 2047 5842 concede-

2165 5780 2308 5835 Ἀλλ’
2341 5780 2576 5834 ἀπιόντα
2627 5776 2762 5847 «pb;
2810 5777 2909 5845 τὴν
2944 5775 3207 5842 ἑσπέραν,
3234 5775 3358 5825 ἐπεὶ
3409 5765 3492 5818 διὰ
3535 5758 3691 5857 Βῆθας

471 5902 614 5946 rent.
648 5889 874 5955 Magnus
937 5885 1270 5940 domesticus
1320 5901 1430 5941 non
1492 5884 1596 5938 sibi
1656 5881 1878 5952 probari
1947 5879 2051 5934 hoc

2155 5879 2368 5944 ἁνέγκη
2401 5873 2597 5924 δι’ίέναι
2630 5870 2760 5923 ἔνθα
2790 5868 3192 5929 κατεκλείοντο,
3230 5868 3322 5919 τοῦ
3355 5857 3694 5927 δεσμωτηρίου

377 5997 382 6002 “
478 5985 769 6040 consilium
803 5979 1122 6050 respondit:
1174 5995 1281 6036 non
1325 5979 1616 6036 enituesse
1679 5984 1836 6031 terra:
1888 5973 1978 6032 ﬁli!

2159 5969 2478 6038 ἐξαγαγεῖν,
2514 5965 2604 6020 καὶ
2644 5965 2774 6036 πρὸς
2801 5965 2901 6036 τὴν
2938 5961 3225 6034 στρατείαν
3266 5954 3492 6032 χρῆσθαι
3519 5948 3689 6013 ἄτοπα
