4054 6422
339 381 442 454 801

1477 384 2026 446 IIISTORIARUM
2065 385 2299 448 LIBER
2339 385 2458 449 III.

3507 380 3612 450 862

346 497 468 568 μεθ’
501 495 722 564 ἑαυτοῦ,
747 497 956 561 οὐδενὸς
992 492 1066 553 ὧν
1099 494 1224 568 ἀγει
1248 502 1382 570 πρδς
1421 499 1599 570 μάχας
1632 498 1728 553 καὶ
1763 515 1930 568 στρα-

2039 513 2144 554 nec
2168 499 2376 554 levium
2411 494 2782 567 quorumdam
2831 492 3128 551 criminum
3177 493 3609 553 condemnatos.

339 589 488 653 τείας
525 590 690 652 ὄντας
735 591 1093 660 ἀτιμοτέρους
1123 589 1388 662 χρῆσθαι.
1436 591 1498 645 Ὃ
1531 591 1706 662 μέγας
1738 589 1797 644 δὲ
1833 590 1922 642 δο-

347 681 627 750 μέστικος,
655 681 760 736 οὐκ
803 681 1062 751 ἀρέσκειν
1106 684 1347 752 ἔφασκεν
1391 683 1541 754 αὐτῷ
1591 681 1800 753 ταύτην
1827 682 1926 754 τὴν

351 774 674 846 βουλήν.οὒ
727 775 837 846 γὰρ
871 775 981 832 τῶν
1036 776 1310 846 τυχόντων
1363 772 1505 831 εῖναι
1553 776 1683 841 τοὺς
1737 775 1922 841 υἱοὺς,

349 865 460 918 οὐδ’
511 865 603 921 ἐπὶ
633 869 853 936 μικροῖς
901 885 1016 922 τισι
1067 868 1523 940 κατακριθέντες,
1556 869 1686 923 ὥστ’
1713 867 1764 921 εί
1789 869 1927 937 ἀφε-

345 955 487 1008 οετεν
510 956 641 1027 παρ’
667 956 831 1012 αὐτοῦ
867 959 1142 1030 μηδεμίαν
1183 961 1435 1032 ταραχῆς
1480 962 1758 1031 πρόφασιν
1783 976 1927 1032 παρ-

341 1047 491 1116 έχειν
566 1048 837 1119 βασιλίδι·
865 1053 982 1105 ἀλλ’
1016 1052 1126 1106 ἔδει
1157 1053 1431 1125 πρότερον
1462 1053 1683 1122 ἐκείνην
1710 1067 1928 1124 παρασ-

345 1137 688 1204 κευάσαντας
708 1141 1045 1212 συγγνώμην
1070 1142 1301 1205 ἐκείνοις
1317 1141 1724 1213 παρασχέσθαι,
1749 1139 1924 1200 οὕτως

341 1225 564 1294 ἐξάγειν
593 1230 690 1282 τοῦ
715 1229 1120 1302 δεσμωτηρίου.
1153 1231 1266 1286 Νῦν
1291 1232 1337 1284 δ’
1360 1233 1408 1285 εί
1437 1232 1596 1286 τοῦτο
1642 1230 1924 1303 πράξομεν

344 1320 502 1375 αὐτοὶ
534 1320 611 1392 μὴ
641 1321 908 1392 πρότερον
937 1324 1155 1395 ἐκείνης
1185 1323 1613 1394 ἐπιτρεπούσης,
1647 1323 1792 1386 είκδς
1827 1322 1925 1376 αύ-

347 1410 450 1478 τήν
483 1425 544 1463 τε
567 1410 889 1480 λογίσασθαι
917 1415 1014 1466 καὶ
1056 1415 1184 1477 τοὺς
1212 1417 1565 1486 συκοφάντας
1594 1415 1925 1486 προφάσεως

347 1501 410 1554 οὐ
439 1503 540 1573 τῆς
569 1504 844 1574 τυχούσης
873 1504 1204 1576 εὐπορῆσαι,
1235 1506 1313 1569 ὼς
1371 1507 1473 1579 ήδη
1533 1509 1714 1562 πᾶσαν
1753 1506 1924 1577 αὐτῆς

345 1595 719 1665 παρειλόμεθα
756 1597 1070 1652 διαϐάλλειν
1093 1601 1194 1669 τὴν
1251 1601 1454 1672 ἀρχὴν,
1487 1602 1582 1656 καὶ
1623 1583 1745 1655 κατ’
1766 1599 1921 1666 ἐξου-

2030 599 2092 645 ut
2119 591 2165 645 si
2192 590 2262 645 ab
2301 590 2424 660 ipso
2463 587 2836 651 dimittantur,
2895 602 3004 641 non
3058 587 3264 657 aliquid
3317 588 3607 645 turbarum

2028 683 2349 752 imperatrix
2373 691 2669 752 expertura
2705 681 2796 737 sit.
2828 679 3154 749 Oportuisse
3184 679 3340 748 prius
3398 696 3460 734 ea
3495 681 3610 749 pla-

2027 785 2148 830 cata
2173 773 2390 828 veniam
2447 774 2581 843 ipsis
2607 772 2749 838 dari,
2807 781 2864 827 et
2889 772 2970 826 sic
3027 770 3251 825 demum
3307 785 3338 826 e
3388 787 3610 826 carcere

2026 867 2212 924 educi.
2237 866 2399 939 505
2425 867 2582 922 Nunc
2611 866 2657 920 si
2691 865 2800 920 hoc
2829 880 2930 918 nos
2960 864 3100 919 citra
3142 865 3265 935 ejus
3287 865 3608 918 mandatum

2027 961 2314 1023 faciamus,
2347 961 2549 1030 inquit,
2569 959 2856 1030 probabile
2879 965 2965 1012 est
2996 964 3053 1012 et
3082 956 3232 1010 illam
3277 955 3361 1010 ita
3391 955 3614 1010 ratioci-I

2026 1062 2306 1116 naturam,
2337 1061 2392 1107 et
2418 1053 2791 1123 schpbantas
2820 1050 3078 1106 idoneam
3108 1048 3458 1104 occasionem
3510 1062 3612 1100 na-

2029 1159 2168 1210 ctos,
2198 1147 2530 1202 calumniam
2562 1153 2938 1208 contexturos,
2965 1144 3119 1215 quasi
3149 1143 3278 1213 jam
3314 1155 3477 1197 omne
3507 1140 3611 1194 im-

2025 1241 2241 1310 perium
2270 1238 2319 1294 ei
2350 1238 2742 1302 adetnerimus,
2763 1239 2891 1291 dum
2939 1236 3175 1290 maxima
3201 1250 3300 1305 per
3323 1234 3606 1289 licentiam

2025 1331 2400 1394 decernimus,
2429 1341 2616 1384 etnec
2667 1330 2834 1384 verbo
2881 1345 2994 1383 uno
3055 1328 3231 1398 ipsam
3287 1326 3604 1395 dignamur.

2026 1423 2182 1491 Quod
2224 1439 2327 1478 nec
2367 1422 2500 1476 mihi
2543 1437 2648 1478 nee
2680 1423 2788 1477 illis
2811 1422 3161 1492 profuturum
3222 1420 3503 1475 existimo.
3525 1417 3608 1470 Ad

2025 1530 2200 1570 annos
2230 1514 2395 1582 igitur
2420 1512 2619 1581 quibus
2649 1513 2704 1565 in
2735 1525 2956 1564 carcere
2996 1517 3146 1572 sunt,
3210 1509 3392 1561 adhuc
3429 1507 3604 1560 breve

2027 1616 2244 1676 tempus
2269 1619 2584 1675 quanquam
2611 1603 2864 1658 dolentes
2923 1602 3248 1672 perdurent,
3285 1601 3463 1654 donec
3515 1598 3604 1653 di-I

345 1686 469 1742 σίαν
518 1689 717 1744 καὶτὰ
759 1693 993 1760 μέγιστα
1040 1691 1372 1762 διοικοῦμεν,
1403 1693 1540 1764 μηδὲ
1598 1693 1760 1766 λόγου
1791 1692 1923 1761 γοῦν

2030 1699 2154 1754 vino
2185 1695 2417 1752 munere
2444 1696 2513 1750 ab
2537 1687 2888 1766 expeditione
2916 1695 3155 1748 rediero.
3184 1693 3324 1747 Tum
3356 1693 3472 1759 ipse
3503 1691 3607 1746 in:-

341 1777 516 1850 αὐτήν
567 1797 716 1846 τινος
766 1781 1070 1849 ἀξιοῦντες.
1104 1787 1172 1840 Ἀ
1205 1784 1291 1855 δὴ,
1346 1784 1460 1840 οὔτ’
1506 1786 1630 1856 ἐμοὶ
1679 1786 1918 1857 πρῶτον,

2030 1790 2354 1859 peratricem
2387 1803 2580 1843 eorum
2611 1789 2833 1841 nomine
2865 1786 3350 1856 prccatus,etiam,
3385 1783 3429 1837 si
3464 1797 3608 1850 opus

341 1868 458 1923 οὔτ’
478 1871 713 1938 ἐκείνοις
739 1874 926 1946 οίομαι
947 1876 1279 1939 λυσιτελεῖν.
1343 1879 1481 1932 ἀλλὰ
1501 1878 1619 1932 δέον
1644 1878 1780 1948 πρὸς
1807 1881 1920 1942 τοῖς

2030 1883 2156 1947 erit,
2188 1890 2456 1952 concepto
2489 1881 2806 1936 vadimonio
2838 1880 2904 1932 de
2936 1877 3184 1932 custodia
3208 1875 3363 1930 exire
3387 1875 3608 1941 faciam,

341 1961 518 2017 ἔτεσιν
547 1958 630 2028 οἷς
650 1965 950 2035 είργονται,
974 1969 1066 2022 καὶ
1083 1967 1267 2037 ὀλίγον
1289 1971 1412 2023 τινὰ
1433 1970 1622 2040 χρόνον
1640 1969 1928 2039 διακαρτε-

2030 1983 2080 2030 et
2115 1975 2168 2028 in
2211 1982 2459 2028 veterem
2488 1988 2585 2027 eos
2611 1971 2938 2040 dignitatem
2994 1969 3385 2036 fortunamque
3443 1981 3610 2021 cona-

341 2052 504 2125 ρῆσαι
521 2055 614 2109 καί
629 2074 733 2126 περ
751 2058 1102 2129 ἀνιωμένους,
1120 2060 1279 2133 ἄχρις
1289 2061 1354 2115 ἂν
1371 2059 1504 2114 Θεοῦ
1516 2061 1744 2125 διδόντος
1757 2064 1920 2116 ἐπιν-

2030 2071 2122 2122 hor
2153 2082 2423 2122 asserere.
2461 2066 2621 2121 Nunc
2653 2065 2914 2134 quoniam
2947 2061 3012 2116 ad
3080 2062 3185 2115 iter
3245 2069 3472 2130 paratus
3522 2067 3609 2113 est

342 2145 457 2216 ήξω
489 2146 590 2216 τῆς
609 2153 925 2220 στρατείας.
945 2149 1080 2206 Τότε
1108 2153 1165 2207 δέ
1186 2154 1284 2225 τῆς
1306 2153 1574 2224 βασιλίδος
1597 2154 1809 2225 δεηθεὶς
1825 2155 1922 2208 αὑ-

2030 2165 2325 2227 exercitus,
2392 2161 2480 2216 bis
2523 2158 2853 2215 immorandi
2925 2168 3036 2210 non
3096 2163 3181 2210 est
3238 2153 3610 2220 otium:quat

351 2238 441 2300 τὸς
460 2239 601 2310 ὑπὲρ
631 2242 879 2311 ἐκείνων,
916 2245 1014 2298 καὶ
1043 2246 1090 2299 εἰ
1121 2247 1231 2300 δέοι
1247 2247 1344 2302 καὶ
1363 2245 1569 2316 ἐγγύας
1586 2247 1912 2316 παρασχὼν,

2030 2264 2077 2309 ut
2108 2255 2238 2307 ﬁant
2258 2264 2506 2323 tempore
2534 2251 2782 2322 indigent
2807 2248 2930 2304 .Sed
2959 2249 3086 2318 quia
3114 2245 3396 2315 negotium
3426 2251 3608 2314 urget,

349 2329 447 2383 τοῦ
489 2348 547 2390 τε
579 2333 966 2408 δεσμωτηρίου
1035 2341 1448 2410 παρασκευάσω
1501 2339 1759 2406 ἐξελθεῖν,
1819 2341 1917 2394 καὶ

2030 2361 2171 2400 nunc
2195 2347 2249 2399 in
2272 2344 2525 2409 transitu,
2548 2351 2608 2398 ut
2627 2344 2760 2396 alias
2778 2356 2942 2411 saepe,
2963 2340 3110 2410 ipsos
3128 2339 3314 2405 adibo,
3334 2353 3436 2393 nec
3464 2351 3608 2407 prae-

352 2423 489 2492 πρὸς
516 2424 614 2494 τὴν
649 2427 888 2497 ἀρχαίαν
921 2431 1272 2501 εὐδαιμονίαν
1318 2432 1658 2504 πειράσομαι
1711 2433 1920 2487 ἐπανά-

2030 2438 2201 2492 sentia
2224 2436 2400 2490 solum
2438 2450 2555 2489 mea
2592 2433 2941 2496 consolabor,
2998 2440 3053 2486 et
3084 2432 3396 2485 necessitati
3425 2445 3610 2486 rerum

340 2528 486 2582 ¹γειν.
510 2516 652 2573 Νυνὶ
699 2520 757 2574 δὲ
798 2523 900 2592 τῆς
949 2526 1214 2594 στρατιᾶς
1246 2525 1350 2596 ήδη
1384 2524 1920 2595 παρεσκευασμένης

2030 2525 2312 2580 consulam
2340 2565 2354 2591 ,
2389 2539 2580 2578 verum
2618 2523 2785 2577 etiam
2823 2523 2944 2577 lana
2981 2536 3078 2591 spe
3113 2521 3355 2590 implebo
3379 2560 3395 2585 ,
3425 2536 3616 2576 vincua

340 2605 512 2679 οὖσης
551 2612 690 2679 πρὸς
713 2611 814 2684 τὴν
845 2613 1046 2679 ἔξοδον,
1075 2616 1137 2669 οὐ
1172 2616 1338 2687 σχολὴ
1369 2618 1501 2688 περὶ
1531 2616 1760 2672 τοιαῦτα
1801 2617 1918 2670 δια-

2030 2615 2205 2670 lorum
2235 2615 2569 2671 solutionem
2597 2614 2862 2669 affirmate
2909 2613 3262 2684 promittens.
3298 2611 3455 2678 Quod
3488 2613 3610 2682 qui-

338 2701 553 2770 τρίϐειν
587 2707 784 2778 χρόνου
807 2707 1040 2776 δεόμενα
1071 2713 1208 2780 πρὸς
1241 2711 1341 2780 τὴν
1373 2711 1749 2780 κατασκευήν.
1778 2710 1920 2762 Ἀλλ’

2030 2710 2147 2764 dem
2167 2709 2278 2764 illis
2302 2709 2406 2765 hoc
2427 2708 2777 2763 intervallum
2801 2707 3142 2762 tolerabilius
3164 2719 3329 2775 quam
3357 2705 3510 2775 prius
3523 2706 3613 2760 vel

340 2794 676 2863 ἐπειγόντων
712 2797 820 2851 τῶν
849 2800 1219 2868 πραγμάτων,
1254 2798 1350 2854 νῦν
1393 2801 1494 2871 μὲν
1515 2805 1654 2855 κατά
1683 2801 1920 2868 πάροδον

2030 2803 2193 2856 unius
2223 2801 2330 2855 diei
2363 2804 2599 2870 spatium
2628 2799 2844 2854 reddet.
2882 2797 2980 2852 Ilis
3004 2797 3294 2868 promissis
3315 2806 3612 2853 contentus
3646 2859 3653 2869 ,

339 2881 530 2958 ὥσπερ
562 2889 948 2961 καὶπρότερον
1007 2891 1290 2955 πολλάκις
1327 2891 1463 2963 πρὸς
1491 2893 1691 2956 αὐτοὺς
1733 2910 1930 2962 παραε.

2030 2896 2255 2958 Asanes,
2288 2892 2494 2962 gratias
2515 2892 2766 2961 ingentes
2803 2893 2936 2960 egit.
3197 2905 3200 2907 λ

344 2985 653 3052 γενόμενος,
722 2989 784 3040 ού
846 2989 1319 3061 παραμυθήσομαι
1368 2990 1530 3058 μόνον
1567 2988 1658 3041 διὰ
1709 2988 1809 3057 τὴν
1848 2987 2164 3057 ἐπιδημίαν,
2201 2986 2296 3040 καὶ
2340 2986 2599 3056 προνοίας
2634 2983 2854 3050 ἀξιώσω
2916 2987 3016 3055 τῆς
3054 2983 3300 3055 δεούσης,
3335 2984 3474 3039 ἀλλὰ
3517 2982 3614 3037 καὶ

340 3081 723 3151 χρηστοτέρων
773 3081 1040 3152 ἐμπλήσω
1068 3083 1176 3136 τῶν
1205 3082 1457 3147 ἐλπίδων,
1484 3085 1583 3154 τὴν
1640 3083 1952 3151 ἐλευθερίαν
1978 3082 2088 3136 τῶν
2136 3082 2354 3151 δεσμῶν
2410 3080 2886 3151 ἐπαγγειλάμενος
2951 3079 3213 3150 βεϐαίως.
3257 3080 3323 3133 Ὃ
3380 3079 3477 3132 καὶ
3514 3079 3611 3132 τὸν

345 3172 550 3237 μεταξὺ
588 3174 781 3244 χρόνον
807 3176 993 3238 αὐτοῖς
1017 3177 1394 3248 ἀνεκτότερον,
1434 3176 1466 3248 ἢ
1535 3177 1804 3248 πρότερον
1829 3179 2048 3248 ἡμέρας
2091 3177 2315 3247 ποιήσει
2364 3175 2641 3246 διάστημα
2717 3177 2868 3247 μιᾶς.
2907 3173 2967 3228 '0
3032 3174 3133 3244 μὲν
3180 3167 3275 3228 οὖν
3327 3173 3521 3243 ἠγάπα
3545 3191 3608 3228 τε

338 3266 462 3329 ταῖς
507 3267 889 3338 ἐπαγγελίαις,
931 3272 1025 3325 καὶ
1088 3272 1323 3346 χάριτας
1353 3272 1472 3345 ᾔδει
1517 3272 1718 3336 πολλὰς
1758 3273 1898 3341 ὑπὲρ
1937 3273 2138 3328 αὐτῶν.
3621 3283 3626 3294 ³

1745 3384 1971 3441 CAPUT
2009 3383 2204 3442 XVIII.

342 3475 543 3562 Eodem
571 3477 930 3562 blandimento
954 3482 1592 3562 A_t_tdronirur_n_Asanem,
1631 3484 1906 3562 domestici
1932 3501 2203 3562 socerum,
2237 3492 2407 3562 tentat
2435 3485 2810 3562 Apocauch-us,
2830 3502 3049 3556 eumque
3079 3485 3329 3539 adversus
3359 3497 3613 3554 generum

410 3553 592 3627 irritat
620 3553 1070 3627 suismendaeiis,
1101 3555 1227 3627 dum
1256 3553 1395 3621 ﬁlios
1425 3555 1538 3623 ejus
1566 3571 1749 3627 revera
1782 3554 1922 3627 nolle
1950 3572 1978 3609 e
2001 3556 2238 3609 custodia
2267 3553 2494 3611 liberare
2517 3557 2696 3627 ﬁngit,
2742 3575 2859 3610 cum
2903 3553 3080 3610 tamen
3130 3558 3324 3627 possit;
3355 3553 3404 3608 et
3433 3557 3609 3625 ipsum

414 3621 645 3702 ᾼεαηαηι
674 3622 744 3674 ad
765 3622 976 3702 imperii
999 3624 1298 3702 cupidinem
1333 3621 1827 3702 eastimttlat,_quod
1858 3627 2360 3702 e_tiam_patrittrch¢e
2389 3621 2634 3695 faciebat.
2668 3626 2869 3702 Suadet
2900 3628 3024 3702 item
3057 3621 3532 3702 ttt'imperatricem
3555 3627 3611 3679 in

415 3690 754 3774 domesticum
788 3690 1371 3774 ei‘ulceret’et-imperit’
1403 3710 1495 3774 spe
1527 3690 1806 3774 Ahominem
1854 3690 2134 3749 demulcet.
2185 3690 2416 3767 Operam
2459 3713 2612 3752 suam
2641 3697 2886 3768 spondet.
2946 3690 3296 3752 Veritatis'et
3351 3697 3613 3750 mendacii

415 3761 622 3815 nullum
647 3762 950 3832 faciendum
987 3764 1289 3828 discrimen,
1316 3761 1454 3833 quod
1487 3771 1537 3816 et
1569 3773 1727 3818 antea
1755 3774 2056 3819 monuerat.

414 3882 927 3953 Παρακοιμώμενο;
959 3881 1017 3936 δὲ
1051 3883 1404 3954 αἰσθόμενος,
1442 3877 1555 3946 οἷος
1587 3877 1659 3949 ἦν
1706 3885 1921 3946 ἐκεῖνος

2097 3883 2354 3940 Cubiculi
2391 3885 2688 3956 praefectus
2717 3901 2842 3942 cum
2894 3886 3014 3942 haec
3056 3885 3422 3942 intellexisset
3458 3887 3616 3955 '(erat

346 3973 418 4028 τά
449 3973 679 4028 τοιαῦτα
711 3974 961 4045 ερευνᾷν,
1002 3976 1100 4028 καὶ
1139 3972 1458 4042 προσελθὼν
1473 3973 1703 4047 Ἀσάνῃ,
1731 3974 1926 4044 πρῶτα

355 4067 454 4136 μὲν
509 4066 759 4122 δουλείαν
809 4066 1048 4137 ἀρχαίαν
1101 4065 1411 4136 ὡμολόγει,
1475 4065 1574 4119 καὶ
1631 4064 1768 4135 μηδέ
1825 4063 1926 4135 τὴν

349 4160 519 4231 τύχην
564 4163 622 4215 ὲν
751 4161 1058 4229 καθέστηκε
1130 4159 1252 4214 νυνὶ
1308 4158 1411 4228 τῆς
1456 4159 1589 4229 πρὶν
1647 4156 1926 4218 εὐτελείας

350 4253 702 4324 ἐπιλελῆσθαι
736 4257 924 4332 πεῖσαι
950 4252 1345 4319 διεϐεϐαιοῦτο,
1366 4251 1484 4305 ἀλλ’
1513 4250 1689 4315 οὕτως
1712 4250 1926 4304 οίεσθαι

348 4349 512 4401 αὐτὸν
572 4343 660 4402 οἵα
717 4348 783 4418 δὴ
817 4331 913 4402 ἕνα
964 4346 1075 4401 τῶν
1102 4347 1317 4400 ἐκείνου
1368 4344 1608 4399 οἰκετῶν
1639 4359 1654 4376 ο
1688 4345 1786 4398 καὶ
1825 4345 1926 4416 τὴν

351 4441 739 4511 προσήκουσαν
775 4439 992 4495 εῦνοιαν
1019 4439 1217 4509 ἀγαθῷ
1251 4438 1494 4512 δεσπότῃ
1527 4437 1682 4508 παρά
1721 4436 1926 4490 δούλων

245 4571 252 4576 η
349 4533 568 4603 ἕτοιμον
615 4530 756 4588 εἶναι
809 4533 1006 4605 καιροῦ
1052 4531 1348 4599 καλοῦντος
1399 4531 1789 4605 παρασχέσθαι
1829 4531 1927 4584 καὶ

349 4628 538 4692 αὑτὸν,
574 4633 669 4682 καὶ
701 4628 882 4682 πάντα
910 4630 1178 4698 πράττειν
1213 4625 1355 4696 ὑπὲρ
1377 4624 1546 4678 αὑτοῦ
1577 4639 1638 4676 τε
1681 4622 1780 4676 καὶ
1816 4620 1926 4675 τῶν

353 4721 582 4786 παίδων,
614 4724 663 4776 εἰ
700 4723 810 4775 δέοι
845 4723 940 4776 καὶ
976 4724 1100 4785 ταῖς
1137 4719 1396 4791 ἐσχάταις
1452 4717 1649 4788 τύχαις
1702 4715 1929 4786 περιπί-

352 4833 526 4869 πτειν.
565 4818 631 4869 Ὃ
663 4816 759 4870 καὶ
785 4816 904 4868 νυν)⁵
949 4816 1431 4886 παρεσκευακέναι
1476 4811 1717 4887 μάλιστα
1769 4811 1927 4882 ἥκειν

356 4909 486 4976 παρ’
539 4909 726 4975 αὑτὸν,
787 4908 905 4978 ἅμα
959 4907 1058 4978 μὲν
1099 4907 1136 4961 ἃ
1186 4905 1490 4960 λυσιτελεῖν
1539 4905 1688 4975 αύτῷ
1729 4919 1791 4957 τε
1831 4897 1939 4957 καῖ

359 5003 764 5072 παισὶηνομίζει
814 4998 1425 5072 παραινέσοντα,,ἀμα
1468 4999 1514 5052 δ’
1549 4998 1602 5051 εί
1655 5015 1707 5052 τι
1753 4997 1929 5051 δέοιτο

355 5097 493 5165 πρὸς
530 5098 590 5148 τὸ
609 5098 774 5167 ἔργον
796 5097 887 5148 καὶ
919 5093 1114 5159 αὐτοῦ,
1140 5093 1222 5146 ὅτι
1253 5091 1651 5164 προθυμότατα
1681 5080 1930 5162 συναγω-

359 5191 548 5242 νιεῖται
597 5193 697 5243 καὶ
727 5188 1002 5258 χρήμασι,
1041 5187 1135 5239 καὶ
1183 5185 1429 5247 οἰκέταις
1470 5184 1567 5238 καὶ
1625 5185 1792 5238 πᾶσιν
1843 5179 1926 5248 οἶς

355 5286 469 5352 ἔχει
531 5283 900 5348 ὲκδιδάξοντα.
971 5281 1092 5338 τῶν
1161 5282 1271 5352 γὰρ
1329 5278 1496 5334 αὐτοῦ
1552 5277 1764 5332 παίδων
1819 5277 1928 5330 ὑπὸ

354 5374 620 5444 βασιλέως
677 5375 849 5448 ἀδίκῳ
893 5374 1091 5447 γνώμῃ
1152 5374 1248 5427 καὶ
1298 5371 1537 5442 φθονερᾷ
1592 5368 1764 5422 πολὺν
1822 5366 1925 5438 ἤδη

354 5467 543 5537 χρόνον
603 5470 663 5521 ἐν
721 5469 938 5540 φρουρᾷ
1005 5465 1415 5538 κατεχομένων,
1471 5463 1614 5517 πάνυ
1671 5460 1774 5532 μὲν
1831 5459 1927 5513 καὶ

353 5560 518 5614 αὑτὸν
543 5561 876 5632 ύπεραλγεῖν
903 5561 1109 5623 αὐτῶν,
1139 5561 1200 5613 ού
1237 5559 1399 5629 μόνον
1449 5557 1616 5612 ἄδικα
1641 5555 1738 5609 καὶ
1770 5552 1927 5624 βίαια

358 5653 696 5722 πασχόντων,
730 5654 867 5708 ἀλλὰ
913 5656 1018 5708 καὶ
1057 5654 1146 5707 διά
1184 5653 1282 5722 τὴν
1315 5651 1554 5723 ἀρχαίαν
1583 5647 1822 5712 εῦνοιαν,
1859 5644 1928 5717 ἢν

353 5744 594 5810 ἐκείνοις
653 5747 913 5814 ὀφείλειν,
970 5746 1067 5802 καὶ
1117 5745 1201 5799 σοὶ
1395 5743 1594 5814 σωτρὶ,
1642 5741 1812 5814 μηδὲν
1864 5741 1923 5797 δὲ

355 5831 580 5902 ﬂagitia
641 5838 861 5908 ἔχοντα,
913 5839 1157 5908 στέργειν
1209 5837 1311 5908 τὴν
1367 5834 1664 5908 ἀνάγκηᾙ
1705 5836 1829 5890 νυνὶ
1868 5834 1926 5890 δὲ

2029 3981 2177 4036 enim
2211 3980 2266 4034 in
2293 3980 2380 4033 bis
2410 3980 2737 4050 lndagandis
2780 3980 3037 4051 impiger)
3067 3996 3195 4035 eum
3222 3980 3404 4036 Asane
3470 3995 3608 4035 con-

2028 4071 2299 4142 greditur.
2341 4071 2586 4142 Primum
2611 4069 2837 4139 quidem
2865 4085 2926 4124 se
2958 4069 3086 4123 olim
3121 4069 3242 4138 ejus
3286 4068 3459 4124 fuisse
3505 4083 3614 4125 ser-

2028 4178 2158 4218 vum
2206 4163 2507 4218 confitetur
2541 4201 2558 4226 ,
2613 4176 2715 4218 nec
2776 4161 3058 4216 fortunam
3098 4171 3424 4230 praesentem
3468 4162 3617 4232 abje-

2030 4255 2238 4313 ctionis
2263 4271 2378 4311 sua:
2406 4255 2611 4325 prioris
2636 4253 2960 4309 memoriam
3003 4252 3110 4308 sibi
3142 4252 3435 4307 abstulisse
3457 4267 3613 4308 asse-

2027 4359 2206 4416 verat,
2236 4350 2333 4405 sed
2367 4363 2544 4404 semet
2567 4362 2859 4404 numerare
2895 4345 2950 4402 in
2973 4345 3195 4401 famulis
3235 4347 3396 4414 ejus:
3457 4361 3610 4415 qua:-

2029 4460 2138 4516 que
2159 4459 2259 4514 par
2280 4452 2366 4500 est
2387 4443 2534 4498 bono
2557 4440 2787 4496 domino
2810 4453 3014 4494 aservo
3038 4447 3226 4508 parata
3251 4452 3374 4492 esse
3405 4438 3614 4502 studia,

2028 4539 2223 4595 eadem
2256 4551 2314 4593 se
2340 4535 2523 4602 illi,.-si
2549 4549 2637 4590 res
2667 4532 2933 4602 exegerit,
2974 4529 3378 4602 praestiturum,
3431 4529 3612 4584 factu-

2029 4647 2265 4699 ramque
2292 4645 2394 4701 pro
2425 4629 2546 4700 ipso
2585 4637 2641 4682 et
2671 4626 2798 4681 ﬁliis
2834 4626 2959 4697 ejus
2987 4623 3204 4688 omnia,
3247 4623 3502 4692 quamvis
3555 4637 3616 4677 se

2030 4725 2241 4782 idcirco
2258 4723 2326 4778 ad
2350 4729 2652 4778 extremam
2677 4718 2956 4773 miseriam
3017 4715 3422 4771 devolvendum
3453 4716 3615 4771 sciat.

2029 4819 2146 4886 Qua
2173 4817 2409 4872 maxime
2432 4815 2502 4871 de
2529 4827 2695 4871 causa
2720 4821 2776 4867 et
2813 4825 2960 4866 nunc
2991 4809 3056 4865 ad
3090 4826 3218 4864 eum
3275 4810 3515 4874 venerit,
3544 4811 3618 4862 si.-

2031 4911 2145 4967 mul
2173 4921 2231 4964 ut
2261 4923 2386 4979 quae
2416 4907 2520 4978 ipsi
2546 4905 2847 4974 liberisque
2906 4905 3028 4974 ejus
3075 4902 3387 4957 conducere
3439 4911 3624 4971 putet,

2030 5005 2345 5068 admoneat,
2386 5002 2550 5057 simul
2587 5009 2645 5055 ut
2675 4999 2720 5054 si
2746 4999 2877 5068 quid
2901 5011 3068 5066 opera
3090 5011 3188 5050 sua
3219 4995 3287 5049 ad
3315 4993 3620 5064 epusindi-

2032 5108 2178 5170 geat,
2219 5097 2631 5167 promptissime
2663 5103 2720 5147 et
2742 5089 3016 5162 pecuniis,
3045 5098 3101 5142 et
3128 5088 3373 5154 tantulis,
3409 5095 3464 5141 et
3488 5087 3620 5156 qui-

2035 5193 2139 5247 bus
2150 5189 2355 5262 poterit
2374 5186 2629 5252 rebus,ei
2649 5185 3052 5241 sta-adfuturum
3067 5183 3283 5238 doceat.
3303 5180 3438 5235 Nam
3462 5178 3617 5248 quod

2037 5285 2132 5339 ﬁlii
2165 5285 2284 5356 ejus
2314 5298 2413 5353 per
2439 5279 2770 5353 iniustitiam
2791 5277 2964 5350 406
3001 5275 3341 5332 etinvitliam
3377 5275 3622 5342 impera-

2035 5377 2172 5433 toris
2208 5387 2288 5433 tot
2307 5376 2425 5447 jam
2449 5373 2609 5428 annis
2640 5387 2866 5428 carcere
2885 5371 3058 5426 clausi
3087 5377 3414 5430 teneantur,
3437 5367 3622 5422 incre-

2042 5465 2287 5522 dibiliter
2327 5478 2388 5518 se
2415 5460 2806 5526 cruciari,non
2832 5458 2998 5514 modo
3019 5457 3148 5528 quia
3196 5456 3382 5527 inique
3412 5465 3470 5512 et
3496 5454 3626 5510 dire

2039 5556 2394 5620 afﬂictentur,
2416 5553 2514 5610 sed
2535 5560 2592 5608 et
2615 5561 2840 5623 promer
2862 5559 3129 5616 veterem,
3151 5562 3313 5628 quam
3345 5547 3500 5616 ipsis,
3521 5561 3626 5601 eo-

2039 5662 2279 5717 rumque
2312 5644 2525 5716 parenti
2559 5658 2804 5699 amorem
2834 5643 3053 5698 debeat.
3077 5640 3212 5696 Cum
3245 5649 3427 5694 autem
3457 5653 3623 5709 opem

2037 5739 2182 5795 ferre
2217 5739 2424 5793 nullam
2455 5745 2647 5808 queat,
2673 5736 3060 5791 necessitatem
3110 5734 3237 5787 boni
3307 5732 3624 5786 consulere.

2034 5831 2312 5888 (laterum
2359 5832 2489 5902 quia
2516 5845 2666 5886 nunc
2695 5827 2760 5884 ad
2795 5844 2892 5884 eos
2922 5843 2952 5884 e
3013 5826 3247 5883 vinculis
3299 5824 3624 5881 eximenda
