4054 6424
386 334 552 451 τοῖς

1609 370 1934 436 JOANNIS
1971 364 2503 426 CANTACUZENI

3593 363 3701 428 804

437 482 661 568 tempus
735 495 881 550 adsit
909 492 1466 565 oppertunissimum,
1502 504 1563 545 se
1612 489 1894 543 hortatum
1932 498 2021 537 ac-

2128 479 2270 549 ὁρῶν
2300 481 2392 531 τὸν
2425 478 2861 549 ἐπιτηδειότατον
2887 478 3096 548 ἥκοντα
3126 476 3321 548 καιρὸν
3349 477 3448 545 τῆς
3478 477 3700 531 ὲκείνων

438 591 694 653 cessisse,
716 602 788 643 ne
813 588 867 643 id
895 586 963 643 de
993 585 1252 641 manibus
1288 583 1431 640 elabi
1475 583 1643 639 sinat.
1696 577 1937 634 Tametsi
1988 590 2020 630 e

440 678 690 751 Selybria
740 677 982 744 rediens,
1018 677 1221 746 inquit,
1259 675 1443 749 audivi
1499 684 1553 729 te
1599 658 1782 743 m‘agni
1828 668 2022 724 dome-

440 773 563 828 stici
602 784 865 841 generum
898 769 1089 824 multis
1129 770 1301 824 etiam
1344 767 1602 838 precibus
1634 778 1745 818 non
1777 754 2031 817 ﬂexisse.‘

439 864 546 931 Qui
577 864 671 919 ubi
723 872 775 918 te
836 862 988 917 inani
1040 877 1136 932 spe
1197 861 1416 917 lactavit
1456 874 1522 915 ac
1574 857 1795 917 delusit,
1847 852 2018 917 abiit,

441 957 598 1027 quasi
636 971 763 1011 cum
792 970 861 1009 ex
883 950 1183 1011 Occidente
1207 952 1505 1014 revenerit,
1537 964 1633 1004 eos
1663 947 2018 1002 dimissurus.

444 1048 596 1102 llanc
625 1061 757 1101 vero
815 1045 863 1100 si
922 1060 1033 1100 non
1081 1040 1542 1099 animadverteris
1571 1053 1691 1093 esse
1723 1035 2015 1098 fallaciam,

439 1137 574 1191 satis
601 1136 788 1189 mirari
822 1149 934 1189 non
990 1148 1236 1203 possum.
1273 1133 1460 1200 Neque
1493 1130 1642 1184 enim
1677 1127 2016 1195 imperatore

438 1230 619 1283 adhuc
648 1231 890 1296 spirante
920 1227 1106 1281 uxoris
1135 1240 1249 1279 suae
1275 1224 1473 1277 fratres
1503 1219 1791 1275 absolvere
1828 1218 2018 1272 vincu-

438 1322 506 1375 lis
536 1335 644 1373 non
678 1316 915 1388 poterat,
942 1317 987 1370 si
1030 1315 1196 1371 modo
1222 1314 1456 1385 justitiaa
1514 1326 1579 1365 ac
1616 1324 1863 1380 persona:
1907 1324 2019 1364 suae

442 1409 707 1463 rationem
739 1407 941 1460 ducere
977 1404 1243 1457 voluisset
1268 1441 1284 1466 ,
1310 1414 1435 1455 cum
1464 1406 1734 1468 potestate
1781 1398 2019 1464 impera-

441 1498 582 1550 toria
615 1496 877 1563 polleret;
908 1491 1073 1545 hodie
1101 1504 1230 1543 vero
1287 1489 1363 1556 (id
1424 1485 1569 1555 quod
1621 1500 1723 1542 nec
1761 1494 1814 1540 te
1866 1484 2017 1541 latet)

442 1603 549 1641 non
583 1586 709 1640 talia
741 1585 943 1646 solum,
976 1584 1074 1637 sed
1115 1581 1291 1635 multo
1327 1595 1547 1649 quoque
1582 1574 1785 1649 majora
1818 1583 2017 1646 potest,

440 1677 661 1745 quando
721 1676 858 1745 gesti
919 1672 1135 1743 itnpcrii
1198 1660 1467 1726 rationem
1514 1685 1623 1724 non
1683 1665 2016 1738 reposcitur,

439 1781 496 1824 et
527 1769 836 1837 liabetqua:
863 1766 980 1821 vult
1032 1764 1311 1819 statuendi
1358 1762 1749 1818 auctoritatem
1796 1760 2014 1829 plenam

441 1871 607 1930 atque
641 1835 900 1914 liberam.
931 1855 1077 1922 Quin
1114 1856 1204 1909 ille
1230 1863 1342 1908 tum
1378 1870 1599 1924 quoque
1626 1854 2018 1921 imperatorem
2056 1835 2093 1888 Β

440 1952 684 2023 impulit,
722 1959 783 2005 ut
811 1951 866 2004 in
895 1948 1113 2003 vincula
1140 1946 1510 2012 traderentur,
1540 1960 1662 2000 cum
1685 1958 1877 1998 eorum
1911 1942 2023 1996 vir-

442 2044 545 2099 tuti
576 2041 996 2113 prudentiaeque
1046 2038 1340 2102 invideret,
1370 2053 1435 2092 ac
1460 2051 1530 2091 ne
1560 2035 1816 2092 claritate
1846 2032 2026 2088 nomi-

443 2135 529 2189 nis
588 2132 658 2187 ab
704 2132 791 2187 his
850 2139 1228 2201 superaretur,
1278 2134 1574 2184 metueret.
1631 2126 1789 2181 Nunc
1852 2124 2025 2178 nihilo

444 2225 625 2279 minus
671 2221 851 2293 quoad
878 2223 1144 2287 vixerint,
1173 2221 1245 2279 in.
1277 2220 1537 2280 custodia
1569 2234 1666 2273 eos
1711 2217 2026 2286 relinquere

442 2313 710 2370 decrevit.
748 2311 873 2367 llaec
911 2326 1021 2366 non
1074 2327 1141 2365 ex
1195 2310 1543 2379 conjectura,
1595 2306 1690 2361 sed
1752 2322 1820 2361 ex
1876 2313 2025 2358 certa

443 2404 673 2460 scientia
705 2418 734 2456 a
762 2419 847 2457 me
877 2402 1159 2457 dicuntur.
1185 2401 1341 2455 Nosti
1360 2414 1595 2468 namque
1621 2411 1728 2467 quo
1751 2398 1869 2450 loco
1884 2395 2027 2465 apud

449 2497 604 2551 illum
658 2494 880 2559 fuerim,
929 2495 1207 2563 quomodo
1240 2492 1372 2546 item
1398 2506 1593 2545 arcana
1620 2505 1718 2545 sua
1745 2488 1881 2543 mihi
1910 2503 2027 2542 cre~

446 2589 576 2640 dare
605 2588 801 2641 solitus
840 2587 956 2652 sit;
1004 2599 1169 2654 quem
1201 2584 1467 2637 honorem
1503 2582 1618 2653 jam
1644 2580 1812 2636 vestri
1840 2578 2026 2635 studio

445 2676 775 2745 contempsi.
830 2674 1090 2730 Omnium
1148 2674 1269 2744 ejus
1317 2682 1659 2726 secretorum
1711 2671 1767 2724 in
1834 2668 2029 2740 primis

446 2767 707 2822 conscius
736 2781 879 2821 sum.
942 2766 1123 2833 Quare
1170 2782 1278 2819 non
1316 2763 1452 2818 mihi
1503 2760 1825 2833 deneganda
1864 2760 2024 2824 ﬁdes,

445 2857 542 2913 sed
575 2873 700 2913 mox
734 2856 865 2912 dum
918 2867 1136 2927 tempus
1172 2856 1328 2920 sinit,
1388 2853 1724 2910 conferenda
1778 2852 2025 2914 consilia,

445 2966 558 3003 non
599 2958 809 3003 tantum
840 2949 1119 3016 quomodo
1167 2946 1263 3002 lilii
1318 2960 1566 3003 atrumna
1601 2946 1877 3009 leventur,
1931 2944 2024 2998 sel

448 3039 632 3108 etiam,
670 3041 947 3110 quomodo
976 3038 1268 3112 imperium
1307 3038 1405 3095 tibi
1443 3054 1567 3111 prae.
1598 3038 1857 3094 omnibus
1912 3054 2026 3092 ma-

2123 572 2190 623 ὲκ
2238 572 2347 623 τῶν
2380 572 2596 642 δεσμῶν
2657 570 2996 643 ἐλευθερίας,
3072 571 3149 643 μὴ
3195 572 3483 642 προΐεσθαι
3540 571 3699 640 ἣκειν

2123 665 2552 733 παραινέσοντα.
2621 664 2814 719 Καίτοι
2872 682 2935 731 γε
2991 666 3295 734 ἀκηκοέναι
3348 663 3591 731 ἔφασκεν
3637 665 3700 715 ὲκ

2121 756 2427 826 Σηλυὸρξας
2458 758 2633 829 ἥκων,
2659 756 2737 817 ῶς
2769 756 2940 810 πολλὰ
2973 756 3214 825 μεγάλου
3247 756 3574 826 δομεστίκου
3602 754 3699 807 τοῦ

2114 848 2379 931 νκεδεστοῦ
2414 850 2628 919 δεηθεὶς
2669 849 2809 919 ὑπὲρ
2842 850 3090 914 ἐκείνων,
3133 848 3287 902 οὐδὲν
3317 848 3482 901 πλέον
3511 847 3703 917 ἠδυνή-

2124 940 2245 1005 θης,
2287 941 2423 994 ἀλλὰ
2449 943 2635 1002 κεναῖς
2671 940 2848 993 ἐλπίσι
2884 939 3221 1010 μετεωρίσας
3242 942 3343 993 ’καὶ
3378 938 3696 1005 φενακίσας,

2125 1026 2305 1082 ἀπιὼν
2341 1027 2539 1098 ᾤχετο,
2561 1028 2636 1092 ὡς
2657 1027 2948 1082 ἀπολύσων
2976 1029 3072 1094 τῆς
3100 1027 3326 1097 εἱρκτῆς
3353 1027 3420 1097 ἢν
3448 1026 3699 1100 ἐπανήξῃ

2127 1120 2223 1188 τῆς
2287 1121 2556 1190 ἑσπέρας.
2608 1120 2783 1175 Τοῦτο
2830 1121 2886 1173 δὶ
2932 1120 2987 1172 εί
3018 1137 3077 1172 σε
3123 1119 3350 1190 λέληθεν
3379 1117 3454 1179 ὡς
3485 1117 3696 1187 ἀπάτη,

2076 1210 2089 1219 “
2126 1212 2269 1265 πάνυ
2302 1212 2538 1281 μάλιστα
2591 1212 2892 1280 θαυμάζειν
2923 1211 3054 1279 ἅχω.
3103 1192 3244 1263 υξτε
3293 1210 3402 1278 γὰρ
3435 1207 3701 1277 βασιλέως

2121 1301 2332 1365 ζῶντος
2364 1305 2488 1365 τοὺς
2537 1304 2799 1366 γυναικὸς
2855 1303 3118 1369 ἀίελφοῦς
3172 1301 3538 1365 ἀπαλλάττειν
3591 1301 3700 1353 τῶν

2123 1395 2309 1448 κακῶν
2331 1396 2608 1459 ἀδυνάτως
2636 1392 2803 1466 εἶχεν,
2834 1398 2887 1448 εἴ
2903 1412 2965 1463 γε
2990 1394 3176 1447 δίκαια
3200 1397 3295 1448 καὶ
3313 1393 3462 1463 αὐτῷ
3489 1392 3700 1463 προσήι-

2123 1502 2284 1539 κοντα
2312 1489 2496 1558 ᾑρεῖτο
2526 1488 2806 1558 πράττειν,
2826 1487 2926 1543 οὐκ
2955 1486 3167 1540 ἐλάσσω
3187 1486 3487 1556 δυνάμενος
3604 1487 3699 1537 ὅσα

2123 1576 2374 1647 βασιλεύς
2405 1591 2422 1607 '
2455 1577 2574 1629 νυνί
2628 1593 2689 1629 τε
2749 1576 2942 1645 ὥσπερ
2984 1574 3097 1628 οὐδ’
3148 1575 3311 1637 αὐτὸς
3356 1576 3606 1641 ἀγνοεῖς,
3637 1573 3699 1626 οὐ

2121 1668 2352 1722 τοιαῦτα
2406 1673 2588 1739 μόνον,
2620 1668 2756 1721 ἀλλά
2785 1669 2881 1721 καὶ
2942 1667 3118 1736 μείζω
3162 1665 3349 1734 πολλῴ
3379 1665 3699 1733 καταπράτ·

2121 1761 2313 1815 τεσθαι
2332 1760 2537 1816 δύναιτ’
2566 1761 2654 1829 ἂν,
2680 1760 3053 1814 ἀνυπεύθυνον
3084 1758 3223 1829 ἔχων
3248 1758 3348 1827 τὴν
3377 1757 3576 1827 ἀρχὴν,
3602 1755 3698 1808 καὶ

2124 1854 2231 1909 τῶν
2282 1854 2630 1924 πραγμάτων
2677 1850 3036 1921 αὐτοκράτωρ
3087 1849 3185 1903 ὧν.
3234 1849 3401 1902 Ἀλλά
3450 1849 3546 1902 καὶ
3574 1847 3696 1900 τότε

2126 1946 2405 2008 πείθοντος
2433 1943 2601 1997 αὐτοῦ
2634 1943 2859 2013 βασιλέα
2898 1942 3214 2012 κατείχοντο
3265 1939 3572 2010 δεσμῶται,
3601 1941 3700 2008 τῆς

2126 2056 2186 2091 τε
2210 2039 2431 2109 ἀνδρίας
2456 2037 2851 2107 βασκαίνοντος
2885 2036 2980 2087 καὶ⁸
3024 2035 3123 2103 τῆς
3175 2033 3465 2094 συνέσεως,
3494 2031 3591 2084 καὶ
3627 2031 3702 2102 μὴ

2128 2130 2635 2200 παρευδοκιμηθείη
2668 2130 2801 2199 παρ’
2832 2128 3057 2181 ἐκείνων
3103 2128 3423 2188 δεδοικότος.
3466 2125 3577 2179 Καὶ
3608 2124 3703 2178 νῦν

2126 2222 2279 2276 οὐδὲν
2307 2217 2468 2292 ἦττον
2490 2221 2837 2289 διανενόηται
2871 2220 3002 2290 παρ’
3033 2219 3153 2272 ὅλον
3184 2220 3277 2271 τὸν
3307 2218 3421 2288 βίον
3446 2218 3701 2286 κατέχειν

2128 2318 2185 2369 ὲν
2217 2315 2456 2384 δεσμοῖς.
2492 2312 2668 2368 Τοῦτο
2719 2313 2777 2367 δὲ
2809 2314 2870 2366 ού
2922 2312 3320 2382 στοχαζόμενος
3368 2306 3545 2376 εἷπον,
3586 2309 3703 2363 ἀλλ’

2128 2405 2370 2478 ἀκριϐῶς
2420 2404 2596 2467 εἰδώς.
2649 2401 2820 2460 Οἶσθα
2870 2407 2980 2474 γάρ
3031 2405 3107 2467 ὼς
3154 2404 3357 2474 πολλῆς
3417 2402 3702 2473 εὐμενείας

2133 2496 2423 2553 ἀπολαύων
2451 2499 2585 2566 παρ’
2615 2496 2783 2551 αὑτοῦ
2815 2495 3041 2549 καὶτῶν
3073 2496 3402 2564 ἀπορρήτων
3429 2493 3704 2547 κοινωνῶν

2130 2588 2298 2659 αὐτῷ,
2345 2584 2421 2642 ὧν
2449 2588 2535 2641 διὰ
2570 2589 2670 2656 τὴν
2703 2590 2784 2649 εἰς
2815 2590 2960 2657 ὑμᾶς
2994 2586 3205 2639 εὔνοιαν
3238 2586 3704 2655 καταπεφρόνηκα

2130 2678 2275 2742 νυνὶ,
2345 2678 2523 2731 πάντα
2594 2676 2841 2746 ἀκριϐῶς
2901 2677 3119 2731 σύνοιδα
3162 2676 3331 2748 αὐτῷ.
3386 2676 3552 2732 Ὅθεν
3592 2675 3704 2729 οὐδ’

2129 2768 2378 2820 ἀπιστεῖν
2397 2768 2520 2835 μοὶ
2545 2766 2743 2834 χρεὼν,
2768 2766 2902 2822 ἀλλὰ
2933 2764 3288 2835 βουλεύεσθαι
3318 2763 3416 2835 τὴν
3441 2763 3705 2832 ταχίστην

2128 2859 2232 2921 ἕως
2275 2861 2389 2911 ἐστι
2424 2858 2639 2927 καιρὸς,
2676 2858 2734 2910 οὐ
2779 2858 2939 2926 μόνον
2957 2859 3083 2919 τοὺς
3111 2857 3308 2919 παῖδας
3341 2855 3705 2927 ἀπαλλάττειν

2128 2953 2236 3006 τῶν
2281 2952 2487 3017 κακῶν,
2522 2950 2656 3005 ἀλλά
2687 2953 2781 3005 καὶ
2818 2951 3031 3019 σεαυτῷ
3066 2950 3161 3020 τὴν
3215 2949 3504 3019 Ῥωμαίων
3529 2947 3704 3018 ἀρχὴν

2133 3050 2215 3100 σοὶ
2262 3047 2499 3117 μάλιστα
2544 3048 2935 3118 προσήκουσαν
2966 3044 3074 3096 τῶν
3120 3043 3342 3095 πάντων
3370 3042 3702 3111 περιποιεῖν.

451 3134 597 3189 xime
639 3143 828 3203 aptum
861 3142 917 3188 et
968 3132 1302 3189 conveniens
1339 3133 1611 3209 acquiras.
1658 3132 1812 3200 Quod
1869 3132 2027 3188 aliter

2132 3138 2303 3192 Τοῦτο
2355 3139 2399 3190 δ’
2429 3139 2621 3207 ἕτερον
2662 3137 2865 3209 τρόπον
2908 3136 3174 3189 ἀδύνατον
3210 3133 3497 3203 γενέσθαι,
3551 3135 3600 3187 εί
3628 3134 3706 3203 μὴ

450 3226 569 3282 ﬁeri
604 3228 920 3295 neutiquam
953 3234 1156 3295 potest,
1192 3237 1357 3294 quam
1388 3223 1433 3278 si
1463 3223 1580 3294 ipse
1606 3225 1762 3294 prius
1792 3220 2027 3295 imperio

447 3318 798 3373 deturbetur.
829 3316 1008 3385 Atque
1030 3317 1134 3371 hoc
1181 3331 1401 3370 rursum
1451 3332 1563 3371 non
1617 3316 1749 3381 erit,
1801 3315 1910 3371 nisi
1968 3324 2026 3369 tu

449 3408 754 3477 Augustam
815 3406 1006 3459 hostili
1062 3406 1216 3460 illius
1265 3406 1396 3459 odio
1431 3405 1649 3461 imbuas
1698 3406 2028 3470 accusando,

438 3505 694 3565 inquam,
724 3495 881 3565 quasi
930 3496 1025 3564 qui
1047 3495 1338 3565 imperium
1361 3510 1552 3565 rapere
1585 3495 1872 3565 ipsamque
1904 3511 2029 3550 cum

447 3584 640 3641 liberis
663 3585 942 3651 trucidare
987 3586 1356 3640 machinetur.
1387 3585 1686 3640 Tribuetur
1715 3597 1896 3641 autem
1930 3586 2028 3641 tibi

450 3677 588 3732 ﬁdes
633 3678 866 3731 maxima
890 3715 905 3741 ,
942 3685 1058 3731 tum
1098 3677 1233 3748 quia
1271 3692 1428 3731 socer
1456 3678 1641 3748 generi
1675 3678 1911 3748 cogitata
1976 3692 2032 3736 et

455 3784 653 3824 sensus
687 3771 861 3840 probe
896 3771 1066 3834 scias,
1104 3779 1220 3825 tum
1256 3769 1385 3840 quia
1420 3779 1673 3824 naturam
1713 3770 1885 3841 ipsam
1920 3787 2032 3842 pra:

449 3861 635 3916 studio
656 3861 712 3915 in
747 3862 917 3927 illam,
943 3872 1005 3917 et
1036 3862 1210 3917 tilium
1245 3864 1637 3932 imperatorem
1687 3864 1841 3933 parvi
1899 3872 2033 3934 pen;

453 3956 582 4010 dere
621 3957 773 4009 visus
799 3953 932 4009 eris.
990 3955 1232 4010 Tametsi
1300 3955 1507 4010 dixerit
1541 3955 1765 4025 aliquis,
1816 3956 2033 4011 ruinam

451 4050 574 4120 ejus
631 4057 797 4116 atque
847 4046 1152 4125 perniciem
1214 4034 1361 4103 haud
1415 4063 1607 4117 puram
1660 4058 1717 4103 et
1767 4046 2031 4116 liquidam

457 4141 555 4196 tibi
568 4140 903 4209 voluptatem
927 4139 1305 4208 praebituram,
1326 4139 1436 4195 lilia
1455 4138 1544 4194 tua
1569 4138 1896 4194 calamitatis
1913 4140 2034 4208 ejus

451 4232 625 4286 socia.
656 4231 822 4299 Atqui
854 4230 1187 4301 permultum
1220 4229 1447 4286 differre
1478 4230 1594 4287 haec
1619 4230 1729 4286 duo
1750 4269 1765 4293 ,
1798 4245 1865 4284 ex
1889 4245 2036 4285 com-

448 4323 736 4392 paratione
751 4322 1063 4393 perspicere
1079 4322 1229 4377 licet.
1247 4322 1408 4394 407
1422 4322 1540 4377 Non
1562 4323 1709 4376 enim
1733 4321 1912 4377 simile
1927 4332 2032 4390 est,

457 4414 695 4469 ﬁliorum
731 4423 952 4469 tuorum
998 4410 1148 4469 alios
1196 4414 1355 4482 quasi
1409 4414 1565 4468 vivos
1592 4414 1837 4483 sepultos
1872 4430 1993 4469 esse
2015 4456 2031 4480 ,

456 4508 596 4560 alios
638 4505 862 4575 indigne
885 4508 1116 4576 miseros
1153 4520 1280 4560 esse
1310 4543 1325 4569 ,
1350 4505 1645 4575 vitamque
1679 4504 2026 4571 illiberalem,

2136 4510 2241 4563 τῶν
2272 4510 2479 4563 παίδων
2510 4509 2701 4577 ῶσπερ
2759 4507 3177 4579 κατορωρύχθαι
3229 4508 3463 4575 ζῶντας,
3498 4511 3623 4573 τοὺς
3652 4509 3707 4563 δὲ
3802 4532 3811 4539 ·

457 4597 754 4665 etinopem
803 4598 1012 4661 vivere,
1073 4597 1204 4651 item
1256 4611 1429 4667 genus
1462 4596 1644 4651 abillo
1678 4607 1852 4652 totunt
1880 4600 2031 4653 velut

456 4698 674 4736 servum
703 4698 802 4751 pro
825 4683 1055 4738 libidine
1086 4685 1293 4738 versari
1336 4685 1697 4754 tractarique,
1754 4703 1818 4741 ac
1850 4698 1903 4742 te
1958 4689 2033 4743 ob

454 4773 993 4827 commiseratimicm
1032 4790 1159 4842 erga
1203 4789 1396 4829 omnes
1440 4775 1616 4829 nihilo
1669 4777 1778 4833 illis
1835 4779 2035 4834 melius

458 4863 688 4927 habere,
719 4872 775 4917 et
802 4880 908 4917 una
939 4862 1047 4916 lilia
1080 4862 1435 4929 inlortunata,
1470 4880 1657 4921 carere
1690 4868 1847 4921 malis
1909 4870 2030 4927 istis

454 4954 745 5009 Otnnibus:
786 4964 948 5024 teque
976 4971 1084 5008 non
1117 4970 1289 5026 genus
1319 4965 1529 5009 tantum
1570 4965 1627 5011 et
1669 4961 2027 5030 propinquos,

454 5047 548 5102 sed
581 5048 714 5101 alio»
746 5058 1011 5118 praeterea
1042 5049 1274 5110 amicos,
1306 5059 1420 5104 toto
1447 5050 1818 5107 Romanorum
1858 5055 2030 5125 impe-

457 5140 538 5194 rio
568 5139 691 5194 inde
720 5140 785 5194 ad
814 5149 865 5193 te
903 5138 1165 5195 translato
1215 5132 1493 5196 illustrare
1537 5151 1593 5197 et
1626 5143 1862 5215 inclytos
1907 5149 2032 5202 red-

455 5227 585 5284 dere
620 5246 798 5299 posse.
826 5230 964 5297 Quis
1004 5232 1150 5286 enim
1208 5233 1303 5286 illo
1334 5241 1428 5286 aut
1496 5233 1551 5286 in
1609 5237 1799 5304 praelia
1859 5254 2028 5309 oppe-

454 5331 626 5384 tente,
659 5331 754 5375 aut
782 5323 1017 5393 imperio
1042 5323 1274 5396 dejecto,
1303 5322 1570 5387 iustiuste
1600 5325 1731 5380 illud
1761 5317 2034 5400 capessat,

453 5418 547 5488 qui
583 5432 689 5471 non
731 5416 1055 5472 fortitudine
1109 5417 1377 5472 duntaxat
1430 5428 1485 5472 et
1534 5418 1747 5475 artibus
1798 5420 2030 5488 bellicis,

451 5510 546 5565 Sed
582 5520 637 5564 et
670 5509 963 5579 Splendore
1002 5507 1246 5575 familiae,
1271 5519 1328 5565 et
1353 5510 1595 5581 ingenio,
1635 5521 1691 5566 et
1720 5513 1843 5567 aliis
1867 5530 2032 5569 orna-

453 5603 652 5656 mentis
690 5601 971 5657 Romanos
1011 5618 1204 5657 omnes
1235 5602 1396 5673 longe
1431 5644 1443 5667 ,
1501 5603 1844 5674 multumque
1877 5615 2032 5661 ante-

449 5693 652 5747 cellis?
688 5692 830 5763 Ergo
882 5710 1013 5750 vero
1059 5695 1125 5749 ad
1192 5695 1375 5751 omnia
1446 5694 1657 5748 socium
1717 5712 1804 5750 me
1849 5696 2030 5753 libens

451 5787 649 5839 merito
684 5786 877 5853 oll‘ero,
913 5799 966 5843 et
1000 5788 1171 5843 instar
1203 5785 1467 5852 ministri,
1494 5786 1663 5857 jussis
1692 5788 1797 5842 tuis
1824 5789 2029 5860 ubique

1612 5956 1641 5979 Χ

2134 3232 2401 3303 πρότερος
2438 3233 2644 3293 ἐκεῖνος
2698 3228 2994 3301 ὲκῦληθείη
3044 3230 3155 3283 τῶν
3214 3227 3560 3298 πραγμάτων
3606 3228 3708 3296 τῆς

2134 3322 2334 3391 ἀρχῆς.
2410 3320 2619 3372 Ἐκεῖνο
2675 3314 2731 3370 δὲ
2796 3316 2961 3369 πάλιν
3030 3317 3235 3386 ἑτέρως
3296 3316 3396 3368 οὐκ
3436 3318 3704 3391 ἰὲγχωρεῖ,

2133 3416 2182 3466 εί
2242 3411 2317 3482 μὴ
2372 3412 2533 3474 αὐτὸς
2574 3408 2986 3477 ὲκπολεμώσεις
3055 3407 3249 3479 ἐκείνῳ
3309 3408 3584 3478 βασιλίδα,
3632 3407 3706 3471 ὡς

2132 3505 2402 3576 ἁρπάζειν
2449 3502 2549 3573 τὴν
2589 3501 2841 3571 βασιλίδα
2872 3500 3251 3571 διανοουμένου
3284 3499 3582 3562 κατειπὼν.
3612 3499 3709 3553 καὶ

2133 3594 2300 3664 αὐτὴν
2348 3595 2442 3657 καὶ
2486 3594 2683 3658 παῖδας
2731 3591 3092 3661 διαφθείρειν.
3165 3590 3491 3656 Ἀξιώτατος
3541 3591 3588 3643 δ’
3642 3590 3709 3643 ἂν

2133 3687 2251 3754 εἴης
2318 3683 2677 3737 πιστεύεσθαι
2741 3684 2874 3755 παρ’
2927 3683 3102 3754 αὐτῇ,
3170 3683 3232 3736 οὗ
3296 3684 3457 3752 μόνον
3514 3681 3591 3746 ὡς
3640 3683 3709 3736 τά

2136 3777 2542 3849 βεϐουλευμένα
2588 3775 2667 3845 τῷ
2712 3774 2950 3845 γαμϐρῷ
3003 3772 3192 3844 σαφῶς
3252 3771 3429 3840 εἰδὼς,
3478 3756 3603 3829 an"
3633 3773 3709 3837 ὡς

2140 3873 2236 3925 καὶ
2288 3868 2506 3937 φύσεως
2543 3869 2717 3936 αὐτῆς
2771 3867 2910 3937 ὑπὲρ
2946 3867 3047 3934 τῆς
3092 3869 3174 3929 εἰς
3227 3868 3448 3935 ἐκείνην
3495 3866 3710 3930 εὐνοίας

2134 3964 2229 4013 καὶ
2260 3961 2347 4013 τὸν
2379 3959 2545 4012 παῖδα
2576 3958 2804 4027 βασιλέα
2841 3949 3013 4012 δοκῶν
3066 3961 3451 4029 καταφρονεῖν.
3506 3959 3708 4012 Καίτοι

2134 4069 2198 4119 γε
2250 4051 2387 4119 φαίη
2444 4068 2527 4114 τις
2578 4050 2645 4103 ἂν
2694 4050 2817 4103 οὐδὲ
2862 4049 2962 4120 τὴν
3010 4049 3224 4103 ἐκείνου
3260 4049 3558 4103 κατάλυσιν
3611 4053 3708 4103 καὶ

2135 4144 2342 4214 φθοράν
2363 4143 2549 4197 ἀδολόν
2575 4161 2659 4197 σοι
2686 4143 2782 4198 καὶ
2810 4142 3065 4213 καθαρὰν
3088 4145 3186 4215 τὴν
3202 4144 3395 4215 ἡδονὴν
3415 4145 3704 4215 παρέχειν,

2133 4232 2220 4289 οἶα
2250 4236 2314 4303 δὴ
2348 4237 2447 4304 τῆς
2497 4233 2767 4304 θυγατρὸς
2806 4233 3001 4305 ἐκείνῳ
3048 4236 3483 4313 συνατρχούσης.
3536 4235 3708 4288 Τοῦτο

2134 4328 2179 4380 δ’
2211 4330 2342 4397 ὅσην
2375 4326 2802 4399 ἔχειεδιαφοράν,
2834 4324 3014 4390 ἔξεστι
3054 4326 3382 4396 παράλληλα
3418 4326 3708 4397 τιθέμενον

2136 4422 2203 4471 τὰ
2254 4418 2565 4489 πράγματα
2618 4417 2865 4470 σκοπεῖν.
2917 4415 2994 4468 Οὐ
3041 4416 3151 4485 γάρ
3191 4417 3402 4486 ὅμοιον,
3434 4418 3560 4479 τοὺς
3606 4416 3708 4487 μὲν

2133 4599 2263 4664 παρ’
2301 4595 2459 4661 ἀξίαν
2491 4595 2763 4665 πράττειν
2793 4594 2977 4657 κακῶς
3011 4596 3105 4648 καὶ
3138 4594 3337 4659 ἐνδεῶς
3364 4597 3458 4650 καὶ
3488 4596 3712 4651 ἀνελευ-

2134 4689 2307 4760 θέρως
2377 4687 2501 4758 ζῇν,
2565 4686 2663 4738 καὶ
2728 4686 2884 4752 γένος
2928 4684 3022 4738 ὑπ’
3081 4685 3293 4741 ἐκείνου
3369 4689 3479 4742 πᾶν
3521 4687 3710 4760 ὥσπερ

2131 4778 2614 4844 δοῦλονεάγεσθαι
2685 4776 2781 4831 καὶ⁵
2832 4775 3135 4848 φέρεσθαι,
3197 4780 3293 4834 καὶ
3342 4781 3505 4834 αὐτὸν
3560 4782 3711 4836 οὑὶὶν

2132 4869 2343 4940 ἀμείνω
2420 4869 2651 4937 πάσχειν
2716 4868 2820 4921 ὑπὸ
2882 4870 2982 4939 τῆς
3052 4869 3190 4941 πρὸς
3291 4872 3501 4935 πάντας
3569 4890 3709 4943 συμ-

2137 4960 2389 5027 παθείας,
2456 4961 2549 5012 καὶ
2622 4961 2753 5031 μιᾶς
2799 4962 3156 5031 ἀτυχησάσης
3222 4962 3493 5033 θυγατρὸς
3552 4967 3710 5020 πάντ’

2134 5050 2315 5102 ἐκεῖνα
2358 5047 2617 5101 λελύσθαι
2674 5046 2745 5101 τά
2794 5048 3070 5120 δυσχερῆ·
3121 5051 3219 5103 καὶ
3264 5050 3325 5103 σὲ
3355 5051 3616 5106 δύνασθαι
3647 5055 3709 5106 οὐ

2090 5188 2093 5193 .
2132 5140 2288 5208 γένος
2348 5141 2510 5212 μόνον
2562 5141 2656 5193 καὶ
2708 5142 2965 5204 οἰκείους,
3011 5142 3148 5196 ἀλλά
3196 5144 3289 5198 καὶ
3340 5146 3466 5210 τοὺς
3517 5146 3710 5209 ἄλλους

2135 5231 2322 5299 φίλους
2359 5231 2644 5301 λαμπροὺς
2699 5234 2874 5284 ποιεῖν
2910 5233 3005 5285 καὶ
3064 5232 3404 5302 περιδόξους,
3440 5233 3622 5303 πάσης
3653 5232 3712 5298 ἐξ

2134 5326 2346 5378 ἐκείνου
2385 5324 2863 5394 μετενηνεγμένης
2887 5325 2983 5393 τῆς
3001 5324 3291 5395 Ῥωμαίων
3320 5326 3493 5397 ἀρχῆς
3515 5327 3595 5388 είς
3626 5326 3708 5380 σέ.

2135 5417 2229 5479 Τίς
2258 5418 2366 5486 γὰρ
2400 5416 2608 5467 ἐκείνου
2655 5416 2916 5479 πεσόντος
2957 5415 2989 5486 ἢ
3038 5416 3135 5470 καὶ
3161 5419 3260 5487 τῆς
3309 5418 3492 5488 ἀρχῆς
3550 5417 3709 5469 ἐκσε-

2136 5506 2433 5578 ϐλημένου,
2487 5505 2580 5559 σοῦ
2624 5505 2823 5575 μᾶλλον
2880 5506 3217 5573 δικαιότερος
3251 5510 3344 5561 ὲπί
3371 5509 3480 5560 τῶν
3521 5525 3710 5579 πραγ-

2140 5595 2326 5665 μάτων
2380 5591 2521 5648 εἶναι
2556 5633 2571 5659 ,
2639 5595 2739 5647 οὐκ
2812 5594 3007 5666 ἀνδρίᾳ.
3054 5597 3217 5665 μόνον
3281 5599 3376 5653 καὶ
3454 5598 3708 5666 πολέμων

2136 5688 2426 5761 ἐμπειρίᾳ,
2460 5688 2599 5740 ἀλλὰ
2634 5689 2728 5741 καὶ
2750 5686 3102 5759 λαμπρότητι
3132 5690 3351 5757 γένους,
3379 5691 3471 5743 καὶ
3497 5691 3710 5743 συνέσει

2138 5786 2379 5847 καὶτοῖς
2444 5782 2623 5846 ἄλλοις
2686 5782 2894 5837 ἅπασιν
2953 5784 3053 5836 οὐκ
3114 5784 3280 5855 ὀλίγῳ
3312 5785 3419 5838 τινὶ
3452 5781 3530 5854 τῷ
3562 5783 3714 5855 μέσῳ
