4054 6432
418 382 526 442 s05
580 358 585 365 ’

1560 378 2105 441 IIISTORIARUM
2146 380 2380 440 LIBER
2422 380 2537 441 III.

3589 376 3707 451 8οᾶ

416 493 626 552 πάντας
642 489 948 557 Ῥωμαίους
980 450 1307 561 παριόντος;
1349 487 1493 559 Ἐγὼ
1517 488 1573 542 δὲ
1607 490 1744 560 πρὸς
1781 490 2000 544 ἅπαντα

2115 504 2316 544 summa
2344 488 2626 542 voluntate
2651 486 2929 543 obediam.
2969 488 3113 546 Sane
3153 489 3218 545 ad
3252 491 3412 547 talem
3443 508 3686 564 pugnam

417 580 718 650 προθύμως
756 580 1230 649 συναγωνιοῦμαι,
1256 580 1414 646 τάξιν
1458 582 1672 652 ἐπέχων
1693 583 1992 652 ὑπηρέτου,

417 670 691 739 καὶπρὸς
747 671 855 723 πᾶν
913 671 973 723 τὸ
1043 670 1406 739 κελευόμενον
1468 673 1795 742 ὲτοιμὸτατα
1854 672 1994 743 ἔχων

418 760 741 815 ὑπακούειν.
777 761 852 813 Οὐ
886 760 951 832 δὴ
981 763 1116 831 πρὸς
1150 756 1398 814 τοιοῦτον
1429 763 1778 832 ἰσχυρότατον
1830 765 1992 817 ἀνταο

418 855 694 922 γωνιστὴν
736 853 1128 923 ἀποδυόμενον,
1176 855 1311 925 περὶ
1338 853 1567 924 ψεύδους
1612 860 1707 910 καὶ
1736 857 1998 927 ἀληθείας

419 947 800 1017 ἀκριϐολογεῖν
830 947 1034 1018 χρεὼν,
1066 947 1205 1000 ἀλλὰ
1257 947 1393 1017 πρὸς
1424 946 1482 1001 ἒν
1520 949 1681 1018 μόνον
1714 950 1816 1016 τὴν
1850 950 1994 1002 ὲκεί-

420 1057 513 1092 νου
558 1038 856 1094 κατάλυσιν
906 1040 1182 1110 προσῆκον
1225 1041 1435 1110 ἀφορᾷν
1462 1055 1474 1068 ⁸
1517 1040 1689 1094 τᾶλλα
1730 1040 1786 1094 δὲ
1832 1039 2001 1110 μηδὲν

422 1133 697 1203 ἡγεῖσθαι,
726 1132 776 1184 εί
810 1131 1026 1202 μέλλοις
1058 1149 1110 1185 τι
1134 1131 1232 1201 τῆς
1264 1132 1364 1200 σῆς
1390 1130 1664 1193 συνέσεως
1706 1132 1800 1184 καὶ
1838 1147 2001 1201 στρα-

424 1226 624 1292 τηγίας
694 1216 992 1294 ἀξιόῇεων
1048 1225 1245 1277 ποιεῖν.
1319 1223 1570 1293 Ὀρῶμεν
1639 1222 1697 1276 δὲ
1752 1222 1847 1276 καὶ
1890 1221 2001 1274 τῶν

432 1316 754 1386 στρατηγῶν
805 1315 935 1378 τοὺς
988 1315 1232 1381 μάλιστα
1279 1314 1708 1378 συνετωτάτους,
1753 1314 1856 1367 οὐκ
1911 1313 2003 1366 ἀεὶ

432 1411 497 1475 τῇ
533 1408 818 1478 παρρησία
854 1407 1201 1477 χρωμένους,
1255 1408 1352 1461 καὶ
1392 1407 1534 1459 κατά
1565 1406 1744 1475 στόμα
1771 1407 1881 1466 τοῖς
1910 1421 2003 1457 πο-

429 1501 639 1569 λεμίοις
704 1498 1059 1563 ὑπαντῶντας
1089 1515 1104 1531 ο
1140 1498 1254 1553 ἀλλ’
1296 1499 1446 1553 ἐστιν
1485 1491 1547 1553 οὗ
1611 1502 1706 1551 καὶ
1762 1497 2003 1559 ἀπάταις

431 1592 765 1661 χρωμένους,
826 1591 920 1643 καὶ
971 1590 1145 1651 δόλοις
1203 1590 1298 1643 καὶ
1354 1591 1631 1660 μηχαναῖς
1705 1606 1838 1653 τισι,
1909 1588 2002 1642 καὶ

432 1685 667 1754 μάλιστα
700 1683 864 1753 ἡνίκα
894 1684 992 1756 δέῃ
1027 1683 1276 1756 φοϐεροῖς
1317 1699 1429 1736 τισι
1468 1685 1565 1734 καὶ
1612 1676 2049 1743 δυνατωτάτοις

432 1774 838 1845 συμπλέκεσθαι
901 1774 1179 1845 πολεμίοις
1214 1791 1227 1805 ·
1286 1775 1381 1827 καὶ
1448 1773 1623 1835 οὐδεὶς
1679 1771 1857 1825 αὐτῶν
1913 1787 2018 1824 κα-

2106 581 2471 639 fortissimum
2497 589 2828 636 certatorem
2859 582 3187 652 repudiare,
3222 599 3306 655 _ac
3344 585 3691 640 mendacium

2107 674 2511 742 veritatemque
2576 673 2639 728 in
2691 673 2780 729 his
2805 677 3117 730 accuratius
3141 676 3414 731 discutere
3458 685 3513 731 et
3555 693 3690 731 erae

2088 763 2341 829 ,minare,
2379 765 2513 818 nihil
2544 779 2769 820 necesse
2823 777 2909 820 est
2943 782 2957 818 :
3009 765 3106 821 sed
3146 767 3427 837 neglectis
3455 772 3691 831 creteris,

2089 853 2215 931 hoc
2258 870 2425 907 unum
2458 843 2708 917 studere,
2763 865 2823 909 ut
2856 857 2949 910 ille
3004 857 3583 927 imperium'mnittat:
3644 860 3689 912 si

2111 946 2276 1015 modo
2303 946 2589 1016 quidpiam
2652 948 2945 1016 prudentia
3001 960 3112 1014 tua,
3163 963 3218 1003 et
3249 950 3449 1018 (μυοίη
3516 962 3565 1003 te
3610 959 3695 1004 est

2111 1038 2338 1093 scientia
2367 1039 2724 1109 imperatoria
2759 1039 2983 1110 dignum
3015 1044 3276 1110 praestare
3311 1042 3467 1096 velis.
3524 1043 3691 1096 Vide-

2110 1146 2234 1185 mus
2254 1140 2445 1185 autem
2477 1130 2644 1184 duces
2671 1131 3133 1201 prudentissimos
3191 1150 3301 1187 non
3349 1149 3569 1202 semper
3616 1135 3687 1188 li-

2111 1221 2241 1276 bere
2265 1221 2432 1290 loqui.
2459 1230 2514 1275 et
2538 1221 2724 1292 lingua
2753 1222 3005 1279 hostibus
3030 1240 3328 1279 occurrere
3351 1266 3366 1289 ,
3425 1226 3521 1278 sed
3580 1226 3683 1278 ali-

2104 1311 2333 1381 .quando
2361 1312 2524 1367 etiam
2555 1312 2623 1367 ad
2663 1313 2935 1377 fraudem,
2981 1325 3040 1369 et
3093 1316 3308 1380 dolum,
3335 1323 3390 1370 et
3428 1316 3689 1383 quasdam

2114 1404 2399 1459 machinas
2430 1403 2727 1474 confugere
2750 1446 2763 1469 ,
2793 1408 3068 1475 praecipue
3099 1408 3319 1475 quando
3372 1422 3497 1462 cum
3533 1407 3694 1461 hoste

2110 1494 2446 1551 formidabili
2528 1511 2594 1551 ac
2671 1497 3057 1565 potentissimo
3139 1513 3230 1552 res
3288 1498 3473 1553 futura
3558 1510 3689 1562 est;

2111 1600 2215 1641 nec
2239 1586 2353 1640 illis
2383 1585 2680 1656 quisquam
2723 1601 2818 1643 eas
2859 1586 3082 1643 fraudes
3134 1587 3273 1642 vitio
3334 1588 3448 1654 dat,
3501 1604 3692 1643 verum

2116 1678 2455 1733 admiramur
2497 1695 2712 1746 omnes,
2771 1681 2925 1750 quasi
2974 1681 3031 1735 in
3087 1669 3387 1736 calliditate
3413 1698 3595 1751 quarm
3637 1682 3694 1736 in

2122 1771 2321 1825 robore
2344 1770 2457 1842 (10)
2491 1787 2557 1827 ac
2585 1771 2796 1829 viribus
2821 1774 2998 1845 majus
3022 1784 3357 1830 momentum
3387 1775 3478 1830 sit.

431 1876 571 1940 κίζει
611 1874 709 1945 τὴν
760 1872 977 1944 ἀπάτην
1016 1871 1152 1925 ἀλλὰ
1204 1871 1301 1925 καὶ
1350 1869 1703 1941 θαυμάζομεν
1746 1867 2004 1932 ἀπχντες,
2041 1860 2131 1920 οἷα
2156 1868 2224 1938 δὴ
2265 1868 2433 1923 πλείω
2481 1870 2579 1938 τῆς
2614 1870 2902 1937 συνέσεως,
2933 1868 2967 1937 ἢ
2996 1869 3096 1940 τῆς
3141 1866 3332 1940 ρὠης
3389 1869 3695 1941 δυναμένης

432 1966 758 2038 κατορθοῦν.

1856 2055 2079 2113 CAPUT
2123 2057 2264 2110 XIX.

435 2149 756 2222 Expugnate
781 2149 1081 2222 Andronico
1134 2148 1337 2212 Asane,
1375 2147 1523 2222 duo;
1571 2147 1914 2222 fratres__ejua
1945 2147 2514 2222 ιιςιῃιοεςίὶιιινςγῑηρὶιΔ
2542 2164 2599 2202 se
2647 2163 2833 2222 eorum
2887 2148 3050 2222 vicem
3082 2147 3288 2222 dolere;
3318 2149 3692 2222 segnitiem}?!

504 2217 789 2290 qurerenda
824 2218 1078 2290 libertate
1096 2226 1331 2290 accusat.
1364 2217 1869 2290 Demumsimilibus
1895 2217 2192 2282 sententiis,
2219 2217 2401 2290 quibus
2431 2218 2633 2290 priores
2639 2219 2906 2290 _adrersu8
2938 2219 3300 2290 domesticum
3320 2217 3404 2273 eos
3424 2219 3691 2283 incendit;

509 2287 601 2343 nec
636 2299 712 2344 est
741 2289 1028 2359 quidquam
1060 2287 1153 2340 hoc
1182 2289 1390 2341 homine
1415 2289 1693 2354 audacius,
1743 2290 2104 2359 impudentius
2154 2298 2201 2341 et
2231 2287 2581 2359 σκίρτα-ήκω.
2634 2287 2867 2343 Tandem
2919 2289 3080 2341 etiam
3132 2287 3390 2343 Cabalam
3442 2305 3692 2358 magnum

507 2349 1149 2429 drungarium,'magnum
1167 2349 1689 2429 stratopedarcham,
1704 2367 1751 2411 et
1780 2349 2023 2430 Z'ampea:
2051 2359 2222 2426 ﬁlium
2250 2358 2384 2411 dotis
2402 2349 2511 2411 suis
2530 2360 2668 2428 capit
2689 2366 2739 2411 et
2763 2359 2817 2411 in
2841 2360 3122 2428 perniciem
3147 2359 3418 2412 domestici
3440 2349 3691 2413 concitat.

511 2452 745 2506 Τοιαῦτα
782 2452 880 2504 καὶ⁵
946 2450 1081 2521 προς
1140 2452 1349 2503 ἐκεῖνον
1420 2449 1591 2504 εἰπὼν
1644 2451 1741 2505 καὶ
1779 2452 2000 2518 πείσας,

2177 2450 2254 2505 ita
2281 2451 2522 2518 loeutus,
2546 2447 2976 2522 juramentoque
3013 2450 3222 2517 addito,
3256 2466 3313 2505 se
3341 2461 3398 2507 et
3421 2469 3569 2512 nunc
3599 2456 3697 2511 ade

434 2546 620 2613 ὅρκοις
665 2559 727 2594 τε
771 2541 1237 2609 ἀσφαλισάμενος,
1295 2540 1371 2604 ὡς
1398 2540 1495 2595 νῦν
1526 2559 1584 2594 τε
1618 2542 2007 2613 προθυμότατα

2115 2543 2344 2611 jutorcm
2388 2541 2504 2597 fore
2539 2542 2945 2612 paratissimum
2967 2584 2980 2609 ,
3031 2551 3087 2598 et
3132 2543 3224 2599 ubi
3256 2545 3370 2614 ipse
3405 2546 3693 2615 imperium

442 2634 879 2705 συναγωνιεῖται,
951 2635 1049 2686 καὶ
1102 2634 1478 2697 καταστάντος
1530 2635 1666 2704 πρὸς
1705 2636 1804 2702 τὴν
1831 2634 2007 2704 ἀρχὴν

413 2728 495 2779 ἐν
538 2727 814 2796 ὑπηρέτου
847 2724 1057 2778 τελέσει
1096 2724 1263 2795 μοίρᾳ
1316 2726 1479 2793 μόνον
1504 2725 1860 2795 βουλεύεσθαι
1906 2741 2009 2778 και

435 2818 679 2872 ςαλιπὼν
729 2819 877 2878 ὅπως
947 2816 1014 2870 ἂν
1042 2819 1101 2871 τὸ
1133 2818 1576 2887 σπουδαζόμενον
1607 2816 2003 2885 κατορθωθείη,

440 2911 531 2964 ἐπὶ
569 2910 696 2971 τοὺς
746 2910 1012 2978 ἀδελφοὺς
1071 2909 1271 2980 ἐχώρει
1330 2911 1749 2964 Κωνσταντῖνόν
1802 2925 1863 2962 τε
1913 2911 2010 2964 καὶ

454 3000 722 3054 ’ὶσειάκιον
755 2999 844 3051 τὸν
877 2998 1046 3069 μέγαν
1074 2998 1263 3053 δοῦκα.
1296 2999 1407 3052 Καὶ
1436 3000 1629 3067 πρῶτα
1660 2998 1757 3068 μὲν
1776 2997 2008 3070 (ρκτειρε

437 3093 539 3159 τῆς
580 3092 714 3164 παρ’
743 3091 902 3157 ἀξίαν
934 3093 1340 3163 κακοπραγίας,
1371 3094 1465 3146 καὶ
1497 3091 1661 3162 ἐῴκει
1694 3091 2006 3161 συναλγεῖν.

443 3187 675 3241 Ἔπειτα
738 3186 832 3239 καὶ
889 3183 1134 3250 ὠνείδιζε
1183 3183 1282 3254 τὴν
1348 3183 1743 3247 ὶθελοδουλίαν,
1797 3185 1892 3238 καὶ
1949 3185 2010 3239 τὸ

441 3281 576 3349 πρζς
607 3280 705 3349 τὴν
751 3278 1064 3350 ἐλευθερίαν
1098 3276 1361 3350 ῥᾳθύμως
1385 3276 1535 3348 βιοῦν
1561 3278 1657 3331 καὶ
1681 3277 2008 3349 ἀνειμένως,

441 3373 535 3424 καὶ
585 3369 720 3441 μηδὲ
756 3368 850 3422 νῦν
880 3369 1011 3437 γοῦν
1061 3372 1150 3422 ὅτε
1185 3368 1369 3432 καλῶς
1396 3369 1568 3422 ποιῶν
1600 3370 1915 3441 παρέσχετο
1978 3371 2008 3422 ὁ

440 3462 655 3532 χρόνος,
711 3461 811 3530 τῆς
845 3461 1086 3532 μεγάλου
1131 3461 1458 3530 δομεστίκου
1513 3463 1731 3533 χρονίου
1762 3461 2010 3526 δουλείας

432 3550 825 3618 ἀπαλλαγῆναι
884 3550 1167 3620 προσῆκον
1239 3550 1489 3617 εὐγενὲσι
1547 3555 1643 3606 καὶ
1696 3552 2010 3623 ἐλευθέροις

439 3642 669 3712 ἀνδράσι
740 3641 1156 3709 διανοουμένους
1215 3657 1290 3694 τι.
1345 3640 1539 3695 Καίτοι
1596 3643 1859 3712 βασιλέως
1913 3645 2011 3714 μὲν

441 3733 643 3798 ζῶντος
678 3734 950 3804 ,στέργειν
1007 3732 1065 3798 ἐξ
1097 3732 1342 3801 ἀνάγκης
1397 3730 1486 3803 ἦν,
1542 3735 1747 3803 πολλὴν
1796 3735 2007 3788 ἐκείνου

2110 2634 2342 2702 adeptus
2378 2634 2569 2701 fuerit,
2601 2634 2656 2689 in
2693 2634 2816 2689 loco
2847 2635 3085 2689 ministri
3112 2649 3308 2705 operas
3335 2636 3385 2691 ei
3420 2636 3693 2701 daturum,

2112 2724 2423 2793 persuasit;
2461 2725 2748 2796 solumque
2786 2724 3097 2780 deliberare
3149 2726 3358 2790 sinens,
3398 2730 3695 2798 quomodo,

2109 2813 2257 2883 quod
2310 2814 2659 2891 studebatur,
2696 2831 2958 2887 prospere
3003 2816 3349 2884 succederet,
3386 2819 3454 2873 ad
3502 2820 3698 2875 fratres

2109 2907 2227 2979 ejus
2276 2902 2698 2977 Constantinum
2752 2919 2808 2965 et
2854 2909 3119 2966 lsaacium
3196 2926 3453 2981 magnum
3501 2912 3697 2968 ducem

2111 2999 2268 3054 abiit.
2305 2999 2384 3053 Ac
2424 3000 2666 3068 primum
2709 3000 2929 3070 quidem
2969 3000 3248 3072 indignam
3300 3017 3489 3057 eorum
3527 3005 3701 3059 fortu-

2112 3105 2237 3144 nam
2301 3092 2597 3146 miseratus
2622 3130 2637 3156 ,
2678 3100 2932 3147 mutuum
2975 3092 3181 3147 doloris
3236 3108 3457 3148 sensum
3498 3110 3610 3164 pra:
3637 3111 3697 3150 se

2114 3184 2345 3238 ferebat.
2377 3183 2584 3239 Deinde
2619 3185 2986 3246 voluntariam
3020 3185 3102 3239 eis
3142 3187 3464 3241 servitutem
3499 3200 3700 3257 exprec

2119 3274 2335 3339 brabat,
2363 3273 2509 3346 quod
2550 3284 2658 3330 tam
2702 3275 2973 3344 ignaviter
3022 3291 3088 3331 ac
3131 3276 3357 3331 remisse
3390 3277 3699 3332 libertatem

2116 3378 2451 3435 quaererent,
2505 3375 2559 3421 et
2609 3382 2789 3436 neque
2835 3382 2983 3422 nunc
3034 3367 3251 3428 ‘saltem.
3287 3367 3454 3438 508
3479 3369 3700 3437 quando

2116 3456 2336 3511 adesset
2368 3456 2587 3512 fortiter
2644 3456 2884 3512 faciendi
2914 3458 3321 3527 opportunitas,
3364 3457 3566 3528 aliquid
3600 3475 3701 3529 pro

2118 3547 2414 3603 nobilitate
2464 3557 2520 3603 et
2552 3548 2891 3620 ingenuitate
2919 3563 3041 3616 sua,
3066 3548 3133 3604 ad
3164 3548 3487 3604 diuturnum
3521 3552 3700 3621 magni

2120 3644 2405 3701 domestici
2456 3643 2648 3715 iugum
2696 3641 3091 3698 excutiendum
3149 3642 3348 3697 animis
3407 3643 3697 3722 agitarent.

2119 3743 2442 3811 Quanquam
2470 3740 2616 3795 enim
2669 3740 2965 3809 superstite
3002 3739 3335 3809 imperatore
3386 3739 3699 3794 necessitati

441 3825 541 3890 τὴν
577 3823 748 3894 ῥοπὴν
783 3820 934 3891 αὐτῷ
967 3820 1337 3894 χαριζομένου
1371 3825 1468 3878 καὶ
1495 3823 1746 3893 οὐδαμῶς
1782 3822 2010 3889 ιλάττω,

2121 3806 2417 3902 repugnari
2447 3848 2555 3887 non
2584 3806 2845 3901 potuerit,
2872 3806 3163 3902 propterea
3191 3831 3337 3902 quod
3382 3832 3435 3886 in
3458 3846 3584 3887 eum
3610 3830 3703 3887 izle

440 3917 477 3988 ἢ
502 3919 705 3978 ἐκεῖνος
733 3914 997 3969 δύνασθαι
1048 3916 1599 3985 παρασκευάζοντος.
1641 3916 1779 3970 Νυνὶ
1821 3917 1901 3983 δέ,
1961 3918 2014 3970 τί

436 4011 500 4062 τὸ
535 4009 748 4064 κωλῦον
778 4007 938 4077 ζῆλον
961 4009 1102 4077 ὑπὲρ
1134 4006 1399 4077 βασιλέως
1434 4009 1528 4061 τοῦ
1559 4010 1747 4073 παιδὸς
1779 4010 2014 4078 ὑποκρι·

442 4101 657 4166 θέντας,
716 4099 1106 4170 συμϐουλεύειν
1143 4098 1377 4169 βασιλίδι
1415 4096 1554 4170 προς
1595 4100 1791 4168 γένους
1828 4117 1889 4153 τε
1924 4100 2016 4154 ὅν-

441 4211 537 4257 τας
570 4193 664 4246 καὶ⁵
692 4193 1064 4261 προσήκοντας
1094 4192 1184 4244 διὰ
1215 4192 1312 4262 τὴν
1343 4192 1624 4259 εὐγένειαν
1659 4191 2014 4246 πιστεύεσθαι

444 4283 734 4340 καταλύειν
784 4285 1017 4349 ἐκεῖνον,
1070 4284 1166 4338 καὶ
1213 4285 1315 4351 τῆς
1347 4284 1527 4355 ἀρχῆς
1573 4286 2014 4354 ἀποχειροτονεῖν

443 4378 516 4441 ὡς
548 4375 821 4446 ἁρπάζειν
865 4376 1253 4446 διανοούμενον
1292 4377 1393 4447 τὴν
1445 4376 1747 4447 βασιλείαν,
1792 4376 1887 4430 καὶ
1923 4377 2018 4430 αὐ-

443 4476 543 4544 τὴν
587 4472 681 4526 καὶ
738 4469 971 4536 φίλτατα
1018 4471 1427 4538 ἀποκτιννύναι,
1470 4470 1565 4523 καὶ
1607 4468 1899 4540 Ῥωμαίων
1927 4485 2019 4523 τυ-

442 4574 699 4641 ραννεῖν;
739 4568 815 4620 Οὐ
847 4566 957 4635 γὰρ
993 4565 1171 4632 δήπου
1196 4577 1261 4631 γε
1291 4560 1328 4615 ἀ
1359 4561 1710 4632 προτείνεται
1753 4562 1882 4631 ὑμῖν
1911 4560 2019 4614 ὥσ-

446 4671 551 4736 περ
585 4664 779 4733 δέλεαρ
831 4657 924 4711 ὑπ’
967 4657 1205 4719 ἐκείνου,
1259 4656 1430 4725 ἀρχοιι¹
1464 4653 1674 4708 πόλεών
1724 4670 1891 4709 τινων
1922 4656 2019 4708 καὶ

448 4755 723 4827 δημοσίων
770 4752 1067 4826 διοικήσεις
1104 4747 1171 4800 ἵν’
1203 4749 1410 4811 ἐκεῖνος
1461 4747 1520 4799 τὸ
1551 4746 1741 4816 μεῖζον
1774 4745 1870 4817 ἔχῃ
1905 4746 2018 4800 ῶσ.

449 4865 554 4919 περ
588 4848 855 4918 δεσπότης
912 4846 1237 4906 ἐπιτάττων,
1292 4842 1387 4896 καὶ
1441 4841 1661 4895 πάντων
1709 4842 2018 4895 καταδυναο

449 4941 653 4993 στεύων
682 4941 775 4993 καὶ
805 4937 1071 5008 μειζόνων
1099 4936 1193 4988 καὶ
1225 4934 1547 4999 ἐλαττόνων,
1575 4932 1725 4987 τοῦθ’
1755 4934 1890 5004 ἡμῖν
1919 4934 2019 5002 ἀρ-

453 5035 603 5088 κέσει
643 5033 780 5102 πρὸς
805 5031 867 5083 τὸ
905 5026 1329 5096 ἀποστερεῖσθαι
1363 5026 1462 5095 τῆς
1498 5023 1850 5102 “collegiate;
1886 5026 2019 5078 Οὐδὲ

2120 3936 2266 3981 totus
2310 3926 2661 3994 prependens
2690 3965 2703 3987 ,
2733 3932 2789 3978 et
2816 3934 3142 3994 potestatem
3171 3938 3293 3977 cum
3336 3923 3526 3978 eodem
3556 3938 3704 3978 com-

2118 4017 2521 4080 municaverat,
2591 4032 2742 4072 nunc
2777 4025 2958 4071 tamen
2990 4016 3124 4069 nihil
3162 4015 3403 4081 obstare,
3441 4015 3573 4084 quin
3604 4030 3702 4071 co-

2117 4106 2376 4177 gnatione
2405 4106 2619 4174 juncti,
2651 4115 2707 4173 et,
2761 4094 2989 4175 propter
3019 4107 3238 4176 generis
3284 4106 3699 4174 amplitudinem

2121 4202 2224 4255 fide
2259 4199 2433 4271 digni,
2468 4200 2644 4254 zelum
2673 4214 2773 4269 pro
2805 4198 2919 4253 filio
2962 4198 3313 4269 imperatoris
3341 4198 3621 4265 simulent,
3649 4208 3706 4254 et

2119 4289 2537 4358 imperatricem
2585 4303 2652 4342 eo
2680 4287 2999 4357 pertrahant
3025 4328 3040 4355 ,
3074 4286 3152 4342 uti
3185 4286 3450 4356 abrogato
3474 4288 3706 4357 imperio

2118 4382 2483 4437 domesticum
2514 4390 2750 4444 evertat,
2810 4381 3015 4450 quippe
3043 4380 3136 4450 qui
3183 4380 3356 4447 ipsam
3417 4390 3475 4434 et
3502 4380 3707 4434 dulcis-

2121 4475 2290 4528 simos
2326 4475 2448 4544 ejus
2491 4472 2701 4526 liberos
2730 4470 2986 4525 occidere
3012 4512 3026 4536 ,
3089 4469 3544 4541 tyrannidemque
3571 4473 3706 4524 arri.

2122 4582 2253 4637 pere
2285 4566 2605 4621 meditetur.
2643 4564 2725 4618 An
2758 4578 2869 4617 non
2908 4563 3057 4618 enim
3089 4562 3452 4633 quarumdam
3487 4562 3703 4618 urbium

2123 4659 2500 4731 praefectum.
2538 4666 2594 4713 et
2632 4657 2979 4727 publicorum
3028 4672 3319 4711 munerum
3359 4657 3703 4720 functiones,

2122 4769 2244 4825 quae
2277 4761 2538 4823 tanquam
2602 4765 2727 4807 esca
2784 4748 2945 4804 vobis
2989 4748 3185 4804 abillo
3236 4747 3593 4820 abjiciuntur,
3649 4757 3710 4803 ut

2125 4848 2240 4916 ipse
2277 4843 2538 4916 majorem
2575 4850 2789 4912 partem
2841 4839 3063 4903 habeat,
3112 4852 3167 4895 et
3210 4840 3382 4916 Veluti
3423 4840 3592 4896 herus
3622 4839 3706 4893 iu-

2124 4938 2251 4991 heat
2276 4975 2292 5001 ,
2324 4944 2489 5004 atque
2540 4933 2596 4988 in
2633 4947 2845 4998 omnes,
2872 4932 3115 4986 minores
3163 4932 3508 5002 majoresque
3534 4931 3709 4986 domi.-

2126 5037 2310 5091 netur,
2359 5026 2425 5081 ad
2465 5025 2819 5081 amissionem
2850 5034 3045 5079 vestrae
3078 5022 3352 5078 libertatis
3389 5020 3660 5077 sufﬁcient
3686 5023 3717 5075 2’

453 5128 561 5195 γὰρ
611 5098 720 5177 οὐδ’
785 5121 931 5192 ὑμᾶς
981 5118 1144 5172 τοῦτο
1188 5117 1492 5186 κατάδηλον
1533 5098 1755 5186 λᾶληθεν
1808 5116 1888 5183 δν,
1946 5115 2010 5179 ὡς

2130 5120 2227 5173 Pat
2262 5118 2482 5182 tenim,
2520 5131 2629 5171 nec
2675 5129 2777 5170 vos
2826 5113 3072 5181 nescitis,
3125 5112 3219 5167 illo
3253 5113 3339 5167 vel
3375 5111 3664 5166 interfecto
3690 5153 3709 5178 ,

380 5258 383 5261 ν
450 5220 660 5271 ἐκείνου
685 5218 945 5278 πεσόντος
978 5215 1011 5285 ἢ
1062 5212 1468 5281 ἑκὸεὕλημένου
1507 5211 1607 5279 τῆς
1657 5211 1853 5281 ἀρχῆς,
1891 5210 2022 5280 ὑμῖν

450 5310 664 5376 ἐξέσται
709 5308 972 5380 πράττειν
999 5303 1033 5359 ἀ
1065 5302 1305 5373 αἱρεῖσθε
1339 5300 1531 5363 ἀδεῶς,
1583 5300 1616 5371 ἢ
1650 5302 1900 5368 πρώτους
1923 5318 2015 5368 γε-

445 5400 806 5469 γενημένους,
833 5397 867 5467 ἣ
897 5397 1051 5465 μετὸν
1066 5395 1194 5456 τοὺς
1222 5392 1473 5464 πρώτους
1496 5390 1660 5452 εὐθὺς
1701 5390 2014 5460 Ῥωμαίων·

2126 5212 2208 5266 vel
2241 5211 2476 5281 imperio
2515 5209 2770 5280 depulso,
2812 5194 2972 5263 nullo
3026 5213 3176 5261 metu
3215 5194 3530 5273 etimpune
3568 5202 3712 5258 inte-

2120 5320 2278 5373 grum
2328 5303 2487 5359 vobis
2532 5302 2780 5358 futurum
2819 5289 2981 5373 age-re
3015 5316 3114 5372 pro
3142 5298 3431 5364 arbitratu,
3462 5311 3587 5352 cum
3618 5295 3709 5352 vel

2128 5393 2333 5463 primi,
2371 5393 2457 5448 vel
2493 5408 2522 5446 a
2563 5393 2755 5463 primis
2816 5393 3187 5447 Romanorum
3236 5387 3485 5461 proximi
3521 5384 3709 5442 statim

1691 5506 1902 5569 Jacobi
1937 5496 2202 5571 Pontani
2240 5516 2424 5571 notae.

521 5640 632 5712 (l0)
664 5641 882 5712 Σύνεσις
912 5647 994 5712 est
1022 5637 1077 5690 in
1106 5635 1311 5691 Grreco.
1337 5648 1498 5703 quam
1525 5630 1613 5712 hic
1632 5644 1754 5712 ‘non
1784 5628 2026 5712 pruden-

450 5702 734 5774 tiain,'sed
762 5709 1142 5762 ’caltiditarem
1194 5715 1251 5760 et
1302 5715 1476 5758 asttmt
1514 5702 1741 5774 reddere
1782 5707 2025 5774 oportet,

448 5767 729 5838 sententia
758 5780 834 5834 ita
886 5777 1221 5848 requirente.
1246 5775 1383 5833 Nam
1418 5771 1711 5844 prudentia
1740 5784 1846 5823 non
1879 5767 2026 5824 deci-

2125 5627 2226 5696 pit,
2280 5641 2385 5682 nec.
2430 5626 2716 5699 machinis
2771 5626 2963 5681 utitur.
3015 5622 3547 5699 Calliditasﬂautem,
3587 5616 3711 5699 sive

2124 5689 2276 5751 astus
2306 5696 2679 5766 prudentiam,
2702 5710 2813 5751 non
2873 5710 3032 5751 secus
3061 5709 3223 5764 quam
3258 5690 3363 5747 alia
3391 5689 3540 5759 vitia,
3573 5689 3712 5743 alias

2127 5770 2357 5848 virtutes
2396 5766 2663 5821 imitatur.
