4054 6416
367 376 477 445 80⁸1

1568 367 1892 434 JOANNIS
1930 367 2452 430 CANTACUZENI

3513 369 3633 436 808

371 487 687 545 evaseritis.
745 485 999 557 Cogitare
1040 497 1206 558 porro
1233 527 1248 551 ,
1296 498 1396 540 vos
1429 483 1718 540 mendacia
1772 493 1829 539 et
1866 497 1957 538 ea-

2070 477 2122 530 οὐ
2159 477 2267 548 χρὴ
2299 477 2356 531 δὲ
2397 473 2536 547 πρὸς
2564 474 2667 548 τὴν
2697 475 3043 548 ἐπιχείρησιν
3071 473 3398 532 ἀναδύεσθαι
3424 477 3634 548 λογιζο-

383 580 627 637 lumnias
655 579 722 634 ad
751 580 1140 648 imperatorem
1158 578 1443 638 allaturos,
1475 585 1532 632 et
1561 576 1633 632 ita
1657 591 1689 632 a
1716 575 1958 630 facinore

375 672 634 728 audendo
686 669 900 725 resilire
950 687 1060 725 non
1113 661 1352 740 oportet.
1393 670 1613 725 Etenim
1686 668 1734 722 si
1779 682 1958 737 usque

380 765 548 821 hodie
577 765 787 818 nullum
813 763 1091 818 dixissetis
1122 764 1470 819 mendacium
1498 803 1513 828 ,
1541 773 1688 820 esset
1728 764 1834 818 hoc
1862 763 1962 818 ali-

379 856 539 925 quid.
561 855 616 909 Si
645 866 828 910 autem
861 856 1022 910 nobis
1043 857 1302 912 omnibus
1326 872 1478 926 atque
1528 866 1585 912 et
1619 856 1960 925 frequenter,

381 949 467 1001 vel
497 947 682 1001 lucelli
717 963 906 1015 causa,
939 949 1025 1004 vel
1053 950 1296 1018 gratuito
1337 958 1393 1003 et
1423 950 1670 1019 pejerare
1721 955 1777 1002 et
1805 962 1962 1000 men-

383 1040 471 1094 tiri
498 1041 748 1111 conligit,
781 1057 905 1112 quae
954 1050 1043 1096 est
1105 1043 1206 1096 ista
1254 1042 1466 1110 religio,
1498 1041 1644 1111 quod
1677 1050 1784 1094 tam
1818 1057 1960 1110 sa'pe

380 1148 551 1188 ausus
581 1134 679 1194 sis,
733 1133 801 1187 ab
832 1149 901 1188 eo
949 1149 1097 1189 nunc
1155 1135 1400 1203 refugere
1430 1171 1447 1197 .
1484 1133 1784 1202 praesertim
1833 1149 1959 1188 cum

382 1240 492 1279 nou
522 1225 777 1296 exiguum
805 1219 1067 1295 quiddam
1094 1267 1109 1292 ,
1165 1227 1259 1280 sed
1296 1226 1604 1279 Romanum
1662 1225 1960 1294 imperium

383 1319 539 1373 lucro
595 1318 756 1373 vobis
807 1317 1194 1387 opponendum
1229 1316 1339 1380 sit?
1391 1316 1548 1381 Quod
1593 1318 1638 1372 si
1684 1317 1804 1371 méa
1850 1328 1959 1373 tam

388 1411 598 1464 utiliter
653 1409 931 1463 monentis
981 1407 1118 1461 nihil
1174 1407 1317 1477 apud
1357 1423 1457 1462 vos
1486 1409 1628 1462 valet
1653 1411 1868 1474 oratio,
1905 1418 1962 1462 at

381 1501 532 1554 fratri
559 1508 742 1553 vestro
770 1509 824 1553 et
851 1498 1077 1561 seniori,
1113 1507 1171 1552 et
1201 1499 1399 1552 melius
1426 1499 1644 1564 scienti,
1689 1513 1852 1570 quem
1893 1515 1960 1555 ex

381 1605 568 1644 rerum
622 1587 1030 1644 mutationibus
1103 1587 1552 1661 novitatibusque
1598 1592 1834 1646 iituctum
1878 1605 1963 1646 ca-
2004 1653 2010 1659 _

385 1697 517 1751 pere
557 1681 748 1750 possit,
787 1681 1085 1745 creditote,
1120 1697 1283 1752 quem
1318 1698 1418 1752 ego
1451 1684 1626 1752 ipsum
1651 1685 1832 1755 magni
1865 1684 1964 1738 dos

385 1772 601 1826 me5tici
660 1773 1166 1827 exauctorationem
1221 1773 1379 1827 valde
1417 1775 1614 1843 opinor
1680 1783 1961 1844 eXpetere,

382 1878 492 1917 non
514 1862 783 1918 ferentem
811 1864 1138 1932 imperantis
1167 1859 1368 1919 fastum
1389 1903 1404 1930 ,
1436 1880 1536 1934 per
1574 1880 1737 1934 quem
1771 1877 1964 1920 omnes

382 1965 446 2011 ut
483 1957 756 2027 mancipia
788 1957 857 2012 ab
890 1971 957 2011 eo
983 1968 1222 2026 aguntur
1248 1956 1630 2027 ferunturque.
1659 1955 1769 2026 Ego
1797 1957 1964 2025 igitur

382 2063 505 2118 qua:
535 2048 588 2103 in
621 2063 736 2102 rem
761 2059 1006 2103 vestram
1036 2049 1340 2120 judicarem
1375 2049 1536 2104 vobis
1563 2033 1790 2118 erposui
1815 2065 1835 2115 ;
1867 2062 1967 2103 vos

383 2141 432 2196 si
463 2140 594 2210 quid
653 2155 754 2209 pro
800 2140 973 2210 gloria
1036 2141 1278 2196 nominis
1317 2141 1485 2195 vestri
1536 2149 1594 2195 et
1637 2140 1967 2195 claritudine

381 2231 511 2286 vitae
565 2232 889 2287 tentandum
921 2233 1236 2300 censuistis,
1267 2232 1436 2287 nolite
1477 2231 1720 2286 oblatum
1751 2240 1968 2301 tempus

382 2324 684 2395 negligere.
714 2339 826 2394 quo
889 2324 1268 2394 prmterlapso,
1323 2324 1598 2378 incassum
1651 2321 1965 2394 paenitebit.

387 2416 481 2470 illo
530 2416 680 2470 enim
711 2416 963 2478 absente,
1009 2415 1430 2485 expeditissime
1463 2415 1649 2470 omnia
1669 2414 1970 2485 precedent

385 2506 655 2573 feliciter;
685 2507 778 2576 qui
807 2507 854 2562 si
877 2507 946 2564 ab
973 2507 1326 2577 expeditione
1353 2507 1602 2570 redierit.
1631 2523 1719 2564 me
1743 2515 1970 2563 auctore

387 2611 456 2650 ne
486 2597 689 2651 mutire
714 2596 937 2666 quidem
973 2597 1271 2666 audebitis,
1334 2605 1431 2654 aut
1459 2599 1598 2654 nihil
1632 2599 1966 2669 prohibebit,

384 2684 684 2755 quominus
739 2686 1140 2756 ignoretis,ubi
1171 2698 1444 2742 terrarqu
1482 2689 1659 2758 agatis
1689 2689 1824 2760 (ll).
1858 2689 1971 2744 Nec

389 2793 492 2848 ego
525 2777 708 2832 verbis
746 2777 931 2843 nudis,
972 2780 1069 2835 sed
1119 2789 1176 2834 et
1220 2789 1568 2835 sacramento
1609 2779 1758 2836 dicto
1805 2779 1969 2836 fidem

384 2867 596 2922 ﬁrmam
643 2867 807 2936 dabo,
841 2884 927 2924 me
960 2869 1012 2924 in
1056 2871 1158 2926 hoc
1193 2872 1498 2930 certamine
1523 2871 1971 2942 impigerrimum

387 2959 658 3025 futurum,
688 2959 1002 3031 pecuniam,
1042 2977 1191 3018 arma
1215 3005 1230 3031 ,
1267 2979 1458 3020 servos
1491 2965 1968 3035 suppeditantem,

575 3062 632 3108 et
667 3069 734 3110 eo
763 3064 1145 3130 exauctoraro,
1177 3056 1235 3111 in
1261 3056 1412 3112 omni
1458 3057 1565 3112 vita
1600 3058 1755 3112 vobis
1783 3057 1970 3128 subje~

2065 571 2284 642 μένους,
2313 570 2388 634 ὥς
2410 570 2584 642 ψεύδη
2630 573 2726 626 καὶ
2785 570 3156 639 συκοφαντίας
3202 573 3402 641 ἐρεῖτε.
3438 572 3500 626 El
3532 575 3634 644 μὶν

2059 664 2168 735 γὰρ
2207 664 2362 718 οὐδὲν
2410 664 2626 718 οὐδέπω
2691 661 2856 733 μέχρι
2891 661 2988 716 νῦν
3039 657 3232 732 ψεῦδος
3264 663 3452 735 εῐρητο
3485 667 3636 735 ὑμῖν,

2059 751 2129 826 ἦν
2162 755 2229 810 ἄν
2252 773 2306 808 τι
2334 753 2498 809 τοῦτο
2529 754 2666 826 πρὸς
2696 755 2790 808 τδν
2822 753 3004 822 λόγον.
3032 756 3094 808 Ei
3123 755 3182 808 δὲ
3214 755 3471 814 πολλάκις
3504 756 3638 824 ἡμῖν

2060 848 2272 903 ἀπασιν
2323 849 2551 917 ὁμοίως,
2579 849 2676 903 καὶ
2725 847 2822 901 τοῦ
2875 847 3133 917 τυχόντος
3179 847 3406 918 κέρδους
3447 848 3634 911 ἓνεκα,

2060 942 2093 1011 ἢ
2127 942 2364 1006 οὐδενὸς,
2403 943 2494 995 καὶ
2521 942 2800 1011 ἐπιορκεῖν
2849 940 2944 994 καὶ
2972 941 3268 1010 ψεύδεσθαι
3317 941 3514 1010 συνέϐη
3541 981 3557 1005 ,
3585 939 3640 994 τί

2059 1031 2142 1083 δεῖ
2167 1031 2236 1084 τά
2295 1031 2558 1095 πολλάκις
2630 1031 3012 1102 τετολμημένα
3074 1031 3335 1102 ὀρρωδεῖν
3388 1029 3528 1097 νυνὶ,
3577 1028 3639 1083 οὐ

2064 1122 2238 1192 μικρά
2265 1138 2408 1186 τινα,
2463 1123 2600 1176 ἀλλά
2625 1123 2726 1192 τὴν
2768 1123 3064 1193 Ῥωμαίων
3117 1124 3412 1192 μέλλοντας
3463 1123 3640 1192 ἀρχὴν

2061 1214 2386 1284 κερδαίνεινς
2415 1216 2476 1267 El
2507 1212 2553 1268 δ’
2585 1217 2836 1269 άπιστεῖν
2861 1219 2984 1286 ἐμοὶ
3016 1217 3317 1288 κεκρίκατε
3348 1215 3418 1272 τά
3445 1215 3642 1285 βελτίω

2063 1305 2512 1373 συμϐουλεύοντι,
2540 1307 2677 1362 ἀλλά
2699 1307 2778 1378 τῷ
2815 1325 2876 1376 γε
2899 1307 3114 1378 ἀδελφῷ
3155 1309 3442 1363 πείθεσθαι
3470 1325 3644 1377 προσ-

2061 1401 2209 1466 ήκει,
2262 1398 2620 1469 πρεσϐυτέρῳ
2647 1415 2707 1452 τε
2739 1401 2838 1470 τὴν
2867 1400 3086 1470 ἠλικίαν
3148 1401 3282 1466 ὄντι,
3321 1403 3417 1455 καὶ
3443 1402 3646 1471 μᾶλλον

2061 1489 2218 1560 ὑμῶν
2243 1491 2400 1544 είδότι
2429 1491 2754 1560 μεταϐολαῖς
2779 1509 2839 1544 τε
2867 1493 2963 1544 καὶ
2989 1494 3363 1561 καινοτομίαῐς
3390 1493 3649 1561 πραγμά-

2059 1599 2169 1636 των
2205 1582 2442 1652 χρῆσθαι
2493 1584 2902 1654 προσηκόντως.
2951 1584 3154 1654 Οτομαι
3184 1586 3241 1638 δὲ
3274 1587 3513 1656 κάκείνῳ
3546 1603 3651 1639 πε-

2065 1674 2466 1744 ρισπούδαστον
2522 1675 2623 1744 τὴν
2681 1676 2926 1746 μεγάλου
2972 1676 3296 1746 δομεστίκου
3345 1679 3651 1731 κατάλυσιν

2063 1761 2227 1832 εἶναι,
2262 1768 2324 1820 οὐ
2355 1768 2575 1838 φέρον-ιι
2612 1768 2705 1821 τὸν
2732 1767 2899 1836 δγκον
2947 1769 3044 1835 τῆς
3071 1770 3266 1838 ἀρχῆς,
3296 1771 3390 1822 καὶ
3425 1770 3485 1822 τδ
3508 1770 3584 1821 πά
3625 1791 3655 1812 -

2064 1872 2165 1919 τας
2195 1857 2252 1909 ιν
2287 1857 2642 1927 ἀνδραπόδων
2675 1855 2908 1924 ἄγεσθαι
2936 1856 3036 1908 καὶ
3068 1857 3332 1926 φέρεσθαι
3372 1855 3462 1909 ὑπ’
3493 1858 3654 1908 ὲκεί-

2067 1962 2157 2000 νου
2185 1948 2369 2019 μοίρᾳ.
2389 1948 2533 2016 Ἐγὼ
2566 1949 2666 2018 μὲν
2693 1945 2786 2002 οὖν
2816 1948 2852 2003 ἀ
2881 1949 3186 2019 συμφέρειν
3215 1947 3425 2018 νομίζω
3447 1949 3664 2014 συμδεο

2067 2040 2338 2095 ϐούλευκα
2357 2034 2506 2109 ὑμῖν.
2526 2041 2689 2093 Αὐτοὶ
2721 2040 2765 2094 δ’
2792 2041 2846 2093 εί
2872 2058 2923 2094 τι
2949 2041 3079 2114 περὶ
3107 2041 3348 2106 εὐδοξίας
3374 2031 3499 2108 ὖμῶ
3556 2041 3666 2092 αὖ-

2065 2131 2176 2185 τῶν
2199 2130 2294 2184 καὶ
2331 2129 2447 2199 βίου
2487 2128 2851 2200 περιφανείας
2878 2131 3178 2200 κεκρίκατε
3215 2131 3518 2200 ἐπιχειρεῖν
3573 2131 3660 2200 μὴ

2068 2222 2356 2296 προΐεσθαι
2374 2223 2672 2290 ἀναγκαῖον
2697 2222 2789 2275 τὸν
2817 2222 3036 2293 καιρὸν,
3065 2223 3153 2277 ῐνα
3183 2222 3260 2294 μὴ
3287 2223 3658 2292 παρελθόντος

2068 2299 2220 2372 οὐδὲν
2243 2313 2582 2386 ὠφελώμεθα
2616 2319 2680 2370 ὲκ
2709 2315 2809 2384 τῆς
2848 2315 3237 2385 μεταμελείας.
3276 2314 3519 2369 Ἐκείνου
3543 2315 3656 2387 γὰρ

2069 2411 2326 2472 ἀπόντος,
2367 2411 2542 2480 ῥᾷστα
2593 2409 2706 2462 πᾶν
2743 2406 3153 2477 κατορθωθείη.
3199 2407 3299 2460 “Av
3345 2406 3390 2458 δ’
3440 2409 3508 2459 ὲκ
3552 2408 3654 2478 τῆς

2073 2501 2363 2574 στρατείας
2415 2499 2713 2570 ἐπανέλθῃ,
2773 2499 2896 2552 οὐδὲ
2949 2497 3181 2567 γρύζειν
3229 2497 3487 2568 παραινῶ
3527 2498 3656 2550 τοὶ-

2073 2595 2182 2665 μᾷν
2215 2609 2229 2625 ο
2263 2593 2296 2662 ἢ
2334 2591 2488 2645 οὐδὲν
2525 2589 2683 2644 ἔσται
2706 2591 2764 2644 τὸ
2801 2589 3070 2655 κωλῦσον,
3120 2589 3180 2643 τὸ
3221 2582 3353 2660 μηδ⁴
3409 2591 3520 2660 ὅπη
3553 2592 3660 2660 γῆς

2070 2687 2288 2756 διάγετε
2315 2682 2652 2752 ἀγνοεῖσθαι.
2694 2682 2834 2750 Ἐγὼ
2859 2682 2916 2736 δὲ
2948 2683 3010 2736 οὐ
3037 2683 3219 2750 λόγοις
3253 2683 3470 2749 ἁπλῶς,
3519 2685 3664 2738 ἀλλὰ

2073 2781 2168 2833 καὶ
2195 2781 2378 2848 ὅρκοις
2406 2775 2716 2845 παρέξομαι
2775 2774 2992 2838 πίστεις
3034 2776 3268 2847 ἰσχυρὰς
3296 2776 3391 2829 τοῦ
3427 2777 3575 2847 πρός
3603 2794 3666 2830 τε

2071 2871 2198 2935 τοὺς
2215 2871 2431 2940 ἀγῶνας
2453 2869 2869 2942 προθυμότατον
2910 2868 3291 2940 παρασχέσθαι
3315 2869 3542 2924 ἑαυτόνο
3573 2873 3674 2926 καὶ¹

2073 2967 2330 3040 χρήμασι
2385 2964 2484 3018 καὶ
2545 2963 2731 3024 ὅπλοις
2775 2961 2870 3015 καὶ
2926 2963 3168 3026 οἰκέταις
3236 2964 3667 3034 συναιρόμενον,

2074 3059 2170 3115 καὶ
2203 3056 2343 3127 μετὰ
2368 3055 2470 3127 τὴν
2500 3055 2802 3110 κατάλυσιν
2831 3055 3043 3110 ἑκείνου
3085 3055 3264 3110 πάντα
3295 3055 3556 3124 ποιήσειν
3597 3057 3669 3112 τά

388 3156 558 3208 ctum,
611 3145 878 3216 imperata
947 3158 1134 3204 vestra
1187 3148 1461 3206 facturum
1516 3164 1619 3204 nec
1672 3149 1969 3220 quidquam

2079 3151 2533 3224 προστεταγμένα
2561 3148 2652 3217 ὑφ’
2687 3149 2865 3218 ὑμῶν,
2899 3149 2995 3202 καὶ
3027 3148 3181 3218 παρὰ
3204 3149 3384 3202 πάντα
3411 3148 3511 3202 τὸν
3551 3150 3668 3221 βίον

390 3241 446 3297 1η
477 3255 572 3295 vos
605 3241 923 3298 illaudabile
956 3243 1392 3314 designatorum.
1425 3245 1521 3300 1118
1557 3243 1720 3300 dictis
1747 3283 1761 3309 ,
1793 3251 1850 3299 et
1881 3240 1970 3314 jua

391 3332 688 3400 rejurando
743 3331 1025 3395 stabilitis,
1083 3335 1343 3403 quoniam
1383 3341 1440 3388 et
1473 3333 1621 3402 ipsos
1655 3334 1723 3388 ad
1752 3333 1969 3388 obtem-

391 3424 695 3494 perandum
745 3432 968 3493 paratos
1016 3423 1258 3487 videbat,
1297 3423 1364 3478 ad
1409 3424 1675 3479 Joannem
1709 3423 1969 3478 Gabalam

390 3530 649 3586 magnum
681 3513 1066 3583 drungarium,
1114 3514 1209 3584 qui
1251 3513 1306 3567 in
1341 3513 1614 3582 legatione
1653 3513 1720 3568 ad
1753 3512 1970 3570 Cralem

392 3621 423 3660 a
455 3620 651 3675 magno
703 3604 1009 3660 domestico
1053 3606 1257 3660 missus
1312 3615 1658 3670 reverterat,
1718 3607 1969 3673 accedit;

394 3695 645 3764 nunquid
677 3695 744 3750 de
767 3710 825 3749 se
847 3695 1110 3763 audierit,
1141 3704 1558 3765 percunctatur.
1590 3696 1686 3751 Ilio
1713 3708 1969 3768 negante,

395 3787 468 3844 At
492 3803 616 3858 ego,
643 3788 841 3858 inquit,
859 3787 1046 3843 infelix
1069 3788 1298 3844 nuntius
1330 3789 1428 3844 tibi
1456 3789 1687 3845 advenio
1708 3808 1724 3859 ;
1743 3807 1972 3862 magnus

393 3879 539 3934 enim
592 3879 932 3934 domesticus
987 3880 1273 3949 antiquam
1333 3880 1389 3935 in
1432 3891 1485 3936 te
1534 3882 1969 3938 benevolentiam

393 3985 517 4024 cum
555 3969 953 4034 amaritudine,
980 3984 1087 4040 qua
1122 3969 1315 4040 plenus
1344 3979 1449 4036 est,
1481 3972 1874 4039 commutavit;
1917 3980 1974 4026 et

395 4071 602 4115 certum
625 4068 744 4127 est,
788 4075 894 4114 non
947 4069 1403 4131 temperaturum,
1434 4061 1567 4131 quin
1597 4070 1648 4116 te
1682 4070 1744 4116 ut
1784 4061 1974 4132 prodi-

396 4160 566 4207 torem
594 4166 755 4206 suum
786 4151 1005 4206 multet.
1039 4151 1152 4224 Ego
1184 4152 1333 4207 enim
1375 4153 1461 4209 his
1499 4154 1730 4209 auribus
1760 4153 1972 4224 accepi,

395 4255 518 4294 cum
550 4249 602 4296 te
628 4241 894 4298 conviciis
919 4243 1126 4298 aﬂ'atim
1161 4245 1574 4313 proscinderet,
1602 4254 1924 4316 nugatorem
1951 4286 1969 4313 ,

393 4331 698 4401 loquacem,
717 4344 776 4387 ut
794 4333 1092 4403 plurimum
1110 4335 1488 4402 mentientem,
1501 4345 1972 4408 constupratorem

394 4425 667 4496 virginum
727 4435 784 4481 et
835 4427 1154 4496 reipublicae
1184 4427 1523 4496 proditorem
1557 4437 1801 4483 vocaret.
1835 4428 1972 4484 Nam

2077 3245 2137 3298 ἐν
2189 3243 2433 3314 ὑπηκόου
2486 3242 2654 3314 μοίρᾳ
2713 3241 2979 3296 τελέσειν.
3041 3240 3176 3312 μηδὲ
3227 3241 3285 3294 δέ
3332 3258 3466 3294 ποτε
3525 3245 3670 3316 «pb;

2077 3334 2224 3402 ὑμᾶς
2265 3333 2686 3403 ἀγνωμονήσας.
2715 3330 2954 3386 Τοιαῦτα
2987 3331 3179 3398 εἰπὼν,
3205 3332 3302 3386 καὶ
3337 3335 3574 3402 προσέτι
3605 3351 3672 3404 γε

2076 3424 2259 3491 ὅρκοις
2308 3422 2760 3491 ἀσφαλισάμενος
2789 3421 2860 3476 ea
2889 3422 3179 3493 εἰρημένα,
3213 3422 3335 3476 ἐπεὶ
3366 3423 3673 3488 κάκείνους

2078 3508 2193 3582 εἶχε
2245 3509 2652 3580 πεπεισμένους
2708 3510 2846 3580 πρὸς
2902 3510 2964 3562 τὸ
3021 3509 3285 3580 πράττειν
3336 3511 3407 3565 τά
3477 3513 3677 3584 βεϐουο

2076 3599 2336 3675 λευμένα.
2369 3603 2510 3674 πρὸς
2534 3602 2789 3657 Γαϐαλᾶν
2827 3601 3084 3669 Ἰωάννην
3115 3601 3211 3654 τὸν
3256 3603 3436 3673 μέγαν
3477 3607 3681 3678 δρουγ.

2077 3697 2270 3768 γάριον
2293 3695 2486 3760 ἐλθὼν,
2518 3695 2578 3758 ὃς
2605 3690 2675 3767 ἦν
2703 3699 2770 3750 ὲκ
2798 3693 2900 3764 τῆς
2925 3694 3064 3765 πρὸς
3095 3694 3322 3764 Κράλην
3351 3700 3679 3765 πρεσϐείας

2077 3789 2201 3860 ἄρτι
2232 3788 2386 3859 ἥκων
2416 3787 2522 3841 ῠπδ
2557 3785 2654 3840 τοῦ
2705 3785 2948 3858 μεγάλου
2993 3785 3317 3854 δομεστίκου
3360 3787 3672 3858 ᾑρημένος,

2079 3883 2134 3936 εί
2165 3899 2220 3936 τι
2249 3880 2476 3934 πύθοιτο
2511 3878 2702 3950 ὴρώτα
2746 3877 2879 3948 περὶ
2914 3877 3136 3931 ἑαυτοῦ.
3169 3876 3278 3930 Τοῦ
3312 3877 3372 3932 δι
3424 3882 3675 3952 ἀποκρι-

2077 3973 2311 4045 ναμένου
2348 3971 2537 4042 μηδὲν,
2552 3969 2696 4023 Ἀλλ’
2739 3969 2852 4040 ἐγώ
2892 3975 2998 4037 σὀι,
3045 3965 3234 4035 εἶπεν,
3257 3971 3381 4040 ἥκω
3430 3976 3678 4045 ἄγγελος

2077 4065 2286 4120 κακῶν.
2349 4063 2409 4116 Ὀ
2465 4063 2576 4133 γὰρ
2631 4063 2804 4130 μέγας
2852 4061 3176 4133 δομέστικος
3225 4063 3326 4134 τὴν
3378 4073 3676 4141 προτέραν

2079 4157 2365 4228 εὐμένειαν
2391 4155 2493 4225 τὴν
2525 4155 2664 4226 πρὸς
2700 4155 2760 4208 σε
2787 4154 3133 4223 μεταϐαλὼν,
3170 4155 3375 4228 πολλῆς
3421 4163 3675 4219 ἀναπλέε-

2080 4250 2320 4319 πλησται
2383 4247 2763 4314 «inpinguet
2793 4245 2952 4316 δῆλός
3000 4248 3149 4302 ἐστιν
3187 4248 3288 4302 οὐκ
3327 4237 3679 4325 ἀνεξόμενος

2079 4343 2131 4396 ei
2161 4341 2240 4413 μὴ
2271 4340 2429 4403 δίκας
2477 4339 2893 4409 λήψεται-παρὰ
2933 4339 3028 4392 σοῦ
3075 4341 3177 4410 τῆς
3222 4343 3538 4412 προδοσίας
3578 4351 3683 4419 τῆς

2081 4430 2164 4494 είς
2212 4428 2396 4484 αὐτόν.
2436 4427 2610 4491 Αὐτὸς
2660 4426 2770 4497 γὰρ
2820 4426 2993 4482 αὐτοῦ
3040 4428 3340 4498 ἀκηκοέναι
3396 4433 3684 4506 λοιδορίας

393 4534 522 4574 cum
558 4535 588 4573 a
627 4535 685 4574 se
721 4519 787 4573 ad
817 4520 1126 4590 principem
1167 4518 1537 4575 Tribaliorum
1577 4521 1792 4591 legatus
1825 4535 1969 4578 esset

2085 4520 2182 4582 σοῦ
2216 4521 2580 4591 καταχέοντος
2623 4519 2862 4582 πολλάς·
2897 4518 3142 4590 φλύαρον
3173 4521 3266 4575 καὶ
3317 4522 3493 4580 λάλον
3541 4530 3686 4582 ἀπο-

395 4610 616 4677 missus,
670 4610 939 4680 legatione
992 4625 1282 4682 perperam
1310 4610 1558 4666 functum
1624 4611 1975 4668 muneribus-

395 4713 505 4768 que
537 4709 860 4769 corruptum
886 4701 1126 4769 jurasse,
1155 4715 1351 4754 eorum
1382 4699 1530 4754 domi
1559 4711 1973 4772 procuratorem

396 4792 535 4856 fore,
557 4803 823 4862 quantum
858 4801 1146 4864 posses,et
1172 4807 1372 4847 arcana
1403 4801 1590 4848 nostra
1635 4793 1746 4849 illis
1783 4794 1975 4866 prodi-

399 4895 603 4938 turum.
650 4885 923 4951 Quocirca
957 4902 1187 4957 prorsus
1224 4901 1335 4940 non
1397 4884 1705 4942 Romanum
1747 4897 1834 4954 te,
1878 4888 1974 4945 sed

395 4974 700 5032 Triballum
753 4989 1034 5034 numerat.
1067 4980 1183 5035 lloc
1217 4993 1473 5035 sermone
1511 4980 1744 5037 Gabalas
1781 4981 1977 5037 obstu-

395 5065 671 5134 pefactus,
701 5068 872 5122 Deum
904 5069 1117 5133 testari,
1164 5071 1302 5124 nihil
1330 5071 1434 5127 tale
1461 5073 1712 5129 conscire
1745 5074 1881 5136 sibi.
1917 5081 1976 5129 et

396 5157 717 5226 neutiquam
740 5159 966 5213 credere
989 5197 1005 5224 ,
1041 5175 1299 5227 magnum
1336 5161 1698 5220 domesticqu
1721 5163 1860 5218 adeo
1895 5163 1980 5217 in-

399 5248 651 5303 consulto
711 5250 1075 5318 quorumdam
1126 5254 1626 5312 obtrectationibus
1666 5264 1832 5334 atque
1884 5269 1980 5310 ca-

2075 4611 2404 4677 καλοῦντος,
2479 4613 2578 4666 καὶ
2635 4611 2972 4681 ψευδόμενον
3021 4613 3098 4677 ὡς
3147 4615 3216 4668 τά
3268 4617 3449 4674 πολλά
3486 4661 3504 4686 ,
3585 4625 3684 4677 καὶ

2078 4705 2287 4774 φθορέα
2335 4704 2430 4758 καὶ
2481 4703 2752 4772 προδότην
2793 4703 2904 4757 τῶν
2955 4704 3190 4758 κοινῶνο
3236 4707 3528 4777 ᾑρημένος
3563 4715 3682 4784 γὰρ

2079 4797 2174 4852 ὑπ’
2198 4796 2412 4850 ἐκείνου
2436 4793 2576 4864 πρὸς
2602 4795 2694 4848 τὸν
2718 4793 2955 4864 ἄρχοντα
2977 4791 3267 4864 Τριϐαλῶν
3290 4802 3678 4875 «mesen-mc,

2076 4884 2640 4958 παραπρεσϐεύσειας
2693 4886 3100 4958 δωροδοκήσας,
3134 4887 3328 4942 καὶτὰ
3373 4889 3683 4964 Ῥωμαίων

2079 4979 2480 5049 καταπροδοὺς,
2532 4977 2604 5032 τά
2661 4979 2891 5032 ἐκείνων
2955 4978 3247 5049 πράξειας,
3311 4984 3414 5037 καὶ
3472 4988 3685 5056 ὅρκους

2057 5069 2312 5132 ,ἐκείνοις
2345 5069 2804 5140 παρασχοίης,ὡς
2835 5071 3014 5139 μένων
3045 5075 3177 5141 παρ’
3203 5074 3367 5141 ἡμῖν,
3403 5078 3683 5146 πρόξενος

2080 5161 2315 5224 ὲκείνοις
2371 5163 2515 5230 εἴης,
2567 5166 2730 5216 παντὶ
2787 5163 2965 5216 σθένει
3034 5161 3104 5216 τὰ
3165 5165 3322 5233 ἡμῶν
3375 5169 3688 5242 ἀπόρρητα

2083 5256 2267 5318 αὐτοῖς
2318 5255 2774 5325 καταπροδιδούς.
2806 5255 2884 5308 Δι’
2935 5255 2973 5310 ἃ.
3016 5257 3137 5312 οὐδὲ
3185 5258 3498 5326 Ῥωμαίοις
3543 5265 3688 5328 ὅλως

401 5337 628 5393 tumniis
674 5338 836 5394 iidem
887 5343 1260 5412 commodare,
1296 5355 1356 5400 ut
1410 5347 1705 5402 immodice
1757 5347 1969 5412 iratus,

2086 5347 2342 5418 ἀνέχεται
2385 5349 2715 5417 καταλέγειν
2745 5351 2828 5414 οὶ,
2859 5349 2998 5404 ἀλλὰ
3047 5350 3147 5421 τῆς
3198 5351 3425 5422 μερίδος
3455 5359 3688 5423 ἡγεῖται

400 5444 578 5499 ipsum
641 5428 922 5485 absentem
973 5434 1384 5490 condemnaret.
1432 5435 1568 5491 Cum
1614 5437 1762 5490 enim
1822 5435 1969 5506 longc

2090 5437 2400 5508 Τριϐαλῶν.
2431 5441 2824 5511 Καταπλαγεὶς
2851 5441 2910 5494 δὲ
2954 5443 3047 5495 ἐπὶ
3095 5443 3308 5507 τούτοις
3335 5447 3368 5499 ὸ
3397 5446 3686 5513 Γαϐαλᾶς.

1641 5581 1856 5644 Jacobi
1891 5584 2159 5646 Pontani
2195 5593 2384 5648 nota).

363 5724 388 5734 κ
420 5781 429 5784 Α
466 5711 582 5783 (Η)
611 5712 716 5767 Aut
779 5713 835 5767 in
879 5713 1128 5769 exsilium
1189 5713 1642 5778 remotissimum,
1695 5729 1724 5768 a
1774 5730 1973 5784 πιειςηο

403 5781 702 5838 domestico
731 5785 983 5842 missum.
1029 5795 1120 5838 aut
1156 5785 1212 5838 in
1254 5784 1698 5856 obscurissimum
1750 5781 1978 5839 molun-

2081 5716 2481 5793 dissimumque
2509 5719 2950 5780 carcerem.loco
2988 5731 3172 5793 ignoto
3208 5733 3312 5776 eos
3347 5734 3688 5784 contrusum

2089 5789 2152 5840 iri
2181 5788 2457 5844 insinuat:
2493 5803 2686 5847 neutro
2713 5793 2858 5846 enim
2888 5788 3052 5849 modo
3081 5793 3260 5848 scient
3297 5793 3393 5850 ubi
3435 5797 3572 5852 sint.
