4054 6414
489 377 601 446 831

1661 381 1982 444 JOANNIS
2023 379 2551 445 CANTACUZENI

3523 321 3530 326 ’
3631 365 3749 441 me

495 501 614 542 rem
642 487 716 542 ita
742 501 800 543 se
828 487 1054 554 habere,
1089 489 1234 545 scias
1270 489 1431 544 velim
1469 497 1521 544 te
1545 488 1656 544 falli
1699 504 2070 560 summopere.

2178 488 2420 559 ἕτοιμος.
2455 489 2589 542 Οὐδὲ
2633 487 2742 560 γὰρ
2773 488 2802 541 ό
2835 486 3038 558 προτοῦ
3089 488 3284 560 χρόνος
3314 474 3556 541 τοιοῦτον
3597 485 3746 556 αὐτῷ

478 570 619 630 Non
647 577 791 631 enim
826 577 978 632 milis
1026 578 1116 633 ille
1143 593 1205 634 ac
1231 578 1476 648 placidus
1499 618 1512 642 .
1547 587 1608 632 ut
1636 579 1880 644 dicebas,
1903 579 2070 634 mole-

491 669 726 737 atusque
755 669 982 736 nemini,
1031 671 1129 725 sed
1157 671 1283 740 quia
1309 671 1417 742 jam
1443 671 1650 740 pridem
1681 679 2070 742 praepotentem

473 769 692 812 ‘omnes
728 759 921 813 colunt
969 775 1034 815 ac
1083 762 1419 829 suapiciunt,
1451 771 1506 816 et
1554 763 1836 832 hucusque
1867 778 2029 818 nemo
2055 802 2070 827 ,

478 864 606 902 ~non
639 848 814 904 dicam
863 851 1032 905 verbo
1065 852 1321 906 resistere
1352 893 1366 916 ,
1411 853 1507 906 sed
1568 869 1667 907 nec
1713 854 1922 908 vultum
1955 853 2073 923 ejus

481 932 671 993 libere
721 940 923 995 intueri
957 957 1124 996 ausus
1167 953 1270 1006 est,
1308 944 1424 1014 ipse
1459 945 1698 999 vicissim
1725 961 1836 1015 prze
1877 946 2074 1000 timore

408 1029 412 1034 ’
488 1033 888 1088 Submittentes
919 1051 1037 1090 sese
1064 1045 1115 1091 ct
1162 1039 1478 1094 servitutem
1513 1037 1806 1108 perfectam
1833 1039 2074 1093 servien-

501 1133 584 1178 tes
614 1139 806 1180 omnes
861 1121 1176 1184 humaniter
1205 1130 1420 1184 habuit.
1475 1125 1608 1183 Cum
1648 1145 1811 1198 porro
1843 1140 1896 1183 tu
1928 1145 2074 1184 nunc

497 1215 734 1281 primum
773 1219 989 1286 publice
1023 1219 1087 1274 ei'
1128 1217 1430 1290 repugnare
1479 1235 1586 1273 non
1627 1221 1905 1282 timueris.
1963 1236 2070 1273 non

485 1307 734 1376 -‘amplius
764 1309 958 1362 vitium
989 1325 1148 1364 suum
1189 1312 1465 1364 occultare
1497 1310 1692 1379 quivit,
1753 1312 1844 1364 sed
1877 1310 1975 1364 abs
2021 1321 2071 1364 te

491 1397 603 1450 sibi
632 1399 912 1452 obnoxios
959 1398 1222 1467 puniendi
1270 1401 1491 1455 initium
1541 1402 1746 1455 faciet:
1780 1403 2072 1471 statimque

491 1489 786 1542 tremendo
819 1499 1160 1545 saeramento
1190 1491 1353 1544 dictis
1386 1493 1545 1547 ﬁdem
1568 1487 1830 1556 astruxit,
1867 1507 1929 1546 ac
1959 1493 2064 1546 nisi

2181 579 2243 633 τὸ
2275 577 2406 650 ἦθος
2458 581 2868 651 συμμαρτυρεῖ.
2907 580 3126 634 Πολλῶν
3177 580 3286 652 γάρ
3324 579 3473 648 αὐτῷ
3505 586 3742 649 προσκε-

2175 669 2490 738 κρουκότων
2545 668 2641 721 καὶ
2701 668 2949 739 μεγάλα,
3021 668 3213 722 οὐδένα
3280 667 3501 721 πώποτε
3566 667 3741 736 ἐφάνη

2175 759 2444 828 ἀντιδρῶν
2471 758 2680 822 κακῶς.
2709 759 2852 828 Πρὸς
2884 758 2983 829 ἐμὲ
3013 759 3069 811 δὲ
3104 758 3339 828 μετρίως
3393 757 3490 826 μὲν
3522 756 3611 810 διὰ
3653 757 3746 809 τὸν

2176 852 2334 922 λόγον
2359 853 2666 922 τετάρακτο
2694 854 2926 905 ἐκεῖνον.
2971 850 3170 920 Ὀλίγῳ
3204 850 3258 902 δὲ
3288 849 3534 919 ὕστερον,
3553 834 3748 911 ὀὓτως

2174 942 2354 1010 ἀφῆκε
2410 941 2507 1011 τὴν
2560 939 2752 1011 ὀργὴν,
2801 936 2876 1001 ὼς
2937 940 3073 1008 μηδὲ
3135 938 3389 1010 εἰρῆσθαί
3445 953 3498 990 τι
3539 936 3748 990 δοκεῖν.

2187 1033 2528 1102 ’Δπόκαυχος
2551 1033 2626 1094 δὲ,
2659 1032 2719 1084 El
2754 1033 2853 1102 μὲν
2884 1031 3227 1094 ὑποπτεύων,
3254 1030 3379 1100 ἔφη,
3405 1029 3528 1092 τοὺς
3556 1028 3748 1096 λόγους

2174 1127 2299 1184 τοὺς
2350 1125 2547 1193 ὲμοὺς’
2569 1123 2645 1185 ώς
2698 1123 3069 1192 πειρωμένου,
3119 1122 3215 1175 καὶ
3273 1121 3332 1174 τὸ
3386 1119 3748 1192 προσκρούειν

2173 1213 2329 1278 αὖθις
2357 1215 2552 1284 ἐκείνῳ
2580 1214 2835 1276 δεδοικὼς
2884 1210 3112 1266 τοιαῦτα
3153 1211 3453 1284 ὑπεκρίνω,
3483 1211 3641 1276 ἄλλος
3679 1213 3746 1266 ἂν

2173 1307 2257 1375 εἴη
2306 1305 2486 1371 λόγος.
2521 1309 2579 1356 Et
2612 1301 2657 1356 δ’
2689 1303 2766 1365 ὡς
2812 1303 3024 1371 ἀληθῶς
3049 1303 3295 1371 οἰόμενος
3350 1298 3525 1366 οὕτως
3577 1302 3748 1372 ἔχειν,

2175 1395 2283 1449 ἴσθι
2329 1396 2540 1462 ἀγνοῶν
2586 1394 2649 1445 τὸ
2678 1395 2807 1446 πᾶν.
2845 1394 2918 1446 Οὐ
2969 1393 3079 1462 γὰρ
3107 1394 3334 1462 ἥμερος,
3367 1391 3558 1463 ὥσπερ
3581 1392 3745 1472 ἔφης.»

2173 1487 2267 1539 καὶ
2339 1485 2639 1556 προσηνὴς,
2679 1484 2773 1538 καὶ
2825 1485 2955 1552 περὶ
3023 1484 3231 1552 μηδένα
3290 1483 3497 1545 ἐκεῖνος
3576 1483 3753 1545 κακὸς

488 1591 658 1645 quam
693 1575 959 1631 citissime
1008 1579 1398 1648 quoquomodo
1443 1582 1602 1635 saluti
1648 1596 1759 1636 suae
1785 1583 2069 1651 provisum

2178 1578 2379 1646 bcpilsic,
2408 1576 2522 1630 ἀλλ’
2556 1579 2620 1630 ὲκ
2659 1575 2855 1628 πολλοῦ
2890 1575 2983 1626 τοῦ
3013 1575 3208 1644 χρόνου
3236 1573 3469 1642 δύναμιν
3498 1575 3758 1642 μεγάλην

495 1673 586 1721 eat
611 1705 625 1730 ,
669 1679 801 1720 cum
859 1675 969 1722 tota
997 1669 1162 1724 domo
1196 1669 1317 1725 sine
1348 1671 1456 1725 ulla
1481 1669 1825 1727 dubitatione
1857 1673 2072 1742 peritu-

2173 1669 2640 1740 περιϐεϐλημένον
2713 1669 2913 1730 πάντες
2990 1666 3348 1735 ἐθεράπευον.
3405 1664 3514 1718 Καὶ
3571 1665 3765 1730 οὐδεὶς

495 1769 642 1808 rum.
685 1755 826 1826 Ergo
864 1757 1162 1814 'Chumnus
1191 1761 1327 1818 hinc
1365 1777 1472 1817 non
1510 1763 1786 1818 immerito
1827 1771 2069 1817 extrema

2178 1764 2299 1834 ἀχρι
2336 1763 2453 1826 νῦν,
2483 1761 2580 1830 οὐχ
2629 1761 2710 1814 ὅτι
2767 1762 3065 1823 ἀντειπεῖν,
3099 1757 3216 1812 ἀλλ’
3263 1757 3373 1811 οὐδ’
3426 1755 3766 1826 ἀντιϐλέψαι

495 1854 769 1910 metuens,
807 1848 995 1904 doceri
1024 1865 1083 1905 se
1122 1852 1470 1920 obsecrabat,
1502 1864 1614 1923 q‘uo
1662 1865 1819 1922 pacto
1849 1853 2066 1922 impen-

494 1935 632 1990 dens
661 1937 766 1991 sibi
797 1947 1004 1994 tantum
1030 1941 1231 1996 malum
1255 1940 1539 2013 effugeret.
1567 1939 1726 2014 411
1755 1940 1893 1997 Tum
1924 1943 2068 2012 Apo-

495 2027 759 2093 cauchus,
798 2029 976 2097 ipsum
1009 2045 1228 2101 quoque
1279 2047 1309 2090 c
1341 2048 1402 2088 re
1449 2036 1702 2103 praesenti
1761 2035 1892 2104 quid
1927 2047 2068 2104 opus

494 2119 588 2182 sil,
631 2135 742 2174 non
795 2109 1084 2178 difﬁculter
1121 2139 1279 2194 posse
1316 2141 1683 2196 cognoscere,
1727 2127 1928 2197 quippe
1974 2127 2067 2196 qui

495 2211 660 2280 vulgo
691 2213 884 2282 major,
917 2228 1020 2268 nec
1057 2215 1260 2270 stultus
1303 2216 1397 2280 sit,
1435 2215 1530 2270 sed
1581 2229 1704 2270 cum
1739 2217 1932 2286 primis
1961 2217 2070 2271 Ro-

495 2317 784 2356 manorum
816 2303 1154 2373 experientia
1219 2305 1619 2376 prudentiaque
1665 2316 1858 2362 certet.
1886 2306 2069 2361 Nihilo

485 2395 680 2449 \minus
710 2393 1290 2466 admoniturumjuze
1317 2398 1371 2452 in
1421 2413 1534 2452 rem
1581 2398 1696 2453 fore
1739 2399 2066 2466 arbitretur;

482 2488 605 2539 imo
637 2501 788 2551 vero,
815 2487 935 2541 sine
976 2487 1179 2556 quibus
1207 2488 1354 2541 salus
1371 2489 1710 2557 desperanda
1744 2490 1837 2545 sit.
1873 2490 2069 2545 Putare

489 2588 701 2641 atatem,
755 2593 864 2632 non
938 2579 1086 2632 aliud
1141 2579 1245 2648 ipsi
1307 2581 1629 2649 ca'terisque
1678 2581 2066 2648 profuturum,

487 2683 658 2736 quam
694 2668 751 2722 'si
791 2669 1035 2738 arreptis
1088 2670 1260 2724 armis
1285 2669 1352 2724 ad
1383 2670 1672 2725 domestici
1711 2686 1843 2740 opes
1873 2673 2071 2727 debili-

492 2759 690 2812 tandas
733 2758 1170 2830 frangendasque
1201 2762 1330 2815 totis
1357 2762 1566 2816 viribus
1595 2762 1928 2817 incumbant.
1958 2764 2072 2818 Hoc

485 2851 550 2904 in
589 2851 814 2919 proclivi
861 2867 1006 2918 esse,
1066 2853 1111 2908 si
1151 2854 1497 2923 impcratrice
1528 2855 1698 2916 adita.
1749 2865 1803 2909 et
1833 2857 2070 2910 benevo-

490 2940 664 2994 lentia
686 2955 816 3011 erga
844 2941 1016 3010 ipsam
1048 2943 1330 3012 filiumque
1379 2944 1766 3012 imperatorem
1796 2944 2068 3009 simulata,

487 3047 617 3086 eam
650 3045 971 3103 permoveat
1025 3045 1087 3090 ut
1134 3051 1263 3090 eum
1317 3053 1416 3106 pro
1453 3037 1611 3091 hoste
1646 3047 1702 3092 et
1749 3038 2071 3093 insidiatore

482 3125 684 3188 ducat,
717 3126 991 3196 addatque
1021 3142 1082 3182 se
1113 3127 1226 3182 haec
1245 3143 1351 3198 .pro
1373 3137 1524 3183 certo
1554 3128 1849 3193 audivisse,
1873 3139 1929 3183 et
1951 3144 2072 3184 esse

486 3218 676 3272 scelus
713 3233 820 3272 non
872 3218 1190 3282 ferendum,
1230 3236 1407 3290 seque
1436 3222 1598 3276 malle
1627 3236 1751 3275 cum
1789 3221 1916 3276 ﬁliis
1955 3223 2070 3276 suis

484 3325 596 3378 pro
628 3308 764 3377 ipsis
793 3309 1084 3378 pug-nando
1121 3321 1402 3379 oppetere,
1429 3327 1592 3380 quam
1627 3311 1838 3380 perpeti
1887 3320 1947 3365 ut
1974 3327 2072 3380 per

492 3404 653 3452 nefas
674 3398 907 3467 imperio
935 3408 1030 3452 aut
1058 3399 1224 3452 etiam
1258 3400 1363 3453 vita
1383 3401 1711 3468 spolientur.
1742 3401 1950 3465 Quibus
1984 3417 2070 3453 ra-

489 3489 743 3542 tionibus
768 3489 1033 3542 credibile
1069 3489 1186 3543 ﬁeri
1218 3489 1392 3559 ipsam
1429 3485 1800 3543 tremefaCtam
1855 3506 1918 3545 ac
1950 3505 2074 3560 per-

499 3595 741 3643 suasam,
767 3579 917 3633 nullo
948 3581 1170 3648 negotio
1191 3580 1269 3635 ab
1293 3581 1397 3635 illo
1420 3580 1811 3646 discessuram,
1843 3581 2073 3635 bellum-

488 3687 607 3741 que
639 3681 831 3725 contra
874 3672 1131 3725 eumdem
1199 3673 1253 3741 ip
1287 3673 1334 3728 is
1387 3673 1785 3727 mandaturam.
1824 3671 1943 3738 Quo
1974 3672 2074 3726 ob-

503 3773 682 3828 tento,
711 3779 831 3818 non
864 3772 1076 3818 tantum
1131 3763 1511 3835 ingruentibus
1570 3765 1730 3819 malis
1784 3765 2070 3831 liberatos,

501 3872 697 3912 verum
747 3857 912 3910 etiam
963 3855 1215 3911 felicitati
1255 3855 1414 3926 quasi
1471 3865 1685 3926 portam
1741 3857 2071 3926 patefactam

499 3947 642 4001 fore.
683 3945 840 4012 Quod
869 3954 1054 3999 autem
1108 3946 1223 4000 haec
1266 3946 1334 4000 de
1383 3945 1478 4000 illo
1508 3960 1639 4000 vera
1674 3961 1781 3998 non
1808 3946 1940 4013 sint,
1973 3961 2072 4000 cu-

495 4039 732 4094 randum
764 4053 874 4092 non
906 4051 1064 4103 esse;
1112 4052 1220 4092 non
1255 4038 1402 4091 enim
1429 4051 1577 4091 nunc
1603 4037 1672 4091 de
1697 4037 1925 4091 veritate
1974 4037 2075 4092 fal-

498 4133 770 4201 sitateque
792 4141 1069 4187 certamen
1093 4129 1350 4201 proponi,
1372 4129 1466 4184 sed
1492 4136 1676 4183 utrum
1701 4129 1849 4184 illius
1877 4145 2076 4200 super-

495 4224 625 4280 cilio
653 4223 916 4293 depresso
960 4237 1084 4276 cum
1131 4221 1303 4290 gloria
1353 4221 1672 4290 supersint,
1702 4236 1791 4286 an,
1820 4221 1872 4276 si
1896 4221 2072 4291 impe-

497 4318 644 4371 rium
698 4326 886 4371 tenere
922 4321 1279 4385 perseveret,
1313 4312 1569 4366 similiter
1597 4312 1934 4366 nefariorum
1961 4314 2073 4368 cri-

496 4411 710 4464 miuum
755 4407 1062 4471 convictis,
1103 4405 1287 4474 capite
1328 4403 1662 4474 plectantur.
1694 4403 1908 4458 Idcirco
1956 4413 2073 4460 ten-

2175 1856 2396 1908 πώποτε
2415 1853 2903 1921 ἔτόλμησεν.”Οθεν
2930 1854 3182 1915 κάκεῖνος
3209 1852 3343 1904 πᾶσι
3367 1850 3758 1920 προσεφέρετο

2178 1949 2415 2017 μετρίως
2456 1945 2798 2012 ὑπεπτηχόσι
2855 1945 2950 1996 καὶ
3004 1942 3431 2012 δεδουλωμένοις
3480 1940 3752 2010 ἀκριϐῶς.

2176 2038 2277 2090 Σοῦ
2311 2038 2366 2090 δὲ
2399 2036 2518 2089 νυνὶ
2541 2035 2762 2106 πρώτου
2793 2035 3166 2104 τολμήσαντος
3197 2033 3475 2086 ἀντειπεῖν
3500 2034 3753 2101 ἀναφαν-

2174 2131 2284 2196 δὺν,
2315 2129 2502 2182 οὐκέτι
2539 2127 2948 2195 συγκαλύπτειν
2981 2125 3080 2194 τὴν
3116 2123 3318 2178 κακίαν
3364 2119 3476 2186 οἶός
3524 2139 3581 2175 τε
3631 2125 3756 2191 ὲγέο

2175 2239 2318 2283 νετο,
2359 2219 2475 2273 ἀλλ’
2520 2218 2628 2272 ἀπὸ
2673 2216 2768 2270 σοῦ
2812 2218 3064 2280 κάκεῖνος
3112 2213 3341 2284 ἄρξεται
3370 2213 3592 2283 πρώτου
3623 2215 3754 2277 τοὺς

2175 2312 2256 2374 είς
2279 2309 2444 2364 αὐτὸν
2472 2309 2896 2386 ἁμαρτάνοντας
2931 2307 3206 2373 κολάζειν,
3240 2308 3450 2361 Αὐτίκα
3480 2323 3538 2360 τε
3562 2305 3753 2376 ὤμνυε

2175 2405 2246 2458 τὰ
2303 2402 2722 2474 φρικωδέστατα
2775 2400 2850 2465 ὡς
2912 2403 3091 2456 πάντα
3151 2400 3236 2468 εἴη
3290 2401 3392 2453 ὅσα
3457 2397 3755 2467 φθέγξαιτο

2174 2497 2348 2566 ἀληθῆ
2374 2535 2391 2560 ,
2417 2495 2512 2549 καὶ
2545 2496 2617 2557 ὡς
2645 2496 2693 2547 εί
2723 2494 2796 2565 μὴ
2824 2495 2923 2564 τήν
2952 2493 3214 2563 ταχίστην
3249 2492 3330 2546 ἐνί
3365 2509 3426 2560 γε
3451 2490 3529 2562 τῷ
3561 2491 3754 2563 τρόπῳ

2176 2592 2416 2657 πειρῷτο
2466 2585 2758 2651 διασώζειν
2810 2586 3022 2651 ἑαυτὸν,
3059 2586 3212 2639 οὐδὲν
3259 2585 3516 2656 ἐμποδὼν
3547 2584 3628 2656 μὴ
3658 2585 3756 2639 καὶ

2176 2683 2338 2736 αὑτὸν
2368 2683 2464 2735 καὶ
2499 2684 2680 2734 πᾶσαν
2714 2681 2893 2734 οἰκίαν
2935 2678 3257 2733 ἀπολέσθαι.
3300 2678 3357 2733 '0
3386 2678 3430 2731 δ’
3463 2677 3662 2748 ὥσπερ
3689 2674 3758 2750 ἦν

2177 2776 2348 2840 εἰκὸς,
2384 2779 2515 2845 περὶ
2544 2776 2652 2827 τῶν
2677 2773 2923 2843 ἐσχάτων
2953 2771 3044 2826 τὸν
3077 2771 3246 2841 φόϐον
3274 2769 3546 2842 ἐσχηκὼς,
3577 2770 3760 2824 ἐδεῖτό

2175 2866 2224 2916 οἱ
2271 2869 2474 2934 τρόπον
2521 2863 2818 2918 ὑποθέσθαι
2853 2861 2920 2915 δι’
2947 2854 3010 2914 οὗ
3045 2862 3112 2913 τὰ
3139 2859 3580 2930 προσδοκώμενα
3604 2860 3760 2914 δεινά

2175 2958 2468 3030 δυνήσεται
2500 2955 2802 3024 διαφυγεῖν.
2854 2954 2912 3008 Ὀ
2938 2953 2982 3007 δ’
3010 2952 3252 3023 ἔφασκεν
3283 2953 3343 3005 ού
3375 2951 3620 3021 χαλεπὸν
3658 2953 3761 3021 μὲν

2177 3043 2317 3101 εῖναι
2351 3047 2447 3100 καὶ
2476 3045 2638 3098 αὐτὸν
2672 3047 2736 3097 ἐκ
2781 3043 2891 3096 τῶν
2923 3043 3210 3113 παρόντων
3240 3041 3302 3094 τὺ
3334 3041 3453 3094 δέον
3490 3045 3760 3107 συνιδεῖν,

2177 3141 2238 3194 οὐ
2267 3139 2376 3191 τῶν
2405 3136 2618 3191 πολλῶν
2647 3136 2742 3188 καὶ
2771 3135 3018 3203 ἀνοήτων
3049 3133 3200 3196 ὄντα,
3229 3133 3368 3186 ἀλλά
3408 3133 3517 3185 τῶν
3546 3134 3758 3202 ἐμπει-

2183 3234 2273 3302 ρίᾳ
2320 3228 2671 3302 πραγμάτων
2717 3228 2814 3282 καὶ
2861 3228 3074 3281 συνέσει
3100 3228 3210 3288 τοῖς
3236 3225 3474 3294 πρώτοις
3509 3225 3762 3294 ἁμιλλώ-

2181 3341 2342 3394 μενον
2377 3322 2684 3391 Ῥωμαίων.
2716 3318 3075 3391 Παραινέσειν
3108 3317 3165 3370 δὲ
3199 3319 3293 3371 καὶ
3330 3317 3495 3370 αὑτὸν
3523 3318 3564 3372 ἃ
3588 3321 3766 3372 οἴεται

2177 3414 2548 3483 λυσιτελήσειν
2574 3429 2588 3445 ο
2628 3412 2831 3480 μᾶλλον
2873 3411 2918 3463 δ’
2953 3405 3028 3462 ὧν
3069 3411 3272 3480 χωρίς,
3310 3411 3595 3480 σωτηρίας
3639 3411 3767 3464 ἀδύ-

2178 3523 2340 3560 νατον
2369 3507 2576 3575 τυχεῖν.
2603 3503 2827 3557 Οτεσθαι
2855 3503 2911 3556 δὲ
2949 3501 3119 3572 μηδὲν
3140 3500 3330 3571 ἕτερον
3356 3501 3507 3568 αὑτῴ
3549 3503 3771 3554 λυσιτε-

2177 3601 2384 3672 λήσειν,
2415 3603 2510 3654 καὶ
2558 3601 2672 3664 τοῖς
2723 3598 2928 3662 ἀλλοις,
2961 3597 2994 3666 ἢ
3043 3598 3283 3664 πόλεμον
3315 3595 3596 3667 ἀραμένῳ
3631 3595 3773 3666 πρὸς

2179 3697 2408 3761 ἐκεῖνον,
2471 3692 2638 3745 παντὶ⁵
2692 3690 2872 3742 σθένει
2940 3688 3234 3758 πειρᾶσθαι
3292 3685 3602 3742 καταλύειν
3671 3688 3774 3756 τήν

2179 3787 2389 3842 ἐκείνου
2423 3785 2676 3854 δᾶναμιν.
2704 3780 2876 3835 Τοῦτο
2905 3779 2950 3832 δ’
2993 3780 3147 3832 ἔσται
3178 3778 3380 3849 ῥᾴδιον,
3413 3778 3481 3830 ἂν
3523 3780 3767 3849 βασιλίδι

2179 3879 2517 3951 προσελθὼν,
2550 3877 2646 3929 καὶ
2675 3875 2773 3946 τὴν
2804 3875 2884 3936 εἰς
2908 3871 3126 3940 ἐκείνην
3154 3870 3373 3922 εὔνοιαν
3403 3873 3502 3924 καὶ
3537 3873 3768 3943 βασιλέα

2177 3975 2270 4025 τὸν
2317 3972 2431 4024 υἱὸν
2489 3966 2830 4037 ύποκριθεὶς,
2883 3964 3188 4033 ἀναπείσεις
3237 3963 3445 4015 ἐκεῖνον
3497 3965 3769 4039 πολέμιον

2180 4062 2422 4134 νομίσαι,
2460 4063 2554 4114 καὶ
2588 4056 3011 4111 ἐπιϐουλεύοντα
3044 4057 3184 4125 αὐτῇ
3233 4055 3367 4125 πρὸς
3407 4055 3512 4125 τὴν
3558 4057 3766 4127 ἀρχὴν,

2181 4156 2405 4225 φάσκων
2433 4152 2561 4223 περ)⁵
2582 4150 2788 4204 ἐκείνου
2815 4148 3058 4218 ἀκριόῶς
3087 4145 3383 4201 πεπεῖσθαι
3408 4148 3482 4199 τὰ
3505 4149 3767 4211 τοιαῦτα,

2181 4245 2278 4298 καὶ
2309 4243 2406 4314 τὴν
2435 4242 2650 4295 ἀδικίαν
2687 4239 2762 4310 μὴ
2806 4239 3072 4306 ἐνεγκεῖν,
3101 4236 3238 4288 ἀλλά
3270 4235 3480 4305 μᾶλλον
3529 4236 3776 4308 αἱρετώ-

2181 4353 2339 4406 τερον
2382 4332 2695 4404 ἡγήσασθαι
2749 4329 2914 4384 αὐτὸν
2944 4328 3039 4381 καὶ
3079 4329 3273 4389 παῖδας
3311 4325 3455 4398 ὑπὲρ
3489 4329 3682 4382 αὐτῶν
3725 4330 3775 4380 εί

2182 4428 2292 4480 δέοι
2343 4425 2718 4494 πολεμοῦντας
2768 4421 2964 4491 ἐκείνῳ
3019 4419 3407 4490 ἀποθνήσκειν,
3465 4421 3502 4490 ἢ
3570 4422 3778 4484 αὐτοὺς

499 4503 664 4560 tanda
699 4501 882 4556 omnia
921 4507 977 4554 et
1009 4512 1170 4552 omne
1201 4511 1374 4566 genus
1423 4510 1626 4566 pugnae
1664 4493 2066 4564 experiundum

2178 4518 2377 4578 ἀδίκως
2422 4493 2521 4586 τὴν
2570 4515 2744 4584 ἀρχὴν
2810 4511 3292 4581 ἀφαιρουμένους,
3365 4510 3400 4582 ἢ
3462 4514 3563 4566 καὶ
3626 4514 3774 4568 ἀπο-

499 4593 708 4664 potius,
737 4606 901 4659 quam
943 4589 1010 4642 de
1046 4587 1248 4641 talibus
1281 4586 1441 4641 anxie
1493 4585 1887 4655 disputandqu
1909 4625 1924 4651 ,
1954 4601 2074 4653 quae

500 4686 618 4740 sive
649 4685 752 4736 hoc
784 4683 900 4736 sive
925 4681 1041 4735 alio
1091 4679 1252 4734 modo
1299 4694 1357 4734 se
1388 4679 1646 4741 habeant,
1677 4677 1816 4731 nihil
1846 4677 2074 4733 obsunt.

503 4778 597 4831 Sic
623 4776 774 4829 illum
807 4789 1029 4843 quoque
1075 4772 1250 4826 illexit
1282 4788 1392 4842 quo
1436 4771 1632 4826 voluit.
1662 4770 1958 4838 Hucusque
1987 4771 2075 4824 in-

504 4869 679 4923 sidiat.
712 4867 897 4921 Visum
946 4865 1174 4933 insuper
1198 4863 1362 4918 etiam
1395 4861 1464 4915 de
1495 4858 1939 4914 familiarissimis
1971 4859 2076 4913 im-

505 4959 795 5030 pcratricis
824 4957 1091 5026 quosdam
1137 4954 1206 5008 ad
1239 4955 1346 5008 hoc
1399 4952 1714 5007 sodalitium
1753 4952 2029 5006 asciscere
2059 4992 2075 5017 ,

501 5067 626 5104 cum
657 5048 945 5118 cogitaret,
998 5045 1136 5099 alios
1167 5043 1400 5098 forsitan
1462 5042 1639 5096 eidem
1677 5050 1964 5111 suspectos
1999 5042 2081 5096 fu-

505 5154 683 5207 turos,
709 5141 865 5212 quasi
901 5139 996 5209 qui
1045 5137 1132 5191 vel
1181 5146 1351 5200 metu,
1387 5134 1468 5187 vel
1501 5133 1804 5187 invidentia
1837 5134 2075 5204 quadam

503 5250 761 5306 perversa
814 5243 870 5287 et
911 5229 1160 5301 improba
1193 5228 1545 5286 molirentur,
1598 5240 1724 5280 cum
1767 5226 1834 5280 de
1868 5225 2081 5295 intimis

500 5327 826 5384 domesticis
855 5329 971 5380 suis
1024 5323 1128 5376 tale
1175 5319 1436 5390 quiddam
1479 5318 1685 5372 sentire
1722 5333 1830 5371 non
1881 5319 2076 5388 possit.

503 5421 747 5479 Proinde
785 5419 956 5471 filium
998 5415 1236 5483 Zampte,
1290 5428 1411 5482 quae
1441 5411 1586 5465 illam
1617 5426 1648 5467 e
1679 5410 1954 5466 Sabaudia
1987 5427 2078 5467 se-

501 5523 630 5569 cuta
663 5513 862 5573 fuerat,
902 5509 1155 5562 Artotum
1207 5507 1430 5561 nomine
1463 5508 1650 5576 (quem
1698 5516 1754 5561 et
1781 5507 2082 5575 imperator

503 5621 630 5662 cum
666 5604 790 5660 aliis
817 5603 883 5657 de
910 5601 1111 5665 causis,
1146 5610 1259 5654 tum
1286 5600 1355 5654 de
1395 5599 1719 5654 fortitudine
1752 5599 1946 5653 bellica
1981 5614 2080 5653 ve-

499 5701 790 5772 hementer
819 5695 976 5748 vivus
1009 5695 1298 5756 dilexerat,
1327 5701 1380 5748 et
1407 5703 1532 5762 post
1557 5691 1677 5762 ejus
1721 5699 1953 5744 mortem
2003 5691 2084 5760 ip-

502 5810 625 5850 sum
673 5805 1014 5864 matremque
1067 5789 1387 5863 imperatrix
1444 5790 1497 5844 in
1549 5787 1727 5856 pretio
1780 5784 2077 5857 habebat),

2183 4607 2520 4678 θνήσκοντας
2575 4605 2857 4676 περιϊδεῖν.
2889 4599 2984 4666 Οἷς
3009 4604 3226 4673 ἐκείνην
3254 4601 3443 4671 ὥσπερ
3473 4605 3630 4666 εἰκὸς
3659 4621 3782 4655 πει-

2180 4699 2402 4752 σθεῖσαν
2447 4698 2552 4751 ὒπὸ
2599 4697 2752 4757 δέους
2798 4697 2975 4766 ῥᾷστα
3005 4712 3064 4747 τε
3099 4697 3321 4748 ἐκεῖνον
3368 4695 3776 4766 διαστήσεσθαι

2180 4796 2277 4848 καὶ
2303 4793 2393 4846 τὸν
2422 4781 2659 4858 πόλεμον
2690 4789 2826 4858 ἡμῖν
2856 4787 2948 4840 τὸν
2978 4788 3114 4856 πρὸς
3161 4788 3378 4840 ἐκεῖνον
3414 4788 3775 4858 ἐπιτρέψειν.

2181 4886 2388 4939 Τούτου
2434 4884 2491 4936 δὲ
2545 4882 2939 4952 γεγενημένου,
2973 4881 3125 4934 οὐδὲν
3159 4881 3313 4933 ἔσται
3351 4880 3413 4932 τὸ
3449 4882 3675 4934 κωλῦον
3711 4879 3774 4932 οὗ

2179 4977 2286 5030 τῶν
2358 4974 2828 5046 προσδοκωμένων
2883 4973 3074 5026 δεινῶν
3149 4971 3512 5042 ἀπηλλάχθαι
3585 4973 3770 5043 μόνον,

2180 5069 2316 5121 ἀλλά
2347 5068 2444 5121 καὶ
2491 5066 2663 5136 τύχης
2711 5065 2923 5132 ἀγαθῆς
2955 5065 3212 5134 ἀφορμὴν
3245 5065 3337 5115 τὴν
3378 5065 3524 5133 πρὸς
3560 5066 3774 5116 ἐκεῖνον

2183 5160 2417 5227 πόλεμον
2458 5156 2812 5226 ποιήσασθαι.
2844 5158 2967 5210 Ὅτι
3017 5156 3074 5208 δὲ
3123 5157 3221 5208 οὐκ
3272 5155 3456 5224 ἀληθῆ
3495 5156 3569 5208 τὰ
3621 5157 3777 5226 εἰρη-

2183 5248 2344 5318 μένα,
2375 5247 2433 5300 οὺ
2483 5247 2587 5317 χρὴ
2650 5250 2871 5300 σκοπεῖν
2919 5248 3045 5315 περὶ
3094 5245 3324 5298 ἐκείνου.
3355 5248 3434 5297 Οὐ
3483 5249 3600 5317 γὰρ
3645 5245 3776 5312 περὶ

2185 5340 2446 5412 ἀληθείας
2502 5340 2598 5393 καὶ
2643 5341 2873 5407 ψεύδους
2920 5342 3075 5410 ἡμῖν,
3099 5343 3389 5412 πρόκειται
3440 5340 3543 5393 νῦν
3600 5339 3780 5408 ἀγὼν,

2183 5432 2299 5484 ἀλλ’
2349 5431 2459 5483 εἴτε
2515 5430 2616 5500 ζῇν
2671 5431 2913 5492 εὐκλεῶς
2965 5433 3357 5502 καθῃρηκότας
3412 5432 3638 5482 ἐκείνου
3681 5429 3780 5498 τὴν

2183 5517 2377 5586 ὀφρῦν,
2425 5517 2536 5570 εἴτε
2584 5520 2952 5588 ἀποθνήσκειν
3003 5523 3203 5588 ὁμοίως
3252 5524 3366 5584 τοῖς
3419 5521 3522 5574 ἐπὶ
3579 5522 3779 5582 δεινοῖς

2182 5627 2326 5665 τισιν
2379 5609 2819 5673 ἑαλωκόσιν,ὲάν
2864 5614 3068 5676 ἐκεῖνος
3121 5612 3204 5665 ἔτι
3253 5612 3362 5666 τῶν
3414 5603 3775 5682 πραγμάτων

2183 5700 2350 5772 ἄρχῃ.
2383 5701 2474 5752 Διὸ
2504 5701 2652 5771 πάσῃ
2697 5703 2962 5772 χρηστέον
3006 5706 3222 5775 μηχανῇ
3260 5703 3356 5756 καὶ
3406 5705 3581 5758 παντὶ
3614 5703 3775 5758 πολέ-

2189 5806 2291 5860 μου
2353 5788 2486 5842 εῖδει
2553 5794 2885 5859 προσεκτέον
2944 5794 3166 5864 μᾶλλον,
3222 5795 3256 5866 ἢ
3311 5797 3448 5866 περὶ
3509 5795 3784 5850 τοιούτων
