4054 6482
409 325 516 400 813

1557 319 2104 398 ῐιῐετοΒιΑῐιῐιΜ
2144 323 2382 400 LIBER
2425 339 2537 404 Ill.

3579 340 3684 406 8M

413 453 867 521 μικρολογητέον,
902 453 936 506 ἃ
984 453 1259 524 μηδεμίαν
1303 453 1505 525 βλάϐην
1559 457 1696 523 ἔχει,
1735 456 1802 510 ἂν
1831 448 1994 524 ὧδεῆ

2112 456 2276 519 hunc,
2306 457 2552 527 inquam,
2589 459 2950 526 conveniens,
2983 451 3180 530 ecquid
3214 457 3282 517 de
3329 476 3390 517 se
3435 463 3685 519 audisset

407 546 612 614 ἑτέρως
668 545 857 613 ἔχωσι.
887 545 1106 607 Τούτοις
1166 547 1266 614 μὲν
1319 544 1414 598 οὖν
1469 545 1656 600 ἔπειθε
1711 547 1994 599 κάκεῖνον.
2056 554 2067 564 ·

411 639 524 691 Kal
568 639 741 705 πέρας
795 631 1093 706 ἧδη.εἶχεν
1145 638 1176 706 ἡ
1224 637 1510 708 ἐπιϐουλή.
1555 638 1756 690 Ἐδόκει
1787 638 1843 691 δὲ
1889 637 2000 690 δεῖν

409 730 508 782 καὶ
559 730 670 780 τῶν
722 729 1079 780 οἰκειοτάτων
1139 729 1374 796 βασιλίδι
1439 729 1591 792 τινάς
1641 727 2000 798 προσεταιρί-

415 821 635 878 σασθαι,
668 820 846 870 ἐκεῖνο
877 818 1094 882 ἐννοῶν,
1131 818 1205 880 ὡς
1238 821 1368 881 τοὺς
1401 819 1501 889 μὲν
1541 819 1734 884 ἄλλους
1772 819 1902 882 ἴσως
1933 820 2001 871 ἂν

415 912 811 966 ὑποπτεύσειεν
850 913 882 980 ἡ
926 909 1162 980 βασιλὶς,
1257 911 1410 978 φόϐῳ
1456 911 1489 979 ἦ
1543 911 1724 980 φθόνῳ
1773 909 2001 962 τοιαῦτα

413 1003 876 1073 ἑσκαιωρηκέναι.
909 1002 1030 1054 Τῶν
1086 1001 1442 1054 οἰκειοτάτων
1499 1001 1556 1052 δὲ
1609 1000 1779 1070 μηδὲν
1829 1017 2002 1052 κατα-

414 1095 569 1164 γνοίη
604 1096 670 1148 ἂν
716 1094 982 1158 τοιοῦτος,
1013 1095 1107 1148 καὶ
1145 1093 1223 1164 τῷ
1263 1094 1530 1164 Ζαμπέας
1579 1094 1681 1162 υίῷ
1725 1094 1758 1164 ἦ
1797 1094 1860 1145 ἐκ
1895 1092 2001 1146 Σα⁴

415 1185 588 1247 ϐωἲας
624 1184 856 1253 βασιλίδι
907 1185 1096 1235 εἵπετο
1138 1183 1343 1250 πολλῆς
1393 1184 1487 1235 καὶ
1535 1182 1686 1251 παρά
1736 1180 2004 1250 βασιλέως

416 1279 499 1330 ἔτι
531 1279 730 1340 ζῶντος
781 1274 1113 1328 ἀπολαύοντι
1160 1275 1261 1343 τῆς
1301 1274 1612 1343 εὐμενείας,
1649 1275 1728 1328 τά
1752 1291 1809 1327 τε
1841 1273 2000 1340 ἀλλα,

420 1370 517 1423 καὶ
550 1371 641 1422 διὰ
667 1367 766 1438 τὴν
796 1370 853 1420 ἐν
885 1369 1006 1428 ταῖς
1036 1367 1238 1436 μάχαις
1264 1366 1552 1438 εὐψυχίαν.
1586 1367 1698 1419 Καὶ
1730 1367 1868 1436 μετά
1902 1367 2003 1438 τὴν

421 1459 632 1512 ἐκείνου
680 1457 937 1532 τελευτὴν
990 1455 1227 1527 βασιλίδι
1275 1456 1740 1524 σπουδαζομένων
1788 1456 2001 1509 ἐκείνου

420 1567 480 1602 τε
532 1549 626 1602 καὶ
683 1545 784 1618 τῆς
843 1549 1055 1620 μητρὸς
1119 1547 1375 1618 Ἀρτώτῳ
1437 1548 2001 1619 προσαγορευομένῳ,

419 1641 596 1712 τούτῳ
640 1641 705 1710 δὴ
749 1641 1011 1711 ἐντυχὼν,
1037 1641 1092 1694 εί
1132 1642 1186 1694 τι
1230 1643 1359 1710 περὶ
1394 1638 1591 1693 ἑαυτοῦ
1623 1639 1791 1709 εἰδείη
1832 1640 2002 1692 ἐπυν-

419 1736 632 1791 θάνετο.
689 1732 779 1795 Ὠς
820 1735 876 1787 δὲ
937 1735 1148 1795 ἐκεῖνος
1192 1731 1402 1801 ἔφασκε
1456 1731 1651 1802 μηδὲν.
1697 1723 1838 1785 ‘AD.’
1869 1728 2000 1798 ἐγὼ,

2102 549 2445 618 exquirebat.
2486 549 2583 606 lllo
2616 560 2871 622 negante,
2907 552 3143 624 subjecit
3176 571 3190 607 :
3229 553 3342 624 Ego
3373 569 3504 609 vero
3545 561 3687 625 prae-

2102 652 2229 692 sens
2277 639 2484 704 audivi,
2518 655 2643 695 cum
2698 645 2929 712 magnus
2983 643 3324 698 domesnicus
3377 655 3571 700 contra
3632 656 3686 701 te

2103 739 2446 800 matremque
2481 739 2628 784 tuam
2661 731 3099 788 debaccharetur
3134 734 3342 799 multis,
3381 735 3688 791 Romanos-

2103 834 2210 887 que
2251 836 2458 891 magna:
2489 823 2755 878 fatuitatis
2803 833 3064 895 argueret
3099 843 3113 881 :
3149 826 3268 895 qui,
3298 842 3424 881 cum
3464 827 3529 882 ad
3579 843 3688 897 ρης

2103 909 2304 963 blicam
2330 915 2778 981 procurationem
2805 916 2884 970 uti
2904 916 3123 971 civibus
3151 928 3454 988 oporteret,
3480 930 3690 974 essent-

2103 1014 2214 1068 que
2248 1001 2303 1054 in
2355 1013 2614 1073 promptu
2657 1003 2788 1060 boni
2850 1006 2996 1069 viri,
3035 1007 3196 1063 bonae
3242 1009 3459 1065 feminae
3492 1027 3691 1080 magno

2105 1099 2364 1158 numero,
2403 1095 2480 1148 illi
2503 1097 2692 1151 nescio
2723 1114 2992 1168 quorsum
3017 1102 3150 1165 acti,
3183 1101 3347 1173 412
3386 1103 3471 1157 vel
3503 1105 3693 1172 potius

2106 1186 2448 1253 imperatrici
2502 1187 2810 1256 adulantes,
2865 1190 3116 1245 ArtOtum
3150 1230 3166 1255 ,
3200 1201 3256 1246 et
3286 1195 3403 1263 ejus
3434 1205 3688 1256 matrem,

2107 1274 2361 1332 homines
2413 1292 2638 1333 exteros
2690 1295 2755 1335 ac
2785 1281 3035 1350 plebeios
3065 1283 3412 1340 adhiberent.
3443 1288 3690 1354 Impera-

2107 1369 2214 1422 tori
2245 1369 2457 1424 viventi
2482 1409 2497 1435 ,
2545 1371 2750 1441 inquit,
2793 1389 2858 1428 ac
2888 1389 2988 1444 pro
3013 1384 3283 1445 potestate
3311 1377 3581 1447 quidquid
3607 1378 3692 1432 in-

2106 1460 2317 1517 cideret
2373 1462 2706 1527 moderanti,
2740 1474 2929 1520 contra
2987 1466 3176 1522 dicere
3228 1468 3311 1522 fas
3359 1485 3468 1523 non
3523 1481 3690 1524 erat:

2107 1563 2276 1615 nunc,
2317 1550 2539 1620 quando
2570 1566 2784 1605 summa
2811 1552 3023 1622 imperii
3069 1554 3136 1608 ad
3163 1569 3251 1610 me
3289 1547 3535 1620 devenit,
3580 1573 3692 1612 non

2107 1637 2288 1711 pa'tiar
2327 1656 2357 1695 a
2414 1643 2640 1709 talibuS,
2700 1653 2965 1712 tanquam.
2991 1660 3020 1699 a
3050 1645 3190 1700 fucis
3233 1649 3546 1702 communia
3583 1649 3696 1702 Ro-

2111 1746 2403 1786 manorum
2436 1732 2580 1788 bona
2634 1733 2876 1800 absumi,
2935 1736 3031 1789 sed
3066 1747 3192 1807 post
3223 1738 3458 1792 reditum
3509 1757 3693 1796 meum

417 1821 598 1892 εἷπεν,
634 1828 823 1888 αὐτοῖς
868 1823 1001 1876 ὠσὶν
1030 1825 1268 1892 ἀκήκοα,
1294 1821 1388 1875 τοῦ
1419 1821 1658 1890 μεγάλου
1680 1821 2004 1891 δομεστίκου

2113 1823 2325 1904 triremi
2358 1824 2669 1894 impositos,
2707 1826 2853 1880 unde
2881 1827 3254 1890 advenerunt‘.
3283 1845 3352 1885 eo
3392 1833 3692 1888 remittam.

417 1921 596 1974 πολλά
653 1918 750 1972 σοῦ
817 1917 912 1971 καὶ
966 1917 1066 1986 τῆς
1127 1915 1336 1986 μητρὸς
1391 1914 1866 1985 καταφερομένου,
1912 1915 2006 1968 καὶ

419 2014 626 2084 πολλὴν
678 2011 940 2082 εὐήθειαν
992 2007 1506 2076 καταγινώσκοντος
1560 1998 1874 2077 Ῥωμαίων,
1923 2005 2006 2065 ὅτι

419 2109 537 2162 δέον
569 2107 706 2179 πρὸς
734 2105 844 2158 τῶν
868 2103 1065 2157 κοινῶν
1086 2102 1185 2172 τὴν
1205 2101 1531 2170 ἐπιμέλειαν
1560 2100 1674 2162 τοῖς
1702 2097 2003 2168 ὁμοφύλοις

423 2200 681 2272 χρῆσθαι,
730 2199 822 2251 καὶ
854 2196 1084 2267 ἀνδράσι
1133 2193 1226 2246 καὶ
1283 2191 1505 2260 γυναιξὶ
1555 2191 1772 2252 πολλοῖς
1821 2205 1880 2242 τε
1913 2188 2008 2242 καὶ

426 2293 648 2362 ἀγαθοῖς
684 2289 826 2354 οὖσι,
865 2288 914 2342 οἶ
949 2287 994 2341 δ’
1029 2285 1130 2339 οὐκ
1168 2282 1266 2338 οἶδ’
1297 2286 1324 2339 δ
1361 2301 1414 2337 τι
1448 2281 2008 2352 παθόντες,Ἀρτώτῳ

429 2385 668 2455 χρῶνται
743 2381 840 2434 καὶ⁵
907 2379 1100 2450 μητρὶ,
1156 2375 1472 2446 ἀνθρώποις
1532 2375 1857 2443 ἀλλοφύλοις
1913 2375 2009 2427 καὶ

421 2477 573 2530 οὐδὲν
612 2477 836 2544 ἄμεινον
889 2469 1260 2540 διακειμένοις
1317 2467 1428 2520 τῶν
1485 2467 1702 2519 πολλῶν
1755 2465 2009 2536 βασιλίδα

309 2603 316 2610 -
423 2569 846 2641 θεραπεύοντες.
897 2565 1040 2620 Ἀλλ’
1072 2564 1178 2626 ἕως
1230 2561 1333 2632 μὲν
1391 2561 1472 2614 ἔτι
1517 2561 1721 2631 περιῆν
1768 2561 1795 2611 ὁ
1845 2559 2006 2642 βασι-

423 2661 756 2726 λεὺς,οὐδέν
807 2657 1118 2724 ἀντιλέγειν
1177 2649 1266 2726 ἦν,
1313 2654 1425 2706 πᾶν
1481 2652 1544 2704 τὺ
1601 2651 2010 2721 παριστάμενον

426 2759 545 2813 κατ’
575 2755 830 2820 ἐξουσίαν
869 2751 1190 2822 πράττοντι.
1223 2749 1358 2802 Νυνὶ
1394 2747 1450 2800 δὲ
1484 2747 1563 2808 είς
1590 2744 1691 2814 ἐμὲ
1720 2744 1831 2798 τῶν
1865 2760 2012 2814 πρα-

426 2851 653 2920 γμάτων
710 2848 808 2916 τῆς
865 2844 1042 2915 ἀρχῆς
1097 2839 1498 2912 περιηκούσης,
1558 2838 1618 2890 οὐ
1669 2835 2009 2906 περιόψομαι

431 2945 531 2995 ὑπὸ
572 2940 855 3003 τοιούτων,
901 2937 1096 3006 ὥσπερ
1149 2933 1412 3002 κηφήνων
1457 2930 1523 2984 τὰ
1566 2929 1860 2998 Ῥωμαίων
1908 2945 2008 2981 κα-

426 3031 860 3101 ταναλισκόμενα
905 3029 1061 3081 κοινά
1087 3040 1102 3056 ⁶
1139 3024 1254 3079 ἀλλ’
1290 3022 1584 3092 ἐνθέμενος
1615 3010 1834 3090 τριήρει
1867 3023 2008 3090 μετά

2112 1914 2321 1969 Praeter
2349 1925 2547 1970 caetera
2583 1929 2806 1985 quoque
2845 1916 3194 1974 timiditatem
3221 1930 3371 1974 tuam
3394 1932 3448 1974 et
3475 1922 3529 1976 in
3557 1939 3698 1992 pra:-

2109 2005 2187 2060 lio
2222 2007 2497 2077 ignaviam
2531 2007 2914 2077 reprehendit.
2963 2009 3062 2067 Ast
3089 2026 3194 2080 ego
3226 2019 3372 2067 tanta
3404 2013 3695 2083 iniquitate

2109 2097 2377 2165 oll'ensus,
2402 2107 2566 2169 teque
2594 2099 2918 2169 majoribus,
2949 2117 3115 2171 quam
3147 2119 3177 2156 a
3203 2104 3467 2160 Romanis
3501 2107 3692 2171 habes,

2109 2188 2335 2259 dignum
2361 2191 2563 2254 sciens,
2591 2190 2756 2245 etiam
2794 2194 2958 2248 (illam
2997 2209 3174 2248 meam
3203 2194 3302 2260 tibi
3327 2196 3379 2248 in
3407 2197 3694 2250 matrimo-

2110 2280 2265 2334 nium
2293 2281 2460 2349 dabo,
2493 2297 2595 2338 nec
2629 2295 2856 2355 propter
2882 2284 3172 2354 pristinam
3213 2283 3483 2339 duntaxat
3506 2288 3698 2341 amici-

2113 2373 2267 2437 tiam,
2300 2373 2399 2428 sed
2433 2385 2658 2444 propter
2687 2376 2969 2431 atlinitatis
2995 2391 3216 2446 quoque
3246 2377 3694 2448 eonjunctionem

2115 2470 2208 2515 tua
2263 2479 2427 2519 causa
2493 2465 2690 2520 faciam
2747 2467 2956 2521 omnia.
3001 2467 3156 2521 lllico
3211 2469 3589 2538 juramentum
3639 2479 3696 2523 et

2115 2554 2318 2610 bullam
2353 2556 2576 2627 adjicit,
2629 2571 2740 2628 quo
2795 2558 3002 2613 certior
3043 2558 3210 2612 dictis
3254 2559 3387 2614 fides
3426 2572 3593 2614 esset.
3622 2561 3697 2616 Ut

2114 2647 2397 2702 hominem
2437 2648 2694 2703 Latinum
2751 2650 2818 2704 ad
2886 2666 3040 2705 suam
3094 2650 3384 2708 factionem
3425 2653 3694 2722 adjunxit,

2113 2752 2239 2791 eum
2273 2739 2549 2803 hortatur,
2599 2739 2791 2794 eadem
2839 2740 3001 2794 matri
3036 2741 3321 2807 referens,
3353 2742 3501 2796 illam
3545 2757 3696 2798 com-

2118 2840 2360 2894 moveat,
2390 2840 2452 2885 ut
2479 2840 2590 2885 tota
2624 2840 2808 2887 mente
2856 2833 3119 2902 omnique
3155 2848 3260 2902 ope
3301 2834 3562 2899 enitatur,
3587 2851 3700 2905 quo

2115 2921 2526 2991 imperatrlcem
2559 2924 2746 2994 magni
2789 2924 3079 2980 domestici
3129 2927 3258 2980 odio
3304 2927 3695 2982 inﬂammaret.

2115 3015 2232 3069 Alia
2258 3017 2388 3071 item
2407 3017 2554 3086 apud
2588 3019 2728 3073 alios
2751 3019 2895 3074 dicta
2921 3020 3183 3076 annectit.
3208 3024 3386 3092 Atque
3416 3023 3532 3078 haec
3563 3041 3700 3094 qua-

427 3127 523 3197 τὴν
559 3123 843 3184 ἐπάνοδον,
891 3118 1028 3189 πρὸς
1073 3118 1172 3182 τὴν
1221 3115 1434 3169 οἰκείαν
1481 3113 1821 3211 άπρπέμψω.
1852 3111 2009 3211 ’Πρὸς

2120 3109 2326 3172 triduo,
2361 3119 2654 3179 postquam
2688 3110 2896 3180 Byzant
2921 3127 3011 3166 um
3043 3114 3214 3176 venit,
3269 3129 3369 3183 per
3415 3115 3602 3170 dolum
3643 3130 3702 3172 et

427 3196 538 3277 τοῖς
570 3213 752 3270 ἄλλοις
774 3211 830 3264 δὲ
855 3209 951 3262 καὶ
983 3206 1189 3260 δειλίαν
1226 3221 1320 3257 σου
1362 3196 1669 3272 κατηγόρει
1705 3203 1803 3254 καὶ
1840 3201 2007 3253 ἀναν-

423 3310 580 3380 δρίαν
610 3310 668 3362 ἐν
693 3307 817 3366 ταῖς
865 3305 1089 3373 μάχαις.
1135 3299 1275 3368 Ἐγὼ
1308 3298 1365 3350 δὲ
1412 3298 1550 3367 πρὸς
1598 3297 1698 3364 τὴν
1737 3292 2009 3363 τοσαύτην

427 3401 642 3454 ἀδικίαν
691 3394 1002 3467 ἀχθεσθεὶς,
1041 3391 1309 3462 μειζόνων
1349 3406 1409 3441 τε
1457 3387 1609 3452 ἄξιον
1657 3387 1690 3458 ἢ
1741 3381 1816 3439 ὦν
1851 3384 2006 3452 παρά

439 3491 734 3560 Ῥωμαίοις
764 3488 1055 3554 τυγχάνειν
1081 3481 1262 3544 εἰδὼς,
1296 3482 1391 3534 καὶ
1421 3479 1518 3550 τὴν
1565 3479 1844 3548 θυγατέρα
1872 3494 2012 3548 προ-

430 3584 618 3652 θύμως
663 3599 747 3634 σοι
796 3580 932 3650 πρὸς
986 3577 1166 3646 γάμον
1210 3573 1479 3627 ἐκδιδόναι
1518 3571 1649 3641 ἔχω,
1691 3573 1783 3624 καὶ
1833 3571 2014 3623 πάντα

2119 3198 2367 3252 fraudein
2396 3200 2620 3253 struxit.
2652 3200 2899 3270 Cumque
2945 3202 3193 3271 singulos
3224 3219 3366 3273 quos
3395 3208 3702 3260 nominavi-

2121 3304 2262 3353 mus,
2308 3290 2419 3360 jam
2460 3290 2702 3345 irretitus
2733 3301 2965 3357 teneret,
2995 3292 3062 3346 de
3088 3293 3305 3364 integro
3334 3311 3429 3350 eos
3457 3299 3702 3351 concfta-

2118 3377 2236 3444 bat,
2276 3380 2429 3446 dum,
2465 3382 2558 3452 qui
2587 3383 3077 3452 subscripsissent,
3103 3386 3442 3439 circumiens
3470 3388 3702 3456 singulis

2119 3483 2442 3538 enarraret;
2497 3475 2866 3544 monebatquc
2902 3477 2982 3530 uti
3028 3477 3402 3531 communiter
3428 3479 3702 3534 deliberaa

2120 3575 2264 3627 rent,
2307 3565 2452 3620 unde
2488 3567 2835 3622 cummodius
2868 3567 3072 3622 bellant
3103 3569 3450 3624 ordirentur.

429 3678 692 3748 πράττειν
725 3675 829 3728 ὑπὸ
857 3671 952 3725 σοῦ
999 3671 1060 3724 ού
1115 3668 1205 3721 διὰ
1246 3667 1349 3738 τὴν
1386 3666 1660 3737 προτέραν
1700 3661 1884 3730 φιλίαν
1943 3660 2128 3730 μόνον,
2162 3659 2298 3712 ἀλλὰ
2364 3662 2459 3712 καὶ
2526 3660 2620 3712 τοῦ
2657 3660 2855 3728 κήδους
2885 3662 3070 3716 ἕνεκα.
3105 3663 3215 3715 Kal
3244 3663 3448 3727 εὐθέως
3502 3665 3701 3734 ὅρκους

428 3787 488 3824 τε
518 3772 628 3832 τοῖς
659 3767 973 3838 λεγομένοις
1039 3759 1374 3833 προσετίθει,
1435 3759 1532 3812 καὶ
1593 3757 1882 3823 ἐγκόλπιον
1913 3755 2176 3824 παρεῖχεν
2222 3755 2301 3814 είς
2344 3753 2566 3822 ἀσφαλῆ
2605 3754 2715 3808 τῶν
2739 3755 3052 3824 λεγομένων
3118 3756 3324 3812 πίστιν.
3377 3755 3461 3820 Ὠς
3485 3759 3542 3811 δὲ
3576 3777 3702 3812 συν-

430 3863 659 3932 θέμενον
705 3863 798 3913 τὸν
843 3859 1071 3912 Λατῖνον
1119 3849 1256 3924 εἶχε,
1310 3849 1546 3923 παρῄνει
1594 3853 1662 3921 τῇ
1720 3847 1890 3919 μητρὶ⁵
1933 3847 2004 3899 τὰ
2042 3846 2314 3935 είρημένα
2383 3847 2800 3913 ἀπαγγείλαντα
2848 3849 3062 3901 πείθειν
3108 3850 3305 3920 αὐτὴν,
3378 3852 3527 3921 πάσῃ
3561 3853 3698 3921 χρή-

431 3960 628 4013 σασθαι
668 3958 763 4010 καὶ
785 3951 1000 4022 ἐπινοίᾳ
1056 3949 1151 4002 καὶ
1183 3946 1412 4017 σπουδῇ,
1476 3943 1619 3996 ὥστε
1690 3943 2079 4012 ἐκπολεμῶσαι
2120 3939 2372 4010 βασιλίδα
2401 3942 2481 4010 τῷ
2528 3942 2750 4012 μεγάλῳ
2783 3942 3120 4012 δομεστίκῳ.
3155 3944 3264 3997 Καὶ
3297 3946 3467 3999 τᾶλλα
3501 3964 3701 4016 προπερ

430 4053 568 4105 τίθει
601 4051 635 4104 ἃ
669 4052 780 4109 τοῖς
829 4046 1007 4109 ἄλλοις
1047 4045 1234 4115 εἴρητο
1267 4039 1438 4110 αὐτῷ.
1465 4039 1546 4091 Τὰ
1575 4037 1632 4090 δὲ
1656 4036 1888 4090 τοιαῦτα
1915 4037 1997 4099 είς
2037 4035 2310 4106 τετάρτην
2380 4036 2598 4104 ἡμέραν
2647 4035 2706 4101 ἐξ
2769 4030 2838 4106 ἦς
2880 4031 3015 4105 ἧκεν
3085 4039 3166 4098 είς
3209 4038 3503 4102 Βυζάντιον
3552 4043 3702 4110 αὐτῴ

434 4142 884 4206 συνεσκευάζετο.
930 4139 1041 4190 Kal
1085 4135 1213 4188 ἐπεὶ
1263 4132 1470 4186 καθένα
1544 4131 1672 4192 τοὺς
1715 4129 2046 4198 εἰρημένους
2088 4123 2203 4198 εἶχε
2273 4126 2698 4198 πεπεισμένους,
2725 4126 2884 4189 αὖθις
2920 4129 3148 4180 συνίστα
3193 4131 3318 4192 τοὺς
3349 4131 3544 4199 ὁμοίαν
3575 4135 3705 4202 περὶ

432 4241 527 4294 τοῦ
583 4239 824 4306 πολέμου
885 4234 1113 4303 γνώμην
1145 4230 1369 4300 ἔχοντας
1412 4227 1628 4294 ἑκάστῳ
1695 4225 2081 4293 ἀπαγγέλλων.
2125 4224 2368 4296 Παρῄνει
2413 4241 2474 4277 τε
2517 4226 2671 4293 κοινῇ
2725 4222 3220 4293 βουλευσαμένους,
3256 4224 3380 4280 ὄθεν
3417 4226 3482 4282 ἂν
3516 4229 3704 4304 δοκοῖῃ

439 4333 646 4403 βέλτιον
682 4330 776 4382 τὸν
804 4326 1040 4396 πόλεμον
1075 4323 1268 4374 κινεῖν.

1872 4434 2096 4492 CAPUT
2140 4434 2260 4490 XX.

435 4545 856 4615 Conjurutornm
884 4550 1027 4593 astus
1053 4541 1107 4593 in
1143 4531 1892 4615 imperatricenconvenienda.
1919 4531 2198 4615 Accusatio
2245 4531 2429 4615 magna:
2467 4527 2759 4582 domestici.
2809 4526 3171 4615 imperatrjfis
3218 4533 3600 4615 ueransuspicio
3650 4543 3700 4587 et

509 4597 870 4668 interdictum.
899 4611 1062 4663 Asani
1098 4597 1310 4660 Arto'tus
1337 4621 1455 4656 cum
1483 4602 1718 4671 Zampea
1755 4609 1924 4653 matre
1949 4602 2202 4653 succedit.
2236 4597 2639 4671 His‘CItumnus
2667 4615 2785 4652 cum
2807 4597 2942 4671 ﬁlio,
2979 4609 3027 4650 et
3063 4597 3306 4671 Manuale
3329 4597 3698 4656 Cantacuzenc

506 4699 716 4754 genero.
759 4686 949 4737 Omnes
981 4679 1318 4749 rejiciuntur,
1353 4689 1479 4742 quos
1514 4669 1856 4741 Apocauchas
1888 4671 2198 4752 audaciores
2225 4671 2370 4752 facit.
2406 4669 2668 4724 Postremi
2703 4670 3033 4758 patriarcha;
3062 4677 3110 4721 et
3142 4670 3472 4725 Andronicus
3500 4676 3703 4758 ᾼεαηιςε

511 4739 663 4823 Quasi
700 4753 870 4805 triarii
901 4739 1380 4816 cam’imperatricé
1435 4739 1707 4795 decertant
1734 4749 1782 4793 et
1824 4755 1944 4793 eam
1995 4742 2240 4805 vincunt,-
2291 4742 2369 4793 ita
2429 4748 2628 4806 tamen,
2660 4750 2716 4792 ut
2756 4755 2820 4792 ex
2872 4739 3143 4793 Occidente
3190 4756 3454 4795 reversam
3506 4744 3702 4805 iudicio

505 4821 873 4878 arcessendam
898 4821 1165 4873 decernat.

509 4943 620 4997 Kal
649 4941 772 4994 ἐπεὶ
814 4937 951 5008 πρὸς
990 4934 1345 5004 πατριάρχην
1381 4926 1539 5002 ἧκον,
1570 4928 1745 4981 ἐδόκει
1776 4926 1904 4989 δεῖν,
1941 4925 2009 4994 μὴ

2193 4923 2264 4978 Ut
2299 4925 2363 4979 ad
2395 4925 2763 4994 patriarcham
2790 4933 3084 4988 venerunt,
3113 4925 3340 4994 placuit,
3366 4941 3477 4979 non
3509 4941 3702 4980 omnes

436 5037 668 5106 ἀθρόους
723 5026 1092 5097 ἀπαγγέλλειν
1151 5022 1388 5093 βασιλίδι
1436 5019 1472 5073 ἃ
1523 5018 1848 5086 ἐσκέψαντο,
1877 5015 2009 5068 ἀλλά

2116 5016 2279 5070 simul
2315 5017 2677 5072 clandestinis
2726 5019 2929 5087 agitata
2978 5016 3228 5072 consiliis
3266 5031 3563 5086 exponere,
3603 5018 3699 5070 sed

438 5127 560 5181 κατ’
605 5125 818 5192 ὀλίγους
868 5116 1216 5189 προσιόντας,
1255 5113 1341 5166 ἵνα
1400 5112 1530 5182 μήθ’
1561 5110 1802 5178 ὑποψίαν
1849 5107 2009 5176 παρέ-

2116 5123 2325 5176 paucos
2374 5123 2471 5176 per
2498 5108 2904 5162 successionem
2950 5108 3017 5161 ad
3067 5123 3188 5162 eam
3226 5108 3400 5174 adire,
3435 5121 3493 5162 ut
3523 5125 3702 5177 neque

437 5217 582 5290 χοιέν
629 5233 772 5278 τινα,
809 5212 947 5266 ἀλλὰ
987 5209 1081 5263 καὶ
1136 5207 1338 5277 μᾶλλον
1377 5202 1814 5271 καταπλήττοιεν
1857 5215 2009 5251 συνε·

2121 5200 2488 5269 suspicionem
2513 5199 2752 5267 aliquam
2783 5200 3000 5261 darent,
3039 5199 3132 5253 sed
3171 5198 3342 5269 magis
3372 5214 3493 5253 eam
3527 5209 3700 5252 terre~

439 5278 548 5382 χῶς
589 5326 649 5360 τε
695 5304 961 5376 περὶτῶν
1005 5299 1186 5353 αὐτῶν
1233 5295 1634 5362 διαλεγόμενοι,
1669 5293 1768 5343 καὶ
1817 5290 2009 5359 μᾶλλον

2122 5300 2267 5350 rent,
2315 5289 2446 5343 dum
2499 5289 2698 5343 crebro
2748 5290 2816 5344 de
2856 5289 3053 5344 iisdem
3112 5291 3472 5354 dissererent,
3519 5301 3573 5345 et
3633 5293 3700 5343 ad

441 5401 677 5454 πείθοιεν
729 5395 908 5468 ἀληθῆ
958 5390 1203 5462 νομίζειν
1231 5389 1299 5441 τὰ
1347 5387 1452 5439 ὑπο
1497 5385 1713 5436 πολλῶν
1751 5383 2020 5444 ὡσαύτως

440 5493 730 5562 εἰρημένα.
771 5487 1050 5540 Ἐδέδοκτο
1091 5483 1158 5551 δὴ
1200 5481 1435 5549 ’Δσάνην
1471 5477 1690 5547 πρῶτον
1718 5476 1811 5528 τὸν
1844 5474 2020 5544 μέγαν

442 5583 610 5636 δοῦκα
636 5583 728 5635 καὶ
754 5578 1166 5632 Κωνσταντίνον
1189 5573 1282 5626 τὸν
1312 5571 1541 5638 ἀδελφὸν
1600 5567 1900 5639 προσάγειν
1923 5564 2021 5634 τὴν

445 5680 641 5747 πεῖραν
677 5672 926 5743 βασιλίδι.
955 5666 1354 5740 Προσελθόντες
1383 5658 1699 5730 τοιγαροῦν,
1729 5661 1822 5711 καὶ
1850 5658 2021 5710 πολλά

444 5767 574 5837 περὶ
617 5765 716 5834 τῆς
767 5765 846 5825 είς
882 5762 1053 5832 αὐτὴν
1099 5757 1312 5821 εὐνοίας
1354 5757 1452 5810 καὶ
1504 5751 1729 5826 βασιλέα
1789 5751 2021 5819 προδια-

2123 5381 2460 5436 credendum
2494 5391 2752 5448 tanquam
2783 5383 2932 5436 veris
2954 5381 3326 5450 impellerent,
3353 5382 3480 5452 quia
3509 5397 3538 5434 a
3564 5382 3705 5436 mul-

2127 5482 2196 5533 tis
2217 5479 2408 5532 eadem
2444 5485 2822 5531 narrarentur.
2850 5476 3121 5532 Convenit
3144 5487 3350 5542 autem,
3378 5489 3438 5532 ut
3463 5479 3702 5532 lsaacius

2128 5585 2357 5639 magnus
2421 5569 2570 5630 dux,
2615 5576 2669 5620 ct
2719 5566 3116 5621 Constantinus
3165 5567 3286 5636 ejus
3342 5568 3514 5621 frater
3564 5571 3703 5623 Am-

2126 5673 2224 5710 ncs
2265 5657 2423 5724 primi
2479 5655 2725 5709 animum
2779 5657 3038 5723 Augusta:
3088 5657 3563 5724 periclitarentnr.
3599 5660 3702 5723 Qui
3777 5697 3783 5710 .

2129 5750 2381 5818 ingressi,
2437 5755 2492 5801 et
2545 5745 2796 5816 pluribus
2831 5749 2898 5802 de
2954 5763 3051 5802 sua
3101 5748 3152 5806 in
3189 5749 3361 5815 ipsum
3419 5749 3703 5818 liliumque
