4054 6462
430 348 546 412 ἔ815

1614 349 1859 414 JOANN
1870 351 1940 410 IS
1979 341 2506 410 CANTACUZENI

3597 337 3703 404 816

440 467 832 535 imperatorem
862 465 1145 520 voluntate
1180 465 1414 537 prmfati,
1452 481 1512 524 se
1546 483 1709 524 nosse
1741 468 2016 531 dicebant,

2132 466 2415 536 λεχθέντες
2464 462 2556 516 τὸν
2612 460 2750 529 υἰδν,
2784 458 2978 515 ἔπειτά
3015 459 3228 530 ἔφασαν
3270 456 3361 512 τδν
3404 455 3576 528 μέγαν
3620 454 3708 506 δο-

439 569 699 625 magnum
748 554 1116 611 domesticum
1170 557 1275 612 sibi
1319 558 1482 631 413
1534 558 1834 630 imperium
1880 575 2029 614 asse-

438 660 584 712 rere,
645 655 703 702 et
750 647 906 702 brevi
958 649 1196 720 cogitata
1246 652 1644 721 perfecturum.
1696 651 1851 718 Quod
1902 666 2026 706 cum

439 739 884 810 indignissimum
905 750 1172 806 statuant,
1194 741 1470 812 judicasse
1495 743 1722 797 minime
1744 741 2023 813 tegendas,

439 833 534 888 sed
575 833 629 887 in
663 841 913 902 apertum
944 834 1592 904 proferendas’iusidias,
1622 844 1681 888 ut
1714 850 1772 889 re
1803 847 2027 903 perspe-

441 933 552 987 cta,
602 912 754 979 et'de
803 940 860 978 se
899 924 1013 995 ipsa
1079 939 1133 980 et
1178 927 1246 982 de
1299 926 1491 981 liberis
1539 925 1684 996 quod
1726 940 1863 994 opus
1895 909 2023 986 erit,

440 1015 726 1071 decernat.
764 1015 882 1070 Non
935 1016 1081 1070 enim
1136 1031 1222 1071 res
1262 1032 1458 1085 parvas
1492 1016 1547 1069 in
1598 1016 1893 1069 discrimen
1927 1031 2024 1068 vo-

441 1092 578 1167 cari,
620 1104 724 1157 sed
784 1104 835 1158 id
901 1107 1012 1174 agi,
1067 1115 1250 1160 utrum
1301 1123 1424 1159 cum
1482 1105 1749 1176 dignitate
1814 1105 2021 1168 vivant,

439 1202 656 1274 retento
689 1195 942 1266 imperio,
975 1198 1121 1268 quod
1162 1199 1286 1268 jure
1328 1210 1555 1268 paterno
1584 1198 1801 1251 illorum
1822 1196 1913 1262 sit,
1955 1214 2021 1249 an

442 1298 567 1336 cum
593 1283 864 1341 dedecore
906 1286 1181 1341 intereant
1243 1287 1362 1358 ejus
1413 1286 1648 1353 insidiis,
1686 1286 1779 1355 qui
1810 1302 2023 1342 summa

437 1389 622 1427 rerum
661 1376 1122 1437 administranda,
1162 1386 1365 1431 tantam
1394 1378 1499 1431 sibi
1539 1377 1841 1447 potentiam
1875 1393 2026 1431 como

436 1468 665 1535 pararit.
721 1468 1073 1538 lmpcratrix,
1113 1470 1429 1538 sustiieione
1487 1470 1778 1524 veritatem
1847 1469 2023 1537 ipsam

436 1557 740 1627 attingens,
796 1573 905 1611 non
940 1559 1108 1613 modo
1158 1560 1562 1629 querimoniam
1594 1576 1701 1615 non
1745 1559 2021 1630 probavit,

435 1650 530 1704 sed
577 1664 697 1704 eam
735 1659 1002 1719 praeterea
1045 1654 1161 1706 visa
1194 1660 1279 1706 est
1324 1651 1554 1708 moleste
1603 1652 1774 1718 ferre,
1808 1667 2019 1720 eosque

435 1740 745 1805 admonuit,
784 1748 846 1794 ut
879 1740 965 1795 his
1012 1742 1503 1798 criminationibus
1546 1742 2015 1812 superscderent:

433 1832 703 1902 quidquid
732 1833 881 1888 enim
920 1833 987 1889 de
1014 1850 1211 1905 magno
1242 1835 1547 1891 domestico
1577 1811 1812 1897 dicatur,
1843 1832 2017 1900 ipsam
2053 1811 2093 1865 Β

432 1920 506 1974 ab
535 1937 599 1976 eo
633 1922 865 1977 distrahi
918 1939 980 1978 ac
1009 1924 1279 1979 dissidere
1307 1940 1414 1977 non
1441 1938 1620 1991 posse,
1652 1937 1773 1992 qua:
1803 1936 1932 1977 vera
1961 1929 2019 1975 et

432 2025 834 2079 consentanea,
865 2032 975 2070 non
1005 2017 1384 2071 commentitia
1408 2016 1474 2069 de
1506 2015 1600 2069 illo
1625 2016 1783 2083 plane
1807 2013 2019 2069 credat.

444 2104 739 2176 Postquam
794 2108 850 2162 hi
899 2108 1148 2164 frustrati
1199 2115 1567 2174 recesserunt,
1619 2106 1846 2161 Artatus
1891 2122 2018 2162 cum

434 2210 608 2254 matre
650 2201 933 2264 mittitur,
983 2201 1077 2271 qui
1117 2200 1309 2255 eadem
1364 2208 1676 2265 narrantes,
1720 2211 2017 2272 antequam

426 2291 801 2358 absolverent,
848 2306 974 2346 cum
1026 2292 1134 2347 bile
1187 2301 1243 2346 et
1290 2296 1576 2347 stomacho
1622 2295 1808 2363 njccti
1867 2303 2016 2349 sunt.

430 2379 706 2435 Postridie
759 2379 1050 2436 Chumnus
1082 2396 1206 2434 eum
1258 2380 1370 2434 ﬁlio
1410 2391 1467 2436 et
1516 2399 1721 2453 genero
1765 2383 2017 2438 Mannele

426 2470 815 2526 Cantacuzeno
868 2473 1029 2537 duce,
1078 2483 1136 2526 et
1186 2470 1389 2527 Gabala
1446 2475 1679 2535 accedit,
1714 2475 1871 2544 quasi
1921 2475 2015 2543 qui

429 2562 713 2617 rerentiu‘s
765 2564 1050 2632 quidpiam
1110 2563 1447 2618 rescierint:
1492 2564 1760 2633 explicate
1810 2578 2018 2617 memo-

428 2659 577 2716 rant,
623 2665 730 2704 non
765 2651 1154 2715 desidendum,
1196 2651 1289 2705 sed
1337 2650 1405 2703 ad
1436 2651 1547 2702 vim
1586 2649 2014 2718 propulsandam

427 2742 868 2812 exsurgendum,
898 2757 957 2796 se
988 2744 1221 2811 pecunia
1254 2753 1309 2798 et
1338 2744 1506 2798 armis
1535 2744 1741 2820 bellum
1776 2743 2013 2799 foturos.

425 2822 563 2891 Nam
594 2850 717 2889 cum
745 2834 1184 2889 benevolentiam
1235 2836 1509 2906 [idemque
1546 2837 1862 2905 imperatori
1887 2835 2014 2891 inde

426 2944 456 2984 a
492 2921 726 2999 pueritia
770 2928 1118 2996 navaverint,
1154 2939 1264 2983 tam
1294 2929 1675 2985 incredibilem
1722 2929 2013 2984 audaciam

427 3022 573 3077 terre
615 3023 873 3092 nequire,
905 3022 1179 3092 tnalleque
1230 3027 1396 3077 etiam
1442 3023 1658 3077 animas
1687 3037 1816 3077 suas
1845 3021 2015 3092 proji-

2132 559 2393 630 μέσεικον
2422 555 2619 608 εἰδέναι
2647 555 2748 625 τὴν
2776 553 3059 625 βασιλείαν
3102 551 3282 622 ἑαυτῷ
3314 548 3708 619 περιποιούμε-

2128 669 2240 713 νον,
2274 651 2368 702 καί
2397 649 2522 702 ὅσον
2566 646 2783 699 οὐδέπω
2823 646 2923 715 τὴν
2963 645 3208 698 ἐπίνοιαν
3233 645 3314 708 εἰς
3348 642 3510 713 ἔργον
3554 639 3715 705 ἄγειν

2131 739 2555 812 βεϐουλημένον.
2600 738 2817 809 Ὄσπερ
2871 738 3055 799 αὐτοῖς
3082 741 3172 788 ’τε
3219 736 3356 803 ἀγαν
3404 734 3551 798 εδοξε
3600 733 3715 784 τῶν

2127 831 2470 897 δεινοτάτων,
2503 831 2600 884 καὶ
2630 831 2742 883 δεῖν
2797 831 2869 900 μὴ
2907 828 3342 897 συγκαλύπτειν,
3375 824 3510 879 ἀλλὰ
3539 824 3712 894 δήλην

2127 925 2225 995 τὴν
2279 924 2577 994 ἐπιϐουλὴν
2632 926 2826 987 ποιεῖν,
2888 921 2956 977 ἵν’
3010 923 3334 991 αἰσθομένη,
3392 922 3461 973 τά
3514 921 3708 972 δέοντα

2132 1018 2259 1088 περί
2309 1035 2367 1069 τε
2403 1016 2605 1085 ἑαυτῆς
2656 1015 3018 1085 βουλεύσηται
3076 1017 3167 1069 καὶ
3216 1016 3442 1068 τέκνων.
3475 1013 3549 1064 Ού
3602 1012 3715 1082 γάρ

2133 1115 2262 1184 περί
2295 1111 2510 1183 μικρῶν
2546 1130 2709 1165 τινων
2739 1107 2881 1165 εἶναι
2921 1112 3014 1164 τὸν
3063 1111 3306 1164 κίνδυνον
3352 1109 3556 1169 αὐτοῖς,
3589 1106 3707 1189 ἀλλ’

2130 1203 2242 1256 εἴτε
2285 1202 2387 1272 ζῇν
2424 1202 2606 1265 καλῶς
2633 1202 2733 1272 τῆς
2767 1203 2832 1255 ὲκ
2881 1199 3141 1271 πατρῴου
3175 1201 3379 1270 κλήρου
3410 1196 3716 1268 www.c-

2131 1314 2231 1366 σης
2283 1280 2580 1365 ἐχομένους
2632 1294 2936 1365 βασιλείας,
2986 1295 3018 1364 ἢ
3076 1292 3449 1361 ἀποθνήσκειν
3500 1286 3715 1348 ἀκλεῶς

2127 1386 2618 1449 ὲπιῦουλευθέντας
2659 1387 2752 1438 ὑπ’
2791 1387 3004 1438 ἐκείνου
3054 1384 3287 1453 δύναμιν
3329 1383 3599 1448 τοσαύτην
3649 1382 3714 1432 ἐκ

2124 1478 2218 1532 τοῦ
2247 1479 2355 1530 τῶν
2392 1478 2739 1547 πραγμάτων
2770 1477 2961 1546 ἄρχειν
2988 1478 3354 1545 κεκτημένου.
3391 1474 3620 1534 Βασιλὶς
3654 1472 3714 1524 δὲ

2125 1569 2509 1624 ὑποπτεύουσα
2564 1571 2699 1637 ὅπερ
2736 1564 2824 1638 ῆν,
2856 1570 2916 1621 ού
2986 1567 3147 1636 μόνον
3200 1567 3299 1619 οὐκ
3355 1566 3589 1634 ἐπῄνεσε
3646 1564 3717 1617 τὰ

2122 1660 2411 1730 εἰρημένα,
2466 1657 2585 1712 ἀλλ’
2638 1661 2802 1729 ἐῴκει
2864 1659 2958 1711 καὶ
3010 1659 3289 1729 ἀχθομένη
3320 1657 3438 1725 ,διὰ
3503 1654 3714 1711 ταῦτα.

2123 1751 2354 1822 παρῄνει,
2394 1768 2454 1804 ἰε
2488 1751 2677 1813 αὐτοῖς
2711 1749 3013 1819 ἀπέχεσθαι
3056 1752 3164 1802 τῶν
3196 1749 3613 1818 συκοφαντιῶν,
3643 1748 3721 1810 ὡς

2121 1842 2333 1905 οὐδενὸς
2359 1841 2439 1894 ὄσ*
2479 1842 2544 1895 ἄν
2574 1859 2660 1903 τις
2693 1841 2838 1894 εῖπόι
2894 1841 3179 1894 διάστασιν
3229 1842 3370 1910 αὐτῇ
3402 1840 3731 1909 δυναμένου

2123 1935 2260 2004 πρδς
2320 1934 2412 1985 τὶν
2471 1935 2644 2003 μέγαν
2711 1931 3044 2002 δομέστικον
3118 1932 3456 2001 ἐμποιῆσαι·
3520 1933 3734 2003 σαφῶς

2122 2026 2471 2095 πεπεισμένη
2519 2023 2731 2093 τάληθῆ
2790 2023 2885 2077 καὶ
2935 2023 3289 2091 προσήκοντα
3340 2020 3472 2090 περί
3512 2022 3725 2077 αὖτοῦ.

2123 2114 2283 2167 Ἐπεὶ
2300 2114 2356 2165 δὲ
2388 2112 2664 2180 ἄπρακτοι
2692 2114 2891 2165 ἐκεῖνοι
2914 2110 3213 2179 ἐπανῆκον,
3231 2110 3288 2162 Ἀ
3300 2109 3501 2180 ρτῶτος
3540 2124 3714 2178 προσ·

2120 2205 2404 2273 επέμπετο
2478 2202 2597 2272 ἅμα
2653 2203 2720 2272 τῇ
2786 2200 2955 2273 μητρί
3004 2215 3021 2233 ο
3080 2200 3151 2254 τά
3205 2202 3297 2253 ἴσα
3350 2199 3408 2252 δὲ
3464 2202 3714 2253 κάκεῖνοι

2120 2296 2583 2363 ἀπαγγείλαντες,
2637 2294 3086 2364 ἀπεπέμφθησαν
3143 2294 3282 2362 πρὴς
3336 2292 3549 2362 ὀργὴν,
3587 2291 3711 2345 om

2120 2388 2275 2450 ὅλους
2318 2387 2553 2439 ἀκοῦσαι
2600 2387 2705 2454 τῆς
2753 2383 3027 2455 βασιλίδος
3075 2385 3204 2448 τοὺς
3236 2385 3432 2452 λόγους
3474 2385 3715 2453 ἀνασχο-

2124 2481 2312 2549 μένης.
2347 2477 2439 2540 Εἰς
2466 2478 2563 2546 τὴν
2593 2477 2892 2547 ὑστεραίαν
2924 2476 2979 2528 δὲ
3006 2474 3320 2545 δ·Χοῦμνος
3354 2475 3473 2544 ἅμα
3505 2476 3613 2528 uls!
3643 2493 3709 2528 τε

2120 2569 2215 2621 καὶ
2263 2567 2498 2638 κηδεστῇ
2553 2565 2814 2636 Μανουὴλ
2858 2565 3314 2637 Καντακουζηνῷ
3356 2564 3435 2635 τῷ
3468 2580 3711 2636 στρατη-

2124 2660 2392 2729 γοπούλῳ,
2455 2658 2551 2711 καὶ
2612 2656 2865 2720 Γαϐαλᾶς
2913 2656 3116 2726 ὁμοίως
3174 2656 3405 2725 βασιλίδι
3469 2658 3707 2727 προσελ-

2119 2750 2326 2812 θόντες,
2355 2747 2431 2810 ὡς
2461 2746 2524 2817 δή
2555 2763 2609 2799 τι
2639 2746 2909 2811 νεώτερον
2940 2746 3313 2814 πεπυσμένοι,
3355 2745 3706 2816 ἀπήγγελλον
3792 2814 3797 2819 π

2122 2840 2262 2911 μετά
2301 2839 2542 2910 σπουδῆς
2563 2853 2578 2868 '
2614 2837 3010 2893 συνεϐούλευόν
3051 2854 3111 2891 τε
3145 2838 3221 2909 μὴ
3252 2839 3546 2910 ῥᾳθυμεῖν,
3573 2839 3710 2895 ἀλλὰ

2116 2933 2500 2987 διανίστασθαι
2533 2934 2669 3001 πρὸς
2692 2931 2917 3002 άμυναν
2947 2931 3024 2995 ὡς
3056 2932 3150 2984 καὶ
3201 2933 3384 2985 αὐτῶν
3429 2934 3529 2986 καὶ
3568 2934 3706 3004 χρή-

2121 3042 2257 3096 μασι
2299 3026 2395 3078 καὶ
2438 3024 2628 3085 ὅπλοις
2681 3023 3153 3093 συνεφαψομένων
3198 3022 3291 3079 τοῦ
3326 3025 3593 3096 πολέμου.
3630 3025 3709 3080 Οὐ

425 3128 574 3181 cene,
604 3130 767 3185 quam
798 3116 913 3169 haec
940 3112 1129 3169 videre
1177 3124 1232 3171 et
1261 3117 1494 3186 perpeti.
1530 3115 1856 3187 lmperatrix
1884 3131 2011 3170 cum

2117 3117 2228 3186 γὰρ
2270 3117 2460 3188 φέρειν
2506 3119 2572 3188 τῇ
2604 3117 2684 3178 είς
2720 3115 2945 3185 βασιλέα
2987 3116 3175 3187 εὐνοίᾳ
3219 3116 3315 3169 καὶ
3364 3118 3554 3172 πίστει
3581 3136 3709 3172 συνι

425 3220 631 3291 gratias
677 3219 744 3273 de
796 3226 903 3273 tam
937 3235 1207 3290 propensa
1248 3220 1534 3277 voluntate
1567 3221 1790 3291 egisSvt,
1841 3220 2012 3275 dixis-

425 3321 639 3381 setque,
676 3311 780 3365 sibi
817 3327 1041 3380 quoque
1094 3312 1325 3365 minime
1375 3312 1606 3366 dubium
1653 3312 1857 3375 videri,
1893 3326 2010 3376 eos,

425 3404 470 3457 si
510 3403 639 3474 quid
668 3403 773 3457 tale
810 3402 1111 3466 accideret,
1138 3418 1265 3456 cum
1298 3403 1497 3471 quovis
1524 3403 1788 3456 alacriter
1818 3416 1921 3471 pro
1952 3416 2011 3455 se

423 3493 806 3554 dimicaturus,
838 3492 1166 3548 hortabatur
1209 3502 1414 3557 tamen,
1450 3486 1522 3546 'itt
1554 3492 1624 3547 de
1676 3508 1876 3562 magno
1914 3492 2014 3546 do~

425 3584 654 3639 mestieo
702 3583 804 3638 ista
856 3582 1006 3653 loqui
1061 3583 1653 3653 omitterent,quippe
1714 3599 1864 3639 mera
1912 3584 2012 3655 ﬁg-

423 3684 611 3729 menta
668 3682 723 3728 et
787 3673 1127 3739 calumnias;
1172 3676 1292 3745 ejus
1325 3674 1474 3729 enim
1502 3690 1626 3743 erga
1656 3689 1715 3729 se
1752 3684 1807 3730 et
1842 3675 2014 3746 impe-

425 3776 666 3823 ratorem
708 3756 916 3819 lilium
970 3774 1225 3835 prompta
1298 3781 1361 3821 ac
1418 3775 1609 3836 parata
1664 3767 1847 3821 studia
1901 3766 2011 3821 sibi

425 3858 868 3929 exploratissima
920 3873 1089 3913 esse:
1125 3874 1217 3923 ne,
1270 3858 1316 3913 si
1371 3858 1595 3914 rediens
1660 3875 1720 3915 se
1782 3859 1853 3914 ab
1900 3860 2011 3914 illis

422 3951 624 4006 horum
678 3951 973 4005 criminum
1030 3958 1352 4006 accusatum
1418 3951 1711 4021 intelligat,
1762 3952 1818 4006 id
1873 3951 2012 4022 ipsis

422 4046 626 4101 merito
656 4044 951 4099 irascatur.
992 4043 1084 4100 Sic
1121 4044 1533 4114 imperatricem
1559 4045 1699 4100 nihil
1730 4045 2009 4100 dictorum

424 4152 455 4191 a
480 4135 836 4207 praeiudicata
869 4135 1153 4205 opinione,
1185 4136 1370 4191 omnia
1403 4151 1503 4204 pro
1535 4135 1737 4192 fabulis
1764 4152 1796 4191 e
1823 4137 2012 4207 cujus-

423 4244 534 4299 que
566 4228 786 4298 iugcnio
812 4227 1073 4298 profectis
1100 4228 1393 4283 ducentem
1427 4229 1661 4299 depulit.
1692 4228 1829 4285 Cum
1867 4241 1920 4283 et
1950 4228 2011 4282 hi

422 4320 493 4375 ad
524 4320 663 4375 alios
697 4319 955 4391 regressi,
993 4336 1318 4391 responsum
1353 4320 1697 4382 retulissent.
1732 4336 1842 4374 non
1870 4321 2010 4376 levis

425 4415 596 4488 timor
644 4416 879 4471 incessit
935 4429 1153 4480 omnes,
1211 4424 1462 4469 extremo
1499 4415 1615 4485 jam
1664 4415 1917 4483 periculo
1948 4429 2009 4470 se

422 4509 834 4564 circumventos
863 4507 1271 4568 existimantes,
1300 4506 1406 4560 nisi
1447 4504 1583 4575 quid
1626 4505 1794 4560 dictis
1822 4506 2008 4561 ellica-

424 4605 546 4658 cius
604 4600 940 4655 invenirent.
991 4597 1146 4664 Quos
1194 4597 1565 4666 Apoeauchus
1618 4611 1883 4662 monere,
1938 4613 2010 4653 nc

425 4702 848 4751 cunctarentur.
897 4707 1025 4746 nam
1060 4691 1130 4745 de
1178 4705 1376 4760 magno
1421 4690 1726 4747 domestico
1771 4691 2005 4761 prolata,

424 4796 534 4841 tam
566 4784 754 4840 multis
778 4782 1018 4839 consciis
1044 4780 1266 4839 silentio
1298 4782 1408 4852 tegi
1430 4797 1538 4838 non
1567 4797 1728 4853 posse
1763 4799 1778 4837 :
1808 4797 1932 4852 qua:
1963 4781 2010 4837 si

424 4875 704 4938 rescierit,
742 4875 915 4930 licere
945 4873 1124 4929 cuivis
1154 4873 1462 4945 intelligere
1495 4874 1733 4946 periculi
1758 4874 2007 4931 secuturi

423 4966 885 5039 magnitudinem.
919 4965 1086 5040 414
1112 4967 1322 5023 idcirco
1367 4950 1738 5032 hortabatur,
1793 4984 1864 5025 ne
1911 4968 2010 5023 de-

423 5060 757 5132 speratione
797 5060 969 5121 victi,
1020 5059 1239 5114 actione
1303 5059 1675 5127 desisterent,
1733 5060 1832 5115 sed
1881 5060 2012 5116 aliis

424 5152 686 5209 omnibus
728 5150 1078 5221 posthabitis,
1137 5151 1243 5206 hoc
1296 5165 1469 5209 unum
1516 5161 2009 5221 persequerentur,

423 5252 488 5300 ut
517 5243 587 5298 de
611 5240 976 5298 acerbissimo
1022 5240 1184 5295 hoste
1216 5240 1651 5309 triumpharent,
1685 5247 1783 5294 aut
1814 5238 2011 5292 saltem

424 5354 497 5394 ne
554 5336 904 5393 atrocissime
955 5335 1025 5390 ab
1078 5350 1146 5391 eo
1202 5335 1595 5390 multarentur.
1650 5331 1893 5388 Proinde
1939 5329 2010 5386 ad

422 5427 796 5502 patriarcham
828 5436 886 5481 et
913 5426 1288 5482 Andronicum
1317 5426 1578 5490 Asanem,
1611 5424 1793 5494 magni
1819 5422 2010 5478 dome-

425 5521 551 5579 stici
572 5535 847 5587 socerum,
865 5519 1019 5575 velut
1043 5521 1111 5575 ad
1134 5534 1346 5574 sacram
1364 5519 1664 5574 anchoram
1685 5515 2010 5586 confugien-

407 5612 559 5681 ,dum
613 5612 1250 5683 jud,icarunt:quorum
1310 5608 1445 5680 quia
1492 5608 1676 5679 potior
1735 5614 1888 5663 esset
1940 5605 2009 5661 ad

425 5702 873 5774 persuadendum
929 5698 1266 5765 auctoritas,
1321 5715 1420 5769 per
1471 5699 1620 5771 ipsos
1668 5698 2009 5770 imperatrici

425 5803 697 5852 terrorem
745 5809 809 5850 ac
860 5778 1068 5847 metum
1128 5793 1461 5849 incuterent.
1508 5793 1644 5849 Nam
1695 5794 2008 5865 patriarcha

2115 3210 2553 3280 τεθραμμένους,
2586 3208 2687 3279 τὴν
2730 3207 3039 3278 ὑπερϐολὴν
3089 3210 3224 3280 ὁρᾷν
3258 3209 3368 3263 τῶν
3417 3211 3716 3281 τολμωμέιέ

2117 3317 2223 3352 νων
2248 3317 2263 3332 ο
2298 3296 2414 3352 ἀλλ’
2450 3299 2802 3369 ἑτοιμότερον
2834 3300 2982 3369 ἔχειν
3015 3302 3110 3354 καὶ
3143 3302 3243 3362 τὰς
3290 3303 3480 3373 ψυχὰς
3530 3306 3716 3376 προΐε-

2119 3391 2244 3444 σθαι
2280 3392 2474 3459 αύτὰς,
2515 3392 2548 3464 ἢ
2582 3392 2809 3445 τοιαῦτα
2842 3395 3107 3466 γινόμενα
3147 3397 3451 3466 περιϊδεῖν.
3489 3399 3712 3462 Βασιλὶς

2115 3482 2171 3535 δὲ
2210 3484 2305 3536 καὶ
2352 3485 2537 3547 αὐτοῖς
2568 3486 2956 3558 ύμολογήσασα
2997 3488 3098 3556 τῆς
3145 3489 3477 3559 προθυμίας
3523 3493 3709 3564 χάριν,

2116 3577 2213 3630 καὶ
2262 3579 2557 3631 πεπεῖσθαι
2603 3578 2698 3632 καὶ
2737 3580 2879 3649 αὐτὴ
2917 3582 3109 3649 σαφῶς
3163 3581 3429 3647 εἰποῦσα,
3461 3585 3537 3648 ὠς
3569 3586 3625 3638 εί
3651 3601 3707 3638 τι

2117 3667 2362 3739 συμϐαίη
2388 3669 2652 3736 τοιοῦτον,
2679 3654 2977 3740 προθύμως
3008 3670 3172 3724 παντί
3194 3689 3271 3741 τῳ
3290 3673 3703 3745 πολεμήσουσιν

2115 3756 2256 3827 ὑπὲρ
2299 3758 2492 3827 αὐτῆς,
2542 3758 2749 3813 ἔπειτα
2797 3760 3036 3830 παρῄνει
3086 3762 3197 3813 τῶν
3251 3763 3399 3816 κατά
3463 3764 3701 3835 μεγάλου

2114 3850 2438 3920 δομεστίκου
2488 3851 2665 3920 λόγων
2719 3852 3087 3923 ἀποσχέσθαι,
3121 3854 3196 3918 ὡς
3243 3856 3403 3912 οὐδὲν
3460 3859 3633 3912 ὄντων
3666 3854 3705 3926 ἣ

2115 3942 2344 4013 πλάσμα
2375 3944 2470 3996 καὶ
2509 3947 2903 4013 συκοφαντίαν,
2936 3947 3136 4000 εἰδέναι
3171 3948 3282 4019 γὰρ
3328 3950 3579 4021 ἀκριϐῶς
3606 3948 3709 4019 τὴν

2114 4038 2327 4091 ἐκείνου
2376 4038 2511 4105 πρὸς
2562 4038 2731 4109 αὐτὴν
2763 4037 2978 4093 εὔνοιαν
3007 4042 3103 4094 καὶ
3153 4041 3389 4113 βασιλέα.
3413 4045 3507 4098 τὸν
3541 4044 3653 4097 υἱόν
3684 4057 3703 4073 ο

2119 4132 2194 4204 μὴ
2235 4135 2327 4186 καὶ
2380 4133 2518 4202 μετὰ
2568 4133 2672 4203 τὴν
2719 4134 2979 4189 ἐπάνοδον
3018 4135 3087 4188 τὰ
3140 4136 3272 4206 παρ’
3320 4137 3487 4208 ὑμῶν
3540 4135 3711 4190 αὑτοῦ

2114 4226 2544 4296 κατηγορημένα
2624 4226 2890 4296 ἐκμαθὼν
2963 4227 3194 4291 δικαίως
3266 4229 3499 4298 ἄχθοιτο
3577 4229 3711 4299 ὑμῖν

2113 4319 2339 4373 τοιαῦτα
2375 4318 2647 4389 εἰρηκόσι.
2682 4318 2901 4381 Βασιλὶς
2933 4319 3034 4389 μὲν
3058 4314 3153 4372 οὖν
3183 4319 3327 4372 οὕτω
3358 4322 3501 4391 πρὸς
3527 4298 3698 4388 μηδὲν

2113 4410 2223 4464 τῶν
2247 4412 2557 4483 εἰρημένω)
2586 4411 2695 4464 τῶν
2724 4411 2962 4483 ἐξαρχῆς
3005 4413 3198 4484 ἐξέστη
3221 4413 3526 4491 λογισμῶν,
3560 4411 3697 4465 ἀλλά

2039 4510 2088 4566 ι)
2118 4506 2414 4578 πλάσματα
2440 4509 2627 4577 ἡγεῖτο
2677 4507 2855 4561 πάντα
2888 4509 2991 4561 ὑπὸ
3039 4509 3138 4576 τῆς
3184 4510 3428 4564 ἑκάστου
3457 4505 3700 4567 διανοίας

2113 4599 2611 4669 ἀναπεπλασμένα.
2656 4600 2743 4662 Ὠς
2779 4598 2836 4652 δὲ
2869 4599 2962 4652 καὶ
2990 4594 3140 4653 οὗτοι
3174 4600 3311 4671 πρὸς
3345 4603 3474 4662 τοὺς
3508 4598 3703 4655 ἄλλους

2114 4690 2486 4754 συνελθόντες,
2519 4692 2619 4745 ὅσα
2644 4691 2676 4760 ἡ
2710 4689 2926 4759 βασιλὶς
2956 4691 3308 4762 ἀπήγγελλον
3337 4688 3692 4760 ἀποκριθείη,

2110 4781 2230 4845 δέος
2253 4781 2378 4851 ἔσχε
2413 4783 2622 4846 πάντας
2652 4782 2753 4835 οὐκ
2785 4783 2989 4852 ὀλίγον,
3022 4786 3116 4838 καὶ
3148 4787 3206 4837 έν
3247 4786 3503 4856 ἐσχάτοις
3530 4781 3703 4852 ᾤοντο

2111 4873 2215 4944 ἤδη
2271 4871 2627 4943 περιέχεσθαι
2687 4876 2900 4938 κακοῖς,
2952 4876 3003 4928 εί
3069 4877 3141 4945 μή
3192 4893 3247 4928 τι
3310 4872 3704 4944 βουλεύσαιντο

2112 4965 2525 5038 ἀνυσιμώτερον
2584 4966 2692 5020 τῶν
2738 4969 3069 5039 εἰρημένων.
3125 4966 3489 5022 Συνεᾶιύλευέ
3549 4979 3607 5017 τε
3667 4961 3695 5009 ὁ

2114 5059 2611 5130 παρακοιμώμενος
2669 5060 2857 5124 αὐτοῖς
2918 5061 3120 5131 μηκέτι
3176 5060 3431 5131 μέλλεινο
3478 5054 3547 5108 τὰ
3595 5051 3703 5121 μὲν

2111 5154 2222 5222 γὰρ
2272 5153 2402 5222 περὶ
2463 5151 2709 5223 μεγάλου
2768 5152 3098 5223 δομεστίκου
3168 5152 3442 5223 εἰρημένα
3513 5140 3697 5206 σιωπῇ-

2113 5242 2488 5297 καλύπτεσθαι
2540 5243 2602 5297 οὺ
2654 5244 2902 5307 δυνατὸν,
2950 5243 3165 5296 πολλῶν
3219 5245 3328 5296 τῶν
3375 5236 3692 5293 συνειδότων

2111 5335 2318 5390 ὄντων’
2364 5337 2685 5407 καταδήλων
2736 5340 2795 5393 δὲ
2846 5337 3046 5409 ἐκείνῳ
3089 5337 3425 5408 γενομένων,
3464 5322 3689 5393 συνορᾷει

2112 5428 2325 5493 ἔξεστιν
2379 5429 2597 5501 ἑκάστῳ
2641 5431 2735 5485 τοῦ
2786 5430 3032 5484 κινδύνου
3077 5433 3177 5501 τὴν
3228 5422 3558 5495 ὑπερϐολήν.
3601 5411 3691 5466 Αιδ

2111 5517 2233 5571 οὐδὲ
2255 5518 2491 5588 παρῄνει
2519 5517 2787 5590 ῥᾳθυμεῖν
2809 5520 3149 5588 ἀπογνόντας
3172 5519 3312 5590 πρὸς
3333 5516 3430 5583 ¹ιιὴν
3458 5504 3655 5579 πρᾶξιν
3671 5535 3697 5564 ν

2111 5608 2251 5677 ἀλλά
2277 5610 2386 5677 τῶν
2414 5610 2593 5665 ἄλλων
2627 5613 3041 5683 ἀποσχομένους
3070 5613 3316 5674 πάντων,
3356 5604 3472 5664 ἑνὸς
3499 5595 3693 5651 τούτου

2112 5701 2364 5770 γίνεσθαι
2409 5702 2596 5774 μόνου,
2657 5704 2808 5769 ὅπως
2856 5706 3238 5776 περιγένοιντο
3283 5696 3380 5753 τοῦ
3415 5692 3687 5776 amisii“?
3746 5720 3749 5723 λ

2094 5793 2301 5880 μτάῑουι
2320 5793 2375 5866 ἣν
2411 5771 2480 5852 ἑά
2503 5812 2567 5865 γε
2600 5796 2853 5870 δεύτερα.
2892 5771 2975 5871 μὴ
2996 5771 3063 5853 ia
3090 5798 3367 5871 ἀνήκεστα
3393 5779 3524 5854 παρ’
3550 5771 3686 5831 ὲκεί’
