4054 6434
327 469 432 534 817

1524 486 1577 546 Η
1592 486 2072 549 ISTORIARUM
2106 489 2342 550 LIBER
2379 490 2497 552 III.

3473 469 3589 547 ‘81‘8

325 606 418 639 νου
452 587 680 641 πάθοιεν
709 591 886 646 αὐτοί.
934 591 1144 648 Ἐδόκει
1177 596 1242 666 δὴ
1278 595 1377 649 καὶ
1401 600 1773 668 πατριάρχην,
1812 599 1907 652 καὶ

2020 611 2375 672 praeterquam
2438 603 2584 673 quod
2644 603 2722 657 illi
2783 605 2924 658 bene
2987 616 3193 671 cupere
3256 600 3589 663 videbatur,

326 680 419 730 τὸν
461 678 700 748 ’Λσάνην
735 681 1079 748 Ἀνδρόνικον
1106 686 1233 740 ὄντα
1262 687 1358 741 τοῦ
1386 688 1626 756 μεγάλου
1656 688 1908 759 δομεστί-

323 786 422 822 που
459 772 749 842 πενθερὸν,
774 773 965 845 ὥσπερ
993 776 1246 848 ἄγκυράν
1276 797 1400 833 τινα
1423 772 1674 834 καθεῖναι
1713 780 1865 851 ίεράν
1892 796 1907 811 ⁶

329 860 422 913 καὶ
472 860 544 913 δι’
588 860 770 915 αὐτῶν
799 864 900 932 τῆς
950 866 1227 936 βασιλίδος
1270 871 1398 934 τοὺς
1451 872 1750 940 λογισμοὺς
1794 890 1912 925 πει-

330 948 529 1017 ρᾶσθαι
578 952 924 1021 κατασείειν,
951 955 1060 1008 τῶν
1096 956 1276 1011 ἄλλων
1300 960 1518 1013 πάντων
1551 960 1908 1030 ἀξιολογωτέ-

326 1057 436 1113 ρων
474 1040 646 1094 ὄντων
686 1042 825 1111 πρὸς
866 1045 926 1097 τὸ
982 1046 1265 1102 πείθεσθαι
1311 1051 1517 1114 αὐτοῖς,
1581 1052 1677 1104 διτε
1708 1053 1772 1120 δὴ
1802 1068 1912 1105 πα.

324 1132 590 1203 τριάρχου
629 1134 730 1201 μὲν
758 1135 895 1204 πρός
922 1139 987 1206 τῇ
1012 1138 1251 1211 δοκούσῃ
1281 1143 1413 1212 πρὸς
1447 1143 1666 1214 ἐκείνην
1725 1145 1909 1215 εὐνοίᾳ

327 1224 424 1276 καὶ
458 1224 727 1298 ἱερωσύνῃ
772 1230 838 1296 τῇ
892 1230 1131 1302 μεγίστῃ
1172 1236 1566 1304 τετιμημένου,
1600 1238 1693 1289 καὶ
1739 1236 1815 1306 μὴ
1844 1238 1911 1291 ἀν

328 1332 458 1367 ποτε
502 1316 809 1385 ψεύσασθαι
860 1320 1302 1390 ὑποπτευθέντος
1333 1343 1346 1355 ·
1378 1326 1472 1379 τοῦ
1508 1328 1707 1397 ἑτέρου
1744 1329 1802 1382 δὲ
1834 1329 1909 1397 μὴ

329 1407 585 1461 τοσοῦτον
647 1410 714 1463 ἂν
774 1412 855 1474 είς
922 1415 1184 1479 ἀπονοίας
1242 1417 1517 1488 βάραθρον
1579 1417 1909 1490 ἐληλακέναι

327 1496 598 1564 δόξαντος,
617 1501 666 1552 εί
697 1502 772 1571 μὴ
794 1505 1019 1558 τοιαῦτα
1047 1507 1123 1576 τῷ
1151 1508 1388 1579 γαμϐρῷ
1419 1511 1637 1582 συνῄδει
1668 1511 1908 1581 ἀληθῶς,

327 1586 461 1640 ὥσθ’
495 1590 675 1644 ἑκόντι
726 1594 826 1664 τὴν
874 1595 1149 1666 θυγατρὸς
1203 1603 1479 1669 αἱρεῖσθαι
1525 1605 1909 1676 κακοπραγίαν

327 1682 803 1753 καταψευδόμενον
851 1688 1130 1759 τοσαῦτα.
1213 1691 1369 1747 Ἐπεὶ
1446 1696 1503 1749 δὲ
1570 1697 1909 1768 ἐψηφίσαντο

325 1773 504 1842 κοινῇ.
554 1777 865 1846 γενομένων
893 1780 949 1831 ὲν
992 1778 1294 1850 βασιλείοις
1343 1786 1454 1838 τῶν
1510 1788 1847 1858 είρημένων,
1878 1789 1908 1840 ό

324 1863 874 1939 πατριάρχης-λόγου
923 1869 1130 1938 ἥπτετο
1163 1874 1380 1942 πρῶτος
1428 1875 1563 1946 πρὸς
1606 1877 1708 1944 τὴν
1755 1878 1910 1947 βασι-

325 1953 468 2019 λίδα,
496 1955 608 2026 Τὴν
664 1957 764 2026 μὲν
801 1961 927 2028 περὶ
957 1963 1058 2030 ἐμὲ
1105 1964 1201 2016 τοῦ
1253 1969 1495 2036 μεγάλου
1553 1968 1902 2036 δομεστίκου,

327 2047 576 2114 φάσκων,
611 2048 900 2117 εὐμένειαν
930 2054 1022 2105 καὶ
1054 2056 1287 2126 σπουδὴν
1318 2058 1480 2122 εὐθὺς
1524 2056 1785 2129 ὲξαρχῆς,
1813 2065 1909 2114 καὶ

327 2136 401 2199 ὡς
432 2138 496 2190 ὲκ
524 2139 738 2208 φαύλης
769 2141 936 2213 τύχης
962 2144 1058 2198 καὶ
1095 2147 1296 2214 πολλῆς
1328 2149 1597 2219 ἀφανείας
1634 2153 1716 2215 είς
1744 2150 1910 2205 τοῦτο

331 2232 398 2286 δι’
429 2234 636 2286 ἐκείνου
666 2234 828 2307 δόξης
866 2238 962 2291 καὶ
1007 2238 1396 2313 λαμπρότητος
1429 2247 1741 2314 προῆγμαι,
1775 2245 1845 2298 δι’
1873 2244 1910 2298 ἃ

337 2323 535 2388 πολλᾶς
588 2324 737 2396 αὐτῷ
788 2329 1018 2399 χάριτας
1087 2332 1325 2398 ὀφείλειν
1393 2333 1645 2402 ὁμολογῶ
1700 2335 1910 2398 δίκαιος

334 2410 496 2478 εἶναι,
524 2417 718 2480 πάντες
761 2420 861 2487 μὲν
893 2419 976 2491 ,ἂν
1028 2422 1221 2475 εἰδεῖεν
1258 2424 1542 2495 Ῥωμαῖοι,
1578 2426 1818 2495 μάλιστα
1852 2427 1909 2480 δὲ

331 2506 417 2560 σύ.
453 2508 612 2578 ΙἈχρι
644 2510 747 2579 μὲν
779 2506 874 2565 οὖν
905 2512 1068 2566 αὐτὸν
1100 2514 1288 2584 ἑώρων
1328 2517 1507 2587 ὀρθοῖς
1545 2519 1641 2571 καὶ
1674 2518 1909 2582 δικαίοις

326 2597 613 2668 χρώμενον
644 2599 952 2672 λογισμοῖς,
987 2604 1083 2656 καὶ
1112 2604 1211 2676 τὴν
1238 2607 1454 2661 εὔνοιαν
1477 2610 1569 2662 καί
1599 2611 1699 2680 τὴν
1726 2608 1911 2662 πίστιν

327 2691 513 2745 ἄδολον
546 2692 676 2763 ύμῖν
710 2695 982 2764 τηροῦντα
1030 2700 1124 2752 καὶ
1170 2701 1419 2770 καθαράν
1449 2704 1565 2764 τοῖς
1598 2702 1910 2773 βασιλεῦσι,

326 2780 438 2834 δεῖν
466 2777 718 2852 ὲνόμὶξον
754 2786 849 2839 καὶ
876 2787 1037 2851 αὐτὸς
1066 2789 1141 2852 ὡς
1174 2808 1276 2861 γνη
1288 2792 1532 2862 τιωτάτῳ
1556 2794 1696 2864 φίλῳ
1738 2811 1912 2860 προσ·

331 2866 475 2937 ἐχειν
497 2881 513 2899 ⁸
556 2872 647 2924 καὶ
711 2872 864 2926 οὐδὲν
922 2870 1086 2947 ἦττον
1114 2879 1148 2947 ἢ
1179 2880 1493 2946 φιλότεκνος
1532 2884 1713 2954 πατὴρ
1747 2884 1783 2938 ἃ.
1817 2885 1907 2937 λυ-

338 2961 637 3032 σιτελήσειν
686 2964 916 3035 ἤλπιζον
968 2968 1118 3040 αὑτῷ
1171 2971 1306 3041 πρὸς
1356 2972 1602 3038 εὐδοξίαν
1647 2978 1910 3045 πράττειν

333 3051 581 3122 ᾑρούμην
607 3067 620 3081 °
654 3055 777 3106 ἐπεὶ
808 3056 864 3108 δὲ
897 3056 1070 3113 ἄλλων
1098 3079 1155 3122 τε
1196 3063 1410 3117 πολλῶν
1454 3064 1724 3134 λεγόντων
1771 3071 1941 3122 tatu--

332 3142 526 3214 θόμην,
559 3146 652 3198 καὶ
690 3147 855 3212 αὐτὸς
885 3153 1018 3219 παρ’
1068 3155 1309 3223 ἐμαυτοῦ
1356 3157 1591 3227 συνῆκα,
1628 3163 1704 3221 ῶς
1747 3160 1909 3213 ἄδικα

328 3237 424 3335 διαὲ
452 3234 725 3335 βίαιαῖκαὶ
756 3238 1050 3297 διανοεῖται
1081 3247 1175 3298 καὶ¹
1208 3250 1469 3317 πράττειν
1499 3250 1596 3320 ἠδη
1629 3250 1909 3322 ὥρμηται,
1939 3279 1981 3335 c

327 3328 424 3381 τοῦ
476 3328 646 3382 πολλά
706 3333 1078 3404 πεφιληκότος
1130 3337 1420 3407 βασιλέως,
1457 3342 1554 3395 καὶ
1610 3345 1706 3396 ἐπὶ
1770 3345 1914 3414 μέγα

329 3420 492 3492 δόξης
524 3426 931 3495 προαγαγόντος
964 3430 1169 3495 ἀδίκως
1215 3433 1586 3503 ἀμειϐόμενος
1626 3440 1756 3500 τοὺς
1792 3441 1916 3491 παῖ-

327 3515 535 3581 δας,ού
593 3517 754 3585 μόνον
809 3519 908 3588 τῆς
960 3521 1164 3591 ἀρχῆς,
1196 3524 1334 3578 ἀλλά
1388 3526 1485 3579 καὶ
1539 3525 1691 3597 ζωῆς
1742 3528 1914 3598 αὐτῆς

325 3608 679 3678 ἀποστερῶν,
702 3612 803 3680 τήν
834 3627 894 3663 τε
932 3614 1162 3682 γνώμην
1187 3615 1559 3687 ιεδελυξάμην
1581 3619 1657 3682 ὡς
1696 3621 1916 3686 ὠμοτά-

328 3716 451 3765 την,
481 3701 574 3753 καὶ
624 3702 1023 3773 ἀγνωμοσύνης
1064 3705 1327 3775 οὐδεμίαν
1356 3707 1715 3762 ἐλλείπουσαν
1743 3711 1916 3781 ὑπερε-

332 3792 516 3861 ϐθλὴν,
551 3796 644 3846 καὶ
682 3793 846 3847 αὐτὸν
894 3796 956 3849 οὐ
1011 3797 1120 3850 τῶν
1178 3799 1350 3867 φίλων
1381 3799 1575 3871 ὥσπερ
1623 3803 1914 3872 πρότερον,

325 3884 469 3937 ἀλλὰ
496 3885 602 3938 τῶν
630 3885 1062 3957 πολεμιωτάτων
1092 3890 1265 3957 έγνων
1302 3892 1410 3945 δεῖν
1439 3892 1718 3962 ἡγεῖσθαι.
1746 3894 1920 3965 Νομί-

334 3978 446 4040 ζων
472 3976 530 4029 δὲ
563 3978 639 4047 μὴ
693 3980 790 4033 καὶ
844 3981 911 4032 σὲ
962 3981 1033 4034 τά
1078 3982 1305 4035 τοιαῦτα
1359 3984 1577 4052 ἀγνοεῖν
1620 3985 1728 4039 τῶν
1771 3986 1914 4039 πάνυ

332 4067 566 4137 καιρίων
615 4063 780 4132 εἶναι,
807 4070 929 4140 ἥκω
985 4073 1377 4141 ἀπαγγέλλων,
1421 4076 1488 4129 ἵν’
1534 4077 1599 4130 ἐκ
1650 4077 1762 4130 τῶν
1802 4094 1919 4131 Δπα-

336 4161 540 4229 ρεντων
593 4162 948 4230 σκεψαμένη,
1005 4164 1068 4217 ού
1121 4166 1286 4235 μόνον
1337 4166 1510 4238 αὐτὴν
1560 4169 1660 4221 καὶ
1722 4170 1921 4232 παῖδας

330 4251 633 4322 ὗιασὼσῃς,
668 4253 807 4307 ἀλλὰ
854 4256 954 4308 καὶ
1008 4257 1105 4327 τὴν
1162 4257 1338 4329 ἄλλην
1367 4258 1592 4313 ἅπασαν
1631 4260 1919 4325 συγκινδυ-

332 4336 604 4399 ἓιεύουσαν
669 4346 868 4415 ἀρχήν.
922 4347 988 4400 Ἡ
1019 4347 1236 4417 βασιλὶς
1293 4349 1352 4402 δὲ
1401 4348 1591 4418 ὥσπερ
1645 4350 1933 4419 ἐκπεπληι

330 4438 534 4507 γμςένη,
570 4437 764 4506 λόγους
818 4440 1059 4507 ἔφασκεν
1116 4440 1361 4506 ἀκούειν,
1393 4442 1540 4503 οἴους
1595 4442 1706 4495 οὐδ’
1754 4441 1921 4495 αὐτὸν

331 4532 428 4583 τὶιν
479 4531 674 4593 κακίας
734 4532 1034 4601 ὲφευρετὴν
1075 4533 1142 4587 ἀν
1186 4549 1319 4587 ποτε
1376 4534 1712 4603 δυνήσεσθαι
1767 4534 1919 4605 ᾠήθη

1940 1939 1983 1993 Β

2016 706 2233 748 summo
2276 704 2515 764 praeerat
2558 695 2893 758 sacerdotio,
2936 707 3101 763 quem
3155 693 3247 747 illa
3306 706 3589 761 nunquam

2014 784 2379 839 mentiturum
2408 785 2821 854 suspicaretur;
2851 783 3015 846 alter,
3052 782 3160 836 nisi
3190 794 3395 851 genero
3426 780 3592 848 hujus

2013 875 2317 931 molitionis
2369 886 2520 930 esset
2566 875 2864 939 conscius,
2926 875 2982 928 in
3041 882 3255 928 tantum
3335 873 3594 926 amentiae

2011 968 2392 1037 vecordiaeque
2422 968 2769 1034 barathrum,
2798 979 2858 1023 ut
2889 976 2998 1022 tam
3040 966 3209 1020 multa
3244 963 3591 1026 mentiendo,

2012 1067 2207 1125 sponte
2253 1070 2319 1110 ac
2379 1056 2568 1111 volens
2621 1055 2791 1110 ﬁliam
2858 1056 3235 1112 calamitosam
3293 1054 3593 1117 redderet,

2012 1147 2457 1216 praecipitaturus
2490 1162 2601 1201 non
2645 1148 2961 1216 putabatur.
3009 1146 3123 1201 Hoc
3163 1146 3293 1199 lim.
3337 1159 3464 1198 cum
3504 1158 3594 1199 es—

2011 1248 2134 1309 sent
2164 1238 2218 1290 in
2244 1237 2448 1306 palatio
2469 1253 2663 1292 omnes
2683 1253 2823 1306 quos
2848 1238 3250 1295 recensuimus,
3276 1233 3593 1303 patriarcha

2013 1330 2225 1400 primus
2249 1330 2455 1385 talibus
2481 1330 2645 1385 dictis
2665 1333 2969 1399 Augustam
2996 1328 3350 1398 curepellavit
3373 1347 3387 1383 :
3411 1325 3589 1395 Magni

2013 1423 2301 1478 domestici
2331 1438 2458 1493 erga
2488 1438 2576 1477 me
2634 1424 2972 1477 voluntatem
3009 1436 3073 1475 ac
3108 1420 3352 1474 studium
3379 1434 3407 1471 a
3441 1418 3594 1487 prin-

2011 1509 2183 1579 cipio,
2208 1518 2264 1563 ct
2291 1513 2570 1577 quomodo
2601 1524 2699 1577 per
2719 1508 2874 1563 illum
2904 1523 2972 1562 ex
3027 1508 3242 1577 abjecta
3272 1506 3591 1562 conditione

2014 1600 2298 1668 multaque
2330 1600 2670 1655 obscuritate
2697 1599 2763 1653 ad
2794 1599 2951 1654 istam
2994 1600 3419 1667 amplitudinem
3468 1595 3592 1652 cla-

2013 1694 2347 1762 ritatcmque
2377 1693 2721 1762 pervenerim
2760 1693 2853 1761 (ob
2875 1691 3020 1761 quod
3053 1690 3364 1760 singulares
3393 1703 3480 1743 me
3517 1687 3595 1742 illi

2012 1782 2215 1853 gratias
2232 1781 2667 1838 merito-debere
2703 1781 2851 1836 haud
2900 1781 3167 1849 inticior),
3212 1781 3597 1836 Romanorum

2013 1875 2200 1929 nullus
2225 1884 2333 1940 est,
2365 1874 2459 1944 qui
2492 1873 2639 1928 scire
2678 1888 2787 1927 non
2824 1875 3023 1942 possit,
3051 1882 3107 1927 et
3142 1883 3197 1926 tu
3241 1872 3389 1926 nosti
3422 1871 3597 1940 potis-

2012 1968 2235 2023 simum.
2269 1966 2524 2032 Quandiu
2574 1965 2743 2036 igitur
2794 1965 2953 2019 illum
2994 1974 3153 2021 recta-
3184 1962 3445 2019 incedere
3481 1962 3599 2026 via,

2011 2070 2069 2114 et
2106 2057 2346 2112 amicum
2382 2057 2633 2128 justitite,
2663 2058 2991 2128 sinceraque
3034 2065 3090 2111 et
3124 2071 3259 2127 pura
3319 2068 3451 2125 erga
3496 2069 3596 2110 vos

2011 2158 2067 2204 ct
2114 2150 2481 2218 imperatores
2530 2149 2912 2205 benevolentia
2949 2164 3014 2203 ac
3064 2148 3172 2203 ﬁde
3204 2145 3592 2209 animadverti,

2013 2255 2101 2295 me
2132 2241 2375 2295 vicissim
2414 2241 2489 2295 illi
2530 2251 2590 2295 ut
2618 2241 2796 2296 amico
2846 2239 3267 2312 germanissimo
3308 2237 3597 2292 addictum

2010 2346 2133 2386 esse
2159 2340 2417 2401 oportere
2447 2330 2785 2395 sentiebam;
2819 2344 2922 2383 nec
2953 2330 3137 2383 minus
3174 2342 3340 2399 quam
3382 2327 3593 2382 libero-

2014 2438 2138 2478 rum
2186 2437 2411 2479 suorum
2452 2436 2647 2476 amans
2681 2432 2860 2492 pater,
2905 2436 3030 2490 quae
3081 2418 3318 2490 ad-ejus
3361 2417 3594 2487 gloriam

2012 2516 2224 2571 factura
2279 2514 2649 2580 conlidebam,
2702 2529 2768 2568 ea
2819 2513 3002 2568 facere
3053 2511 3439 2567 iustituebam.
3498 2510 3601 2564 Ast

2013 2605 2107 2660 ubi
2157 2604 2349 2658 multis
2396 2603 2962 2658 commemorantibus
3008 2601 3218 2665 audivi,
3251 2610 3308 2656 et
3360 2616 3455 2669 per
3512 2614 3599 2653 me

2014 2697 2269 2766 cognovi,
2314 2695 2470 2751 illum
2503 2695 2614 2748 vim
2659 2704 2715 2749 ct
2781 2694 2939 2749 nefas
2970 2692 3249 2761 meditari,
3283 2702 3340 2748 et
3380 2693 3492 2761 jam
3530 2690 3598 2745 ad
3654 2690 3655 2693 “

2014 2790 2194 2844 scelus
2218 2786 2649 2858 perpetrandum
2673 2802 2793 2842 esse
2823 2787 3111 2841 incitatum
3145 2785 3310 2855 (male
3342 2784 3602 2839 videlicet

2013 2886 2461 2934 remunerantem
2512 2878 2654 2932 illius
2696 2877 3074 2948 imperatoris,
3108 2891 3138 2930 a
3173 2891 3283 2945 quo
3312 2882 3601 2943 tantopere

2014 2973 2273 3037 dilectus,
2299 2970 2356 3025 et
2380 2970 2588 3032 adtam
2612 2970 2877 3040 inclytum
2905 2968 3188 3038 fastigium
3219 2977 3444 3021 evectus
3489 2975 3597 3030 est,

2014 3063 2144 3118 dum
2174 3077 2273 3117 eos
2295 3078 2405 3117 non
2439 3062 2605 3116 modo
2636 3062 2886 3131 imperio,
2914 3060 3014 3116 sed
3045 3061 3155 3114 vita
3184 3060 3350 3114 etiam
3382 3058 3602 3129 privare

2015 3154 2286 3218 molitur),
2318 3152 2763 3208 crudelissimum
2798 3151 2942 3221 ejus,
2978 3160 3033 3204 et
3056 3164 3221 3219 supra
3277 3162 3441 3217 quam
3477 3161 3604 3200 cre-

2015 3251 2185 3304 dibile
2235 3256 2340 3309 est,
2384 3259 2708 3316 perversum
2756 3243 3053 3297 consilium
3102 3249 3447 3302 exsecratus,
3489 3251 3601 3291 non

2016 3343 2344 3403 amicorum,
2394 3348 2456 3392 ut
2495 3337 2673 3407 prius,
2705 3334 2802 3389 sed
2830 3334 3074 3389 hostium
3111 3330 3599 3386 infestissimorum

2020 3447 2254 3488 numero
2314 3427 2632 3484 ducendum
2678 3425 3012 3481 existimavi.
3067 3422 3240 3477 Batus
3291 3434 3459 3491 porro
3503 3432 3605 3473 nec

2020 3536 2071 3582 te
2122 3524 2360 3587 nescire,
2404 3535 2571 3590 quam
2612 3518 2732 3573 hair.
2766 3517 2998 3571 exitiosa
3036 3514 3171 3580 sint,
3221 3513 3323 3568 tibi
3372 3511 3605 3599 nuntius

2019 3619 2236 3683 adsum,
2267 3626 2327 3672 ut
2357 3632 2457 3685 pro
2494 3625 2744 3683 tempore
2773 3610 3214 3681 circumspicias,
3244 3605 3610 3680 quemadmo—
3704 3614 3721 3621 “

2019 3712 2150 3766 dum
2214 3719 2272 3764 et
2314 3719 2390 3767 te.
2452 3716 2511 3763 et
2550 3714 2747 3777 gnatos
2802 3715 2948 3767 tuos,
2992 3710 3052 3757 et
3097 3710 3270 3756 totum
3309 3700 3605 3770 imperium

2020 3805 2077 3858 in
2112 3802 2259 3856 idem
2290 3800 2591 3855 discrimen
2617 3798 2935 3867 conjectum
2964 3810 3176 3851 serves.
3206 3793 3346 3848 Tum
3373 3794 3609 3863 impera-

2022 3896 2131 3949 trix
2160 3892 2406 3948 attonitae
2441 3890 2661 3954 similis,
2691 3889 2831 3943 talia
2856 3903 2916 3943 se
2957 3888 3026 3943 de
3055 3902 3254 3957 magno
3293 3886 3608 3941 domestico

2021 3986 2217 4043 audire
2241 3985 2401 4049 dixit,
2429 3983 2611 4053 qualia
2640 3996 2925 4052 nunquam
2970 3982 3268 4051 cogitasset
3298 3978 3367 4035 de
3397 3994 3465 4034 eo
3500 3979 3609 4034 sibi

2021 4077 2359 4148 persuadere
2383 4074 2740 4142 conaturum,
2759 4075 2845 4130 vel
2864 4075 3047 4143 ipsum
3066 4072 3340 4127 scelerum
3358 4071 3609 4129 omnium

2023 4178 2263 4224 satorem
2321 4175 2379 4222 et
2443 4166 2807 4220 architectum
2880 4161 3406 4232 diabolumzhl5
3462 4162 3611 4231 quod

2023 4260 2289 4314 nimirum
2331 4257 2725 4322 sibi-infestus,
2760 4265 2822 4311 et
2853 4254 3147 4310 insidiator
3173 4255 3476 4310 liberorum
3512 4255 3614 4308 im-

2025 4352 2324 4424 peratoris,
2377 4366 2479 4421 pro
2526 4349 2700 4404 nobili
2751 4349 2845 4404 illa
2888 4347 3135 4402 amicitia
3185 4347 3323 4404 tales
3380 4347 3616 4402 referret

2024 4442 2601 4517 gratias.eExcipieule
2628 4440 2963 4511 patriarcha,
2995 4439 3253 4495 eumdem
3286 4440 3456 4496 fuisse
3481 4457 3614 4496 sen-

2025 4554 2147 4603 sum
2168 4550 2329 4591 suum
2348 4535 2417 4590 ab
2449 4534 2630 4601 initio,
2657 4549 2784 4588 cum
2808 4534 2925 4589 haec
2956 4533 3024 4588 de
3051 4534 3378 4600 eoaudiret,
3402 4543 3463 4589 et
3487 4549 3615 4589 nar-

336 4624 465 4693 περὶ
534 4625 773 4694 μεγάλου
826 4626 1148 4695 δομεστίκου
1210 4628 1422 4683 πείσειν
1491 4628 1916 4697 ὲπιχειρήτειν’

2028 4630 2283 4685 rantibus
2306 4628 2535 4684 credere
2558 4627 2898 4697 nequivisse,
2922 4626 3019 4696 qui
3063 4640 3172 4681 nou
3202 4636 3285 4680 ter
3321 4637 3613 4695 quaterve,

349 4718 410 4780 'i;
431 4717 602 4781 κακὸς
629 4720 839 4781 ἐκεῖνος
865 4719 995 4786 περὶ
1020 4718 1197 4788 αὐτὴν
1220 4719 1312 4772 καὶ
1336 4720 1526 4772 παισὶν
1556 4717 1929 4772 ἐπιϐουλεύων

266 4861 283 4874 ,
378 4807 626 4873 ασιλέως,
666 4808 763 4860 καὶ
800 4806 901 4876 τῆς
934 4806 1253 4878 Θαυμαστῆς
1275 4809 1491 4878 ἐκείνης
1523 4809 1710 4878 φιλίας
1737 4809 1925 4861 τοιαύ-

374 4916 437 4962 ας
496 4900 726 4970 χάριτας
800 4899 1105 4961 ἀποδιδούς.
1164 4899 1271 4953 Τοῦ
1336 4902 1679 4970 πατριάρχου
1729 4900 1787 4954 δὲ
1838 4901 1933 4953 καὶ

334 4992 507 5045 αὐτοῦ
538 4991 607 5045 τά
648 4991 738 5045 ῖσα
771 4991 1076 5061 φάσκοντος
1114 4995 1174 5045 ἐν
1216 4994 1359 5064 ἀρχῇ
1415 4994 1748 5047 πεπονθέναι
1794 4994 1932 5063 πρὸς

334 5084 412 5136 τὰ
443 5083 575 5154 περὶ
600 5083 812 5137 ἐκείνου
830 5084 1124 5154 εἰρημένα,
1141 5086 1236 5138 καὶ
1258 5089 1371 5148 τοῖς
1385 5085 1638 5152 λέγουσιν
1655 5087 1929 5147 ἀπιστεῖν,

332 5174 505 5238 οὐδὶς
540 5178 638 5230 καὶ
671 5176 932 5246 τετράκις
964 5176 1258 5241 τοσούτων,
1294 5175 1433 5228 ἀλλὰ
1482 5177 1578 5230 καὶ
1622 5176 1935 5230 πολλαπλαο

344 5266 558 5333 σιόνων,
594 5268 628 5338 ἢ
659 5268 772 5322 ὅσοι
806 5268 1282 5339 προσεληλύθασιν
1322 5271 1463 5338 αὐτῇ
1491 5270 1599 5322 τῶν
1629 5270 1934 5339 εἰρηκότων

339 5359 546 5413 ὅντων·
579 5359 755 5414 ἔπειτ’
781 5362 1155 5432 ἐπιστήσαντα
1202 5364 1293 5415 τὸν
1323 5363 1450 5415 νοῦν
1483 5363 1576 5414 καὶ
1617 5363 1731 5426 τοῖς
1761 5378 1935 5432 πρατ-

335 5454 595 5523 τομένοις
650 5453 898 5527 ἀκριϐῶς
948 5455 1397 5525 προσεσχηκότα,
1450 5455 1550 5524 τὴν
1601 5454 1935 5525 διαστροφὴν

339 5546 448 5614 τῆς
486 5545 720 5615 γνώμης
763 5527 1130 5615 καταμαθεῖν,
1180 5547 1274 5600 καὶ
1323 5545 1613 5599 πείθεσθαι
1657 5544 1936 5609 ἀξινῦντος

339 5634 444 5691 καὶ
469 5633 664 5705 αὐτὴν,
704 5636 804 5689 καὶ
835 5635 910 5706 μὴ
950 5637 1084 5706 περὶ⁹
1129 5628 1456 5706 πράγματες
1495 5633 1641 5688 οὕτω
1679 5635 1772 5687 τὸν
1814 5634 1935 5687 κίν-

341 5730 505 5782 δυνον
534 5725 662 5790 ὀξὺν
690 5725 913 5798 ἔχοντος
943 5728 1280 5800 διαμέλλειν,
1313 5730 1430 5783 ἀλλ’
1466 5728 1568 5800 ήδη
1607 5729 1734 5798 περὶ
1760 5744 1938 5794 σωτηο

346 5818 474 5888 ρίας
498 5816 670 5888 αὐτῆς
700 5834 760 5870 τε
789 5819 887 5871 καὶ
927 5818 1037 5872 τῶν
1082 5819 1294 5873 τέκνων
1337 5818 1698 5885 σκέπτεσθαι,
1743 5817 1937 5889 ἀνεμί-

350 5924 596 5980 μνησκεν
637 5909 677 5980 ὴ
720 5907 933 5979 βασιλὶς
967 5911 1081 5968 τῶν
1132 5909 1268 5981 πρὸς
1313 5911 1580 5982 ἀλλήλους
1624 5908 1780 5966 otium
1809 5910 1937 5982 χθὲς

2030 4720 2128 4775 sed
2164 4720 2354 4775 multis
2383 4719 2637 4790 partibus
2669 4720 2856 4789 plures
2878 4718 3141 4782 fuissent,
3171 4734 3337 4789 quam
3369 4734 3516 4772 nunc
3547 4718 3615 4773 ad

2031 4823 2152 4862 eam
2182 4808 2575 4863 convenissent
2607 4826 2622 4861 :
2656 4816 2802 4877 post,
2836 4809 2929 4863 ubi
2969 4808 3214 4862 animum
3263 4809 3615 4878 applicuerit,

2033 4909 2089 4954 et
2122 4899 2189 4953 ad
2224 4909 2346 4954 aeta
2380 4898 2676 4968 diligenter
2709 4900 3026 4959 attenderit.
3062 4900 3388 4969 pravitatem
3418 4899 3620 4955 mentis

2033 4992 2154 5062 ejus
2185 4989 2450 5044 didicisse
2535 4976 2894 5060 quam'utet
2948 4992 3063 5060 ipsa
3115 4994 3344 5057 credat,
3399 5010 3618 5063 aequum

2035 5083 2235 5146 videri,
2284 5091 2338 5136 et
2384 5096 2455 5135 ne
2512 5083 2568 5137 in
2620 5082 3111 5152 periculosissimo
3157 5085 3400 5154 negotio.
3437 5102 3623 5141 moras

2037 5184 2244 5242 nectat,
2277 5174 2373 5231 sed
2399 5175 2513 5245 jam
2543 5175 2612 5229 de
2639 5188 2738 5228 sua
2796 5175 3151 5246 ﬁliorumque
3178 5178 3355 5233 salute
3385 5180 3619 5235 laboret.

2039 5270 2277 5324 Bettibat
2300 5277 2484 5322 autem
2518 5270 2575 5322 in
2609 5270 2935 5323 memoriam
2970 5270 3313 5341 impcratrix,
3345 5260 3659 5342 quomodo‘

2038 5362 2444 5426 recentissime,
2492 5362 2614 5430 ipso
2662 5362 2971 5430 patriarcha
3015 5376 3312 5433 praesente,
3343 5367 3631 5437 jurassent

2038 5466 2317 5517 mutuum,
2346 5452 2569 5522 quando
2596 5462 2653 5506 et
2683 5452 2789 5506 alia
2833 5453 3037 5508 dixerit
3080 5472 3312 5524 magnus
3352 5457 3622 5514 domesti-

2038 5564 2160 5608 cus,
2189 5562 2311 5616 quae
2341 5546 2446 5615 ipsi
2472 5561 2656 5600 serum
2687 5544 3072 5611 recordentur,
3138 5557 3195 5601 ct
3226 5548 3331 5603 hoc
3372 5550 3635 5620 inprimis

2038 5650 2100 5694 ut
2128 5641 2172 5694 si
2200 5639 2332 5709 quid
2369 5646 2746 5703 accusaretur,
2778 5654 2849 5692 ne
2884 5639 3169 5694 absentem
3210 5641 3417 5696 indicta
3458 5658 3624 5698 causa

2039 5728 2388 5794 damnarent,
2421 5728 2518 5784 sed
2570 5729 2625 5783 in
2650 5729 2923 5800 judicium
2964 5740 3182 5797 vocato,
3212 5732 3397 5786 locant
3430 5732 3625 5789 defen-

2040 5820 2214 5875 sionis
2252 5817 2483 5885 darent;
2538 5831 2597 5873 et
2624 5821 2900 5890 siquidem
2947 5824 3188 5896 injustas
3238 5842 3303 5883 ac
3360 5827 3616 5899 perjurus

2034 5913 2472 5984 comperiretur,
2513 5920 2761 5972 extremo
2788 5930 2917 5973 cum
2954 5917 3228 5991 supplicto
3258 5918 3623 5988 addicerent;
