4054 6422
353 408 463 473 ΒΞΤ
1532 406 1960 468 HISTORIAR

2061 407 2078 466 l
2120 410 2347 470 LIBER
2388 410 2527 477 m._
3489 384 3618 474 822'

352 526 454 576 οὐκ
474 523 657 589 ὀλίγον
686 519 937 574 ἐνταυθοῖ
961 520 1349 591 διατριϐόντων
1379 520 1487 574 τῶν
1503 512 1674 591 ἡδέως
1695 520 1759 575 ἂν
1786 520 1928 590 ὑπὲρ
1959 572 1960 576 η

2061 523 2173 577 urbe
2204 525 2424 595 degant,
2450 525 2704 595 quicum
2736 523 3013 595 voluptate
3031 522 3154 594 eius
3181 535 3344 578 causa
3371 522 3599 592 sangui—

353 614 569 669 ἐκείνου
619 613 714 666 καὶ
762 611 862 675 τὰς
914 611 1094 682 ψυχὰς
1140 611 1566 683 προησομένων,
1618 614 1713 669 καὶ
1752 629 1931 683 παρα-

2061 631 2157 668 ιειη
2194 616 2550 685 prol'undent,
2578 626 2635 677 et
2664 617 2877 687 accingi
2909 615 3246 687 paratirsint,
3278 613 3602 684 quibusille

360 704 732 759 σκευάσασθαι
761 704 902 775 πρὸς
928 704 1137 760 ἕκαστα
1170 705 1246 768 ὡς
1274 708 1339 760 ἂν
1369 705 1567 777 ἄριστα
1595 707 1745 777 αὐτῷ
1773 694 1928 777 δοκῇ,

2061 703 2378 760 μοιίεείωυηι
2423 721 2518 760 eos
2570 705 2779 777 accingi
2831 705 3090 770 voluerit,
3127 718 3236 758 non
3285 702 3508 757 diilicile
3551 709 3605 757 te

362 799 561 867 ῥᾳδίως
592 797 829 867 ἢλπισας
854 785 1337 868 περιγενήσεσθαι.
1368 800 1442 852 Οὐ
1469 800 1580 868 γὰρ
1601 799 1675 863 ὡς
1706 800 1848 868 αὐτή
1872 816 1933 852 τε

2062 796 2373 864 nperiorem
2426 796 2542 851 fore
2591 796 2843 852 conﬁdis.
2896 795 3014 851 Non
3069 794 3275 851 etenim
3329 800 3390 848 ut
3435 799 3491 847 et
3543 801 3603 848 tu

362 891 484 954 οἰι,
511 890 767 953 κάκεῖνος
792 890 1101 958 φενακίζων
1139 892 1285 961 ἡμᾶς
1326 889 1753 962 ἀπεσεμνύνετο,
1794 888 1938 945 οὕτω

2061 898 2216 950 tutas,
2256 900 2311 943 et
2357 888 2447 943 ille
2492 904 2591 943 nos
2626 888 2915 944 ludiﬂcans
2956 887 3223 960 iactabat,
3261 884 3342 942 sic
3389 884 3608 956 Byzan-.

367 980 501 1047 πρὸς
527 979 823 1043 Βυζάντιον
846 980 1106 1051 ἐπανήξει
1128 985 1255 1044 τοὺς
1277 982 1465 1051 φίλους
1484 979 1938 1046 καταλιπὼν,,κα“ι

2062 979 2195 1030 ium-
2235 976 2437 1032 redibit
2499 970 2711 1032 amicis'
2739 976 2985 1042 relictis,
3036 987 3094 1033 et
3145 975 3351 1047 quibus
3404 974 3608 1032 colitur

364 1069 465 1139 τὴν
489 1068 689 1138 πολλὴν
716 1068 1017 1139 θεραπείαν
1045 1070 1143 1141 τὴν
1169 1072 1294 1141 περὶ
1318 1071 1513 1123 αὐτόν’
1540 1070 1681 1124 ὥστε
1707 1086 1767 1123 σε
1792 1068 1939 1138 ἔχειν

2061 1066 2317 1136 »δεειιιιίἰε
2355 1067 2465 1121 illis
2525 1075 2635 1121 tam
2685 1068 2896 1131 multis,
2947 1075 3008 1122 ut
3049 1082 3177 1123 eum
3228 1081 3330 1137 pro
3372 1065 3611 1119 arbitrio

367 1162 396 1213 ὅ
415 1178 468 1213 τι
495 1158 677 1228 βούλει
701 1150 1011 1229 χρήσασθαι
1033 1160 1204 1230 αὐτῷ,
1221 1161 1336 1214 ἀλλ’
1357 1159 1515 1223 είδὼς
1535 1161 1609 1222 ὡς
1637 1158 1945 1212 ὑποπτεύε·

2061 1165 2280 1211 ,ractare
2320 1157 2516 1225 possis.
2572 1156 2678 1212 Sed
2730 1174 2853 1213 cum
2885 1173 2944 1213 se
2996 1157 3311 1227 suspicione
3358 1156 3611 1213 laborare

367 1266 480 1314 ται,
501 1251 561 1302 οὐ
580 1249 689 1301 τῶν
713 1248 1118 1321 ἐὐγενεστέρων
1150 1251 1311 1319 μόνον
1339 1252 1518 1303 πείσει
1552 1248 1782 1312 πολλοὺς
1813 1249 1945 1301 ὐπο-

2061 1246 2200 1309 sciat,
2240 1246 2550 1302 nonmodo
2592 1247 2661 1302 de
2708 1246 3076 1304 nobilioribus
3104 1248 3417 1319 complures
3451 1248 3613 1306 donis

375 1341 595 1409 σχέσεσι
616 1340 708 1393 καὶ
724 1341 950 1409 δωρεαῖς
972 1341 1224 1412 μεγάλων
1246 1341 1491 1410 ἀγαθῶν,
1514 1340 1649 1394 ἀλλὰ
1668 1342 1762 1394 καὶ
1782 1356 1948 1410 στρα-

375 1429 498 1482 τιὰν
524 1430 742 1483 ἃπασαν
765 1430 914 1498 αὐτῷ
946 1430 1237 1500 προσέχειν
1259 1430 1671 1502 παρασκευάσει
1697 1430 1802 1499 χρή
1813 1443 1946 1498 μασι

372 1521 719 1589 διαφθείραςο
748 1521 886 1591 ἔχων
914 1522 977 1575 δὲ
996 1524 1239 1606 μεγάλην
1259 1524 1489 1593 δύναμιν
1514 1523 1643 1594 περὶ
1667 1523 1852 1587 αὑτὸν,
1884 1521 1962 1574 οὐ.

378 1612 709 1703 μόνον’·ημᾶς
736 1613 861 1676 τοὺς
888 1613 1200 1683 ᾑρημένους
1230 1615 1425 1682 ἐκείνῳ
1450 1614 1714 1683 πολεμεῖν
1747 1612 1844 1681 τῆς
1869 1613 1949 1673 είς

372 1702 519 1768 ὑμᾶς
545 1701 770 1765 ἐὐνοίας
802 1701 965 1756 ἕνεκα
1000 1704 1287 1773 διαφθερεῖ
1314 1704 1533 1776 ῥᾳδίως,
1564 1703 1702 1756 ἀλλὰ
1736 1703 1830 1756 καὶ
1866 1711 1949 1759 σοὶ

373 1789 727 1855 καὶιτέκνοις,
766 1791 995 1860 μηδενδς
1018 1791 1119 1844 τοῦ
1143 1791 1468 1861 βοηθοῦντος
1496 1791 1672 1857 ὄντος,
1704 1790 1763 1842 δν
1797 1783 1948 1853 αὐτῷ

2043 1344 2100 1391 ει
2125 1335 2413 1406 promissis
2443 1336 2768 1411 magniﬁcis,
2804 1349 2998 1394 verum
3032 1340 3198 1396 etiam
3249 1348 3422 1394 totum
3447 1355 3612 1394 exer-

2046 1426 2215 1483 citum
2238 1427 2531 1498 largitione
2554 1437 2901 1498 corruptum,
2921 1430 2989 1484 ad
3020 1437 3203 1499 partes
3224 1445 3354 1485 suas
3380 1428 3613 1487 tuendas

2047 1517 2270 1583 alliciet,
2303 1528 2361 1573 et
2405 1519 2650 1589 potentia
2703 1521 2909 1591 ingenti
2943 1521 3230 1589 praeditus,
3278 1537 3387 1576 non
3431 1521 3613 1579 solum

2049 1624 2173 1671 nos,
2219 1609 2471 1679 quicum
2523 1625 2607 1675 eo,
2649 1611 2834 1666 studio
2876 1626 3006 1687 erga
3052 1626 3147 1666 vos
3196 1611 3440 1678 adducti,
3471 1610 3616 1666 bello

2048 1702 2385 1758 contendere
2419 1702 2689 1768 dicemur,
2739 1703 2892 1760 nullo
2934 1704 3158 1775 negotio
3198 1703 3473 1769 concidet,
3520 1703 3616 1757 sed

2050 1792 2121 1848 de
2173 1801 2226 1849 te
2278 1808 2496 1863 quoque
2576 1803 2633 1849 et
2688 1793 2862 1858 ﬁliis.
2919 1795 3137 1852 nemine
3211 1803 3404 1851 contra
3457 1808 3618 1863 opem

370 1881 576 1949 τρόπον
597 1857 975 1953 λυσιτελήσειν
1003 1857 1267 1955 χρήσεται
1297 1885 1564 1954 οίήσεται,
1597 1885 1766 1937 πᾶσιν
1798 1880 1947 1934 ἐκεί-

2061 1857 2572 1949 Γετεῐιιε,ὀιιιιιίδιιε
2618 1885 2730 1942 illis
2769 1886 3004 1957 gloriose
3040 1885 3226 1952 dictis,
3265 1895 3323 1942 et
3365 1857 3617 1946 fallaciis.

371 1989 486 2035 νοις
531 1974 650 2036 τοῖς
695 1975 1177 2045 σεμνολογήμασι,
1225 1977 1321 2031 καὶ
1369 1977 1489 2038 ταῖς
1542 1975 1802 2038 ἀπάταις,
1855 1973 1948 2026 καὶ

370 2065 495 2127 ταῖς
537 2065 847 2134 είρωνείαις
893 2067 1104 2137 χαίρειν
1152 2066 1323 2121 εἰπὼν
1365 2066 1597 2137 μακρά·
1642 2066 1679 2121 ἃ
1721 2065 1822 2119 οὐκ
1852 2060 1948 2118 οἷδ’

376 2157 525 2219 ὅπως
546 2159 608 2211 οὐ
641 2161 874 2230 συνορᾷς
903 2161 1066 2228 αὑτὴ,
1102 2161 1225 2214 οὐδὲ
1258 2162 1533 2231 σωτηρίαν
1567 2162 1736 2232 ἑαυτῇ
1763 2179 1822 2215 τε
1852 2161 1948 2215 καὶ

383 2247 592 2312 τέκνοις
641 2250 705 2302 ἐκ
762 2251 872 2304 τῶν
931 2252 1162 2305 ἐνόντων
1213 2250 1531 2322 ἐκπορίζειν
1579 2252 1781 2323 βούλει,
1812 2252 1951 2308 ἀλλὰ

346 2366 351 2373 ·
383 2338 537 2402 δίκας
591 2341 981 2410 ὀνειροπολεῖς,
1013 2344 1108 2396 καὶ
1140 2344 1510 2412 συκοφαντίας
1538 2344 1635 2396 καὶ
1667 2343 1947 2413 ἐλέγχους,

378 2433 490 2486 οὐδ’
516 2434 646 2487 αὐτὸ
671 2433 827 2488 τοῦτο
885 2434 1186 2507 βουλομένη
1242 2438 1441 2490 ἐννοεῖν
1481 2437 1563 2490 ὅτι
1591 2437 1826 2506 φθάσαις
1883 2436 1950 2490 ἂν

376 2523 738 2596 διαφθαρεῖσα
771 2528 900 2597 πρὶν
931 2529 1012 2590 είς
1037 2527 1215 2581 ταῦτα
1239 2529 1420 2598 ἥκειν.
1466 2528 1610 2595 Ἐγὼ
1651 2528 1749 2598 μὲν
1777 2527 1871 2581 οῦν
1916 2527 1953 2581 ἃ.

377 2617 474 2670 καὶ
502 2618 771 2689 πρότερον
799 2618 974 2689 ἔφθην
1012 2618 1205 2683 εἰπὼν,
1233 2621 1294 2673 οὐ
1342 2620 1443 2689 τῆς
1475 2620 1743 2690 βασιλέως
1791 2623 1953 2692 μόνον

379 2712 666 2782 εὐμενείας
697 2713 1045 2783 μεμνημένος
1077 2713 1168 2781 ὑφ’
1192 2707 1253 2766 οῦ
1296 2712 1509 2768 πολλῶν
1534 2713 1829 2784 ἀπήλαυσα
1859 2715 1957 2769 καὶ

384 2809 637 2878 μεγάλων
670 2807 1158 2879 εὐεργετημάτων,
1188 2806 1325 2861 ἀλλὰ
1353 2809 1449 2861 ειιαλ⁵
1474 2809 1574 2877 τῆς
1604 2811 1701 2879 σῆς
1728 2825 1744 2841 ·
1778 2800 1955 2873 ἂλλως

384 2897 430 2951 θ’
461 2900 541 2951 ὅτι
572 2900 669 2953 καὶ
692 2898 874 2969 νόμων
900 2898 1082 2954 αὐτῶν
1113 2901 1206 2954 καὶ
1228 2899 1455 2953 δικαίων
1486 2899 1953 2970 προϐεϐλημένος,

386 2990 548 3044 πᾶσιν
595 2989 848 3062 ἀνάγκην
900 2982 1043 3061 ἔχων
1106 2993 1218 3053 τοῖς
1270 2990 1523 3044 ὁπωσοῦν
1572 2991 1954 3060 ἀδικουμένοις

385 3083 739 3155 συναίρεσθαι
774 3084 844 3137 τὰ
880 3084 1103 3146 δυνατὰ,
1139 3083 1351 3137 ἐκείνου
1393 3099 1454 3136 τε
1489 3083 1814 3154 ἀπεσχόμην
1854 3083 1954 3151 τῆς

2048 1983 2116 2030 et-
2145 1974 2311 2046 517
2343 1975 2793 2032 simulationibus
2836 1975 3174 2041 valedicens,
3229 1992 3329 2041 pro
3375 1990 3623 2031 commo-

2049 2066 2217 2122 ditate
2244 2082 2341 2122 sua
2370 2075 2596 2122 statuet.
2626 2065 2761 2133 Quae
2786 2065 2974 2121 nescio
2998 2065 3275 2137 quomodo
3304 2080 3415 2120 non
3443 2062 3618 2129 vides,

2050 2174 2151 2214 nec
2207 2158 2305 2212 tibi
2349 2158 2650 2229 liberisque
2683 2158 2916 2214 salutem
2945 2171 3012 2213 ex
3046 2157 3171 2212 data
3206 2157 3621 2227 opportunitate

2050 2249 2345 2304 conciliare
2387 2251 2491 2316 vis,
2531 2248 2627 2304 sed
2655 2249 2884 2320 judicia,
2919 2257 2976 2304 et
3025 2248 3354 2313 calumnias,
3406 2256 3462 2303 et
3494 2264 3623 2318 pro-

2050 2340 2302 2395 bationes
2345 2338 2606 2403 somnias,
2634 2353 2737 2394 nec
2768 2349 2820 2394 te
2853 2338 3015 2394 citius
3038 2339 3281 2394 occisum
3313 2336 3381 2394 iri
3412 2338 3625 2409 perspi-

2052 2431 2154 2496 cis,
2186 2446 2349 2501 quam
2381 2431 2449 2485 ad
2498 2446 2592 2486 eas
2626 2431 2899 2487 veniatur.
2931 2429 3112 2501 Quare
3178 2429 3232 2485 id
3278 2430 3421 2500 quod
3455 2432 3622 2485 etiam

2053 2533 2214 2578 antea
2263 2522 2417 2588 dixi,
2476 2538 2611 2577 mea:
2671 2537 2796 2577 cum
2855 2524 2912 2579 in
2980 2523 3404 2590 imperatorem,
3466 2520 3626 2592 cuius

2052 2615 2224 2669 multa
2266 2626 2439 2682 eaque
2494 2611 2761 2682 praclara
2795 2617 3052 2670 constant
3083 2610 3151 2669 in.
3167 2623 3254 2663 me
3277 2607 3479 2673 olIicia,
3510 2617 3627 2663 tum

2055 2706 2109 2760 in
2144 2712 2195 2759 te
2220 2703 2618 2758 benevolentia:
2646 2717 2856 2757 memor
2889 2700 3049 2770 (adde
3078 2698 3222 2770 quod
3258 2707 3314 2755 et
3337 2698 3515 2769 legum
3563 2712 3628 2753 ac

2052 2798 2277 2868 iustitia:
2300 2805 2586 2867 patronus,
2623 2793 3123 2865 quomodocunque
3146 2791 3403 2862 injuriam
3429 2788 3627 2859 passis,

2055 2898 2324 2960 quantum
2375 2889 2432 2941 in
2482 2901 2568 2940 me
2607 2895 2713 2951 est,
2764 2883 3024 2955 opitulari
3072 2896 3296 2938 necesse
3338 2879 3538 2950 habeo)
3574 2885 3631 2935 et

2054 2980 2129 3035 ab
2154 2979 2300 3034 illius
2349 2977 2629 3044 amicitia,
2672 2974 2861 3046 iniqua
2917 2973 3239 3045 legibusque
3285 2969 3632 3026 adversantia

2056 3070 2439 3142 parturientis,
2483 3067 2704 3124 tametsi
2737 3067 2926 3121 multis
2957 3080 3084 3121 eum
3130 3063 3447 3118 nominibus
3478 3076 3633 3125 com-

384 3152 589 3245 φιλίας,
623 3176 785 3230 ἄδικα
816 3176 921 3230 ’καὶ
953 3175 1250 3246 παράνομα
1295 3152 1717 3246 διανοηθέντος,
1748 3175 1846 3229 καί
1875 3191 1959 3227 τοι

2062 3162 2225 3235 plecti
2247 3162 2528 3228 deberem,
2554 3172 2645 3213 me
2674 3157 2915 3228 sejunxi,
2943 3154 3154 3226 tibique
3179 3154 3313 3211 utile
3338 3152 3631 3209 consilium

384 3266 588 3332 πολλὰς
643 3266 901 3338 ἀφορμὰς
933 3267 1035 3337 τῆς
1080 3270 1161 3331 είς
1192 3268 1405 3322 ἐκεῖνον
1444 3267 1656 3332 εὐνοίας
1684 3267 1956 3338 ἐσχηκὼς,

385 3360 482 3415 καὶ
511 3360 595 3413 σοὶ
645 3360 716 3413 τὰ
749 3357 1139 3413 λυσιτελοῦντα
1175 3358 1654 3429 συμϐεϐούλευκα,
1707 3358 1874 3413 κῦϐον
1931 3359 1960 3412 ὅ

385 3467 521 3520 φασι
551 3450 740 3520 ῥίψας,
770 3452 865 3504 καὶ
895 3451 993 3503 σὺν
1023 3451 1153 3519 ὑμῖν
1183 3449 1437 3519 ἐλόμενος
1473 3449 1507 3521 ἢ
1532 3449 1633 3521 ζῇν
1657 3448 1957 3516 νικώντων,

385 3545 422 3615 ἢ
456 3543 832 3610 ἀποθνήσκειν
858 3542 926 3597 ἂν
951 3544 1050 3614 τῆς
1075 3544 1329 3605 ἐναντίας
1367 3544 1662 3614 πειρᾶσθαι
1688 3543 1963 3615 συμϐαίνῃ

383 3635 576 3706 τύχης.
615 3635 880 3707 Θειοτέρᾳ
926 3635 982 3688 δέ
1028 3652 1133 3687 τινι
1181 3634 1277 3686 καὶ
1322 3633 1476 3687 τοῦδε
1516 3633 1781 3704 παρόντος
1818 3633 1961 3706 τύχῃ

382 3726 443 3790 ὃς
471 3726 680 3778 ἐκείνου
712 3741 772 3778 τε
798 3726 899 3779 οὐκ
939 3722 1003 3779 ἄν
1032 3740 1166 3777 ποτε
1191 3723 1366 3776 ἕλοιτο
1391 3721 1839 3792 καταψεύδεσθαι
1869 3739 1964 3775 συ-

384 3813 692 3876 νοικοῦντος
719 3813 976 3883 θυγατρὶ,
1012 3813 1108 3864 καὶ¹
1139 3814 1221 3864 σοὶ
1260 3810 1615 3881 βουλεύσαιτο
1651 3813 1719 3864 τὰ
1750 3810 1959 3877 δέοντα,

385 3909 449 3962 οὒ
484 3906 646 3977 μόνον
689 3904 779 3959 διὰ
816 3903 927 3958 τῶν
976 3905 1320 3974 πραγμάτων
1366 3902 1466 3973 τὴν
1514 3902 1811 3972 ἐμπειρίαν
1867 3904 1962 3956 καὶ

387 4001 490 4070 τὴν
517 3996 735 4051 σύνεσιν
783 3996 851 4066 ἢν
886 3996 915 4048 ό
969 3993 1138 4055 πολὺς
1183 3990 1335 4061 αὐτῷ
1379 3992 1478 4062 τῆς
1517 3992 1740 4062 ἡλικίας
1772 3992 1966 4063 χρόνος

388 4087 506 4143 ἐστὶ
533 4084 879 4154 συνειλοχὼς,
912 4082 1049 4138 ἀλλὰ
1073 4082 1168 4136 καὶ
1198 4083 1296 4152 τὴν
1327 4083 1406 4145 είς
1439 4082 1667 4160 βασιλέα
1697 4084 1793 4135 καὶ
1839 4084 1965 4145 τοὺς

389 4180 583 4242 παῖδας
618 4179 743 4241 τοὺς
776 4175 989 4230 ἐκείνου
1038 4174 1254 4228 εὔνοιαν
1288 4175 1382 4227 καὶ
1413 4174 1597 4227 πίστιν
1644 4174 1829 4231 ἄδολον
1869 4176 1965 4229 καὶ

389 4270 655 4341 καθαρὰν,
688 4267 838 4335 ἄξιον
870 4266 1243 4320 πυνθάνεσθαι
1278 4265 1379 4319 καὶ
1421 4266 1709 4320 πείθεσθαι
1760 4284 1965 4338 παραι-

390 4364 591 4427 νοῦντι,
638 4360 790 4414 οὐδὲν
837 4359 1025 4414 ἄδικον
1076 4358 1183 4411 οὐδ’
1232 4358 1533 4427 ἐπισφαλὲς
1578 4355 1964 4429 βουλησομένῳ

393 4455 807 4526 συμϐουλεύειν.
851 4453 1084 4522 Ἀσάνης
1102 4451 1149 4504 δ’
1177 4451 1369 4520 ὥσπερ
1406 4451 1567 4503 οί“ἐν
1604 4453 1715 4515 τοῖς
1762 4434 1964 4522 γυμνι.

390 4551 505 4612 κοῖς
546 4547 755 4614 ἀγῶσιν
789 4544 1168 4616 ἐφεδρεύοντες
1194 4541 1334 4595 ὥστε
1380 4546 1489 4608 τοῖς
1548 4543 1776 4598 νικῶσιν
1809 4548 1964 4602 αὐτοὶ

392 4633 821 4707 συμπλέκεσθαι,
855 4633 994 4702 πρὸς
1045 4631 1179 4705 τοὺς.
1201 4631 1394 4700 λόγους
1439 4636 1963 4706 παρεσκευασμένος

389 4728 489 4791 ὣν,
515 4727 629 4796 Τὴν
660 4722 758 4794 μὲν
783 4722 948 4793 ἐμὴν,
979 4721 1107 4791 ἐφη,
1143 4728 1283 4791 πρὸς
1312 4723 1421 4775 τὸν.
1452 4725 1624 4793 μέγαν
1646 4726 1968 4794 δομέστικον

392 4818 727 4890 γνησιότητα
781 4817 875 4870 καὶ⁴
916 4814 1192 4884 πατρικὴν
1242 4815 1478 4884 στοργήν
1536 4815 1604 4887 ἢν
1664 4816 1774 4887 ἔχω
1833 4819 1969 4888 πρὸς

391 4915 598 4965 ἐκεῖνον
616 4912 682 4980 τῇ
703 4908 934 4979 φιλτάτῃ
954 4906 1309 4960 συνοικοῦντα
1326 4908 1576 4979 θυγατρὶ,
1592 4910 1766 4973 οὐδεὶς
1785 4913 1972 4979 ἀγνοεῖ

388 5006 561 5074 δήπου
582 5019 600 5036 ο
630 5002 757 5054 ὅθεν
780 4999 888 5052 οὐδ’
921 4997 1262 5068 ἑξαρνεῖσθαι
1290 5001 1359 5051 τὰ
1394 5002 1531 5053 πᾶσι
1597 5003 1807 5073 φανερὰ
1837 5019 1973 5074 προ-

392 5098 557 5166 σῆκον
597 5095 812 5165 ἥγημαι
838 5090 980 5161 ἐμοί.
1009 5089 1245 5160 Εὔδηλον
1273 5090 1363 5143 οὖν
1390 5091 1465 5156 ὡς
1494 5094 1705 5147 ἐκείνου
1751 5112 1971 5167 κατωρ-

392 5187 626 5249 θωκότος
674 5185 711 5239 ἃ.
756 5184 1072 5247 διανοεῖται,
1107 5180 1363 5250 βασιλεὺς
1397 5183 1498 5251 μὲν
1543 5184 1753 5248 ἐκεῖ-,ος
1793 5184 1968 5251 ἔσται,

392 5283 489 5334 καὶ
538 5276 769 5348 βασιλίδι
840 5277 905 5344 τῇ
956 5275 1062 5343 ἐμῇ
1121 5272 1352 5344 θυγατρὶ
1403 5273 1692 5340 συνοικῶν,
1730 5275 1869 5343 ἐγὼ.
1910 5276 1968 5329 δὲ

393 5372 575 5441 πατὴρ
620 5367 912 5440 βασιλέων,
954 5366 1049 5418 καὶ
1102 5365 1202 5434 τὴν
1235 5363 1412 5435 ἀρχὴν
1456 5365 1970 5437 συμμετριζόμενος

395 5464 578 5525 αὐτοῖς
599 5500 615 5525 ,
648 5461 743 5513 καὶ
774 5460 866 5511 ἐπὶ
914 5458 1057 5527 μέγα
1080 5458 1234 5527 ἥκων
1274 5458 1369 5511 καὶ
1413 5457 1570 5526 δόξης
1606 5462 1702 5511 καὶ
1735 5460 1970 5512 πλούτου

396 5552 492 5606 καὶ
518 5546 899 5618 περιφανείας.
922 5546 1085 5601 ’Δλλὰ
1120 5546 1189 5599 τὰ
1216 5546 1448 5617 λαμπρὰ
1474 5544 1646 5600 ταῦτα
1675 5550 1771 5601 καὶ
1798 5548 1973 5617 σεμνὰ

395 5643 543 5713 ᾇπερ
573 5640 748 5711 ἑτέρῳ
780 5637 944 5693 παντί
966 5655 1043 5708 τῳ
1067 5638 1310 5709 ἧρκεσαν
1346 5639 1412 5693 ἂν
1442 5638 1522 5702 εἰς
1546 5637 1811 5704 εὐδοξίαν,
1849 5639 1973 5710 ἐμοὶ

397 5738 509 5792 τῶν
540 5737 827 5809 παρόντων
874 5737 1172 5791 ἀποδέοντα
1221 5736 1473 5807 φαίνεται
1523 5737 1972 5813 πολλῷητῇιγόιρ

392 5832 484 5901 ¹είς
522 5829 780 5903 βασιλέας
811 5829 997 5902 εὐνοίᾳ
1037 5834 1134 5888 καὶ
1170 5830 1354 5886 πίστει
1385 5829 1606 5904 καθαρᾷ
1649 5832 1717 5886 ἐκ
1744 5830 1971 5903 πρώτης

2062 3254 2212 3319 dedi,
2239 3261 2296 3307 et
2329 3261 2390 3307 ut
2414 3252 2629 3317 dicunt,
2659 3250 2831 3305 aleam
2852 3248 2983 3321 jeci,
3006 3244 3293 3302 vobiscum
3320 3255 3634 3316 praeoptans

2061 3353 2157 3400 aut
2193 3346 2398 3409 vivere,
2437 3341 2483 3398 si
2526 3339 2793 3407 viceritis,
2855 3347 2952 3394 aut
3000 3338 3252 3400 interire,
3293 3336 3340 3391 si
3388 3335 3446 3390 in
3492 3348 3631 3393 con-

2061 3437 2294 3491 trarium
2340 3435 2562 3491 fortuna
2611 3431 2911 3493 ceciderit.
2938 3432 3111 3487 Porro
3165 3439 3221 3484 et
3267 3428 3414 3485 hunc
3446 3426 3637 3485 divina

2062 3529 2296 3598 quadam
2343 3536 2492 3583 sorte
2525 3531 2852 3596 praesentem
2897 3522 3013 3595 (qui
3062 3518 3449 3591 nunquamjn
3505 3533 3635 3582 eum

2062 3627 2254 3687 utpote
2291 3598 2569 3689 generum,
2592 3613 2813 3675 mentiri
2847 3613 3003 3680 velit,
3035 3612 3249 3682 tibique
3276 3626 3385 3670 non
3418 3618 3636 3665 tantum

2018 3758 2022 3762 .
2064 3717 2292 3780 propter
2339 3723 2524 3762 rerum
2573 3722 2733 3762 usum
2769 3713 2935 3776 atque
2976 3703 3346 3776 prudentiam,
3388 3719 3551 3773 quam
3585 3702 3636 3757 ei

2062 3808 2208 3859 aetas.
2241 3798 2542 3869 longinqua
2605 3796 2817 3867 peperit
2847 3798 2984 3864 ,sed
3030 3804 3253 3866 propter
3294 3810 3413 3849 eam
3465 3792 3640 3847 nihilo

2064 3888 2267 3954 minus,
2326 3902 2433 3963 qua
2490 3888 2544 3940 in
2598 3887 2990 3957 imperatorem
3040 3885 3168 3949 fuit,
3214 3893 3282 3945 et,
3314 3885 3368 3939 in
3430 3882 3643 3943 liberos

2064 3977 2247 4033 adhuc
2281 3987 2387 4044 est,
2432 3991 2691 4048 germana
2724 3976 3052 4055 sinceraque
3106 3976 3375 4031 charitate
3406 3985 3462 4030 et
3508 3973 3637 4034 ﬁde.

2065 4079 2213 4132 recte
2248 4069 2519 4140 consulet)
2560 4078 2887 4146 percontere
2943 4070 3095 4133 licet,
3144 4069 3309 4145 eique
3356 4069 3643 4140 obtempe.

2064 4179 2190 4219 res:
2222 4162 2362 4218 nihil
2392 4162 2539 4217 enim
2585 4160 2841 4231 iniquum
2886 4161 3335 4232 periculosumve
3367 4178 3638 4220 suasurus

2064 4269 2170 4313 est.
2210 4256 2418 4311 Asanes
2480 4261 2664 4307 autem
2708 4253 2961 4327 perinde,
2996 4262 3058 4308 ut
3110 4254 3205 4323 qui
3260 4253 3316 4310 in
3371 4254 3642 4326 gymnicis

2065 4348 2212 4405 ludis
2241 4345 2556 4407 subsidunt.
2597 4360 2706 4414 quo
2763 4360 2888 4400 cum
2930 4347 3236 4401 victoribus
3269 4345 3371 4416 ipsi
3421 4361 3645 4417 quoque

2070 4441 2517 4514 congrediantur,
2578 4439 2649 4492 ad
2705 4437 3000 4493 dicendum
3060 4438 3403 4504 meditatus,
3463 4439 3641 4492 Meam

2071 4537 2317 4610 quidem,
2351 4532 2552 4604 inquit,
2600 4532 2835 4603 patriam
2871 4539 2929 4587 et
2956 4546 3272 4602 germanam
3314 4531 3643 4586 charitatem

2073 4648 2203 4709 erga
2236 4642 2491 4699 magnum
2528 4625 2918 4688 domesticum,
2949 4623 3290 4678 charissima:
3320 4621 3443 4676 ﬁliae
3485 4623 3650 4675 mari-

2073 4733 2188 4779 tum
2220 4736 2384 4776 nemo
2415 4717 2605 4788 utique
2631 4716 2868 4786 ignorat.
2899 4712 3057 4770 Unde
3081 4729 3201 4783 qua:
3226 4714 3483 4769 omnibus
3515 4723 3652 4775 nota.

2072 4823 2222 4878 sunt,
2255 4824 2458 4882 negare
2483 4787 2583 4864 me.
2599 4819 2701 4861 nor
2740 4805 2919 4861 decet.
2952 4803 3298 4858 Manifestum
3330 4811 3419 4862 est
3439 4806 3647 4873 itaque,

2073 4906 2143 4971 si,
2175 4903 2323 4974 quod
2369 4901 2522 4972 cupit
2561 4898 2701 4954 bene
2733 4896 3093 4968 processerit,
3144 4895 3303 4949 illum
3348 4895 3650 4975 imperato-

2074 5013 2212 5062 rem,
2262 5003 2482 5065 gnatam
2530 5005 2707 5046 meam
2741 4989 3188 5060 imperatricem,~
3216 5002 3304 5049 me
3348 4988 3649 5058 imperato—

2074 5105 2196 5144 rum
2228 5098 2462 5158 patrem,
2497 5084 2716 5156 imperii
2753 5092 3090 5145 consortem,
3126 5092 3182 5136 et
3217 5082 3417 5141 illustri
3448 5081 3647 5152 gloria,

2075 5181 2289 5251 magnis
2320 5178 2517 5247 Opibus
2569 5191 2636 5231 ac
2680 5175 2973 5249 splendore
3006 5174 3277 5231 futurum.
3328 5171 3496 5242 Atqui
3546 5187 3649 5248 ego

2076 5272 2353 5325 claritatcs
2392 5268 2526 5323 istas
2602 5275 2654 5321 et
2695 5274 2960 5334 augustos
3014 5264 3274 5328 honores,
3323 5264 3419 5336 qui
3468 5263 3672 5333 cuivis,

2077 5362 2235 5418 alteri
2267 5360 2336 5415 ad
2363 5359 2737 5421 celebritatem
2771 5356 3109 5419 sufﬁcerent,
3146 5356 3251 5410 hoc
3280 5339 3466 5410 rerum
3499 5363 3645 5415 statu

2076 5466 2421 5523 nequaquam
2452 5447 2754 5505 convenire
2785 5447 3047 5503 arbitror.
3081 5447 3375 5502 Namcum
3406 5463 3436 5501 a
3468 5446 3651 5525 prima

2073 5558 2234 5609 aetate
2282 5525 2387 5607 fide
2443 5559 2553 5598 non
2613 5541 2794 5596 fucata
2843 5540 3268 5611 imperatoribus
3315 5538 3648 5602 studuerim.

2077 5639 2260 5701 malim
2315 5637 2423 5692 illis
2477 5633 2807 5697 adharendo
2848 5632 2905 5686 in
2951 5630 3201 5687 miserias
3270 5641 3327 5687 et
3374 5642 3651 5687 aerumnas

2079 5731 2349 5795 incidere,
2395 5743 2557 5798 quam
2593 5741 2720 5783 cum
2768 5723 3187 5780 insidiatoribus
3234 5723 3487 5779 faciendo
3527 5736 3650 5775 am-

2082 5823 2357 5899 plissimos
2404 5820 2649 5875 honores
2722 5826 2785 5873 et,
2831 5817 2974 5873 dona
3013 5815 3268 5888 adipisci.
3319 5815 3395 5870 De
3456 5824 3662 5882 magno,
