4054 6432
492 396 597 460 827

1670 399 1918 463 IOANN
1932 401 2003 462 IS
2044 403 2579 467 CANTACUZENI

3645 410 3759 473 823

494 512 785 574 malorum,
825 510 1166 580 degationcm
1211 510 1279 565 ad
1328 510 1734 582 imperatriccm
1781 515 2062 571 destinan-

2170 522 2433 592 γεννήτου
2526 522 3079 593 προσαγορευομένην
3108 546 3113 551 ο
3141 522 3333 577 πυλίδα
3407 521 3755 603 διατεμόντες

491 600 616 654 dam
665 611 912 667 censent,
940 604 1137 670 partim
1166 603 1407 658 audacia:
1441 605 1658 675 culpam
1696 606 2066 674 deprecaturi,

488 692 638 760 quod
671 693 791 747 solo
838 689 1039 750 tim'ore
1067 696 1327 765 periculi,
1352 713 1462 751 non
1493 698 1637 752 malo
1675 700 1859 752 animo
1896 699 1948 753 id
1988 699 2071 754 fe-

491 783 720 848 cissent,
762 787 962 853 partim
1010 788 1227 842 veniam
1270 788 1445 857 ipsam
1502 790 1770 859 rogaturi.
1808 805 1915 858 qua
1966 789 2069 843 do-

490 889 640 928 mum
694 875 876 932 redire
927 879 1141 934 liceret.
1203 880 1372 934 Erant
1416 879 1564 935 enim
1622 880 1675 934 in
1726 890 1916 945 metu,
1959 896 2070 947 ne.

488 967 740 1035 quamvis
771 970 915 1025 istuc
946 972 1277 1026 necessitate
1308 971 1484 1027 coacti
1518 972 1772 1038 fuissent,
1802 989 1830 1026 a
1874 989 2069 1044 magno

488 1058 795 1117 domestico
838 1063 1011 1118 nihilo
1055 1065 1237 1118 minus
1269 1078 1370 1132 pro
1402 1079 1587 1118 rerum
1621 1080 1885 1119 novarum
1917 1067 2071 1136 cupi-

487 1149 573 1204 dis
622 1153 1186 1218 reprehenderentur.
1247 1154 1363 1208 Iloc
1422 1163 1634 1209 statuto
1692 1143 2068 1226 Nicephorum

483 1240 951 1310 Cantacuzenum,
988 1246 1171 1314 magni
1198 1245 1490 1300 domestici
1522 1247 1850 1316 patruelem,
1884 1258 1938 1303 et
1961 1248 2071 1304 Ga-

485 1332 662 1412 balam
689 1337 821 1405 (qui
847 1334 1091 1389 nondum
1126 1352 1299 1404 usque
1324 1337 1391 1390 ad
1414 1338 1563 1392 illam
1595 1339 1786 1394 horam
1818 1351 2067 1411 apertum

484 1426 686 1494 seejus
728 1426 1013 1479 inimicum
1059 1426 1461 1493 declaraverat,
1492 1429 1591 1484 sed
1633 1431 1813 1486 adhuc
1857 1436 2069 1491 amicus

481 1513 815 1581 apparebat)
849 1513 916 1567 ad
963 1515 1370 1583 imperatricem
1411 1520 1660 1575 mittunt.
1696 1520 1771 1574 lbi
1808 1522 2067 1590 Gabalas.

480 1617 542 1658 ut
588 1620 734 1659 unus
781 1605 850 1658 de
899 1607 1222 1675 conjuratis,
1270 1610 1519 1664 omnium
1563 1627 1794 1682 gnarus,
1839 1623 1896 1669 et
1928 1615 2071 1687 fugi-

481 1698 716 1751 tivorum
762 1699 1142 1755 infidelitatem
1199 1711 1386 1771 aperte
1428 1720 1715 1772 accusare,
1767 1717 1826 1762 et
1876 1719 2070 1765 contra

479 1805 739 1859 magnum
767 1790 1129 1846 domesticum
1162 1793 1352 1849 eadem
1380 1811 1502 1865 quae
1534 1797 1721 1871 caeteri
1752 1798 2062 1857 eﬂ‘undere.

2173 605 2339 680 (ἦσαν
2369 610 2427 664 δὲ
2480 609 2577 664 δύο
2610 609 2705 664 zeal
2732 610 3145 681 τεσσαράκοντα
3173 610 3263 665 τὸν
3288 611 3543 680 ἀριθμὸν,
3560 610 3754 665 Ἀπελ-

2174 698 2306 768 μενὲ
2347 698 2485 766 πρὸς
2526 698 2626 768 τὴν
2656 697 2860 767 πρᾶξιν
2905 699 3217 770 ἡγουμένου
3243 697 3304 761 ὃς
3333 698 3444 751 τῶν
3484 698 3756 752 οίκειοτά-

2170 804 2280 839 των
2302 787 2381 857 τῷ
2408 785 2637 858 μεγάλῳ
2661 787 2967 858 δομεστίκῳ
2994 784 3107 858 ἦν),
3137 786 3242 854 ἔξω
3269 786 3468 855 τειχῶν
3497 787 3754 854 ἐγένοντο

2170 873 2494 940 Βυζαντίου.
2534 876 2691 930 Ἐπεὶ
2724 876 2780 930 δὲ
2816 878 2926 931 τῶν
2961 877 3435 947 προσδοκωμένων
3476 877 3765 948 ἀπηλλάτο-

2169 985 2325 1022 τοντο
2358 968 2571 1034 δεινῶν,
2607 969 2787 1023 ἐδόκει
2810 969 2923 1022 δεῖν
2958 969 3259 1040 πρεσδείαν
3305 969 3581 1023 ποιεῖσθαι
3612 969 3759 1041 πρὸς»

2171 1064 2272 1129 τὴν
2331 1060 2596 1131 βασιλίδα,
2646 1061 2807 1115 τοῦτο
2859 1062 2959 1131 μὲν
2990 1062 3132 1133 ὑπὲρ
3181 1061 3293 1115 τῶν
3329 1063 3751 1130 τετολμημένων

2171 1154 2622 1224 παραιτούμενοι,
2675 1155 2751 1218 ὡς
2796 1153 2857 1206 οὐ
2902 1153 2990 1207 διὰ
3025 1153 3247 1220 κακίαν,
3307 1152 3444 1206 ἀλλὰ
3469 1152 3751 1214 δείσαντες

2169 1244 2534 1298 τὸν⁸κίνδυνον
2565 1246 2930 1316 τολμήσαιενο
2960 1244 3123 1297 τοῦτο
3163 1244 3220 1297 δὲ
3258 1245 3352 1297 zeal
3377 1245 3624 1314 δεόμενοι
3655 1243 3754 1295 αὒ-

2169 1336 2266 1406 τῆς
2298 1335 2373 1398 ὡς
2403 1338 2450 1389 εί
2474 1337 2814 1407 παράσχοιτο
2840 1334 3199 1405 συγγνώμην,
3227 1335 3594 1406 ὲπανήξοντες
3615 1334 3751 1404 πρὸς

2168 1429 2269 1491 τὰς
2293 1426 2491 1491 οἰκίας.
2536 1428 2843 1480 Ἑδεδίεσαν
2873 1427 3005 1496 γὰρ,
3045 1427 3121 1496 μὴ
3164 1425 3261 1479 καί
3291 1443 3376 1479 τοι
3408 1426 3549 1496 πρὸς
3579 1426 3752 1494 ἀνάγ-

2170 1538 2276 1590 κην
2321 1520 2401 1584 είς
2451 1518 2683 1572 τοιαῦτα
2717 1520 3129 1585 συνελαθέντες,
3167 1517 3262 1572 zeal
3318 1518 3472 1586 παρά
3528 1518 3766 1587 μεγάλῳι

2170 1611 2482 1681 δομεστίκῳ
2531 1611 2641 1664 τῶν
2690 1610 3119 1679 τετολμημένων
3168 1608 3334 1662 ἕνεκα
3368 1607 3444 1670 ὡς
3495 1609 3751 1676 νεωτερί-

2172 1703 2356 1767 ζοντες
2381 1701 2711 1756 εὖθύνοιντο.
2750 1701 2904 1754 Ἐπεὶ
2932 1702 2989 1754 δὲ
3018 1700 3248 1755 τοιαῦτα
3278 1698 3447 1769 ἔδοξε,
3476 1700 3566 1752 τὸν
3596 1701 3747 1752 Κανο

2169 1776 2510 1863 τακουζηνδν
2550 1790 2956 1862 άπολεξάμενοι
2989 1790 3323 1861 Νικηφόρον,
3375 1791 3432 1853 ὃς
3463 1789 3751 1856 ἐξάδελφος

478 1880 818 1950 Imperatrici
848 1883 1008 1939 ﬁdem
1038 1887 1241 1940 mereri
1267 1886 1560 1942 videbatur
1588 1906 1601 1943 :
1629 1867 1687 1945 et
1709 1890 1937 1946 omnino
1968 1907 2063 1961 pa-

2168 1882 2246 1953 τῷ
2276 1880 2496 1953 μεγάλῳ
2519 1881 2826 1952 δομεστίκῳ
2850 1880 2940 1950 ἦν,
2977 1881 3070 1933 καὶ
3098 1878 3270 1931 Γασαῖ
3284 1879 3371 1944 ἂν,
3397 1877 3550 1929 οὔπω
3586 1877 3757 1943 μέχρι

356 2043 366 2052 ,
479 1972 754 2039 triarchae,
787 1974 1022 2044 aliisque
1048 1977 1225 2047 palam
1255 1993 1315 2034 se
1344 1994 1671 2051 aggregans,
1707 1981 1846 2036 nihil
1872 1996 2063 2037 eorum

474 2080 599 2133 quae
631 2076 823 2121 contra
853 2082 1113 2137 magnum
1157 2069 1523 2127 domesticum
1568 2072 1933 2143 agitarentur,
1965 2090 2066 2145 pro

476 2172 575 2211 sua
604 2164 758 2225 parte
781 2158 1122 2229 negligebat.
1157 2160 1237 2216 Ex
1267 2177 1378 2233 quo
1412 2163 1578 2234 hujus
1602 2164 1687 2219 sui
1715 2179 1844 2236 erga
1882 2165 2060 2236 impe-

416 2320 421 2325 ἡ
476 2247 733 2300 ratricem
774 2246 944 2303 studii
978 2250 1267 2318 praemium
1307 2253 1697 2323 protosebasti,
1735 2262 1925 2323 postea
1956 2269 2069 2309 ma-

475 2339 564 2407 gni
610 2338 901 2408 logotbeta:
942 2341 1266 2413 dignitatem
1319 2344 1554 2414 accepit.
1586 2345 1934 2415 NiCephorus
1964 2361 2067 2400 au-

475 2439 582 2483 tem
607 2428 1023 2490 Cantacuzenus
1052 2450 1275 2490 carcere
1305 2436 1572 2492 multatus
1607 2446 1713 2491 est.

2169 1976 2294 2028 τότε
2317 1974 2395 2046 τῷ
2421 1974 2644 2046 μεγάλῳ
2682 1973 2991 2043 δομεστίκῳ
3020 1970 3286 2041 πολέμιον
3329 1968 3607 2038 φανερῶς,
3635 1965 3763 2018 ἀλλ’

2172 2068 2255 2123 ἔτι
2308 2069 2420 2131 τοῖς
2453 2066 2668 2120 ἐκείνου
2720 2065 2896 2135 φίλοις
2950 2060 3412 2128 συνεξετάζεσθαι
3468 2058 3752 2121 δοκοῦντα,

2174 2161 2455 2229 πέμπουσι
2493 2156 2630 2228 πρὸς
2687 2153 2957 2227 βασιλίδα.
3005 2154 3161 2208 Ἐπεὶ
3189 2152 3246 2206 δὲ
3312 2152 3594 2221 ἀφίκοντο,
3651 2149 3763 2202 Γα-

2173 2253 2347 2315 σαλᾶς
2391 2250 2494 2321 μὲν
2522 2243 2611 2302 οἷα
2654 2248 2720 2317 δὴ
2753 2246 2822 2299 τὰ
2859 2245 3153 2316 ἀπόρρητα
3188 2243 3421 2305 ἐκείνοις
3470 2238 3751 2304 συνειδὼς,

2172 2342 2281 2397 τῶν
2312 2359 2371 2395 τε
2412 2338 2753 2409 διαδράντων
2787 2337 3050 2392 ἀπιστίαν
3091 2337 3392 2404 κατηγόρει
3434 2331 3754 2405 προφανῶς,

2152 2435 2248 2489 zeal
2301 2435 2443 2488 κατὰ
2506 2430 2749 2502 μεγάλου
2808 2428 3130 2499 δομεστίκου
3187 2426 3261 2480 τὰ
3296 2424 3386 2479 ῐσα
3417 2427 3530 2487 τοῖς
3574 2420 3752 2484 ἄλλοις

473 2522 671 2588 λέγων,
719 2523 893 2578 ἐδόκει
942 2526 1240 2596 ἀξιόχρεως
1276 2528 1359 2590 εἰς
1415 2528 1602 2580 πίστιν
1674 2528 1948 2597 βασιλίδι*
1984 2525 2082 2581 καὶ
2110 2526 2425 2596 πατριάρχῃ
2460 2525 2553 2576 καὶ
2595 2524 2710 2586 τοῖς
2755 2521 2936 2586 ἄλλοις
2997 2519 3251 2590 φανερῶς
3287 2518 3749 2588 συντεταγμένος,

473 2612 536 2664 τό
590 2628 655 2678 γε
721 2615 802 2675 είς
832 2614 995 2668 αὑτὸν
1034 2611 1171 2685 ἧκον
1227 2616 1382 2671 οὐδὲν
1424 2619 1620 2687 ἠμέλει
1646 2619 1755 2671 τῶν
1804 2618 1948 2672 κατὰ
1998 2617 2240 2689 μεγάλου
2293 2614 2619 2685 δομεστίκου
2658 2613 3089 2684 τπραττομένων.
3151 2611 3318 2667 Ὅθεν
3366 2610 3462 2665 καὶ
3517 2610 3617 2671 τῆς
3673 2608 3751 2670 είς

483 2701 733 2770 βασιλίδα
780 2702 996 2764 εὐνοίας
1029 2699 1193 2756 ἆθλον
1241 2705 1303 2756 τὸ
1342 2705 1802 2777 πρωτοσεὸαστοῦ
1848 2704 2066 2776 ἀξίωμα
2097 2707 2313 2775 εἰλήφει
2333 2744 2348 2768 ,
2393 2703 2570 2773 χρόνῳ
2598 2702 2655 2756 δὲ
2685 2703 2911 2774 ὕστερον
2944 2705 3126 2760 καὶτὸ
3157 2702 3400 2777 μεγάλου
3431 2699 3746 2770 λογοθέτου.

474 2792 791 2865 Νικηφόρος
845 2794 901 2847 δὲ
929 2796 957 2848 ό
989 2796 1448 2868 Καντακουζηνὸς
1479 2801 1537 2852 ὲν
1573 2799 1941 2871 δεσμωτηρίῳ
1976 2798 2386 2854 κατακλείεται.

1878 2921 2106 2978 CAPUT
2147 2920 2344 2976 XXIII.

474 3036 711 3120 Fugitivi
745 3039 1163 3120 Didyniotighum
1208 3045 1547 3120 perfugiunt;
1599 3061 1795 3120 magno
1823 3045 2124 3120 domestica
2138 3052 2261 3120 acta
2297 3049 2566 3120 narrant;
2620 3040 2715 3110 qui
2762 3039 2933 3120 αιὶιιά.
2962 3037 3260 3120 suspicans,
3315 3035 3630 3120 liyznnt'ium
3657 3053 3748 3120 eos

546 3106 808 3185 {emittere
832 3106 964 3185 uult.
1000 3111 1124 3165 Post
1157 3106 1226 3167 ad
1248 3106 1636 3185 ignipératricem
1670 3106 1867 3185 [Egatos
1895 3117 2080 3174 mittit,
2105 3112 2260 3185 illam
2299 3114 2453 3182 ofﬁcii
2476 3106 2760 3185 admonet;
2797 3114 2881 3185 αα.
2905 3106 3175 3185 judicium
3207 3123 3263 3159 se
3288 3108 3465 3185 offert,
3505 3106 3688 3185 Legati
3713 3123 3748 3185 α

544 3183 1131 3259 ministrisﬁpocaetchi
1160 3176 1740 3259 spolia'ntur,_carceri'
1776 3187 2088 3259 traduntur.
2116 3176 2421 3259 Iarbanies
2469 3182 2530 3234 ob
2565 3180 2630 3259 _id
2677 3196 2797 3259 suos
2847 3176 3161 3259 domesticus
3208 3178 3511 3259 compescit.
3541 3176 3747 3259 Legatis

543 3251 753 3325 dicendi
803 3246 962 3325 locus
1000 3246 1197 3307 datur:
1234 3246 1578 3325 Apocauchtts
1637 3256 1989 3325 impeditum
2020 3253 2286 3325 judicium
2353 3251 2637 3325 domestico
2688 3249 3036 3325 decernatur,-
3077 3248 3160 3299 cui
3209 3246 3744 3325 contumelias-dicit.

540 3320 728 3442 Legati
752 3322 1148 3389 custodiuntur.
1178 3314 1415 3393 Augetur
1441 3323 1565 3377 belli
1596 3314 1841 3378 societas.
1864 3314 2204 3386 'Dontésticus
2226 3321 2389 3373 hostis
2420 3319 2751 3397 declaratur.
2783 3316 3032 3370 Proceres
3052 3331 3173 3369 rum
3195 3316 3263 3370 ad
3284 3331 3460 3369 moras
3487 3314 3746 3370 tollendas

541 3407 597 3442 so
647 3394 855 3442 icitant.
3704 3418 3705 3421 η

541 3407 855 3443 Summam.

647 3394 855 3446 icitant.

543 3505 774 3575 Fugitivi
824 3522 1009 3575 porro.
1062 3515 1123 3561 ut
1161 3507 1393 3561 alterum
1439 3509 1744 3576 legatorum
1791 3506 2058 3561 custodiae

2233 3503 2297 3557 Ol
2327 3502 2567 3571 φυγάδες
2593 3502 2695 3571 μέν
2714 3501 2801 3555 τοί
2824 3519 2888 3569 γε
2920 3504 3145 3568 ἐκεῖνοι,
3177 3503 3300 3555 ἐπεὶ
3334 3502 3444 3555 τῶν
3466 3502 3746 3573 πρέσϐεων

471 3595 814 3658 mandatum,
856 3595 1116 3649 Gabalam
1167 3612 1300 3651 vero
1350 3597 1495 3651 inter
1543 3597 1831 3651 domestici
1875 3597 2063 3651 hostes

470 3701 674 3742 nomen
720 3700 883 3741 suum
916 3687 1094 3754 palam
1123 3687 1369 3757 proﬁteri
1397 3687 1752 3752 audiverunt,
1787 3689 2062 3744 reditione

439 3774 1261 3848 'desperata,‘Didymotichum
1297 3779 1364 3833 ad
1403 3795 1656 3850 magnum
1693 3779 2059 3835 domesticum

472 3870 921 3939 proﬁciscuntur,
953 3878 1073 3924 acta
1100 3871 1285 3925 omnia
1331 3870 1490 3943 421
1527 3881 1583 3926 et
1612 3872 1816 3927 bellum
1851 3875 1903 3926 in
1932 3889 2058 3928 eum

468 3970 792 4030 susceptum
827 3970 1131 4032 exponunt.
1194 3962 1297 4028 Qui
1348 3972 1457 4019 tam
1504 3980 1642 4018 nova
1697 3973 1755 4020 et
1802 3966 2062 4036 inexspe-

468 4061 616 4107 c'ata
659 4053 853 4109 nolens
883 4054 1129 4118 credere,
1180 4056 1409 4125 putabat
1453 4073 1548 4113 eos
1591 4057 1801 4113 oﬂ‘ensa
1829 4061 1880 4113 in
1922 4075 2060 4128 quo-

472 4144 616 4212 piam
648 4145 893 4214 Augusta
933 4144 1239 4215 periculum
1285 4145 1606 4217 fugisse,!et
1637 4149 1754 4203 lta'c
1792 4148 1860 4203 de
1904 4164 2059 4203 com-

469 4243 628 4305 pacto
651 4243 844 4290 contra
884 4251 1004 4290 eam
1040 4236 1417 4292 confinxisse:
1453 4251 1556 4292 nec
1601 4238 1748 4291 enim
1792 4238 1882 4292 tali
1917 4248 2085 4301 ιιειῐι-⁵

469 4341 601 4394 pore
640 4326 720 4381 sic
771 4327 969 4381 mutari
1029 4328 1299 4396 potuisse.
1327 4325 1510 4392 Quare
1560 4343 1657 4383 eos
1711 4327 2053 4399 Byzantium,

467 4434 780 4490 quanquam
815 4419 1017 4474 invitos
1066 4419 1343 4489 cogitabat
1373 4420 1675 4482 remittere,
1735 4413 1807 4475 ut.
1841 4422 1885 4474 si
1923 4423 2053 4489 quid

468 4512 522 4566 in
556 4512 960 4580 imperatricem
992 4512 1393 4578 peccavissent,
1424 4511 1477 4564 id
1508 4511 1710 4566 debitis
1742 4511 1921 4579 poenis
1957 4528 2055 4566 ex-

467 4604 706 4673 piarent.
755 4604 876 4672 Ipse
906 4619 1037 4657 vero
1081 4603 1148 4656 ad
1197 4603 1605 4671 expeditionem
1658 4605 2052 4659 occidentalem

462 4696 573 4764 jam
626 4694 953 4758 instructus,
994 4694 1067 4747 ita
1108 4694 1325 4747 volebat
1369 4709 1484 4748 rem
1521 4695 1765 4763 aggredi.
1802 4695 1908 4751 Sed
1958 4697 2051 4750 ubi

467 4796 590 4856 post
628 4801 797 4840 unum
829 4788 1132 4841 alterumve
1163 4786 1307 4839 diem
1345 4787 1502 4840 multi
1549 4788 1809 4857 Byzantio
1853 4805 2052 4860 super—

2166 3596 2256 3649 τδν
2293 3595 2393 3666 μὲν
2440 3594 2706 3648 ἐπύθοντο
2746 3594 3059 3666 εἰργμένον,
3116 3596 3153 3647 Γ
3159 3595 3369 3649 αδαλᾶν
3408 3596 3467 3649 δὲ
3499 3598 3611 3656 τοῖς
3647 3612 3746 3664 μεο

2165 3687 2637 3758 γάλῳδομεστίκῳ
2660 3685 2963 3756 πολεμοῦσι
2992 3688 3435 3756 συντεταγμένον
3477 3690 3743 3759 φανερῶς,

2163 3766 2495 3848 ἀπογνόντες
2552 3779 2652 3848 τὴν
2707 3780 2989 3846 ἐπάνοδον,
3046 3782 3127 3843 είς
3164 3780 3551 3851 Διδυμότενχον
3582 3781 3744 3852 ᾑπαρὰ

2163 3872 2256 3926 τὸν
2294 3873 2476 3940 μέγαν
2517 3872 2840 3940 δομέστικον
2867 3872 3248 3939 ἀφικνοῦνται,
3289 3874 3379 3925 καὶ
3414 3872 3482 3926 τὰ
3519 3889 3746 3942 γεγενη-

2164 3966 2301 4035 μένα
2357 3965 2534 4018 πάντα
2584 3962 3027 4031 ἀπαγγέλλουσι,
3060 3964 3154 4016 καὶ
3196 3963 3290 4016 τὸν
3339 3964 3610 4035 πόλεμον,
3653 3964 3745 4016 τὸν

2161 4055 2520 4125 κεκινημένον
2583 4054 2723 4125 πρός
2781 4054 2967 4109 αὐτόν.
3044 4054 3106 4107 Ὀ
3174 4052 3232 4106 δὲ
3307 4055 3584 4108 πιστεύειν
3645 4056 3745 4108 οὐκ

2158 4147 2434 4217 ἠϐούλετο.
2498 4147 2586 4199 διὰ
2646 4144 2755 4197 τῶν
2787 4144 3288 4213 ἀπαγγελλομένων
3318 4145 3417 4218 τὴν
3473 4146 3705 4200 ἀτοπίαν
3728 4163 3742 4179 ο

2160 4238 2274 4291 ἀλλ’
2334 4236 2473 4305 ᾤετο
2534 4235 2731 4298 αὐτούς
2790 4253 2845 4289 τι
2911 4235 3145 4305 βασιλίδι
3205 4238 3741 4308 προσκεκρουκότας,

2159 4328 2478 4396 διαδράναι,
2537 4328 2824 4391 δείσαντας
2873 4328 2969 4379 τὸν
3019 4327 3302 4393 κίνδυνον,
3362 4328 3455 4382 zeal
3512 4345 3743 4397 συνηγο-

2163 4420 2389 4489 ροῦντας
2460 4421 2673 4482 ἑαυτοῖς
2750 4419 2977 4473 τοιαῦτα
3047 4418 3322 4489 βασιλίδος
3411 4419 3745 4488 καταψεύδε-

2160 4508 2285 4563 σθαι
2310 4525 2324 4538 ’
2369 4509 2505 4579 μηδὲ
2541 4509 2649 4578 γὰρ
2684 4509 2749 4562 ἄν
2782 4524 2914 4561 ποτε
2951 4508 3169 4578 ἐκείνην
3201 4510 3261 4562 ὲν
3293 4509 3533 4579 τοσούτῳ
3564 4509 3741 4580 χρόνῳ

2158 4599 2413 4668 τοιαύτην
2455 4599 2760 4665 ὑποστῆναι
2801 4597 2900 4665 τὴν
2942 4598 3273 4669 μεταῦολήν.
3301 4599 3468 4653 Ὅθεν
3505 4604 3601 4654 καὶ
3637 4601 3744 4653 διε-

2156 4692 2329 4744 νοεῖτο
2351 4730 2365 4753 ,
2396 4691 2523 4749 τοὺς
2561 4690 2661 4759 μὲν
2692 4689 2938 4757 φυγάδας
2976 4686 3136 4752 αὖθις
3164 4741 3173 4751 ,
3200 4694 3278 4754 εἰς
3313 4690 3609 4755 Βυζάντιον
3652 4692 3744 4745 zeal

2158 4782 2392 4842 ἄκοντας
2432 4781 2772 4849 ἐκπέμπειν,
2812 4782 2953 4835 εἴτι
2993 4781 3226 4852 βασιλίδι
3265 4784 3741 4854 προσκεκρούκασι

465 4879 773 4944 venientes,
819 4880 1011 4933 eadem
1045 4894 1169 4934 cum
1216 4879 1461 4949 fugitivis
1491 4881 1821 4947 retulerunt,
1859 4885 2053 4952 paulu-

2164 4875 2308 4935 δίκας
2350 4872 2647 4941 ὑφέξοντας
2686 4862 2866 4937 ἀξίας.
2904 4874 3077 4936 Αὐτὸς
3117 4874 3174 4927 δὲ
3218 4875 3355 4941 πρὸς
3389 4876 3489 4945 τὴν
3527 4876 3608 4938 είς
3645 4874 3741 4946 τὴν

467 4971 581 5024 lum
609 4969 1049 5035 subsistendum,
1077 4969 1521 5041 legationemque
1548 4972 1616 5026 ad
1645 4972 2051 5041 imperatricem

471 5063 794 5117 mittendam
824 5063 1110 5134 judicavit.
1140 5061 1330 5132 Itaque
1360 5066 1679 5135 praefectum
1714 5066 1910 5123 Gaurae
1941 5082 2058 5119 mo—

466 5155 732 5218 nasterio,
758 5156 938 5210 virmn
983 5156 1177 5212 virtuti
1240 5156 1488 5212 deditum
1523 5168 1579 5213 et
1610 5152 1850 5229 politicis
1893 5174 2060 5227 nego—

420 5256 430 5264 '
469 5249 562 5303 tiis
591 5247 867 5302 obeundis
907 5248 1166 5303 idoneum
1196 5249 1422 5320 delegit,
1456 5266 1696 5320 eumque
1731 5266 1855 5305 cum
1894 5251 2057 5303 mini-

464 5344 584 5389 stro
631 5335 751 5405 ejus
800 5335 1130 5407 Sguropulo,
1169 5337 1395 5394 homine
1447 5355 1556 5393 non
1602 5340 1795 5404 stulto,
1838 5347 1893 5393 et
1951 5339 2047 5408 qui

463 5426 796 5495 legationem
842 5428 1031 5483 dextre
1082 5445 1145 5483 ac
1192 5428 1398 5484 diserte
1449 5436 1633 5498 posset
1675 5443 1955 5497 exponere
1991 5438 2048 5483 et
2106 5484 2135 5493 ,τ

467 5516 694 5585 referre,
721 5519 788 5573 ad
822 5519 1226 5590 imperatricem
1260 5520 1583 5590 Byzantium
1620 5520 1784 5590 legat.
1830 5521 1904 5576 Ac
1937 5521 2051 5592 pri-

466 5624 618 5663 mum
648 5610 866 5679 quidem
891 5612 1255 5683 jurejurando
1279 5612 1536 5677 aﬂirmat,
1566 5628 1626 5668 se
1657 5613 1881 5681 nullius,
1915 5629 2053 5684 quo-

466 5718 591 5758 rum
614 5715 992 5774 accusaretur,
1019 5704 1125 5762 sibi
1158 5720 1283 5761 esse
1314 5705 1626 5761 conscium.
1661 5704 1870 5762 Deinde
1904 5717 2050 5775 orat,

474 5810 545 5851 ne
586 5794 950 5854 obliviscatur
996 5812 1120 5870 quae
1176 5813 1355 5869 nuper
1408 5808 1682 5871 praesente
1742 5800 2056 5872 patriarcha

2153 4965 2396 5034 ἑσπέραν
2458 4965 2820 5032 ἐκστρατείαν
2879 4964 2983 5034 ἤδη
3044 4966 3570 5035 παρεσκευασμένος
3628 4964 3738 5029 ὢν,

2155 5058 2381 5127 ἔμελλεν
2422 5057 2584 5127 ἔργου
2628 5058 2730 5130 ἤδη
2777 5044 3018 5127 ἔχεσθαι.
3054 5057 3143 5120 Ὣς
3187 5058 3244 5110 δὲ
3292 5038 3430 5128 μετά
3475 5059 3603 5128 μίαν
3646 5058 3742 5117 καὶ

2153 5151 2415 5220 δευτέραν
2450 5152 2668 5221 ἡμέραν
2691 5190 2707 5213 ,
2746 5151 2935 5202 πολλολ⁵
2970 5153 3035 5203 ὲκ
3072 5149 3368 5215 Βυζαντίου
3402 5151 3703 5220 ἀφιγμένοι
3726 5191 3741 5215 ,

2153 5244 2223 5296 τὰ
2265 5243 2354 5295 ica
2396 5246 2491 5296 zeal
2529 5243 2684 5296 αὐτοὶ
2727 5241 3078 5311 ἀπήγγελλον
3109 5245 3223 5305 τοῖς
3264 5242 3529 5309 φυγάσιν,
3559 5242 3741 5294 ἐδόκει

2154 5321 2266 5391 δεῖν
2298 5336 2699 5405 περιμείναντα
2732 5334 2962 5404 μικρὸν,
2995 5332 3298 5403 πρεσϐείαν
3330 5334 3464 5404 πρὸς
3496 5332 3739 5403 βασιλίδα

2156 5427 2287 5499 περὶ
2311 5428 2421 5481 τῶν
2449 5428 2841 5498 πραττομένων
2871 5425 3135 5496 πέμπειν.
3168 5424 3279 5479 Καὶ
3305 5425 3396 5477 τὸν
3420 5428 3521 5494 τῆς
3553 5423 3737 5492 Γαυρᾶ

2159 5521 2329 5592 μονῆς
2356 5519 2665 5592 ἡγούμενον
2694 5517 3124 5588 ἀπολεξάμενος.
3153 5515 3321 5586 ἄνδρα
3352 5517 3553 5586 ἀρετῆς
3587 5517 3739 5567 ἀντι-

2159 5613 2503 5685 ποιούμενον,
2528 5613 2624 5666 zeal
2646 5612 2950 5675 πολιτικοῖς
2975 5610 3299 5681 πράγμασιν
3318 5609 3527 5681 ὁμιλεῖν
3548 5606 3739 5676 ἔχοντα

2161 5705 2506 5777 ἐπιτηδείως,
2531 5705 2625 5758 zeal
2648 5703 3055 5773 Σγουρόπουλον
3077 5704 3142 5755 ὲκ
3164 5701 3276 5755 τῶν
3298 5698 3527 5753 οἰκετῶν
3547 5697 3738 5759 αὐτοῦ,

2167 5798 2393 5854 συνετόν
2420 5814 2481 5852 τε
2520 5796 2641 5869 ἅμα
2683 5796 2778 5852 καὶ
2816 5794 3117 5867 δυνάμενον
3150 5794 3463 5865 ἀπταίστως
3499 5792 3568 5847 τὰ
3606 5789 3739 5864 stag?
