4054 6420
341 461 451 524 8Ξ9

1552 429 2097 498 HISTORIARUM
2137 428 2366 488 LIBER
2412 426 2518 487 III.

3502 408 3613 474 830

344 560 504 638 ἐκατέ
517 595 624 648 ρων
653 567 1022 638 ἀπαγγέλλειν
1047 559 1578 632 διαπρεσϐευόμενα,
1607 555 1744 624 πρὸς
1775 552 1929 621 βασι-

2056 545 2277 600 νίιιίεείιῐι
2303 545 2604 614 jurassent,
2630 550 2766 592 neve
2799 548 2858 588 se
2889 529 3223 594 inauditum,
3252 525 3617 595 sycophanta-

2212 644 2221 648 -
2308 644 2319 648 -
2443 647 2470 648 η
2493 645 2507 648 -
2528 629 2584 648 j-
2627 625 2852 648 _-__:I.-.,.
2883 630 3129 648 nA-Mhln
3193 631 3346 648 meum
3381 629 3617 648 nothi-nn-

343 676 464 730 λίδα
493 646 572 732 si;
600 664 902 728 Βυζάντιον
927 657 1225 726 ἐκπέμπει.
1254 653 1366 707 Καὶ
1391 649 1586 720 πρῶτα
1616 648 1716 716 μὲν
1742 646 1926 713 ὅρκοις

345 760 636 820 ἑπιστοῦτο
663 756 737 817 ὡς
763 751 918 806 οὐδὲν
946 749 1092 818 αὐτῷ
1119 745 1228 800 τῶν
1253 739 1723 814 κατηγορημένων
1751 749 1928 788 συνει-

349 857 461 925 δείη
487 871 500 884 ·
537 853 733 906 ἔπειτα
766 847 935 900 ἐδεῖτο
969 845 1044 911 μὴ
1075 839 1184 894 τῶν
1213 838 1380 905 ὀλίγῳ
1412 837 1678 906 πρότερον
1708 831 1800 883 ἐπὶ
1831 825 1926 880 τοῦ

349 923 693 1017 πατριάρχου
731 940 868 1008 πρλις
903 934 1166 1001 ἀλλήλους
1201 931 1385 991 αὐτοῖς
1421 926 1804 996 γεγενημένων
1838 923 1932 990 ὅρ-

349 1013 857 1093 κων-ἐκλαθέσθαι,
908 1022 1070 1101 μηδὲ⁸
1089 1023 1302 1090 ἐρήμην
1341 1016 1507 1070 αὐτοῦ
1548 1013 1932 1084 καταψηφίσα-

351 1130 476 1183 σθαι
509 1127 622 1186 τοῖς
662 1120 1028 1187 συκοφάνταις
1064 1111 1398 1180 πειθομένην
1435 1107 1618 1178 μόνοις
1644 1147 1659 1172 ,
1693 1104 1808 1160 ἀλλ’
1837 1104 1932 1157 ἐπὶ

350 1222 507 1291 δίκην
548 1216 758 1276 καλεῖν,
795 1211 890 1264 καὶ
933 1209 1040 1260 τῶν
1084 1205 1447 1274 ἐγκλημάτων
1491 1200 1713 1267 ἔλεγχον
1759 1199 1928 1249 ποιεῖ-

356 1269 498 1291 -----,-
552 1269 560 1271 ν
744 1269 755 1276 ,
1125 1269 1136 1274 -
1241 1269 1272 1273 ν-

356 1317 503 1368 σθαι.
533 1310 706 1364 Αὐτὴν
731 1306 839 1375 γὰρ
871 1299 1011 1356 εἶναι
1043 1295 1566 1369 παρεσκευασμένον
1591 1290 1668 1361 τῷ
1699 1269 1957 1358 κατηγο-ι

362 1406 546 1478 ροῦντι
586 1399 750 1454 παντὶ
785 1389 1272 1449 ἀντικαθίστασθαι
1320 1388 1452 1454 πρὸς
1493 1385 1650 1448 δίκην
1677 1401 1688 1414 ·
1723 1385 1838 1445 τοῖς
1876 1380 1934 1433 δὲ

360 1468 724 1560 ἐκπεμφθεῖσι
771 1481 1033 1552 πρέσϐεσι
1085 1476 1426 1545 προθεσμίαν
1475 1473 1697 1542 ἡμερῶν
1741 1468 1937 1539 παρεί-

357 1601 482 1657 χετο
523 1582 654 1648 ὅσην
693 1576 830 1647 ῷετο
869 1572 1129 1640 ἀρκέσειν
1170 1567 1432 1638 βασιλίδι,
1474 1565 1615 1618 ὥστε
1662 1564 1790 1632 περὶ
1825 1561 1934 1613 τῶν

357 1655 642 1746 παρόντων
687 1667 1038 1737 σκεψαμένην
1080 1661 1323 1734 ἀκριϐῶς
1365 1659 1665 1727 ἀπολογίαν
1707 1655 1936 1709 ἀποδοῦ-

351 1783 474 1821 ναι·
515 1764 582 1816 ἵν’
608 1765 669 1816 εἶ’
703 1761 800 1830 μέν
836 1757 970 1828 όμοῦ
1003 1755 1074 1808 τὰ
1110 1753 1363 1821 λυσιτελῆ
1405 1752 1500 1802 καὶ
1537 1749 1724 1802 δίκαια
1762 1746 1936 1815 πράτ-

349 1877 465 1914 τειν
490 1855 746 1930 ᾑρημένη
775 1851 1126 1920 δικαστήριον
1153 1845 1389 1908 καθίζοι,
1418 1843 1512 1895 καὶ
1537 1841 1634 1909 τὴν
1660 1839 1936 1904 ἀπόδειξιν
1971 1865 2027 1941 Β·

351 1949 464 2002 τῶν
512 1945 822 2014 λεγομένων
875 1937 1156 2006 ἀπαιτοίη,
1207 1935 1412 2006 στέργῃ
1462 1933 1536 1984 τά
1587 1930 1938 2000 ἐψηφισμένα

353 2042 448 2095 καὶ
488 2038 650 2100 αὐτὸς
691 2034 852 2089 ὁποῖά
895 2030 1015 2085 ποτ’
1042 2030 1107 2084 ἃν
1221 2025 1702 2094 πολυπραγμονῶν
1747 2022 1938 2091 μηδὲν,

357 2133 486 2202 ἵν’ή
530 2123 962 2200 προσδοκωμένη
1006 2121 1100 2175 τοῦ
1148 2115 1476 2188 συγγενικοῦ
1519 2115 1762 2184 πολέμου
1810 2113 1941 2182 φλὸξ

361 2220 725 2293 ἀπομαρανθῇ
757 2234 770 2250 ⁸
807 2218 872 2271 ἂν
901 2216 946 2268 δ’
970 2211 1313 2283 ἀγνωμονοίη
1354 2210 1445 2262 καὶ
1486 2209 1561 2277 μὴ
1599 2207 1846 2277 βούλοιτο
1875 2207 1942 2260 τά

364 2318 545 2373 δίκαια
565 2315 759 2375 ποιεῖν,
785 2309 898 2364 ἀλλ’
921 2308 954 2379 ἦ
987 2305 1252 2378 μηδαμῶς
1276 2305 1374 2373 τὴν
1399 2302 1646 2367 ἐξέτασιν
1671 2301 1937 2369 ἀνέχοιτο,

365 2411 397 2481 ἥ
425 2411 518 2464 τὸν
542 2409 730 2478 καιρδν
755 2401 1181 2473 ὑπερτιθεμένη,
1208 2395 1548 2465 διακρούοιτο
1575 2395 1772 2456 αὐτοὺς
1803 2392 1942 2462 μετά

359 2503 460 2572 τὴν
485 2499 782 2570 εἰρημένην
805 2492 1166 2564 προθεσμίαν,
1194 2489 1284 2542 τὸν
1309 2487 1442 2539 Θεὸν
1470 2487 1567 2554 τῆς
1598 2485 1814 2548 ἀδικίας
1843 2484 1944 2537 καὶ
1984 2545 1995 2553 1

359 2591 526 2647 αὐτὸν
562 2591 815 2659 μάρτυρα
861 2583 1345 2653 προστησάμενος,
1384 2578 1420 2631 ἃ
1459 2576 1525 2630 ἂν
1563 2575 1708 2645 αὐτῷ
1743 2593 1802 2627 τε
1851 2576 1944 2628 καὶ

361 2686 472 2748 τοῖς
502 2680 756 2736 συνοῦσιν
787 2677 953 2731 οῐοιτο
980 2673 1356 2742 λυσιτελήσειν
1389 2669 1652 2738 πράττειν
1679 2679 1692 2693 ⁶
1729 2667 1861 2735 πρὶν
1889 2665 1945 2718 δὲ

369 2775 535 2850 μηδὲν
571 2774 744 2827 κινεῖν
777 2766 1283 2823 τῶν-καθεστώτων
1305 2803 1319 2825 ,
1368 2760 1470 2814 κᾶν
1505 2759 1664 2812 πάντ’
1693 2758 1804 2811 ἀνω
1849 2758 1946 2810 καί⁸

370 2869 516 2922 κάτω
538 2865 802 2935 γινόμενα
826 2858 995 2930 ὁρῴη.
1017 2857 1080 2912 Oi
1102 2855 1201 2924 μὲν
1218 2851 1311 2907 οὖν
1336 2852 1594 2922 πρέσϐεις
1611 2849 1754 2902 οὕτω
1780 2867 1949 2916 προσ-

371 2951 685 3022 τεταγμένοι
737 2947 1034 3017 πράττειν,
1063 2941 1291 3012 ἐξῄεσαν
1345 2938 1755 3007 Διδυμοτείχου.
1792 2936 1947 2989 Ἐπεὶ

369 3047 426 3099 δὲ
459 3047 536 3108 εἰς
571 3039 882 3111 Σηλυϐρίαν
914 3031 1049 3106 ἧκον
1070 3075 1086 3098 ,
1122 3035 1169 3086 οἱ
1207 3035 1269 3085 ἐκ
1303 3032 1401 3099 τῆς
1438 3031 1943 3101 παρακοιμωμένου

367 3135 541 3198 οἰκίας
571 3133 884 3203 ἐντυχόντες
903 3171 916 3196 ,
945 3129 1039 3182 καὶ
1067 3127 1268 3186 ἵππους
1295 3122 1695 3192 διαρπάσαντες
1723 3123 1820 3174 καὶ
1846 3122 1947 3192 τὴν

2031 653 2153 690 rum
2181 629 2590 694 .tantummodo
2627 625 2854 681 vocibus
2883 630 3154 692 permota,
3191 631 3347 670 reum
3381 629 3624 683 pronun-

2031 727 2150 786 tiet,
2170 723 2263 779 sed
2288 724 2343 776 in
2364 720 2625 790 Iudicium
2653 723 2831 779 vocet,
2853 711 2944 766 ubi
2967 709 3199 765 crimina
3231 705 3332 761 sibi
3368 705 3624 773 imposita

2031 818 2481 872 demonstrentur
2504 830 2518 864 :
2544 825 2602 864 se
2629 807 2776 862 enim
2813 811 3084 874 paratum,
3112 801 3289 854 cuivis
3312 799 3622 852 accusatori

2031 908 2178 977 apud
2207 905 2480 975 legitimos
2501 900 2714 971 iudices
2746 893 3106 964 respondere.
3145 889 3364 959 Legatis
3394 896 3612 941 certum

2033 973 2581 1051 dierum—numerum
2623 985 2876 1058 pralixit.
2911 991 3046 1050 quot
3079 976 3420 1047 imperatrici
3466 973 3618 1027 sulliv

2033 1098 2246 1150 cerent,
2280 1094 2340 1139 ut
2391 1099 2447 1137 re
2500 1077 2756 1151 praesenti
2806 1075 3100 1144 diligenter
3146 1068 3494 1126 considerata
3547 1079 3612 1119 ac

2033 1193 2323 1252 perpensa,
2352 1185 2678 1243 responsum
2705 1169 2891 1222 daret:
2917 1174 2978 1219 ut
3002 1165 3048 1218 si
3072 1160 3359 1218 commode
3388 1173 3456 1212 ac
3474 1158 3625 1227 justo

2033 1287 2218 1330 secum
2247 1283 2408 1338 agere
2437 1266 2647 1325 volens,
2675 1259 2945 1332 judicium
2975 1255 3357 1314 constitueret,
3391 1259 3446 1302 et
3462 1249 3624 1303 dela-

2036 1367 2248 1421 tionum
2284 1358 2645 1431 probationes
2679 1352 2944 1421 exigeret,
2985 1345 3316 1400 sententiam
3373 1340 3622 1412 judicum

2036 1461 2506 1529 qualemcunque,
2541 1449 2748 1513 absque
2785 1441 2934 1496 ornni
2967 1439 3291 1493 curiositate
3327 1433 3457 1486 boni
3495 1446 3629 1484 con-

2037 1551 2266 1611 suleret,
2295 1561 2367 1599 ne
2402 1541 2581 1598 civilis
2615 1536 2743 1592 belli
2777 1532 2922 1603 quod
2952 1526 3396 1597 exspectabatur,
3441 1522 3629 1574 incen-

2038 1733 2187 1804 quod
2228 1702 2444 1804 justitia
2475 1723 2805 1796 postularet,
2842 1716 3026 1771 facere
3058 1711 3250 1772 nollet,
3289 1716 3344 1760 et
3375 1714 3469 1759 aut
3503 1702 3629 1756 nul-

2039 1830 2149 1883 lam
2191 1822 2608 1892 inquisitionem
2654 1818 2958 1883 pateretur,
2993 1813 3090 1860 aut
3125 1811 3343 1870 tempus
3392 1798 3624 1858 ducens,

2045 2019 2183 2063 teste
2225 2003 2522 2074 appellato,
2557 2000 2680 2067 quae
2711 1995 2767 2048 in
2803 2008 2916 2047 rem
2958 2002 3112 2045 suam
3144 1996 3482 2050 suorumque
3517 1979 3632 2032 fore

2043 2068 2432 2153 arbitraretur,
2470 2104 2536 2143 ea
2587 2078 2954 2152 transigeret;
2988 2077 3144 2146 prius
3179 2087 3300 2142 quae
3329 2068 3633 2124 constituta

2044 2190 2174 2251 sint,
2207 2183 2424 2240 etiamsi
2462 2179 2646 2235 omnia
2671 2188 2888 2230 sursum
2930 2184 2994 2223 ac
3025 2167 3287 2221 deorsum
3328 2162 3630 2215 misceren-

2047 2293 2156 2345 tur,
2199 2293 2308 2334 non
2342 2285 2645 2329 moturum.
2679 2267 2815 2322 Cum
2852 2263 2935 2316 bis
2967 2256 3239 2314 mandatis
3269 2251 3434 2321 legati
3467 2249 3633 2317 Didy-

2045 2373 2287 2428 ιιιοιίοιιο
2320 2365 2690 2437 egredientes,
2722 2357 2817 2412 ubi
2851 2353 3113 2425 Selybria:
3159 2345 3628 2417 propinquarunt,

2045 2481 2074 2520 a
2107 2433 2429 2519 domesticis
2461 2452 2802 2525 Apocaucbi,
2832 2448 2887 2502 in
2933 2457 3071 2514 quos
3102 2439 3434 2500 inciderant,
3472 2433 3635 2502 equis

2046 2555 2390 2624 sarcinisque
2419 2546 2664 2620 spoliati,
2689 2552 2745 2597 et
2769 2542 2824 2594 in
2856 2534 3160 2593 custodiam
3189 2526 3437 2583 contrusi
3474 2532 3629 2578 sunt.

2046 2646 2504 2722 bidymotichum
2530 2651 2636 2694 tam
2661 2633 2870 2690 nefario
2894 2629 3140 2682 facinore
3164 2619 3437 2681 nuntiato,
3454 2613 3638 2668 caeteri

2046 2701 2172 2722 ,πη

2046 2740 2274 2812 quidem
2299 2749 2492 2791 omnes
2521 2746 2628 2784 non
2663 2739 2856 2796 parum
2886 2711 3185 2783 indignari,
3213 2707 3375 2779 422
3395 2713 3450 2757 et
3480 2701 3640 2755 mini-

2048 2849 2134 2887 me
2172 2828 2462 2885 ferendum
2513 2812 2803 2881 ducere,‘a
2832 2805 3117 2866 vilissimis
3148 2797 3490 2857 hominibus,
3528 2801 3640 2845 tam

2047 2925 2192 2980 foede
2232 2923 2348 2976 sine
2377 2918 2484 2972 ulla
2505 2930 2667 2969 causa
2697 2906 2940 2962 multari.
2964 2905 3029 2955 At
3056 2911 3284 2965 magnus
3306 2887 3643 2947 domesticus

2048 3031 2146 3070 eos
2171 3013 2489 3072 admonere,
2516 3021 2585 3058 ne
2611 3002 2664 3056 id
2697 2995 3028 3054 imbecillius
3053 2993 3297 3053 ferrent;
3329 3001 3386 3040 se
3410 2992 3642 3069 ’quoque

2027 3106 2384 3166 -existimare,
2408 3114 2515 3153 non
2544 3097 2684 3150 bene
2715 3092 2823 3145 illis
2854 3090 2904 3142 id
2927 3094 3285 3145 eventurum,
3331 3088 3384 3132 et
3418 3088 3643 3143 magna-

368 3166 540 3198 υιιιιυι,
571 3166 693 3188 ww
733 3166 851 3184 υνυς.
948 3166 1039 3182 η...
1071 3166 1267 3186 ...ηυη
1297 3166 1380 3178 ν.-
1429 3166 1692 3183 ....-...--,
1727 3166 1820 3174 ...,,
1857 3166 1895 3175 ,,
1929 3166 1941 3174 ,

368 3229 534 3296 ἀλλην
563 3166 916 3293 ἀποσξιευὴνξ
945 3219 1144 3281 αὐτοὺς
1173 3212 1322 3288 εἶχον
1350 3166 1416 3269 εδ
1440 3216 1675 3286 φρουρᾷ.
1715 3166 1945 3281 Ἀγγελί-

2056 3214 2174 3254 rum
2205 3208 2390 3251 rerum
2421 3205 2541 3246 esse
2571 3184 2822 3255 quaedam
2858 3179 3218 3234 fundamenta
3251 3186 3313 3225 ac
3347 3166 3641 3238 prooemia.

2056 3293 2082 3296 -
2309 3286 2322 3296 ·
2459 3292 2469 3296 -
2675 3278 2720 3296 εκ-
2768 3275 2850 3296 ιιε-
2884 3270 3142 3296 numam..-
3167 3266 3539 3296 ιιι-...ροιηαρηηι
3589 3265 3641 3296 ρ.

369 3318 570 3374 θέντων
602 3317 659 3370 δέ
693 3317 804 3378 τοῖς
841 3315 898 3367 ἐν
933 3309 1304 3380 Διδυμοτείχῳ
1336 3308 1444 3361 τῶν
1484 3309 1613 3376 περὶ
1646 3307 1772 3368 τοὺς
1812 3307 1949 3376 πρέ-

371 3413 521 3476 σϐεις
548 3407 970 3477 τετολμημένων
1000 3404 1092 3457 καὶ
1124 3402 1233 3459 οὐδ’
1257 3402 1483 3455 ἀνεκτὸν
1515 3399 1778 3469 ἡγοῦντο,
1808 3397 1952 3451 οὕτω

370 3501 528 3571 παρὰ
560 3498 782 3568 φαύλων
815 3496 906 3548 ἐπὶ
945 3493 1191 3564 μηδεμιᾷ
1228 3492 1506 3560 προφάσει
1541 3489 1952 3561 προπηλακίζε-

369 3593 498 3646 σθαι
536 3588 861 3654 ἀνθρώπων.
898 3583 957 3636 Ὀ
1003 3583 1177 3652 μέγας
1215 3581 1273 3634 δὲ
1332 3581 1652 3650 δομέστικος
1719 3578 1953 3648 παρῄνει

375 3684 454 3765 μὴ
487 3679 850 3752 μικροψυχεῖν
869 3692 884 3707 ·
913 3676 1126 3743 οίεσθαι
1160 3673 1258 3743 μὲν
1284 3673 1394 3744 γὰρ
1425 3673 1517 3723 καὶ
1546 3671 1705 3734 αὐτὸς
1735 3671 1833 3723 οὐκ
1865 3671 1954 3722 ἐπ’

370 3759 566 3843 ἀγαθῷ
599 3770 669 3824 τὰ
699 3766 925 3822 τοιαῦτα
959 3765 1343 3835 τελευτήσειν,
1379 3762 1516 3814 ἀλλά
1553 3761 1807 3830 μεγάλων
1839 3759 1957 3811 ἔσε-

374 3862 503 3916 σθαι
536 3858 880 3930 πραγμάτων
907 3853 1198 3914 ὑποθέσεις
1223 3867 1237 3884 ⁸
1267 3852 1377 3904 δεῖν
1402 3850 1457 3902 δὲ
1487 3851 1636 3917 ὅμως
1663 3851 1772 3910 τοῖς
1805 3845 1959 3918 παρά

379 3949 565 4019 σφίσιν
587 3947 772 4008 αὐτοῖς
796 3943 1058 4014 ἐμμένειν
1079 3939 1495 4010 ἐψηφισμένοις,
1521 3939 1614 3991 καὶ
1641 3937 1808 4008 μηδὲν
1829 3952 1961 3988 νεω-

375 4041 650 4113 τερίζειν,
687 4039 818 4107 πρὶν
852 4036 952 4106 τὴν
985 4032 1326 4104 προθεσμίαν
1355 4031 1531 4102 ἥκειν.
1567 4031 1642 4083 Οὐ
1677 4030 1788 4099 γὰρ
1823 4030 1962 4096 ἀγα-

378 4133 471 4188 θὸν
502 4135 616 4196 τοῖς
653 4129 805 4200 παρά
840 4128 995 4196 σφίσι
1031 4123 1386 4195 κεκριμένοις
1422 4122 1640 4176 ἐναντία
1674 4123 1960 4193 πράττειν.

380 4227 480 4278 "Av
514 4224 571 4277 δέ
604 4241 659 4277 τι
696 4221 853 4292 παρὰ
891 4219 1049 4286 δόξαν
1084 4218 1179 4271 καὶ
1212 4218 1326 4278 τοῖς
1366 4215 1658 4285 ἡμετέροις
1699 4214 1964 4282 πρέσϐεσι

381 4316 726 4387 συμϐέϐηκε,
769 4311 1085 4383 θαυμαστὸν
1125 4308 1300 4363 οὐδέν.
1342 4308 1432 4377 Τῷ
1473 4308 1582 4378 γὰρ
1625 4309 1803 4360 πάντα
1843 4305 1964 4358 τολ-

386 4410 556 4479 μῶντι
586 4404 1071 4478 παρακοιμωμένῳ
1099 4404 1190 4457 καὶ
1217 4399 1478 4464 οίκέταις,
1503 4397 1622 4450 οὐδὲ
1650 4397 1718 4450 τὰ
1741 4397 1966 4451 τοιαῦτα

383 4497 527 4554 εἶναι
558 4499 952 4569 ἀνεπιχείρητα
985 4494 1262 4566 προσῆκεν
1283 4508 1296 4523 ·
1331 4491 1392 4546 οὑ
1423 4491 1486 4561 δὴ
1518 4489 1727 4543 δίκαιον
1755 4490 1824 4542 τὰ
1852 4491 1964 4551 τοῖς

383 4592 563 4654 ἄλλοις
602 4592 847 4660 ἀνοήτως
885 4589 976 4642 καὶ
1009 4587 1256 4658 θρασέως
1290 4584 1667 4654 τολμηθέντα,
1701 4584 1766 4652 τῇ
1807 4582 1964 4652 βασι·

383 4685 488 4737 ita;
516 4683 652 4755 πρὸς
678 4682 745 4753 ἣν
769 4683 935 4752 ἡμεῖς
961 4681 1060 4750 τὴν
1090 4677 1390 4748 πρεσϐείαν
1418 4675 1790 4745 πεποιήμεθα,
1817 4673 1966 4741 λογί-

383 4776 602 4842 ζεσθαι.
629 4774 842 4837 ’Δλλως
872 4789 964 4840 τε,
993 4773 1042 4825 εί
1076 4771 1176 4841 μὲν
1207 4769 1392 4837 ἐκείνη
1421 4770 1487 4822 τά
1518 4769 1706 4821 δέοντα
1742 4766 1973 4820 ποιοῦσα

390 4867 784 4940 συμφερόντως
831 4863 1184 4934 βουλεύσεται
1231 4861 1358 4932 περὶ
1396 4861 1503 4912 τῶν
1545 4859 1702 4922 ὅλων,
1743 4859 1838 4910 καὶ
1883 4857 1974 4909 τὸν

390 4959 843 5030 προσδοκώμενον
875 4957 1115 5024 πόλεμον
1145 4951 1408 5014 διαλύσει,
1441 4951 1518 5013 ὡς
1549 4950 1720 5020 μηδὲν
1749 4948 1879 5001 ὄντα
1909 4948 1977 5000 τά

391 5053 735 5122 γεγενημένα
757 5048 1021 5119 περιϊδεῖν
1046 5047 1348 5114 προσῆκον.
1371 5041 1471 5094 “Av
1494 5041 1565 5106 δ’,
1588 5041 1615 5094 ὃ
1640 5041 1716 5110 μὴ
1742 5039 1976 5108 γένοιτο,

393 5145 533 5218 πρὸς
573 5143 794 5216 μείζονα
823 5140 922 5211 τὴν
957 5138 1191 5191 ἀτοπίαν
1224 5135 1496 5203 ἐξαχθώσι
1521 5175 1535 5200 ,
1571 5134 1680 5186 τότ’
1709 5133 1810 5202 ἤδη
1850 5131 1981 5202 περὶ

395 5237 508 5291 τῶν
543 5237 820 5308 μεγίστων
855 5234 1022 5303 ἡμῖν,
1058 5230 1120 5283 οὐ
1165 5228 1296 5298 περὶ
1326 5226 1587 5280 τοιούτων
1623 5226 1980 5294 προκείσεται

401 5333 628 5386 σκοπεῖν
654 5345 669 5360 ·
709 5327 840 5382 ὥστ’
867 5326 924 5392 ἐξ
961 5322 1295 5395 ἀμφοτέρων
1330 5319 1412 5372 δεῖ
1448 5317 1555 5372 τῶν
1594 5317 1985 5387 γεγενημένων

404 5424 770 5494 καταφρονεῖν
792 5461 807 5486 ,
848 5422 943 5473 καὶ
978 5419 1054 5488 μὴ
1085 5416 1159 5481 ὡς
1193 5413 1321 5484 περί
1352 5429 1516 5465 τινων
1552 5409 1864 5478 ἀναγκαίων
1898 5408 1987 5459 θο-

408 5513 708 5586 ρυϐεῖσθαι.
736 5511 976 5571 Ἐκεῖνος
1004 5511 1102 5578 μὲν
1123 5506 1186 5572 δὴ
1207 5502 1434 5557 τοιαῦτα
1458 5500 1646 5566 εἰπὼν,
1671 5502 1987 5552 κατέπαυσε

403 5607 506 5676 τὴν
535 5601 804 5674 ταραχήν,
834 5601 1055 5654 πάντων
1085 5596 1402 5666 εὐξαμένων
1431 5595 1519 5656 είς
1542 5591 1768 5660 ἀγαθὸν,
1796 5590 1986 5660 ὥσπερ

406 5696 630 5772 είρηκεν
681 5695 876 5761 αὐτὸς,
929 5691 1250 5748 ἀποϐαίνειν
1298 5688 1369 5742 τά
1420 5686 1666 5756 παρόντα
1697 5721 1712 5748 ,
1748 5684 1860 5735 ικαὶ
1913 5682 1990 5754 μὴ

407 5788 600 5859 ὥσπερ
628 5787 696 5840 ἐκ
724 5786 834 5841 τῶν
862 5786 1258 5856 πραττομένων
1289 5778 1705 5849 ἀναγκάζονται
1739 5774 1997 5845 στοχάζε-

429 5881 554 5949 σθαι
585 5881 758 5950 αθτοί.
789 5878 946 5935 Οὕτω
976 5879 1076 5950 μὲν
1103 5875 1197 5932 οὖν
1229 5877 1426 5929 ἐκεῖνοι
1461 5871 1876 5927 κατεστέλλοντο
1906 5870 1998 5924 τοῦ

2053 3286 2426 3348 Perstandum
2457 3292 2640 3337 tamen
2675 3278 2727 3330 in
2768 3275 2853 3328 bis
2881 3270 3142 3340 quzeﬁpsi
3166 3266 3566 3322 decrevtssenl,
3589 3265 3648 3310 et

2053 3385 2231 3440 donec
2248 3378 2368 3434 dies
2392 3371 2657 3445 praeﬁnita
2686 3367 2978 3425 illuxisset,
3005 3359 3144 3414 nihil
3169 3353 3506 3410 novandum.
3526 3349 3649 3404 Non

2053 3476 2202 3532 enim
2244 3467 2532 3539 expedire,
2564 3472 2752 3518 contra
2786 3472 2941 3512 suam
2978 3451 3154 3522 ipsius
3187 3445 3521 3504 sententiam
3551 3455 3650 3494 ve-

2055 3568 2202 3621 nire.
2231 3559 2388 3627 Quod
2427 3557 2470 3612 si
2505 3553 2637 3625 quid
2671 3559 2866 3621 praeter
2893 3545 3211 3615 opinionem
3245 3541 3412 3592 etiam
3447 3531 3654 3588 nostris

2056 3623 2275 3727 legatisv
2291 3623 2537 3712 accidit;
2570 3643 2708 3698 nihil
2755 3641 2977 3694 mirum.
3014 3635 3149 3690 Nam
3196 3629 3458 3702 praefecto
3489 3623 3650 3678 cubi-

2058 3747 2167 3801 culi
2224 3752 2281 3800 et
2311 3741 2491 3797 servis
2527 3738 2647 3807 ejus
2681 3731 3018 3787 audentibus
3050 3725 3260 3786 omnia,
3297 3721 3391 3789 qui
3427 3717 3652 3772 tandem

2060 3835 2429 3895 conveniebat
2464 3845 2575 3884 non
2627 3827 2792 3882 etiam
2822 3825 2929 3876 hoc
2975 3817 3223 3874 audere?
3252 3811 3489 3870 Proinde
3529 3823 3656 3880 quas

2063 3932 2159 3986 alii
2206 3928 2370 3983 stulte
2418 3933 2474 3980 et
2513 3919 2859 3977 conﬁdenter
2891 3913 3262 3974 admiserunt,
3310 3923 3374 3961 ea
3415 3907 3656 3974 impera-

2066 4021 2218 4088 trici,
2248 4019 2315 4074 ad
2339 4031 2502 4088 quam
2529 4015 2740 4084 legatos
2765 4001 3354 4069 misimus,'ascribere
3385 3997 3655 4066 injustam

2064 4123 2169 4169 est.
2192 4110 2276 4166 Ad
2308 4110 2443 4172 haec,
2475 4105 2522 4160 si
2553 4104 2669 4172 ipsa
2703 4116 2801 4170 pro
2831 4111 3059 4152 munere
3087 4108 3187 4148 suo
3219 4102 3445 4144 summae
3473 4085 3659 4154 reipu-
3744 4125 3747 4130 .

2065 4203 2224 4258 blicze
2253 4194 2618 4258 consuluerit,
2650 4203 2705 4247 et
2732 4190 2934 4244 bellum
2975 4183 3272 4240 imminens
3304 4175 3656 4237 discusserit,

2071 4305 2184 4350 tum
2236 4306 2359 4364 quae
2407 4289 2554 4343 facta
2596 4293 2745 4349 sunt,
2795 4296 2894 4351 pro
2934 4277 3142 4332 nullius
3193 4270 3458 4328 momenti
3499 4267 3661 4322 factis

2071 4361 2278 4443 habere
2316 4380 2558 4438 decebit.
2597 4378 2716 4441 Sin,
2757 4372 2904 4443 quod
2936 4370 3102 4434 absit,
3140 4367 3194 4420 in
3227 4362 3534 4434 majoribus
3558 4361 3661 4414 im-

2072 4479 2233 4553 probi
2270 4475 2504 4539 l‘uerint,
2541 4481 2654 4526 tum
2683 4483 2796 4522 non
2829 4465 2898 4519 de
2927 4463 3135 4539 parvis,
3175 4457 3271 4513 sed
3306 4457 3374 4509 de
3407 4453 3662 4507 maximis

1992 4544 2047 4606 D
2075 4534 2538 4629 consultabimus.
2565 4561 2912 4629 Quapropter
2947 4562 3061 4606 tum
3094 4534 3234 4604 hanc
3263 4560 3378 4602 tum
3412 4546 3560 4600 illam
3591 4544 3664 4598 ob

2076 4676 2334 4725 causam,
2373 4672 2496 4728 qua:
2544 4654 2682 4708 facta
2717 4659 2865 4715 sunt,
2910 4640 3339 4706 contemnenda,
3404 4653 3506 4692 nec
3546 4646 3666 4690 tan.

2077 4771 2240 4828 quam
2283 4753 2352 4808 de
2407 4746 2776 4817 singularibus
2825 4739 3134 4794 molestiam
3193 4732 3515 4803 capiendam
3557 4729 3665 4783 aio.

2079 4827 2206 4904 llaec
2240 4845 2334 4900 ubi
2383 4841 2543 4903 dixit,
2580 4836 2877 4893 tumultum
2912 4830 3146 4892 sedavit,
3176 4827 3434 4882 omnibus
3481 4833 3674 4892 optan-

2081 4941 2249 5003 tibus,
2277 4946 2337 4991 ut
2361 4929 2827 5005 quemadmodum
2852 4925 3204 4987 dixerat,res
3232 4919 3371 4974 bene
3389 4923 3670 4972 verteret:

2083 5049 2215 5095 non,
2253 5039 2315 5085 ut
2357 5044 2425 5083 ex
2474 5022 2745 5079 anteactis
2791 5020 3102 5086 conjectare
3151 5011 3260 5081 ipsi
3313 5010 3674 5079 cogebantur.

2085 5124 2511 5182 Tumultuantes
2545 5116 2617 5169 ita
2663 5108 3023 5181 compescuit.
3072 5102 3418 5172 lmperatrix,
3453 5109 3512 5153 ut
3559 5099 3678 5168 pri-

2089 5234 2238 5274 mum
2285 5215 2488 5283 legatos
2533 5224 2657 5264 esse
2701 5205 2930 5261 violatos
2971 5198 3191 5262 didicit,
3223 5196 3468 5267 graviter
3524 5191 3670 5267 tulit,

2085 5312 2360 5384 jussitque
2392 5315 2643 5375 raptores
2681 5301 2856 5371 spolia
2894 5294 3147 5354 reddere,
3182 5304 3238 5348 et
3273 5291 3343 5346 ad
3387 5305 3446 5344 se
3479 5288 3681 5357 depor-

2093 5415 2230 5461 tare.
2264 5403 2403 5458 Tum
2437 5396 2772 5468 patriarcha,
2820 5391 3160 5462 reliquisque
3207 5383 3588 5458 optimatibus,
3627 5387 3683 5434 et

2093 5500 2340 5567 Augusta
2391 5505 2579 5547 coram
2630 5485 3037 5567 praesentibus,
3082 5481 3246 5550 legati
3296 5493 3398 5532 suo
3453 5487 3683 5528 nmnere

2097 5586 2372 5660 perfuncti
2423 5591 2575 5642 sunt.
2605 5560 2824 5636 cunctis
2863 5590 2984 5646 quae
3033 5573 3364 5642 petebantur
3423 5578 3482 5624 ut
3527 5580 3682 5634 aequa

2100 5659 2559 5752 approbantibus.
2600 5674 2887 5742 llogabant
2927 5676 3112 5723 autem
3156 5668 3304 5722 illam
3347 5674 3404 5719 et
3454 5659 3688 5732 patriar-

2103 5775 2262 5830 cbam
2315 5771 2506 5841 legati,
2554 5783 2621 5822 ne
2680 5764 2735 5818 in
2791 5767 2963 5818 rebus
3015 5770 3123 5814 tam
3182 5758 3363 5827 magni
3421 5749 3686 5807 momenti

2111 5882 2326 5938 tempus
2382 5864 2733 5927 cxizriercnt,
2785 5857 2879 5915 sed
2936 5853 3194 5912 celeriter
3244 5846 3688 5908 emenda-donem
