4054 6462
480 420 586 487 8⁸⁸1

1698 423 2025 485 JOANNIS
2061 419 2601 483 CANTACUZENI

3642 418 3748 479 832

484 537 832 592 adhiberent.
867 536 921 593 Si
953 535 1155 591 litteris
1189 551 1447 608 magnum
1475 537 1840 595 domesticum
1868 539 1935 594 ad
1968 538 2059 593 tri-

2176 533 2545 605 θορυϐεῖσθαι.
2573 532 2794 597 Βασιλὶς
2819 533 2863 586 δ’
2886 532 3010 586 ἐπεὶ
3037 525 3200 603 μάθοι
3222 531 3292 585 τὰ
3318 533 3448 602 περὶ
3470 531 3751 599 τοὺςσιτρέ-

484 631 652 685 bunal
707 630 970 695 citarent,
1023 630 1130 684 nisi
1168 630 1330 685 simul
1382 641 1550 703 atque
1598 646 1693 686 eas
1744 631 2068 700 accepisset,

480 721 786 784 advolaret,
819 737 878 776 se
917 723 1051 793 quin
1083 722 1262 792 capite
1309 724 1657 791 punirentur.
1689 736 1799 777 non
1837 738 2071 797 recusa-

484 822 643 867 turos
689 814 935 869 aiebant.
973 813 1072 868 llic
1117 830 1309 869 omnes
1353 817 1765 871 conticuerunt.
1804 815 2065 884 Apocau-

482 906 623 961 chus
668 914 854 962 tamen
891 907 1190 969 sollicitos,
1228 923 1298 961 ne
1349 907 1668 975 impetatrix
1718 907 2069 976 petitionem,

482 1003 544 1051 ut
576 1012 812 1067 mquam,
846 1000 1172 1068 respiciens,
1192 1000 1465 1069 judicium
1498 999 1840 1061 decerneret,
1868 1006 1924 1051 et
1944 1012 2069 1051 eum

484 1091 630 1153 hoc,
684 1090 832 1159 quod
890 1092 1256 1145 consiliorum
1325 1105 1552 1145 suorum
1604 1088 1877 1157 pravitate
1935 1089 2071 1142 nihil

478 1181 872 1250 promovisset,
897 1184 1014 1251 ipse
1035 1183 1202 1236 etiam
1228 1182 1338 1236 vita
1392 1180 2072 1244 multaretur,temeritate

481 1282 537 1327 et
569 1273 938 1343 impudentia,
973 1274 1179 1344 quibus
1218 1274 1286 1327 de
1333 1288 1465 1342 pace
1499 1288 1783 1327 sermones
1835 1273 2069 1327 confun-

482 1363 615 1418 dere
647 1375 813 1433 atque
871 1375 1121 1418 evertere
1164 1374 1368 1432 posset,
1402 1373 1713 1431 Opportune
1748 1380 1980 1418 u~urum
2012 1378 2071 1419 se

483 1453 842 1507 existimavit.
871 1453 938 1506 Et
962 1453 1110 1506 illico
1138 1452 1190 1505 in
1218 1467 1477 1506 consessu
1510 1468 1763 1522 surgens,
1791 1469 2071 1523 manuque

479 1544 765 1611 silentium
792 1544 1066 1607 indicens,
1092 1547 1416 1614 priusquam
1450 1546 1794 1612 prmlaretur,
1821 1557 1918 1599 aut
1940 1562 2072 1600 cau-

482 1648 600 1688 sam
622 1634 943 1702 adduceret,
964 1636 1036 1690 ob
1077 1652 1241 1705 quam
1275 1637 1385 1691 huc
1420 1637 1681 1701 ferretur,
1708 1637 1871 1710 423
1902 1639 2069 1693 multa

475 1727 745 1781 adversus
779 1741 1038 1797 magnum
1071 1729 1439 1784 domesticum
1482 1730 1771 1783 maledicta
1807 1746 2073 1798 congere-

474 1816 606 1878 bat,
657 1830 1011 1872 communem
1051 1819 1303 1885 hostem,
1342 1820 1778 1889 imperatoribus
1815 1821 2064 1883 inﬁdum,

472 1910 797 1980 periurum,
830 1912 1317 1981 mendaciloquutn
1360 1914 1690 1979 nominans',
1733 1916 2067 1982 tandemque

427 2001 433 2007 ’
473 2002 529 2056 in
591 2003 732 2058 [teda
782 2013 838 2058 et
883 2005 1174 2059 illiberalia
1219 1998 1459 2061 convitia
1508 2006 1787 2060 desinens.
1829 2005 1893 2060 Et
1939 2023 2010 2075 qu
2038 2023 2067 2061 a

470 2092 707 2147 comites
741 2092 1002 2154 habebat,
1035 2094 1141 2148 sibi
1189 2094 1583 2148 maledicentia
1627 2095 1857 2161 similes,
1891 2105 1949 2149 et
1998 2096 2066 2150 ad

472 2198 694 2238 onmem
726 2184 1178 2239 inverecundiam
1207 2186 1506 2254 proiectos,
1550 2185 1841 2255 imperavit
1872 2186 1980 2239 illis
2012 2186 2065 2241 in

470 2272 683 2342 legatos
715 2283 976 2343 torquere
1009 2285 1335 2330 scommata.
1367 2278 1445 2330 Ac
1478 2268 1809 2331 monachum
1842 2278 2064 2346 quidem

472 2363 828 2434 impudenter
855 2368 1186 2433 lacerantes,
1221 2371 1639 2423 acelamahant:
1673 2369 1774 2425 Hie
1813 2381 1899 2425 est
1928 2370 2069 2425 Can-

472 2458 725 2513 tacuzeni
772 2460 1111 2527 patriarcha,
1151 2460 1347 2515 illusor
1381 2450 1611 2526 Christi,
1641 2472 1697 2516 et
1736 2464 2062 2533 hypocrita;

470 2556 528 2602 et
568 2550 695 2605 aliis
737 2551 963 2605 demum
994 2555 1583 2610 eontumeliosioribus
1623 2558 1905 2611 vocabulis
1934 2574 2061 2611 eum

472 2642 928 2710 proseindebant.
967 2644 1340 2714 Sguropulum
1385 2659 1608 2716 quoque
1642 2650 1809 2703 variis
1844 2651 2064 2718 probris

467 2745 737 2801 perquam
787 2732 1057 2802 injuriose
1109 2734 1447 2789 lacerabant.
1504 2737 1716 2792 Deinde
1761 2740 1956 2794 ambos
2006 2740 2060 2793 in

465 2822 703 2889 adibus,
753 2824 847 2879 ubi
899 2825 1352 2893 diversabantur,
1408 2830 1482 2884 ita
1541 2832 1948 2896 custodierunt,
2002 2841 2062 2887 ut

466 2915 657 2985 egredi
705 2932 978 2987 nusquam
1027 2930 1272 2988 possent.
1320 2924 1390 2977 At
1435 2924 1773 2993 imperatrix,
1819 2941 1887 2979 an
1930 2927 2061 2995 quia

466 3000 670 3055 horum
715 3003 791 3059 illi
824 3006 991 3061 etiam
1022 3007 1161 3061 nihil
1205 3009 1448 3076 dolebat,
1479 3028 1547 3066 an
1585 3016 1712 3082 quia
1760 3015 2060 3071 seditioso-

467 3108 592 3147 rum
641 3096 882 3167 impetus
908 3100 1020 3171 jam
1056 3102 1363 3171 reprimere
1423 3114 1481 3159 et
1527 3121 1787 3162 coercere
1822 3123 1933 3162 non
1964 3125 2061 3177 po-

467 3193 633 3251 terat,
665 3190 890 3247 silentio
931 3193 1032 3247 ista
1066 3195 1301 3250 ferebat.
1333 3197 1646 3253 Archontes
1668 3241 1683 3264 ,
1716 3215 1814 3254 seu
1850 3203 2056 3271 primo-
2085 3231 2132 3293 ο

463 3290 556 3334 res
590 3279 693 3343 illi,
735 3282 812 3336 ins
838 3298 1081 3354 quorum
1129 3287 1388 3343 manibus
1425 3290 1537 3359 jam
1569 3298 1688 3344 erat
1720 3293 2052 3359 respublica,

460 3380 697 3427 matrem
739 3376 938 3444 magni
972 3375 1263 3433 domestici
1314 3395 1437 3433 cum
1493 3393 1693 3449 nepote
1738 3384 2057 3440 Andronico

462 3459 612 3515 domi
662 3463 954 3530 inclusam,
988 3474 1153 3518 aucta
1205 3467 1459 3521 custodia
1513 3468 1689 3522 tutius
1737 3471 2055 3525 servabant.

461 3550 567 3606 Ubi
601 3551 729 3605 belli
768 3542 1279 3624 llatnma'Byzantii
1330 3557 1442 3625 jam
1471 3556 1724 3617 emicuit.
1756 3560 1892 3614 alias
1922 3578 2061 3629 quo-

462 3658 572 3712 que
618 3642 817 3708 nrbes,
852 3645 1089 3715 majores
1149 3646 1506 3716 minoresque
1554 3649 1620 3704 ad
1661 3651 1781 3720 ejus
1822 3653 2058 3709 societa-

462 3746 575 3789 tem
598 3732 787 3789 dedita
813 3750 980 3804 Opera
1009 3735 1300 3792 traducere
1327 3747 1587 3807 oportere
1611 3740 1922 3810 judicatum
1950 3755 2054 3800 est.

460 3826 605 3896 Ergo
635 3825 701 3879 ad
735 3842 929 3882 omnes
960 3827 1331 3897 imperatoriae
1369 3833 1823 3888 transmittuntur
1851 3836 2059 3904 episto-

458 3920 548 3983 la,
585 3917 795 3988 quibus
825 3918 1148 3990 praecipitur
1188 3936 1449 3992 magnum
1483 3924 1849 3980 domesticum
1886 3930 2058 3985 hostis

458 4012 583 4067 loco
615 4010 877 4075 habeant,
909 4011 976 4067 ad
1007 4028 1067 4067 se
1095 4014 1410 4069 venientem
1459 4017 1606 4070 nulla
1635 4018 1894 4087 excipiat,
1926 4036 2055 4075 ner-

457 4102 545 4158 vis
573 4101 832 4157 omnibus
863 4104 914 4157 ei
947 4104 1213 4161 resistant
1274 4122 1514 4177 cumque
1555 4110 1895 4179 disperdant.
1933 4113 2056 4169 lites

458 4205 519 4249 ut
546 4194 626 4250 illi
651 4195 905 4250 nuntiata
931 4208 1081 4262 sunt,
1111 4208 1169 4252 et
1200 4197 1266 4252 ad
1301 4200 1640 4255 luculentam
1673 4204 2056 4260 conﬁrmatio-

454 4302 580 4343 nem
600 4290 816 4360 aliquot
845 4292 1160 4362 bnjnsmodi
1188 4293 1437 4361 epistolae
1456 4305 1779 4366 apportatte,
1798 4313 1922 4351 cum
1942 4300 2057 4355 suis

454 4382 760 4451 nimiopere
815 4384 1221 4447 conturbatus,
1256 4401 1517 4439 curarum
1554 4392 1689 4441 :e'stu
1723 4389 2009 4444 ﬂuctuavit
2034 4407 2052 4443 :

455 4473 594 4528 nihil
623 4484 804 4529 tamen
832 4475 961 4528 novi
992 4483 1298 4538 tentarunt,
1332 4477 1481 4530 diem
1512 4481 1830 4535 oratoribus
1865 4497 2053 4536 rever-

2177 629 2329 691 σ6εις
2365 628 2705 697 εἰργασμένα
2738 625 2876 694 πρὸς
2905 625 3078 695 ὀργήν
3108 641 3167 677 τε
3204 626 3441 678 ἐποιεῖτο
3464 662 3479 684 ,
3510 624 3605 676 καὶ
3638 620 3754 675 ἐκέ-

2176 720 2335 773 λευεν
2363 719 2663 777 ἀποδόντας
2691 718 2761 770 τὰ
2790 716 3173 787 διηρπασμένα
3204 716 3360 783 ἄγειν
3390 717 3526 786 πρ³.ς
3558 714 3750 784 αὐτήν.

2186 812 2343 866 Ἐπεὶ
2386 815 2441 867 δὲ
2487 813 2755 884 ἤχθησαν,
2777 811 3120 882 πατριάρχου
3159 827 3217 863 τε
3266 812 3359 864 καὶ
3396 809 3507 862 τῶν
3550 809 3756 862 λοιπῶν

2178 903 2564 972 συγκλητικῶν
2600 900 2886 972 παρόντων
2920 903 3014 954 ἐπὶ
3047 902 3147 970 τῆς
3192 900 3465 969 βασιλίδος
3500 899 3627 960 τοὺς
3674 899 3759 952 λό-

2175 1013 2305 1062 γους
2333 998 2433 1064 τῆς
2460 995 2766 1065 πρεσϐείας
2793 992 3078 1046 ἐποιοῦντο
3099 1009 3113 1023 ο
3143 995 3237 1043 καὶ
3267 992 3441 1053 οὐδεὶς
3471 992 3557 1043 ἐπ’
3578 992 3759 1043 οὐδενὶ

2173 1087 2286 1138 τῶν
2328 1085 2663 1155 ἀξιουμένων
2704 1086 2874 1154 ἐπῆγε
2921 1084 3152 1154 μέμψιν,
3194 1083 3311 1136 ἀλλ’
3363 1083 3581 1134 ἐδόκουν
3624 1083 3762 1134 πᾶσι

2174 1179 2357 1231 δίκαια
2407 1176 2760 1245 πρεσϐεύειν.
2800 1175 3044 1229 Ἐδέοντό
3087 1194 3146 1228 τε
3194 1177 3290 1228 καὶ
3341 1174 3613 1245 βασιλίδος
3664 1174 3763 1227 καὶ

2174 1268 2519 1336 πατριάρχου
2565 1269 2614 1319 oi
2658 1266 3014 1336 πρεσϐευταὶ,
3059 1267 3135 1335 μὴ
3186 1267 3402 1336 μέλλειν
3446 1267 3577 1335 περὶ
3624 1284 3765 1336 πρα-

2174 1359 2402 1427 γμάτων
2454 1356 2809 1424 ἀναγκαίων,
2860 1357 2996 1410 ἀλλά
3045 1361 3272 1426 ταχεῖαν
3324 1358 3424 1425 τὴν
3473 1359 3765 1428 διόρθωσιν

2172 1451 2445 1523 ποιεῖσθαι
2471 1465 2484 1479 ·
2520 1449 2553 1518 ή
2578 1448 2635 1501 δέ
2665 1443 2754 1520 ἦν,
2778 1449 3073 1518 γράμμασι
3106 1449 3194 1500 τὸν
3230 1450 3405 1516 μέγαν
3435 1449 3767 1517 δομέστικον

2172 1541 2253 1602 είς
2292 1541 2648 1610 δικαστήριον
2688 1540 2874 1592 καλεῖν
2901 1555 2913 1567 ⁸
2941 1540 3214 1609 ἐτιμῶντο
3253 1557 3312 1591 τε
3361 1539 3604 1592 θάνατον
3647 1542 3774 1593 ἐαυ-

2171 1635 2278 1695 τοῖς
2301 1673 2316 1697 ,
2348 1633 2397 1684 εἰ
2436 1633 2509 1701 μὴ
2543 1633 2817 1700 παρέσται
2848 1630 2964 1700 ἅμα
2998 1631 3074 1699 τῷ
3108 1631 3176 1684 τὰ
3209 1632 3517 1701 γράμματα
3549 1630 3772 1688 ὶαδεῖν.

2174 1726 2237 1776 Oi
2274 1724 2374 1792 μὲν
2404 1720 2497 1776 οῦν
2528 1724 2676 1778 ἄλλοι
2715 1724 2919 1786 πάντες
2954 1725 3187 1793 ἡσυχίαν
3218 1719 3377 1794 ἦγον.
3415 1711 3553 1775 Ἂττά
3579 1746 3777 1798 καυχος

2170 1815 2226 1867 δὲ
2260 1815 2440 1878 δείσας
2480 1817 2552 1884 μὴ
2588 1817 2622 1884 ἡ
2649 1814 2857 1884 βασιλὶς
2893 1816 3028 1881 πρλις
3061 1815 3160 1885 τὴν
3193 1815 3410 1878 ἀξὲωσιν
3443 1816 3515 1877 ὡς
3542 1819 3773 1871 δικαίαν

2171 1908 2440 1960 ἀπιδοῦσα
2473 1907 2876 1975 ἐπιψηφίσηται
2906 1907 3004 1975 τὴν
3035 1908 3217 1975 δίκην,
3252 1909 3347 1960 καὶ
3379 1907 3512 1974 πρὸς
3548 1910 3624 1978 τῷ
3658 1928 3764 1977 μη-

2171 2000 2258 2053 δὲν
2292 2000 2453 2061 αὐτὸς
2487 1999 2749 2068 ἠνυκέναι
2782 1999 2891 2051 τῶν
2927 2000 3423 2068 ἐσκαιωρημὲνιιιν,
3458 2002 3553 2053 καὶ
3590 2003 3763 2072 αὐτῆς

2173 2091 2448 2161 σωτηρίας
2481 2091 2832 2160 ἀποστερηθῇ
2856 2132 2872 2155 ,
2907 2088 3048 2156 ἔγνω
3083 2090 3193 2143 δεῖν
3230 2093 3518 2160 ἰταμότητι
3554 2095 3764 2163 χρήσα-

2171 2185 2297 2238 σθαι
2338 2182 2634 2254 ἐπικαιρὺν
2664 2182 2739 2247 ὡς
2778 2182 2846 2236 δι’
2872 2184 3089 2248 ἐκείνης
3126 2182 3492 2252 δυνησόμενος
3534 2184 3761 2254 ἀνατρέ-

2168 2278 2269 2345 ψαι
2288 2319 2302 2340 ,
2330 2279 2424 2330 καὶ
2451 2275 2679 2345 συγχέαι
2706 2276 2832 2338 τοὺς
2861 2276 2987 2344 περὶ
3014 2275 3241 2345 εἰρήνης
3266 2274 3487 2341 λόγους,
3508 2279 3604 2329 καὶ
3633 2279 3760 2330 ἀνα·

2170 2371 2299 2430 στὰς
2335 2368 2496 2431 εὐθὺς
2529 2368 2622 2419 τοῦ
2662 2366 2943 2436 συνεδρίου
2966 2407 2980 2430 ,
3017 2366 3113 2419 καί
3144 2371 3210 2437 τῇ
3248 2366 3390 2436 χειρὶ
3425 2368 3755 2432 κατασείσας

2170 2460 2413 2527 σιωπὴν,
2446 2460 2577 2528 πρίν
2608 2476 2660 2510 τι
2694 2460 3011 2527 προειπεῖν,
3040 2457 3073 2529 ἢ
3109 2458 3205 2527 τὴν
3240 2458 3455 2522 αἰτίαν,
3489 2460 3551 2524 ἐξ
3579 2456 3644 2531 ἧς
3678 2463 3757 2524 εἰς

2165 2549 2393 2602 τοιαῦτα
2429 2548 2661 2618 ὥρμητο
2697 2549 3059 2616 προσθεῖναι,
3095 2549 3296 2612 πολλὰς
3334 2550 3479 2604 κατὰ
3516 2554 3753 2621 μεγάλου

2165 2639 2485 2707 δομεστίκου
2568 2638 2755 2709 ῦσρεις
2831 2639 3064 2715 διεξῄει)
3117 2641 3380 2711 πολέμιον
3431 2645 3613 2697 κοινὸν
3662 2646 3753 2699 καὶ

2165 2732 2394 2784 ἄπιστον
2422 2729 2758 2799 βασιλεῦσιν,
2820 2732 3078 2799 ἐπίορκόν
3109 2750 3165 2785 τε
3199 2735 3293 2786 καὶ
3324 2733 3655 2804 ψευδόμενον
3682 2738 3762 2800 ὡς

2161 2821 2233 2875 τὰ
2278 2822 2447 2875 πολλά
2493 2823 2697 2887 καλῶν,
2749 2823 2843 2876 καὶ
2884 2823 3220 2890 τελευταῖον,
3264 2828 3344 2888 εἰς
3387 2827 3621 2897 αἰσχρὰς
3665 2829 3757 2883 καὶ

2163 2914 2552 2985 ἀνελευθέρους
2605 2914 2910 2984 κατέληγεν
2953 2917 3263 2986 ἐπιτιμίας.
3293 2919 3480 2988 Ἐχων
3523 2920 3580 2974 δὲ
3628 2922 3751 2990 περὶ

2163 3007 2328 3060 αὑτὸν
2371 3006 2601 3071 πολλοὺς
2645 3008 2850 3075 ὁμοίως
2891 3025 2951 3061 τε
2997 3007 3280 3078 ὑϐριστὰς,
3326 3012 3422 3063 καί
3471 3013 3605 3084 πρὶς
3648 3014 3759 3064 πᾶν

2162 3099 2440 3162 ἀναιδείας
2478 3103 2681 3170 χωρεῖν
2716 3099 2952 3168 ἑτοίμως
2994 3104 3595 3172 παρεσκευασμένους,
3631 3105 3750 3157 ἐκέ-

2163 3190 2320 3244 λευεν
2359 3192 2671 3262 ἐρεσχελεῖν
2711 3191 2840 3253 τοὺς
2881 3193 3148 3258 πρέσϐεις
3174 3211 3187 3227 ⁸
3231 3196 3325 3249 καὶ
3365 3196 3470 3248 τοῦ
3521 3195 3754 3266 μοναχοῦ

2164 3283 2264 3351 μὲν
2299 3282 2594 3352 ἁπτόμενοι
2635 3281 2902 3351 θρασέως,
2932 3283 2993 3335 ’0
3026 3284 3118 3337 τοῦ
3156 3287 3623 3359 Καντακουζηνοῦ
3658 3306 3758 3341 πα-

2162 3372 2453 3443 τριάρχης,
2486 3370 2752 3431 ἐπεδόων.
2783 3372 2966 3424 οὑτοσί
2987 3388 3004 3405 ο
3024 3377 3513 3450 χριστεμπαίκτην
3530 3379 3623 3432 καὶ
3637 3380 3760 3433 ὐπο-

2162 3465 2355 3544 κριτὴν
2377 3502 2391 3525 ,
2427 3463 2521 3515 καὶ
2555 3462 2787 3516 τοιαῦτα
2820 3462 2958 3517 ἄττα
2991 3464 3273 3535 δεινότερα
3310 3472 3758 3543 προσαγορεύον-

2160 3570 2251 3616 τες
2278 3569 2291 3581 ³
2323 3554 2731 3624 Σγουρὸπουλόν
2761 3572 2818 3608 τε
2850 3556 3053 3625 ὁμοίως
3083 3557 3256 3611 πολλὰ
3293 3562 3754 3631 περιυῦρίσαντες

2161 3647 2256 3699 καὶ
2288 3646 2735 3719 λοιδορησάμενοι
2759 3692 2774 3717 ,
2804 3648 2920 3704 εἶτα
2949 3651 3301 3721 ἀμφοτέρους
3321 3693 3335 3716 ,
3372 3657 3455 3719 εἰς
3484 3655 3552 3727 ἢν
3581 3655 3751 3717 ἐξενει-

2162 3737 2315 3801 ζοντο
2347 3741 2525 3794 οἰκίαν
2545 3782 2559 3806 ,
2594 3743 2904 3814 ἐφρούρουν
2937 3743 3255 3813 ἀπροῖτους.
3295 3743 3523 3811 Βασιλὶς
3558 3747 3612 3799 δὲ
3643 3745 3748 3798 εἴτε

2162 3831 2256 3883 καὶ
2288 3832 2426 3901 αὑτὴ
2463 3833 2601 3903 πρὸς
2630 3834 2700 3886 τὰ
2732 3834 3105 3905 πεπραγμένα
3140 3834 3309 3905 μηδὲν
3341 3837 3745 3907 ἀγανακτοῦσα,

2162 3922 2269 3976 εἴτε
2307 3923 2406 3994 ἤδη
2442 3924 2536 3977 καὶ
2569 3926 2922 3980 ἀναστέλλειν
2953 3927 3053 3989 τὰς
3081 3927 3193 3981 τῶν
3227 3928 3636 3994 στασιαζόντων
3664 3933 3751 3998 ὀρ-

2165 4017 2270 4084 μὰς
2303 4018 2363 4068 ου
2394 4017 2702 4087 δυναμένη,
2737 4019 2938 4089 ἤνεγκε
2974 4023 3125 4093 σιγῇ.
3164 4022 3227 4074 Ol
3261 4020 3317 4074 δέ
3350 4024 3467 4078 τῶν
3496 4022 3751 4091 πραγμά-

2160 4123 2269 4159 των
2313 4107 2681 4178 ἄρχοντες-τῇ
2735 4109 2978 4181 μεγάλου
3024 4110 3352 4180 δομεστίκου
3404 4116 3573 4185 μητρὶ
3616 4110 3751 4166 κατὰ

2156 4198 2259 4269 τὴν
2311 4200 2490 4253 οἰκίαν
2541 4202 2810 4274 διαγούσῃ
2864 4202 2984 4272 ἅμα
3034 4202 3115 4274 τῷ
3171 4204 3390 4277 ἐγγόνῳ
3431 4207 3750 4276 Ἀνδρονίκῳ

2161 4289 2382 4344 πλείονα
2437 4309 2495 4345 τε
2555 4294 2804 4363 φρουρὰν
2856 4296 3137 4363 ἐφίστων,
3193 4298 3287 4350 καὶ
3344 4297 3745 4369 ἀσφαλέστερον

2159 4383 2412 4454 ἐτήρουν.
2460 4387 2613 4439 Ἐπεὶ
2644 4387 2701 4439 δέ
2731 4388 2760 4439 ὀ
2793 4387 3031 4457 πόλεμος
3067 4391 3125 4441 ἐν
3157 4389 3442 4461 Βυζαντίῳ
3470 4392 3571 4462 ἤδη
3604 4389 3738 4456 λαμ-

2160 4476 2295 4544 πρὸς
2324 4477 2543 4547 ἀνήφθη
2564 4518 2579 4542 ,
2610 4479 2787 4542 ἐδόκει
2818 4480 2927 4535 δεῖν
2957 4483 3052 4535 καὶ
3077 4483 3174 4545 τὰς
3206 4484 3376 4548 ἄλλας
3406 4485 3586 4545 πόλεις
3608 4523 3623 4547 ,
3653 4480 3739 4533 καὶ

452 4566 602 4619 suris
627 4565 953 4634 praaiinitam
989 4567 1393 4634 prazstolantes,
1412 4568 1733 4624 indeeorum
1762 4572 2055 4640 rati,prius

2166 4568 2390 4637 μείζους
2427 4572 2520 4625 καὶ
2557 4571 2819 4635 ἐλάσσους
2863 4574 3384 4644 προσεταιρίζεσθαι
3421 4573 3735 4645 πειρᾶσθαι.

451 4657 754 4726 quidquam
792 4656 1103 4724 inceptarc.
1137 4657 1207 4710 l'la
1255 4659 1346 4712 ubi
1391 4661 1569 4726 aﬂuit,
1613 4661 1904 4731 neclcgati
1957 4678 2049 4716 us-

450 4763 615 4825 quam
664 4756 1074 4815 comparerent,
1110 4762 1161 4802 et
1194 4766 1376 4820 neque
1407 4753 1628 4814 litteris,
1661 4768 1842 4821 neque
1876 4753 2046 4807 inter-

451 4839 663 4896 nuntiis
692 4855 816 4909 quae
872 4850 989 4894 acta
1025 4851 1213 4900 essent
1244 4844 1558 4915 signiﬁcare
1592 4854 1841 4913 possent,
1877 4861 2046 4914 prop-

450 4942 601 4989 terea
643 4934 792 5004 quod
842 4945 1001 4990 caute
1035 4937 1503 4992 custodiebantur
1529 4980 1542 5004 ,
1582 4950 1857 5008 quotquot
1904 4939 2048 5008 opti-

450 5034 628 5085 mates
680 5028 1046 5099 Didymoticlti
1104 5032 1511 5097 versabantur,
1576 5043 1631 5084 ct
1689 5032 1858 5086 duces
1910 5034 2043 5087 item

447 5119 731 5175 exercitus
755 5121 917 5176 simul
952 5123 1020 5176 ad
1055 5139 1309 5192 magnum
1341 5124 1710 5177 domesticum
1743 5125 2041 5191 aquntes,

446 5222 706 5272 auctores
752 5216 936 5281 erant,
968 5231 1038 5270 ne
1083 5216 1542 5284 procrastinaret,
1572 5218 1719 5271 omni
1757 5219 1866 5289 jam
1905 5234 2044 5289 prte-

446 5316 596 5365 textu
637 5308 853 5363 sublato
887 5350 902 5375 ,
934 5318 992 5363 et
1026 5310 1095 5362 de
1146 5309 1389 5379 ipsorum
1427 5311 1592 5364 etiam
1641 5311 1818 5366 salute
1888 5313 2043 5366 inco-

445 5399 807 5469 lamitateque
827 5400 1117 5469 cogitaret.
1151 5400 1365 5456 Placuit
1393 5402 1703 5457 consilium.
1729 5403 1865 5457 Cum
1894 5404 2040 5458 enim

442 5493 768 5560 imperatrix
800 5508 926 5546 eum
952 5492 1198 5547 factione
1228 5506 1324 5545 sua
1354 5494 1771 5550 utilitates-"suas
1794 5508 2039 5562 curaret,

444 5584 591 5638 haud
621 5585 711 5639 ille
740 5584 845 5639 sibi
880 5583 1185 5645 sedendum
1217 5585 1617 5641 arbitrabatur.
1642 5588 1826 5643 Nihilo
1859 5589 2042 5642 minus

442 5677 678 5744 aliquam
715 5676 899 5730 adhuc
933 5677 1351 5731 conversionem
1438 5677 1679 5749 bellique
1727 5680 2045 5735 dissolutio-

441 5781 571 5819 nem
619 5781 871 5835 sperans,
916 5783 1047 5823 suos
1094 5784 1164 5822 ne
1207 5767 1410 5823 animis
1460 5769 1857 5835 conciderent,
1903 5785 2042 5825 neve

442 5852 655 5921 bellum
689 5857 994 5929 irritarent,
1028 5859 1374 5917 hortabatur.

2155 4662 2435 4732 Γράφεται
2471 4662 2536 4733 δὴ
2573 4665 2711 4732 πρὸς
2748 4666 2930 4727 πάσας
2966 4668 3274 4736 γράμματα
3314 4668 3612 4741 βασιλικὰ,
3649 4680 3739 4715 κε-

2151 4754 2380 4807 λεύοντα
2425 4756 2516 4807 τὶν
2569 4756 2745 4824 μέγαν
2791 4756 3114 4826 δομέστικον
3160 4760 3424 4831 πολέμιον
3471 4756 3735 4828 ἡγεῖσθαι.

2152 4848 2248 4900 xui.
2300 4846 2576 4915 μηδεμίαν
2625 4846 2880 4916 δέχεσθαι
2934 4850 3345 4920 ἐπιδημοῦντα,
3393 4850 3531 4905 ἀλλά
3580 4844 3736 4900 παντὶ

2152 4937 2330 4990 σθένει
2366 4937 2677 5003 πολεμεῖνν
2698 4938 2794 4990 καὶ
2828 4936 3188 5009 διαφθείρειν.
3229 4942 3318 5005 Ὠς
3352 4943 3409 4993 δὲ
3447 4942 3539 4992 καὶ
3571 4934 3735 4988 ταῦτα

2148 5030 2448 5099 ἠγγέλλετο
2471 5030 2550 5100 τῷ
2580 5030 2805 5102 μεγάλῳ
2830 5032 3175 5104 δομεστίκῳς
3190 5034 3283 5088 καί
3309 5052 3434 5089 τινα
3461 5031 3570 5085 τῶν
3596 5041 3733 5095 πρα-

2150 5121 2384 5192 γμάτων
2421 5122 2712 5193 ἐκομίζετο
2756 5126 2837 5188 εἰς
2881 5124 3157 5191 ἀπόδειξιν
3196 5127 3403 5197 ἐναργῆ
3440 5123 3548 5175 τῶν
3581 5120 3730 5182 λεγο⁴

2150 5215 2360 5285 μένων,
2388 5215 2700 5284 ἐθορυὸεῖτο
2748 5215 2848 5286 μὲν
2885 5216 3131 5287 σφοδρῶς
3164 5217 3263 5289 ἤδη
3292 5218 3384 5271 καὶ
3410 5210 3737 5282 ἐκυμαίνετο-

2146 5305 2247 5375 τὴν
2281 5304 2462 5376 ψυχὴν
2500 5305 2595 5359 καὶ
2642 5306 2806 5369 αὐτὸς
2829 5346 2845 5371 ,
2880 5306 2975 5360 καὶ
3017 5310 3065 5360 oi
3113 5309 3369 5368 συνόντες
3395 5323 3409 5337 σ
3449 5302 3600 5356 οὐδὲν
3633 5295 3730 5363 μένι

2147 5414 2228 5450 τοι
2273 5396 2371 5451 καὶ
2414 5398 2573 5451 αὐτοὶ
2606 5400 2965 5469 ,νεωτερίζειν
3003 5401 3350 5471 ἐπεχείρουν,
3395 5399 3494 5464 τὴν
3535 5385 3725 5456 προθε’

2147 5487 2319 5557 σμίαν
2355 5489 2774 5560 περιμένοντες,
2809 5492 3011 5544 ἄτοπον
3048 5492 3345 5561 ἡγούμενοι
3380 5485 3485 5555 πρὸ
3517 5477 3723 5540 ἐκείνης

2143 5597 2197 5632 τι
2228 5580 2456 5652 τολμᾷν.
2495 5581 2649 5634 Ἐπεὶ
2678 5580 2736 5634 δὲ
2767 5582 3031 5652 ἡκούσης,
3062 5583 3115 5636 οἵ
3145 5601 3204 5637 τε
3236 5578 3494 5651 πρέσϐεις
3551 5567 3725 5637 παρῆ*

2145 5689 2248 5725 σαν
2278 5672 2551 5741 οὐδαμοῦ,
2588 5673 2683 5726 καὶ
2712 5672 2837 5726 οὔτε
2868 5676 3226 5745 γράμμασιν,
3263 5670 3385 5725 οὕτε
3420 5667 3525 5737 μὴν
3553 5662 3721 5751 λόγοιξ

2144 5765 2495 5835 ἠδυνήθησαν
2536 5765 2676 5833 δῆλα
2722 5765 2918 5820 θέσθαι
2961 5768 3048 5820 cf
3074 5762 3444 5836 γεγενημένα,
3488 5752 3590 5807 ὑπὸ
3629 5759 3714 5798 τον

2147 5856 2511 5930 φρουρεῖσθαι
2540 5857 2822 5927 ἀσφαλῶς,
2851 5859 2966 5913 ὅσοι
2997 5860 3106 5915 τῶν
3139 5848 3515 5930 συγκλητικῶν
3546 5835 3714 5908 παρῆ·
