  <div class='ocr_page' id='page_1' title='image "/cluster/home/n/w/nwhite01/storage/ocr_20150623/153:no.1/coo.31924054870583/425.png"; bbox 0 0 4054 6428; ppageno 0'>
   <div class='ocr_carea' id='block_1_1' title="bbox 481 367 588 428">
    <p class='ocr_par' dir='ltr' id='par_1_1' title="bbox 481 367 588 428">
     <span class='ocr_line' id='line_1_1' title="bbox 481 367 588 428; baseline 0.019 -3"><span class='ocrx_word' id='word_1_1' title='bbox 481 367 588 428; x_wconf 69' lang='lat'><strong>835</strong></span> 
     </span>
    </p>
   </div>
   <div class='ocr_carea' id='block_1_2' title="bbox 1662 351 2549 421">
    <p class='ocr_par' dir='ltr' id='par_1_2' title="bbox 1662 351 2549 421">
     <span class='ocr_line' id='line_1_2' title="bbox 1662 351 2549 421; baseline 0 -1"><span class='ocrx_word' id='word_1_2' title='bbox 1662 354 1985 421; x_wconf 73' lang='lat' dir='ltr'><strong>JOANN‘IS</strong></span> <span class='ocrx_word' id='word_1_3' title='bbox 2021 351 2549 420; x_wconf 66' lang='lat' dir='ltr'><strong>CANTACUZENI</strong></span> 
     </span>
    </p>
   </div>
   <div class='ocr_carea' id='block_1_3' title="bbox 3641 331 3757 422">
    <p class='ocr_par' dir='ltr' id='par_1_3' title="bbox 3641 331 3757 422">
     <span class='ocr_line' id='line_1_3' title="bbox 3641 331 3757 422; baseline -0.009 0"><span class='ocrx_word' id='word_1_4' title='bbox 3641 331 3757 422; x_wconf 40' lang='lat'><strong>836‘</strong></span> 
     </span>
    </p>
   </div>
   <div class='ocr_carea' id='block_1_4' title="bbox 479 476 2072 551">
    <p class='ocr_par' dir='ltr' id='par_1_4' title="bbox 479 477 2058 551">
     <span class='ocr_line' id='line_1_4' title="bbox 479 477 2058 551; baseline -0.004 -17"><span class='ocrx_word' id='word_1_5' title='bbox 479 483 659 551; x_wconf 80' lang='lat' dir='ltr'><strong>ipsum</strong></span> <span class='ocrx_word' id='word_1_6' title='bbox 711 481 915 534; x_wconf 79' lang='lat' dir='ltr'><strong>amoris</strong></span> <span class='ocrx_word' id='word_1_7' title='bbox 962 485 1374 548; x_wconf 75' lang='lat' dir='ltr'><strong>argumentum,</strong></span> <span class='ocrx_word' id='word_1_8' title='bbox 1425 477 1852 533; x_wconf 72' lang='lat' dir='ltr'><strong>sollicitudinem</strong></span> <span class='ocrx_word' id='word_1_9' title='bbox 1891 483 2058 544; x_wconf 87' lang='lat' dir='ltr'><strong>atque</strong></span> 
     </span>
    </p>
   </div>
   <div class='ocr_carea' id='block_1_5' title="bbox 2176 476 3748 551">
    <p class='ocr_par' dir='ltr' id='par_1_5' title="bbox 2176 477 3748 549">
     <span class='ocr_line' id='line_1_5' title="bbox 2176 477 3748 549; baseline 0.002 -21"><span class='ocrx_word' id='word_1_10' title='bbox 2176 477 2439 542; x_wconf 67' lang='grc' dir='ltr'>φέστατον</span> <span class='ocrx_word' id='word_1_11' title='bbox 2472 477 2573 546; x_wconf 75' lang='grc' dir='ltr'><strong>τὴν</strong></span> <span class='ocrx_word' id='word_1_12' title='bbox 2604 477 2684 538; x_wconf 83' lang='grc' dir='ltr'><strong>είς</strong></span> <span class='ocrx_word' id='word_1_13' title='bbox 2711 477 2836 540; x_wconf 78' lang='grc' dir='ltr'>τοὺς</span> <span class='ocrx_word' id='word_1_14' title='bbox 2876 479 3075 540; x_wconf 81' lang='grc' dir='ltr'>παῖδας</span> <span class='ocrx_word' id='word_1_15' title='bbox 3108 480 3370 549; x_wconf 82' lang='grc' dir='ltr'>πρόνοιαν</span> <span class='ocrx_word' id='word_1_16' title='bbox 3401 479 3496 532; x_wconf 79' lang='grc' dir='ltr'>καὶ</span> <span class='ocrx_word' id='word_1_17' title='bbox 3540 477 3748 548; x_wconf 76' lang='grc' dir='ltr'>βασιλί-</span> 
     </span>
    </p>
   </div>
   <div class='ocr_carea' id='block_1_6' title="bbox 477 570 2062 642">
    <p class='ocr_par' dir='ltr' id='par_1_6' title="bbox 477 570 2062 642">
     <span class='ocr_line' id='line_1_6' title="bbox 477 570 2062 642; baseline -0.002 -16"><span class='ocrx_word' id='word_1_18' title='bbox 477 589 664 626; x_wconf 86' lang='lat' dir='ltr'><strong>curam</strong></span> <span class='ocrx_word' id='word_1_19' title='bbox 722 573 778 626; x_wconf 94' lang='lat' dir='ltr'><strong>in</strong></span> <span class='ocrx_word' id='word_1_20' title='bbox 833 573 1038 626; x_wconf 89' lang='lat' dir='ltr'><strong>liberos</strong></span> <span class='ocrx_word' id='word_1_21' title='bbox 1087 582 1143 627; x_wconf 92' lang='lat' dir='ltr'><strong>et</strong></span> <span class='ocrx_word' id='word_1_22' title='bbox 1191 573 1479 642; x_wconf 84' lang='lat' dir='ltr'><strong>conjugem</strong></span> <span class='ocrx_word' id='word_1_23' title='bbox 1541 573 1661 642; x_wconf 88' lang='lat' dir='ltr'><strong>ejus</strong></span> <span class='ocrx_word' id='word_1_24' title='bbox 1694 571 1938 624; x_wconf 81' lang='lat' dir='ltr'><strong>ederem.</strong></span> <span class='ocrx_word' id='word_1_25' title='bbox 1994 570 2062 624; x_wconf 85' lang='lat' dir='ltr'><strong>Et</strong></span> 
     </span>
    </p>
   </div>
   <div class='ocr_carea' id='block_1_7' title="bbox 479 661 2060 732">
    <p class='ocr_par' dir='ltr' id='par_1_7' title="bbox 479 661 2060 732">
     <span class='ocr_line' id='line_1_7' title="bbox 479 661 2060 732; baseline -0.001 -18"><span class='ocrx_word' id='word_1_26' title='bbox 479 664 701 732; x_wconf 82' lang='lat' dir='ltr'><strong>quidem</strong></span> <span class='ocrx_word' id='word_1_27' title='bbox 747 664 814 716; x_wconf 89' lang='lat' dir='ltr'><strong>ab</strong></span> <span class='ocrx_word' id='word_1_28' title='bbox 844 665 962 731; x_wconf 86' lang='lat' dir='ltr'><strong>ejus</strong></span> <span class='ocrx_word' id='word_1_29' title='bbox 991 663 1143 717; x_wconf 89' lang='lat' dir='ltr'><strong>obitu</strong></span> <span class='ocrx_word' id='word_1_30' title='bbox 1180 679 1354 732; x_wconf 85' lang='lat' dir='ltr'><strong>usque</strong></span> <span class='ocrx_word' id='word_1_31' title='bbox 1393 663 1501 716; x_wconf 88' lang='lat' dir='ltr'><strong>huc</strong></span> <span class='ocrx_word' id='word_1_32' title='bbox 1546 663 1681 716; x_wconf 85' lang='lat' dir='ltr'><strong>nihil</strong></span> <span class='ocrx_word' id='word_1_33' title='bbox 1713 661 2060 731; x_wconf 62' lang='lat' dir='ltr'><strong>pratermisi,</strong></span> 
     </span>
    </p>
   </div>
   <div class='ocr_carea' id='block_1_8' title="bbox 479 753 2064 824">
    <p class='ocr_par' dir='ltr' id='par_1_8' title="bbox 479 753 2064 824">
     <span class='ocr_line' id='line_1_8' title="bbox 479 753 2064 824; baseline -0.001 -16"><span class='ocrx_word' id='word_1_34' title='bbox 479 757 573 808; x_wconf 84' lang='lat' dir='ltr'><strong>sed</strong></span> <span class='ocrx_word' id='word_1_35' title='bbox 617 772 717 809; x_wconf 78' lang='lat' dir='ltr'><strong>nec</strong></span> <span class='ocrx_word' id='word_1_36' title='bbox 751 755 970 824; x_wconf 85' lang='lat' dir='ltr'><strong>corpori</strong></span> <span class='ocrx_word' id='word_1_37' title='bbox 1016 773 1140 810; x_wconf 89' lang='lat' dir='ltr'><strong>meo</strong></span> <span class='ocrx_word' id='word_1_38' title='bbox 1198 756 1512 824; x_wconf 73' lang='lat' dir='ltr'><strong>pecnniisve</strong></span> <span class='ocrx_word' id='word_1_39' title='bbox 1547 755 1787 823; x_wconf 87' lang='lat' dir='ltr'><strong>peperci,</strong></span> <span class='ocrx_word' id='word_1_40' title='bbox 1815 753 2064 822; x_wconf 83' lang='lat' dir='ltr'><strong>nihilque</strong></span> 
     </span>
    </p>
   </div>
   <div class='ocr_carea' id='block_1_9' title="bbox 481 845 2062 913">
    <p class='ocr_par' dir='ltr' id='par_1_9' title="bbox 481 845 2062 913">
     <span class='ocr_line' id='line_1_9' title="bbox 481 845 2062 913; baseline 0 -15"><span class='ocrx_word' id='word_1_41' title='bbox 481 861 591 898; x_wconf 91' lang='lat' dir='ltr'><strong>non</strong></span> <span class='ocrx_word' id='word_1_42' title='bbox 625 845 730 898; x_wconf 87' lang='lat' dir='ltr'><strong>feci</strong></span> <span class='ocrx_word' id='word_1_43' title='bbox 783 856 840 899; x_wconf 91' lang='lat' dir='ltr'><strong>et</strong></span> <span class='ocrx_word' id='word_1_44' title='bbox 866 849 1090 907; x_wconf 82' lang='lat' dir='ltr'><strong>tentavi,</strong></span> <span class='ocrx_word' id='word_1_45' title='bbox 1117 855 1176 899; x_wconf 91' lang='lat' dir='ltr'><strong>ut</strong></span> <span class='ocrx_word' id='word_1_46' title='bbox 1200 846 1309 898; x_wconf 87' lang='lat' dir='ltr'><strong>illis</strong></span> <span class='ocrx_word' id='word_1_47' title='bbox 1336 845 1621 913; x_wconf 89' lang='lat' dir='ltr'><strong>imperium</strong></span> <span class='ocrx_word' id='word_1_48' title='bbox 1651 859 2062 899; x_wconf 87' lang='lat' dir='ltr'><strong>eouservarem.</strong></span> 
     </span>
    </p>
   </div>
   <div class='ocr_carea' id='block_1_10' title="bbox 481 933 2067 1006">
    <p class='ocr_par' dir='ltr' id='par_1_10' title="bbox 481 933 2067 1006">
     <span class='ocr_line' id='line_1_10' title="bbox 481 933 2067 1006; baseline -0.004 -12"><span class='ocrx_word' id='word_1_49' title='bbox 481 933 668 1006; x_wconf 79' lang='lat' dir='ltr'><strong>Neque</strong></span> <span class='ocrx_word' id='word_1_50' title='bbox 721 953 876 1003; x_wconf 76' lang='lat' dir='ltr'><strong>vero,</strong></span> <span class='ocrx_word' id='word_1_51' title='bbox 921 954 1045 992; x_wconf 89' lang='lat' dir='ltr'><strong>cum</strong></span> <span class='ocrx_word' id='word_1_52' title='bbox 1085 939 1350 992; x_wconf 91' lang='lat' dir='ltr'><strong>hactenus</strong></span> <span class='ocrx_word' id='word_1_53' title='bbox 1393 954 1492 1006; x_wconf 92' lang='lat' dir='ltr'><strong>pro</strong></span> <span class='ocrx_word' id='word_1_54' title='bbox 1542 951 1608 990; x_wconf 92' lang='lat' dir='ltr'><strong>eo</strong></span> <span class='ocrx_word' id='word_1_55' title='bbox 1641 953 1702 990; x_wconf 85' lang='lat' dir='ltr'><strong>ac</strong></span> <span class='ocrx_word' id='word_1_56' title='bbox 1735 936 1898 990; x_wconf 82' lang='lat' dir='ltr'><strong>debui</strong></span> <span class='ocrx_word' id='word_1_57' title='bbox 1934 935 2067 988; x_wconf 54' lang='lat' dir='ltr'><strong>fide-</strong></span> 
     </span>
    </p>
   </div>
   <div class='ocr_carea' id='block_1_11' title="bbox 481 1026 2065 1100">
    <p class='ocr_par' dir='ltr' id='par_1_11' title="bbox 481 1026 2065 1100">
     <span class='ocr_line' id='line_1_11' title="bbox 481 1026 2065 1100; baseline 0.001 -20"><span class='ocrx_word' id='word_1_58' title='bbox 481 1028 609 1081; x_wconf 87' lang='lat' dir='ltr'><strong>liter</strong></span> <span class='ocrx_word' id='word_1_59' title='bbox 663 1030 922 1099; x_wconf 87' lang='lat' dir='ltr'><strong>justeque</strong></span> <span class='ocrx_word' id='word_1_60' title='bbox 988 1030 1328 1100; x_wconf 58' lang='lat' dir='ltr'><strong>praefuerim,</strong></span> <span class='ocrx_word' id='word_1_61' title='bbox 1399 1029 1621 1082; x_wconf 77' lang='lat' dir='ltr'><strong>deruunt</strong></span> <span class='ocrx_word' id='word_1_62' title='bbox 1687 1026 2065 1096; x_wconf 85' lang='lat' dir='ltr'><strong>magnitudine</strong></span> 
     </span>
    </p>
   </div>
   <div class='ocr_carea' id='block_1_12' title="bbox 481 1118 2068 1188">
    <p class='ocr_par' dir='ltr' id='par_1_12' title="bbox 481 1118 2068 1188">
     <span class='ocr_line' id='line_1_12' title="bbox 481 1118 2068 1188; baseline 0.001 -17"><span class='ocrx_word' id='word_1_63' title='bbox 481 1121 773 1186; x_wconf 83' lang='lat' dir='ltr'><strong>potestatis</strong></span> <span class='ocrx_word' id='word_1_64' title='bbox 820 1120 1063 1185; x_wconf 82' lang='lat' dir='ltr'><strong>inflatus,</strong></span> <span class='ocrx_word' id='word_1_65' title='bbox 1115 1120 1247 1174; x_wconf 88' lang='lat' dir='ltr'><strong>mihi</strong></span> <span class='ocrx_word' id='word_1_66' title='bbox 1295 1121 1599 1174; x_wconf 81' lang='lat' dir='ltr'><strong>Romanum</strong></span> <span class='ocrx_word' id='word_1_67' title='bbox 1645 1118 1935 1188; x_wconf 89' lang='lat' dir='ltr'><strong>imperium</strong></span> <span class='ocrx_word' id='word_1_68' title='bbox 1977 1134 2068 1172; x_wconf 86' lang='lat' dir='ltr'><strong>as-</strong></span> 
     </span>
    </p>
   </div>
   <div class='ocr_carea' id='block_1_13' title="bbox 401 1210 2067 1280">
    <p class='ocr_par' dir='ltr' id='par_1_13' title="bbox 401 1210 2067 1280">
     <span class='ocr_line' id='line_1_13' title="bbox 401 1210 2067 1280; baseline 0.001 -19"><span class='ocrx_word' id='word_1_69' title='bbox 401 1242 412 1252; x_wconf 83' lang='lat'><strong>-</strong></span> <span class='ocrx_word' id='word_1_70' title='bbox 483 1220 753 1274; x_wconf 87' lang='lat' dir='ltr'><strong>serturus,</strong></span> <span class='ocrx_word' id='word_1_71' title='bbox 788 1222 844 1265; x_wconf 89' lang='lat' dir='ltr'><strong>et</strong></span> <span class='ocrx_word' id='word_1_72' title='bbox 877 1228 1172 1280; x_wconf 81' lang='lat' dir='ltr'><strong>personam</strong></span> <span class='ocrx_word' id='word_1_73' title='bbox 1204 1212 1364 1265; x_wconf 92' lang='lat' dir='ltr'><strong>istam</strong></span> <span class='ocrx_word' id='word_1_74' title='bbox 1402 1211 1453 1263; x_wconf 91' lang='lat' dir='ltr'><strong>in</strong></span> <span class='ocrx_word' id='word_1_75' title='bbox 1502 1210 1910 1278; x_wconf 77' lang='lat' dir='ltr'><strong>imperatoriam</strong></span> <span class='ocrx_word' id='word_1_76' title='bbox 1942 1226 2067 1263; x_wconf 88' lang='lat' dir='ltr'><strong>mu-</strong></span> 
     </span>
    </p>
   </div>
   <div class='ocr_carea' id='block_1_14' title="bbox 485 1301 2068 1371">
    <p class='ocr_par' dir='ltr' id='par_1_14' title="bbox 485 1301 2068 1371">
     <span class='ocr_line' id='line_1_14' title="bbox 485 1301 2068 1371; baseline 0.001 -18"><span class='ocrx_word' id='word_1_77' title='bbox 485 1311 699 1355; x_wconf 81' lang='lat' dir='ltr'><strong>taturus</strong></span> <span class='ocrx_word' id='word_1_78' title='bbox 743 1319 916 1356; x_wconf 92' lang='lat' dir='ltr'><strong>eram.</strong></span> <span class='ocrx_word' id='word_1_79' title='bbox 950 1305 1084 1357; x_wconf 90' lang='lat' dir='ltr'><strong>Nam</strong></span> <span class='ocrx_word' id='word_1_80' title='bbox 1115 1319 1222 1371; x_wconf 91' lang='lat' dir='ltr'><strong>qua</strong></span> <span class='ocrx_word' id='word_1_81' title='bbox 1251 1303 1316 1357; x_wconf 92' lang='lat' dir='ltr'><strong>de</strong></span> <span class='ocrx_word' id='word_1_82' title='bbox 1351 1303 1652 1371; x_wconf 75' lang='lat' dir='ltr'><strong>przeterito,</strong></span> <span class='ocrx_word' id='word_1_83' title='bbox 1689 1317 1774 1354; x_wconf 90' lang='lat' dir='ltr'><strong>res</strong></span> <span class='ocrx_word' id='word_1_84' title='bbox 1803 1301 1934 1370; x_wconf 75' lang='lat' dir='ltr'><strong>ipsa:</strong></span> <span class='ocrx_word' id='word_1_85' title='bbox 1963 1303 2068 1354; x_wconf 89' lang='lat' dir='ltr'><strong>hoc</strong></span> 
     </span>
    </p>
   </div>
   <div class='ocr_carea' id='block_1_15' title="bbox 486 1393 2066 1464">
    <p class='ocr_par' dir='ltr' id='par_1_15' title="bbox 486 1393 2066 1464">
     <span class='ocr_line' id='line_1_15' title="bbox 486 1393 2066 1464; baseline -0.002 -17"><span class='ocrx_word' id='word_1_86' title='bbox 486 1396 858 1458; x_wconf 81' lang='lat' dir='ltr'><strong>testabantur,</strong></span> <span class='ocrx_word' id='word_1_87' title='bbox 902 1410 1070 1461; x_wconf 83' lang='lat' dir='ltr'><strong>super</strong></span> <span class='ocrx_word' id='word_1_88' title='bbox 1096 1395 1296 1448; x_wconf 90' lang='lat' dir='ltr'><strong>futuris</strong></span> <span class='ocrx_word' id='word_1_89' title='bbox 1351 1411 1459 1448; x_wconf 87' lang='lat' dir='ltr'><strong>non</strong></span> <span class='ocrx_word' id='word_1_90' title='bbox 1493 1395 1668 1448; x_wconf 81' lang='lat' dir='ltr'><strong>solum</strong></span> <span class='ocrx_word' id='word_1_91' title='bbox 1715 1393 1885 1448; x_wconf 88' lang='lat' dir='ltr'><strong>Deum</strong></span> <span class='ocrx_word' id='word_1_92' title='bbox 1917 1394 2066 1464; x_wconf 84' lang='lat' dir='ltr'><strong>cogi-</strong></span> 
     </span>
    </p>
   </div>
   <div class='ocr_carea' id='block_1_16' title="bbox 486 1484 2064 1553">
    <p class='ocr_par' dir='ltr' id='par_1_16' title="bbox 486 1484 2064 1553">
     <span class='ocr_line' id='line_1_16' title="bbox 486 1484 2064 1553; baseline 0.003 -19"><span class='ocrx_word' id='word_1_93' title='bbox 486 1484 755 1537; x_wconf 86' lang='lat' dir='ltr'><strong>tationum</strong></span> <span class='ocrx_word' id='word_1_94' title='bbox 814 1501 1058 1538; x_wconf 89' lang='lat' dir='ltr'><strong>mearum</strong></span> <span class='ocrx_word' id='word_1_95' title='bbox 1106 1494 1300 1538; x_wconf 84' lang='lat' dir='ltr'><strong>testem</strong></span> <span class='ocrx_word' id='word_1_96' title='bbox 1342 1485 1434 1547; x_wconf 92' lang='lat' dir='ltr'><strong>do,</strong></span> <span class='ocrx_word' id='word_1_97' title='bbox 1491 1489 1584 1539; x_wconf 91' lang='lat' dir='ltr'><strong>sed</strong></span> <span class='ocrx_word' id='word_1_98' title='bbox 1621 1487 1786 1538; x_wconf 90' lang='lat' dir='ltr'><strong>etiam</strong></span> <span class='ocrx_word' id='word_1_99' title='bbox 1821 1501 1888 1538; x_wconf 85' lang='lat' dir='ltr'><strong>ex</strong></span> <span class='ocrx_word' id='word_1_100' title='bbox 1929 1486 2064 1553; x_wconf 87' lang='lat' dir='ltr'><strong>ipsis</strong></span> 
     </span>
    </p>
   </div>
   <div class='ocr_carea' id='block_1_17' title="bbox 401 1571 2064 1646">
    <p class='ocr_par' dir='ltr' id='par_1_17' title="bbox 401 1571 2064 1646">
     <span class='ocr_line' id='line_1_17' title="bbox 401 1571 2064 1646; baseline 0.002 -20"><span class='ocrx_word' id='word_1_101' title='bbox 401 1571 410 1638; x_wconf 68' lang='grc' dir='ltr'><em>ξ</em></span> <span class='ocrx_word' id='word_1_102' title='bbox 485 1577 782 1642; x_wconf 73' lang='lat' dir='ltr'><strong>prazteritis</strong></span> <span class='ocrx_word' id='word_1_103' title='bbox 809 1593 871 1629; x_wconf 86' lang='lat' dir='ltr'><strong>ea</strong></span> <span class='ocrx_word' id='word_1_104' title='bbox 906 1577 1116 1645; x_wconf 89' lang='lat' dir='ltr'><strong>liquido</strong></span> <span class='ocrx_word' id='word_1_105' title='bbox 1151 1578 1371 1646; x_wconf 89' lang='lat' dir='ltr'><strong>probari</strong></span> <span class='ocrx_word' id='word_1_106' title='bbox 1407 1593 1568 1646; x_wconf 79' lang='lat' dir='ltr'><strong>posse</strong></span> <span class='ocrx_word' id='word_1_107' title='bbox 1619 1578 1764 1630; x_wconf 87' lang='lat' dir='ltr'><strong>dico.</strong></span> <span class='ocrx_word' id='word_1_108' title='bbox 1824 1577 1878 1630; x_wconf 92' lang='lat' dir='ltr'><strong>Si</strong></span> <span class='ocrx_word' id='word_1_109' title='bbox 1918 1578 2064 1631; x_wconf 92' lang='lat' dir='ltr'><strong>enim</strong></span> 
     </span>
    </p>
   </div>
   <div class='ocr_carea' id='block_1_18' title="bbox 403 1663 2066 1741">
    <p class='ocr_par' dir='ltr' id='par_1_18' title="bbox 403 1663 2066 1741">
     <span class='ocr_line' id='line_1_18' title="bbox 403 1663 2066 1741; baseline 0 -24"><span class='ocrx_word' id='word_1_110' title='bbox 403 1663 414 1710; x_wconf 64' lang='grc' dir='ltr'><em>ἓ</em></span> <span class='ocrx_word' id='word_1_111' title='bbox 488 1668 610 1728; x_wconf 86' lang='lat' dir='ltr'><strong>ista,</strong></span> <span class='ocrx_word' id='word_1_112' title='bbox 671 1677 730 1719; x_wconf 91' lang='lat' dir='ltr'><strong>ut</strong></span> <span class='ocrx_word' id='word_1_113' title='bbox 795 1667 1145 1735; x_wconf 63' lang='lat' dir='ltr'><strong>sycophanta;</strong></span> <span class='ocrx_word' id='word_1_114' title='bbox 1210 1668 1530 1736; x_wconf 71' lang='lat' dir='ltr'><strong>przedicant,</strong></span> <span class='ocrx_word' id='word_1_115' title='bbox 1587 1667 2066 1741; x_wconf 86' lang='lat' dir='ltr'><strong>concupiscebam,</strong></span> 
     </span>
    </p>
   </div>
   <div class='ocr_carea' id='block_1_19' title="bbox 408 1750 2066 1829">
    <p class='ocr_par' dir='ltr' id='par_1_19' title="bbox 408 1750 2066 1829">
     <span class='ocr_line' id='line_1_19' title="bbox 408 1750 2066 1829; baseline 0.002 -21"><span class='ocrx_word' id='word_1_116' title='bbox 408 1750 412 1782; x_wconf 64' lang='lat'><strong>‘</strong></span> <span class='ocrx_word' id='word_1_117' title='bbox 483 1758 617 1826; x_wconf 90' lang='lat' dir='ltr'><strong>quid</strong></span> <span class='ocrx_word' id='word_1_118' title='bbox 687 1759 1034 1826; x_wconf 79' lang='lat' dir='ltr'><strong>prohibebat,</strong></span> <span class='ocrx_word' id='word_1_119' title='bbox 1089 1761 1310 1829; x_wconf 88' lang='lat' dir='ltr'><strong>quando</strong></span> <span class='ocrx_word' id='word_1_120' title='bbox 1388 1761 1720 1829; x_wconf 78' lang='lat' dir='ltr'><strong>imperatore</strong></span> <span class='ocrx_word' id='word_1_121' title='bbox 1776 1759 2066 1823; x_wconf 90' lang='lat' dir='ltr'><strong>moriente,</strong></span> 
     </span>
    </p>
   </div>
   <div class='ocr_carea' id='block_1_20' title="bbox 486 1853 2061 1926">
    <p class='ocr_par' dir='ltr' id='par_1_20' title="bbox 486 1853 2061 1926">
     <span class='ocr_line' id='line_1_20' title="bbox 486 1853 2061 1926; baseline 0.003 -22"><span class='ocrx_word' id='word_1_122' title='bbox 486 1853 634 1908; x_wconf 89' lang='lat' dir='ltr'><strong>illius</strong></span> <span class='ocrx_word' id='word_1_123' title='bbox 665 1855 806 1908; x_wconf 85' lang='lat' dir='ltr'><strong>filios</strong></span> <span class='ocrx_word' id='word_1_124' title='bbox 840 1855 1068 1917; x_wconf 80' lang='lat' dir='ltr'><strong>habens,</strong></span> <span class='ocrx_word' id='word_1_125' title='bbox 1090 1856 1350 1926; x_wconf 83' lang='lat' dir='ltr'><strong>palatium</strong></span> <span class='ocrx_word' id='word_1_126' title='bbox 1373 1856 1694 1911; x_wconf 82' lang='lat' dir='ltr'><strong>custodibus</strong></span> <span class='ocrx_word' id='word_1_127' title='bbox 1724 1855 2061 1920; x_wconf 89' lang='lat' dir='ltr'><strong>muniebam,</strong></span> 
     </span>
    </p>
   </div>
   <div class='ocr_carea' id='block_1_21' title="bbox 483 1948 2065 2016">
    <p class='ocr_par' dir='ltr' id='par_1_21' title="bbox 483 1948 2065 2016">
     <span class='ocr_line' id='line_1_21' title="bbox 483 1948 2065 2016; baseline 0.003 -18"><span class='ocrx_word' id='word_1_128' title='bbox 483 1957 538 1999; x_wconf 90' lang='lat' dir='ltr'><strong>et</strong></span> <span class='ocrx_word' id='word_1_129' title='bbox 574 1959 692 2014; x_wconf 71' lang='lat' dir='ltr'><strong>post</strong></span> <span class='ocrx_word' id='word_1_130' title='bbox 725 1948 868 2001; x_wconf 89' lang='lat' dir='ltr'><strong>diem</strong></span> <span class='ocrx_word' id='word_1_131' title='bbox 907 1952 1126 2002; x_wconf 80' lang='lat' dir='ltr'><strong>tertium</strong></span> <span class='ocrx_word' id='word_1_132' title='bbox 1163 1949 1510 2016; x_wconf 86' lang='lat' dir='ltr'><strong>imperatrice</strong></span> <span class='ocrx_word' id='word_1_133' title='bbox 1554 1949 1850 2004; x_wconf 85' lang='lat' dir='ltr'><strong>accedente</strong></span> <span class='ocrx_word' id='word_1_134' title='bbox 1880 1948 2065 2002; x_wconf 86' lang='lat' dir='ltr'><strong>omnia</strong></span> 
     </span>
    </p>
   </div>
   <div class='ocr_carea' id='block_1_22' title="bbox 480 2042 2063 2103">
    <p class='ocr_par' dir='ltr' id='par_1_22' title="bbox 480 2042 2063 2103">
     <span class='ocr_line' id='line_1_22' title="bbox 480 2042 2063 2103; baseline 0.001 -11"><span class='ocrx_word' id='word_1_135' title='bbox 480 2049 638 2092; x_wconf 91' lang='lat' dir='ltr'><strong>erant</strong></span> <span class='ocrx_word' id='word_1_136' title='bbox 689 2042 738 2092; x_wconf 92' lang='lat' dir='ltr'><strong>in</strong></span> <span class='ocrx_word' id='word_1_137' title='bbox 774 2057 938 2094; x_wconf 78' lang='lat' dir='ltr'><strong>unum</strong></span> <span class='ocrx_word' id='word_1_138' title='bbox 979 2057 1117 2101; x_wconf 84' lang='lat' dir='ltr'><strong>mea.</strong></span> <span class='ocrx_word' id='word_1_139' title='bbox 1152 2051 1212 2095; x_wconf 85' lang='lat' dir='ltr'><strong>ut</strong></span> <span class='ocrx_word' id='word_1_140' title='bbox 1264 2042 1330 2094; x_wconf 79' lang='lat' dir='ltr'><strong>iis</strong></span> <span class='ocrx_word' id='word_1_141' title='bbox 1375 2042 1440 2094; x_wconf 90' lang='lat' dir='ltr'><strong>ad</strong></span> <span class='ocrx_word' id='word_1_142' title='bbox 1491 2042 1818 2096; x_wconf 86' lang='lat' dir='ltr'><strong>arbitratum</strong></span> <span class='ocrx_word' id='word_1_143' title='bbox 1857 2051 2063 2103; x_wconf 90' lang='lat' dir='ltr'><strong>uterer,</strong></span> 
     </span>
    </p>
   </div>
   <div class='ocr_carea' id='block_1_23' title="bbox 483 2132 2065 2204">
    <p class='ocr_par' dir='ltr' id='par_1_23' title="bbox 483 2132 2065 2204">
     <span class='ocr_line' id='line_1_23' title="bbox 483 2132 2065 2204; baseline 0.003 -20"><span class='ocrx_word' id='word_1_144' title='bbox 483 2132 616 2200; x_wconf 90' lang='lat' dir='ltr'><strong>quin</strong></span> <span class='ocrx_word' id='word_1_145' title='bbox 681 2134 801 2186; x_wconf 89' lang='lat' dir='ltr'><strong>illos</strong></span> <span class='ocrx_word' id='word_1_146' title='bbox 853 2150 884 2188; x_wconf 91' lang='lat' dir='ltr'><strong>e</strong></span> <span class='ocrx_word' id='word_1_147' title='bbox 942 2135 1122 2186; x_wconf 88' lang='lat' dir='ltr'><strong>medio</strong></span> <span class='ocrx_word' id='word_1_148' title='bbox 1165 2134 1436 2197; x_wconf 87' lang='lat' dir='ltr'><strong>tollerem,</strong></span> <span class='ocrx_word' id='word_1_149' title='bbox 1484 2135 1729 2204; x_wconf 87' lang='lat' dir='ltr'><strong>mihique</strong></span> <span class='ocrx_word' id='word_1_150' title='bbox 1769 2135 2065 2203; x_wconf 90' lang='lat' dir='ltr'><strong>imperium</strong></span> 
     </span>
    </p>
   </div>
   <div class='ocr_carea' id='block_1_24' title="bbox 483 2226 2122 2301">
    <p class='ocr_par' dir='ltr' id='par_1_24' title="bbox 483 2226 2122 2301">
     <span class='ocr_line' id='line_1_24' title="bbox 483 2226 2122 2301; baseline 0.002 -24"><span class='ocrx_word' id='word_1_151' title='bbox 483 2227 621 2277; x_wconf 91' lang='lat' dir='ltr'><strong>citra</strong></span> <span class='ocrx_word' id='word_1_152' title='bbox 676 2226 938 2278; x_wconf 83' lang='lat' dir='ltr'><strong>sudorem</strong></span> <span class='ocrx_word' id='word_1_153' title='bbox 1000 2242 1062 2279; x_wconf 88' lang='lat' dir='ltr'><strong>ac</strong></span> <span class='ocrx_word' id='word_1_154' title='bbox 1116 2227 1358 2281; x_wconf 78' lang='lat' dir='ltr'><strong>laborem</strong></span> <span class='ocrx_word' id='word_1_155' title='bbox 1408 2227 1702 2280; x_wconf 88' lang='lat' dir='ltr'><strong>retinerem</strong></span> <span class='ocrx_word' id='word_1_156' title='bbox 1735 2270 1746 2287; x_wconf 91' lang='lat'><strong>,</strong></span> <span class='ocrx_word' id='word_1_157' title='bbox 1780 2228 2064 2298; x_wconf 85' lang='lat' dir='ltr'><strong>nnllojam</strong></span> <span class='ocrx_word' id='word_1_158' title='bbox 2115 2294 2122 2301; x_wconf 35' lang='lat'><em>.</em></span> 
     </span>
    </p>
   </div>
   <div class='ocr_carea' id='block_1_25' title="bbox 485 2315 2068 2385">
    <p class='ocr_par' dir='ltr' id='par_1_25' title="bbox 485 2315 2068 2385">
     <span class='ocr_line' id='line_1_25' title="bbox 485 2315 2068 2385; baseline 0.004 -19"><span class='ocrx_word' id='word_1_159' title='bbox 485 2315 700 2376; x_wconf 85' lang='lat' dir='ltr'><strong>relicto,</strong></span> <span class='ocrx_word' id='word_1_160' title='bbox 736 2316 829 2383; x_wconf 85' lang='lat' dir='ltr'><strong>qui</strong></span> <span class='ocrx_word' id='word_1_161' title='bbox 887 2331 945 2370; x_wconf 85' lang='lat' dir='ltr'><strong>se</strong></span> <span class='ocrx_word' id='word_1_162' title='bbox 983 2315 1112 2368; x_wconf 87' lang='lat' dir='ltr'><strong>mihi</strong></span> <span class='ocrx_word' id='word_1_163' title='bbox 1147 2317 1378 2369; x_wconf 84' lang='lat' dir='ltr'><strong>auderet</strong></span> <span class='ocrx_word' id='word_1_164' title='bbox 1414 2316 1732 2384; x_wconf 87' lang='lat' dir='ltr'><strong>opponere?</strong></span> <span class='ocrx_word' id='word_1_165' title='bbox 1767 2318 1930 2385; x_wconf 80' lang='lat' dir='ltr'><strong>Atqui</strong></span> <span class='ocrx_word' id='word_1_166' title='bbox 1982 2333 2068 2372; x_wconf 89' lang='lat' dir='ltr'><strong>me</strong></span> 
     </span>
    </p>
   </div>
   <div class='ocr_carea' id='block_1_26' title="bbox 485 2407 2064 2477">
    <p class='ocr_par' dir='ltr' id='par_1_26' title="bbox 485 2407 2064 2477">
     <span class='ocr_line' id='line_1_26' title="bbox 485 2407 2064 2477; baseline 0.002 -18"><span class='ocrx_word' id='word_1_167' title='bbox 485 2423 596 2460; x_wconf 89' lang='lat' dir='ltr'><strong>non</strong></span> <span class='ocrx_word' id='word_1_168' title='bbox 631 2418 841 2460; x_wconf 89' lang='lat' dir='ltr'><strong>tantum</strong></span> <span class='ocrx_word' id='word_1_169' title='bbox 871 2408 1007 2460; x_wconf 86' lang='lat' dir='ltr'><strong>nihil</strong></span> <span class='ocrx_word' id='word_1_170' title='bbox 1029 2407 1408 2476; x_wconf 83' lang='lat' dir='ltr'><strong>hujuscemodi</strong></span> <span class='ocrx_word' id='word_1_171' title='bbox 1442 2408 1742 2462; x_wconf 90' lang='lat' dir='ltr'><strong>machinari</strong></span> <span class='ocrx_word' id='word_1_172' title='bbox 1777 2411 2064 2477; x_wconf 88' lang='lat' dir='ltr'><strong>apparuit,</strong></span> 
     </span>
    </p>
   </div>
   <div class='ocr_carea' id='block_1_27' title="bbox 483 2498 2068 2568">
    <p class='ocr_par' dir='ltr' id='par_1_27' title="bbox 483 2498 2068 2568">
     <span class='ocr_line' id='line_1_27' title="bbox 483 2498 2068 2568; baseline 0.003 -18"><span class='ocrx_word' id='word_1_173' title='bbox 483 2498 579 2551; x_wconf 84' lang='lat' dir='ltr'><strong>sed</strong></span> <span class='ocrx_word' id='word_1_174' title='bbox 613 2514 738 2552; x_wconf 91' lang='lat' dir='ltr'><strong>cum</strong></span> <span class='ocrx_word' id='word_1_175' title='bbox 770 2499 822 2551; x_wconf 88' lang='lat' dir='ltr'><strong>in</strong></span> <span class='ocrx_word' id='word_1_176' title='bbox 858 2514 1064 2552; x_wconf 91' lang='lat' dir='ltr'><strong>nonum</strong></span> <span class='ocrx_word' id='word_1_177' title='bbox 1116 2499 1262 2551; x_wconf 90' lang='lat' dir='ltr'><strong>diem</strong></span> <span class='ocrx_word' id='word_1_178' title='bbox 1296 2515 1324 2552; x_wconf 90' lang='lat' dir='ltr'><strong>a</strong></span> <span class='ocrx_word' id='word_1_179' title='bbox 1358 2509 1536 2552; x_wconf 88' lang='lat' dir='ltr'><strong>morte</strong></span> <span class='ocrx_word' id='word_1_180' title='bbox 1566 2500 1917 2568; x_wconf 88' lang='lat' dir='ltr'><strong>imperatoris</strong></span> <span class='ocrx_word' id='word_1_181' title='bbox 1947 2517 2068 2554; x_wconf 88' lang='lat' dir='ltr'><strong>om-</strong></span> 
     </span>
    </p>
   </div>
   <div class='ocr_carea' id='block_1_28' title="bbox 483 2589 2066 2652">
    <p class='ocr_par' dir='ltr' id='par_1_28' title="bbox 483 2589 2066 2652">
     <span class='ocr_line' id='line_1_28' title="bbox 483 2589 2066 2652; baseline 0.004 -10"><span class='ocrx_word' id='word_1_182' title='bbox 483 2590 575 2642; x_wconf 85' lang='lat' dir='ltr'><strong>nia</strong></span> <span class='ocrx_word' id='word_1_183' title='bbox 612 2591 667 2642; x_wconf 93' lang='lat' dir='ltr'><strong>in</strong></span> <span class='ocrx_word' id='word_1_184' title='bbox 707 2589 988 2642; x_wconf 80' lang='lat' dir='ltr'><strong>tutissimo</strong></span> <span class='ocrx_word' id='word_1_185' title='bbox 1023 2591 1461 2652; x_wconf 85' lang='lat' dir='ltr'><strong>constituissem,</strong></span> <span class='ocrx_word' id='word_1_186' title='bbox 1515 2593 1824 2646; x_wconf 82' lang='lat' dir='ltr'><strong>custodiam</strong></span> <span class='ocrx_word' id='word_1_187' title='bbox 1870 2595 2066 2648; x_wconf 88' lang='lat' dir='ltr'><strong>deinde</strong></span> 
     </span>
    </p>
   </div>
   <div class='ocr_carea' id='block_1_29' title="bbox 483 2682 2067 2755">
    <p class='ocr_par' dir='ltr' id='par_1_29' title="bbox 483 2682 2067 2755">
     <span class='ocr_line' id='line_1_29' title="bbox 483 2682 2067 2755; baseline 0.003 -20"><span class='ocrx_word' id='word_1_188' title='bbox 483 2682 717 2745; x_wconf 76' lang='lat' dir='ltr'><strong>removi,</strong></span> <span class='ocrx_word' id='word_1_189' title='bbox 747 2695 800 2737; x_wconf 89' lang='lat' dir='ltr'><strong>et</strong></span> <span class='ocrx_word' id='word_1_190' title='bbox 832 2682 980 2734; x_wconf 76' lang='lat' dir='ltr'><strong>domi</strong></span> <span class='ocrx_word' id='word_1_191' title='bbox 1023 2697 1179 2744; x_wconf 71' lang='lat' dir='ltr'><strong>mem,</strong></span> <span class='ocrx_word' id='word_1_192' title='bbox 1221 2682 1366 2735; x_wconf 89' lang='lat' dir='ltr'><strong>sicut</strong></span> <span class='ocrx_word' id='word_1_193' title='bbox 1396 2691 1577 2744; x_wconf 86' lang='lat' dir='ltr'><strong>antea,</strong></span> <span class='ocrx_word' id='word_1_194' title='bbox 1604 2698 1716 2736; x_wconf 91' lang='lat' dir='ltr'><strong>rem</strong></span> <span class='ocrx_word' id='word_1_195' title='bbox 1744 2699 1937 2739; x_wconf 89' lang='lat' dir='ltr'><strong>curare</strong></span> <span class='ocrx_word' id='word_1_196' title='bbox 1969 2702 2067 2755; x_wconf 75' lang='lat' dir='ltr'><strong>pu-</strong></span> 
     </span>
    </p>
   </div>
   <div class='ocr_carea' id='block_1_30' title="bbox 485 2773 2064 2846">
    <p class='ocr_par' dir='ltr' id='par_1_30' title="bbox 485 2773 2064 2846">
     <span class='ocr_line' id='line_1_30' title="bbox 485 2773 2064 2846; baseline 0.004 -20"><span class='ocrx_word' id='word_1_197' title='bbox 485 2773 683 2827; x_wconf 87' lang='lat' dir='ltr'><strong>blieam</strong></span> <span class='ocrx_word' id='word_1_198' title='bbox 751 2773 992 2842; x_wconf 82' lang='lat' dir='ltr'><strong>perrexi,</strong></span> <span class='ocrx_word' id='word_1_199' title='bbox 1045 2773 1184 2827; x_wconf 90' lang='lat' dir='ltr'><strong>nihil</strong></span> <span class='ocrx_word' id='word_1_200' title='bbox 1237 2774 1361 2828; x_wconf 89' lang='lat' dir='ltr'><strong>novi</strong></span> <span class='ocrx_word' id='word_1_201' title='bbox 1412 2774 1705 2843; x_wconf 88' lang='lat' dir='ltr'><strong>incipiens,</strong></span> <span class='ocrx_word' id='word_1_202' title='bbox 1773 2791 1951 2846; x_wconf 69' lang='lat' dir='ltr'><strong>neque</strong></span> <span class='ocrx_word' id='word_1_203' title='bbox 1998 2778 2064 2832; x_wconf 91' lang='lat' dir='ltr'><strong>ad</strong></span> 
     </span>
    </p>
   </div>
   <div class='ocr_carea' id='block_1_31' title="bbox 484 2864 2066 2938">
    <p class='ocr_par' dir='ltr' id='par_1_31' title="bbox 484 2864 2066 2938">
     <span class='ocr_line' id='line_1_31' title="bbox 484 2864 2066 2938; baseline 0.003 -19"><span class='ocrx_word' id='word_1_204' title='bbox 484 2880 668 2920; x_wconf 88' lang='lat' dir='ltr'><strong>meum</strong></span> <span class='ocrx_word' id='word_1_205' title='bbox 727 2865 1081 2919; x_wconf 88' lang='lat' dir='ltr'><strong>commodum</strong></span> <span class='ocrx_word' id='word_1_206' title='bbox 1112 2864 1232 2932; x_wconf 85' lang='lat' dir='ltr'><strong>ejus</strong></span> <span class='ocrx_word' id='word_1_207' title='bbox 1284 2866 1738 2936; x_wconf 77' lang='lat' dir='ltr'><strong>gubernationem</strong></span> <span class='ocrx_word' id='word_1_208' title='bbox 1787 2867 2066 2938; x_wconf 77' lang='lat' dir='ltr'><strong>dirigens,</strong></span> 
     </span>
    </p>
   </div>
   <div class='ocr_carea' id='block_1_32' title="bbox 487 2955 2068 3028">
    <p class='ocr_par' dir='ltr' id='par_1_32' title="bbox 487 2955 2068 3028">
     <span class='ocr_line' id='line_1_32' title="bbox 487 2955 2068 3028; baseline 0.003 -20"><span class='ocrx_word' id='word_1_209' title='bbox 487 2956 634 3009; x_wconf 88' lang='lat' dir='ltr'><strong>unde</strong></span> <span class='ocrx_word' id='word_1_210' title='bbox 661 2955 851 3009; x_wconf 88' lang='lat' dir='ltr'><strong>conari</strong></span> <span class='ocrx_word' id='word_1_211' title='bbox 887 2971 972 3009; x_wconf 91' lang='lat' dir='ltr'><strong>me</strong></span> <span class='ocrx_word' id='word_1_212' title='bbox 1009 2955 1302 3024; x_wconf 91' lang='lat' dir='ltr'><strong>imperium</strong></span> <span class='ocrx_word' id='word_1_213' title='bbox 1339 2971 1610 3025; x_wconf 90' lang='lat' dir='ltr'><strong>occupare</strong></span> <span class='ocrx_word' id='word_1_214' title='bbox 1644 2956 1916 3026; x_wconf 90' lang='lat' dir='ltr'><strong>quispiam</strong></span> <span class='ocrx_word' id='word_1_215' title='bbox 1944 2958 2068 3028; x_wconf 87' lang='lat' dir='ltr'><strong>jure</strong></span> 
     </span>
    </p>
   </div>
   <div class='ocr_carea' id='block_1_33' title="bbox 483 3043 2069 3116">
    <p class='ocr_par' dir='ltr' id='par_1_33' title="bbox 483 3043 2069 3116">
     <span class='ocr_line' id='line_1_33' title="bbox 483 3043 2069 3116; baseline 0.002 -19"><span class='ocrx_word' id='word_1_216' title='bbox 483 3045 812 3113; x_wconf 80' lang='lat' dir='ltr'><strong>putavisset.</strong></span> <span class='ocrx_word' id='word_1_217' title='bbox 850 3043 952 3110; x_wconf 87' lang='lat' dir='ltr'><strong>Qui</strong></span> <span class='ocrx_word' id='word_1_218' title='bbox 978 3046 1107 3098; x_wconf 79' lang='lat' dir='ltr'><strong>vivo</strong></span> <span class='ocrx_word' id='word_1_219' title='bbox 1155 3045 1487 3115; x_wconf 86' lang='lat' dir='ltr'><strong>imperatore</strong></span> <span class='ocrx_word' id='word_1_220' title='bbox 1511 3057 1691 3109; x_wconf 90' lang='lat' dir='ltr'><strong>erant,</strong></span> <span class='ocrx_word' id='word_1_221' title='bbox 1721 3061 1814 3101; x_wconf 90' lang='lat' dir='ltr'><strong>eos</strong></span> <span class='ocrx_word' id='word_1_222' title='bbox 1845 3047 2069 3116; x_wconf 88' lang='lat' dir='ltr'><strong>provin-</strong></span> 
     </span>
    </p>
   </div>
   <div class='ocr_carea' id='block_1_34' title="bbox 482 3135 2068 3206">
    <p class='ocr_par' dir='ltr' id='par_1_34' title="bbox 482 3135 2068 3206">
     <span class='ocr_line' id='line_1_34' title="bbox 482 3135 2068 3206; baseline -0.001 -17"><span class='ocrx_word' id='word_1_223' title='bbox 482 3135 694 3189; x_wconf 84' lang='lat' dir='ltr'><strong>ciarum</strong></span> <span class='ocrx_word' id='word_1_224' title='bbox 761 3136 1097 3206; x_wconf 86' lang='lat' dir='ltr'><strong>urbiumque</strong></span> <span class='ocrx_word' id='word_1_225' title='bbox 1133 3137 1419 3205; x_wconf 82' lang='lat' dir='ltr'><strong>praefcctos</strong></span> <span class='ocrx_word' id='word_1_226' title='bbox 1447 3136 1644 3205; x_wconf 89' lang='lat' dir='ltr'><strong>reliqui</strong></span> <span class='ocrx_word' id='word_1_227' title='bbox 1681 3147 1780 3190; x_wconf 87' lang='lat' dir='ltr'><strong>:et</strong></span> <span class='ocrx_word' id='word_1_228' title='bbox 1826 3145 1884 3189; x_wconf 90' lang='lat' dir='ltr'><strong>ut</strong></span> <span class='ocrx_word' id='word_1_229' title='bbox 1909 3151 2068 3190; x_wconf 70' lang='lat' dir='ltr'><strong>excr~</strong></span> 
     </span>
    </p>
   </div>
   <div class='ocr_carea' id='block_1_35' title="bbox 481 3229 2074 3298">
    <p class='ocr_par' dir='ltr' id='par_1_35' title="bbox 481 3229 2074 3298">
     <span class='ocr_line' id='line_1_35' title="bbox 481 3229 2074 3298; baseline -0.001 -16"><span class='ocrx_word' id='word_1_230' title='bbox 481 3229 629 3283; x_wconf 86' lang='lat' dir='ltr'><strong>citus</strong></span> <span class='ocrx_word' id='word_1_231' title='bbox 669 3246 776 3283; x_wconf 93' lang='lat' dir='ltr'><strong>non</strong></span> <span class='ocrx_word' id='word_1_232' title='bbox 823 3230 955 3284; x_wconf 89' lang='lat' dir='ltr'><strong>mihi</strong></span> <span class='ocrx_word' id='word_1_233' title='bbox 1012 3229 1153 3286; x_wconf 89' lang='lat' dir='ltr'><strong>bene</strong></span> <span class='ocrx_word' id='word_1_234' title='bbox 1186 3231 1375 3290; x_wconf 85' lang='lat' dir='ltr'><strong>vellet.</strong></span> <span class='ocrx_word' id='word_1_235' title='bbox 1432 3231 1526 3284; x_wconf 83' lang='lat' dir='ltr'><strong>sed</strong></span> <span class='ocrx_word' id='word_1_236' title='bbox 1582 3230 1860 3283; x_wconf 91' lang='lat' dir='ltr'><strong>communi</strong></span> <span class='ocrx_word' id='word_1_237' title='bbox 1899 3229 2074 3298; x_wconf 88' lang='lat' dir='ltr'><strong>pluri-</strong></span> 
     </span>
    </p>
   </div>
   <div class='ocr_carea' id='block_1_36' title="bbox 483 3322 2070 3392">
    <p class='ocr_par' dir='ltr' id='par_1_36' title="bbox 483 3322 2070 3392">
     <span class='ocr_line' id='line_1_36' title="bbox 483 3322 2070 3392; baseline -0.001 -16"><span class='ocrx_word' id='word_1_238' title='bbox 483 3338 634 3376; x_wconf 85' lang='lat' dir='ltr'><strong>mum</strong></span> <span class='ocrx_word' id='word_1_239' title='bbox 670 3323 981 3392; x_wconf 89' lang='lat' dir='ltr'><strong>prodesset,</strong></span> <span class='ocrx_word' id='word_1_240' title='bbox 1015 3324 1353 3377; x_wconf 82' lang='lat' dir='ltr'><strong>omnimodis</strong></span> <span class='ocrx_word' id='word_1_241' title='bbox 1389 3323 1689 3376; x_wconf 76' lang='lat' dir='ltr'><strong>elaboravi.</strong></span> <span class='ocrx_word' id='word_1_242' title='bbox 1720 3322 1862 3388; x_wconf 88' lang='lat' dir='ltr'><strong>Quin</strong></span> <span class='ocrx_word' id='word_1_243' title='bbox 1902 3322 2070 3375; x_wconf 91' lang='lat' dir='ltr'><strong>etiam</strong></span> 
     </span>
    </p>
   </div>
   <div class='ocr_carea' id='block_1_37' title="bbox 482 3413 2073 3476">
    <p class='ocr_par' dir='ltr' id='par_1_37' title="bbox 482 3413 2073 3476">
     <span class='ocr_line' id='line_1_37' title="bbox 482 3413 2073 3476; baseline 0.001 -8"><span class='ocrx_word' id='word_1_244' title='bbox 482 3413 614 3468; x_wconf 91' lang='lat' dir='ltr'><strong>dum</strong></span> <span class='ocrx_word' id='word_1_245' title='bbox 649 3415 856 3469; x_wconf 66' lang='lat' dir='ltr'><strong>foedera</strong></span> <span class='ocrx_word' id='word_1_246' title='bbox 908 3430 1033 3468; x_wconf 93' lang='lat' dir='ltr'><strong>eum</strong></span> <span class='ocrx_word' id='word_1_247' title='bbox 1077 3415 1336 3468; x_wconf 87' lang='lat' dir='ltr'><strong>Barbaris</strong></span> <span class='ocrx_word' id='word_1_248' title='bbox 1387 3415 1640 3468; x_wconf 84' lang='lat' dir='ltr'><strong>finitimis</strong></span> <span class='ocrx_word' id='word_1_249' title='bbox 1688 3415 1847 3476; x_wconf 83' lang='lat' dir='ltr'><strong>inivi,</strong></span> <span class='ocrx_word' id='word_1_250' title='bbox 1909 3429 2073 3469; x_wconf 90' lang='lat' dir='ltr'><strong>nemo</strong></span> 
     </span>
    </p>
   </div>
   <div class='ocr_carea' id='block_1_38' title="bbox 483 3505 2077 3575">
    <p class='ocr_par' dir='ltr' id='par_1_38' title="bbox 483 3505 2077 3575">
     <span class='ocr_line' id='line_1_38' title="bbox 483 3505 2077 3575; baseline 0.002 -18"><span class='ocrx_word' id='word_1_251' title='bbox 483 3516 588 3570; x_wconf 86' lang='lat' dir='ltr'><strong>est,</strong></span> <span class='ocrx_word' id='word_1_252' title='bbox 621 3507 714 3575; x_wconf 90' lang='lat' dir='ltr'><strong>qui</strong></span> <span class='ocrx_word' id='word_1_253' title='bbox 757 3521 842 3560; x_wconf 89' lang='lat' dir='ltr'><strong>me</strong></span> <span class='ocrx_word' id='word_1_254' title='bbox 878 3507 1152 3575; x_wconf 85' lang='lat' dir='ltr'><strong>privatum</strong></span> <span class='ocrx_word' id='word_1_255' title='bbox 1209 3505 1433 3574; x_wconf 85' lang='lat' dir='ltr'><strong>aliquod</strong></span> <span class='ocrx_word' id='word_1_256' title='bbox 1491 3507 1882 3574; x_wconf 86' lang='lat' dir='ltr'><strong>compendium</strong></span> <span class='ocrx_word' id='word_1_257' title='bbox 1925 3522 2077 3560; x_wconf 77' lang='lat' dir='ltr'><strong>com—</strong></span> 
     </span>
    </p>
   </div>
   <div class='ocr_carea' id='block_1_39' title="bbox 485 3597 2072 3666">
    <p class='ocr_par' dir='ltr' id='par_1_39' title="bbox 485 3597 2072 3666">
     <span class='ocr_line' id='line_1_39' title="bbox 485 3597 2072 3666; baseline 0.002 -14"><span class='ocrx_word' id='word_1_258' title='bbox 485 3600 748 3653; x_wconf 89' lang='lat' dir='ltr'><strong>munibus</strong></span> <span class='ocrx_word' id='word_1_259' title='bbox 778 3598 1172 3652; x_wconf 87' lang='lat' dir='ltr'><strong>emolumentis</strong></span> <span class='ocrx_word' id='word_1_260' title='bbox 1196 3597 1579 3666; x_wconf 88' lang='lat' dir='ltr'><strong>anteposuisse</strong></span> <span class='ocrx_word' id='word_1_261' title='bbox 1609 3599 1930 3654; x_wconf 82' lang='lat' dir='ltr'><strong>05tenderit.</strong></span> <span class='ocrx_word' id='word_1_262' title='bbox 1967 3599 2072 3655; x_wconf 90' lang='lat' dir='ltr'><strong>Sed</strong></span> 
     </span>
    </p>
   </div>
   <div class='ocr_carea' id='block_1_40' title="bbox 485 3687 2071 3756">
    <p class='ocr_par' dir='ltr' id='par_1_40' title="bbox 485 3687 2071 3756">
     <span class='ocr_line' id='line_1_40' title="bbox 485 3687 2071 3756; baseline 0.001 -14"><span class='ocrx_word' id='word_1_263' title='bbox 485 3703 610 3742; x_wconf 91' lang='lat' dir='ltr'><strong>cum</strong></span> <span class='ocrx_word' id='word_1_264' title='bbox 673 3687 784 3741; x_wconf 87' lang='lat' dir='ltr'><strong>illis</strong></span> <span class='ocrx_word' id='word_1_265' title='bbox 845 3687 1070 3756; x_wconf 85' lang='lat' dir='ltr'><strong>quidem</strong></span> <span class='ocrx_word' id='word_1_266' title='bbox 1135 3703 1324 3755; x_wconf 83' lang='lat' dir='ltr'><strong>pacem</strong></span> <span class='ocrx_word' id='word_1_267' title='bbox 1401 3688 1717 3756; x_wconf 64' lang='lat' dir='ltr'><strong>reipublica:</strong></span> <span class='ocrx_word' id='word_1_268' title='bbox 1774 3691 2071 3745; x_wconf 90' lang='lat' dir='ltr'><strong>salutarem</strong></span> 
     </span>
    </p>
   </div>
   <div class='ocr_carea' id='block_1_41' title="bbox 481 3779 2072 3850">
    <p class='ocr_par' dir='ltr' id='par_1_41' title="bbox 481 3779 2072 3850">
     <span class='ocr_line' id='line_1_41' title="bbox 481 3779 2072 3850; baseline 0.003 -17"><span class='ocrx_word' id='word_1_269' title='bbox 481 3779 718 3844; x_wconf 79' lang='lat' dir='ltr'><strong>confeci,</strong></span> <span class='ocrx_word' id='word_1_270' title='bbox 785 3794 884 3848; x_wconf 89' lang='lat' dir='ltr'><strong>pro</strong></span> <span class='ocrx_word' id='word_1_271' title='bbox 919 3779 1046 3850; x_wconf 78' lang='lat' dir='ltr'><strong>filiis</strong></span> <span class='ocrx_word' id='word_1_272' title='bbox 1093 3789 1276 3832; x_wconf 88' lang='lat' dir='ltr'><strong>autem</strong></span> <span class='ocrx_word' id='word_1_273' title='bbox 1333 3779 1679 3850; x_wconf 72' lang='lat' dir='ltr'><strong>imperatoris</strong></span> <span class='ocrx_word' id='word_1_274' title='bbox 1734 3782 1802 3836; x_wconf 87' lang='lat' dir='ltr'><strong>de</strong></span> <span class='ocrx_word' id='word_1_275' title='bbox 1844 3799 2072 3838; x_wconf 89' lang='lat' dir='ltr'><strong>suorum</strong></span> 
     </span>
    </p>
   </div>
   <div class='ocr_carea' id='block_1_42' title="bbox 486 3873 2075 3946">
    <p class='ocr_par' dir='ltr' id='par_1_42' title="bbox 486 3873 2075 3946">
     <span class='ocr_line' id='line_1_42' title="bbox 486 3873 2075 3946; baseline 0.004 -21"><span class='ocrx_word' id='word_1_276' title='bbox 486 3873 592 3927; x_wconf 88' lang='lat' dir='ltr'><strong>fide</strong></span> <span class='ocrx_word' id='word_1_277' title='bbox 633 3874 848 3926; x_wconf 88' lang='lat' dir='ltr'><strong>securis</strong></span> <span class='ocrx_word' id='word_1_278' title='bbox 897 3882 956 3927; x_wconf 88' lang='lat' dir='ltr'><strong>ut</strong></span> <span class='ocrx_word' id='word_1_279' title='bbox 990 3883 1360 3942; x_wconf 86' lang='lat' dir='ltr'><strong>pugnaretur,</strong></span> <span class='ocrx_word' id='word_1_280' title='bbox 1401 3890 1623 3944; x_wconf 88' lang='lat' dir='ltr'><strong>operam</strong></span> <span class='ocrx_word' id='word_1_281' title='bbox 1655 3875 1804 3930; x_wconf 89' lang='lat' dir='ltr'><strong>dedi.</strong></span> <span class='ocrx_word' id='word_1_282' title='bbox 1838 3877 1915 3932; x_wconf 81' lang='lat' dir='ltr'><strong>Ex</strong></span> <span class='ocrx_word' id='word_1_283' title='bbox 1951 3878 2075 3946; x_wconf 89' lang='lat' dir='ltr'><strong>qui-</strong></span> 
     </span>
    </p>
   </div>
   <div class='ocr_carea' id='block_1_43' title="bbox 484 3962 2071 4036">
    <p class='ocr_par' dir='ltr' id='par_1_43' title="bbox 484 3962 2071 4036">
     <span class='ocr_line' id='line_1_43' title="bbox 484 3962 2071 4036; baseline 0.006 -20"><span class='ocrx_word' id='word_1_284' title='bbox 484 3962 591 4017; x_wconf 86' lang='lat' dir='ltr'><strong>bus</strong></span> <span class='ocrx_word' id='word_1_285' title='bbox 631 3964 891 4019; x_wconf 85' lang='lat' dir='ltr'><strong>universe</strong></span> <span class='ocrx_word' id='word_1_286' title='bbox 938 3967 1042 4019; x_wconf 90' lang='lat' dir='ltr'><strong>hac</strong></span> <span class='ocrx_word' id='word_1_287' title='bbox 1075 3965 1198 4019; x_wconf 90' lang='lat' dir='ltr'><strong>luce</strong></span> <span class='ocrx_word' id='word_1_288' title='bbox 1231 3965 1436 4020; x_wconf 90' lang='lat' dir='ltr'><strong>clarius</strong></span> <span class='ocrx_word' id='word_1_289' title='bbox 1482 3976 1588 4028; x_wconf 90' lang='lat' dir='ltr'><strong>est,</strong></span> <span class='ocrx_word' id='word_1_290' title='bbox 1625 3983 1710 4021; x_wconf 90' lang='lat' dir='ltr'><strong>me</strong></span> <span class='ocrx_word' id='word_1_291' title='bbox 1742 3969 1892 4022; x_wconf 89' lang='lat' dir='ltr'><strong>nullo</strong></span> <span class='ocrx_word' id='word_1_292' title='bbox 1921 3969 2071 4036; x_wconf 91' lang='lat' dir='ltr'><strong>dolo,</strong></span> 
     </span>
    </p>
   </div>
   <div class='ocr_carea' id='block_1_44' title="bbox 484 4055 2074 4134">
    <p class='ocr_par' dir='ltr' id='par_1_44' title="bbox 484 4055 2074 4134">
     <span class='ocr_line' id='line_1_44' title="bbox 484 4055 2074 4134; baseline 0.006 -26"><span class='ocrx_word' id='word_1_293' title='bbox 484 4064 541 4108; x_wconf 87' lang='lat' dir='ltr'><strong>et</strong></span> <span class='ocrx_word' id='word_1_294' title='bbox 569 4055 861 4110; x_wconf 85' lang='lat' dir='ltr'><strong>sinceriter</strong></span> <span class='ocrx_word' id='word_1_295' title='bbox 887 4073 1080 4112; x_wconf 88' lang='lat' dir='ltr'><strong>eorum</strong></span> <span class='ocrx_word' id='word_1_296' title='bbox 1107 4057 1229 4112; x_wconf 87' lang='lat' dir='ltr'><strong>loco</strong></span> <span class='ocrx_word' id='word_1_297' title='bbox 1269 4059 1484 4112; x_wconf 85' lang='lat' dir='ltr'><strong>clavum</strong></span> <span class='ocrx_word' id='word_1_298' title='bbox 1527 4060 1788 4115; x_wconf 84' lang='lat' dir='ltr'><strong>tenuisse.</strong></span> <span class='ocrx_word' id='word_1_299' title='bbox 1822 4061 1987 4134; x_wconf 60' lang='grc'><strong>426</strong></span> <span class='ocrx_word' id='word_1_300' title='bbox 2016 4064 2074 4118; x_wconf 88' lang='lat' dir='ltr'><strong>Si</strong></span> 
     </span>
    </p>
   </div>
   <div class='ocr_carea' id='block_1_45' title="bbox 483 4149 2073 4222">
    <p class='ocr_par' dir='ltr' id='par_1_45' title="bbox 483 4149 2073 4222">
     <span class='ocr_line' id='line_1_45' title="bbox 483 4149 2073 4222; baseline 0.004 -18"><span class='ocrx_word' id='word_1_301' title='bbox 483 4149 633 4204; x_wconf 82' lang='lat' dir='ltr'><strong>enim</strong></span> <span class='ocrx_word' id='word_1_302' title='bbox 667 4165 729 4204; x_wconf 84' lang='lat' dir='ltr'><strong>ea</strong></span> <span class='ocrx_word' id='word_1_303' title='bbox 758 4150 1048 4204; x_wconf 73' lang='lat' dir='ltr'><strong>versabant</strong></span> <span class='ocrx_word' id='word_1_304' title='bbox 1082 4151 1290 4212; x_wconf 87' lang='lat' dir='ltr'><strong>animo,</strong></span> <span class='ocrx_word' id='word_1_305' title='bbox 1323 4167 1445 4222; x_wconf 63' lang='lat' dir='ltr'><strong>quae</strong></span> <span class='ocrx_word' id='word_1_306' title='bbox 1495 4152 1930 4208; x_wconf 77' lang='lat' dir='ltr'><strong>calumniatores</strong></span> <span class='ocrx_word' id='word_1_307' title='bbox 1980 4156 2073 4211; x_wconf 89' lang='lat' dir='ltr'><strong>isti</strong></span> 
     </span>
    </p>
   </div>
   <div class='ocr_carea' id='block_1_46' title="bbox 484 4243 2074 4317">
    <p class='ocr_par' dir='ltr' id='par_1_46' title="bbox 484 4243 2074 4317">
     <span class='ocr_line' id='line_1_46' title="bbox 484 4243 2074 4317; baseline 0.003 -21"><span class='ocrx_word' id='word_1_308' title='bbox 484 4243 777 4314; x_wconf 85' lang='lat' dir='ltr'><strong>objiciunt,</strong></span> <span class='ocrx_word' id='word_1_309' title='bbox 798 4255 856 4296; x_wconf 92' lang='lat' dir='ltr'><strong>ut</strong></span> <span class='ocrx_word' id='word_1_310' title='bbox 887 4244 1024 4297; x_wconf 87' lang='lat' dir='ltr'><strong>nihil</strong></span> <span class='ocrx_word' id='word_1_311' title='bbox 1051 4244 1224 4306; x_wconf 90' lang='lat' dir='ltr'><strong>aliud,</strong></span> <span class='ocrx_word' id='word_1_312' title='bbox 1245 4255 1397 4299; x_wconf 90' lang='lat' dir='ltr'><strong>certe</strong></span> <span class='ocrx_word' id='word_1_313' title='bbox 1427 4255 1542 4298; x_wconf 91' lang='lat' dir='ltr'><strong>toto</strong></span> <span class='ocrx_word' id='word_1_314' title='bbox 1577 4246 1822 4299; x_wconf 80' lang='lat' dir='ltr'><strong>Romano</strong></span> <span class='ocrx_word' id='word_1_315' title='bbox 1841 4247 2074 4317; x_wconf 90' lang='lat' dir='ltr'><strong>imperio</strong></span> 
     </span>
    </p>
   </div>
   <div class='ocr_carea' id='block_1_47' title="bbox 485 4336 2072 4406">
    <p class='ocr_par' dir='ltr' id='par_1_47' title="bbox 485 4336 2072 4406">
     <span class='ocr_line' id='line_1_47' title="bbox 485 4336 2072 4406; baseline 0.003 -14"><span class='ocrx_word' id='word_1_316' title='bbox 485 4352 728 4406; x_wconf 82' lang='lat' dir='ltr'><strong>Sparsas,</strong></span> <span class='ocrx_word' id='word_1_317' title='bbox 765 4352 972 4405; x_wconf 88' lang='lat' dir='ltr'><strong>easque</strong></span> <span class='ocrx_word' id='word_1_318' title='bbox 1025 4336 1215 4405; x_wconf 90' lang='lat' dir='ltr'><strong>utipsi</strong></span> <span class='ocrx_word' id='word_1_319' title='bbox 1271 4353 1491 4405; x_wconf 84' lang='lat' dir='ltr'><strong>quoque</strong></span> <span class='ocrx_word' id='word_1_320' title='bbox 1537 4339 1710 4401; x_wconf 84' lang='lat' dir='ltr'><strong>scitis,</strong></span> <span class='ocrx_word' id='word_1_321' title='bbox 1777 4339 2072 4398; x_wconf 86' lang='lat' dir='ltr'><strong>immensas</strong></span> 
     </span>
    </p>
   </div>
   <div class='ocr_carea' id='block_1_48' title="bbox 486 4427 2075 4500">
    <p class='ocr_par' dir='ltr' id='par_1_48' title="bbox 486 4427 2075 4500">
     <span class='ocr_line' id='line_1_48' title="bbox 486 4427 2075 4500; baseline 0.005 -21"><span class='ocrx_word' id='word_1_322' title='bbox 486 4444 622 4498; x_wconf 60' lang='lat' dir='ltr'><strong>opes</strong></span> <span class='ocrx_word' id='word_1_323' title='bbox 670 4437 834 4496; x_wconf 83' lang='lat' dir='ltr'><strong>atque</strong></span> <span class='ocrx_word' id='word_1_324' title='bbox 863 4429 1072 4496; x_wconf 86' lang='lat' dir='ltr'><strong>copias,</strong></span> <span class='ocrx_word' id='word_1_325' title='bbox 1110 4427 1359 4495; x_wconf 79' lang='lat' dir='ltr'><strong>mihique</strong></span> <span class='ocrx_word' id='word_1_326' title='bbox 1389 4430 1455 4482; x_wconf 90' lang='lat' dir='ltr'><strong>ad</strong></span> <span class='ocrx_word' id='word_1_327' title='bbox 1488 4429 1691 4483; x_wconf 85' lang='lat' dir='ltr'><strong>bellum</strong></span> <span class='ocrx_word' id='word_1_328' title='bbox 1722 4434 2075 4500; x_wconf 89' lang='lat' dir='ltr'><strong>opportunis-</strong></span> 
     </span>
    </p>
   </div>
   <div class='ocr_carea' id='block_1_49' title="bbox 488 4520 2150 4594">
    <p class='ocr_par' dir='ltr' id='par_1_49' title="bbox 488 4520 2150 4594">
     <span class='ocr_line' id='line_1_49' title="bbox 488 4520 2150 4594; baseline 0.001 -20"><span class='ocrx_word' id='word_1_329' title='bbox 488 4521 658 4574; x_wconf 87' lang='lat' dir='ltr'><strong>simas</strong></span> <span class='ocrx_word' id='word_1_330' title='bbox 687 4520 944 4588; x_wconf 78' lang='lat' dir='ltr'><strong>colligere</strong></span> <span class='ocrx_word' id='word_1_331' title='bbox 979 4520 1290 4588; x_wconf 87' lang='lat' dir='ltr'><strong>oportebat.</strong></span> <span class='ocrx_word' id='word_1_332' title='bbox 1317 4520 1476 4575; x_wconf 88' lang='lat' dir='ltr'><strong>Nunc</strong></span> <span class='ocrx_word' id='word_1_333' title='bbox 1515 4522 1703 4576; x_wconf 71' lang='lat' dir='ltr'><strong>videre</strong></span> <span class='ocrx_word' id='word_1_334' title='bbox 1734 4532 1838 4579; x_wconf 86' lang='lat' dir='ltr'><strong>est.</strong></span> <span class='ocrx_word' id='word_1_335' title='bbox 1874 4534 2073 4592; x_wconf 62' lang='lat' dir='ltr'><strong>prieter</strong></span> <span class='ocrx_word' id='word_1_336' title='bbox 2108 4541 2150 4594; x_wconf 76' lang='grc' dir='ltr'><strong>ι)</strong></span> 
     </span>
    </p>
   </div>
   <div class='ocr_carea' id='block_1_50' title="bbox 488 4608 2074 4684">
    <p class='ocr_par' dir='ltr' id='par_1_50' title="bbox 488 4608 2074 4684">
     <span class='ocr_line' id='line_1_50' title="bbox 488 4608 2074 4684; baseline 0.003 -23"><span class='ocrx_word' id='word_1_337' title='bbox 488 4625 750 4678; x_wconf 80' lang='lat' dir='ltr'><strong>pecorum</strong></span> <span class='ocrx_word' id='word_1_338' title='bbox 809 4624 1004 4678; x_wconf 82' lang='lat' dir='ltr'><strong>greges</strong></span> <span class='ocrx_word' id='word_1_339' title='bbox 1081 4618 1137 4662; x_wconf 88' lang='lat' dir='ltr'><strong>et</strong></span> <span class='ocrx_word' id='word_1_340' title='bbox 1197 4608 1410 4679; x_wconf 75' lang='lat' dir='ltr'><strong>frugum</strong></span> <span class='ocrx_word' id='word_1_341' title='bbox 1479 4611 1783 4666; x_wconf 88' lang='lat' dir='ltr'><strong>ubertatem</strong></span> <span class='ocrx_word' id='word_1_342' title='bbox 1839 4613 2074 4684; x_wconf 84' lang='lat' dir='ltr'><strong>(quibus</strong></span> 
     </span>
    </p>
   </div>
   <div class='ocr_carea' id='block_1_51' title="bbox 487 4698 2074 4772">
    <p class='ocr_par' dir='ltr' id='par_1_51' title="bbox 487 4698 2074 4772">
     <span class='ocr_line' id='line_1_51' title="bbox 487 4698 2074 4772; baseline 0.003 -22"><span class='ocrx_word' id='word_1_343' title='bbox 487 4700 892 4766; x_wconf 75' lang='lat' dir='ltr'><strong>congregandis</strong></span> <span class='ocrx_word' id='word_1_344' title='bbox 940 4698 1174 4752; x_wconf 77' lang='lat' dir='ltr'><strong>fortasse</strong></span> <span class='ocrx_word' id='word_1_345' title='bbox 1203 4701 1549 4756; x_wconf 69' lang='lat' dir='ltr'><strong>cxis&#39;timaret</strong></span> <span class='ocrx_word' id='word_1_346' title='bbox 1581 4703 1855 4772; x_wconf 75' lang='lat' dir='ltr'><strong>quispiam</strong></span> <span class='ocrx_word' id='word_1_347' title='bbox 1891 4704 2074 4772; x_wconf 79' lang='lat' dir='ltr'><strong>suSpi-</strong></span> 
     </span>
    </p>
   </div>
   <div class='ocr_carea' id='block_1_52' title="bbox 488 4786 2072 4860">
    <p class='ocr_par' dir='ltr' id='par_1_52' title="bbox 488 4786 2072 4860">
     <span class='ocr_line' id='line_1_52' title="bbox 488 4786 2072 4860; baseline 0.006 -23"><span class='ocrx_word' id='word_1_348' title='bbox 488 4786 703 4860; x_wconf 77' lang='lat' dir='ltr'><strong>clunem</strong></span> <span class='ocrx_word' id='word_1_349' title='bbox 757 4788 915 4840; x_wconf 22' lang='lat' dir='ltr'><strong>vitr‘ri</strong></span> <span class='ocrx_word' id='word_1_350' title='bbox 971 4805 1116 4856; x_wconf 70' lang='lat' dir='ltr'><strong>aegre</strong></span> <span class='ocrx_word' id='word_1_351' title='bbox 1169 4793 1647 4860; x_wconf 79' lang='lat' dir='ltr'><strong>posselmagnam</strong></span> <span class='ocrx_word' id='word_1_352' title='bbox 1719 4809 1892 4846; x_wconf 88' lang='lat' dir='ltr'><strong>meam</strong></span> <span class='ocrx_word' id='word_1_353' title='bbox 1951 4793 2072 4846; x_wconf 80' lang='lat' dir='ltr'><strong>auri</strong></span> 
     </span>
    </p>
   </div>
   <div class='ocr_carea' id='block_1_53' title="bbox 488 4875 2073 4950">
    <p class='ocr_par' dir='ltr' id='par_1_53' title="bbox 488 4875 2073 4950">
     <span class='ocr_line' id='line_1_53' title="bbox 488 4875 2073 4950; baseline 0.004 -22"><span class='ocrx_word' id='word_1_354' title='bbox 488 4875 815 4944; x_wconf 73' lang='lat' dir='ltr'><strong>argentique</strong></span> <span class='ocrx_word' id='word_1_355' title='bbox 847 4877 953 4929; x_wconf 83' lang='lat' dir='ltr'><strong>vim</strong></span> <span class='ocrx_word' id='word_1_356' title='bbox 1003 4879 1228 4946; x_wconf 83' lang='lat' dir='ltr'><strong>ubique.</strong></span> <span class='ocrx_word' id='word_1_357' title='bbox 1275 4880 1598 4948; x_wconf 81' lang='lat' dir='ltr'><strong>Quanquam</strong></span> <span class='ocrx_word' id='word_1_358' title='bbox 1645 4881 1775 4934; x_wconf 91' lang='lat' dir='ltr'><strong>dum</strong></span> <span class='ocrx_word' id='word_1_359' title='bbox 1813 4882 2073 4950; x_wconf 70' lang='lat' dir='ltr'><strong>quiddam</strong></span> 
     </span>
    </p>
   </div>
   <div class='ocr_carea' id='block_1_54' title="bbox 491 4967 2073 5042">
    <p class='ocr_par' dir='ltr' id='par_1_54' title="bbox 491 4967 2073 5042">
     <span class='ocr_line' id='line_1_54' title="bbox 491 4967 2073 5042; baseline 0.005 -22"><span class='ocrx_word' id='word_1_360' title='bbox 491 4967 812 5022; x_wconf 86' lang='lat' dir='ltr'><strong>admirabile</strong></span> <span class='ocrx_word' id='word_1_361' title='bbox 862 4969 1010 5033; x_wconf 90' lang='lat' dir='ltr'><strong>dico,</strong></span> <span class='ocrx_word' id='word_1_362' title='bbox 1063 4971 1208 5040; x_wconf 89' lang='lat' dir='ltr'><strong>quod</strong></span> <span class='ocrx_word' id='word_1_363' title='bbox 1247 4973 1630 5026; x_wconf 84' lang='lat' dir='ltr'><strong>admirabilius</strong></span> <span class='ocrx_word' id='word_1_364' title='bbox 1679 4982 1763 5026; x_wconf 84' lang='lat' dir='ltr'><strong>est</strong></span> <span class='ocrx_word' id='word_1_365' title='bbox 1811 4974 2073 5042; x_wconf 64' lang='lat' dir='ltr'><strong>prmterii.</strong></span> 
     </span>
    </p>
   </div>
   <div class='ocr_carea' id='block_1_55' title="bbox 490 5057 2072 5136">
    <p class='ocr_par' dir='ltr' id='par_1_55' title="bbox 490 5057 2072 5136">
     <span class='ocr_line' id='line_1_55' title="bbox 490 5057 2072 5136; baseline 0.006 -23"><span class='ocrx_word' id='word_1_366' title='bbox 490 5057 611 5113; x_wconf 77' lang='lat' dir='ltr'><strong>Non</strong></span> <span class='ocrx_word' id='word_1_367' title='bbox 657 5065 800 5113; x_wconf 85' lang='lat' dir='ltr'><strong>enim</strong></span> <span class='ocrx_word' id='word_1_368' title='bbox 854 5065 1236 5117; x_wconf 88' lang='lat' dir='ltr'><strong>tantummodo</strong></span> <span class='ocrx_word' id='word_1_369' title='bbox 1284 5081 1527 5136; x_wconf 87' lang='lat' dir='ltr'><strong>sparsam</strong></span> <span class='ocrx_word' id='word_1_370' title='bbox 1565 5067 1858 5134; x_wconf 83' lang='lat' dir='ltr'><strong>pecuniam</strong></span> <span class='ocrx_word' id='word_1_371' title='bbox 1898 5084 2072 5122; x_wconf 87' lang='lat' dir='ltr'><strong>meam</strong></span> 
     </span>
    </p>
   </div>
   <div class='ocr_carea' id='block_1_56' title="bbox 492 5139 2075 5228">
    <p class='ocr_par' dir='ltr' id='par_1_56' title="bbox 492 5139 2075 5228">
     <span class='ocr_line' id='line_1_56' title="bbox 492 5139 2075 5228; baseline 0.007 -25"><span class='ocrx_word' id='word_1_372' title='bbox 492 5166 599 5204; x_wconf 85' lang='lat' dir='ltr'><strong>non</strong></span> <span class='ocrx_word' id='word_1_373' title='bbox 631 5156 900 5220; x_wconf 74' lang='lat' dir='ltr'><strong>contraxi,</strong></span> <span class='ocrx_word' id='word_1_374' title='bbox 932 5157 1024 5210; x_wconf 89' lang='lat' dir='ltr'><strong>sed</strong></span> <span class='ocrx_word' id='word_1_375' title='bbox 1062 5167 1118 5210; x_wconf 86' lang='lat' dir='ltr'><strong>et</strong></span> <span class='ocrx_word' id='word_1_376' title='bbox 1149 5139 1472 5226; x_wconf 54' lang='lat' dir='ltr'><strong>pra-sentem</strong></span> <span class='ocrx_word' id='word_1_377' title='bbox 1535 5173 1598 5210; x_wconf 87' lang='lat' dir='ltr'><strong>ac</strong></span> <span class='ocrx_word' id='word_1_378' title='bbox 1630 5160 2075 5228; x_wconf 80' lang='lat' dir='ltr'><strong>suppeditantem</strong></span> 
     </span>
    </p>
   </div>
   <div class='ocr_carea' id='block_1_57' title="bbox 493 5246 2073 5321">
    <p class='ocr_par' dir='ltr' id='par_1_57' title="bbox 493 5246 2073 5321">
     <span class='ocr_line' id='line_1_57' title="bbox 493 5246 2073 5321; baseline 0.004 -22"><span class='ocrx_word' id='word_1_379' title='bbox 493 5246 690 5314; x_wconf 85' lang='lat' dir='ltr'><strong>partim</strong></span> <span class='ocrx_word' id='word_1_380' title='bbox 745 5249 798 5300; x_wconf 91' lang='lat' dir='ltr'><strong>in</strong></span> <span class='ocrx_word' id='word_1_381' title='bbox 853 5265 983 5301; x_wconf 86' lang='lat' dir='ltr'><strong>usus</strong></span> <span class='ocrx_word' id='word_1_382' title='bbox 1034 5265 1359 5302; x_wconf 88' lang='lat' dir='ltr'><strong>communes</strong></span> <span class='ocrx_word' id='word_1_383' title='bbox 1425 5249 1728 5304; x_wconf 77' lang='lat' dir='ltr'><strong>liberaliter</strong></span> <span class='ocrx_word' id='word_1_384' title='bbox 1787 5253 2073 5321; x_wconf 76' lang='lat' dir='ltr'><strong>insumpsi,</strong></span> 
     </span>
    </p>
   </div>
   <div class='ocr_carea' id='block_1_58' title="bbox 493 5339 2077 5414">
    <p class='ocr_par' dir='ltr' id='par_1_58' title="bbox 493 5339 2077 5414">
     <span class='ocr_line' id='line_1_58' title="bbox 493 5339 2077 5414; baseline 0.005 -22"><span class='ocrx_word' id='word_1_385' title='bbox 493 5339 690 5408; x_wconf 85' lang='lat' dir='ltr'><strong>partim</strong></span> <span class='ocrx_word' id='word_1_386' title='bbox 727 5357 892 5408; x_wconf 90' lang='lat' dir='ltr'><strong>quam</strong></span> <span class='ocrx_word' id='word_1_387' title='bbox 931 5341 986 5394; x_wconf 91' lang='lat' dir='ltr'><strong>in</strong></span> <span class='ocrx_word' id='word_1_388' title='bbox 1017 5342 1272 5394; x_wconf 89' lang='lat' dir='ltr'><strong>manibus</strong></span> <span class='ocrx_word' id='word_1_389' title='bbox 1306 5341 1597 5402; x_wconf 84' lang='lat' dir='ltr'><strong>habebam,</strong></span> <span class='ocrx_word' id='word_1_390' title='bbox 1629 5343 1868 5414; x_wconf 75' lang='lat' dir='ltr'><strong>Byzantii</strong></span> <span class='ocrx_word' id='word_1_391' title='bbox 1902 5347 2077 5400; x_wconf 75' lang='lat' dir='ltr'><strong>libens</strong></span> 
     </span>
    </p>
   </div>
   <div class='ocr_carea' id='block_1_59' title="bbox 489 5433 2078 5502">
    <p class='ocr_par' dir='ltr' id='par_1_59' title="bbox 489 5433 2078 5502">
     <span class='ocr_line' id='line_1_59' title="bbox 489 5433 2078 5502; baseline 0.004 -16"><span class='ocrx_word' id='word_1_392' title='bbox 489 5433 709 5501; x_wconf 75' lang='lat' dir='ltr'><strong>reliqui.</strong></span> <span class='ocrx_word' id='word_1_393' title='bbox 745 5434 943 5487; x_wconf 84' lang='lat' dir='ltr'><strong>Paucis</strong></span> <span class='ocrx_word' id='word_1_394' title='bbox 976 5435 1142 5502; x_wconf 77' lang='lat' dir='ltr'><strong>igitur</strong></span> <span class='ocrx_word' id='word_1_395' title='bbox 1166 5443 1292 5486; x_wconf 85' lang='lat' dir='ltr'><strong>ante</strong></span> <span class='ocrx_word' id='word_1_396' title='bbox 1321 5435 1719 5502; x_wconf 86' lang='lat' dir='ltr'><strong>profectionem</strong></span> <span class='ocrx_word' id='word_1_397' title='bbox 1749 5452 1926 5491; x_wconf 88' lang='lat' dir='ltr'><strong>meam</strong></span> <span class='ocrx_word' id='word_1_398' title='bbox 1961 5439 2078 5492; x_wconf 86' lang='lat' dir='ltr'><strong>die-</strong></span> 
     </span>
    </p>
   </div>
   <div class='ocr_carea' id='block_1_60' title="bbox 489 5523 2076 5594">
    <p class='ocr_par' dir='ltr' id='par_1_60' title="bbox 489 5523 2076 5594">
     <span class='ocr_line' id='line_1_60' title="bbox 489 5523 2076 5594; baseline 0.005 -17"><span class='ocrx_word' id='word_1_399' title='bbox 489 5523 616 5585; x_wconf 86' lang='lat' dir='ltr'><strong>bus,</strong></span> <span class='ocrx_word' id='word_1_400' title='bbox 669 5540 795 5578; x_wconf 90' lang='lat' dir='ltr'><strong>cum</strong></span> <span class='ocrx_word' id='word_1_401' title='bbox 834 5525 1138 5594; x_wconf 84' lang='lat' dir='ltr'><strong>indigentia</strong></span> <span class='ocrx_word' id='word_1_402' title='bbox 1177 5525 1229 5577; x_wconf 92' lang='lat' dir='ltr'><strong>in</strong></span> <span class='ocrx_word' id='word_1_403' title='bbox 1262 5527 1465 5594; x_wconf 84' lang='lat' dir='ltr'><strong>palatio</strong></span> <span class='ocrx_word' id='word_1_404' title='bbox 1496 5529 1822 5593; x_wconf 68' lang='lat' dir='ltr'><strong>chtitisset,</strong></span> <span class='ocrx_word' id='word_1_405' title='bbox 1853 5547 1883 5584; x_wconf 91' lang='lat' dir='ltr'><strong>e</strong></span> <span class='ocrx_word' id='word_1_406' title='bbox 1911 5531 2076 5585; x_wconf 91' lang='lat' dir='ltr'><strong>domo</strong></span> 
     </span>
    </p>
   </div>
   <div class='ocr_carea' id='block_1_61' title="bbox 491 5617 2078 5690">
    <p class='ocr_par' dir='ltr' id='par_1_61' title="bbox 491 5617 2078 5690">
     <span class='ocr_line' id='line_1_61' title="bbox 491 5617 2078 5690; baseline 0.006 -22"><span class='ocrx_word' id='word_1_407' title='bbox 491 5632 611 5670; x_wconf 88' lang='lat' dir='ltr'><strong>mea</strong></span> <span class='ocrx_word' id='word_1_408' title='bbox 645 5633 771 5670; x_wconf 85' lang='lat' dir='ltr'><strong>vasa</strong></span> <span class='ocrx_word' id='word_1_409' title='bbox 816 5627 1079 5685; x_wconf 86' lang='lat' dir='ltr'><strong>argentea</strong></span> <span class='ocrx_word' id='word_1_410' title='bbox 1115 5617 1413 5670; x_wconf 90' lang='lat' dir='ltr'><strong>admodum</strong></span> <span class='ocrx_word' id='word_1_411' title='bbox 1458 5619 1697 5687; x_wconf 83' lang='lat' dir='ltr'><strong>pretiosa</strong></span> <span class='ocrx_word' id='word_1_412' title='bbox 1763 5637 1926 5690; x_wconf 86' lang='lat' dir='ltr'><strong>supra</strong></span> <span class='ocrx_word' id='word_1_413' title='bbox 1971 5623 2078 5676; x_wconf 89' lang='lat' dir='ltr'><strong>du-</strong></span> 
     </span>
    </p>
   </div>
   <div class='ocr_carea' id='block_1_62' title="bbox 487 5707 2079 5784">
    <p class='ocr_par' dir='ltr' id='par_1_62' title="bbox 487 5707 2079 5784">
     <span class='ocr_line' id='line_1_62' title="bbox 487 5707 2079 5784; baseline 0.004 -21"><span class='ocrx_word' id='word_1_414' title='bbox 487 5716 651 5763; x_wconf 85' lang='lat' dir='ltr'><strong>ccnta</strong></span> <span class='ocrx_word' id='word_1_415' title='bbox 688 5707 917 5776; x_wconf 71' lang='lat' dir='ltr'><strong>praebita</strong></span> <span class='ocrx_word' id='word_1_416' title='bbox 967 5715 1115 5759; x_wconf 78' lang='lat' dir='ltr'><strong>sunt.</strong></span> <span class='ocrx_word' id='word_1_417' title='bbox 1166 5707 1411 5772; x_wconf 85' lang='lat' dir='ltr'><strong>Quorum</strong></span> <span class='ocrx_word' id='word_1_418' title='bbox 1459 5713 1717 5765; x_wconf 85' lang='lat' dir='ltr'><strong>custodes</strong></span> <span class='ocrx_word' id='word_1_419' title='bbox 1756 5728 1878 5766; x_wconf 85' lang='lat' dir='ltr'><strong>cum</strong></span> <span class='ocrx_word' id='word_1_420' title='bbox 1924 5731 2079 5784; x_wconf 79' lang='lat' dir='ltr'><strong>roga-</strong></span> 
     </span>
    </p>
   </div>
   <div class='ocr_carea' id='block_1_63' title="bbox 493 5803 2077 5875">
    <p class='ocr_par' dir='ltr' id='par_1_63' title="bbox 493 5803 2077 5875">
     <span class='ocr_line' id='line_1_63' title="bbox 493 5803 2077 5875; baseline 0.006 -24"><span class='ocrx_word' id='word_1_421' title='bbox 493 5810 617 5851; x_wconf 83' lang='lat' dir='ltr'><strong>rent</strong></span> <span class='ocrx_word' id='word_1_422' title='bbox 670 5815 778 5867; x_wconf 85' lang='lat' dir='ltr'><strong>me,</strong></span> <span class='ocrx_word' id='word_1_423' title='bbox 833 5809 893 5854; x_wconf 91' lang='lat' dir='ltr'><strong>ut</strong></span> <span class='ocrx_word' id='word_1_424' title='bbox 931 5813 1058 5870; x_wconf 86' lang='lat' dir='ltr'><strong>post</strong></span> <span class='ocrx_word' id='word_1_425' title='bbox 1127 5817 1284 5855; x_wconf 90' lang='lat' dir='ltr'><strong>usum</strong></span> <span class='ocrx_word' id='word_1_426' title='bbox 1330 5817 1393 5858; x_wconf 86' lang='lat' dir='ltr'><strong>ea</strong></span> <span class='ocrx_word' id='word_1_427' title='bbox 1451 5803 1776 5872; x_wconf 87' lang='lat' dir='ltr'><strong>reciperem,</strong></span> <span class='ocrx_word' id='word_1_428' title='bbox 1813 5821 2077 5875; x_wconf 75' lang='lat' dir='ltr'><strong>superva-</strong></span> 
     </span>
    </p>
   </div>
   <div class='ocr_carea' id='block_1_64' title="bbox 2098 3180 2144 3242">
    <p class='ocr_par' dir='ltr' id='par_1_64' title="bbox 2098 3180 2144 3242">
     <span class='ocr_line' id='line_1_64' title="bbox 2098 3180 2144 3242; baseline 0 0"><span class='ocrx_word' id='word_1_429' title='bbox 2098 3180 2144 3242; x_wconf 91' lang='lat' dir='ltr'>C</span> 
     </span>
    </p>
   </div>
   <div class='ocr_carea' id='block_1_65' title="bbox 2165 567 3748 638">
    <p class='ocr_par' dir='ltr' id='par_1_65' title="bbox 2165 567 3748 638">
     <span class='ocr_line' id='line_1_65' title="bbox 2165 567 3748 638; baseline 0.002 -19"><span class='ocrx_word' id='word_1_430' title='bbox 2165 568 2230 619; x_wconf 85' lang='grc' dir='ltr'><strong>δα</strong></span> <span class='ocrx_word' id='word_1_431' title='bbox 2259 567 2360 637; x_wconf 81' lang='grc' dir='ltr'>τὴν</span> <span class='ocrx_word' id='word_1_432' title='bbox 2389 569 2601 620; x_wconf 80' lang='grc' dir='ltr'>ἐκείνου</span> <span class='ocrx_word' id='word_1_433' title='bbox 2632 569 2884 638; x_wconf 79' lang='grc' dir='ltr'>γαμετὴν</span> <span class='ocrx_word' id='word_1_434' title='bbox 2934 570 3243 638; x_wconf 76' lang='grc' dir='ltr'><strong>ἐξενεγκεῖν</strong></span> <span class='ocrx_word' id='word_1_435' title='bbox 3267 585 3283 602; x_wconf 75' lang='grc'><strong><em>⁸</em></strong></span> <span class='ocrx_word' id='word_1_436' title='bbox 3341 571 3435 623; x_wconf 66' lang='grc' dir='ltr'>καὶ</span> <span class='ocrx_word' id='word_1_437' title='bbox 3473 569 3748 622; x_wconf 80' lang='grc' dir='ltr'>διετέλεσά</span> 
     </span>
    </p>
   </div>
   <div class='ocr_carea' id='block_1_66' title="bbox 2167 658 3749 732">
    <p class='ocr_par' dir='ltr' id='par_1_66' title="bbox 2167 658 3749 732">
     <span class='ocr_line' id='line_1_66' title="bbox 2167 658 3749 732; baseline 0.001 -22"><span class='ocrx_word' id='word_1_438' title='bbox 2167 675 2230 724; x_wconf 90' lang='grc' dir='ltr'><strong>γε</strong></span> <span class='ocrx_word' id='word_1_439' title='bbox 2274 658 2413 727; x_wconf 85' lang='grc' dir='ltr'><strong>μετά</strong></span> <span class='ocrx_word' id='word_1_440' title='bbox 2443 659 2541 728; x_wconf 80' lang='grc' dir='ltr'><strong>τὴν</strong></span> <span class='ocrx_word' id='word_1_441' title='bbox 2571 661 2788 714; x_wconf 84' lang='grc' dir='ltr'>ἐκείνου</span> <span class='ocrx_word' id='word_1_442' title='bbox 2821 661 3084 728; x_wconf 81' lang='grc' dir='ltr'>τελευτὴν</span> <span class='ocrx_word' id='word_1_443' title='bbox 3113 665 3241 732; x_wconf 80' lang='grc' dir='ltr'>ἄχρι</span> <span class='ocrx_word' id='word_1_444' title='bbox 3271 661 3392 723; x_wconf 84' lang='grc' dir='ltr'>νῦν,</span> <span class='ocrx_word' id='word_1_445' title='bbox 3449 661 3602 713; x_wconf 83' lang='grc' dir='ltr'>οὐδὲν</span> <span class='ocrx_word' id='word_1_446' title='bbox 3641 660 3749 712; x_wconf 89' lang='grc' dir='ltr'><strong>τῶν</strong></span> 
     </span>
    </p>
   </div>
   <div class='ocr_carea' id='block_1_67' title="bbox 2167 749 3748 822">
    <p class='ocr_par' dir='ltr' id='par_1_67' title="bbox 2167 749 3748 822">
     <span class='ocr_line' id='line_1_67' title="bbox 2167 749 3748 822; baseline 0.003 -21"><span class='ocrx_word' id='word_1_447' title='bbox 2167 749 2400 802; x_wconf 83' lang='grc' dir='ltr'><strong>δεόντων</strong></span> <span class='ocrx_word' id='word_1_448' title='bbox 2431 751 2794 820; x_wconf 78' lang='grc' dir='ltr'><strong>παραλείπων</strong></span> <span class='ocrx_word' id='word_1_449' title='bbox 2821 791 2836 816; x_wconf 86' lang='grc'><strong>,</strong></span> <span class='ocrx_word' id='word_1_450' title='bbox 2881 753 3017 806; x_wconf 85' lang='grc' dir='ltr'><strong>ἀλλά</strong></span> <span class='ocrx_word' id='word_1_451' title='bbox 3057 753 3152 807; x_wconf 67' lang='grc' dir='ltr'><strong>κα)⁸</strong></span> <span class='ocrx_word' id='word_1_452' title='bbox 3184 753 3434 822; x_wconf 84' lang='grc' dir='ltr'>σώματος</span> <span class='ocrx_word' id='word_1_453' title='bbox 3475 753 3571 806; x_wconf 78' lang='grc' dir='ltr'><strong>καὶ</strong></span> <span class='ocrx_word' id='word_1_454' title='bbox 3609 767 3748 820; x_wconf 75' lang='grc' dir='ltr'>χρη-</span> 
     </span>
    </p>
   </div>
   <div class='ocr_carea' id='block_1_68' title="bbox 2171 841 3749 914">
    <p class='ocr_par' dir='ltr' id='par_1_68' title="bbox 2171 841 3749 914">
     <span class='ocr_line' id='line_1_68' title="bbox 2171 841 3749 914; baseline -0.001 -20"><span class='ocrx_word' id='word_1_455' title='bbox 2171 841 2358 908; x_wconf 82' lang='grc' dir='ltr'>μάτων</span> <span class='ocrx_word' id='word_1_456' title='bbox 2384 841 2641 908; x_wconf 77' lang='grc' dir='ltr'><strong>ἀφειδῶν,</strong></span> <span class='ocrx_word' id='word_1_457' title='bbox 2705 847 2796 895; x_wconf 77' lang='grc' dir='ltr'><strong>καὶ</strong></span> <span class='ocrx_word' id='word_1_458' title='bbox 2846 843 3026 897; x_wconf 84' lang='grc' dir='ltr'>πάντα</span> <span class='ocrx_word' id='word_1_459' title='bbox 3057 845 3314 914; x_wconf 80' lang='grc' dir='ltr'>πράττων</span> <span class='ocrx_word' id='word_1_460' title='bbox 3359 843 3457 896; x_wconf 79' lang='grc' dir='ltr'>καὶ</span> <span class='ocrx_word' id='word_1_461' title='bbox 3495 847 3749 912; x_wconf 80' lang='grc' dir='ltr'>μηχανω-</span> 
     </span>
    </p>
   </div>
   <div class='ocr_carea' id='block_1_69' title="bbox 2171 931 3745 1003">
    <p class='ocr_par' dir='ltr' id='par_1_69' title="bbox 2171 931 3745 1003">
     <span class='ocr_line' id='line_1_69' title="bbox 2171 931 3745 1003; baseline -0.001 -19"><span class='ocrx_word' id='word_1_462' title='bbox 2171 949 2336 1000; x_wconf 89' lang='grc' dir='ltr'>μενος</span> <span class='ocrx_word' id='word_1_463' title='bbox 2360 934 2454 985; x_wconf 75' lang='grc' dir='ltr'>ἐπὶ</span> <span class='ocrx_word' id='word_1_464' title='bbox 2483 935 2562 1002; x_wconf 87' lang='grc' dir='ltr'>τῷ</span> <span class='ocrx_word' id='word_1_465' title='bbox 2589 933 2978 996; x_wconf 75' lang='grc' dir='ltr'><strong>συνδιασώζειν</strong></span> <span class='ocrx_word' id='word_1_466' title='bbox 3009 936 3242 996; x_wconf 83' lang='grc' dir='ltr'>ἐκείνοις</span> <span class='ocrx_word' id='word_1_467' title='bbox 3297 931 3396 1003; x_wconf 81' lang='grc' dir='ltr'>τὴν</span> <span class='ocrx_word' id='word_1_468' title='bbox 3429 933 3633 1003; x_wconf 89' lang='grc' dir='ltr'>ἀρχήν.</span> <span class='ocrx_word' id='word_1_469' title='bbox 3667 931 3745 983; x_wconf 82' lang='grc' dir='ltr'><strong>Οὐ</strong></span> 
     </span>
    </p>
   </div>
   <div class='ocr_carea' id='block_1_70' title="bbox 2173 1022 3752 1096">
    <p class='ocr_par' dir='ltr' id='par_1_70' title="bbox 2173 1022 3752 1096">
     <span class='ocr_line' id='line_1_70' title="bbox 2173 1022 3752 1096; baseline -0.001 -21"><span class='ocrx_word' id='word_1_470' title='bbox 2173 1022 2304 1094; x_wconf 79' lang='grc' dir='ltr'>μὴν,</span> <span class='ocrx_word' id='word_1_471' title='bbox 2337 1029 2448 1078; x_wconf 72' lang='grc' dir='ltr'>οὐδ’</span> <span class='ocrx_word' id='word_1_472' title='bbox 2480 1027 2609 1096; x_wconf 78' lang='grc' dir='ltr'>ἄχρι</span> <span class='ocrx_word' id='word_1_473' title='bbox 2644 1026 2740 1078; x_wconf 79' lang='grc' dir='ltr'><strong>νῦν</strong></span> <span class='ocrx_word' id='word_1_474' title='bbox 2779 1027 2877 1095; x_wconf 85' lang='grc' dir='ltr'>μὲν</span> <span class='ocrx_word' id='word_1_475' title='bbox 2931 1025 3108 1095; x_wconf 81' lang='grc' dir='ltr'>ὀρθῶς</span> <span class='ocrx_word' id='word_1_476' title='bbox 3148 1025 3246 1080; x_wconf 74' lang='grc' dir='ltr'>καὶ</span> <span class='ocrx_word' id='word_1_477' title='bbox 3294 1024 3521 1087; x_wconf 76' lang='grc' dir='ltr'><strong>δικαίως</strong></span> <span class='ocrx_word' id='word_1_478' title='bbox 3571 1023 3752 1076; x_wconf 64' lang='grc' dir='ltr'>ἐπολιε</span> 
     </span>
    </p>
   </div>
   <div class='ocr_carea' id='block_1_71' title="bbox 2168 1113 3747 1188">
    <p class='ocr_par' dir='ltr' id='par_1_71' title="bbox 2168 1113 3747 1188">
     <span class='ocr_line' id='line_1_71' title="bbox 2168 1113 3747 1188; baseline 0 -21"><span class='ocrx_word' id='word_1_479' title='bbox 2168 1117 2428 1186; x_wconf 73' lang='grc' dir='ltr'>τευόμην,</span> <span class='ocrx_word' id='word_1_480' title='bbox 2457 1115 2686 1187; x_wconf 79' lang='grc' dir='ltr'>ὕστερον</span> <span class='ocrx_word' id='word_1_481' title='bbox 2715 1118 2771 1170; x_wconf 84' lang='grc' dir='ltr'><strong>δέ</strong></span> <span class='ocrx_word' id='word_1_482' title='bbox 2805 1118 2911 1171; x_wconf 74' lang='grc' dir='ltr'><strong>ὑπὸ</strong></span> <span class='ocrx_word' id='word_1_483' title='bbox 2949 1118 3058 1170; x_wconf 90' lang='grc' dir='ltr'><strong>τῶν</strong></span> <span class='ocrx_word' id='word_1_484' title='bbox 3089 1116 3432 1188; x_wconf 79' lang='grc' dir='ltr'>πραγμάτων</span> <span class='ocrx_word' id='word_1_485' title='bbox 3464 1113 3747 1185; x_wconf 75' lang='grc' dir='ltr'>φυσηθεὶς,</span> 
     </span>
    </p>
   </div>
   <div class='ocr_carea' id='block_1_72' title="bbox 2169 1207 3750 1281">
    <p class='ocr_par' dir='ltr' id='par_1_72' title="bbox 2169 1207 3750 1281">
     <span class='ocr_line' id='line_1_72' title="bbox 2169 1207 3750 1281; baseline 0 -23"><span class='ocrx_word' id='word_1_486' title='bbox 2169 1207 2398 1276; x_wconf 74' lang='grc' dir='ltr'>ἔμελλον</span> <span class='ocrx_word' id='word_1_487' title='bbox 2440 1209 2540 1275; x_wconf 86' lang='grc' dir='ltr'><strong>τὴν</strong></span> <span class='ocrx_word' id='word_1_488' title='bbox 2583 1208 2878 1280; x_wconf 85' lang='grc' dir='ltr'>Ῥωμαίων</span> <span class='ocrx_word' id='word_1_489' title='bbox 2923 1210 3101 1281; x_wconf 80' lang='grc' dir='ltr'>ἀρχὴν</span> <span class='ocrx_word' id='word_1_490' title='bbox 3138 1209 3361 1280; x_wconf 81' lang='grc' dir='ltr'>ἐμαυτῷ</span> <span class='ocrx_word' id='word_1_491' title='bbox 3421 1209 3750 1277; x_wconf 80' lang='grc' dir='ltr'>περιποιεῖν,</span> 
     </span>
    </p>
   </div>
   <div class='ocr_carea' id='block_1_73' title="bbox 2171 1297 3750 1370">
    <p class='ocr_par' dir='ltr' id='par_1_73' title="bbox 2171 1297 3750 1370">
     <span class='ocr_line' id='line_1_73' title="bbox 2171 1297 3750 1370; baseline -0.004 -17"><span class='ocrx_word' id='word_1_492' title='bbox 2171 1301 2250 1360; x_wconf 75' lang='grc' dir='ltr'>εἰς</span> <span class='ocrx_word' id='word_1_493' title='bbox 2283 1298 2551 1368; x_wconf 83' lang='grc' dir='ltr'>βασιλέως</span> <span class='ocrx_word' id='word_1_494' title='bbox 2578 1301 2769 1370; x_wconf 84' lang='grc' dir='ltr'>σχῆμα</span> <span class='ocrx_word' id='word_1_495' title='bbox 2798 1301 2859 1353; x_wconf 73' lang='grc' dir='ltr'>τὸ</span> <span class='ocrx_word' id='word_1_496' title='bbox 2889 1301 3068 1369; x_wconf 84' lang='grc' dir='ltr'>παρὸν</span> <span class='ocrx_word' id='word_1_497' title='bbox 3095 1298 3442 1369; x_wconf 83' lang='grc' dir='ltr'>μεταϐαλών.</span> <span class='ocrx_word' id='word_1_498' title='bbox 3478 1298 3618 1367; x_wconf 70' lang='grc' dir='ltr'>Περὶ</span> <span class='ocrx_word' id='word_1_499' title='bbox 3651 1297 3750 1366; x_wconf 80' lang='grc' dir='ltr'>μὲν</span> 
     </span>
    </p>
   </div>
   <div class='ocr_carea' id='block_1_74' title="bbox 2171 1388 3804 1460">
    <p class='ocr_par' dir='ltr' id='par_1_74' title="bbox 2171 1388 3804 1460">
     <span class='ocr_line' id='line_1_74' title="bbox 2171 1388 3804 1460; baseline 0.001 -23"><span class='ocrx_word' id='word_1_500' title='bbox 2171 1389 2280 1459; x_wconf 76' lang='grc' dir='ltr'><strong>γὰρ</strong></span> <span class='ocrx_word' id='word_1_501' title='bbox 2312 1388 2406 1441; x_wconf 82' lang='grc' dir='ltr'>τοῦ</span> <span class='ocrx_word' id='word_1_502' title='bbox 2469 1390 2936 1460; x_wconf 77' lang='grc' dir='ltr'><strong>παρεληλυθότος,</strong></span> <span class='ocrx_word' id='word_1_503' title='bbox 2973 1391 3114 1443; x_wconf 82' lang='grc' dir='ltr'><strong>αύτά</strong></span> <span class='ocrx_word' id='word_1_504' title='bbox 3145 1389 3211 1442; x_wconf 89' lang='grc' dir='ltr'><strong>τά</strong></span> <span class='ocrx_word' id='word_1_505' title='bbox 3264 1389 3570 1457; x_wconf 76' lang='grc' dir='ltr'>πράγματα</span> <span class='ocrx_word' id='word_1_506' title='bbox 3605 1402 3744 1454; x_wconf 87' lang='grc' dir='ltr'>συμ-</span> <span class='ocrx_word' id='word_1_507' title='bbox 3801 1406 3804 1408; x_wconf 54' lang='grc' dir='ltr'><strong>τ</strong></span> 
     </span>
    </p>
   </div>
   <div class='ocr_carea' id='block_1_75' title="bbox 2181 1477 3748 1550">
    <p class='ocr_par' dir='ltr' id='par_1_75' title="bbox 2181 1477 3748 1550">
     <span class='ocr_line' id='line_1_75' title="bbox 2181 1477 3748 1550; baseline -0.001 -19"><span class='ocrx_word' id='word_1_508' title='bbox 2181 1480 2590 1548; x_wconf 80' lang='grc' dir='ltr'>μαρτυρήσειεν</span> <span class='ocrx_word' id='word_1_509' title='bbox 2637 1479 2704 1533; x_wconf 83' lang='grc' dir='ltr'><strong>ἂν</strong></span> <span class='ocrx_word' id='word_1_510' title='bbox 2737 1481 2861 1550; x_wconf 90' lang='grc' dir='ltr'>ἐμοί</span> <span class='ocrx_word' id='word_1_511' title='bbox 2888 1495 2905 1512; x_wconf 79' lang='grc' dir='ltr'><strong>ο</strong></span> <span class='ocrx_word' id='word_1_512' title='bbox 2937 1482 3034 1534; x_wconf 76' lang='grc' dir='ltr'>ἐπὶ</span> <span class='ocrx_word' id='word_1_513' title='bbox 3087 1480 3144 1534; x_wconf 76' lang='grc' dir='ltr'>δὲ</span> <span class='ocrx_word' id='word_1_514' title='bbox 3181 1481 3291 1532; x_wconf 86' lang='grc' dir='ltr'><strong>τῶν</strong></span> <span class='ocrx_word' id='word_1_515' title='bbox 3346 1481 3648 1548; x_wconf 89' lang='grc' dir='ltr'>ἐσομένων,</span> <span class='ocrx_word' id='word_1_516' title='bbox 3685 1477 3748 1529; x_wconf 87' lang='grc' dir='ltr'><strong>ού</strong></span> 
     </span>
    </p>
   </div>
   <div class='ocr_carea' id='block_1_76' title="bbox 2171 1569 3754 1642">
    <p class='ocr_par' dir='ltr' id='par_1_76' title="bbox 2171 1569 3754 1642">
     <span class='ocr_line' id='line_1_76' title="bbox 2171 1569 3754 1642; baseline -0.001 -21"><span class='ocrx_word' id='word_1_517' title='bbox 2171 1570 2305 1623; x_wconf 82' lang='grc' dir='ltr'>Θεὸν</span> <span class='ocrx_word' id='word_1_518' title='bbox 2343 1571 2507 1638; x_wconf 84' lang='grc' dir='ltr'>μόνον</span> <span class='ocrx_word' id='word_1_519' title='bbox 2536 1572 2644 1624; x_wconf 90' lang='grc' dir='ltr'><strong>τῶν</strong></span> <span class='ocrx_word' id='word_1_520' title='bbox 2700 1571 3144 1642; x_wconf 85' lang='grc' dir='ltr'>βεϐουλευμένων</span> <span class='ocrx_word' id='word_1_521' title='bbox 3195 1571 3483 1640; x_wconf 83' lang='grc' dir='ltr'>συνίστορα</span> <span class='ocrx_word' id='word_1_522' title='bbox 3519 1569 3754 1639; x_wconf 69' lang='grc' dir='ltr'>παρέχοι</span> 
     </span>
    </p>
   </div>
   <div class='ocr_carea' id='block_1_77' title="bbox 2179 1657 3752 1732">
    <p class='ocr_par' dir='ltr' id='par_1_77' title="bbox 2179 1657 3752 1732">
     <span class='ocr_line' id='line_1_77' title="bbox 2179 1657 3752 1732; baseline -0.005 -17"><span class='ocrx_word' id='word_1_523' title='bbox 2179 1680 2300 1732; x_wconf 87' lang='grc' dir='ltr'>μαι,</span> <span class='ocrx_word' id='word_1_524' title='bbox 2357 1665 2496 1716; x_wconf 86' lang='grc' dir='ltr'><strong>ἀλλά</strong></span> <span class='ocrx_word' id='word_1_525' title='bbox 2553 1665 2650 1718; x_wconf 72' lang='grc' dir='ltr'><strong>καὶ</strong></span> <span class='ocrx_word' id='word_1_526' title='bbox 2707 1663 2768 1728; x_wconf 75' lang='grc' dir='ltr'><strong>ἐξ</strong></span> <span class='ocrx_word' id='word_1_527' title='bbox 2825 1664 3008 1714; x_wconf 83' lang='grc' dir='ltr'>αὐτῶν</span> <span class='ocrx_word' id='word_1_528' title='bbox 3041 1662 3152 1715; x_wconf 90' lang='grc' dir='ltr'><strong>τῶν</strong></span> <span class='ocrx_word' id='word_1_529' title='bbox 3201 1660 3606 1729; x_wconf 79' lang='grc' dir='ltr'>παρελθόντων,</span> <span class='ocrx_word' id='word_1_530' title='bbox 3641 1657 3752 1708; x_wconf 86' lang='grc' dir='ltr'><strong>τῶν</strong></span> 
     </span>
    </p>
   </div>
   <div class='ocr_carea' id='block_1_78' title="bbox 2179 1748 3754 1820">
    <p class='ocr_par' dir='ltr' id='par_1_78' title="bbox 2179 1748 3754 1820">
     <span class='ocr_line' id='line_1_78' title="bbox 2179 1748 3754 1820; baseline -0.004 -14"><span class='ocrx_word' id='word_1_531' title='bbox 2179 1753 2484 1820; x_wconf 73' lang='grc' dir='ltr'>μελλόντων</span> <span class='ocrx_word' id='word_1_532' title='bbox 2521 1754 2735 1819; x_wconf 75' lang='grc' dir='ltr'>ἔξεστιν</span> <span class='ocrx_word' id='word_1_533' title='bbox 2786 1753 3065 1818; x_wconf 72' lang='grc' dir='ltr'>ἀπόδειξιν</span> <span class='ocrx_word' id='word_1_534' title='bbox 3095 1752 3368 1807; x_wconf 81' lang='grc' dir='ltr'>ποιεῖσθαι</span> <span class='ocrx_word' id='word_1_535' title='bbox 3398 1749 3630 1818; x_wconf 74' lang='grc' dir='ltr'>ἐναργῆ.</span> <span class='ocrx_word' id='word_1_536' title='bbox 3690 1748 3754 1800; x_wconf 84' lang='lat' dir='ltr'><strong>El</strong></span> 
     </span>
    </p>
   </div>
   <div class='ocr_carea' id='block_1_79' title="bbox 2175 1841 3752 1913">
    <p class='ocr_par' dir='ltr' id='par_1_79' title="bbox 2175 1841 3752 1913">
     <span class='ocr_line' id='line_1_79' title="bbox 2175 1841 3752 1913; baseline -0.004 -17"><span class='ocrx_word' id='word_1_537' title='bbox 2175 1844 2284 1913; x_wconf 82' lang='grc' dir='ltr'>γὰρ</span> <span class='ocrx_word' id='word_1_538' title='bbox 2324 1846 2582 1896; x_wconf 79' lang='grc' dir='ltr'>τοιούτων</span> <span class='ocrx_word' id='word_1_539' title='bbox 2611 1847 2741 1898; x_wconf 80' lang='grc' dir='ltr'>οἴων</span> <span class='ocrx_word' id='word_1_540' title='bbox 2774 1847 2939 1912; x_wconf 77' lang='grc' dir='ltr'>φασὶν</span> <span class='ocrx_word' id='word_1_541' title='bbox 2963 1847 3012 1898; x_wconf 84' lang='lat' dir='ltr'><strong>el</strong></span> <span class='ocrx_word' id='word_1_542' title='bbox 3042 1845 3377 1911; x_wconf 77' lang='grc' dir='ltr'>συκοφάνται</span> <span class='ocrx_word' id='word_1_543' title='bbox 3411 1841 3752 1908; x_wconf 71' lang='grc' dir='ltr'>ἐπεθύμουν,</span> 
     </span>
    </p>
   </div>
   <div class='ocr_carea' id='block_1_80' title="bbox 2174 1923 3756 2008">
    <p class='ocr_par' dir='ltr' id='par_1_80' title="bbox 2174 1923 3756 2008">
     <span class='ocr_line' id='line_1_80' title="bbox 2174 1923 3756 2008; baseline -0.005 -19"><span class='ocrx_word' id='word_1_544' title='bbox 2174 1937 2226 1990; x_wconf 86' lang='grc' dir='ltr'><strong>τί</strong></span> <span class='ocrx_word' id='word_1_545' title='bbox 2262 1923 2525 2003; x_wconf 77' lang='grc' dir='ltr'>ἐκῶλυεν,</span> <span class='ocrx_word' id='word_1_546' title='bbox 2576 1939 2738 2007; x_wconf 92' lang='grc' dir='ltr'>ἡνίκα</span> <span class='ocrx_word' id='word_1_547' title='bbox 2774 1938 3040 2008; x_wconf 83' lang='grc' dir='ltr'>βασιλέως</span> <span class='ocrx_word' id='word_1_548' title='bbox 3065 1934 3425 2003; x_wconf 60' lang='grc' dir='ltr'>τελεμτῶντος</span> <span class='ocrx_word' id='word_1_549' title='bbox 3457 1933 3584 1994; x_wconf 76' lang='grc' dir='ltr'>τοὺς</span> <span class='ocrx_word' id='word_1_550' title='bbox 3612 1929 3756 1985; x_wconf 66' lang='grc' dir='ltr'><strong>ἔχει*</strong></span> 
     </span>
    </p>
   </div>
   <div class='ocr_carea' id='block_1_81' title="bbox 2174 2024 3751 2100">
    <p class='ocr_par' dir='ltr' id='par_1_81' title="bbox 2174 2024 3751 2100">
     <span class='ocr_line' id='line_1_81' title="bbox 2174 2024 3751 2100; baseline -0.005 -18"><span class='ocrx_word' id='word_1_551' title='bbox 2174 2047 2266 2082; x_wconf 90' lang='grc' dir='ltr'><strong>νου</strong></span> <span class='ocrx_word' id='word_1_552' title='bbox 2287 2031 2483 2093; x_wconf 78' lang='grc' dir='ltr'>παῖδας</span> <span class='ocrx_word' id='word_1_553' title='bbox 2502 2032 2662 2100; x_wconf 79' lang='grc' dir='ltr'>ἔχων,</span> <span class='ocrx_word' id='word_1_554' title='bbox 2687 2029 2993 2098; x_wconf 85' lang='grc' dir='ltr'>ἐποιούμην</span> <span class='ocrx_word' id='word_1_555' title='bbox 3019 2029 3088 2081; x_wconf 79' lang='grc' dir='ltr'>τὰ</span> <span class='ocrx_word' id='word_1_556' title='bbox 3108 2026 3355 2098; x_wconf 85' lang='grc' dir='ltr'>βασίλεια</span> <span class='ocrx_word' id='word_1_557' title='bbox 3388 2024 3493 2078; x_wconf 81' lang='grc' dir='ltr'><strong>ὑπὸ</strong></span> <span class='ocrx_word' id='word_1_558' title='bbox 3515 2024 3751 2093; x_wconf 65' lang='grc' dir='ltr'>φρουρᾷ.</span> 
     </span>
    </p>
   </div>
   <div class='ocr_carea' id='block_1_82' title="bbox 2175 2116 3752 2192">
    <p class='ocr_par' dir='ltr' id='par_1_82' title="bbox 2175 2116 3752 2192">
     <span class='ocr_line' id='line_1_82' title="bbox 2175 2116 3752 2192; baseline -0.003 -19"><span class='ocrx_word' id='word_1_559' title='bbox 2175 2122 2272 2174; x_wconf 66' lang='grc' dir='ltr'><strong>κα)⁵</strong></span> <span class='ocrx_word' id='word_1_560' title='bbox 2304 2125 2444 2189; x_wconf 77' lang='grc' dir='ltr'>μετὰ</span> <span class='ocrx_word' id='word_1_561' title='bbox 2469 2125 2663 2192; x_wconf 81' lang='grc' dir='ltr'>τρίτην</span> <span class='ocrx_word' id='word_1_562' title='bbox 2703 2122 2919 2192; x_wconf 79' lang='grc' dir='ltr'>ἡμέραν</span> <span class='ocrx_word' id='word_1_563' title='bbox 2959 2120 3056 2173; x_wconf 70' lang='grc' dir='ltr'>καὶ</span> <span class='ocrx_word' id='word_1_564' title='bbox 3091 2117 3366 2186; x_wconf 85' lang='grc' dir='ltr'>βασιλίδος</span> <span class='ocrx_word' id='word_1_565' title='bbox 3417 2116 3752 2186; x_wconf 75' lang='grc' dir='ltr'>ἀφιγμένης,</span> 
     </span>
    </p>
   </div>
   <div class='ocr_carea' id='block_1_83' title="bbox 2176 2206 3754 2285">
    <p class='ocr_par' dir='ltr' id='par_1_83' title="bbox 2176 2206 3754 2285">
     <span class='ocr_line' id='line_1_83' title="bbox 2176 2206 3754 2285; baseline -0.005 -19"><span class='ocrx_word' id='word_1_566' title='bbox 2176 2215 2356 2267; x_wconf 82' lang='grc' dir='ltr'>πάντα</span> <span class='ocrx_word' id='word_1_567' title='bbox 2387 2216 2649 2285; x_wconf 84' lang='grc' dir='ltr'>χρήματα</span> <span class='ocrx_word' id='word_1_568' title='bbox 2681 2210 2825 2285; x_wconf 78' lang='grc' dir='ltr'>ἦσαν</span> <span class='ocrx_word' id='word_1_569' title='bbox 2854 2209 2943 2265; x_wconf 74' lang='grc' dir='ltr'>ἐπ’</span> <span class='ocrx_word' id='word_1_570' title='bbox 2988 2213 3134 2282; x_wconf 73' lang='grc' dir='ltr'>ἐμοὶ,</span> <span class='ocrx_word' id='word_1_571' title='bbox 3193 2207 3328 2263; x_wconf 79' lang='grc' dir='ltr'>ὥσθ’</span> <span class='ocrx_word' id='word_1_572' title='bbox 3365 2210 3449 2261; x_wconf 84' lang='grc' dir='ltr'>ὅτι</span> <span class='ocrx_word' id='word_1_573' title='bbox 3513 2206 3754 2279; x_wconf 82' lang='grc' dir='ltr'>χρῆσθαι</span> 
     </span>
    </p>
   </div>
   <div class='ocr_carea' id='block_1_84' title="bbox 2175 2301 3753 2380">
    <p class='ocr_par' dir='ltr' id='par_1_84' title="bbox 2175 2301 3753 2380">
     <span class='ocr_line' id='line_1_84' title="bbox 2175 2301 3753 2380; baseline -0.006 -17"><span class='ocrx_word' id='word_1_574' title='bbox 2175 2311 2513 2380; x_wconf 74' lang='grc' dir='ltr'>ἠϐουλόμην,</span> <span class='ocrx_word' id='word_1_575' title='bbox 2572 2313 2819 2375; x_wconf 76' lang='grc' dir='ltr'>ἐκείνους</span> <span class='ocrx_word' id='word_1_576' title='bbox 2878 2310 2977 2380; x_wconf 81' lang='grc' dir='ltr'>μὲν</span> <span class='ocrx_word' id='word_1_577' title='bbox 3017 2305 3436 2368; x_wconf 82' lang='grc' dir='ltr'>ἀποκτιννύναι,</span> <span class='ocrx_word' id='word_1_578' title='bbox 3483 2303 3648 2358; x_wconf 86' lang='grc' dir='ltr'>αὑτὸν</span> <span class='ocrx_word' id='word_1_579' title='bbox 3696 2301 3753 2354; x_wconf 67' lang='grc' dir='ltr'><strong>δέ</strong></span> 
     </span>
    </p>
   </div>
   <div class='ocr_carea' id='block_1_85' title="bbox 2176 2394 3748 2472">
    <p class='ocr_par' dir='ltr' id='par_1_85' title="bbox 2176 2394 3748 2472">
     <span class='ocr_line' id='line_1_85' title="bbox 2176 2394 3748 2472; baseline -0.006 -18"><span class='ocrx_word' id='word_1_580' title='bbox 2176 2403 2276 2472; x_wconf 82' lang='grc' dir='ltr'>τὴν</span> <span class='ocrx_word' id='word_1_581' title='bbox 2307 2403 2589 2468; x_wconf 79' lang='grc' dir='ltr'>βασιλείαν</span> <span class='ocrx_word' id='word_1_582' title='bbox 2628 2403 2758 2457; x_wconf 79' lang='grc' dir='ltr'>ἄνευ</span> <span class='ocrx_word' id='word_1_583' title='bbox 2793 2403 2971 2455; x_wconf 87' lang='grc' dir='ltr'>πόνων</span> <span class='ocrx_word' id='word_1_584' title='bbox 3000 2399 3148 2470; x_wconf 83' lang='grc' dir='ltr'>ἔχειν</span> <span class='ocrx_word' id='word_1_585' title='bbox 3180 2399 3275 2451; x_wconf 70' lang='grc' dir='ltr'><strong>καὶ</strong></span> <span class='ocrx_word' id='word_1_586' title='bbox 3308 2396 3575 2467; x_wconf 79' lang='grc' dir='ltr'>ἱδρώτων,</span> <span class='ocrx_word' id='word_1_587' title='bbox 3597 2394 3748 2446; x_wconf 79' lang='grc' dir='ltr'>οὐδε-</span> 
     </span>
    </p>
   </div>
   <div class='ocr_carea' id='block_1_86' title="bbox 2176 2483 3750 2564">
    <p class='ocr_par' dir='ltr' id='par_1_86' title="bbox 2176 2483 3750 2564">
     <span class='ocr_line' id='line_1_86' title="bbox 2176 2483 3750 2564; baseline -0.005 -18"><span class='ocrx_word' id='word_1_588' title='bbox 2176 2495 2264 2558; x_wconf 59' lang='grc' dir='ltr'>νὸς</span> <span class='ocrx_word' id='word_1_589' title='bbox 2295 2495 2376 2546; x_wconf 77' lang='grc' dir='ltr'><strong>ἔτι</strong></span> <span class='ocrx_word' id='word_1_590' title='bbox 2427 2483 2756 2564; x_wconf 82' lang='grc' dir='ltr'>λειπομένου</span> <span class='ocrx_word' id='word_1_591' title='bbox 2815 2493 2909 2545; x_wconf 76' lang='grc' dir='ltr'>τοῦ</span> <span class='ocrx_word' id='word_1_592' title='bbox 2960 2492 3336 2561; x_wconf 82' lang='grc' dir='ltr'>τολμήσαντος</span> <span class='ocrx_word' id='word_1_593' title='bbox 3390 2485 3750 2540; x_wconf 81' lang='grc' dir='ltr'>ἀνθίστασθαι</span> 
     </span>
    </p>
   </div>
   <div class='ocr_carea' id='block_1_87' title="bbox 2178 2577 3752 2654">
    <p class='ocr_par' dir='ltr' id='par_1_87' title="bbox 2178 2577 3752 2654">
     <span class='ocr_line' id='line_1_87' title="bbox 2178 2577 3752 2654; baseline -0.006 -16"><span class='ocrx_word' id='word_1_594' title='bbox 2178 2587 2301 2654; x_wconf 81' lang='grc' dir='ltr'>ἐμοί</span> <span class='ocrx_word' id='word_1_595' title='bbox 2342 2603 2357 2651; x_wconf 88' lang='grc'>;</span> <span class='ocrx_word' id='word_1_596' title='bbox 2399 2585 2540 2654; x_wconf 66' lang='grc' dir='ltr'>Ἐεγὼ</span> <span class='ocrx_word' id='word_1_597' title='bbox 2570 2587 2626 2638; x_wconf 77' lang='grc' dir='ltr'>δὲ</span> <span class='ocrx_word' id='word_1_598' title='bbox 2661 2586 2722 2637; x_wconf 84' lang='grc' dir='ltr'>οὐ</span> <span class='ocrx_word' id='word_1_599' title='bbox 2759 2585 2920 2654; x_wconf 86' lang='grc' dir='ltr'>μόνον</span> <span class='ocrx_word' id='word_1_600' title='bbox 2955 2584 3197 2636; x_wconf 83' lang='grc' dir='ltr'>τοιοῦτον</span> <span class='ocrx_word' id='word_1_601' title='bbox 3224 2581 3377 2633; x_wconf 81' lang='grc' dir='ltr'>οὐδὲν</span> <span class='ocrx_word' id='word_1_602' title='bbox 3407 2577 3598 2647; x_wconf 80' lang='grc' dir='ltr'>ὤφθην</span> <span class='ocrx_word' id='word_1_603' title='bbox 3639 2577 3752 2630; x_wconf 88' lang='grc' dir='ltr'>δια-</span> 
     </span>
    </p>
   </div>
   <div class='ocr_carea' id='block_1_88' title="bbox 2175 2668 3750 2744">
    <p class='ocr_par' dir='ltr' id='par_1_88' title="bbox 2175 2668 3750 2744">
     <span class='ocr_line' id='line_1_88' title="bbox 2175 2668 3750 2744; baseline -0.005 -16"><span class='ocrx_word' id='word_1_604' title='bbox 2175 2675 2414 2744; x_wconf 73' lang='grc' dir='ltr'>νοηθεὶς,</span> <span class='ocrx_word' id='word_1_605' title='bbox 2448 2677 2583 2729; x_wconf 88' lang='grc' dir='ltr'><strong>ἀλλά</strong></span> <span class='ocrx_word' id='word_1_606' title='bbox 2615 2677 2710 2729; x_wconf 72' lang='grc' dir='ltr'>καὶ</span> <span class='ocrx_word' id='word_1_607' title='bbox 2749 2679 2827 2738; x_wconf 83' lang='grc' dir='ltr'><strong>είς</strong></span> <span class='ocrx_word' id='word_1_608' title='bbox 2859 2675 3057 2744; x_wconf 87' lang='grc' dir='ltr'>ἐνάτην</span> <span class='ocrx_word' id='word_1_609' title='bbox 3107 2674 3320 2743; x_wconf 80' lang='grc' dir='ltr'>ἡμέραν</span> <span class='ocrx_word' id='word_1_610' title='bbox 3374 2673 3438 2724; x_wconf 90' lang='grc' dir='ltr'><strong>ἐκ</strong></span> <span class='ocrx_word' id='word_1_611' title='bbox 3469 2671 3567 2738; x_wconf 73' lang='grc' dir='ltr'>τῆς</span> <span class='ocrx_word' id='word_1_612' title='bbox 3603 2668 3750 2738; x_wconf 56' lang='grc' dir='ltr'>βασιλ</span> 
     </span>
    </p>
   </div>
   <div class='ocr_carea' id='block_1_89' title="bbox 2176 2763 3748 2838">
    <p class='ocr_par' dir='ltr' id='par_1_89' title="bbox 2176 2763 3748 2838">
     <span class='ocr_line' id='line_1_89' title="bbox 2176 2763 3748 2838; baseline -0.003 -19"><span class='ocrx_word' id='word_1_613' title='bbox 2176 2767 2314 2832; x_wconf 90' lang='grc' dir='ltr'>λέως</span> <span class='ocrx_word' id='word_1_614' title='bbox 2345 2769 2609 2838; x_wconf 79' lang='grc' dir='ltr'>τελευτῆς</span> <span class='ocrx_word' id='word_1_615' title='bbox 2652 2770 2711 2820; x_wconf 86' lang='grc' dir='ltr'><strong>ἐν</strong></span> <span class='ocrx_word' id='word_1_616' title='bbox 2742 2768 3019 2837; x_wconf 78' lang='grc' dir='ltr'>ἀσφαλείᾳ</span> <span class='ocrx_word' id='word_1_617' title='bbox 3071 2767 3222 2836; x_wconf 79' lang='grc' dir='ltr'>πάσῃ</span> <span class='ocrx_word' id='word_1_618' title='bbox 3260 2763 3632 2832; x_wconf 84' lang='grc' dir='ltr'>καταστήσας,</span> <span class='ocrx_word' id='word_1_619' title='bbox 3649 2764 3748 2829; x_wconf 78' lang='grc' dir='ltr'>τήν</span> 
     </span>
    </p>
   </div>
   <div class='ocr_carea' id='block_1_90' title="bbox 2176 2855 3747 2932">
    <p class='ocr_par' dir='ltr' id='par_1_90' title="bbox 2176 2855 3747 2932">
     <span class='ocr_line' id='line_1_90' title="bbox 2176 2855 3747 2932; baseline -0.005 -19"><span class='ocrx_word' id='word_1_620' title='bbox 2176 2879 2234 2914; x_wconf 82' lang='grc' dir='ltr'><strong>τε</strong></span> <span class='ocrx_word' id='word_1_621' title='bbox 2288 2863 2538 2932; x_wconf 81' lang='grc' dir='ltr'>φρουρὰν</span> <span class='ocrx_word' id='word_1_622' title='bbox 2597 2862 2902 2932; x_wconf 80' lang='grc' dir='ltr'>ἀπήγαγον</span> <span class='ocrx_word' id='word_1_623' title='bbox 2963 2859 3197 2920; x_wconf 85' lang='grc' dir='ltr'>ἐκεῖθεν,</span> <span class='ocrx_word' id='word_1_624' title='bbox 3251 2859 3348 2911; x_wconf 64' lang='grc' dir='ltr'><strong>καί⁵</strong></span> <span class='ocrx_word' id='word_1_625' title='bbox 3383 2857 3547 2918; x_wconf 84' lang='grc' dir='ltr'>αὐτὸς</span> <span class='ocrx_word' id='word_1_626' title='bbox 3610 2855 3747 2908; x_wconf 84' lang='grc' dir='ltr'>οῐκοι</span> 
     </span>
    </p>
   </div>
   <div class='ocr_carea' id='block_1_91' title="bbox 2177 2948 3746 3024">
    <p class='ocr_par' dir='ltr' id='par_1_91' title="bbox 2177 2948 3746 3024">
     <span class='ocr_line' id='line_1_91' title="bbox 2177 2948 3746 3024; baseline -0.006 -18"><span class='ocrx_word' id='word_1_627' title='bbox 2177 2957 2478 3018; x_wconf 74' lang='grc' dir='ltr'>καταστὰς,</span> <span class='ocrx_word' id='word_1_628' title='bbox 2525 2954 2631 3007; x_wconf 81' lang='grc' dir='ltr'><strong>τῶν</strong></span> <span class='ocrx_word' id='word_1_629' title='bbox 2690 2955 3059 3024; x_wconf 82' lang='grc' dir='ltr'>πραγμάτων,</span> <span class='ocrx_word' id='word_1_630' title='bbox 3111 2951 3304 3020; x_wconf 84' lang='grc' dir='ltr'>ὥσπερ</span> <span class='ocrx_word' id='word_1_631' title='bbox 3338 2949 3433 3002; x_wconf 81' lang='grc' dir='ltr'>καὶ</span> <span class='ocrx_word' id='word_1_632' title='bbox 3482 2948 3746 3018; x_wconf 87' lang='grc' dir='ltr'>πρότερον</span> 
     </span>
    </p>
   </div>
   <div class='ocr_carea' id='block_1_92' title="bbox 2178 3035 3752 3117">
    <p class='ocr_par' dir='ltr' id='par_1_92' title="bbox 2178 3035 3752 3117">
     <span class='ocr_line' id='line_1_92' title="bbox 2178 3035 3752 3117; baseline -0.009 -17"><span class='ocrx_word' id='word_1_633' title='bbox 2178 3046 2428 3117; x_wconf 80' lang='grc' dir='ltr'>είχόμην,</span> <span class='ocrx_word' id='word_1_634' title='bbox 2459 3048 2614 3100; x_wconf 72' lang='grc' dir='ltr'>οὐδὲν</span> <span class='ocrx_word' id='word_1_635' title='bbox 2666 3035 3039 3115; x_wconf 83' lang='grc' dir='ltr'>καινοτομῶν,</span> <span class='ocrx_word' id='word_1_636' title='bbox 3095 3043 3218 3097; x_wconf 85' lang='grc' dir='ltr'><strong>ούδέ</strong></span> <span class='ocrx_word' id='word_1_637' title='bbox 3245 3041 3382 3112; x_wconf 84' lang='grc' dir='ltr'>πρὸς</span> <span class='ocrx_word' id='word_1_638' title='bbox 3423 3040 3484 3092; x_wconf 81' lang='grc' dir='ltr'><strong>τὸ</strong></span> <span class='ocrx_word' id='word_1_639' title='bbox 3544 3041 3752 3092; x_wconf 73' lang='grc' dir='ltr'>λυσιτεο</span> 
     </span>
    </p>
   </div>
   <div class='ocr_carea' id='block_1_93' title="bbox 2178 3127 3752 3208">
    <p class='ocr_par' dir='ltr' id='par_1_93' title="bbox 2178 3127 3752 3208">
     <span class='ocr_line' id='line_1_93' title="bbox 2178 3127 3752 3208; baseline -0.004 -19"><span class='ocrx_word' id='word_1_640' title='bbox 2178 3137 2305 3190; x_wconf 88' lang='grc' dir='ltr'>λοῦν</span> <span class='ocrx_word' id='word_1_641' title='bbox 2342 3138 2469 3206; x_wconf 73' lang='grc' dir='ltr'>ἐμοὶ</span> <span class='ocrx_word' id='word_1_642' title='bbox 2497 3140 2565 3191; x_wconf 81' lang='grc' dir='ltr'>τὰ</span> <span class='ocrx_word' id='word_1_643' title='bbox 2612 3139 2918 3208; x_wconf 83' lang='grc' dir='ltr'>πράγματα</span> <span class='ocrx_word' id='word_1_644' title='bbox 2944 3135 3272 3205; x_wconf 79' lang='grc' dir='ltr'>οἰκονομῶν,</span> <span class='ocrx_word' id='word_1_645' title='bbox 3305 3135 3364 3198; x_wconf 78' lang='grc' dir='ltr'><strong>ἐξ</strong></span> <span class='ocrx_word' id='word_1_646' title='bbox 3409 3127 3484 3186; x_wconf 83' lang='grc' dir='ltr'>ὧν</span> <span class='ocrx_word' id='word_1_647' title='bbox 3546 3132 3611 3185; x_wconf 84' lang='grc' dir='ltr'><strong>ἀν</strong></span> <span class='ocrx_word' id='word_1_648' title='bbox 3666 3144 3752 3190; x_wconf 84' lang='grc' dir='ltr'><strong>τις</strong></span> 
     </span>
    </p>
   </div>
   <div class='ocr_carea' id='block_1_94' title="bbox 2173 3220 3749 3299">
    <p class='ocr_par' dir='ltr' id='par_1_94' title="bbox 2173 3220 3749 3299">
     <span class='ocr_line' id='line_1_94' title="bbox 2173 3220 3749 3299; baseline -0.01 -14"><span class='ocrx_word' id='word_1_649' title='bbox 2173 3230 2329 3299; x_wconf 81' lang='grc' dir='ltr'>ᾠήθη</span> <span class='ocrx_word' id='word_1_650' title='bbox 2363 3229 2614 3293; x_wconf 76' lang='grc' dir='ltr'>δικαίως,</span> <span class='ocrx_word' id='word_1_651' title='bbox 2653 3231 2731 3291; x_wconf 84' lang='grc' dir='ltr'><strong>είς</strong></span> <span class='ocrx_word' id='word_1_652' title='bbox 2761 3228 2998 3298; x_wconf 75' lang='grc' dir='ltr'>ἐμαυτὸν</span> <span class='ocrx_word' id='word_1_653' title='bbox 3029 3227 3294 3297; x_wconf 84' lang='grc' dir='ltr'>μετάγειν</span> <span class='ocrx_word' id='word_1_654' title='bbox 3329 3223 3627 3294; x_wconf 85' lang='grc' dir='ltr'>πειρᾶσθαι</span> <span class='ocrx_word' id='word_1_655' title='bbox 3655 3220 3749 3290; x_wconf 77' lang='grc' dir='ltr'><strong>τὴν</strong></span> 
     </span>
    </p>
   </div>
   <div class='ocr_carea' id='block_1_95' title="bbox 2173 3315 3747 3392">
    <p class='ocr_par' dir='ltr' id='par_1_95' title="bbox 2173 3315 3747 3392">
     <span class='ocr_line' id='line_1_95' title="bbox 2173 3315 3747 3392; baseline -0.005 -18"><span class='ocrx_word' id='word_1_656' title='bbox 2173 3321 2369 3392; x_wconf 75' lang='grc' dir='ltr'>ἀρχὴν.</span> <span class='ocrx_word' id='word_1_657' title='bbox 2435 3321 2787 3390; x_wconf 79' lang='grc' dir='ltr'>Ἐπιτρὸποις</span> <span class='ocrx_word' id='word_1_658' title='bbox 2823 3337 2883 3372; x_wconf 88' lang='grc' dir='ltr'><strong>τε</strong></span> <span class='ocrx_word' id='word_1_659' title='bbox 2941 3320 3050 3390; x_wconf 80' lang='grc' dir='ltr'><strong>γὰρ</strong></span> <span class='ocrx_word' id='word_1_660' title='bbox 3076 3318 3403 3390; x_wconf 77' lang='grc' dir='ltr'>ἐχρησάμην</span> <span class='ocrx_word' id='word_1_661' title='bbox 3442 3315 3550 3368; x_wconf 91' lang='grc' dir='ltr'><strong>τῶν</strong></span> <span class='ocrx_word' id='word_1_662' title='bbox 3578 3315 3747 3385; x_wconf 74' lang='grc' dir='ltr'>ἐπαρο</span> 
     </span>
    </p>
   </div>
   <div class='ocr_carea' id='block_1_96' title="bbox 2173 3404 3753 3481">
    <p class='ocr_par' dir='ltr' id='par_1_96' title="bbox 2173 3404 3753 3481">
     <span class='ocr_line' id='line_1_96' title="bbox 2173 3404 3753 3481; baseline -0.005 -16"><span class='ocrx_word' id='word_1_663' title='bbox 2173 3415 2310 3481; x_wconf 81' lang='grc' dir='ltr'>χιῶν</span> <span class='ocrx_word' id='word_1_664' title='bbox 2341 3413 2438 3465; x_wconf 77' lang='grc' dir='ltr'><strong>καὶ</strong></span> <span class='ocrx_word' id='word_1_665' title='bbox 2467 3414 2576 3465; x_wconf 89' lang='grc' dir='ltr'><strong>τῶν</strong></span> <span class='ocrx_word' id='word_1_666' title='bbox 2633 3412 2842 3464; x_wconf 82' lang='grc' dir='ltr'>πόλεων</span> <span class='ocrx_word' id='word_1_667' title='bbox 2877 3412 2926 3464; x_wconf 86' lang='grc' dir='ltr'>οἳ</span> <span class='ocrx_word' id='word_1_668' title='bbox 2964 3412 3062 3464; x_wconf 60' lang='grc' dir='ltr'><strong>καὶ⁹</strong></span> <span class='ocrx_word' id='word_1_669' title='bbox 3122 3411 3398 3480; x_wconf 86' lang='grc' dir='ltr'>πρότερον</span> <span class='ocrx_word' id='word_1_670' title='bbox 3431 3404 3576 3479; x_wconf 78' lang='grc' dir='ltr'>ἦσαν</span> <span class='ocrx_word' id='word_1_671' title='bbox 3604 3406 3753 3476; x_wconf 80' lang='grc' dir='ltr'>βασι-</span> 
     </span>
    </p>
   </div>
   <div class='ocr_carea' id='block_1_97' title="bbox 2172 3500 3750 3576">
    <p class='ocr_par' dir='ltr' id='par_1_97' title="bbox 2172 3500 3750 3576">
     <span class='ocr_line' id='line_1_97' title="bbox 2172 3500 3750 3576; baseline -0.004 -19"><span class='ocrx_word' id='word_1_672' title='bbox 2172 3508 2310 3568; x_wconf 77' lang='grc' dir='ltr'>λέως</span> <span class='ocrx_word' id='word_1_673' title='bbox 2336 3506 2702 3568; x_wconf 77' lang='grc' dir='ltr'>τελευτῶντος</span> <span class='ocrx_word' id='word_1_674' title='bbox 2730 3506 2826 3558; x_wconf 71' lang='grc' dir='ltr'><strong>καὶ</strong></span> <span class='ocrx_word' id='word_1_675' title='bbox 2857 3506 2958 3576; x_wconf 81' lang='grc' dir='ltr'>τὴν</span> <span class='ocrx_word' id='word_1_676' title='bbox 3013 3503 3277 3574; x_wconf 76' lang='grc' dir='ltr'>στρατιὰν</span> <span class='ocrx_word' id='word_1_677' title='bbox 3331 3505 3430 3573; x_wconf 79' lang='grc' dir='ltr'><strong>οὐχ</strong></span> <span class='ocrx_word' id='word_1_678' title='bbox 3460 3502 3612 3563; x_wconf 85' lang='grc' dir='ltr'>ὅπως</span> <span class='ocrx_word' id='word_1_679' title='bbox 3662 3500 3750 3552; x_wconf 82' lang='grc' dir='ltr'><strong>εὑ·</strong></span> 
     </span>
    </p>
   </div>
   <div class='ocr_carea' id='block_1_98' title="bbox 2173 3593 3750 3668">
    <p class='ocr_par' dir='ltr' id='par_1_98' title="bbox 2173 3593 3750 3668">
     <span class='ocr_line' id='line_1_98' title="bbox 2173 3593 3750 3668; baseline -0.001 -18"><span class='ocrx_word' id='word_1_680' title='bbox 2173 3599 2458 3668; x_wconf 80' lang='grc' dir='ltr'>νοὴσουσιν</span> <span class='ocrx_word' id='word_1_681' title='bbox 2488 3599 2644 3668; x_wconf 70' lang='grc' dir='ltr'>ἐμοὶ,</span> <span class='ocrx_word' id='word_1_682' title='bbox 2682 3597 2796 3651; x_wconf 78' lang='grc' dir='ltr'>ἀλλ’</span> <span class='ocrx_word' id='word_1_683' title='bbox 2833 3599 2978 3659; x_wconf 78' lang='grc' dir='ltr'>ὅπως</span> <span class='ocrx_word' id='word_1_684' title='bbox 3038 3597 3275 3666; x_wconf 80' lang='grc' dir='ltr'>μάλιστα</span> <span class='ocrx_word' id='word_1_685' title='bbox 3303 3594 3380 3664; x_wconf 78' lang='grc' dir='ltr'>τῷ</span> <span class='ocrx_word' id='word_1_686' title='bbox 3421 3593 3587 3662; x_wconf 83' lang='grc' dir='ltr'>κοινῷ</span> <span class='ocrx_word' id='word_1_687' title='bbox 3619 3593 3750 3663; x_wconf 61' lang='grc' dir='ltr'>χρή*</span> 
     </span>
    </p>
   </div>
   <div class='ocr_carea' id='block_1_99' title="bbox 2176 3687 3751 3760">
    <p class='ocr_par' dir='ltr' id='par_1_99' title="bbox 2176 3687 3751 3760">
     <span class='ocr_line' id='line_1_99' title="bbox 2176 3687 3751 3760; baseline -0.004 -17"><span class='ocrx_word' id='word_1_688' title='bbox 2176 3708 2325 3758; x_wconf 86' lang='grc' dir='ltr'>σιμοι</span> <span class='ocrx_word' id='word_1_689' title='bbox 2392 3690 2608 3743; x_wconf 76' lang='grc' dir='ltr'>ἔσονται</span> <span class='ocrx_word' id='word_1_690' title='bbox 2668 3693 2848 3743; x_wconf 86' lang='grc' dir='ltr'>πάντα</span> <span class='ocrx_word' id='word_1_691' title='bbox 2924 3687 3454 3760; x_wconf 75' lang='grc' dir='ltr'>ἐπραγματευόμην.</span> <span class='ocrx_word' id='word_1_692' title='bbox 3521 3687 3595 3739; x_wconf 91' lang='grc' dir='ltr'>Ού</span> <span class='ocrx_word' id='word_1_693' title='bbox 3648 3687 3751 3755; x_wconf 79' lang='grc' dir='ltr'>μὴν</span> 
     </span>
    </p>
   </div>
   <div class='ocr_carea' id='block_1_100' title="bbox 2176 3780 3748 3852">
    <p class='ocr_par' dir='ltr' id='par_1_100' title="bbox 2176 3780 3748 3852">
     <span class='ocr_line' id='line_1_100' title="bbox 2176 3780 3748 3852; baseline -0.003 -16"><span class='ocrx_word' id='word_1_694' title='bbox 2176 3783 2438 3837; x_wconf 75' lang='grc' dir='ltr'>ἀλλὰκαὶ</span> <span class='ocrx_word' id='word_1_695' title='bbox 2476 3785 2586 3844; x_wconf 83' lang='grc' dir='ltr'>τοί;</span> <span class='ocrx_word' id='word_1_696' title='bbox 2643 3783 2950 3852; x_wconf 76' lang='grc' dir='ltr'>περιοίκοις</span> <span class='ocrx_word' id='word_1_697' title='bbox 2995 3781 3106 3834; x_wconf 89' lang='grc' dir='ltr'><strong>τῶν</strong></span> <span class='ocrx_word' id='word_1_698' title='bbox 3163 3780 3456 3850; x_wconf 85' lang='grc' dir='ltr'>βαρϐάρων</span> <span class='ocrx_word' id='word_1_699' title='bbox 3520 3780 3748 3839; x_wconf 84' lang='grc' dir='ltr'>σπονδας</span> 
     </span>
    </p>
   </div>
   <div class='ocr_carea' id='block_1_101' title="bbox 2172 3872 3747 3944">
    <p class='ocr_par' dir='ltr' id='par_1_101' title="bbox 2172 3872 3747 3944">
     <span class='ocr_line' id='line_1_101' title="bbox 2172 3872 3747 3944; baseline -0.003 -16"><span class='ocrx_word' id='word_1_700' title='bbox 2172 3876 2479 3944; x_wconf 77' lang='grc' dir='ltr'>τιθέμενος,</span> <span class='ocrx_word' id='word_1_701' title='bbox 2509 3875 2608 3927; x_wconf 82' lang='grc' dir='ltr'><strong>οὐκ</strong></span> <span class='ocrx_word' id='word_1_702' title='bbox 2640 3874 2753 3927; x_wconf 81' lang='grc' dir='ltr'>ἔσθ’</span> <span class='ocrx_word' id='word_1_703' title='bbox 2787 3875 2937 3937; x_wconf 83' lang='grc' dir='ltr'>ὅστις</span> <span class='ocrx_word' id='word_1_704' title='bbox 2971 3873 3036 3927; x_wconf 82' lang='grc' dir='ltr'>ἂν</span> <span class='ocrx_word' id='word_1_705' title='bbox 3069 3872 3403 3941; x_wconf 70' lang='grc' dir='ltr'>ἐξελέγξειεν</span> <span class='ocrx_word' id='word_1_706' title='bbox 3427 3873 3502 3936; x_wconf 89' lang='grc' dir='ltr'>ὡς</span> <span class='ocrx_word' id='word_1_707' title='bbox 3529 3873 3638 3942; x_wconf 82' lang='grc' dir='ltr'><strong>πρὸ</strong></span> <span class='ocrx_word' id='word_1_708' title='bbox 3657 3873 3747 3924; x_wconf 76' lang='grc' dir='ltr'>τοῦ</span> 
     </span>
    </p>
   </div>
   <div class='ocr_carea' id='block_1_102' title="bbox 2176 3966 3749 4040">
    <p class='ocr_par' dir='ltr' id='par_1_102' title="bbox 2176 3966 3749 4040">
     <span class='ocr_line' id='line_1_102' title="bbox 2176 3966 3749 4040; baseline -0.001 -18"><span class='ocrx_word' id='word_1_709' title='bbox 2176 3972 2330 4040; x_wconf 82' lang='grc' dir='ltr'>κοινῇ</span> <span class='ocrx_word' id='word_1_710' title='bbox 2366 3968 2781 4030; x_wconf 75' lang='grc' dir='ltr'>λυσιτελοῦντος</span> <span class='ocrx_word' id='word_1_711' title='bbox 2805 3967 2912 4020; x_wconf 83' lang='grc' dir='ltr'><strong>τῶν</strong></span> <span class='ocrx_word' id='word_1_712' title='bbox 2969 3967 3074 4038; x_wconf 73' lang='grc' dir='ltr'>ἰδίᾳ</span> <span class='ocrx_word' id='word_1_713' title='bbox 3130 3983 3189 4018; x_wconf 92' lang='grc' dir='ltr'><strong>τι</strong></span> <span class='ocrx_word' id='word_1_714' title='bbox 3228 3968 3454 4038; x_wconf 81' lang='grc' dir='ltr'>εἱλόμην</span> <span class='ocrx_word' id='word_1_715' title='bbox 3480 3967 3604 4036; x_wconf 76' lang='grc' dir='ltr'>ἐμοὶ</span> <span class='ocrx_word' id='word_1_716' title='bbox 3639 3966 3749 4020; x_wconf 80' lang='grc' dir='ltr'>δια-</span> 
     </span>
    </p>
   </div>
   <div class='ocr_carea' id='block_1_103' title="bbox 2176 4059 3751 4134">
    <p class='ocr_par' dir='ltr' id='par_1_103' title="bbox 2176 4059 3751 4134">
     <span class='ocr_line' id='line_1_103' title="bbox 2176 4059 3751 4134; baseline -0.002 -20"><span class='ocrx_word' id='word_1_717' title='bbox 2176 4066 2454 4134; x_wconf 74' lang='grc' dir='ltr'>φερόντων</span> <span class='ocrx_word' id='word_1_718' title='bbox 2483 4102 2500 4126; x_wconf 90' lang='grc'><strong>,</strong></span> <span class='ocrx_word' id='word_1_719' title='bbox 2547 4062 2682 4116; x_wconf 85' lang='grc' dir='ltr'><strong>ἀλλά</strong></span> <span class='ocrx_word' id='word_1_720' title='bbox 2735 4065 2845 4124; x_wconf 86' lang='grc' dir='ltr'>τοῖς</span> <span class='ocrx_word' id='word_1_721' title='bbox 2884 4060 2984 4132; x_wconf 77' lang='grc' dir='ltr'>μὲν</span> <span class='ocrx_word' id='word_1_722' title='bbox 3034 4061 3372 4132; x_wconf 85' lang='grc' dir='ltr'>ἐσπενδόμην</span> <span class='ocrx_word' id='word_1_723' title='bbox 3419 4059 3751 4115; x_wconf 83' lang='grc' dir='ltr'>λυσιτελούν-</span> 
     </span>
    </p>
   </div>
   <div class='ocr_carea' id='block_1_104' title="bbox 2174 4155 3747 4227">
    <p class='ocr_par' dir='ltr' id='par_1_104' title="bbox 2174 4155 3747 4227">
     <span class='ocr_line' id='line_1_104' title="bbox 2174 4155 3747 4227; baseline -0.001 -19"><span class='ocrx_word' id='word_1_724' title='bbox 2174 4173 2282 4218; x_wconf 87' lang='grc' dir='ltr'><strong>τως</strong></span> <span class='ocrx_word' id='word_1_725' title='bbox 2315 4156 2390 4225; x_wconf 82' lang='grc' dir='ltr'>τῷ</span> <span class='ocrx_word' id='word_1_726' title='bbox 2423 4156 2590 4225; x_wconf 78' lang='grc' dir='ltr'>κοινῷ</span> <span class='ocrx_word' id='word_1_727' title='bbox 2617 4171 2631 4186; x_wconf 90' lang='grc'><strong>·</strong></span> <span class='ocrx_word' id='word_1_728' title='bbox 2667 4158 2780 4217; x_wconf 84' lang='grc' dir='ltr'>τοῖς</span> <span class='ocrx_word' id='word_1_729' title='bbox 2831 4155 2890 4208; x_wconf 81' lang='grc' dir='ltr'>δὲ</span> <span class='ocrx_word' id='word_1_730' title='bbox 2941 4155 3441 4227; x_wconf 79' lang='grc' dir='ltr'>παρεσκευαζόμην</span> <span class='ocrx_word' id='word_1_731' title='bbox 3494 4155 3747 4225; x_wconf 78' lang='grc' dir='ltr'>πολεμεῖν</span> 
     </span>
    </p>
   </div>
   <div class='ocr_carea' id='block_1_105' title="bbox 2178 4243 3748 4312">
    <p class='ocr_par' dir='ltr' id='par_1_105' title="bbox 2178 4243 3748 4312">
     <span class='ocr_line' id='line_1_105' title="bbox 2178 4243 3748 4312; baseline 0.002 -19"><span class='ocrx_word' id='word_1_732' title='bbox 2178 4243 2322 4312; x_wconf 75' lang='grc' dir='ltr'>ὑπὲρ</span> <span class='ocrx_word' id='word_1_733' title='bbox 2360 4244 2564 4298; x_wconf 68' lang='grc' dir='ltr'>αὐτῶν.</span> <span class='ocrx_word' id='word_1_734' title='bbox 2604 4243 2810 4312; x_wconf 69' lang='grc' dir='ltr'>μηδένα</span> <span class='ocrx_word' id='word_1_735' title='bbox 2847 4243 3091 4296; x_wconf 86' lang='grc' dir='ltr'>κίνδυνον</span> <span class='ocrx_word' id='word_1_736' title='bbox 3125 4247 3188 4296; x_wconf 84' lang='grc' dir='ltr'><strong>ἐκ</strong></span> <span class='ocrx_word' id='word_1_737' title='bbox 3241 4245 3352 4298; x_wconf 87' lang='grc' dir='ltr'><strong>τῶν</strong></span> <span class='ocrx_word' id='word_1_738' title='bbox 3380 4246 3596 4298; x_wconf 72' lang='grc' dir='ltr'>οἰκείων</span> <span class='ocrx_word' id='word_1_739' title='bbox 3624 4246 3748 4312; x_wconf 83' lang='grc' dir='ltr'>ὑφο-</span> 
     </span>
    </p>
   </div>
   <div class='ocr_carea' id='block_1_106' title="bbox 2179 4328 3744 4406">
    <p class='ocr_par' dir='ltr' id='par_1_106' title="bbox 2179 4328 3744 4406">
     <span class='ocr_line' id='line_1_106' title="bbox 2179 4328 3744 4406; baseline 0.001 -22"><span class='ocrx_word' id='word_1_740' title='bbox 2179 4332 2426 4405; x_wconf 76' lang='grc' dir='ltr'>ρώμενος</span> <span class='ocrx_word' id='word_1_741' title='bbox 2459 4349 2473 4361; x_wconf 83' lang='lat'><strong><em>°</em></strong></span> <span class='ocrx_word' id='word_1_742' title='bbox 2529 4335 2586 4400; x_wconf 83' lang='grc' dir='ltr'>ἐξ</span> <span class='ocrx_word' id='word_1_743' title='bbox 2621 4328 2696 4388; x_wconf 83' lang='grc' dir='ltr'>ὧν</span> <span class='ocrx_word' id='word_1_744' title='bbox 2753 4336 3014 4387; x_wconf 80' lang='grc' dir='ltr'>ἁπάντων</span> <span class='ocrx_word' id='word_1_745' title='bbox 3046 4336 3110 4387; x_wconf 80' lang='grc' dir='ltr'>ἄν</span> <span class='ocrx_word' id='word_1_746' title='bbox 3161 4354 3246 4398; x_wconf 86' lang='grc' dir='ltr'><strong>τις</strong></span> <span class='ocrx_word' id='word_1_747' title='bbox 3285 4336 3521 4406; x_wconf 78' lang='grc' dir='ltr'>μάλιστα</span> <span class='ocrx_word' id='word_1_748' title='bbox 3549 4337 3744 4390; x_wconf 81' lang='grc' dir='ltr'>συνίδοι</span> 
     </span>
    </p>
   </div>
   <div class='ocr_carea' id='block_1_107' title="bbox 2177 4426 3748 4499">
    <p class='ocr_par' dir='ltr' id='par_1_107' title="bbox 2177 4426 3748 4499">
     <span class='ocr_line' id='line_1_107' title="bbox 2177 4426 3748 4499; baseline -0.001 -20"><span class='ocrx_word' id='word_1_749' title='bbox 2177 4429 2252 4487; x_wconf 85' lang='grc' dir='ltr'>ὼς</span> <span class='ocrx_word' id='word_1_750' title='bbox 2283 4427 2490 4490; x_wconf 84' lang='grc' dir='ltr'>ἀδόλως</span> <span class='ocrx_word' id='word_1_751' title='bbox 2541 4429 2634 4479; x_wconf 77' lang='grc' dir='ltr'><strong>καὶ</strong></span> <span class='ocrx_word' id='word_1_752' title='bbox 2671 4426 2934 4497; x_wconf 83' lang='grc' dir='ltr'>καθαρῶς</span> <span class='ocrx_word' id='word_1_753' title='bbox 2961 4428 3099 4498; x_wconf 83' lang='grc' dir='ltr'>ὑπὲρ</span> <span class='ocrx_word' id='word_1_754' title='bbox 3133 4429 3240 4481; x_wconf 87' lang='grc' dir='ltr'><strong>τῶν</strong></span> <span class='ocrx_word' id='word_1_755' title='bbox 3277 4429 3537 4499; x_wconf 78' lang='grc' dir='ltr'>βασιλέως</span> <span class='ocrx_word' id='word_1_756' title='bbox 3571 4429 3748 4481; x_wconf 57' lang='grc' dir='ltr'>ἐπολιλ</span> 
     </span>
    </p>
   </div>
   <div class='ocr_carea' id='block_1_108' title="bbox 2178 4517 3748 4590">
    <p class='ocr_par' dir='ltr' id='par_1_108' title="bbox 2178 4517 3748 4590">
     <span class='ocr_line' id='line_1_108' title="bbox 2178 4517 3748 4590; baseline 0 -20"><span class='ocrx_word' id='word_1_757' title='bbox 2178 4519 2420 4588; x_wconf 89' lang='grc' dir='ltr'>τευόμην</span> <span class='ocrx_word' id='word_1_758' title='bbox 2456 4517 2664 4571; x_wconf 80' lang='grc' dir='ltr'>παίδων</span> <span class='ocrx_word' id='word_1_759' title='bbox 2703 4518 2833 4583; x_wconf 86' lang='grc' dir='ltr'>ἐγώ.</span> <span class='ocrx_word' id='word_1_760' title='bbox 2870 4520 2930 4572; x_wconf 86' lang='grc' dir='ltr'><strong>Εἰ</strong></span> <span class='ocrx_word' id='word_1_761' title='bbox 2985 4518 3094 4590; x_wconf 76' lang='grc' dir='ltr'>γὰρ</span> <span class='ocrx_word' id='word_1_762' title='bbox 3140 4517 3228 4573; x_wconf 73' lang='grc' dir='ltr'>οἷα</span> <span class='ocrx_word' id='word_1_763' title='bbox 3275 4520 3652 4573; x_wconf 88' lang='grc' dir='ltr'>διαϐάλλουσιν</span> <span class='ocrx_word' id='word_1_764' title='bbox 3699 4519 3748 4571; x_wconf 82' lang='grc' dir='ltr'>οἱ</span> 
     </span>
    </p>
   </div>
   <div class='ocr_carea' id='block_1_109' title="bbox 2181 4609 3748 4682">
    <p class='ocr_par' dir='ltr' id='par_1_109' title="bbox 2181 4609 3748 4682">
     <span class='ocr_line' id='line_1_109' title="bbox 2181 4609 3748 4682; baseline 0 -20"><span class='ocrx_word' id='word_1_765' title='bbox 2181 4609 2624 4679; x_wconf 76' lang='grc' dir='ltr'>κατηγοροῦντες</span> <span class='ocrx_word' id='word_1_766' title='bbox 2654 4609 3004 4682; x_wconf 83' lang='grc' dir='ltr'>διενοούμην,</span> <span class='ocrx_word' id='word_1_767' title='bbox 3040 4614 3089 4665; x_wconf 90' lang='grc' dir='ltr'><strong>εί</strong></span> <span class='ocrx_word' id='word_1_768' title='bbox 3115 4614 3188 4682; x_wconf 89' lang='grc' dir='ltr'>μή</span> <span class='ocrx_word' id='word_1_769' title='bbox 3217 4630 3268 4665; x_wconf 88' lang='grc' dir='ltr'><strong>τι</strong></span> <span class='ocrx_word' id='word_1_770' title='bbox 3299 4611 3450 4677; x_wconf 66' lang='grc' dir='ltr'>ἄᾶλο,</span> <span class='ocrx_word' id='word_1_771' title='bbox 3484 4614 3575 4665; x_wconf 74' lang='grc' dir='ltr'>τὸν</span> <span class='ocrx_word' id='word_1_772' title='bbox 3622 4613 3748 4681; x_wconf 87' lang='grc' dir='ltr'>γοῦν</span> 
     </span>
    </p>
   </div>
   <div class='ocr_carea' id='block_1_110' title="bbox 2177 4701 3750 4776">
    <p class='ocr_par' dir='ltr' id='par_1_110' title="bbox 2177 4701 3750 4776">
     <span class='ocr_line' id='line_1_110' title="bbox 2177 4701 3750 4776; baseline -0.001 -23"><span class='ocrx_word' id='word_1_773' title='bbox 2177 4701 2634 4770; x_wconf 61' lang='grc' dir='ltr'>δτεσκὶδασμένον</span> <span class='ocrx_word' id='word_1_774' title='bbox 2684 4703 2828 4756; x_wconf 83' lang='grc' dir='ltr'><strong>κατά</strong></span> <span class='ocrx_word' id='word_1_775' title='bbox 2894 4707 3077 4758; x_wconf 82' lang='grc' dir='ltr'>πᾶσαν</span> <span class='ocrx_word' id='word_1_776' title='bbox 3123 4704 3221 4774; x_wconf 73' lang='grc' dir='ltr'>τὴν</span> <span class='ocrx_word' id='word_1_777' title='bbox 3263 4703 3552 4776; x_wconf 87' lang='grc' dir='ltr'>Ῥωμαίων</span> <span class='ocrx_word' id='word_1_778' title='bbox 3579 4705 3750 4774; x_wconf 77' lang='grc' dir='ltr'>ἀρχὴν</span> 
     </span>
    </p>
   </div>
   <div class='ocr_carea' id='block_1_111' title="bbox 2181 4791 3747 4866">
    <p class='ocr_par' dir='ltr' id='par_1_111' title="bbox 2181 4791 3747 4866">
     <span class='ocr_line' id='line_1_111' title="bbox 2181 4791 3747 4866; baseline 0.002 -23"><span class='ocrx_word' id='word_1_779' title='bbox 2181 4791 2412 4844; x_wconf 81' lang='grc' dir='ltr'>πλοῦτον</span> <span class='ocrx_word' id='word_1_780' title='bbox 2471 4793 2730 4860; x_wconf 85' lang='grc' dir='ltr'>συνάγειν</span> <span class='ocrx_word' id='word_1_781' title='bbox 2783 4794 2912 4859; x_wconf 76' lang='grc' dir='ltr'>ἔδει,</span> <span class='ocrx_word' id='word_1_782' title='bbox 2975 4795 3095 4848; x_wconf 76' lang='grc' dir='ltr'>οὐδὲ</span> <span class='ocrx_word' id='word_1_783' title='bbox 3157 4795 3357 4866; x_wconf 75' lang='grc' dir='ltr'>ρᾳδέως</span> <span class='ocrx_word' id='word_1_784' title='bbox 3424 4795 3747 4865; x_wconf 67' lang='grc' dir='ltr'>ἀριθμητὺν,</span> 
     </span>
    </p>
   </div>
   <div class='ocr_carea' id='block_1_112' title="bbox 2180 4884 3750 4958">
    <p class='ocr_par' dir='ltr' id='par_1_112' title="bbox 2180 4884 3750 4958">
     <span class='ocr_line' id='line_1_112' title="bbox 2180 4884 3750 4958; baseline 0.004 -20"><span class='ocrx_word' id='word_1_785' title='bbox 2180 4884 2375 4954; x_wconf 87' lang='grc' dir='ltr'>ῶσπερ</span> <span class='ocrx_word' id='word_1_786' title='bbox 2437 4886 2554 4937; x_wconf 77' lang='grc' dir='ltr'>ἴστε</span> <span class='ocrx_word' id='word_1_787' title='bbox 2598 4887 2728 4938; x_wconf 73' lang='grc' dir='ltr'>ὄντα.</span> <span class='ocrx_word' id='word_1_788' title='bbox 2761 4891 2856 4940; x_wconf 73' lang='grc' dir='ltr'>καὶ</span> <span class='ocrx_word' id='word_1_789' title='bbox 2897 4889 3074 4946; x_wconf 77' lang='grc' dir='ltr'>αὐτοὶ,</span> <span class='ocrx_word' id='word_1_790' title='bbox 3113 4890 3206 4940; x_wconf 75' lang='grc' dir='ltr'><strong>καὶ</strong></span> <span class='ocrx_word' id='word_1_791' title='bbox 3266 4887 3504 4956; x_wconf 84' lang='grc' dir='ltr'>μάλιστα</span> <span class='ocrx_word' id='word_1_792' title='bbox 3557 4905 3750 4958; x_wconf 70' lang='grc' dir='ltr'>χρησι-</span> 
     </span>
    </p>
   </div>
   <div class='ocr_carea' id='block_1_113' title="bbox 2184 4979 3750 5050">
    <p class='ocr_par' dir='ltr' id='par_1_113' title="bbox 2184 4979 3750 5050">
     <span class='ocr_line' id='line_1_113' title="bbox 2184 4979 3750 5050; baseline 0.001 -20"><span class='ocrx_word' id='word_1_793' title='bbox 2184 4979 2434 5047; x_wconf 85' lang='grc' dir='ltr'>μώτατον</span> <span class='ocrx_word' id='word_1_794' title='bbox 2493 4981 2755 5048; x_wconf 84' lang='grc' dir='ltr'>ἐσόμενον</span> <span class='ocrx_word' id='word_1_795' title='bbox 2791 4982 2870 5037; x_wconf 80' lang='grc' dir='ltr'>εἰς</span> <span class='ocrx_word' id='word_1_796' title='bbox 2908 4983 3002 5033; x_wconf 74' lang='grc' dir='ltr'><strong>τὸν</strong></span> <span class='ocrx_word' id='word_1_797' title='bbox 3069 4983 3307 5049; x_wconf 65' lang='grc' dir='ltr'>πόλεμον</span> <span class='ocrx_word' id='word_1_798' title='bbox 3349 4981 3492 5050; x_wconf 76' lang='grc' dir='ltr'>ἐμοί.</span> <span class='ocrx_word' id='word_1_799' title='bbox 3523 4981 3659 5034; x_wconf 69' lang='grc' dir='ltr'>Νυνὶ</span> <span class='ocrx_word' id='word_1_800' title='bbox 3697 4981 3750 5032; x_wconf 82' lang='grc' dir='ltr'>δὲ</span> 
     </span>
    </p>
   </div>
   <div class='ocr_carea' id='block_1_114' title="bbox 2181 5071 3754 5144">
    <p class='ocr_par' dir='ltr' id='par_1_114' title="bbox 2181 5071 3754 5144">
     <span class='ocr_line' id='line_1_114' title="bbox 2181 5071 3754 5144; baseline 0.003 -23"><span class='ocrx_word' id='word_1_801' title='bbox 2181 5071 2390 5136; x_wconf 75' lang='grc' dir='ltr'>ἔξεστιν</span> <span class='ocrx_word' id='word_1_802' title='bbox 2448 5073 2604 5141; x_wconf 80' lang='grc' dir='ltr'>όρᾷν,</span> <span class='ocrx_word' id='word_1_803' title='bbox 2646 5072 2706 5123; x_wconf 85' lang='grc' dir='ltr'><strong>οὐ</strong></span> <span class='ocrx_word' id='word_1_804' title='bbox 2767 5073 3132 5144; x_wconf 76' lang='grc' dir='ltr'>βοσκημάτων</span> <span class='ocrx_word' id='word_1_805' title='bbox 3186 5075 3346 5142; x_wconf 90' lang='grc' dir='ltr'>μόνον</span> <span class='ocrx_word' id='word_1_806' title='bbox 3398 5073 3600 5136; x_wconf 67' lang='grc' dir='ltr'>πλῆθος</span> <span class='ocrx_word' id='word_1_807' title='bbox 3663 5075 3754 5125; x_wconf 70' lang='grc' dir='ltr'><strong>γα).</strong></span> 
     </span>
    </p>
   </div>
   <div class='ocr_carea' id='block_1_115' title="bbox 2179 5163 3749 5232">
    <p class='ocr_par' dir='ltr' id='par_1_115' title="bbox 2179 5163 3749 5232">
     <span class='ocr_line' id='line_1_115' title="bbox 2179 5163 3749 5232; baseline -0.001 -18"><span class='ocrx_word' id='word_1_808' title='bbox 2179 5168 2432 5231; x_wconf 81' lang='grc' dir='ltr'>καρπῶν,</span> <span class='ocrx_word' id='word_1_809' title='bbox 2462 5163 2607 5231; x_wconf 82' lang='grc' dir='ltr'>ἆπερ</span> <span class='ocrx_word' id='word_1_810' title='bbox 2637 5163 2703 5216; x_wconf 82' lang='grc' dir='ltr'>ἄν</span> <span class='ocrx_word' id='word_1_811' title='bbox 2732 5180 2816 5226; x_wconf 86' lang='grc' dir='ltr'><strong>τις</strong></span> <span class='ocrx_word' id='word_1_812' title='bbox 2871 5167 3001 5225; x_wconf 80' lang='grc' dir='ltr'>ἴσως</span> <span class='ocrx_word' id='word_1_813' title='bbox 3038 5165 3288 5232; x_wconf 83' lang='grc' dir='ltr'>οἰὴσαιτο</span> <span class='ocrx_word' id='word_1_814' title='bbox 3318 5163 3607 5215; x_wconf 67' lang='grc' dir='ltr'>δυσκολίαν</span> <span class='ocrx_word' id='word_1_815' title='bbox 3634 5166 3749 5214; x_wconf 65' lang='grc' dir='ltr'>τινὰ</span> 
     </span>
    </p>
   </div>
   <div class='ocr_carea' id='block_1_116' title="bbox 2181 5255 3745 5325">
    <p class='ocr_par' dir='ltr' id='par_1_116' title="bbox 2181 5255 3745 5325">
     <span class='ocr_line' id='line_1_116' title="bbox 2181 5255 3745 5325; baseline 0 -20"><span class='ocrx_word' id='word_1_816' title='bbox 2181 5255 2451 5323; x_wconf 82' lang='grc' dir='ltr'>παρέχειν</span> <span class='ocrx_word' id='word_1_817' title='bbox 2489 5257 2586 5307; x_wconf 73' lang='grc' dir='ltr'>καὶ</span> <span class='ocrx_word' id='word_1_818' title='bbox 2616 5256 2852 5324; x_wconf 74' lang='grc' dir='ltr'>ὑποψίαν</span> <span class='ocrx_word' id='word_1_819' title='bbox 2882 5256 3273 5325; x_wconf 73' lang='grc' dir='ltr'>ἀθροιζόμενα,</span> <span class='ocrx_word' id='word_1_820' title='bbox 3326 5255 3464 5306; x_wconf 84' lang='grc' dir='ltr'>ἀλλὰ</span> <span class='ocrx_word' id='word_1_821' title='bbox 3497 5258 3588 5307; x_wconf 75' lang='grc' dir='ltr'><strong>καὶ</strong></span> <span class='ocrx_word' id='word_1_822' title='bbox 3619 5271 3745 5324; x_wconf 78' lang='grc' dir='ltr'>χρυ·</span> 
     </span>
    </p>
   </div>
   <div class='ocr_carea' id='block_1_117' title="bbox 2185 5346 3746 5418">
    <p class='ocr_par' dir='ltr' id='par_1_117' title="bbox 2185 5346 3746 5418">
     <span class='ocr_line' id='line_1_117' title="bbox 2185 5346 3746 5418; baseline 0 -20"><span class='ocrx_word' id='word_1_823' title='bbox 2185 5348 2277 5398; x_wconf 71' lang='grc' dir='ltr'>σὺν</span> <span class='ocrx_word' id='word_1_824' title='bbox 2312 5347 2480 5400; x_wconf 80' lang='grc' dir='ltr'>πολὺν</span> <span class='ocrx_word' id='word_1_825' title='bbox 2523 5349 2618 5400; x_wconf 67' lang='grc' dir='ltr'><strong>καὶ</strong></span> <span class='ocrx_word' id='word_1_826' title='bbox 2670 5353 2912 5418; x_wconf 82' lang='grc' dir='ltr'>ἄργυρον</span> <span class='ocrx_word' id='word_1_827' title='bbox 2963 5349 3419 5418; x_wconf 86' lang='grc' dir='ltr'>διεσκεδασμένον</span> <span class='ocrx_word' id='word_1_828' title='bbox 3449 5346 3746 5416; x_wconf 80' lang='grc' dir='ltr'>πανταχοῦ.</span> 
     </span>
    </p>
   </div>
   <div class='ocr_carea' id='block_1_118' title="bbox 2184 5439 3751 5512">
    <p class='ocr_par' dir='ltr' id='par_1_118' title="bbox 2184 5439 3751 5512">
     <span class='ocr_line' id='line_1_118' title="bbox 2184 5439 3751 5512; baseline -0.001 -23"><span class='ocrx_word' id='word_1_829' title='bbox 2184 5439 2293 5490; x_wconf 82' lang='grc' dir='ltr'>Καί</span> <span class='ocrx_word' id='word_1_830' title='bbox 2323 5455 2406 5490; x_wconf 84' lang='grc' dir='ltr'><strong>τοι</strong></span> <span class='ocrx_word' id='word_1_831' title='bbox 2437 5440 2496 5491; x_wconf 84' lang='grc' dir='ltr'><strong>τὸ</strong></span> <span class='ocrx_word' id='word_1_832' title='bbox 2531 5440 2980 5512; x_wconf 84' lang='grc' dir='ltr'>θαυμαστότερον</span> <span class='ocrx_word' id='word_1_833' title='bbox 3019 5441 3295 5511; x_wconf 73' lang='grc' dir='ltr'>παρῆλθον</span> <span class='ocrx_word' id='word_1_834' title='bbox 3325 5440 3400 5504; x_wconf 83' lang='grc' dir='ltr'>ὡς</span> <span class='ocrx_word' id='word_1_835' title='bbox 3452 5441 3516 5508; x_wconf 85' lang='grc' dir='ltr'>δή</span> <span class='ocrx_word' id='word_1_836' title='bbox 3549 5456 3600 5492; x_wconf 85' lang='grc' dir='ltr'><strong>τι</strong></span> <span class='ocrx_word' id='word_1_837' title='bbox 3628 5441 3751 5490; x_wconf 68' lang='grc' dir='ltr'>θατ-</span> 
     </span>
    </p>
   </div>
   <div class='ocr_carea' id='block_1_119' title="bbox 2185 5531 3747 5605">
    <p class='ocr_par' dir='ltr' id='par_1_119' title="bbox 2185 5531 3747 5605">
     <span class='ocr_line' id='line_1_119' title="bbox 2185 5531 3747 5605; baseline 0 -24"><span class='ocrx_word' id='word_1_838' title='bbox 2185 5533 2388 5597; x_wconf 78' lang='grc' dir='ltr'>μαστὸν</span> <span class='ocrx_word' id='word_1_839' title='bbox 2420 5532 2618 5600; x_wconf 87' lang='grc' dir='ltr'>λέγων.</span> <span class='ocrx_word' id='word_1_840' title='bbox 2651 5535 2725 5585; x_wconf 63' lang='lat' dir='ltr'><strong>UO</strong></span> <span class='ocrx_word' id='word_1_841' title='bbox 2764 5538 2926 5603; x_wconf 86' lang='grc' dir='ltr'>μόνον</span> <span class='ocrx_word' id='word_1_842' title='bbox 2958 5535 3067 5605; x_wconf 76' lang='grc' dir='ltr'>γὰρ</span> <span class='ocrx_word' id='word_1_843' title='bbox 3096 5535 3188 5587; x_wconf 71' lang='grc' dir='ltr'>τὸν</span> <span class='ocrx_word' id='word_1_844' title='bbox 3215 5535 3668 5602; x_wconf 69' lang='grc' dir='ltr'>διεσκεδασμένον</span> <span class='ocrx_word' id='word_1_845' title='bbox 3690 5531 3747 5582; x_wconf 73' lang='grc' dir='ltr'><strong>οὐ</strong></span> 
     </span>
    </p>
   </div>
   <div class='ocr_carea' id='block_1_120' title="bbox 2184 5625 3751 5696">
    <p class='ocr_par' dir='ltr' id='par_1_120' title="bbox 2184 5625 3751 5696">
     <span class='ocr_line' id='line_1_120' title="bbox 2184 5625 3751 5696; baseline 0.001 -22"><span class='ocrx_word' id='word_1_846' title='bbox 2184 5625 2421 5692; x_wconf 78' lang='grc' dir='ltr'>συνῆγον</span> <span class='ocrx_word' id='word_1_847' title='bbox 2455 5625 2708 5690; x_wconf 84' lang='grc' dir='ltr'>πλοῦτον,</span> <span class='ocrx_word' id='word_1_848' title='bbox 2749 5627 2884 5680; x_wconf 82' lang='grc' dir='ltr'>ἀλλὰ</span> <span class='ocrx_word' id='word_1_849' title='bbox 2944 5629 3038 5681; x_wconf 70' lang='grc' dir='ltr'><strong>καὶ</strong></span> <span class='ocrx_word' id='word_1_850' title='bbox 3070 5630 3160 5681; x_wconf 82' lang='grc' dir='ltr'><strong>τὸν</strong></span> <span class='ocrx_word' id='word_1_851' title='bbox 3191 5629 3338 5692; x_wconf 81' lang='grc' dir='ltr'>ὄντα,</span> <span class='ocrx_word' id='word_1_852' title='bbox 3386 5628 3476 5680; x_wconf 83' lang='grc' dir='ltr'><strong>τὸν</strong></span> <span class='ocrx_word' id='word_1_853' title='bbox 3513 5628 3609 5696; x_wconf 79' lang='grc' dir='ltr'>μὲν</span> <span class='ocrx_word' id='word_1_854' title='bbox 3639 5627 3751 5677; x_wconf 70' lang='grc' dir='ltr'>ιδ--</span> 
     </span>
    </p>
   </div>
   <div class='ocr_carea' id='block_1_121' title="bbox 2186 5715 3751 5790">
    <p class='ocr_par' dir='ltr' id='par_1_121' title="bbox 2186 5715 3751 5790">
     <span class='ocr_line' id='line_1_121' title="bbox 2186 5715 3751 5790; baseline 0.009 -23"><span class='ocrx_word' id='word_1_855' title='bbox 2186 5717 2373 5768; x_wconf 78' lang='grc' dir='ltr'>πάνων</span> <span class='ocrx_word' id='word_1_856' title='bbox 2419 5718 2659 5785; x_wconf 87' lang='grc' dir='ltr'>ἀφειδῶς</span> <span class='ocrx_word' id='word_1_857' title='bbox 2717 5722 2774 5771; x_wconf 81' lang='grc' dir='ltr'><strong>ἐν</strong></span> <span class='ocrx_word' id='word_1_858' title='bbox 2805 5722 2929 5781; x_wconf 79' lang='grc' dir='ltr'>ταῖς</span> <span class='ocrx_word' id='word_1_859' title='bbox 2991 5720 3203 5790; x_wconf 79' lang='grc' dir='ltr'>χρείαις</span> <span class='ocrx_word' id='word_1_860' title='bbox 3233 5725 3352 5782; x_wconf 82' lang='grc' dir='ltr'>ταῖς</span> <span class='ocrx_word' id='word_1_861' title='bbox 3385 5721 3610 5779; x_wconf 68' lang='grc' dir='ltr'>κοιναῖς.</span> <span class='ocrx_word' id='word_1_862' title='bbox 3664 5715 3751 5766; x_wconf 73' lang='grc' dir='ltr'><strong>τδν</strong></span> 
     </span>
    </p>
   </div>
   <div class='ocr_carea' id='block_1_122' title="bbox 2184 5807 3748 5883">
    <p class='ocr_par' dir='ltr' id='par_1_122' title="bbox 2184 5807 3748 5883">
     <span class='ocr_line' id='line_1_122' title="bbox 2184 5807 3748 5883; baseline 0.008 -24"><span class='ocrx_word' id='word_1_863' title='bbox 2184 5809 2226 5860; x_wconf 85' lang='grc' dir='ltr'>δ’</span> <span class='ocrx_word' id='word_1_864' title='bbox 2267 5808 2407 5862; x_wconf 76' lang='grc' dir='ltr'>ἑκὼν</span> <span class='ocrx_word' id='word_1_865' title='bbox 2457 5807 2595 5862; x_wconf 82' lang='grc' dir='ltr'>εἶναι</span> <span class='ocrx_word' id='word_1_866' title='bbox 2651 5813 3058 5883; x_wconf 82' lang='grc' dir='ltr'>κατελίμπανον</span> <span class='ocrx_word' id='word_1_867' title='bbox 3127 5815 3286 5876; x_wconf 59' lang='grc' dir='ltr'>αύτὶς</span> <span class='ocrx_word' id='word_1_868' title='bbox 3341 5816 3398 5866; x_wconf 84' lang='grc' dir='ltr'><strong>ἐν</strong></span> <span class='ocrx_word' id='word_1_869' title='bbox 3457 5808 3748 5876; x_wconf 64' lang='grc' dir='ltr'><strong>Βυζαντίῳ,</strong></span> 
     </span>
    </p>
   </div>
  </div>
