4054 6424
320 387 435 457 837

1513 381 2052 448 HISTORIARUM
2099 383 2332 443 LIBER
2374 382 2486 444 ῐΠ.

3498 379 3606 447 838

329 501 474 576 ἔχων
499 501 559 556 ἐν
602 501 810 574 χερσίν.
855 499 1097 570 Ὀλίγαις
1134 498 1266 569 γοῦν
1291 499 1532 572 ἡμέραις
1556 501 1830 572 πρότερον
1856 499 1916 550 ἐν

2037 510 2249 550 :aneum
2305 497 2463 557 duxi.
2537 494 2920 566 afﬁrmavique
2981 493 3121 548 nihil
3183 492 3606 559 interfuturum,

332 595 629 668 βασιλείοις
679 593 874 664 χρείας
927 593 1236 665 γενομένης
1285 594 1352 648 ἐκ
1408 593 1509 664 τῆς
1561 593 1702 662 ἐμῆς
1747 590 1915 660 σκεύη

325 687 554 758 ¹ιίιργυρᾶἶ
585 686 729 757 ὑπὲρ
758 683 1013 738 διακόσια
1029 685 1235 755 ἠνέχθη
1265 685 1366 738 οῦκ
1389 684 1574 753 ὀλίγου
1602 682 1730 749 ἄξιά
1748 697 1915 742 τινος.

338 780 406 832 Ἀ
446 777 590 847 μετὰ
639 779 739 846 τὴν
767 776 964 848 χρείαν
1008 778 1120 830 τῶν
1149 778 1243 832 ἐπὶ
1273 778 1375 846 τὴν
1412 775 1661 846 φυλακὴν
1690 774 1916 828 ἐκείνων

333 869 690 936 τεταγμένων
717 867 1135 938 ἀπολαμϐάνειν
1163 867 1461 938 δεομένων,
1495 867 1595 920 οῦκ
1615 865 1916 932 ἀναγκαῖον

333 961 633 1030 ἡγησάμην
656 976 671 991 ο
707 959 862 1014 ούδέν
897 960 1124 1013 διοίσειν
1160 960 1406 1032 φάμενος
1439 961 1520 1032 ¹ἐν
1551 961 1664 1023 τοῖς
1705 957 1919 1029 βασιλι-

333 1029 448 1114 κοῖς
485 1029 778 1122 τηρεῖσθαι
840 1051 1140 1122 ταμιείοις,
1177 1053 1210 1125 ἢ
1245 1029 1331 1106 Ὗέν
1375 1029 1548 1114 οἴκοις
1582 1052 1696 1114 τοῖς
1738 1051 1915 1119 ἐμοῖς.

338 1145 462 1198 Ἔτι
497 1161 562 1212 γε
597 1144 705 1214 μὴν
736 1143 864 1198 ούδέ
900 1146 1084 1214 νήσων
1135 1145 1352 1199 πολλῶν
1409 1147 1503 1199 καὶ
1537 1143 1770 1206 πόλεων,
1823 1143 1918 1218 καὶ

340 1239 604 1307 μειζόνων
641 1239 735 1292 καὶ
796 1235 1440 1310 ἐλαττόνωνσέχομένων
1493 1238 1584 1292 ὑπ’
1629 1236 1790 1308 ἐμοῦ,
1844 1229 1919 1290 ὧν

337 1335 438 1396 τὰς
472 1334 570 1403 μὲν
601 1335 666 1385 ἐκ
689 1331 796 1387 τῶν
850 1333 1072 1386 οἰκείων
1100 1332 1356 1387 δαπανῶν
1382 1331 1712 1401 ὡκοδόμησα
1733 1329 1918 1392 αὐτὸς,

341 1425 440 1488 τὰς
465 1425 510 1477 δ’
541 1427 605 1478 ἐκ
660 1425 931 1495 βασιλέως
961 1425 1122 1498 έσχον
1180 1425 1440 1496 δωρεᾲνρ
1473 1424 1736 1494 οὐδεμίαν
1792 1421 1920 1475 οὔτε

343 1514 559 1583 φρουρᾷ
594 1513 880 1582 κατέσχον,
916 1512 1041 1567 οὔτε
1065 1514 1222 1577 τινὸς
1243 1513 1456 1583 ἠξίωσα
1489 1513 1748 1582 ’προνοίας
1775 1510 1920 1564 ὥστε

341 1605 608 1675 ἀσφαλῶς
633 1605 890 1676 κατέχειν
911 1623 927 1640 ·
981 1605 1106 1660 ούδέ
1153 1623 1207 1659 τι
1236 1607 1345 1659 τῶν
1377 1605 1478 1658 ὅσα
1535 1603 1920 1671 λυσιτελήσειν

331 1697 531 1767 ἔμελλε
566 1697 706 1768 πρὸς
744 1699 843 1768 τὴν
873 1697 1119 1753 διάνοιαν
1164 1698 1314 1766 ἐμοὶ,
1352 1695 1478 1751 οὔτε
1526 1697 1916 1767 εἰργασμένος,

335 1789 460 1843 οὔτε
495 1789 776 1860 μελλήσας
804 1790 896 1843 ὑπ’
923 1789 1137 1854 οὐδενὸς
1163 1791 1546 1862 ἐξελεγχθείην
1579 1791 1666 1845 ἄν.
1695 1789 1770 1842 Οὐ
1809 1789 1920 1858 γὰρ

335 1878 510 1949 δήπου
538 1895 604 1945 γε
639 1879 735 1933 καὶ
779 1877 940 1932 τοῦτο
987 1880 1468 1950 κατηγορήσουσιν
1499 1879 1576 1942 ὡς
1631 1878 1924 1948 ἀπραγμο-

340 1974 476 2044 σύνῃ
509 1973 604 2027 καὶ
631 1973 889 2044 πολέμων
919 1973 1154 2045 ἀπειρίᾳ.
1181 1975 1262 2038 εἰς
1295 1973 1452 2027 οὐδὲν
1477 1973 1769 2043 προῆγμαι
1811 1972 1922 2024 τῶν

328 2067 590 2120 δεόντων.
636 2065 781 2132 Ἐγὼ
810 2064 868 2117 δέ
895 2065 1000 2118 οὐκ
1023 2064 1083 2129 ἐξ
1105 2058 1181 2120 ὧν
1204 2064 1370 2128 αὐτὸς
1411 2063 1923 2134 ἐπραγματευόμην

335 2159 526 2228 μόνον,
559 2155 699 2210 ἀλλὰ
755 2156 852 2210 καὶ
905 2155 1064 2227 παρὰ
1115 2156 1338 2210 πάντων
1383 2155 1677 2224 Ῥωμαίων
1720 2155 1781 2207 οὑ
1814 2155 1924 2208 τῶν

347 2250 440 2303 νῦν
467 2251 590 2319 ἐμοὶ
625 2249 899 2303 συνόντων
947 2249 1104 2319 ὑμῶν
1165 2249 1349 2319 μόνον,
1383 2247 1521 2301 ἀλλὰ
1570 2248 1668 2300 καὶ
1718 2247 1830 2300 τῶν
1867 2248 1926 2300 ἐν

349 2341 651 2411 Βυζαντίῳ,
700 2343 799 2396 καλ⁵
847 2340 958 2395 τῶν
1013 2340 1202 2394 ἄλλοθί
1237 2357 1342 2394 που
1375 2338 1480 2409 γῆς
1532 2339 1925 2410 διατριϐόντων

339 2431 619 2498 ἀπόδειξιν
638 2434 736 2502 τῆς
760 2432 1024 2502 ἀληθείας
1037 2431 1248 2501 ἐναργῆ
1265 2431 1604 2500 πειράσομαι
1626 2431 1922 2484 ποιεῖσθαι.

343 2519 563 2573 Πολλῶν
593 2520 703 2590 γὰρ
725 2519 896 2572 όντων
919 2519 1015 2571 καὶ
1045 2519 1312 2588 μειζόνων
1335 2519 1430 2571 καὶ
1451 2516 1754 2571 ἐλαττόνων
1783 2519 1926 2570 πάνυ

341 2625 404 2662 τε
438 2609 630 2678 φιλίως
669 2608 797 2680 ἐμοὶ
818 2607 1204 2678 διακειμένων,
1244 2609 1349 2662 καὶ
1381 2608 1490 2660 τῶν
1523 2608 1646 2678 μὲν,
1675 2608 1734 2672 ἐξ
1762 2607 1930 2678 αἷμα-

341 2718 434 2764 τος
470 2699 884 2772 προσηκόντων,
941 2700 1054 2753 τῶν
1105 2700 1162 2755 δὲ
1199 2701 1384 2770 φιλίας
1439 2699 1666 2770 δεσμοῖς
1710 2701 1932 2765 ἀλύτοις

348 2795 712 2865 συνημμένων
737 2795 802 2848 ἐκ
834 2794 1050 2848 πολλῶν
1085 2793 1246 2860 ἐτῶν,
1289 2795 1438 2864 ἐμοὶ,
1473 2797 1570 2850 καὶ
1596 2794 1798 2866 πολλὴν
1828 2813 1932 2848 πα-

349 2885 712 2957 ρεσχημένων
741 2887 940 2956 πεῖραν
971 2886 1032 2939 ἐν
1055 2884 1270 2948 πολλοῖς
1295 2885 1396 2954 τῆς
1425 2885 1506 2947 εἰς
1536 2885 1638 2954 ἐμὲ
1659 2885 1929 2956 στοργῆς,

352 2979 520 3041 οὐδεὶς
547 2977 672 3032 οὔτε
705 2978 816 3032 τῶν
865 2977 1153 3049 παρόντων
1179 2977 1358 3047 ὑμῶν,
1409 2975 1523 3030 οὔτ’
1557 2977 1612 3030 εἰ
1638 2995 1721 3041 τις
1750 2977 1934 3032 ἄλλοθί

351 3086 456 3122 που
481 3070 782 3142 διατρίϐοι,
803 3070 1009 3124 δύναιτ’
1037 3071 1102 3124 ἂν
1134 3071 1258 3140 ἐμοὶ
1288 3068 1402 3123 τῶν
1457 3071 1935 3140 κατηγορημένων

339 3160 426 3226 ὦς
447 3182 502 3218 τι
550 3163 793 3218 σύνοιδεν
829 3163 1099 3234 ἐλέγχειν.
1140 3163 1253 3218 Καί
1292 3159 1378 3215 τοί
1436 3178 1502 3230 γε
1561 3161 1671 3223 πᾶς
1723 3176 1808 3224 τις
1869 3159 1935 3212 ἂν

351 3257 488 3326 φαίη
522 3259 615 3310 καὶ
640 3255 796 3325 ὀλίγα
822 3256 1113 3326 μετασχὼν
1132 3254 1368 3327 φρενῶν,
1394 3253 1469 3318 ὡς
1517 3254 1617 3308 οὐκ
1651 3254 1717 3308 ἂν
1747 3255 1930 3308 δυναί-

343 3367 464 3421 μην
493 3349 759 3414 τοιούτοίς
794 3350 955 3419 μόνος
984 3347 1286 3419 ἐπιχειρῶν
1313 3363 1327 3378 ⁸
1352 3347 1492 3402 ἀλλὰ
1519 3347 1617 3401 καὶ
1668 3349 1932 3417 στρατιᾶς

350 3442 572 3512 ἐδέησεν
606 3441 673 3496 ἂν
707 3441 845 3512 πρὸς
869 3441 968 3514 τὴν
995 3440 1344 3510 ἐπιχείρησιν
1375 3437 1803 3510 συναιρομένης,
1837 3435 1934 3490 καὶ

351 3534 525 3604 φίλων
554 3534 664 3588 τῶν
709 3532 1107 3603 γνησιωτάτων
1142 3532 1400 3600 μάλιστα,
1438 3531 1534 3586 καὶ
1593 3530 1792 3600 πολλῆς
1831 3547 1937 3582 πα-

345 3625 656 3697 ρασκευῆς,
683 3623 743 3690 ἐξ
773 3619 842 3697 ἧς
875 3626 977 3678 οῦκ
1006 3623 1135 3695 ἐνῆν
1162 3625 1211 3676 εἰ
1249 3624 1324 3693 μὴ
1351 3622 1476 3686 τοὺς
1507 3621 1758 3688 πολλοὺς,
1797 3621 1938 3676 ἀλλὰ

352 3717 485 3782 τούς
518 3735 580 3785 γε
612 3716 1096 3789 ἐπιτηδειοτάτους
1151 3716 1229 3786 μὴ
1259 3716 1358 3786 τὴν
1391 3715 1636 3769 διάνοιαν
1671 3732 1938 3770 καταστο-

345 3809 620 3881 χάζεσθαι
648 3811 756 3864 τῶν
805 3810 1172 3879 γιγνομένων.
1211 3807 1276 3862 Εἰ
1344 3808 1405 3862 δέ
1460 3808 1545 3870 τίς
1588 3824 1642 3862 τι
1695 3809 1938 3862 τοιοῦτον

354 3904 664 3974 ἐξελέγχειν
696 3903 833 3973 ἔχει,
867 3900 1134 3973 παρείτω,
1186 3900 1286 3954 καὶ
1328 3901 1616 3956 δεικνύτω.
1670 3901 1810 3955 Ἀλλ’
1839 3903 1940 3955 οὐκ

355 3997 424 4051 ἂν
459 3998 594 4067 ἐχοι.
640 3995 785 4065 Ἐγὼ
842 3996 954 4065 γὰρ
1010 3994 1237 4064 ἀνδρίας
1267 3996 1368 4065 μὲν
1400 3995 1496 4047 καὶ
1537 3993 1808 4057 συνέσεως
1842 3995 1941 4048 καὶ

357 4091 653 4160 ἐμπειρίας
712 4088 812 4158 τῆς
887 4087 1024 4158 πρὸς
1090 4086 1218 4150 τοὺς
1277 4086 1551 4155 πολέμους
1604 4087 1820 4151 πολλοῖς
1874 4086 1942 4140 ἂν
2018 4136 2022 4139 .

359 4183 838 4252 παραχωρήσαιμι
862 4178 958 4232 καὶ
980 4178 1089 4231 τῶν
1118 4177 1289 4231 πάλαι
1304 4179 1400 4230 καὶ
1417 4177 1527 4232 τῶν
1555 4177 1652 4232 νῦν
1674 4220 1690 4245 ,
1719 4179 1942 4250 τρόπων

350 4272 418 4325 -δέ
445 4273 742 4343 εὐθύτητος
799 4271 898 4324 καὶ
953 4269 1240 4342 ἀληθείας,
1278 4269 1456 4322 οῦδενί
1487 4286 1502 4301 ο
1563 4264 1647 4335 οἷς
1706 4272 1943 4340 μάλιστα

360 4362 482 4416 νυνὶ
513 4363 797 4432 θαρρήσας
823 4359 1282 4432 παρῤησιάζομαι
1309 4360 1557 4414 τοιαῦτα.
1593 4361 1653 4413 Εἰ
1681 4361 1746 4430 δὴ
1791 4361 1856 4414 ἐκ
1882 4379 1942 4415 τε

284 4453 290 4456 ’
359 4450 438 4508 ῶν
490 4454 1004 4526 ἐπραγματευόμην
1059 4454 1245 4516 αὐτὸς,
1278 4453 1342 4507 ἐκ
1371 4470 1430 4506 τε
1476 4453 1583 4507 τῶν
1609 4454 1700 4506 τὸν
1728 4455 1944 4509 ἅπαντα

362 4549 554 4618 χρόνον
625 4547 898 4600 συνόντων
954 4547 1112 4617 ὑμῶν
1154 4547 1304 4618 ἐμοὶ,
1349 4547 1488 4617 μήτε
1545 4547 1942 4614 ὑποπτευθεὶς,
1975 4562 2020 4618 ι)

368 4645 505 4712 μήτε
524 4639 892 4710 εἰργασμένος
923 4640 1198 4710 φαίνομαι
1225 4633 1300 4694 ὧν
1331 4640 1724 4710 κατηγόρημαι
1753 4641 1943 4711 μηδὲν,

359 4735 465 4788 οὐκ
492 4733 557 4786 ἄν
577 4749 662 4795 τις
693 4732 760 4786 ἂν
794 4732 918 4802 ἐμοὶ
945 4731 1175 4796 δικαίως
1205 4733 1494 4801 ἐπενέγκοι
1525 4734 1754 4803 μέμψιν,
1783 4735 1856 4797 ὠς
1885 4735 1946 4787 οῦ

363 4824 760 4895 προσηκόντως
792 4823 933 4894 πρὸς
961 4823 1032 4876 τὰ
1057 4825 1414 4894 πραττόμενα
1457 4824 1778 4897 ἐξαγομένῳ
1809 4826 1950 4897 πρὸς

365 4917 560 4987 ὀργήν.
589 4913 741 4967 Ἔδει
798 4913 908 4982 γὰρ
941 4912 1187 4984 βασιλίδα
1236 4914 1327 4966 τόν
1349 4931 1409 4967 τε
1462 4916 1666 4986 τρόπον
1697 4918 1823 4986 ἐμοὶ
1860 4917 1952 4970 τὸν

366 5006 603 5076 ἐξαρχῆς
637 5004 712 5067 ὡς
769 5003 832 5058 οῦ
883 5003 1286 5073 διεφθαρμένος
1321 5005 1654 5070 συνειδυῖαν,
1717 5011 1808 5059 καὶ
1849 5008 1950 5075 τὴν
1999 5074 2006 5077 _

370 5099 506 5168 ἐμοῦ
538 5098 633 5152 καὶ
671 5096 938 5167 βασιλέως
969 5094 1327 5166 ἁπαράμιλον
1375 5096 1594 5164 ἐκείνην
1624 5098 1720 5151 καὶ
1753 5097 1943 5167 θαυμα

375 5189 646 5260 σιωτάτην
675 5203 883 5259 φιλιαν,
916 5189 1014 5240 καὶ
1039 5193 1140 5257 τὴν
1165 5186 1308 5256 μετὰ
1331 5185 1432 5256 τὴν
1457 5186 1670 5240 ἐκείνου
1693 5187 1956 5259 τελευτὴν

376 5282 517 5352 ὑπὲρ
545 5283 654 5336 τῶν
677 5283 892 5336 ἐκείνου
913 5279 1128 5334 παίδων
1152 5279 1248 5333 καὶ
1280 5279 1452 5348 αὐτῆς
1483 5279 1689 5349 πολλὴν
1717 5282 1957 5352 σπουδὴν

375 5377 471 5429 καὶ
530 5374 871 5446 προθυμίαν,
928 5374 1002 5445 μὴ
1060 5375 1428 5441 συκοφάνταις
1484 5371 1802 5443 ἀνθρώποις
1860 5378 1959 5428 καὶ

372 5467 687 5538 διεφθορόσι
747 5468 1077 5534 πείθεσθαι,
1111 5466 1246 5520 ἀλλὰ
1290 5460 1448 5536 ἐμοί’
1471 5467 1761 5538 προσέχειν
1782 5469 1958 5535 ὀρθῶς

376 5561 477 5614 καὶ
521 5560 747 5626 δικαίως
797 5562 941 5632 ὑπὲρ
975 5562 1164 5626 αὐτοῖς
1217 5560 1652 5632 πολιτευομένῳ.
1703 5562 1858 5615 Ἐπεὶ
1902 5565 1960 5616 δέ

379 5651 651 5724 βάσκανός
689 5670 775 5718 τις
802 5654 1014 5723 δαίμων
1043 5653 1152 5706 τῶν
1181 5653 1573 5724 ἐξητασμένων
1631 5654 1726 5704 ἐπὶ
1754 5651 1957 5723 φθορᾷ,

377 5747 449 5800 τὰ
481 5748 578 5815 μὲν
601 5746 781 5817 ἀληθῆ
807 5748 904 5801 καί⁵
929 5747 1115 5801 δίκαια
1149 5749 1278 5817 περὶ
1332 5747 1469 5817 ἐμοῦ
1521 5747 1818 5799 πεπεῖσθαι
1858 5748 1960 5799 οὐκ

379 5835 614 5912 ἀφῆκεν,
654 5836 849 5906 ἐχθρὸν
888 5835 944 5891 δὲ
975 5836 1096 5890 ἀντὶ
1125 5836 1308 5905 φίλου,
1362 5839 1458 5890 καὶ
1515 5836 1778 5907 πολέμιον
1837 5838 1960 5890 ἀντὶ

2019 595 2201 640 utrum
2235 587 2290 640 in
2321 589 2519 643 aerario
2544 586 2916 658 imperatoris,
2935 602 3002 640 an
3031 587 3086 638 in
3109 586 3320 640 aedibus
3338 585 3476 639 meis
3494 600 3608 639 ser-

2017 691 2300 736 varentur.
2334 682 2610 738 Prteterea
2641 697 2767 737 cum
2832 680 3041 735 insulas
3082 690 3138 734 et
3182 680 3346 733 urbes
3374 679 3609 747 majores

2017 775 2373 844 minoresque
2425 774 2734 828 obtinerem
2781 773 3004 834 multas,
3045 786 3278 839 quarum
3310 770 3445 824 alias
3474 770 3612 822 meis

2017 869 2328 939 sumptibus
2349 867 2639 932 :edilicavi,
2668 867 2804 922 alias
2836 865 2982 920 dono
3011 865 3079 919 ab
3101 865 3434 933 imperatore
3454 877 3614 918 accc.

2017 959 2095 1029 pi,
2133 958 2268 1012 nulli
2304 972 2493 1010 earum
2520 957 2835 1027 praesidium
2867 955 3130 1025 imposui,
3162 969 3265 1008 nec
3293 968 3404 1022 quo
3438 953 3613 1006 tutius

2019 1061 2112 1101 eas
2136 1045 2500 1114 possiderem,
2542 1045 2649 1098 ulla
2699 1060 2831 1098 cura
2884 1045 3145 1113 dignatus
3179 1058 3323 1097 sum.
3369 1041 3482 1095 Nec
3525 1055 3612 1093 me

2019 1139 2306 1208 quisquam
2329 1138 2664 1206 coarguerit,
2685 1146 2778 1190 aut
2803 1138 3121 1201 fecisse,aut
3146 1135 3416 1189 facturum
3441 1133 3612 1187 fuisse

2020 1228 2298 1298 quippiam
2311 1228 2476 1299 ,quod
2495 1228 2628 1281 mihi
2655 1228 2787 1282 utile
2803 1244 2925 1282 cum
2946 1228 3132 1281 animo
3154 1242 3276 1280 meo
3291 1226 3466 1279 consti
3479 1224 3615 1277 tuis-

2021 1333 2160 1373 sem.
2192 1317 2302 1373 Nec
2328 1320 2382 1373 in
2410 1318 2538 1382 hoc,
2591 1318 2781 1381 credo,
2822 1319 3186 1376 accusabunt.
3231 1315 3374 1383 quod
3410 1314 3523 1367 otio
3549 1326 3614 1365 ac

2021 1409 2248 1464 desidiae.
2274 1409 2518 1473 deditus,
2561 1418 2616 1464 et
2672 1409 2912 1463 bellandi
2948 1407 3166 1462 inscitia
3192 1406 3404 1460 nullum
3432 1418 3614 1472 operae

2021 1499 2264 1569 pretium
2303 1499 2672 1567 fecerimJﬂgo
2693 1515 2824 1554 vero
2841 1515 2950 1552 non
2967 1515 3033 1554 ex
3047 1497 3331 1552 laboribus
3348 1496 3614 1550 duntaxat

2023 1593 2183 1657 meis,
2209 1591 2302 1646 sed
2333 1593 2579 1645 omnium
2607 1593 2978 1646 Romanorum
3021 1588 3358 1651 testimonio,
3385 1603 3495 1641 non
3527 1601 3617 1641 so-

2024 1678 2136 1733 lum
2161 1689 2362 1743 vestro,
2381 1679 2476 1749 qui
2502 1695 2651 1748 nunc
2677 1694 2892 1735 mecum
2917 1677 3188 1738 militatis,
3209 1676 3303 1730 sed
3325 1685 3380 1729 et
3397 1675 3491 1744 qui
3513 1674 3618 1745 By-

2026 1769 2193 1822 zantii
2241 1777 2296 1822 et
2326 1769 2456 1821 alibi
2487 1779 2757 1822 terrarum
2777 1767 2992 1830 vivunt,
3022 1763 3618 1820 veritatem'evidentcr

1952 1853 1995 1908 Β
2024 1862 2202 1917 enitar
2222 1862 2617 1915 demonstrare.
2633 1859 2769 1914 Cum
2787 1873 3022 1927 namque
3043 1856 3432 1921 multi,summi
3450 1866 3617 1925 atque

2027 1952 2223 2017 inﬁmi,
2275 1963 2328 2008 et
2381 1968 2575 2007 omnes
2627 1967 2782 2020 azque
2835 1950 2941 2003 mei
3000 1947 3187 2020 cupidi
3244 1949 3373 2013 sint,
3410 1947 3617 2016 aliique

2027 2046 2293 2114 sanguine
2329 2044 2630 2115 conjuncti,
2679 2044 2772 2098 alii
2822 2043 3082 2098 amicitia:
3129 2042 3367 2097 vinculis
3401 2040 3616 2096 insolu-

2026 2135 2232 2190 bilihus
2322 2150 2535 2190 mecum
2609 2135 2872 2203 copulati,
2921 2133 3155 2213 .quique
3219 2130 3407 2185 multis
3501 2131 3617 2201 jam

2026 2229 2186 2284 annis
2235 2237 2298 2281 et'
2347 2226 2725 2296 compluribus
2779 2225 2835 2279 in
2895 2225 3066 2278 rebus
3125 2221 3331 2278 amoris
3363 2237 3491 2292 erga
3528 2235 3617 2275 me

2027 2319 2290 2392 praecipui
2323 2319 2656 2372 documenta
2692 2316 2988 2381 dederunt,
3050 2316 3240 2371 nullus
3290 2328 3471 2384 neque
3518 2329 3618 2368 ve-

2029 2423 2206 2468 strum
2241 2411 2337 2480 qui
2372 2411 2596 2470 adestis,
2634 2423 2812 2476 neque
2863 2407 2992 2461 alibi
3045 2407 3364 2478 degentium
3419 2405 3620 2462 docere

2030 2505 2227 2576 possit,
2257 2519 2314 2556 se
2349 2504 2520 2556 ullum
2556 2501 2623 2555 de
2657 2516 2742 2555 me
2780 2502 2989 2554 crimen
3028 2515 3218 2566 nosse,
3253 2507 3489 2569 quorum
3525 2512 3620 2552 ac-

2032 2611 2219 2649 cusor.
2262 2596 2330 2649 Et
2367 2605 2548 2648 tamen
2581 2593 2968 2662 unusquisque
3013 2607 3123 2645 non
3194 2592 3356 2662 plane
3387 2588 3623 2643 stolidus

2033 2687 2413 2751 conﬁtebitur,
2452 2701 2537 2740 me
2574 2686 2753 2739 solum
2788 2685 2915 2739 talia
2965 2685 3144 2738 moliri
3183 2699 3288 2738 non
3347 2682 3623 2753 potuisse,

2034 2780 2128 2834 sed
2165 2788 2222 2834 et
2265 2780 2460 2848 copiis,
2495 2787 2551 2832 et
2586 2778 2781 2833 amicis
2815 2779 2978 2848 longe
3029 2777 3334 2842 ﬁdissimis,
3363 2785 3418 2832 et
3459 2791 3626 2846 appa-

2034 2883 2156 2926 ratu
2188 2873 2426 2942 plurimo
2471 2871 2801 2941 indiguisse,
2834 2887 2902 2926 ex
2951 2887 3062 2941 quo
3113 2871 3158 2926 si
3202 2887 3312 2926 non
3351 2871 3534 2941 vulgo,
3568 2878 3628 2926 at

2035 2968 2144 3020 mei
2177 2965 2535 3020 amicissimis
2566 2965 2762 3020 liceret
2795 2966 3073 3035 colligere,
3101 2965 3230 3034 quid
3262 2964 3370 3018 sibi
3428 2963 3630 3018 vellent

2035 3073 2159 3128 quae
2197 3056 2436 3111 'ﬁerent.
2490 3055 2654 3128 427
2722 3055 2780 3110 Si
2833 3057 2960 3127 quis
3005 3057 3112 3111 tale
3147 3054 3357 3125 aliquid
3389 3055 3628 3125 probare

2039 3159 2241 3220 potest,
2293 3149 2522 3204 accedat
2579 3149 2732 3215 licet,
2769 3156 2825 3202 et
2879 3147 3097 3218 probet.
3134 3150 3205 3202 At
3231 3150 3343 3202 non
3396 3147 3626 3218 poterit.

2007 3247 2009 3250 ’
2049 3243 2314 3314 Equidem
2346 3258 2454 3313 qua
2506 3241 2858 3306 fortitudine,
2895 3257 3003 3310 qua
3055 3241 3374 3310 prudentia,
3414 3255 3629 3308 usuque

2043 3336 2270 3390 militari
2322 3345 2376 3391 et
2428 3335 2782 3406 superiorum
2834 3344 2890 3390 et
2941 3335 3116 3389 nostri
3197 3334 3381 3389 saculi
3437 3333 3629 3387 multis

2044 3427 2442 3491 concesserim,
2485 3427 2738 3496 probatis
2793 3432 2977 3480 autem
3009 3424 3259 3479 moribus
3289 3440 3352 3478 ac
3382 3424 3631 3478 veritatis

2043 3521 2228 3577 studio
2258 3520 2488 3585 numini,
2519 3519 2723 3589 quibus
2772 3520 3120 3588 potissimum
3175 3533 3322 3572 nunc
3365 3517 3631 3578 confinis,

2045 3614 2164 3668 haec
2197 3614 2368 3668 libere
2402 3627 2522 3666 sum
2555 3611 2899 3681 prolocutus.
2938 3608 2994 3664 Si
3028 3609 3200 3679 igitur
3234 3623 3416 3678 neque
3449 3623 3514 3662 ex
3547 3607 3634 3660 his

2046 3716 2168 3770 quin
2221 3700 2337 3769 ipse
2385 3698 2600 3753 ellieere
2653 3696 2937 3762 contendi,
2989 3710 3170 3766 neque
3219 3710 3287 3750 ex
3320 3695 3499 3761 vobis,
3538 3693 3634 3765 qui

2047 3808 2266 3850 mecum
2298 3807 2517 3862 semper
2545 3790 2754 3854 fuistis,
2782 3791 2870 3845 vel
2906 3798 3226 3860 suspectus,
3257 3788 3342 3842 vel
3381 3804 3506 3842 reus
3539 3804 3637 3842 eo-

2049 3902 2172 3942 rum
2197 3884 2410 3950 videor,
2444 3897 2680 3953 quorum
2711 3881 2764 3936 in
2795 3896 2882 3936 me
2910 3880 3178 3940 adornata
3211 3888 3297 3935 est
3330 3881 3632 3944 accusatio.

2048 3994 2212 4035 nemo
2244 3993 2331 4033 me
2378 3978 2505 4048 jure
2560 3973 2950 4045 reprehendet,
3011 3972 3172 4043 quasi
3229 3972 3428 4043 injuria
3469 3987 3636 4042 super

2051 4071 2138 4126 his
2191 4069 2362 4124 rebus
2415 4078 2797 4121 succenseam.
2851 4063 3096 4119 Deeebat
3127 4063 3276 4118 enim
3309 4063 3635 4134 Augustam,

2052 4173 2247 4218 testem
2280 4160 2349 4215 ab
2383 4157 2546 4213 initio
2577 4155 2916 4226 integritatis
2949 4170 3104 4220 meat,
3123 4162 3179 4208 et
3209 4154 3330 4225 ejus
3356 4170 3478 4224 quae
3500 4151 3636 4207 mihi

2053 4272 2176 4313 cum
2213 4255 2548 4323 imperatore
2579 4249 2899 4308 intercessit
2927 4248 3279 4304 inimitabilis
3316 4257 3373 4302 et
3401 4246 3639 4302 admira-

2054 4349 2205 4403 tione
2251 4344 2589 4416 dignissima:
2638 4341 2918 4402 amicitiae,
2960 4355 3024 4396 ac
3079 4348 3206 4410 post
3241 4340 3452 4394 obitum
3485 4339 3638 4393 illius

2053 4454 2152 4510 pro
2194 4437 2322 4492 ﬁliis
2383 4436 2615 4505 ipsaque
2661 4447 2919 4487 curarum
2981 4445 3228 4484 mearum
3286 4437 3342 4485 et
3393 4429 3640 4499 impigre:

2055 4529 2467 4592 sollicitudinis,
2513 4542 2623 4582 non
2656 4525 2881 4580 credere
2923 4522 3301 4596 syeophantis,
3333 4521 3640 4592 perversis-

2051 4637 2158 4691 que
2196 4619 2518 4674 hominibus
2549 4657 2565 4683 ,
2601 4616 2695 4672 sed
2727 4613 2767 4671 'a
2814 4632 2927 4683 me,
2961 4617 3202 4686 legitime
3245 4625 3502 4684 recteque
3541 4630 3642 4684 pro

2053 4713 2172 4784 ipsa
2228 4710 2523 4780 imperium
2585 4719 2829 4779 regente,
2865 4709 3108 4763 rationes
3160 4723 3291 4762 suas
3347 4723 3644 4777 suspensas

2059 4805 2287 4858 habere.
2317 4803 2388 4857 At
2429 4810 2722 4872 postquam
2759 4801 2974 4855 daemon
3035 4800 3306 4869 quispiam
3345 4800 3560 4854 invidus
3589 4809 3647 4853 et

2056 4894 2112 4947 in
2160 4892 2406 4963 pernicie
2459 4889 2776 4944 invehenda
2845 4889 3181 4942 exercitatus
3226 4903 3354 4942 vera
3404 4898 3459 4940 et
3499 4885 3646 4956 justa

2057 4985 2124 5040 de
2153 5000 2239 5038 me
2269 4983 2499 5040 credere
2543 4997 2655 5036 non
2693 4981 2842 5047 sivit,
2889 4981 3173 5051 magisque
3217 4979 3504 5034 inimicum
3548 4993 3648 5048 pro

2058 5074 2258 5140 amico,
2290 5074 2501 5128 hostem
2528 5088 2628 5150 pro
2649 5073 2821 5135 socio,
2855 5081 2909 5127 et
2938 5071 3265 5126 malevolum
3297 5086 3396 5141 pro
3448 5069 3653 5124 ﬁdelis-

2060 5169 2200 5224 simo
2232 5167 2556 5222 existimare
2585 5165 2887 5236 persuasit,
2910 5180 3014 5236 ego
3043 5164 3267 5236 quidem
3310 5165 3363 5218 in
3393 5164 3497 5218 hac
3519 5178 3649 5218 cau-

2060 5273 2120 5314 sa
2151 5258 2288 5312 nihil
2317 5273 2504 5328 agere,
2526 5256 2620 5312 sed
2652 5265 2850 5313 vestra:
2888 5273 2976 5312 me
2997 5258 3285 5312 sententia:
3308 5257 3648 5326 permittere,

2061 5366 2118 5410 et
2147 5356 2294 5426 quod
2328 5355 2736 5425 judicaveritis,
2771 5355 2826 5409 in
2853 5370 2920 5410 eo
2955 5354 3214 5410 alacriter
3243 5353 3398 5407 vobis
3420 5352 3650 5420 obsequi

2063 5446 2117 5499 in
2154 5446 2399 5499 animum
2444 5445 2660 5501 induxi.
2711 5445 2828 5499 imo
2871 5461 3006 5499 vero
3033 5461 3133 5513 ego
3167 5444 3401 5513 primus,
3431 5457 3555 5511 quae
3595 5443 3649 5496 in

2065 5536 2357 5605 praesentia
2393 5537 2528 5590 mihi
2572 5535 2835 5594 videntur
2864 5537 3147 5606 expedire,
3187 5535 3514 5590 edisseram.
3554 5534 3657 5588 Ve-

2063 5639 2238 5683 strum
2276 5629 2383 5684 erit
2427 5629 2832 5699 autsuﬂ'ragari
2884 5629 3048 5684 dictis
3090 5629 3247 5692 meis,
3285 5629 3426 5681 si'ea
3460 5627 3660 5695 proba-

2065 5721 2281 5782 veritis,
2349 5733 2446 5774 aut
2497 5737 2952 5792 unumquemque
3024 5719 3354 5776 sententiam
3408 5719 3658 5789 proferre

2067 5813 2410 5885 hujusmodi,
2441 5830 2561 5884 quae
2609 5826 2663 5870 et
2710 5823 3040 5884 praesentem
3077 5814 3354 5870 miseriam
3389 5813 3562 5880 tollat,
3601 5822 3656 5869 et
