4054 6418
411 502 521 565 ΗΟ

1626 513 1676 572 Η
1693 512 2168 576 ISTORIABUM
2209 514 2440 577 LIBER
2486 514 2599 578 III.

3566 512 3671 578 850

415 613 696 684 προῆλθεν
730 615 860 686 ἄχρι
898 616 1261 681 Μακεδονίας.
1297 619 1371 674 Οὐ
1422 619 1553 691 μὴν,
1583 622 1719 677 ἀλλὰ
1750 625 1844 678 καὶ
1874 625 1988 678 ὅσοι

2106 624 2371 681 llorrham
2409 625 2749 691 habitabant,
2776 624 2939 696 etqui
2974 631 3135 679 erant
3170 624 3221 677 in
3252 622 3484 679 urbibus
3516 622 3674 679 Rbo-

410 705 605 776 Μόραν
661 705 983 778 κατῴκουν,
1030 708 1124 763 καλ⁵
1174 712 1274 781 τῆς
1310 711 1570 784 Ῥοδόπης
1630 706 1751 768 ὅσαι
1804 717 1990 780 πόλεις

406 793 552 868 ἦσαν
611 800 841 868 ὑπήκοοι
895 800 1210 870 Ῥωμαίοις,
1257 805 1587 873 στρατιῶται
1646 807 1834 861 nonat
1896 809 1990 861 καὶ

411 889 637 955 ἁγαθοὶ,
669 887 778 940 ὑπὸ
804 888 1098 960 στρατηγῴ
1127 891 1394 959 Ματθαίῳ
1415 892 1496 961 τῷ
1544 893 1989 962 Καντακουζηνῷ

408 979 764 1046 τεταγμένοι,
791 977 867 1048 τῷ
884 979 980 1031 τοῦ
1016 981 1256 1049 μεγάλου
1280 980 1604 1051 δομεστίκου
1629 984 1902 1054 πρεσϐυτέ
1912 1002 1991 1055 ρῳ

413 1067 515 1138 υἱῷ
549 1068 694 1121 κατὰ
722 1067 825 1140 τὴν
864 1069 1207 1142 Χαλκιδικὴν
1239 1072 1338 1142 τῆς
1388 1072 1613 1144 Θρᾴκης
1658 1078 1992 1146 ἐστρατοπε-

410 1160 665 1231 δευμένοι
693 1160 813 1232 ἅμα
848 1162 924 1233 τῷ
971 1164 1290 1235 στρατηγῷ,
1330 1165 1476 1219 οὕτω
1510 1166 1606 1219 τοῦ
1648 1167 1859 1238 πατρὸς
1896 1185 1992 1220 κε-

410 1252 745 1315 λεύσαντος,
789 1256 1114 1324 περιέμενον
1172 1256 1272 1326 τὴν
1331 1257 1518 1324 ἄφιξιν
1581 1260 1794 1312 ἐκείνου
1825 1273 1840 1289 ⁸
1894 1258 1991 1321 οὓς

413 1343 580 1408 εὐθὺς
611 1344 793 1398 ἐκάλει
830 1345 922 1398 διὰ
964 1348 1310 1417 γραμμάτων
1344 1351 1429 1411 είς
1479 1350 1885 1422 Διδυμότειχον,
1916 1352 1993 1415 ὡς

416 1439 498 1498 εἰς
540 1437 636 1508 τὴν
670 1437 979 1509 ἀνάρρησιν
1016 1439 1185 1492 αὐτοῦ
1223 1443 1659 1511 παρεσομένους·
1687 1445 1783 1496 καὶ
1811 1444 2000 1515 παρῆ-

417 1546 517 1581 σαν
553 1529 919 1599 μελλήσαντες
948 1534 1134 1589 οὐδέν.
1172 1533 1293 1587 Ἔτι
1326 1535 1382 1588 δὲ
1416 1536 1512 1588 καὶ
1540 1537 1649 1589 τῶν
1677 1538 1775 1606 τῆς
1806 1555 1994 1606 γυναι-

413 1622 512 1684 κὸς
538 1623 786 1690 ἀδελφῶν
829 1626 1076 1679 Ἰωάννου
1099 1627 1192 1679 καὶ
1217 1628 1474 1697 Μανουὴλ
1496 1629 1605 1682 τῶν
1650 1630 1992 1701 Ἀνδρονίκου

411 1713 507 1764 τοῦ
568 1710 768 1785 ’Δσάνη
826 1716 1032 1771 παίδων
1073 1720 1177 1772 ὑπὸ
1221 1720 1445 1785 κλοιοῖς,
1505 1721 1696 1794 ῶσπερ
1753 1725 1989 1796 ἔφημεν,

412 1807 556 1857 κατὰ
583 1804 680 1874 τὴν
711 1806 895 1877 Βήριν
930 1810 1192 1880 φρούριόν
1234 1829 1288 1864 τι
1326 1813 1430 1883 τῆς
1471 1814 1700 1886 Θρᾴκης
1727 1818 1994 1889 εἰργομέ-

410 1913 541 1961 νων,
575 1899 799 1967 πέμψας
826 1900 927 1972 τὴν
972 1903 1211 1975 ἀδελφὴν
1269 1905 1383 1976 ἅμα
1437 1912 1692 1982 στρατιᾷ,
1733 1914 1897 1983 ὲξῆγέ
1931 1932 1992 1968 τε

408 2005 506 2041 του
550 1989 932 2063 δεσμωτηρίου
954 2036 969 2061 ,
1007 1998 1106 2050 καὶ
1141 1998 1300 2067 ἄγειν
1350 2002 1608 2056 ἐκέλευεν
1641 2006 1722 2067 είς
1758 2008 1992 2078 Διδυμό-

412 2099 593 2154 τειχον
618 2087 756 2156 πρὸς
779 2088 965 2155 αὐτὸν,
987 2093 1205 2162 φρουρᾷ
1228 2093 1320 2146 τὸν
1343 2095 1556 2165 πύργον
1583 2101 1992 2169 κατασχοῦσαν,

415 2177 506 2229 καὶ
538 2177 774 2249 ἄρχοντα
803 2179 913 2232 τῶν
962 2181 1135 2237 εὔνων
1167 2184 1355 2251 αὐτοῖς
1417 2191 1797 2260 ὲπιστήσασάν
1851 2212 1993 2251 τινα.

420 2269 755 2353 Ιτριϐομένου
783 2274 839 2328 δὲ
885 2276 980 2330 τοῦ
1008 2281 1205 2348 χρόνου
1235 2281 1374 2349 πρδς
1404 2283 1504 2355 τὴν
1541 2284 1651 2337 τῶν
1687 2285 1993 2354 βασιλικῶν

434 2365 775 2433 παρασήμων
836 2370 1221 2442 παρασκευὴν,
1275 2374 1402 2426 ἐπεὶ
1439 2373 1617 2429 ἐδόκει
1652 2378 1726 2448 μὴ
1781 2379 1999 2449 μέλλειν

420 2453 558 2522 μηδὲ
592 2456 884 2523 προΐεσθαι
918 2459 1011 2514 τὸν
1049 2464 1264 2534 καιρὸν,
1293 2464 1405 2518 τῶν
1441 2470 1584 2521 κατὰ
1612 2469 1674 2522 τὸ
1704 2472 1998 2536 Βυζάντιον

425 2546 697 2609 συντόνως
732 2548 1142 2620 πολεμούντων,
1183 2556 1278 2606 καὶ¹
1312 2556 1587 2625 μηδεμιᾶς
1629 2561 1999 2631 ἀπεχομένων

417 2635 640 2708 πείρας,
698 2638 905 2710 ἔγραφε
956 2644 1049 2697 καὶ
1088 2645 1252 2708 αὐτὸς
1297 2649 1418 2711 ταῖς
1469 2650 1609 2703 κατά
1637 2653 1736 2722 τὴν
1772 2654 2003 2727 Θρᾴκην·

418 2730 514 2818 καὶ
563 2728 906 2818 Μακεδονίαν
965 2735 1207 2800 ἁπάσαις
1239 2726 1466 2793 πόλεσιν
1505 2743 1653 2813 αὐτῷ
1686 2726 1997 2818 προσέχειν,

419 2817 493 2879 ὡς
522 2817 621 2889 ἢδη
664 2819 955 2889 Ῥωμαίων
1009 2823 1230 2894 βασιλεῖ
1272 2834 1652 2902 γεγενημένῳ,
1700 2836 1796 2889 καὶ
1836 2817 1999 2892 δυναο

429 2909 571 2978 μένῳ
606 2915 896 2967 ὑπείκουσι
935 2933 997 2970 τε
1039 2915 1097 2972 εὗ
1140 2922 1336 2985 ποιεῖν,
1389 2926 1485 2976 καὶ
1539 2925 1872 2993 τούναντίον,
1932 2932 2003 2987 ἂν

424 3005 748 3077 ἀνταίρωσιν
801 3010 965 3076 ὅπλα,
1025 3012 1309 3082 βλάπτεινο
1340 3017 1448 3089 ίδίᾳ
1484 3035 1544 3072 τε
1577 3022 1705 3086 τοὺς
1738 3024 2001 3090 δυνατοὺς

420 3097 529 3152 τῶν
581 3099 813 3168 πόλεων,
870 3104 1128 3170 καὶτοὺς
1179 3110 1311 3177 παρ’
1359 3112 1619 3178 ἑκάστοις
1652 3118 2000 3188 στρατιώτας

420 3193 747 3263 γράμμασιν
782 3197 1122 3261 ὑπεποιεῖτο,
1197 3202 1305 3253 τῶν
1368 3211 1429 3256 τέ
1486 3207 1754 3277 πρότερον
1803 3211 2004 3281 ἀναμι-

2093 718 2265 786 dopes
2311 717 2576 773 Romanis
2601 717 2940 787 parentibus,
2961 716 3164 770 milites
3192 714 3348 770 multi
3377 731 3440 769 ac
3463 716 3673 770 strenui

2092 808 2193 863 sub
2217 809 2471 863 Matthan
2486 808 2891 872 Cautacuzeno,
2916 808 3093 878 magni
3134 807 3422 862 domestici
3454 806 3675 862 seniore

2094 902 2231 969 filio,
2277 901 2632 957 Chalcidiccn
2678 900 2925 956 Thraciae
2957 902 3126 970 patris
3177 901 3335 971 jussu
3371 915 3496 955 cum
3534 900 3675 954 duce

2093 995 2346 1064 profecti,
2394 994 2514 1065 ejus
2558 994 2852 1051 adventuum
2891 993 2964 1046 ibi
2994 993 3500 1062 prazstolabantur:
3535 1009 3675 1062 quos

2094 1085 2279 1139 statim
2355 1099 2453 1154 per
2510 1084 2725 1139 litteras
2773 1082 3215 1155 Didymotichum
3277 1083 3671 1137 rcnuntiationi

2095 1191 2193 1229 seu
2226 1173 2495 1229 creationi
2536 1190 2648 1230 suae
2693 1173 3057 1228 interfuturus
3088 1174 3374 1239 evocavit;
3407 1175 3499 1244 qui
3535 1174 3674 1229 citra
3762 1218 3798 1229 -.

2096 1268 2653 1339 procrastinationem
2683 1268 2995 1323 adfuerunt.
3030 1268 3259 1339 Insuper
3314 1267 3515 1322 fratres
3546 1285 3679 1321 urti-

2096 1360 2196 1423 ris,
2244 1360 2523 1416 Joannem
2586 1368 2643 1414 et
2723 1359 3067 1425 Manuelem,
3125 1358 3426 1414 AndroniCi
3484 1360 3681 1414 Asanis

2100 1452 2243 1507 filios
2278 1452 2425 1520 apud
2472 1451 2665 1505 Beram
2725 1451 3012 1505 castellum
3050 1450 3301 1505 Thraciae
3332 1451 3384 1503 in
3421 1450 3677 1513 vinculis,

2097 1550 2158 1596 ut
2191 1542 2454 1605 diximus,
2479 1541 2735 1595 detentus
2782 1541 2946 1593 missa
2977 1554 3170 1594 sorore
3199 1554 3324 1593 cum
3358 1537 3682 1614 cohortibus

2097 1631 2281 1694 educi,
2312 1639 2368 1686 et
2399 1631 2466 1684 ad
2493 1646 2551 1685 se
2588 1629 3036 1701 Didymotichum
3075 1630 3328 1699 perduci,
3363 1628 3681 1684 castellum-
3748 1636 3771 1661 '

2097 1738 2206 1792 que
2243 1722 2504 1792 prmsidio
2538 1721 2906 1782 communire,
2933 1731 2987 1776 et
3034 1720 3352 1791 praefectum
3401 1735 3469 1775 ex
3495 1721 3635 1775 amic
3659 1734 3685 1774 s

2098 1815 2230 1870 dare
2260 1815 2442 1886 jussit.
2484 1813 2621 1869 Cum
2652 1824 2837 1869 autem
2887 1825 3114 1884 propter
3144 1822 3470 1869 ornamenta
3504 1815 3679 1882 impe-

2100 1906 2304 1960 ratoria
2352 1906 2719 1974 comparanda
2769 1921 2921 1960 mora
2965 1905 3140 1970 fieret,
3190 1906 3246 1959 et
3279 1905 3505 1959 minime
3550 1920 3689 1960 cun-

2098 2002 2382 2062 ctandum,
2411 2001 2737 2068 occasioque
2769 1995 3087 2067 neutiquam
3138 1994 3691 2052 amittenda’vidcre—

2098 2102 2207 2159 tur,
2241 2110 2387 2157 cum,
2422 2095 2515 2162 qui
2543 2103 2704 2147 erant
2731 2091 2973 2162 Byzantii
2996 2091 3349 2146 continenter
3380 2090 3681 2149 bellarent.

2100 2187 2346 2256 nihilque
2378 2202 2486 2241 non
2539 2194 2834 2247 tentarent,
2862 2184 3029 2239 etiam
3064 2185 3182 2254 ipse
3230 2184 3298 2238 ad
3335 2196 3528 2238 omnes
3574 2183 3689 2235 illa—

2099 2277 2349 2332 cedoniae
2413 2289 2471 2332 et
2531 2277 2782 2331 Thraciae
2833 2277 2997 2332 urbes
3026 2275 3245 2329 litteras
3276 2274 3451 2336 dedit,
3485 2273 3691 2345 quibus

2101 2371 2379 2424 mandavit
2412 2380 2474 2424 ut
2507 2369 2613 2424 sibi
2648 2370 2762 2441 jam
2807 2368 3182 2422 Romanorum
3217 2368 3539 2436 imperatori
3589 2367 3690 2421 de-

2100 2461 2308 2516 clarato
2364 2462 2834 2529 obtemperarent,
2890 2459 2986 2529 qui
3045 2444 3309 2529 subjectis
3366 2473 3589 2526 parcere
3633 2469 3692 2512 et

2102 2554 2447 2618 benefacere,
2498 2554 2768 2624 superbos
2817 2552 3097 2606 debellare
3147 2563 3351 2620 posset.
3382 2552 3689 2623 Sejunetim

2104 2655 2286 2703 autem
2329 2648 2475 2702 cives
2521 2646 2883 2717 potentiores,
2931 2643 3164 2714 etquod
3201 2654 3315 2698 erat
3346 2645 3401 2699 in
3440 2661 3689 2715 unaqua-

2102 2755 2211 2809 que
2241 2740 2505 2803 militum,
2542 2737 2609 2793 ad
2652 2752 2806 2792 suam
2854 2737 3240 2791 auctoritatem
3300 2750 3363 2790 ac
3394 2735 3554 2789 fidem
3596 2751 3692 2804 per

2103 2832 2367 2902 epistolas
2416 2830 2716 2892 alliciebat,
2772 2826 2937 2900 434.
2988 2828 3347 2897 pristinorum
3404 2827 3696 2882 hem-licio-

2108 2943 2230 2981 rum
2314 2925 2440 2981 illos
2507 2924 2833 2985 admonens,
2900 2923 3220 2992 majoraque
3278 2933 3334 2976 et
3390 2921 3691 2992 insigniora

2109 3017 2483 3086 promittens,
2544 3015 2589 3070 si
2654 3029 2801 3069 nunc
2859 3014 2936 3068 illi
2994 3013 3198 3077 favere,
3254 3023 3307 3067 et
3345 3024 3531 3082 partes
3575 3013 3698 3081 ejus

2107 3109 2263 3178 sequi
2325 3122 2391 3162 ac
2420 3107 2586 3161 tutari
2622 3105 2844 3161 vellent.
2886 3104 3355 3159 Subscribcbatur
3405 3120 3569 3172 porro
3603 3121 3700 3156 ne-

2114 3215 2237 3253 meu
2293 3199 2416 3268 ejus
2471 3213 2571 3268 pro
2633 3212 2789 3252 more
2846 3197 3240 3266 imperatorum
3301 3195 3608 3259 Ciltnaltal‘i,
3642 3203 3700 3249 et

428 3288 691 3355 μνήσκων
740 3289 1072 3359 εὐεργεσιῶν
1106 3296 1493 3364 γεγενημένων
1530 3299 1610 3362 είς
1642 3301 1862 3367 αὐτοὺς,
1908 3308 2001 3358 καὶ

2112 3288 2552 3358 adjungebautur
2599 3287 2801 3342 litteris
2841 3302 2907 3342 ex
2937 3287 3088 3357 gravi
3140 3295 3418 3340 armatura
3448 3299 3499 3342 et
3533 3287 3699 3356 sagit-

422 3378 499 3440 ὡς
524 3418 539 3444 ,
578 3381 646 3452 ἢν
676 3377 822 3436 εὖνοι
871 3384 1171 3451 φαίνωνται
1213 3390 1331 3442 νυνὶ
1380 3392 1475 3445 καὶ
1511 3394 1580 3448 τὰ
1624 3396 1791 3449 αὐτοῦ
1831 3416 2003 3469 προη-

427 3475 656 3542 ρημένοι
684 3475 968 3543 πράττειν,
1005 3478 1273 3547 μειζόνων
1319 3483 1728 3538 ἀπολαύσονται
1757 3491 1851 3541 καὶ
1876 3490 2007 3544 θαυο

429 3562 792 3631 μασιωτέρων
823 3563 1079 3632 ἀγαθῶν·
1137 3566 1545 3636 ὑπεσημαίνετό
1595 3589 1656 3624 τε
1710 3577 1777 3628 τὰ
1818 3577 2001 3648 γράμ·

426 3668 574 3720 ματα
635 3652 910 3725 ὲρυθροῐς,
948 3654 1138 3727 ὥσπερ
1184 3657 1305 3723 ἔθος
1340 3659 1647 3730 βασιλεῦσι,
1687 3667 2007 3738 γράμμασιθ

332 3786 335 3787 ν
427 3747 744 3810 προσετίθει
773 3765 831 3801 τε
867 3754 981 3814 τοῖς
1009 3752 1305 3822 γράμμασι
1338 3754 1433 3807 καὶ
1479 3758 1724 3827 φρουρὰς
1756 3760 1815 3826 ἐξ
1853 3763 2009 3815 ὁπλι-

421 3841 534 3892 τῶν
574 3844 669 3895 καὶ
724 3842 957 3907 τοξοτῶν
1012 3844 1186 3914 ψιλῶν
1241 3846 1377 3916 πρὸς
1407 3848 1474 3913 ἃς
1504 3851 1623 3922 ήδει
1656 3853 1767 3907 τῶν
1798 3855 2009 3910 πόλεων

427 3928 620 3997 ῥᾳδίας
684 3929 950 4000 ἐσομένας
999 3934 1332 4003 κατέχεσθαι
1387 3945 1670 4012 φρουροῖς.
1727 3943 1916 3998 Ταῦτα
1945 3946 2010 4018 δὴ

423 4022 494 4073 τὰ
540 4023 853 4092 γράμματα
887 4027 1229 4097 κομιζόμενα
1285 4033 1423 4101 παρ’¹
1473 4033 1769 4102 ἑκάστοις,
1812 4040 1862 4091 ol
1909 4040 2010 4110 μὲν

427 4116 677 4186 ἐδέχοντο
717 4116 1018 4188 προθύμως
1048 4159 1064 4185 ,
1116 4121 1212 4174 καὶ
1251 4123 1360 4176 πᾶν
1417 4124 1477 4178 τὸ
1530 4132 2011 4200 προσταττόμενον

427 4208 832 4278 ἰπηγγέλλοντο
874 4215 1067 4266 ποιεῖν’
1103 4215 1152 4266 oi
1217 4214 1262 4266 δ’
1290 4216 1683 4289 ἐδυσχέραινον
1737 4223 1860 4291 μὲν,
1907 4225 2014 4278 οἰό-

431 4318 584 4372 μενοι
630 4306 972 4360 ἀποστασίαν
1013 4307 1278 4376 βασιλέως
1313 4306 1455 4363 εἶναι
1499 4313 1567 4364 τὰ
1619 4317 2008 4384 πραττόμενα,

426 4394 506 4447 ἔτι
558 4394 617 4448 δὲ
650 4396 801 4466 ὅμως
850 4396 951 4466 τὴν
1000 4396 1096 4451 τοῦ
1149 4398 1437 4467 μέλλοντος
1475 4400 1738 4471 βασιλέως
1776 4405 2010 4478 δύναμιν

427 4488 827 4560 ὑπεπτηχότες,
884 4490 1064 4555 ἄλλως
1111 4509 1174 4546 τε
1237 4495 1332 4547 καὶ¹
1365 4492 1476 4548 ὑπὸ
1508 4496 1619 4549 τῶν
1653 4499 1785 4570 παρ’
1821 4502 2010 4566 αὐτοῖς

428 4583 646 4651 μεγάλα
679 4583 999 4652 δυναμένων
1026 4584 1352 4656 ὲναγόμενοι
1394 4589 1466 4641 τὰ
1495 4589 1712 4644 ἐκείνου
1745 4595 2009 4662 πράττειν

2119 3380 2274 3434 tariis
2321 3379 2588 3448 manipuli
2622 3378 2691 3432 ad
2732 3377 2918 3443 urbes,
2943 3393 3081 3448 quas
3130 3378 3220 3432 illa
3252 3377 3500 3437 custodia
3538 3377 3705 3432 facile

2113 3482 2391 3527 retentum
2431 3472 2497 3526 iri
2548 3471 2777 3526 sciebat.
2812 3469 2921 3524 llas
2959 3469 3129 3540 igitur
3164 3470 3376 3523 litteras
3403 3469 3469 3522 ad
3513 3470 3698 3537 singu-

2111 3565 2195 3619 los
2243 3564 2458 3627 allatas,
2503 3563 2594 3617 alii
2649 3563 2889 3617 libenter
2925 3560 3293 3632 accipiebant,
3351 3562 3606 3616 mandata
3639 3577 3699 3615 se

2112 3657 2360 3712 facturos
2392 3656 2760 3724 recipientes;
2797 3656 2890 3709 alii
2923 3671 3036 3709 rem
3095 3655 3544 3725 indignabantur,
3582 3655 3704 3724 opio

2115 3760 2315 3803 nantes
2349 3748 2487 3802 nihil
2521 3748 2633 3802 huc
2655 3747 2804 3802 aliud
2839 3761 3004 3816 quam
3034 3762 3061 3799 a
3088 3746 3336 3817 legitimo
3371 3747 3706 3815 imperatore

2112 3843 2480 3898 defectionem
2511 3855 2654 3896 esse.
2682 3841 3078 3895 Verumtamen
3119 3839 3360 3909 potentia
3403 3838 3574 3892 futuri
3605 3839 3708 3890 im-

2113 3937 2387 4006 peratoris
2413 3926 2611 4000 territi,
2640 3948 2790 3998 cum,
2820 3934 2915 4002 qui
2951 3932 3094 4002 apud
3119 3947 3216 3988 eos
3241 3934 3442 4003 opibus
3472 3932 3706 3987 multum

2112 4031 2388 4095 valebant,
2436 4039 2493 4083 et
2535 4029 2601 4083 ab
2644 4027 2737 4081 illo
2789 4027 3034 4090 stabant,
3071 4027 3236 4080 etiam
3282 4027 3477 4081 eodem
3516 4026 3699 4079 incita-

2112 4132 2257 4185 rent,
2288 4122 2501 4175 litteras
2552 4120 2774 4190 quidem
2808 4118 3205 4189 suscipiebant,
3236 4118 3333 4173 sed
3361 4116 3539 4172 tamen
3583 4133 3707 4171 mox

2112 4215 2265 4270 velut
2323 4229 2352 4268 a
2414 4228 2570 4267 sacra
2610 4212 2754 4266 linea
2810 4211 2979 4265 talum
3038 4217 3325 4263 moventes
3374 4207 3513 4275 (76),
3564 4223 3708 4260 nova

2117 4309 2364 4364 molituri
2425 4306 2778 4368 videbantur,
2841 4305 2883 4360 si
2927 4314 3145 4370 tempus
3194 4301 3341 4356 nacti
3371 4310 3574 4356 essmt.
3603 4300 3708 4365 Qui

2115 4418 2249 4458 vero
2314 4400 2467 4471 prius
2513 4399 2580 4453 ad
2642 4396 3004 4465 Pal-.eologum
3074 4393 3419 4464 sequendum
3489 4392 3709 4461 pellecti

2114 4496 2293 4559 erant,
2348 4507 2540 4549 eorum
2619 4490 2712 4545 alii
2763 4488 3076 4543 tabellarios
3157 4486 3593 4555 comprehensos
3653 4496 3711 4540 et

2115 4589 2377 4658 spoliatos
2408 4600 2532 4641 cum
2564 4584 2765 4640 litteris
2790 4582 3112 4651 Byzantium
3140 4582 3355 4636 vinctos
3388 4580 3704 4645 mittebant,

427 4677 745 4748 ᾑρημένων,
801 4678 871 4731 τὰ
911 4680 1219 4750 γράμματα
1269 4681 1551 4751 ἐδέχοντο·
1582 4682 1735 4752 δῆλοι
1781 4660 1838 4739 δὲ
1871 4683 2001 4755 ἦσαν

2124 4679 2243 4743 alii,
2275 4677 2478 4744 quibus
2514 4674 2888 4728 moderatiora
2945 4672 3257 4742 placebant,
3313 4671 3526 4725 litteras
3577 4687 3713 4726 con-

426 4766 586 4832 εὒθὺς
616 4768 726 4822 ἀπὸ
753 4770 1026 4840 γραμμῆς
1073 4772 1151 4833 ὡς
1189 4773 1614 4844 νεωτερίσοντες
1646 4773 1714 4845 ἢν
1747 4775 2009 4830 λάϐονται

357 4907 361 4909 _
428 4861 646 4930 καιροῦ.
680 4860 838 4914 Ὅσοι
883 4860 931 4915 δ’
961 4856 1103 4933 ἦσαν
1167 4863 1435 4935 πρότερον
1494 4865 1561 4918 τὰ
1596 4865 1859 4936 βασιλέως
1911 4867 2007 4921 τοῦ

360 5805 373 5849 i

428 4952 798 5022 Παλαιολόγου
843 4953 1003 5023 δῆθεν
1032 4956 1306 5023 αἱρεῖσθαι
1361 4959 1743 5028 πεπεισμένοι,
1803 4960 1851 5012 οἱ
1906 4961 2007 5028 μὲν

436 5044 534 5097 καὶ
590 5043 717 5106 τοὺς
774 5046 1105 5114 κομίζοντας
1175 5043 1652 5114 συλλαμϐάνοντες
1719 5047 1837 5118 ἅμα
1899 5050 2014 5113 τοῖς

427 5137 793 5209 γράμμασιν,
855 5138 1107 5207 ἔπεμπον
1176 5137 1259 5200 είς
1327 5137 1626 5203 Βυζάντιον
1676 5139 2010 5207 δεσμώτας,

430 5231 699 5300 πρότερον
725 5230 1114 5301 γυμνώσαντες
1143 5231 1252 5285 τῶν
1281 5233 1470 5285 ὄντων.
1497 5233 1565 5284 ’⁷0
1577 5249 1652 5286 σοι
1675 5231 1732 5286 δὲ
1772 5233 2010 5305 μετριὼο

428 5344 565 5397 τερα
594 5322 920 5395 ἐδοκίμαζον
954 5324 1153 5387 ποιεῖν,
1207 5323 1277 5376 τὰ
1325 5323 1426 5394 μὲν
1476 5325 1789 5395 γράμματα
1823 5327 2004 5379 ἀπεω.

433 5418 644 5490 θοῦντο,
669 5420 823 5475 αὐτοὶ
851 5418 908 5474 δὲ
939 5419 1075 5491 πρὸς
1102 5418 1197 5474 τὸν
1221 5418 1460 5490 πόλεμον
1489 5419 2001 5489 παρεσκευάζοντο,

2124 4770 2469 4826 temnebant.
2501 4783 2736 4835 seseque
2771 4765 2836 4819 ad
2875 4765 3240 4819 resistendum
3303 4765 3347 4818 si
3380 4764 3711 4817 invadi-ron-

2122 4872 2232 4924 tur,
2275 4858 2971 4931 comparabant.Pluribus
3013 4855 3395 4927 hujuscemodi
3459 4855 3713 4922 epistolis

2117 4954 2441 5027 Byzantium
2496 4952 2698 5018 alla'is,
2746 4950 3060 5021 patriarcha
3133 4958 3190 5004 et
3241 4949 3359 5019 ejus
3406 4947 3562 5012 socii,
3617 4950 3712 5015 qui

2125 5062 2305 5114 nuper
2360 5060 2618 5114 magnum
2669 5043 3037 5097 domesticum
3104 5040 3247 5111 apud
3303 5039 3712 5108 imperatrieem

2124 5138 2432 5212 tyrannidis
2487 5137 2759 5193 affectatae
2814 5120 3160 5199 aceusarant,
3198 5133 3493 5204 omnigcna
3519 5132 3701 5200 volup-

2120 5241 2233 5287 tate
2265 5229 2699 5289 baccbalzantur,
2760 5229 3086 5297 litterasque
3144 5226 3383 5281 invicem
3431 5233 3716 5279 ostentan-

2117 5333 2223 5389 tcs,
2290 5322 2410 5377 Non
2454 5323 2647 5391 ig‘tur,
2674 5321 3026 5390 inquiebaut,
3057 5301 3226 5375 male.
3250 5315 3664 5388 augurabantur
3699 5332 3713 5382 ;

2103 5418 2299 5473 dextre
2366 5424 2607 5469 mentem
2660 5415 2781 5484 ejus
2833 5411 3287 5485 conjecta'vimus,
3336 5410 3566 5480 ipseque
3615 5424 3716 5463 nos

1695 5511 1916 5575 Jacobi
1949 5512 2217 5574 Pontani
2257 5516 2443 5571 noue.

505 5618 618 5691 (76)
667 5604 848 5671 Sacrae
901 5615 1051 5671 linea:
1084 5614 1254 5671 talum
1308 5613 1916 5691 moueojproverbilrrn,
1946 5612 2014 5666 de

434 5682 617 5758 iis‘qui
650 5696 893 5744 extrema
947 5695 1143 5758 parant
1185 5687 1445 5754 experiri.
1480 5682 1559 5740 ld’
1583 5684 1761 5739 Julius
1794 5682 2009 5745 Pollux,

436 5760 532 5815 lib.
549 5757 624 5825 ix,
649 5773 933 5825 exponens
948 5764 1044 5821 att,
1072 5775 1099 5810 a
1123 5757 1248 5811 ludo
1265 5758 1520 5826 quopiam
1543 5764 1872 5826 tesserarum
1887 5768 2013 5826 esse

437 5824 645 5884 natura.
696 5824 893 5884 Lusum
915 5836 1092 5884 autem
1116 5824 1646 5898 fuisse—huiusmodi,
1672 5834 1733 5880 ut
1795 5825 2010 5898 utrique

440 5901 743 5956 ludentium
803 5907 987 5954 essent
1015 5898 1211 5953 calculi
1241 5895 1506 5967 quinque,
1551 5896 1775 5967 totidem
1833 5895 2010 5964 impo-

440 5970 528 6029 siti
567 5972 765 6028 lineis:
809 5971 951 6027 ttnde
982 5980 1035 6024 et
1060 5969 1361 6042 Supbocles
1398 5966 1639 6037 dixerit,
1667 5966 1846 6020 πέσσα
1879 5981 2008 6020 πεν-

2066 5628 2072 5641 ’
2115 5611 2441 5680 τέγραμμα,
2477 5608 2528 5661 id
2565 5618 2692 5680 Acst.
2729 5615 2936 5680 tessera:
2979 5606 3208 5673 quinque
3238 5604 3528 5680 linearum.
3562 5603 3716 5680 Inter

2115 5674 2412 5737 eas-lineas
2472 5678 2729 5746 utrinque
2766 5677 2986 5743 quinas,
3038 5690 3200 5727 unam
3257 5677 3427 5728 fuisse
3480 5674 3714 5746 mediam

2114 5767 2280 5822 quant
2328 5765 2537 5822 sacram
2571 5744 2875 5822 vocabant;
2935 5747 3078 5800 unde
3112 5746 3215 5822 qui
3235 5746 3401 5822 talum
3429 5744 3714 5822 movisset,

2116 5814 2162 5877 is
2197 5836 2369 5876 sacra:
2413 5820 2571 5874 lineae
2604 5818 2880 5874 calculum
2920 5832 3139 5871 morere
3163 5814 3471 5870 dicebatur.
3498 5815 3554 5869 ld
3586 5828 3718 5870 vero

2112 5908 2221 5947 non
2248 5891 2434 5953 fiebat,
2455 5890 2559 5944 nisi
2581 5906 2704 5945 cum
2724 5905 2810 5944 res
2843 5898 3111 5956 posceret,
3136 5895 3195 5938 ut
3219 5884 3497 5939 ludensad
3533 5896 3716 5939 extre-

2114 5979 2200 6019 ma
2228 5962 2549 6033 confugeret
2587 5960 2811 6017 auxilia.
2853 5960 2986 6015 Vide
3019 5956 3175 6027 plura
3206 5957 3347 6025 apud
3381 5956 3713 6012 Cbilissterr.
