4054 6410
393 401 505 464 855

1573 399 1899 462 JOANNIS
1932 397 2018 457 CA
2031 396 2466 460 NTACUZENI

3559 401 3666 466 853

391 521 679 584 peratores
733 513 787 568 in
816 527 952 567 auro
979 511 1264 582 conspicui
1293 511 1621 583 panegyrica
1647 509 1965 565 celebritate

2077 507 2176 575 κῆς
2199 509 2458 578 στρατιᾶς
2490 507 2586 579 τὴν
2611 507 2960 578 καδαλαρῖων
2989 508 3221 580 παρεῖχε
3247 507 3444 582 τιμὴν,
3488 510 3664 567 πάντα

393 604 665 669 insignem
721 617 1086 676 peregerunt;
1133 605 1338 674 quique
1387 605 1617 658 aderant
1649 609 1706 658 et
1738 601 1807 657 de
1843 616 1972 672 pro-

391 696 638 760 ceribus,
669 706 725 752 et
789 697 857 751 de
904 698 1176 766 exercitu,
1225 697 1366 751 nihil
1415 696 1563 766 quod
1601 694 1668 750 ad
1703 695 1810 748 diei
1845 694 1969 748 festi

394 790 725 845 hilaritatem
768 789 1008 870 faceret,
1057 789 1408 844 omittebant.
1464 789 1736 842 Postridie
1789 798 1972 840 vestes

391 882 513 934 auri
539 883 850 937 subtemine
879 883 1181 952 picturatas
1211 882 1572 951 deponentes,
1601 879 1864 934 candidas
1890 879 1973 930 in-

389 973 649 1034 duerunt.
677 974 979 1043 lugentium
1007 974 1397 1043 imperatorum
1423 982 1808 1040 argumentum
1835 971 1968 1039 ('79).

389 1065 706 1119 Mutationis
771 1081 990 1119 causam
1059 1069 1356 1135 imperator
1426 1065 1788 1135 pnesentibus
1844 1079 1970 1133 ape-

392 1157 524 1208 ruit.
551 1156 731 1209 Pridie
758 1168 986 1226 propter
1005 1157 1204 1211 fcstum
1224 1158 1366 1212 diem
1395 1157 1514 1210 illas
1542 1157 1675 1212 alias
1702 1155 1966 1220 induisse,

386 1247 550 1318 [‘37
582 1265 728 1304 nunc
756 1250 850 1304 illo
874 1251 1173 1319 pra‘terito,
1208 1267 1426 1305 rursum
1466 1251 1650 1304 fratris
1709 1262 1764 1304 et
1801 1251 1974 1319 impe-

389 1341 589 1394 ratoris
616 1350 846 1397 mortem
875 1343 983 1398 sibi
1018 1343 1332 1411 lugendam.
1364 1343 1470 1397 Sed
1507 1359 1688 1410 operae
1731 1345 1969 1412 pretium

387 1433 652 1487 nonnulla
690 1449 1024 1498 memorare,
1070 1451 1192 1502 qua:
1227 1435 1281 1486 in
1332 1436 1614 1488 creatione
1666 1434 1970 1503 imperato-

390 1537 516 1574 rum
561 1523 718 1576 mulli
758 1531 952 1578 notare
1002 1533 1432 1587 consueverunt,
1470 1539 1663 1577 eorum
1699 1525 1752 1577 in
1789 1533 1967 1593 poste-

389 1627 511 1664 rum
545 1611 780 1666 fortuna:
807 1613 861 1666 iu
897 1622 1188 1682 utramque
1240 1625 1449 1683 partem
1481 1615 1786 1669 certissima
1817 1616 1970 1685 signa

389 1703 775 1759 ekistimantes
801 1721 816 1760 :
841 1706 887 1760 si
914 1705 1080 1760 modo
1112 1706 1240 1759 talia
1266 1721 1295 1760 a
1323 1722 1581 1776 suprema
1614 1706 1969 1761 Providentia

391 1813 641 1860 manare,
676 1796 862 1852 divina
913 1798 1130 1854 scilicet
1179 1807 1235 1853 et
1277 1801 1496 1853 occulta
1529 1799 1766 1869 quadam
1799 1798 1874 1870 vi,
1906 1813 1970 1852 ac

391 1887 550 1954 puris
583 1896 795 1942 tantum
843 1891 1123 1945 mentibus
1159 1890 1377 1958 cognita
1412 1891 1572 1959 (quas
1606 1891 1750 1945 Deus
1777 1891 1969 1961 hujus-

390 1978 606 2032 cemodi
623 1977 784 2035 donis
805 1979 1015 2052 dignari
1046 1981 1243 2049 voluit)
1275 1997 1361 2035 res
1387 1981 1657 2036 humanas
1676 1981 1968 2052 dirigente,

389 2079 447 2124 et
481 2086 592 2125 non
647 2087 747 2140 per
777 2088 835 2129 se
901 2091 965 2129 ac
1016 2073 1242 2128 fortuito
1298 2075 1551 2128 accidere
1611 2073 1970 2127 arbitramur.

394 2163 538 2218 flora
565 2167 710 2220 enim
740 2167 1203 2238 inaugurationis.
1224 2183 1329 2236 qua
1360 2182 1563 2220 novum
1584 2165 1969 2236 imperatorem

393 2259 600 2312 cultum
623 2261 1280 2330 sumereimperatorium
1312 2260 1628 2330 oportebat,
1655 2259 1971 2314 interiorem

393 2361 601 2406 vestem
637 2353 756 2420 p'us
783 2369 941 2421 atquo
972 2355 1218 2414 strictam
1254 2368 1375 2407 esse
1403 2353 1653 2422 contigit,
1689 2363 1747 2406 ut
1784 2368 1976 2422 quam-

394 2445 478 2498 vis
517 2447 748 2499 multum
801 2447 1061 2510 distenta,
1100 2447 1320 2514 operire
1375 2461 1578 2514 corpus
1608 2461 1715 2498 non
1766 2455 1972 2514 posset,

392 2538 724 2591 esteriorcm
759 2537 918 2606 plane
946 2546 1161 2600 contra,
1211 2538 1331 2606 plus
1385 2536 1533 2605 ju~to
1581 2537 1780 2596 laxam,
1839 2546 1976 2590 tam-

391 2629 496 2682 etsi
563 2629 753 2683 ambas
782 2629 927 2683 idem
977 2629 1206 2684 fecisset
1239 2629 1434 2683 artifex
1465 2629 1558 2697 qui
1591 2638 1750 2682 antea
1778 2631 1977 2684 multas

393 2735 538 2789 saepe
595 2731 651 2773 et
731 2720 939 2775 habiles
1010 2728 1176 2790 atque
1226 2729 1380 2789 aptas
1436 2719 1771 2774 confecerat.
1834 2721 1972 2772 Tum

392 2813 658 2890 assistens
714 2812 936 2881 quidam
989 2812 1452 2867 familiarissimus
1512 2811 1786 2880 praedixit,
1828 2813 1979 2881 priu-

393 2905 534 2974 cipia
571 2905 649 2959 illi
707 2905 1000 2960 admodum
1060 2915 1210 2959 arcta
1291 2913 1348 2959 et
1429 2903 1764 2959 difﬁcultatis
1816 2905 1976 2974 plena

395 2997 537 3063 fore,
588 2997 1053 3068 quemadmodum
1112 3013 1259 3052 nunc
1315 2997 1552 3052 interius
1591 2998 1975 3052 indumentum

392 3104 596 3160 corpus
629 3090 858 3146 nimium
895 3091 1254 3158 astringeret,
1304 3091 1698 3160 subsequentia
1739 3107 1804 3146 ex
1859 3091 1978 3144 dia-

2075 599 2163 651 ἐπ⁹
2192 601 2374 663 αὐτοῖς
2414 601 2480 654 τὰ
2503 600 2789 670 εέθισμένα
2816 601 3074 670 πράττων
3097 616 3109 630 ·
3155 603 3369 657 ἐκεῖθεν
3396 605 3452 657 δὲ
3483 605 3562 668 εἰς
3595 607 3665 660 τά

2077 687 2320 758 Bodleian
2369 691 2700 756 ἐπανελθὼν,
2730 691 2845 762 ἅμα
2871 692 3104 763 βασιλίδι
3133 696 3201 766 τῇ
3255 699 3474 766 γαμετῇ
3528 695 3657 765 λαμ-

2073 782 2530 852 πρῶςείστιᾱτ),
2565 785 2783 840 πάντων
2835 788 3265 854 παρισταμένων
3297 791 3440 842 κατᾶι
3476 789 3544 843 τὰ.
3573 808 3665 843 νει

2074 875 2376 946 νομισμένα
2404 874 2736 945 βασιλεῦσιν.
2783 879 3188 948 ’Υπηρετοῦντο
3210 881 3267 933 δὲ
3299 883 3486 946 αὐτοῖς
3523 883 3665 955 πρὶς

2072 967 2173 1037 τὴν
2211 968 2456 1022 ἑστίασιν
2499 969 2550 1021 οἴ
2591 987 2649 1022 τε
2680 972 2779 1039 τῆς
2840 970 3111 1045 βασιλίδος
3146 973 3364 1042 ἀδελφοὶ
3409 974 3665 1045 Ἰωάννης

2075 1062 2170 1114 καὶ
2193 1061 2465 1131 Μανουῆλ.
2493 1064 2585 1114 καὶ
2617 1063 2643 1114 ὸ
2669 1061 2760 1115 τοῦ
2792 1044 3057 1132 βασιλέως
3081 1063 3301 1133 ἀνεψιὸς
3323 1066 3351 1118 ὁ
3392 1044 3662 1134 Ἀγγελος

2089 1147 2362 1224 Ἰωάννηςξ
2402 1155 2514 1224 Τὴν
2549 1153 2649 1223 μὲν
2684 1154 2778 1208 οὖν
2840 1155 3054 1226 ἡμέραν
3087 1157 3305 1228 ἐκείνην
3357 1158 3412 1212 οἴ
3445 1175 3505 1212 τε
3551 1157 3663 1212 νέοι

2077 1246 2318 1316 βασιλεῖς
2349 1247 2621 1318 λαμπρῶς
2686 1249 3086 1320 ἐπανηγύριζον
3148 1253 3658 1322 χρυσοφοροῦντες,

2074 1340 2224 1392 καλοί
2248 1341 2493 1398 συνόντες
2515 1343 2699 1406 αὐτοῖς
2718 1344 2807 1394 καὶ
2827 1345 2926 1413 τῆς
2951 1342 3258 1412 συγκλήτου
3277 1347 3369 1397 καὶ
3384 1346 3479 1414 τῆς
3499 1363 3664 1416 στρα-

2071 1431 2192 1493 τιᾶς
2222 1432 2376 1486 οὐδὲν
2401 1432 2646 1485 ἐνέλιπον
2682 1433 2742 1498 ἐξ
2762 1428 2834 1486 ὦν
2876 1435 3001 1502 ἐνῆν
3037 1436 3351 1506 φαιῖρύνειν
3385 1437 3484 1506 τὴν
3523 1438 3661 1508 ἠμέ-

2078 1540 2178 1592 ραν
2208 1525 2306 1594 τῆς
2328 1525 2545 1594 ἑορτῆς.
2565 1525 2660 1587 Εἰς
2684 1525 2782 1595 τὴν
2807 1526 3100 1594 ὑστεραίαν
3125 1527 3178 1580 δὲ
3210 1531 3274 1580 τὰ
3301 1529 3659 1598 χρυσόπαστα

2080 1615 2490 1685 ἀπ’.δυσάμενοι
2518 1617 2722 1680 λευκὰς
2755 1618 3172 1689 περιεϐάλλοντο
3209 1620 3462 1686 ἐσθῆτας,
3515 1621 3656 1688 ὅπερ

2075 1707 2191 1760 ἐστὶ
2239 1710 2540 1780 τεκμήριον
2595 1711 2939 1764 πενθούντων
3000 1711 3303 1781 βαῖιλέων·
3360 1713 3548 1781 ἐδήλου
3597 1713 3654 1765 δέ

2079 1801 2176 1854 καὶ
2227 1800 2326 1872 τὴν
2392 1802 2571 1855 αἰτίαν
2613 1805 2712 1874 τῆς
2764 1803 3066 1874 μεταϐολῆς
3130 1806 3158 1856 ὁ
3221 1803 3474 1872 βασιλεὺς
3522 1805 3658 1872 πρὸς

2071 1893 2196 1956 τοὺς
2237 1895 2535 1965 παρόντας,
2575 1896 2651 1960 ὡς
2683 1899 2748 1968 τῇ
2804 1899 2902 1968 μὲν
2955 1899 3258 1968 προτεραίᾳ
3303 1898 3400 1967 τῆς
3461 1897 3660 1965 ἑορτῆς

2071 1985 2235 2039 ἕνεκα
2313 1988 2380 2040 τὰ
2436 1987 2664 2059 λαμπρὰ
2738 1990 2923 2042 ἐκεῖνα
2995 1988 3395 2058 περιὸἀλληιτο,
3455 1988 3572 2041 νυνὶ
3601 1987 3660 2039 δὲ

2073 2079 2289 2148 ἐκείνης
2337 2079 2736 2150 παρελθούσης,
2794 2081 3091 2148 ἀναγκαῖον
3149 2078 3310 2132 πάλιν
3385 2077 3486 2145 τὴν
3539 2077 3658 2130 ἀδε-

2073 2171 2210 2240 λφοῦ
2255 2172 2347 2225 καὶ
2399 2173 2662 2241 βασιλέως
2732 2172 2987 2242 τελευτὴν
3055 2171 3292 2224 πενθεῖν.
3353 2169 3539 2233 ’Ἄξιον
3601 2169 3658 2222 δέ

2077 2265 2171 2317 καί
2205 2282 2367 2317 τινων
2394 2265 2802 2334 ἐπιμνησθῆναι
2847 2260 2923 2317 ὧν
2957 2263 3090 2333 πρὸς
3122 2264 3220 2324 τὰς
3252 2262 3360 2315 τῶν
3397 2261 3661 2332 βασιλέων

2076 2357 2408 2426 ἀναρρήσεις
2461 2357 2718 2408 εἰώθασιν
2769 2357 2817 2408 οἱ
2895 2356 3083 2408 πολλοὶ
3157 2353 3658 2423 ἐπισημαίνεσθαι,

2079 2449 2290 2518 ἀψευδῆ
2323 2465 2445 2501 τινα
2493 2449 2732 2518 οἰόμενοι
2767 2449 3055 2517 τεκμήρια
3095 2448 3195 2515 τῆς
3233 2447 3520 2500 είσέπειτα
3553 2447 3660 2500 τῶν

2077 2539 2561 2608 ἀναγορευομένων
2610 2539 2877 2609 βασιλέων
2907 2539 2940 2608 ἢ
2975 2539 3257 2608 εὐτυχίας,
3298 2537 3331 2608 ἢ
3366 2526 3658 2610 κακοπραο

2075 2637 2232 2703 γίας·
2275 2634 2416 2702 εἴγε
2468 2636 2572 2705 χρὴ
2621 2634 2851 2687 τοιαῦτα
2898 2635 2962 2687 ὲκ
3013 2633 3114 2702 τῆς
3158 2633 3365 2686 ἀνωθεν
3399 2633 3660 2703 Προνοίας

2077 2727 2289 2781 οἴεσθαι
2317 2725 2742 2796 οἰκονομεῖσθαι,
2772 2725 2908 2778 ἀλλά
2935 2725 3009 2796 μὴ
3032 2725 3315 2793 αὐτόματα
3336 2725 3659 2795 συμϐαίνειν

2077 2819 2153 2880 ὡς
2181 2819 2246 2872 ἂν
2285 2818 2447 2890 τύχῃ,
2479 2820 2581 2887 τῆς
2609 2817 2740 2887 περὶ
2773 2816 2842 2870 τὰ
2869 2815 3183 2886 ἀνθρώπινα
3226 2815 3535 2884 πράγματα
3562 2813 3656 2866 τοῦ

2079 2911 2219 2964 Θεοῦ
2273 2910 2536 2982 προνοίας
2567 2911 2626 2963 ἐν
2660 2911 2966 2981 ἀπορρήτῳ
2999 2909 3286 2977 κειμένης,
3332 2908 3428 2960 καὶ
3479 2907 3658 2976 μόνοις

2078 3004 2248 3074 οὔσης
2294 3004 2539 3074 φανερᾶς
2591 3005 2703 3064 τοῖς
2753 3002 2852 3071 τὴν
2897 3002 3145 3054 διάνοιαν
3193 2998 3654 3070 κεκαθαρμένοις,

2080 3097 2176 3150 καὶ
2204 3095 2312 3149 τῶν
2365 3094 2626 3148 τοιούτων
2655 3095 2877 3164 δωρεῶν
2911 3093 3086 3158 ἀξίοις
3121 3091 3476 3161 κεκριμένοις
3508 3090 3656 3160 παρά

392 3195 570 3240 rnetro
630 3187 917 3254 opposita,
979 3185 1210 3240 nimium
1275 3187 1422 3250 lata,
1488 3185 1830 3239 remissionis
1916 3195 1968 3238 et

2077 3188 2229 3240 Θεοῦ.
2252 3188 2460 3256 Ἐἰγάρ
2489 3187 2587 3255 τῆς
2615 3185 2973 3255 ἀναρρήσεως
2994 3186 3206 3253 ἡμέρα,
3247 3183 3410 3252 ἡνίκα
3436 3182 3542 3234 ἔδει
3564 3182 3657 3251 βαο

390 3278 594 3346 quietis
620 3278 977 3333 abundantia.
1018 3277 1220 3331 Eadem
1256 3277 1398 3341 luce,
1434 3277 1564 3329 dum
1600 3278 1779 3330 missae
1805 3275 1975 3328 sarri-

390 3372 576 3424 ficium
610 3371 801 3437 confit,
832 3369 1020 3425 evenit
1050 3378 1108 3421 ut
1160 3367 1214 3420 in
1255 3367 1550 3436 Evangelio
1585 3367 1676 3420 illa
1704 3365 1976 3420 sententia

393 3463 742 3525 recitaretur,
778 3477 884 3530 qua
923 3460 1176 3513 Salvator
1227 3467 1411 3512 noster
1476 3468 1533 3512 et
1583 3459 1698 3512 Rex
1747 3457 1978 3512 saeculo-

391 3569 514 3606 rum
574 3553 736 3608 Jesus
792 3552 1096 3611 Christus,
1152 3550 1220 3603 ad
1282 3550 1584 3617 discipulos
1637 3549 1706 3603 de
1774 3548 1976 3603 futuris

296 3631 307 3642 ’
389 3659 581 3699 eorum
635 3643 858 3697 casibus
905 3643 1205 3704 disserens,
1244 3641 1366 3694 ait:
1413 3659 1430 3691 ι
1471 3641 1525 3693 Si
1563 3655 1649 3694 me
1697 3643 1972 3710 persecuti

391 3748 542 3802 sunt,
601 3747 658 3792 et
708 3752 808 3792 vos
855 3745 1279 3803 persequentur;
1340 3734 1383 3788 si
1447 3750 1757 3790 sermonem
1792 3750 1972 3789 meum

390 3836 778 3891 servaverunt,
829 3836 886 3882 et
934 3835 1180 3879 vestrum
1213 3826 1534 3882 servabunt.
1567 3845 1585 3878 ι
1625 3827 1755 3892 Qua:
1805 3828 1972 3882 verba

390 3921 719 3992 arripientes
769 3921 860 3990 qui
904 3919 1161 3973 astabant
1203 3958 1218 3979 .
1275 3918 1555 3987 improbos
1607 3934 1670 3973 ac
1730 3920 1973 3988 perditos

393 4013 647 4068 hontines
671 4019 726 4066 et
756 4012 1211 4076 calumniatores,
1246 4011 1449 4080 quibus
1473 4011 1735 4068 salutaria
1765 4010 1972 4068 Christi

393 4103 651 4157 mandata
689 4103 919 4156 minime
955 4101 1108 4156 cordi
1135 4101 1271 4166 sint,
1326 4101 1713 4170 imperatorem
1747 4102 1988 4171 prodige

391 4207 716 4267 evprompta
775 4198 830 4250 in
909 4195 1086 4266 ipsum
1146 4195 1354 4249 insania
1414 4209 1511 4250 sua
1585 4208 1975 4266 persecuturos

391 4291 634 4354 aiebant,
657 4290 932 4359 quomodo
949 4289 1208 4342 nimirum
1233 4287 1406 4342 Judaei
1425 4303 1646 4358 quoque
1668 4289 1971 4354 Christum,

393 4384 534 4438 bene
580 4383 649 4436 de
687 4382 820 4451 ipsis
867 4381 1148 4450 meritum,
1197 4380 1456 4436 onmibus
1485 4382 1671 4436 nervis
1699 4385 1972 4450 persecuti

392 4486 542 4538 sunt,
578 4484 635 4528 et
669 4474 890 4543 quidem
921 4473 987 4526 al
1025 4482 1240 4542 tempus
1274 4473 1675 4542 prrevalituros,
1709 4475 1976 4543 quemad-

393 4567 618 4621 modum
647 4574 702 4619 et
737 4565 814 4618 illi
845 4565 1192 4633 praevaluisse
1223 4563 1324 4618 visi
1359 4575 1510 4630 sunt,
1538 4581 1662 4619 cum
1689 4563 1973 4620 Liberatu-

393 4673 506 4711 rem
545 4655 889 4710 occiderunt.
926 4653 1133 4708 Deinde
1181 4669 1310 4707 vero
1343 4653 1603 4709 honestos
1641 4669 1704 4706 ac
1745 4654 1969 4721 probos,

391 4761 446 4802 et
478 4747 751 4801 mandatis
778 4745 980 4800 Christi
1013 4745 1228 4816 dignos,
1263 4762 1686 4815 sermonemque
1717 4749 1837 4816 ejus
1863 4762 2012 4810 εει-ο,

392 4848 610 4903 vantes,
646 4839 813 4892 etiam
877 4837 1229 4906 imperatoris
1279 4853 1589 4890 sermonem
1639 4847 1976 4905 servaturos,

391 4931 618 5003 ejusque
645 4931 796 5001 jussa
823 4930 1009 4984 omnia
1059 4930 1469 4998 complexuros.
1519 4927 1848 4998 Huiusmodi
1909 4947 1978 4986 ex

396 5023 482 5076 his
519 5022 674 5076 multi
710 5022 1177 5082 vaticinabantur,
1226 5035 1350 5090 quae
1378 5027 1568 5088 postea
1601 5030 1835 5077 eventus
1864 5023 1976 5078 fer-

394 5129 482 5167 me
513 5113 915 5183 comprobavit.
950 5112 1224 5169 Czrterum
1261 5111 1378 5181 ipse
1415 5111 1622 5180 impera
1637 5121 1716 5166 tor
1745 5129 1869 5168 cum
1901 5117 1976 5188 (It)

2083 3279 2236 3330 σιλέα
2281 3278 2370 3329 τὸν
2415 3277 2533 3330 νέον
2565 3276 2665 3344 τὴν
2711 3274 3001 3345 βασιλικὴν
3035 3275 3242 3343 ἐσθῆτα
3278 3274 3655 3344 μεταμπίσχε-

2079 3370 2230 3430 σθαι,
2268 3368 2576 3432 συνέϐαινε,
2630 3367 2730 3437 τὴν
2784 3367 2884 3438 μὲν
2933 3368 3223 3438 ἐνδιτέραν
3273 3367 3475 3436 μᾶλλον
3517 3361 3654 3418 εἶναι

2077 3460 2172 3513 τοῦ
2199 3461 2409 3523 δέοντος
2443 3459 2659 3529 στενὴν,
2685 3459 2759 3522 ὡς
2791 3461 2927 3529 μγ,δέ
2956 3461 3015 3513 τὸ
3043 3458 3225 3528 σῶμα,
3259 3459 3351 3512 καί
3374 3474 3456 3510 τοι
3485 3455 3656 3510 πολλὰ

2080 3554 2552 3624 κατατεινομένην
2592 3553 2859 3608 δύνασθαι
2899 3553 3360 3624 περικαλύπτειν,
3402 3550 3500 3622 τὴν
3525 3549 3657 3614 ἐξω-

2075 3645 2242 3715 τέραν
2270 3643 2349 3710 δέ,
2385 3645 2698 3696 τούναντίον
2731 3644 2898 3707 ἅπαν,
2928 3641 3108 3710 πολλῷ
3134 3641 3232 3694 τοῦ
3256 3642 3470 3703 δέοντος
3496 3639 3656 3723 sitpu-

2075 3740 2262 3806 τέραν,
2328 3740 2506 3791 καίτοι
2541 3755 2602 3806 γε
2645 3737 2965 3807 ἀμφοτέρας
2995 3736 3091 3789 τοῦ
3129 3735 3331 3796 πολλὰς
3371 3735 3466 3787 καὶ
3524 3734 3657 3800 πρό-

2076 3847 2236 3893 τερον
2267 3829 2530 3893 πολλάκις
2582 3830 2931 3898 συμμέτρους
2982 3828 3282 3899 ὲρῤαφότος
3327 3826 3654 3895 δεδημιουρ-

2075 3924 2326 3993 γηκότος.
2362 3924 2449 3988 Ἐξ
2477 3916 2551 3975 ὧν
2579 3921 2688 3974 τῶν
2713 3921 2927 3990 βασιλεί
2947 3921 3365 3990 συνηθεστάτων
3395 3936 3478 3984 τις
3513 3933 3654 3987 παρα

2071 4009 2148 4064 ὼν
2190 4017 2259 4065 τὰ
2303 4011 2403 4081 μὲν
2442 4009 2636 4078 πρῶτα
2684 4009 2954 4079 βασιλέως
2993 4007 3380 4076 ἀπεφθέγξατο
3427 4007 3650 4060 ἔσεσθαι

2076 4104 2278 4174 κομιδῆ
2317 4104 2499 4168 στενὰ,
2534 4101 2631 4156 καὶ
2687 4101 2889 4172 πολλὴν
2937 4101 3173 4172 ἀπορίαν
3223 4101 3436 4170 βασιλεῖ
3489 4099 3656 4169 παρέ-

2074 4214 2257 4268 χοντα,
2299 4194 2489 4262 ὥσπερ
2520 4198 2551 4265 ἡ
2588 4194 2752 4264 ἐσθὴς
2787 4195 2847 4246 τὸ
2881 4195 3040 4262 σῶμα
3080 4194 3291 4258 πιέζειν
3337 4193 3455 4258 νύν,
3511 4193 3580 4247 τὰ
3607 4193 3654 4245 δ’

2077 4289 2305 4356 ὕστερον
2357 4289 2421 4339 ἐκ
2464 4286 2762 4355 διαμέτρου
2803 4285 3075 4354 εὐρύτερα
3127 4285 3223 4337 τοῦ
3284 4283 3519 4347 δέοντος,
3561 4284 3654 4335 καὶ

2077 4378 2284 4447 πολλὴν
2309 4378 2662 4446 παρεχόμενα
2688 4377 2789 4443 τὴν
2825 4375 3034 4427 ἄνεσιν.
3074 4373 3182 4440 Τῆς
3222 4373 3395 4440 αὐτῆς
3424 4370 3479 4422 δὲ
3517 4369 3654 4438 ἠμέ-

2083 4487 2204 4540 ρας,
2239 4469 2334 4522 καὶ
2363 4469 2462 4538 τῆς
2507 4467 2658 4530 θείας
2714 4467 3051 4536 τελουμένης
3086 4463 3484 4536 ἱεροτελεστίας
3513 4462 3652 4515 οὕτω

2083 4559 2319 4628 συμϐὰν,
2370 4555 2526 4626 ήτοῦ
2570 4555 2902 4624 Εὑαγγελίου
2935 4558 3208 4624 περικοπὴ
3257 4554 3440 4624 ἐκείνη
3474 4556 3656 4620 ἀνεγι-

2082 4651 2343 4713 νώσκετο,
2376 4650 2433 4700 ἐν
2466 4644 2549 4710 οἷς
2583 4649 2610 4700 ὁ
2638 4647 2904 4717 ἡμέτερος
2941 4649 3132 4719 Σωτὴρ
3171 4647 3267 4700 καλ⁵
3310 4647 3416 4699 τῶν
3443 4645 3655 4700 αἰώνων
3706 4651 3708 4653 ’

2084 4742 2339 4813 βασιλεὺς
2388 4743 2416 4792 ὁ
2467 4740 2706 4807 Χριστος
2748 4739 2956 4808 Ἰησοῦς
3009 4743 3122 4804 τοῖς
3180 4741 3330 4803 ἰδίοις
3385 4739 3655 4811 μαθηταῖς

2082 4835 2216 4904 περὶ
2263 4833 2374 4886 τῶν
2423 4833 2496 4896 είς
2550 4833 2745 4895 αὐτοὺς
2785 4832 3216 4902 συμϐησομένων
3247 4833 3652 4901 διαλεγόμενος,

2078 4929 2142 4981 Ei
2174 4927 2294 4997 ἐμὲ,
2327 4926 2535 4994 ἔλεγεν,
2559 4925 2808 4989 ἐδίωξαν,
2841 4926 2936 4978 καὶ
2972 4925 3119 4994 ὑμᾶς
3145 4924 3460 4991 διώξουσιν·
3486 4927 3537 4977 εί
3564 4925 3655 4977 τὸν

2077 5022 2235 5090 λόγον
2268 5038 2368 5092 μου
2404 5021 2705 5092 ἐτήρησαν,
2743 5020 2840 5073 καὶ⁹
2875 5020 2971 5073 τὸν
2999 5019 3269 5090 ὑμέτερον
3300 5020 3652 5090 τηρήσουσινο

2079 5116 2114 5170 ἃ
2138 5116 2188 5169 οἱ
2221 5115 2494 5185 παρόντες
2546 5113 3063 5187 ἐπισημαινόμενοι,
3108 5116 3236 5178 τοὺς
3271 5115 3370 5184 μὲν
3418 5115 3655 5183 φαύλους

1652 5235 1865 5296 Jacobi
1900 5237 2166 5298 Pontani
2200 5244 2387 5298 notae.

463 5339 576 5406 (79)
627 5336 824 5391 Nonne
872 5333 1308 5406 candida_vestis
1339 5333 1521 5404 potius
1556 5336 1737 5404 gaudii
1793 5346 1847 5391 et
1875 5338 1970 5392 la:-

395 5403 526 5464 titize
562 5403 962 5477 argumentum
1021 5403 1352 5477 est?_Sane’
1390 5415 1492 5458 est.
1540 5403 1647 5477 Sed
1681 5407 1815 5477 fuit
1851 5423 1975 5460 cum

393 5480 537 5552 apud
597 5473 1105 5552 Siraetrsartosyiri
1153 5474 1503 5552 feminaeque,
1537 5473 1843 5552 itcm'apud
1877 5479 1972 5552 Ar:

395 5545 547 5621 gives
598 5545 847 5601 candidis
883 5547 934 5598 in
993 5545 1146 5600 luctu
1179 5547 1421 5600 vestibus
1480 5545 1777 5602 uterentur.
1815 5547 1975 5616 Apud

2078 5338 2335 5407 Japones.
2371 5349 2428 5392 ut
2464 5341 2717 5395 scribunt
2768 5339 2954 5394 Patres
2987 5348 3188 5394 nostra!
3236 5337 3528 5394 societatis.
3560 5341 3656 5390 tri-

2085 5419 2182 5461 stis
2211 5410 2374 5462 color.
2403 5410 2634 5466 hibetur
2663 5413 2835 5467 albus.
2881 5413 3031 5480 niger
3075 5410 3249 5462 laetus.
3283 5409 3464 5478 lgaquc
3489 5409 3654 5462 etiam

2086 5480 2279 5549 dentes
2309 5482 2440 5533 dant
2463 5496 2682 5549 operam
2727 5491 2784 5533 ut
2815 5496 2976 5547 quam
3015 5481 3340 5549 nigerrimus
3390 5489 3445 5534 ct
3470 5481 3656 5548 splen-

2085 5548 2134 5602 ιιι
2158 5559 2279 5604 ntes
2311 5565 2420 5619 pra:
2451 5548 2670 5620 nigrore
2698 5551 2804 5604 sibi
2827 5552 3049 5605 faciant.

1654 5664 1869 5726 Jacobi
1913 5666 2195 5729 Grelscri
2233 5676 2424 5730 notre.

467 5769 543 5839 (Ιι)
601 5770 928 5842 Episc0pum
1002 5770 1534 5843 Didymotieheusem
1607 5770 1973 5843 Hcommendal

396 5840 828 5901 Cantacuzcnus.
861 5840 1117 5901 tanquam
1147 5844 1534 5896 miraculorum
1561 5840 1898 5900 effectorem.
1921 5853 1973 5896 et

2082 5774 2622 5848 prophetamfutora
2649 5778 2945 5844 praedicere
2971 5794 3219 5848 gnarum.
3250 5778 3494 5831 Diximus
3520 5777 3656 5848 libro

2084 5844 2260 5900 primo
2321 5845 2600 5903 probabile
2630 5865 2749 5903 esse
2781 5844 3074 5905 alienis—ab
3101 5849 3366 5904 Ecclesia.
3399 5858 3454 5901 ut
3482 5847 3648 5903 schis-
