4054 6456
404 299 503 364 οτι

1567 292 1896 379 JOANNIS
1937 292 2178 355 CANTA
2194 289 2478 355 CUZENI

3581 279 3692 346 872

405 430 509 471 nec
532 422 655 485 erat
684 411 988 484 quidquam
1010 409 1515 476 incommortorum,
1546 407 1696 479 quod
1728 406 1860 463 boni
1888 421 1997 460 non

2127 402 2292 455 πόλεσι
2330 400 2465 456 ,τότε
2494 448 2497 453 ,
2529 396 2855 469 ἐπεδείχθηο
2912 395 3007 450 καὶ
3055 392 3208 449 οὐδὲν
3251 386 3322 465 ἦν
3363 391 3394 447 ὃ
3443 409 3496 485 τι
3536 391 3614 463 μὴ
3641 390 3692 446 ot

405 513 854 580 pet-peterentur.
885 500 1021 558 Nam
1057 503 1356 566 optimates
1386 514 1511 554 mox
1544 514 1576 554 e
1621 498 1805 553 medio
1836 496 1993 551 tolle-

406 600 631 661 bantur,
661 610 758 652 aut
782 596 853 650 ob
880 591 1172 665 pristinam
1209 610 1334 665 erga
1372 594 1761 662 imperatorem
1787 591 1993 644 Canta.

302 687 313 696 ’
406 705 681 746 cuzenum
710 689 1078 752 voluntatem,
1112 695 1209 742 aut
1254 684 1404 755 quod
1440 694 1554 740 tum
1580 696 1733 737 arma
1764 695 1865 753 pro
1900 680 1996 735 illo

407 786 779 850 capesserent-
816 776 978 831 Medii
1015 785 1201 831 autem
1228 776 1378 831 cives
1421 774 1868 837 trucidabantur,
1902 779 1998 826 aut

407 869 534 941 quin
566 869 862 924 seditiosos
920 883 1029 922 non
1066 866 1411 938 adjuvarent,
1465 874 1563 920 aut
1590 864 1818 929 invidia,
1851 861 1998 933 quod

408 966 784 1029 superessent.
819 959 885 1014 Et
922 967 1121 1014 natura
1154 956 1417 1021 humana,
1455 971 1578 1026 quae
1618 956 1784 1010 etiam
1808 964 2000 1011 contra
2031 983 2036 986 -

409 1054 558 1124 leges
587 1068 804 1123 semper
837 1067 1065 1121 peccare
1085 1049 1394 1116 consuevit,
1432 1058 1565 1103 tunc
1591 1048 1871 1119 praecipue
1897 1048 2002 1101 im-

409 1153 667 1215 potenter
699 1145 887 1197 furere
920 1142 1160 1207 videtur,
1199 1154 1327 1195 cum
1360 1154 1389 1192 a
1421 1137 1841 1210 magistratibus
1887 1153 2000 1192 non

410 1247 736 1289 coercetur:
764 1237 1001 1307 jureque
1034 1232 1155 1303 ipso
1180 1230 1485 1301 potentior,
1539 1229 1778 1285 sublatis
1808 1245 2007 1286 secun-

412 1328 540 1382 dum
562 1328 613 1382 id
651 1325 936 1397 legitimis,
964 1324 1132 1380 etiam
1162 1324 1296 1389 Deo,
1330 1322 1376 1378 si
1402 1319 1824 1389 vincereliceat,
1851 1336 2006 1377 arma

423 1419 632 1476 inferre
662 1437 772 1476 non
806 1420 1003 1475 metuit
1158 1438 1163 1443 '
1434 1404 1437 1407 l

2098 494 2500 563 ἑπιεικέστεροι
2542 490 2839 556 ὑπέμενον.
2876 490 2939 542 Oi
2974 487 3076 560 μὲν
3117 487 3227 558 γὰρ
3251 474 3695 555 ἄριποῖαὺτίκα

2097 586 2483 655 διεφθείροντο,
2509 583 2543 655 ἢ
2570 583 2669 654 τὴν
2700 583 2973 654 προτέραν
2996 580 3134 652 πρὸς
3165 577 3394 650 βασιλέα
3420 577 3514 632 τὸν
3541 577 3692 631 Καν-

2096 677 2434 750 τακουζηνὺν
2470 675 2687 731 εὔνοιαν
2747 674 3194 744 ἐπικαλούμενοι,
3226 672 3260 744 ἢ
3307 670 3371 725 τὸ
3422 669 3498 742 μὴ
3532 671 3590 724 έν
3616 668 3695 739 τῷ

2100 772 2301 826 αὐτίκα
2340 770 2540 840 ὲκείνῳ
2600 769 2884 838 πολεμεῖν,
2935 768 2986 821 οἱ
3023 766 3176 835 μέσοι
3205 764 3261 818 δὲ
3286 762 3395 817 τῶν
3438 761 3695 826 πολιτῶν,

2106 863 2141 933 ἦ
2171 864 2254 917 ὅτι
2284 863 2344 933 at?
2402 861 2838 930 συνηγωνίζοντο
2870 861 2985 922 τοῖς
3018 856 3420 919 στασιάζουσιν,
3450 854 3483 925 ἢ
3515 852 3697 923 φθίνῳ

2106 928 2201 1009 τοῦ
2244 928 2687 1027 περιεῖναιίιςαὶ
2716 954 2750 1023 ἡ
2781 951 3101 1023 ἀνθρωπεία
3138 950 3300 1018 φύσις
3335 948 3560 1002 εἰωθυῖα
3599 948 3701 1002 καὶ

2109 1048 2265 1118 παρὰ
2317 1048 2442 1110 τοὺς
2493 1046 2695 1116 νόμους
2725 1047 2933 1099 ἀδικεῖν
2961 1043 3070 1112 ἀεὶ,
3106 1043 3228 1097 τότε
3272 1041 3470 1112 μᾶλλον
3499 1040 3702 1106 ἔδειξεν

2105 1139 2351 1212 ἀκρατὴς
2385 1140 2485 1211 μὲν
2513 1138 2651 1193 οὖσα
2681 1139 2817 1210 πρὸς
2845 1138 3041 1209 ὀργὴν,
3074 1137 3142 1208 ῆν
3189 1135 3267 1206 μὴ
3320 1136 3426 1190 ὑπὸ
3456 1134 3567 1189 τῶν
3595 1136 3702 1206 ἀρ-

2104 1234 2309 1306 χόντων
2340 1231 2770 1303 σωφρονίςηται,
2823 1230 3095 1304 κρείσσων
3132 1229 3189 1283 δὲ
3219 1228 3311 1291 τοῦ
3347 1228 3554 1281 δικαίου
3588 1229 3700 1282 τῶν

2110 1328 2244 1398 περὶ
2270 1324 2464 1380 τούτου
2511 1325 2764 1396 νομίμων
2802 1322 3193 1396 ἀνῃρημένων,
3238 1319 3472 1392 πολεμία
3494 1320 3553 1375 δὲ
3601 1320 3699 1374 τοῦ

2111 1421 2422 1494 κρείττονος
2457 1418 2525 1473 ἂν
2551 1416 2932 1490 περιγίνεσθαι
2959 1416 3080 1489 ἐξῇ.

1721 1618 1890 1692 444
1926 1618 2160 1676 CAPUT
2199 1586 2396 1677 XXIX.

415 1736 889 1811 Adriauopolitani
917 1739 1152 1811 coniecti.
1173 1737 1228 1792 in
1254 1739 1570 1811 ⁸αηριιειίαε,
1602 1738 1861 1811 auxilium
1894 1738 2383 1811 a_regeAMr'esoru_m
2418 1740 2821 1811 ﬂagitantkqut'
2861 1742 3067 1811 frustra
3107 1737 3504 1811 AdrianOpolim
3535 1738 3700 1792 venit.

487 1806 761 1873 Quantum
793 1811 1044 1863 adventus
1084 1809 1198 1878 ejus
1230 1806 1606 1862 Cantacuzeno
1633 1809 1882 1878 abfuerit.
1927 1806 2264 1865 Prédatores
2291 1806 2436 1865 Moesi
2468 1806 2609 1865 male
2638 1829 2672 1864 α
2703 1806 2992 1866 Thracibus
3048 1820 3098 1864 et
3135 1809 3314 1863 Persis
3345 1811 3701 1878 accipiuntur.

486 1879 685 1952 Moesus
731 1880 944 1945 timens,
991 1879 1370 1952 pacemupetit,
1392 1894 1554 1952 quam
1589 1881 1699 1952 suis
1735 1878 1854 1932 licet
1882 1880 2083 1952 iuvius,
2118 1880 2804 1952 conceditCantacuzenus.
2841 1882 2961 1951 Ipse
2990 1896 3197 1952 quoque
3238 1882 3408 1934 denuo
3444 1880 3507 1932 ab
3538 1880 3709 1952 impe-

489 1951 687 2003 ratrice
739 1964 925 2020 pacem
972 1947 1124 2020 petit.
1160 1947 1296 2021 Ejus
1347 1947 1512 2021 legati
1557 1948 1849 2005 uiolantur.
1901 1947 2118 2022 Syrales
2166 1953 2293 2007 item
2342 1951 2800 2021 familiarissimus
2854 1947 3191 2023 i'nterbipitur
3242 1957 3293 2004 et
3359 1947 3707 2022 ignominiosa

489 2030 740 2074 uexatur.

438 2177 442 2181 ς
487 2137 735 2208 Populus
798 2137 1324 2209 Adrianopolitanus
1347 2180 1361 2205 ,
1400 2148 1694 2210 postquam
1728 2138 2016 2210 primores
2046 2153 2088 2209 Β

415 2231 657 2288 civitatis
704 2231 921 2285 vinctos
963 2230 1284 2302 Byzantium
1344 2231 1529 2298 misit,
1586 2230 1892 2286 formidans
1946 2248 2017 2286 ne

417 2320 1155 2393 imperatorCantacuzenus
1172 2335 1345 2392 prope
1367 2321 1590 2387 absens,
1605 2336 1731 2377 eum
1757 2322 2018 2377 universo

380 2442 383 2445 -
419 2415 665 2470 exercitu
706 2414 901 2469 urbem
952 2412 1294 2480 adoriretur,
1348 2429 1449 2468 nec
1486 2421 1676 2482 posset
1729 2428 1789 2470 se
1820 2412 2017 2467 defen-

418 2510 578 2578 dere,
612 2510 760 2581 quod
796 2509 1003 2565 milites
1049 2523 1242 2564 omnes
1276 2508 1452 2563 ferme
1493 2511 1694 2579 partim
1744 2509 1893 2580 capti
1928 2524 2018 2564 es-

420 2610 586 2668 sent,
666 2600 865 2671 partim
913 2615 947 2656 e
1012 2600 1354 2669 domiciliis,
1425 2601 1520 2656 ubi
1568 2600 1835 2669 latebant,
1886 2617 2020 2672 pro-

421 2694 638 2765 spicere
702 2708 807 2747 non
876 2694 1167 2759 auderent,
1233 2692 1301 2747 ad
1351 2693 1469 2747 lnec
1521 2693 1736 2748 nullum
1807 2692 2020 2766 Byzan-

425 2796 502 2842 tio
571 2781 886 2840 subsidium
941 2792 1272 2853 exspectans
1335 2784 1596 2856 (sciebat
1639 2785 1789 2839 enim
1820 2784 1877 2839 in
1901 2785 2022 2856 ejus

423 2879 570 2951 agris
633 2878 833 2933 stativa
896 2877 1103 2932 habere
1157 2877 1657 2949 Cantacuzenum),
1715 2878 1783 2932 ad
1832 2892 2019 2948 regem

427 2974 723 3029 Moesorum
758 2972 987 3042 legatos,
1015 2970 1225 3025 celeres
1264 2971 1548 3042 suppetias
1577 2984 1796 3027 oratum
1831 2970 2021 3027 mittit.

429 3062 744 3121 Alexander
771 3074 981 3128 autem,
1025 3073 1087 3118 ut
1116 3074 1237 3120 erat
1269 3064 1596 3128 verisimile,
1635 3080 1744 3119 non
1789 3074 2021 3136 propter

427 3158 762 3213 seditionem
816 3157 1198 3212 tantummodo
1229 3196 1245 3222 ,
1289 3155 1384 3212 sed
1416 3156 1585 3212 etiam
1638 3156 1872 3227 pecunia
1925 3156 2020 3225 (si

428 3250 789 3320 magistratus
837 3248 995 3303 urbis
1046 3248 1311 3303 videlicet
1382 3247 1743 3319 corrupisset)
1786 3247 2026 3302 deditio-

429 3358 553 3398 nem
585 3341 802 3397 civibus
840 3356 899 3396 se
936 3355 1331 3411 persuasurum
1358 3340 1642 3411 Opinatus,
1667 3339 1804 3394 citra
1838 3339 2025 3409 prola-

429 3436 643 3490 tionem
674 3431 1071 3502 Adrianopolin
1100 3433 1274 3486 venit.
1305 3429 1411 3486 Sed
1444 3432 1649 3485 frustra
1693 3429 1835 3497 fuit;
1873 3429 2026 3483 urbis

429 3524 580 3580 enim
638 3532 887 3579 rectores
929 3521 1144 3576 socium
1187 3537 1269 3585 se,
1320 3537 1429 3575 non
1458 3520 1743 3576 dominum
1795 3534 2024 3575 vocasse

433 3619 680 3674 aieban‘t.
736 3617 807 3671 At
877 3616 1025 3670 enim
1095 3616 1484 3671 Cantaeuzeno
1562 3616 1685 3687 ejus
1753 3616 2025 3671 adventus

434 3726 541 3765 non
578 3709 873 3779 vulgariter
913 3708 1121 3771 nocuit,
1174 3708 1436 3763 omnibus
1466 3724 1594 3763 eum
1650 3708 2026 3779 imperatricis

433 3819 603 3858 causa
637 3801 927 3856 advenisse
954 3799 1423 3855 existimantibus.
1448 3799 1583 3853 Nam
1614 3810 1669 3853 et
1694 3801 1919 3855 missum
1956 3799 2025 3853 ab

435 3896 529 3950 illo
577 3910 771 3964 agmen
815 3892 882 3946 ad
910 3890 1114 3946 ﬂumen
1145 3891 1398 3962 Nigrum,
1427 3901 1484 3946 ct
1523 3892 1712 3954 duces,
1750 3890 1857 3944 rati
1910 3905 2024 3959 non

435 3981 695 4051 expedire
725 3980 839 4034 illic
875 3993 1101 4035 manere
1133 3996 1257 4035 cum
1307 3981 1574 4050 periculo,
1627 3981 1960 4050 imperatore
1996 3994 2026 4033 a

439 4072 621 4127 Mysis
649 4072 899 4137 obsesso,
929 4081 1282 4126 recesserunt
1313 4092 1324 4126 :
1362 4071 1725 4141 nonnullique
1757 4071 2025 4140 primarii,

438 4179 503 4219 ac
537 4163 680 4218 bona
730 4177 862 4233 pars
898 4164 1139 4218 militum
1191 4164 1400 4218 relictis
1429 4164 1667 4220 ducibus
1703 4164 2027 4236 Byzantium

440 4263 809 4327 autngerunt,
841 4271 872 4311 e
905 4256 1108 4326 quibus
1148 4263 1268 4309 erat
1295 4255 1535 4311 Joannes
1566 4254 1820 4310 Batatzes
1846 4247 2029 4324 Aehy-

442 4350 712 4403 raitarum
766 4347 902 4403 aciei
960 4346 1314 4417 praepositus.
1367 4346 1437 4401 Et
1480 4346 1730 4401 Thracia:
1787 4347 2034 4402 Macedo-

441 4440 657 4510 nixque
714 4438 936 4509 oppida,
994 4447 1271 4508 quotquot
1326 4437 1808 4519 in‘Cantacuzeni
1864 4439 2033 4493 ditio-

442 4550 568 4590 nem
597 4549 656 4590 se
688 4533 1054 4599 tradiderant,
1083 4533 1273 4602 paucis
1311 4533 1610 4588 admodum
1657 4534 1940 4603 exceptis,
1976 4540 2036 4586 ut

380 4671 386 4677 .
446 4625 644 4681 M03503
668 4634 862 4681 contra
896 4639 1025 4679 eum
1062 4625 1293 4680 irruisse
1326 4627 1739 4687 intellexerunt,
1774 4624 1940 4699 simul
1970 4625 2035 4678 ad

444 4718 741 4786 Augustam
784 4714 1149 4782 defecerunt,
1184 4715 1689 4786 locnpletioresqne
1723 4715 1872 4769 cives
1910 4728 2036 4767 cum

448 4807 722 4878 praefectis
752 4806 990 4862 vinculis
1017 4808 1351 4866 constrictos
1376 4848 1391 4873 ,
1424 4808 1746 4879 Byzantium
1777 4807 2036 4876 deporta-

448 4898 828 4955 runt.Similia
852 4898 1150 4970 Rhodopes
1173 4901 1373 4971 oppida
1397 4900 2036 4970 desi‘gnarunt,commu-

449 5005 633 5061 neque
690 4991 958 5048 adversus
990 4988 1439 5047 Cantacuzrnum
1483 5001 1540 5046 et
1565 4991 1904 5060 potentiores
1934 5006 2035 5046 cu-

447 5083 646 5155 iusque
673 5083 861 5154 oppidi
898 5085 1048 5139 cives
1084 5083 1285 5139 bellum
1321 5083 1639 5154 gerebatur.
1675 5082 1869 5139 Fertne
1885 5084 2035 5139 enim

453 5177 508 5230 in
539 5176 678 5230 duas
705 5174 976 5231 factiones
1005 5175 1417 5243 discesserant,
1449 5176 1749 5247 paucisque
1778 5193 1809 5231 a
1835 5176 2039 5232 Canta-

2067 4850 2116 4906 D

2193 2141 2261 2195 Ὀ
2304 2142 2404 2212 μέν
2459 2159 2541 2197 τοι
2574 2142 2632 2196 ὲν
2694 2142 3136 2212 Ἀδριανουπόλει
3170 2141 3367 2212 δῆμος,
3406 2140 3533 2195 ἐπεὶ
3577 2130 3716 2203 τους

2118 2232 2377 2297 δυνατοὺς
2423 2234 2605 2288 αὐτῶν
2647 2235 2936 2305 δεσμώτας
2978 2237 3061 2300 είς
3087 2233 3387 2299 Βυζάντιον
3417 2233 3713 2302 παρέπεμο

2118 2327 2247 2398 ψαν,
2274 2327 2551 2393 δείσαντες
2582 2329 2657 2399 μὴ
2696 2329 2864 2398 ἐγγὺς
2898 2329 3154 2399 βασιλεὺς
3171 2327 3470 2399 διατρίϐων
3509 2328 3537 2379 ό
3565 2327 3715 2378 Καν-

2120 2417 2475 2485 τακουζηνὸς,
2533 2417 2731 2488 ἁθρόον
2764 2418 2947 2483 αὐτοῖς
2998 2417 3430 2489 ὲπιστρατεύσῃ,
3490 2414 3711 2486 καὶούχ

2119 2501 2224 2563 οἷοί
2253 2523 2315 2560 τε
2366 2506 2675 2577 ἀμύνεσθαι
2723 2502 2828 2562 ὦσι
2874 2508 2961 2562 διὰ
2988 2510 3048 2562 τὸ
3078 2512 3203 2570 τοὺς
3236 2507 3703 2578 στρατευομένους

2124 2599 2325 2671 μικροῦ
2355 2599 2464 2653 δεῖν
2503 2600 2751 2665 ἅπαντας
2785 2602 2914 2664 τοὺς
2950 2599 3051 2666 μὲν
3094 2601 3419 2664 ἑαλωκέναι,
3466 2602 3590 2662 τοὺς
3623 2598 3704 2663 δὲ,

2125 2694 2261 2766 μηδὲ
2285 2696 2392 2749 τῶν
2430 2694 2615 2748 οίκιῶν
2650 2697 2990 2766 προκύπτειν
3033 2697 3092 2748 ἐν
3140 2691 3226 2759 αἷς
3261 2689 3721 2766 κατεκρύπτοντο

2122 2787 2349 2858 τολμᾷν,
2378 2786 2552 2850 ἄλλως
2574 2802 2635 2838 τε
2670 2785 2797 2858 μηδ’
2848 2787 2915 2840 ὲκ
2958 2786 3259 2851 Βυζαντίου
3298 2785 3554 2857 βοήθειάν
3584 2801 3705 2839 τινα

2126 2886 2276 2951 σφίσι
2325 2883 2737 2951 προσδοκῶντες
2780 2882 2933 2954 ἥξειν
2960 2899 2975 2915 ·
3039 2883 3238 2955 ᾔδεσαν
3287 2884 3396 2954 γὰρ
3430 2884 3569 2941 ,ἐκεῖ
3609 2882 3709 2953 τὴν

2124 2975 2583 3048 Καντακουζηνοῦ
2613 2975 2706 3030 τοῦ
2741 2976 3010 3047 βασιλέως
3063 2977 3325 3048 στρατιὰν
3375 2977 3709 3047 ἐστρατοπε-

2124 3067 2414 3141 δευμένηνθ
2448 3067 2586 3140 πρὸς
2617 3067 2844 3138 βασιλέα
2891 3069 3002 3123 τῶν
3028 3069 3236 3125 Μυσῶν
3266 3069 3547 3138 πέμπουσι
3578 3084 3710 3138 πρε-

2126 3161 2335 3228 σϐείαν,
2357 3161 2602 3230 δεόμενοι
2633 3160 2789 3228 σφίσι
2809 3159 2954 3214 κατὰ
2979 3161 3141 3231 τάχος
3173 3160 3411 3230 βοηθεῖν.
3460 3158 3710 3225 Ἀλέξαν-

2124 3248 2273 3323 δρος,
2306 3253 2361 3305 οὲ
2397 3252 2592 3319 ὥσπερ
2628 3245 2696 3322 ἦν
2726 3252 2894 3316 εἰκὸς,
2933 3252 2993 3304 οὐ
3037 3252 3126 3304 διὰ
3158 3253 3257 3321 τὴν
3292 3252 3482 3305 στάσιν
3531 3249 3709 3321 μόνον,

2126 3341 2262 3394 ἀλλὰ
2287 3342 2383 3395 καὶ
2404 3342 2653 3412 χρήμασι
2687 3340 2913 3410 νομίσας
2934 3342 2982 3392 εί
3003 3340 3338 3411 διαφθείρειε
3372 3343 3497 3403 τοὺς
3521 3342 3711 3410 ἄρχον-

2126 3450 2225 3496 τας
2253 3435 2351 3503 τῆς
2378 3434 2585 3496 πόλεως
2615 3434 2827 3486 πείσειν
2853 3433 3003 3504 αὐτῷ
3039 3434 3238 3506 ῥᾳδίως
3270 3436 3708 3504 προσχωρήσειν,

2124 3523 2261 3599 ἧκεν
2308 3528 2388 3588 είς
2420 3524 2867 3597 ’Δδριανούπολιν
2896 3526 3048 3581 οὐδὲν
3105 3526 3403 3597 μελλήσας.
3454 3529 3575 3580 Τεῖιν
3608 3527 3703 3596 μὲν

2126 3620 2219 3674 οὖν
2254 3620 2652 3691 μελετωμένων
2720 3620 2920 3691 ἤνυσεν
2949 3619 3121 3675 οὐδέν.
3172 3622 3234 3674 Οἱ
3266 3621 3372 3690 γὰρ
3420 3620 3519 3689 τὴν
3563 3619 3710 3673 πόλιν

2126 3714 2353 3782 ἄγοντες
2408 3714 2698 3785 σύμμαχον
2726 3714 2957 3783 ἔφασαν,
2987 3715 3048 3767 οὐ
3072 3714 3341 3784 δεσπότην
3366 3712 3712 3784 κεκληκέναι.

2127 3806 2363 3861 Βασιλέα
2396 3807 2454 3861 δὲ
2477 3808 2569 3860 τὸν
2600 3806 3061 3877 Καντακουζηνδν
3108 3807 3168 3859 οὐ
3205 3807 3276 3859 τὰ
3304 3807 3537 3875 τυχόντα
3560 3804 3715 3857 ἐϐλα-

2126 3896 2227 3966 es»;
2262 3899 2295 3967 ὴ
2324 3900 2535 3950 ἐκείνου
2582 3898 2788 3966 ἄφιξις,
2815 3898 3149 3966 νομισθεῖσα
3208 3897 3361 3968 παρὰ
3410 3899 3599 3961 πᾶσιν,
3640 3894 3711 3958 ὡς

2129 3988 2269 4058 ὑπὲρ
2303 3988 2574 4057 βασιλίδος
2598 3990 2951 4057 ἐγεγόνει-’Ἢ
2983 4005 3042 4041 τε
3073 3990 3179 4057 γὰρ
3211 3990 3351 4060 πρὸς
3382 3991 3474 4041 τὸν
3503 3987 3713 4041 Μέλανα

2130 4082 2380 4151 ποταμὸν
2411 4081 2801 4152 ἀπεσταλμένη
2840 4082 2969 4153 παρ’
3016 4082 3230 4135 ἐκείνου
3283 4082 3514 4151 στρατιὰ
3546 4080 3641 4133 καὶ
3665 4078 3713 4131 oi

2133 4169 2454 4240 στρατηγοὶ,
2511 4169 2587 4239 μὴ
2621 4172 2942 4240 νομίσαντες
2973 4171 3274 4223 λυσιτελεῖν
3332 4169 3569 4222 ἐνταῦθα
3601 4168 3715 4221 δια-

2132 4263 2467 4317 κινδυνεύειν
2493 4262 2586 4315 τοῦ
2607 4262 2872 4332 βασιλέως
2898 4263 3052 4332 σφίσι
3082 4262 3540 4333 πολιορκουμένου
3569 4260 3716 4330 παρᾶ

2132 4350 2240 4403 τῶν
2266 4350 2493 4415 Μυσῶν,
2529 4351 2988 4420 ὲπανεζεύγνυον.
3031 4351 3118 4405 Ἐν
3160 4351 3217 4404 δὲ
3247 4355 3312 4422 τῇ
3346 4352 3713 4421 ἀναχωρήσει,

2131 4441 2240 4494 τῶν
2272 4456 2330 4493 τε
2372 4441 2757 4510 συγκλητικῶν
2801 4459 2950 4506 τινες
2988 4444 3078 4496 καὶ
3109 4443 3209 4496 οὐκ
3226 4442 3408 4511 ⁴όλίγοι
3450 4444 3712 4512 στρατιῶ-

2134 4550 2248 4599 ται,
2283 4534 2412 4596 τοὺς
2472 4534 2820 4602 στρατηγοὺς
2873 4532 3292 4599 καταλιπόντες,
3350 4534 3718 4604 διεδίδρασκον

2136 4626 2216 4689 είς
2244 4626 2564 4689 Βυζάντιον.
2586 4617 2690 4700 Ὧν
2717 4619 2787 4694 ἦν
2816 4625 2910 4677 καὶ
2937 4626 2966 4678 ό
3002 4626 3287 4696 Βιτὰτζης
3327 4628 3607 4697 Ἰωάννης,
3629 4628 3718 4682 τά·

2139 4714 2220 4779 ξιν
2248 4715 2397 4779 ἄγων
2422 4711 2520 4784 τὴν
2557 4706 2897 4783 Ἀχυραιίέῶν
2941 4716 3511 4786 προσαγορευομένην.
3540 4716 3644 4771 Καὶ
3666 4714 3721 4769 αί

2140 4806 2243 4877 τῆς
2274 4804 2496 4876 Θρᾴκης
2533 4806 2627 4857 καὶ¹
2655 4805 3000 4868 Μακεδονίας
3047 4806 3231 4869 πόλεις
3259 4807 3382 4860 ὅσαι
3417 4806 3629 4878 βασιλεῖ
3646 4806 3723 4878 τῷ

2146 4896 2589 4968 Καντακουζηνῷ
2621 4898 2852 4969 ὑπήκοοι
2879 4893 3041 4977 ᾖσαν,
3068 4899 3168 4970 τὴν
3206 4898 3434 4971 ἐσϐολὴν
3465 4899 3574 4953 τῶν
3603 4901 3724 4955 Μυ-

2149 4989 2258 5043 σῶν
2313 4988 2641 5059 πυθόμεναι,
2698 4990 2776 5053 ὡς
2817 4991 2962 5045 κατὰ
2998 4991 3265 5061 βασιλέως
3305 4993 3537 5061 γένοιτο,
3588 4993 3727 5061 πλὴν

2146 5082 2346 5153 ὀλίγων
2378 5082 2520 5149 λίαν,
2547 5082 2686 5157 πρὸς
2716 5083 2968 5155 βασιλίδα
2997 5087 3440 5156 συναπέστησαν,
3468 5087 3565 5139 καὶ
3602 5086 3729 5148 τούς

2141 5194 2208 5232 τε
2241 5179 2507 5248 ἄρχοντας
2547 5177 2753 5243 αὐτῶν,
2784 5180 2881 5234 καὶ
2909 5177 3017 5232 τῶν
3049 5177 3289 5232 πολιτῶν
3322 5178 3729 5247 συλλαμϐάνονη

453 5282 664 5323 ettzeno
702 5266 1058 5333 facientibus,
1097 5266 1253 5336 plebs
1288 5284 1319 5322 a
1357 5267 1638 5323 seditiosis
1665 5278 1720 5324 et
1756 5270 2025 5341 cgentibu:

2145 5284 2237 5330 τες
2267 5269 2392 5331 τοὺς
2412 5267 2697 5333 δυνατοὺς,
2732 5266 2838 5321 ὑπὸ
2867 5267 3086 5338 δεσμοῖς
3111 5268 3191 5330 εις
3213 5268 3506 5332 Βυζάντιον
3532 5268 3730 5321 ἀπεκό-

454 5358 773 5426 sollicitata,
809 5358 1147 5428 imperatrici
1185 5357 1406 5414 favebat
1453 5353 1674 5430 potius;
1711 5361 1916 5432 ubique
1947 5378 2047 5418 au-

454 5459 564 5503 tem
611 5450 897 5520 popularis
928 5447 1226 5503 multitudo
1252 5450 1509 5521 superior
1530 5489 1545 5516 ,
1580 5450 1813 5508 ditiores
1842 5452 2040 5509 interi—

457 5536 664 5602 mebat,
728 5535 1042 5607 miseraque
1082 5537 1336 5596 confusio
1391 5556 1456 5597 ac
1484 5542 1824 5613 perturbatio
1875 5542 2043 5598 urbes

456 5629 827 5701 occupabant.
844 5628 1007 5703 M5
1047 5631 1354 5690 Alexander
1378 5649 1502 5690 cum
1522 5635 1913 5708 Adrianopolin
1943 5636 2044 5693 ob—

461 5720 638 5777 tinere
681 5720 1048 5818 nequivisset,
1106 5739 1283 5790 prope
1330 5726 1800 5792 Didvmoticlmm,
1858 5727 2044 5786 Hebro

2150 5357 2329 5427 μιζον.
2362 5357 2442 5421 Τὰ
2469 5358 2560 5412 ίσα
2608 5359 2666 5412 δὲ
2698 5358 2793 5412 καὶ
2824 5358 2883 5412 αί
2930 5359 3074 5414 κατὰ
3102 5360 3200 5431 τὴν
3241 5361 3504 5432 Ῥοδόπην
3548 5361 3730 5424 πόλεις

2149 5448 2351 5519 ἔδρων·
2386 5450 2484 5504 καὶ
2514 5451 2694 5515 κοινὸς
2722 5447 2791 5523 ἦν
2827 5453 2855 5505 ό
2889 5453 3127 5523 πόλεμος
3150 5454 3286 5522 πρός
3313 5471 3373 5507 τε
3416 5455 3731 5508 Καντακιυ-

2153 5540 2316 5616 ζηνδν
2344 5545 2437 5599 τὸν
2462 5546 2690 5617 βασιλέα
2722 5548 2818 5601 καὶ
2843 5548 2971 5610 τοὺς
2999 5549 3131 5618 παρ’
3161 5548 3414 5611 ἑκάστοις
3433 5546 3690 5608 δυνατούς
3712 5560 3728 5576 °

2155 5639 2342 5708 σχεδὸν
2382 5639 2492 5710 γάρ
2520 5655 2604 5691 τοι
2632 5640 2712 5704 είς
2759 5638 2855 5693 δύο
2896 5639 3125 5711 διῄρητο
3178 5641 3247 5694 τὰ
3274 5638 3384 5693 τῶν
3411 5638 3729 5693 πολιτεῶνο

2157 5733 2250 5786 καὶ⁷
2297 5732 2345 5785 οἱ
2384 5731 2482 5788 μὲν
2509 5730 2685 5785 ὀλίγοι
2736 5732 2804 5789 τὰ
2834 5730 3295 5802 Καντακουζηνοῦ
3351 5729 3447 5785 τοῦ
3471 5729 3737 5795 Βασιλέως,
