  <div class='ocr_page' id='page_1' title='image "/cluster/home/n/w/nwhite01/storage/ocr_20150623/153:no.1/coo.31924054870583/444.png"; bbox 0 0 4054 6424; ppageno 0'>
   <div class='ocr_carea' id='block_1_1' title="bbox 401 333 510 394">
    <p class='ocr_par' dir='ltr' id='par_1_1' title="bbox 401 333 510 394">
     <span class='ocr_line' id='line_1_1' title="bbox 401 333 510 394; baseline 0.037 -3"><span class='ocrx_word' id='word_1_1' title='bbox 401 333 510 394; x_wconf 63' lang='lat'><strong>873</strong></span> 
     </span>
    </p>
   </div>
   <div class='ocr_carea' id='block_1_2' title="bbox 1567 328 2536 396">
    <p class='ocr_par' dir='ltr' id='par_1_2' title="bbox 1567 328 2536 396">
     <span class='ocr_line' id='line_1_2' title="bbox 1567 328 2536 396; baseline 0 -2"><span class='ocrx_word' id='word_1_2' title='bbox 1567 328 2111 394; x_wconf 76' lang='lat' dir='ltr'><strong>HISTORIARUM</strong></span> <span class='ocrx_word' id='word_1_3' title='bbox 2146 329 2380 396; x_wconf 83' lang='lat' dir='ltr'><strong>LIBER</strong></span> <span class='ocrx_word' id='word_1_4' title='bbox 2423 331 2536 394; x_wconf 83' lang='lat' dir='ltr'><strong>III.</strong></span> 
     </span>
    </p>
   </div>
   <div class='ocr_carea' id='block_1_3' title="bbox 3534 327 3685 394">
    <p class='ocr_par' dir='ltr' id='par_1_3' title="bbox 3534 327 3685 394">
     <span class='ocr_line' id='line_1_3' title="bbox 3534 327 3685 394; baseline -0.013 0"><span class='ocrx_word' id='word_1_5' title='bbox 3534 327 3642 394; x_wconf 63' lang='lat'><strong>874</strong></span> <span class='ocrx_word' id='word_1_6' title='bbox 3675 353 3685 362; x_wconf 89' lang='grc'><strong>·</strong></span> 
     </span>
    </p>
   </div>
   <div class='ocr_carea' id='block_1_4' title="bbox 379 443 1976 518">
    <p class='ocr_par' dir='ltr' id='par_1_4' title="bbox 379 443 1959 516">
     <span class='ocr_line' id='line_1_4' title="bbox 379 443 1959 516; baseline -0.001 -18"><span class='ocrx_word' id='word_1_7' title='bbox 379 448 572 516; x_wconf 70' lang='grc' dir='ltr'>ἔδρων,</span> <span class='ocrx_word' id='word_1_8' title='bbox 611 447 660 498; x_wconf 86' lang='grc' dir='ltr'>οἱ</span> <span class='ocrx_word' id='word_1_9' title='bbox 710 445 872 514; x_wconf 70' lang='grc' dir='ltr'>δῆμοι</span> <span class='ocrx_word' id='word_1_10' title='bbox 901 443 958 498; x_wconf 68' lang='grc' dir='ltr'>δὲ</span> <span class='ocrx_word' id='word_1_11' title='bbox 1010 443 1114 499; x_wconf 76' lang='grc' dir='ltr'><strong>ὑπὸ</strong></span> <span class='ocrx_word' id='word_1_12' title='bbox 1169 443 1276 496; x_wconf 85' lang='grc' dir='ltr'><strong>τῶν</strong></span> <span class='ocrx_word' id='word_1_13' title='bbox 1325 444 1669 498; x_wconf 70' lang='grc' dir='ltr'><strong>στασιαστῶν</strong></span> <span class='ocrx_word' id='word_1_14' title='bbox 1697 444 1959 515; x_wconf 77' lang='grc' dir='ltr'><strong>ἀγόμενοι</strong></span> 
     </span>
    </p>
   </div>
   <div class='ocr_carea' id='block_1_5' title="bbox 2079 443 3644 518">
    <p class='ocr_par' dir='ltr' id='par_1_5' title="bbox 2083 443 3644 518">
     <span class='ocr_line' id='line_1_5' title="bbox 2083 443 3644 518; baseline 0.005 -20"><span class='ocrx_word' id='word_1_15' title='bbox 2083 444 2308 499; x_wconf 76' lang='lat' dir='ltr'><strong>tendum</strong></span> <span class='ocrx_word' id='word_1_16' title='bbox 2348 446 2587 502; x_wconf 75' lang='lat' dir='ltr'><strong>transito</strong></span> <span class='ocrx_word' id='word_1_17' title='bbox 2642 451 2823 502; x_wconf 80' lang='lat' dir='ltr'><strong>castra</strong></span> <span class='ocrx_word' id='word_1_18' title='bbox 2885 443 3112 512; x_wconf 80' lang='lat' dir='ltr'><strong>locavit,</strong></span> <span class='ocrx_word' id='word_1_19' title='bbox 3168 443 3545 518; x_wconf 85' lang='lat' dir='ltr'><strong>deiectamque</strong></span> <span class='ocrx_word' id='word_1_20' title='bbox 3574 451 3644 506; x_wconf 86' lang='lat' dir='ltr'><strong>de</strong></span> 
     </span>
    </p>
   </div>
   <div class='ocr_carea' id='block_1_6' title="bbox 376 534 1951 608">
    <p class='ocr_par' dir='ltr' id='par_1_6' title="bbox 376 534 1951 608">
     <span class='ocr_line' id='line_1_6' title="bbox 376 534 1951 608; baseline -0.002 -16"><span class='ocrx_word' id='word_1_21' title='bbox 376 536 614 593; x_wconf 69' lang='grc' dir='ltr'>καὶοτῶν</span> <span class='ocrx_word' id='word_1_22' title='bbox 670 537 917 607; x_wconf 82' lang='grc' dir='ltr'>ἀπόρων,</span> <span class='ocrx_word' id='word_1_23' title='bbox 974 538 1041 590; x_wconf 64' lang='lat' dir='ltr'><strong>ea</strong></span> <span class='ocrx_word' id='word_1_24' title='bbox 1097 535 1373 606; x_wconf 79' lang='grc' dir='ltr'>βασιλίδος</span> <span class='ocrx_word' id='word_1_25' title='bbox 1431 534 1662 608; x_wconf 77' lang='grc' dir='ltr'>ᾑροῦντο</span> <span class='ocrx_word' id='word_1_26' title='bbox 1717 535 1951 605; x_wconf 75' lang='grc' dir='ltr'>μᾶλλονο</span> 
     </span>
    </p>
   </div>
   <div class='ocr_carea' id='block_1_7' title="bbox 378 627 1954 699">
    <p class='ocr_par' dir='ltr' id='par_1_7' title="bbox 378 627 1954 699">
     <span class='ocr_line' id='line_1_7' title="bbox 378 627 1954 699; baseline -0.003 -15"><span class='ocrx_word' id='word_1_27' title='bbox 378 642 666 692; x_wconf 82' lang='grc' dir='ltr'>κοειττους</span> <span class='ocrx_word' id='word_1_28' title='bbox 703 629 760 682; x_wconf 80' lang='grc' dir='ltr'>δὲ</span> <span class='ocrx_word' id='word_1_29' title='bbox 781 631 830 680; x_wconf 88' lang='grc' dir='ltr'><strong>οί</strong></span> <span class='ocrx_word' id='word_1_30' title='bbox 855 628 1042 681; x_wconf 76' lang='grc' dir='ltr'>πολλοὶ</span> <span class='ocrx_word' id='word_1_31' title='bbox 1074 627 1349 699; x_wconf 88' lang='grc' dir='ltr'>πανταχοῦ</span> <span class='ocrx_word' id='word_1_32' title='bbox 1383 631 1684 698; x_wconf 84' lang='grc' dir='ltr'>γινόμενοι,</span> <span class='ocrx_word' id='word_1_33' title='bbox 1716 627 1954 696; x_wconf 85' lang='grc' dir='ltr'>διέφθει-</span> 
     </span>
    </p>
   </div>
   <div class='ocr_carea' id='block_1_8' title="bbox 384 719 1959 794">
    <p class='ocr_par' dir='ltr' id='par_1_8' title="bbox 384 719 1959 794">
     <span class='ocr_line' id='line_1_8' title="bbox 384 719 1959 794; baseline -0.002 -18"><span class='ocrx_word' id='word_1_34' title='bbox 384 740 477 794; x_wconf 87' lang='grc' dir='ltr'><strong>ρον</strong></span> <span class='ocrx_word' id='word_1_35' title='bbox 505 722 632 784; x_wconf 73' lang='grc' dir='ltr'>τοὺς</span> <span class='ocrx_word' id='word_1_36' title='bbox 656 720 938 784; x_wconf 89' lang='grc' dir='ltr'>δυνατούς.</span> <span class='ocrx_word' id='word_1_37' title='bbox 975 721 1086 776; x_wconf 78' lang='grc' dir='ltr'><strong>Καὶ</strong></span> <span class='ocrx_word' id='word_1_38' title='bbox 1119 721 1384 791; x_wconf 84' lang='grc' dir='ltr'>σύγχυσις</span> <span class='ocrx_word' id='word_1_39' title='bbox 1431 720 1580 790; x_wconf 79' lang='grc' dir='ltr'>δεινὴ</span> <span class='ocrx_word' id='word_1_40' title='bbox 1622 720 1718 773; x_wconf 77' lang='grc' dir='ltr'>καὶ</span> <span class='ocrx_word' id='word_1_41' title='bbox 1761 719 1959 786; x_wconf 80' lang='grc' dir='ltr'><strong>ἀταξία</strong></span> 
     </span>
    </p>
   </div>
   <div class='ocr_carea' id='block_1_9' title="bbox 378 811 1958 882">
    <p class='ocr_par' dir='ltr' id='par_1_9' title="bbox 378 811 1958 882">
     <span class='ocr_line' id='line_1_9' title="bbox 378 811 1958 882; baseline -0.003 -15"><span class='ocrx_word' id='word_1_42' title='bbox 378 815 478 876; x_wconf 84' lang='grc' dir='ltr'><strong>τὰς</strong></span> <span class='ocrx_word' id='word_1_43' title='bbox 512 812 696 876; x_wconf 78' lang='grc' dir='ltr'>πόλεις</span> <span class='ocrx_word' id='word_1_44' title='bbox 721 815 998 882; x_wconf 81' lang='grc' dir='ltr'>κατεῖχεν.</span> <span class='ocrx_word' id='word_1_45' title='bbox 1050 812 1399 882; x_wconf 76' lang='grc' dir='ltr'>Ἀλέξανδρος</span> <span class='ocrx_word' id='word_1_46' title='bbox 1423 811 1480 864; x_wconf 88' lang='grc' dir='ltr'>δὲ</span> <span class='ocrx_word' id='word_1_47' title='bbox 1503 812 1532 864; x_wconf 83' lang='grc' dir='ltr'><strong>δ</strong></span> <span class='ocrx_word' id='word_1_48' title='bbox 1568 811 1772 866; x_wconf 67' lang='grc' dir='ltr'>Μυσῶν</span> <span class='ocrx_word' id='word_1_49' title='bbox 1800 811 1958 880; x_wconf 85' lang='grc' dir='ltr'>βασι-</span> 
     </span>
    </p>
   </div>
   <div class='ocr_carea' id='block_1_10' title="bbox 377 901 1956 973">
    <p class='ocr_par' dir='ltr' id='par_1_10' title="bbox 377 901 1956 973">
     <span class='ocr_line' id='line_1_10' title="bbox 377 901 1956 973; baseline -0.003 -15"><span class='ocrx_word' id='word_1_50' title='bbox 377 906 514 973; x_wconf 41' lang='grc' dir='ltr'>λεὺςο</span> <span class='ocrx_word' id='word_1_51' title='bbox 565 906 686 956; x_wconf 69' lang='grc' dir='ltr'>ἐπεὶ</span> <span class='ocrx_word' id='word_1_52' title='bbox 719 904 820 965; x_wconf 82' lang='grc' dir='ltr'><strong>τὴν</strong></span> <span class='ocrx_word' id='word_1_53' title='bbox 889 902 1167 972; x_wconf 84' lang='grc' dir='ltr'>’Δδριανοῦ</span> <span class='ocrx_word' id='word_1_54' title='bbox 1215 905 1515 972; x_wconf 78' lang='grc' dir='ltr'>κατασχεῖν</span> <span class='ocrx_word' id='word_1_55' title='bbox 1541 902 1642 955; x_wconf 80' lang='grc' dir='ltr'>οὐκ</span> <span class='ocrx_word' id='word_1_56' title='bbox 1691 901 1956 971; x_wconf 75' lang='grc' dir='ltr'><strong>ἠδυνήθη,</strong></span> 
     </span>
    </p>
   </div>
   <div class='ocr_carea' id='block_1_11' title="bbox 381 993 1960 1072">
    <p class='ocr_par' dir='ltr' id='par_1_11' title="bbox 381 993 1960 1072">
     <span class='ocr_line' id='line_1_11' title="bbox 381 993 1960 1072; baseline -0.004 -22"><span class='ocrx_word' id='word_1_57' title='bbox 381 997 518 1067; x_wconf 74' lang='grc' dir='ltr'>πρὸς</span> <span class='ocrx_word' id='word_1_58' title='bbox 567 993 940 1064; x_wconf 84' lang='grc' dir='ltr'>Διδυμοτείχῳ</span> <span class='ocrx_word' id='word_1_59' title='bbox 999 995 1498 1065; x_wconf 70' lang='grc' dir='ltr'>ἐστρατοπέδευσεν</span> <span class='ocrx_word' id='word_1_60' title='bbox 1558 993 1749 1072; x_wconf 71' lang='grc' dir='ltr'>ιλθὼν,</span> <span class='ocrx_word' id='word_1_61' title='bbox 1791 994 1960 1064; x_wconf 85' lang='grc' dir='ltr'><strong>μήπω</strong></span> 
     </span>
    </p>
   </div>
   <div class='ocr_carea' id='block_1_12' title="bbox 394 1082 1961 1154">
    <p class='ocr_par' dir='ltr' id='par_1_12' title="bbox 394 1082 1961 1154">
     <span class='ocr_line' id='line_1_12' title="bbox 394 1082 1961 1154; baseline -0.001 -17"><span class='ocrx_word' id='word_1_62' title='bbox 394 1084 586 1144; x_wconf 84' lang='grc' dir='ltr'>διαϐὰς</span> <span class='ocrx_word' id='word_1_63' title='bbox 622 1084 714 1136; x_wconf 78' lang='grc' dir='ltr'>τὸν</span> <span class='ocrx_word' id='word_1_64' title='bbox 750 1083 973 1154; x_wconf 82' lang='grc' dir='ltr'>Ἕϐρον.</span> <span class='ocrx_word' id='word_1_65' title='bbox 1028 1083 1294 1154; x_wconf 84' lang='grc' dir='ltr'>Στρατιάν</span> <span class='ocrx_word' id='word_1_66' title='bbox 1348 1085 1406 1138; x_wconf 66' lang='grc' dir='ltr'>δὲ</span> <span class='ocrx_word' id='word_1_67' title='bbox 1461 1082 1864 1152; x_wconf 75' lang='grc' dir='ltr'><strong>ἀπολεξάμενος</strong></span> <span class='ocrx_word' id='word_1_68' title='bbox 1896 1085 1961 1136; x_wconf 75' lang='grc' dir='ltr'>ἐκ</span> 
     </span>
    </p>
   </div>
   <div class='ocr_carea' id='block_1_13' title="bbox 378 1173 1964 1246">
    <p class='ocr_par' dir='ltr' id='par_1_13' title="bbox 378 1173 1964 1246">
     <span class='ocr_line' id='line_1_13' title="bbox 378 1173 1964 1246; baseline 0 -20"><span class='ocrx_word' id='word_1_69' title='bbox 378 1175 476 1244; x_wconf 83' lang='grc' dir='ltr'>τῆς</span> <span class='ocrx_word' id='word_1_70' title='bbox 509 1173 644 1238; x_wconf 86' lang='grc' dir='ltr'>ἰδίας</span> <span class='ocrx_word' id='word_1_71' title='bbox 673 1174 774 1226; x_wconf 80' lang='grc' dir='ltr'>οὐκ</span> <span class='ocrx_word' id='word_1_72' title='bbox 795 1173 1006 1244; x_wconf 79' lang='grc' dir='ltr'><strong>ὀλίγην,</strong></span> <span class='ocrx_word' id='word_1_73' title='bbox 1047 1175 1183 1244; x_wconf 70' lang='grc' dir='ltr'>πρὸς</span> <span class='ocrx_word' id='word_1_74' title='bbox 1215 1175 1311 1238; x_wconf 73' lang='grc' dir='ltr'>τὰς</span> <span class='ocrx_word' id='word_1_75' title='bbox 1342 1174 1485 1228; x_wconf 87' lang='grc' dir='ltr'>κατὰ</span> <span class='ocrx_word' id='word_1_76' title='bbox 1516 1174 1736 1246; x_wconf 81' lang='grc' dir='ltr'><strong>Θρᾴκην</strong></span> <span class='ocrx_word' id='word_1_77' title='bbox 1765 1173 1964 1237; x_wconf 78' lang='grc' dir='ltr'>ἑξαπέ-</span> 
     </span>
    </p>
   </div>
   <div class='ocr_carea' id='block_1_14' title="bbox 383 1264 1962 1336">
    <p class='ocr_par' dir='ltr' id='par_1_14' title="bbox 383 1264 1962 1336">
     <span class='ocr_line' id='line_1_14' title="bbox 383 1264 1962 1336; baseline 0 -18"><span class='ocrx_word' id='word_1_78' title='bbox 383 1267 562 1318; x_wconf 83' lang='grc' dir='ltr'>στειλε</span> <span class='ocrx_word' id='word_1_79' title='bbox 611 1264 794 1327; x_wconf 80' lang='grc' dir='ltr'>πόλεις</span> <span class='ocrx_word' id='word_1_80' title='bbox 847 1265 1235 1335; x_wconf 84' lang='grc' dir='ltr'>ληϊσομένους.</span> <span class='ocrx_word' id='word_1_81' title='bbox 1299 1266 1458 1320; x_wconf 76' lang='grc' dir='ltr'>Οὕτω</span> <span class='ocrx_word' id='word_1_82' title='bbox 1507 1267 1564 1319; x_wconf 82' lang='grc' dir='ltr'>δὲ</span> <span class='ocrx_word' id='word_1_83' title='bbox 1594 1265 1862 1336; x_wconf 77' lang='grc' dir='ltr'>συμϐὰνή</span> <span class='ocrx_word' id='word_1_84' title='bbox 1897 1268 1962 1318; x_wconf 76' lang='grc' dir='ltr'>ἐκ</span> 
     </span>
    </p>
   </div>
   <div class='ocr_carea' id='block_1_15' title="bbox 386 1355 1976 1427">
    <p class='ocr_par' dir='ltr' id='par_1_15' title="bbox 386 1355 1976 1427">
     <span class='ocr_line' id='line_1_15' title="bbox 386 1355 1976 1427; baseline -0.002 -18"><span class='ocrx_word' id='word_1_85' title='bbox 386 1355 680 1420; x_wconf 75' lang='grc' dir='ltr'>Βυζαντίου</span> <span class='ocrx_word' id='word_1_86' title='bbox 742 1355 1004 1423; x_wconf 82' lang='grc' dir='ltr'>Ἀγγέλου</span> <span class='ocrx_word' id='word_1_87' title='bbox 1053 1355 1150 1409; x_wconf 81' lang='grc' dir='ltr'><strong>τοῦ</strong></span> <span class='ocrx_word' id='word_1_88' title='bbox 1208 1356 1482 1427; x_wconf 84' lang='grc' dir='ltr'>πιγκέρνη</span> <span class='ocrx_word' id='word_1_89' title='bbox 1545 1355 1976 1426; x_wconf 83' lang='grc' dir='ltr'>ἀναστρέφουσα.</span> 
     </span>
    </p>
   </div>
   <div class='ocr_carea' id='block_1_16' title="bbox 388 1445 1966 1517">
    <p class='ocr_par' dir='ltr' id='par_1_16' title="bbox 388 1445 1966 1517">
     <span class='ocr_line' id='line_1_16' title="bbox 388 1445 1966 1517; baseline -0.002 -18"><span class='ocrx_word' id='word_1_90' title='bbox 388 1446 642 1517; x_wconf 81' lang='grc' dir='ltr'>στρατιὰ,</span> <span class='ocrx_word' id='word_1_91' title='bbox 664 1446 761 1498; x_wconf 81' lang='grc' dir='ltr'>οὐκ</span> <span class='ocrx_word' id='word_1_92' title='bbox 801 1445 1006 1512; x_wconf 80' lang='grc' dir='ltr'>ὀλίγοις</span> <span class='ocrx_word' id='word_1_93' title='bbox 1038 1445 1218 1498; x_wconf 83' lang='grc' dir='ltr'>αὐτῶν</span> <span class='ocrx_word' id='word_1_94' title='bbox 1244 1445 1638 1516; x_wconf 81' lang='grc' dir='ltr'>περιτυχοῦσα,</span> <span class='ocrx_word' id='word_1_95' title='bbox 1670 1447 1762 1498; x_wconf 69' lang='grc' dir='ltr'><strong>καὶ</strong></span> <span class='ocrx_word' id='word_1_96' title='bbox 1782 1445 1966 1514; x_wconf 78' lang='grc' dir='ltr'>κρείτ·</span> 
     </span>
    </p>
   </div>
   <div class='ocr_carea' id='block_1_17' title="bbox 387 1535 1966 1609">
    <p class='ocr_par' dir='ltr' id='par_1_17' title="bbox 387 1535 1966 1609">
     <span class='ocr_line' id='line_1_17' title="bbox 387 1535 1966 1609; baseline -0.001 -19"><span class='ocrx_word' id='word_1_97' title='bbox 387 1556 497 1592; x_wconf 88' lang='grc' dir='ltr'><strong>των</strong></span> <span class='ocrx_word' id='word_1_98' title='bbox 525 1540 813 1606; x_wconf 79' lang='grc' dir='ltr'>γενομένη,</span> <span class='ocrx_word' id='word_1_99' title='bbox 850 1538 1145 1590; x_wconf 83' lang='grc' dir='ltr'>ἀπέκτεινε</span> <span class='ocrx_word' id='word_1_100' title='bbox 1174 1539 1316 1590; x_wconf 85' lang='grc' dir='ltr'><strong>κατά</strong></span> <span class='ocrx_word' id='word_1_101' title='bbox 1343 1539 1443 1607; x_wconf 76' lang='grc' dir='ltr'>τὴν</span> <span class='ocrx_word' id='word_1_102' title='bbox 1480 1538 1682 1609; x_wconf 84' lang='grc' dir='ltr'>μάχην.</span> <span class='ocrx_word' id='word_1_103' title='bbox 1731 1535 1966 1605; x_wconf 81' lang='grc' dir='ltr'>Ὁμοίως</span> 
     </span>
    </p>
   </div>
   <div class='ocr_carea' id='block_1_18' title="bbox 385 1625 1966 1700">
    <p class='ocr_par' dir='ltr' id='par_1_18' title="bbox 385 1625 1966 1700">
     <span class='ocr_line' id='line_1_18' title="bbox 385 1625 1966 1700; baseline -0.001 -18"><span class='ocrx_word' id='word_1_104' title='bbox 385 1631 442 1682; x_wconf 72' lang='grc' dir='ltr'>ἃ</span> <span class='ocrx_word' id='word_1_105' title='bbox 474 1634 569 1682; x_wconf 66' lang='grc' dir='ltr'><strong>και⁵</strong></span> <span class='ocrx_word' id='word_1_106' title='bbox 591 1629 720 1700; x_wconf 73' lang='grc' dir='ltr'>περὶ</span> <span class='ocrx_word' id='word_1_107' title='bbox 740 1629 812 1682; x_wconf 84' lang='grc' dir='ltr'><strong>τὰ</strong></span> <span class='ocrx_word' id='word_1_108' title='bbox 847 1628 1093 1700; x_wconf 81' lang='grc' dir='ltr'>παράλια</span> <span class='ocrx_word' id='word_1_109' title='bbox 1127 1631 1226 1699; x_wconf 80' lang='grc' dir='ltr'>τῆς</span> <span class='ocrx_word' id='word_1_110' title='bbox 1251 1628 1472 1699; x_wconf 81' lang='grc' dir='ltr'>Θρᾴκης</span> <span class='ocrx_word' id='word_1_111' title='bbox 1524 1628 1702 1698; x_wconf 88' lang='grc' dir='ltr'>χωρία</span> <span class='ocrx_word' id='word_1_112' title='bbox 1736 1625 1966 1697; x_wconf 76' lang='grc' dir='ltr'>στρατιὰ</span> 
     </span>
    </p>
   </div>
   <div class='ocr_carea' id='block_1_19' title="bbox 386 1718 1962 1792">
    <p class='ocr_par' dir='ltr' id='par_1_19' title="bbox 386 1718 1962 1792">
     <span class='ocr_line' id='line_1_19' title="bbox 386 1718 1962 1792; baseline -0.003 -18"><span class='ocrx_word' id='word_1_113' title='bbox 386 1720 630 1792; x_wconf 82' lang='grc' dir='ltr'>Περσικὴ</span> <span class='ocrx_word' id='word_1_114' title='bbox 656 1722 747 1774; x_wconf 77' lang='grc' dir='ltr'><strong>ἐπὶ</strong></span> <span class='ocrx_word' id='word_1_115' title='bbox 776 1720 929 1773; x_wconf 87' lang='grc' dir='ltr'>λείαν</span> <span class='ocrx_word' id='word_1_116' title='bbox 955 1721 1050 1773; x_wconf 79' lang='grc' dir='ltr'>καὶ</span> <span class='ocrx_word' id='word_1_117' title='bbox 1077 1721 1218 1791; x_wconf 79' lang='grc' dir='ltr'>αὐτη</span> <span class='ocrx_word' id='word_1_118' title='bbox 1257 1719 1654 1791; x_wconf 83' lang='grc' dir='ltr'>περαιωθεῖσα,</span> <span class='ocrx_word' id='word_1_119' title='bbox 1681 1719 1793 1782; x_wconf 82' lang='grc' dir='ltr'>τοῖς</span> <span class='ocrx_word' id='word_1_120' title='bbox 1830 1718 1962 1771; x_wconf 83' lang='grc' dir='ltr'>ύπο-</span> 
     </span>
    </p>
   </div>
   <div class='ocr_carea' id='block_1_20' title="bbox 2057 533 3646 596">
    <p class='ocr_par' dir='ltr' id='par_1_20' title="bbox 2057 533 3646 596">
     <span class='ocr_line' id='line_1_20' title="bbox 2057 533 3646 596; baseline 0.004 -6"><span class='ocrx_word' id='word_1_121' title='bbox 2057 533 2311 590; x_wconf 80' lang='lat' dir='ltr'><strong>exereitu</strong></span> <span class='ocrx_word' id='word_1_122' title='bbox 2335 552 2560 592; x_wconf 86' lang='lat' dir='ltr'><strong>manum</strong></span> <span class='ocrx_word' id='word_1_123' title='bbox 2615 551 2723 591; x_wconf 91' lang='lat' dir='ltr'><strong>non</strong></span> <span class='ocrx_word' id='word_1_124' title='bbox 2777 537 3047 593; x_wconf 79' lang='lat' dir='ltr'><strong>modicam</strong></span> <span class='ocrx_word' id='word_1_125' title='bbox 3087 539 3152 592; x_wconf 89' lang='lat' dir='ltr'><strong>ad</strong></span> <span class='ocrx_word' id='word_1_126' title='bbox 3177 539 3344 594; x_wconf 84' lang='lat' dir='ltr'><strong>urbes</strong></span> <span class='ocrx_word' id='word_1_127' title='bbox 3398 537 3646 596; x_wconf 65' lang='lat' dir='ltr'><strong>Thracia:</strong></span> 
     </span>
    </p>
   </div>
   <div class='ocr_carea' id='block_1_21' title="bbox 2072 625 3646 702">
    <p class='ocr_par' dir='ltr' id='par_1_21' title="bbox 2072 625 3646 702">
     <span class='ocr_line' id='line_1_21' title="bbox 2072 625 3646 702; baseline 0.003 -23"><span class='ocrx_word' id='word_1_128' title='bbox 2072 625 2485 696; x_wconf 82' lang='lat' dir='ltr'><strong>depopulandas</strong></span> <span class='ocrx_word' id='word_1_129' title='bbox 2535 627 2704 702; x_wconf 85' lang='lat' dir='ltr'><strong>misit.</strong></span> <span class='ocrx_word' id='word_1_130' title='bbox 2737 625 2876 683; x_wconf 90' lang='lat' dir='ltr'><strong>Tum</strong></span> <span class='ocrx_word' id='word_1_131' title='bbox 2930 627 3023 697; x_wconf 90' lang='lat' dir='ltr'><strong>qui</strong></span> <span class='ocrx_word' id='word_1_132' title='bbox 3077 643 3142 682; x_wconf 80' lang='lat' dir='ltr'><strong>ex</strong></span> <span class='ocrx_word' id='word_1_133' title='bbox 3182 644 3311 696; x_wconf 84' lang='lat' dir='ltr'><strong>agro</strong></span> <span class='ocrx_word' id='word_1_134' title='bbox 3343 629 3646 699; x_wconf 74' lang='lat' dir='ltr'><strong>Byzantina</strong></span> 
     </span>
    </p>
   </div>
   <div class='ocr_carea' id='block_1_22' title="bbox 2059 716 3648 788">
    <p class='ocr_par' dir='ltr' id='par_1_22' title="bbox 2059 716 3648 788">
     <span class='ocr_line' id='line_1_22' title="bbox 2059 716 3648 788; baseline 0.001 -18"><span class='ocrx_word' id='word_1_135' title='bbox 2059 729 2184 770; x_wconf 91' lang='lat' dir='ltr'><strong>cum</strong></span> <span class='ocrx_word' id='word_1_136' title='bbox 2236 716 2446 787; x_wconf 84' lang='lat' dir='ltr'><strong>Angelo</strong></span> <span class='ocrx_word' id='word_1_137' title='bbox 2481 717 2744 788; x_wconf 90' lang='lat' dir='ltr'><strong>pincerna</strong></span> <span class='ocrx_word' id='word_1_138' title='bbox 2794 720 3230 784; x_wconf 73' lang='lat' dir='ltr'><strong>revertebantur,</strong></span> <span class='ocrx_word' id='word_1_139' title='bbox 3264 719 3516 788; x_wconf 85' lang='lat' dir='ltr'><strong>plurimis</strong></span> <span class='ocrx_word' id='word_1_140' title='bbox 3553 736 3648 774; x_wconf 79' lang='lat' dir='ltr'><strong>eo-</strong></span> 
     </span>
    </p>
   </div>
   <div class='ocr_carea' id='block_1_23' title="bbox 2061 808 3647 874">
    <p class='ocr_par' dir='ltr' id='par_1_23' title="bbox 2061 808 3647 874">
     <span class='ocr_line' id='line_1_23' title="bbox 2061 808 3647 874; baseline 0.004 -14"><span class='ocrx_word' id='word_1_141' title='bbox 2061 823 2182 861; x_wconf 88' lang='lat' dir='ltr'><strong>rum</strong></span> <span class='ocrx_word' id='word_1_142' title='bbox 2223 808 2396 874; x_wconf 86' lang='lat' dir='ltr'><strong>obvii,</strong></span> <span class='ocrx_word' id='word_1_143' title='bbox 2430 811 2692 866; x_wconf 76' lang='lat' dir='ltr'><strong>ronﬂictu</strong></span> <span class='ocrx_word' id='word_1_144' title='bbox 2729 826 2826 865; x_wconf 90' lang='lat' dir='ltr'><strong>eos</strong></span> <span class='ocrx_word' id='word_1_145' title='bbox 2853 811 3136 867; x_wconf 77' lang='lat' dir='ltr'><strong>occidunt.</strong></span> <span class='ocrx_word' id='word_1_146' title='bbox 3169 812 3435 867; x_wconf 83' lang='lat' dir='ltr'><strong>Similiter</strong></span> <span class='ocrx_word' id='word_1_147' title='bbox 3498 814 3647 869; x_wconf 69' lang='lat' dir='ltr'><strong>circa</strong></span> 
     </span>
    </p>
   </div>
   <div class='ocr_carea' id='block_1_24' title="bbox 2061 898 3648 974">
    <p class='ocr_par' dir='ltr' id='par_1_24' title="bbox 2061 898 3648 974">
     <span class='ocr_line' id='line_1_24' title="bbox 2061 898 3648 974; baseline 0.005 -25"><span class='ocrx_word' id='word_1_148' title='bbox 2061 898 2338 953; x_wconf 89' lang='lat' dir='ltr'><strong>maritima</strong></span> <span class='ocrx_word' id='word_1_149' title='bbox 2373 900 2626 956; x_wconf 74' lang='lat' dir='ltr'><strong>Thracia:</strong></span> <span class='ocrx_word' id='word_1_150' title='bbox 2681 901 2802 956; x_wconf 83' lang='lat' dir='ltr'><strong>loca</strong></span> <span class='ocrx_word' id='word_1_151' title='bbox 2836 904 3035 971; x_wconf 68' lang='lat' dir='ltr'><strong>Persae,</strong></span> <span class='ocrx_word' id='word_1_152' title='bbox 3067 920 3190 958; x_wconf 89' lang='lat' dir='ltr'><strong>cum</strong></span> <span class='ocrx_word' id='word_1_153' title='bbox 3236 913 3292 957; x_wconf 85' lang='lat' dir='ltr'><strong>et</strong></span> <span class='ocrx_word' id='word_1_154' title='bbox 3336 906 3436 973; x_wconf 74' lang='lat' dir='ltr'><strong>ipsi</strong></span> <span class='ocrx_word' id='word_1_155' title='bbox 3471 921 3648 974; x_wconf 78' lang='lat' dir='ltr'><strong>popu-</strong></span> 
     </span>
    </p>
   </div>
   <div class='ocr_carea' id='block_1_25' title="bbox 2061 989 3651 1064">
    <p class='ocr_par' dir='ltr' id='par_1_25' title="bbox 2061 989 3651 1064">
     <span class='ocr_line' id='line_1_25' title="bbox 2061 989 3651 1064; baseline 0.005 -21"><span class='ocrx_word' id='word_1_156' title='bbox 2061 989 2233 1044; x_wconf 84' lang='lat' dir='ltr'><strong>latuin</strong></span> <span class='ocrx_word' id='word_1_157' title='bbox 2284 992 2740 1060; x_wconf 84' lang='lat' dir='ltr'><strong>transmisissent,</strong></span> <span class='ocrx_word' id='word_1_158' title='bbox 2775 994 3002 1064; x_wconf 89' lang='lat' dir='ltr'><strong>reliquis</strong></span> <span class='ocrx_word' id='word_1_159' title='bbox 3043 994 3227 1050; x_wconf 59' lang='lat' dir='ltr'><strong>Mnesis</strong></span> <span class='ocrx_word' id='word_1_160' title='bbox 3277 1011 3409 1051; x_wconf 86' lang='lat' dir='ltr'><strong>easu</strong></span> <span class='ocrx_word' id='word_1_161' title='bbox 3456 1012 3651 1059; x_wconf 82' lang='lat' dir='ltr'><strong>occur.</strong></span> 
     </span>
    </p>
   </div>
   <div class='ocr_carea' id='block_1_26' title="bbox 2062 1083 3646 1157">
    <p class='ocr_par' dir='ltr' id='par_1_26' title="bbox 2062 1083 3646 1157">
     <span class='ocr_line' id='line_1_26' title="bbox 2062 1083 3646 1157; baseline 0.004 -23"><span class='ocrx_word' id='word_1_162' title='bbox 2062 1090 2280 1148; x_wconf 87' lang='lat' dir='ltr'><strong>rentes,</strong></span> <span class='ocrx_word' id='word_1_163' title='bbox 2334 1083 2545 1152; x_wconf 85' lang='lat' dir='ltr'><strong>aliquot</strong></span> <span class='ocrx_word' id='word_1_164' title='bbox 2604 1085 2941 1148; x_wconf 77' lang='lat' dir='ltr'><strong>interieCtis,</strong></span> <span class='ocrx_word' id='word_1_165' title='bbox 2991 1088 3308 1156; x_wconf 87' lang='lat' dir='ltr'><strong>complures</strong></span> <span class='ocrx_word' id='word_1_166' title='bbox 3369 1090 3646 1157; x_wconf 89' lang='lat' dir='ltr'><strong>capiunt:</strong></span> 
     </span>
    </p>
   </div>
   <div class='ocr_carea' id='block_1_27' title="bbox 2060 1171 3643 1246">
    <p class='ocr_par' dir='ltr' id='par_1_27' title="bbox 2060 1171 3643 1246">
     <span class='ocr_line' id='line_1_27' title="bbox 2060 1171 3643 1246; baseline 0.005 -22"><span class='ocrx_word' id='word_1_167' title='bbox 2060 1171 2244 1226; x_wconf 71' lang='lat' dir='ltr'><strong>caeteri</strong></span> <span class='ocrx_word' id='word_1_168' title='bbox 2272 1175 2339 1224; x_wconf 89' lang='lat' dir='ltr'><strong>ad</strong></span> <span class='ocrx_word' id='word_1_169' title='bbox 2370 1172 2676 1227; x_wconf 84' lang='lat' dir='ltr'><strong>exercitum</strong></span> <span class='ocrx_word' id='word_1_170' title='bbox 2706 1190 2867 1229; x_wconf 86' lang='lat' dir='ltr'><strong>suum</strong></span> <span class='ocrx_word' id='word_1_171' title='bbox 2903 1191 3010 1230; x_wconf 88' lang='lat' dir='ltr'><strong>non</strong></span> <span class='ocrx_word' id='word_1_172' title='bbox 3065 1179 3226 1232; x_wconf 89' lang='lat' dir='ltr'><strong>modo</strong></span> <span class='ocrx_word' id='word_1_173' title='bbox 3263 1177 3383 1231; x_wconf 87' lang='lat' dir='ltr'><strong>sine</strong></span> <span class='ocrx_word' id='word_1_174' title='bbox 3435 1193 3643 1246; x_wconf 68' lang='lat' dir='ltr'><strong>prasvia,</strong></span> 
     </span>
    </p>
   </div>
   <div class='ocr_carea' id='block_1_28' title="bbox 2064 1262 3648 1336">
    <p class='ocr_par' dir='ltr' id='par_1_28' title="bbox 2064 1262 3648 1336">
     <span class='ocr_line' id='line_1_28' title="bbox 2064 1262 3648 1336; baseline 0.003 -23"><span class='ocrx_word' id='word_1_175' title='bbox 2064 1263 2158 1314; x_wconf 87' lang='lat' dir='ltr'><strong>sed</strong></span> <span class='ocrx_word' id='word_1_176' title='bbox 2193 1271 2250 1315; x_wconf 93' lang='lat' dir='ltr'><strong>et</strong></span> <span class='ocrx_word' id='word_1_177' title='bbox 2282 1262 2469 1316; x_wconf 90' lang='lat' dir='ltr'><strong>multis</strong></span> <span class='ocrx_word' id='word_1_178' title='bbox 2495 1278 2718 1317; x_wconf 92' lang='lat' dir='ltr'><strong>suorum</strong></span> <span class='ocrx_word' id='word_1_179' title='bbox 2745 1264 2965 1318; x_wconf 88' lang='lat' dir='ltr'><strong>amissis</strong></span> <span class='ocrx_word' id='word_1_180' title='bbox 2999 1282 3056 1320; x_wconf 92' lang='lat' dir='ltr'><strong>se</strong></span> <span class='ocrx_word' id='word_1_181' title='bbox 3089 1267 3388 1336; x_wconf 88' lang='lat' dir='ltr'><strong>recipiunt.</strong></span> <span class='ocrx_word' id='word_1_182' title='bbox 3413 1269 3648 1322; x_wconf 79' lang='lat' dir='ltr'><strong>Alexan-</strong></span> 
     </span>
    </p>
   </div>
   <div class='ocr_carea' id='block_1_29' title="bbox 2064 1350 3644 1422">
    <p class='ocr_par' dir='ltr' id='par_1_29' title="bbox 2064 1350 3644 1422">
     <span class='ocr_line' id='line_1_29' title="bbox 2064 1350 3644 1422; baseline 0.006 -19"><span class='ocrx_word' id='word_1_183' title='bbox 2064 1350 2496 1421; x_wconf 73' lang='lat' dir='ltr'><strong>derquanquam</strong></span> <span class='ocrx_word' id='word_1_184' title='bbox 2543 1352 2698 1421; x_wconf 90' lang='lat' dir='ltr'><strong>prius</strong></span> <span class='ocrx_word' id='word_1_185' title='bbox 2726 1352 3170 1409; x_wconf 83' lang='lat' dir='ltr'><strong>Cantacuzenum</strong></span> <span class='ocrx_word' id='word_1_186' title='bbox 3223 1366 3644 1422; x_wconf 84' lang='lat' dir='ltr'><strong>contemneret,</strong></span> 
     </span>
    </p>
   </div>
   <div class='ocr_carea' id='block_1_30' title="bbox 2065 1444 3651 1520">
    <p class='ocr_par' dir='ltr' id='par_1_30' title="bbox 2065 1444 3651 1520">
     <span class='ocr_line' id='line_1_30' title="bbox 2065 1444 3651 1520; baseline 0.006 -24"><span class='ocrx_word' id='word_1_187' title='bbox 2065 1446 2211 1512; x_wconf 90' lang='lat' dir='ltr'><strong>quod</strong></span> <span class='ocrx_word' id='word_1_188' title='bbox 2248 1444 2351 1498; x_wconf 87' lang='lat' dir='ltr'><strong>sibi</strong></span> <span class='ocrx_word' id='word_1_189' title='bbox 2387 1461 2454 1498; x_wconf 91' lang='lat' dir='ltr'><strong>ne</strong></span> <span class='ocrx_word' id='word_1_190' title='bbox 2477 1447 2700 1515; x_wconf 90' lang='lat' dir='ltr'><strong>paulum</strong></span> <span class='ocrx_word' id='word_1_191' title='bbox 2733 1446 2954 1515; x_wconf 86' lang='lat' dir='ltr'><strong>quidem</strong></span> <span class='ocrx_word' id='word_1_192' title='bbox 2985 1449 3246 1502; x_wconf 83' lang='lat' dir='ltr'><strong>resistere</strong></span> <span class='ocrx_word' id='word_1_193' title='bbox 3273 1465 3433 1519; x_wconf 80' lang='lat' dir='ltr'><strong>posse</strong></span> <span class='ocrx_word' id='word_1_194' title='bbox 3458 1454 3651 1520; x_wconf 80' lang='lat' dir='ltr'><strong>Opina-</strong></span> 
     </span>
    </p>
   </div>
   <div class='ocr_carea' id='block_1_31' title="bbox 2066 1540 3649 1608">
    <p class='ocr_par' dir='ltr' id='par_1_31' title="bbox 2066 1540 3649 1608">
     <span class='ocr_line' id='line_1_31' title="bbox 2066 1540 3649 1608; baseline 0.006 -21"><span class='ocrx_word' id='word_1_195' title='bbox 2066 1543 2242 1600; x_wconf 89' lang='lat' dir='ltr'><strong>retur,</strong></span> <span class='ocrx_word' id='word_1_196' title='bbox 2261 1549 2384 1588; x_wconf 89' lang='lat' dir='ltr'><strong>cum</strong></span> <span class='ocrx_word' id='word_1_197' title='bbox 2410 1547 2775 1606; x_wconf 70' lang='lat' dir='ltr'><strong>praeterquam</strong></span> <span class='ocrx_word' id='word_1_198' title='bbox 2791 1540 2937 1608; x_wconf 92' lang='lat' dir='ltr'><strong>quod</strong></span> <span class='ocrx_word' id='word_1_199' title='bbox 2963 1541 3222 1608; x_wconf 90' lang='lat' dir='ltr'><strong>utrinque</strong></span> <span class='ocrx_word' id='word_1_200' title='bbox 3238 1551 3294 1596; x_wconf 93' lang='lat' dir='ltr'><strong>et</strong></span> <span class='ocrx_word' id='word_1_201' title='bbox 3319 1560 3345 1592; x_wconf 86' lang='lat' dir='ltr'><strong>a</strong></span> <span class='ocrx_word' id='word_1_202' title='bbox 3383 1543 3649 1597; x_wconf 81' lang='lat' dir='ltr'><strong>Romanis</strong></span> 
     </span>
    </p>
   </div>
   <div class='ocr_carea' id='block_1_32' title="bbox 2066 1625 3646 1701">
    <p class='ocr_par' dir='ltr' id='par_1_32' title="bbox 2066 1625 3646 1701">
     <span class='ocr_line' id='line_1_32' title="bbox 2066 1625 3646 1701; baseline 0.004 -21"><span class='ocrx_word' id='word_1_203' title='bbox 2066 1635 2175 1681; x_wconf 88' lang='lat' dir='ltr'><strong>eta</strong></span> <span class='ocrx_word' id='word_1_204' title='bbox 2212 1625 2395 1681; x_wconf 84' lang='lat' dir='ltr'><strong>Persis</strong></span> <span class='ocrx_word' id='word_1_205' title='bbox 2433 1625 2592 1682; x_wconf 87' lang='lat' dir='ltr'><strong>lusus</strong></span> <span class='ocrx_word' id='word_1_206' title='bbox 2645 1637 2816 1694; x_wconf 83' lang='lat' dir='ltr'><strong>esset,</strong></span> <span class='ocrx_word' id='word_1_207' title='bbox 2864 1628 3112 1684; x_wconf 87' lang='lat' dir='ltr'><strong>audisset</strong></span> <span class='ocrx_word' id='word_1_208' title='bbox 3166 1629 3411 1700; x_wconf 86' lang='lat' dir='ltr'><strong>insuper,</strong></span> <span class='ocrx_word' id='word_1_209' title='bbox 3469 1632 3646 1701; x_wconf 88' lang='lat' dir='ltr'><strong>ipsum</strong></span> 
     </span>
    </p>
   </div>
   <div class='ocr_carea' id='block_1_33' title="bbox 2070 1712 3646 1789">
    <p class='ocr_par' dir='ltr' id='par_1_33' title="bbox 2070 1712 3646 1789">
     <span class='ocr_line' id='line_1_33' title="bbox 2070 1712 3646 1789; baseline 0.005 -19"><span class='ocrx_word' id='word_1_210' title='bbox 2070 1712 2433 1787; x_wconf 84' lang='lat' dir='ltr'><strong>Dldymotichi</strong></span> <span class='ocrx_word' id='word_1_211' title='bbox 2457 1717 2660 1774; x_wconf 88' lang='lat' dir='ltr'><strong>habere</strong></span> <span class='ocrx_word' id='word_1_212' title='bbox 2686 1734 2944 1789; x_wconf 84' lang='lat' dir='ltr'><strong>magnum</strong></span> <span class='ocrx_word' id='word_1_213' title='bbox 2979 1735 3266 1775; x_wconf 85' lang='lat' dir='ltr'><strong>numerum</strong></span> <span class='ocrx_word' id='word_1_214' title='bbox 3296 1731 3646 1778; x_wconf 87' lang='lat' dir='ltr'><strong>strenuorum</strong></span> 
     </span>
    </p>
   </div>
   <div class='ocr_carea' id='block_1_34' title="bbox 381 1787 1976 1882">
    <p class='ocr_par' dir='ltr' id='par_1_34' title="bbox 381 1809 1956 1882">
     <span class='ocr_line' id='line_1_34' title="bbox 381 1809 1956 1882; baseline 0 -20"><span class='ocrx_word' id='word_1_215' title='bbox 381 1810 591 1874; x_wconf 86' lang='grc' dir='ltr'>λοίποις</span> <span class='ocrx_word' id='word_1_216' title='bbox 623 1809 732 1864; x_wconf 84' lang='grc' dir='ltr'><strong>τῶν</strong></span> <span class='ocrx_word' id='word_1_217' title='bbox 781 1811 984 1865; x_wconf 81' lang='grc' dir='ltr'>Μυσῶν</span> <span class='ocrx_word' id='word_1_218' title='bbox 1040 1813 1179 1865; x_wconf 79' lang='grc' dir='ltr'>κατὰ</span> <span class='ocrx_word' id='word_1_219' title='bbox 1216 1811 1386 1882; x_wconf 83' lang='grc' dir='ltr'>τύχην</span> <span class='ocrx_word' id='word_1_220' title='bbox 1422 1809 1781 1882; x_wconf 81' lang='grc' dir='ltr'>συντυχοῦσα,</span> <span class='ocrx_word' id='word_1_221' title='bbox 1818 1811 1956 1863; x_wconf 80' lang='grc' dir='ltr'><strong>ἀπέ-</strong></span> 
     </span>
    </p>
   </div>
   <div class='ocr_carea' id='block_1_35' title="bbox 2079 1787 3650 1882">
    <p class='ocr_par' dir='ltr' id='par_1_35' title="bbox 2079 1787 3650 1877">
     <span class='ocr_line' id='line_1_35' title="bbox 2079 1787 3650 1877; baseline 0.004 -17"><span class='ocrx_word' id='word_1_222' title='bbox 2079 1806 2318 1874; x_wconf 89' lang='lat' dir='ltr'><strong>nilitum,</strong></span> <span class='ocrx_word' id='word_1_223' title='bbox 2379 1807 2626 1877; x_wconf 87' lang='lat' dir='ltr'><strong>reliquiis</strong></span> <span class='ocrx_word' id='word_1_224' title='bbox 2693 1787 2808 1864; x_wconf 78' lang='lat' dir='ltr'><strong>suis</strong></span> <span class='ocrx_word' id='word_1_225' title='bbox 2860 1809 3085 1874; x_wconf 89' lang='lat' dir='ltr'><strong>timuit,</strong></span> <span class='ocrx_word' id='word_1_226' title='bbox 3170 1825 3240 1864; x_wconf 89' lang='lat' dir='ltr'><strong>ne</strong></span> <span class='ocrx_word' id='word_1_227' title='bbox 3288 1810 3428 1865; x_wconf 82' lang='lat' dir='ltr'><strong>forte</strong></span> <span class='ocrx_word' id='word_1_228' title='bbox 3488 1827 3650 1867; x_wconf 79' lang='lat' dir='ltr'><strong>secus</strong></span> 
     </span>
    </p>
   </div>
   <div class='ocr_carea' id='block_1_36' title="bbox 384 1895 1968 1967">
    <p class='ocr_par' dir='ltr' id='par_1_36' title="bbox 384 1895 1968 1967">
     <span class='ocr_line' id='line_1_36' title="bbox 384 1895 1968 1967; baseline 0 -13"><span class='ocrx_word' id='word_1_229' title='bbox 384 1902 568 1955; x_wconf 77' lang='grc' dir='ltr'>κτεινέ</span> <span class='ocrx_word' id='word_1_230' title='bbox 594 1918 656 1954; x_wconf 85' lang='grc' dir='ltr'><strong>τε</strong></span> <span class='ocrx_word' id='word_1_231' title='bbox 689 1901 785 1956; x_wconf 73' lang='grc' dir='ltr'><strong>καὶ</strong></span> <span class='ocrx_word' id='word_1_232' title='bbox 839 1895 952 1954; x_wconf 79' lang='grc' dir='ltr'>εἷλε</span> <span class='ocrx_word' id='word_1_233' title='bbox 1007 1900 1219 1965; x_wconf 72' lang='grc' dir='ltr'>ζῶντας</span> <span class='ocrx_word' id='word_1_234' title='bbox 1269 1901 1329 1967; x_wconf 67' lang='grc' dir='ltr'><strong>ἑξ</strong></span> <span class='ocrx_word' id='word_1_235' title='bbox 1380 1902 1560 1955; x_wconf 81' lang='grc' dir='ltr'>αὐτῶν</span> <span class='ocrx_word' id='word_1_236' title='bbox 1599 1900 1852 1965; x_wconf 86' lang='grc' dir='ltr'>πολλούς.</span> <span class='ocrx_word' id='word_1_237' title='bbox 1903 1902 1968 1954; x_wconf 84' lang='lat' dir='ltr'><strong>Oi.</strong></span> 
     </span>
    </p>
   </div>
   <div class='ocr_carea' id='block_1_37' title="bbox 383 1991 1964 2062">
    <p class='ocr_par' dir='ltr' id='par_1_37' title="bbox 383 1991 1964 2062">
     <span class='ocr_line' id='line_1_37' title="bbox 383 1991 1964 2062; baseline -0.004 -15"><span class='ocrx_word' id='word_1_238' title='bbox 383 1993 442 2047; x_wconf 74' lang='grc' dir='ltr'>δὲ</span> <span class='ocrx_word' id='word_1_239' title='bbox 467 1991 650 2045; x_wconf 76' lang='grc' dir='ltr'>λοιποὶ</span> <span class='ocrx_word' id='word_1_240' title='bbox 703 1993 839 2061; x_wconf 82' lang='grc' dir='ltr'>πρὸς</span> <span class='ocrx_word' id='word_1_241' title='bbox 877 1991 1246 2062; x_wconf 85' lang='grc' dir='ltr'>στρατόπεδον</span> <span class='ocrx_word' id='word_1_242' title='bbox 1300 1991 1363 2044; x_wconf 78' lang='grc' dir='ltr'>τὸ</span> <span class='ocrx_word' id='word_1_243' title='bbox 1402 1993 1605 2045; x_wconf 83' lang='grc' dir='ltr'>οίκεῖον</span> <span class='ocrx_word' id='word_1_244' title='bbox 1637 1991 1964 2060; x_wconf 72' lang='grc' dir='ltr'>ἐπανῆλθον,</span> 
     </span>
    </p>
   </div>
   <div class='ocr_carea' id='block_1_38' title="bbox 385 2081 1970 2153">
    <p class='ocr_par' dir='ltr' id='par_1_38' title="bbox 385 2081 1970 2153">
     <span class='ocr_line' id='line_1_38' title="bbox 385 2081 1970 2153; baseline -0.001 -17"><span class='ocrx_word' id='word_1_245' title='bbox 385 2084 448 2136; x_wconf 74' lang='grc' dir='ltr'>οὐ</span> <span class='ocrx_word' id='word_1_246' title='bbox 497 2083 661 2153; x_wconf 86' lang='grc' dir='ltr'>μόνον</span> <span class='ocrx_word' id='word_1_247' title='bbox 690 2082 906 2153; x_wconf 67' lang='grc' dir='ltr'>ἔχοντες</span> <span class='ocrx_word' id='word_1_248' title='bbox 938 2082 1129 2152; x_wconf 79' lang='grc' dir='ltr'>μηδὲν,</span> <span class='ocrx_word' id='word_1_249' title='bbox 1160 2081 1297 2136; x_wconf 80' lang='grc' dir='ltr'>ἀλλὰ</span> <span class='ocrx_word' id='word_1_250' title='bbox 1319 2082 1416 2136; x_wconf 73' lang='grc' dir='ltr'>καὶ</span> <span class='ocrx_word' id='word_1_251' title='bbox 1445 2081 1552 2135; x_wconf 90' lang='grc' dir='ltr'><strong>τῶν</strong></span> <span class='ocrx_word' id='word_1_252' title='bbox 1586 2081 1730 2135; x_wconf 85' lang='grc' dir='ltr'>ίδίων</span> <span class='ocrx_word' id='word_1_253' title='bbox 1743 2081 1970 2144; x_wconf 72' lang='grc' dir='ltr'>πολλοὺς</span> 
     </span>
    </p>
   </div>
   <div class='ocr_carea' id='block_1_39' title="bbox 388 2174 1972 2246">
    <p class='ocr_par' dir='ltr' id='par_1_39' title="bbox 388 2174 1972 2246">
     <span class='ocr_line' id='line_1_39' title="bbox 388 2174 1972 2246; baseline -0.005 -12"><span class='ocrx_word' id='word_1_254' title='bbox 388 2177 779 2241; x_wconf 80' lang='grc' dir='ltr'>ἀποϐαλόντες.</span> <span class='ocrx_word' id='word_1_255' title='bbox 826 2175 1178 2246; x_wconf 77' lang='grc' dir='ltr'>Ἀλέξανδρος</span> <span class='ocrx_word' id='word_1_256' title='bbox 1199 2175 1253 2228; x_wconf 69' lang='grc' dir='ltr'>δὲ</span> <span class='ocrx_word' id='word_1_257' title='bbox 1290 2174 1472 2229; x_wconf 87' lang='grc' dir='ltr'>καίτοι</span> <span class='ocrx_word' id='word_1_258' title='bbox 1505 2174 1774 2246; x_wconf 88' lang='grc' dir='ltr'>πρότερον</span> <span class='ocrx_word' id='word_1_259' title='bbox 1801 2189 1972 2227; x_wconf 89' lang='grc' dir='ltr'>κατα-</span> 
     </span>
    </p>
   </div>
   <div class='ocr_carea' id='block_1_40' title="bbox 395 2265 1972 2342">
    <p class='ocr_par' dir='ltr' id='par_1_40' title="bbox 395 2265 1972 2342">
     <span class='ocr_line' id='line_1_40' title="bbox 395 2265 1972 2342; baseline -0.003 -19"><span class='ocrx_word' id='word_1_260' title='bbox 395 2268 735 2342; x_wconf 80' lang='grc' dir='ltr'>φρονητικῶς</span> <span class='ocrx_word' id='word_1_261' title='bbox 769 2268 908 2339; x_wconf 80' lang='grc' dir='ltr'>πρὸς</span> <span class='ocrx_word' id='word_1_262' title='bbox 969 2265 1428 2336; x_wconf 78' lang='grc' dir='ltr'>Καντακουζηνὸν</span> <span class='ocrx_word' id='word_1_263' title='bbox 1457 2267 1548 2318; x_wconf 74' lang='grc' dir='ltr'>τὸν</span> <span class='ocrx_word' id='word_1_264' title='bbox 1593 2265 1820 2336; x_wconf 83' lang='grc' dir='ltr'>βασιλέα</span> <span class='ocrx_word' id='word_1_265' title='bbox 1854 2265 1972 2318; x_wconf 86' lang='grc' dir='ltr'>δια-</span> 
     </span>
    </p>
   </div>
   <div class='ocr_carea' id='block_1_41' title="bbox 401 2355 1968 2431">
    <p class='ocr_par' dir='ltr' id='par_1_41' title="bbox 401 2355 1968 2431">
     <span class='ocr_line' id='line_1_41' title="bbox 401 2355 1968 2431; baseline -0.007 -13"><span class='ocrx_word' id='word_1_266' title='bbox 401 2365 669 2431; x_wconf 82' lang='grc' dir='ltr'>κείμενος,</span> <span class='ocrx_word' id='word_1_267' title='bbox 727 2357 819 2414; x_wconf 80' lang='grc' dir='ltr'><strong>οἷα</strong></span> <span class='ocrx_word' id='word_1_268' title='bbox 863 2361 928 2431; x_wconf 80' lang='grc' dir='ltr'>δὴ</span> <span class='ocrx_word' id='word_1_269' title='bbox 957 2360 1204 2430; x_wconf 87' lang='grc' dir='ltr'>οίόμενος</span> <span class='ocrx_word' id='word_1_270' title='bbox 1261 2357 1395 2429; x_wconf 80' lang='grc' dir='ltr'>μηδὲ</span> <span class='ocrx_word' id='word_1_271' title='bbox 1453 2355 1612 2425; x_wconf 87' lang='grc' dir='ltr'>όλίγα</span> <span class='ocrx_word' id='word_1_272' title='bbox 1666 2357 1968 2426; x_wconf 85' lang='grc' dir='ltr'>δυνάμενον</span> 
     </span>
    </p>
   </div>
   <div class='ocr_carea' id='block_1_42' title="bbox 395 2447 1974 2522">
    <p class='ocr_par' dir='ltr' id='par_1_42' title="bbox 395 2447 1974 2522">
     <span class='ocr_line' id='line_1_42' title="bbox 395 2447 1974 2522; baseline -0.006 -14"><span class='ocrx_word' id='word_1_273' title='bbox 395 2453 808 2508; x_wconf 76' lang='grc' dir='ltr'>ἀντιτάττεσθαι</span> <span class='ocrx_word' id='word_1_274' title='bbox 838 2453 972 2522; x_wconf 74' lang='grc' dir='ltr'>πρὸς</span> <span class='ocrx_word' id='word_1_275' title='bbox 999 2452 1182 2516; x_wconf 79' lang='grc' dir='ltr'>αὑτὸν,</span> <span class='ocrx_word' id='word_1_276' title='bbox 1209 2449 1343 2518; x_wconf 80' lang='grc' dir='ltr'>πρὸς</span> <span class='ocrx_word' id='word_1_277' title='bbox 1379 2448 1458 2518; x_wconf 83' lang='grc' dir='ltr'><strong>τῷ</strong></span> <span class='ocrx_word' id='word_1_278' title='bbox 1492 2447 1766 2518; x_wconf 77' lang='grc' dir='ltr'>πληγῆναι</span> <span class='ocrx_word' id='word_1_279' title='bbox 1793 2447 1974 2516; x_wconf 70' lang='grc' dir='ltr'>ἀμφοο</span> 
     </span>
    </p>
   </div>
   <div class='ocr_carea' id='block_1_43' title="bbox 393 2537 1974 2616">
    <p class='ocr_par' dir='ltr' id='par_1_43' title="bbox 393 2537 1974 2616">
     <span class='ocr_line' id='line_1_43' title="bbox 393 2537 1974 2616; baseline -0.007 -16"><span class='ocrx_word' id='word_1_280' title='bbox 393 2547 631 2616; x_wconf 85' lang='grc' dir='ltr'>τέρωθεν</span> <span class='ocrx_word' id='word_1_281' title='bbox 653 2544 758 2598; x_wconf 75' lang='grc' dir='ltr'>ὑπό</span> <span class='ocrx_word' id='word_1_282' title='bbox 783 2561 842 2597; x_wconf 83' lang='grc' dir='ltr'><strong>τε</strong></span> <span class='ocrx_word' id='word_1_283' title='bbox 881 2543 1172 2612; x_wconf 84' lang='grc' dir='ltr'>Ῥωμαίων</span> <span class='ocrx_word' id='word_1_284' title='bbox 1207 2543 1301 2595; x_wconf 75' lang='grc' dir='ltr'>καὶ</span> <span class='ocrx_word' id='word_1_285' title='bbox 1327 2541 1556 2609; x_wconf 87' lang='grc' dir='ltr'>Περσῶν</span> <span class='ocrx_word' id='word_1_286' title='bbox 1576 2578 1592 2605; x_wconf 92' lang='grc'><strong>,</strong></span> <span class='ocrx_word' id='word_1_287' title='bbox 1632 2539 1713 2592; x_wconf 68' lang='grc' dir='ltr'>ἔτι</span> <span class='ocrx_word' id='word_1_288' title='bbox 1762 2539 1858 2592; x_wconf 74' lang='grc' dir='ltr'>καὶ</span> <span class='ocrx_word' id='word_1_289' title='bbox 1882 2537 1974 2591; x_wconf 81' lang='grc' dir='ltr'>τὸν</span> 
     </span>
    </p>
   </div>
   <div class='ocr_carea' id='block_1_44' title="bbox 396 2629 1972 2710">
    <p class='ocr_par' dir='ltr' id='par_1_44' title="bbox 396 2629 1972 2710">
     <span class='ocr_line' id='line_1_44' title="bbox 396 2629 1972 2710; baseline -0.008 -18"><span class='ocrx_word' id='word_1_290' title='bbox 396 2639 620 2710; x_wconf 82' lang='grc' dir='ltr'>βασιλέα</span> <span class='ocrx_word' id='word_1_291' title='bbox 649 2637 954 2706; x_wconf 84' lang='grc' dir='ltr'>πυθόμενος</span> <span class='ocrx_word' id='word_1_292' title='bbox 983 2637 1040 2688; x_wconf 78' lang='grc' dir='ltr'><strong>έν</strong></span> <span class='ocrx_word' id='word_1_293' title='bbox 1068 2633 1438 2703; x_wconf 87' lang='grc' dir='ltr'>Διδυμοτείχῳ</span> <span class='ocrx_word' id='word_1_294' title='bbox 1470 2631 1732 2703; x_wconf 83' lang='grc' dir='ltr'>στρατιᾶς</span> <span class='ocrx_word' id='word_1_295' title='bbox 1768 2629 1972 2699; x_wconf 81' lang='grc' dir='ltr'>πολλῆς</span> 
     </span>
    </p>
   </div>
   <div class='ocr_carea' id='block_1_45' title="bbox 397 2722 1975 2799">
    <p class='ocr_par' dir='ltr' id='par_1_45' title="bbox 397 2722 1975 2799">
     <span class='ocr_line' id='line_1_45' title="bbox 397 2722 1975 2799; baseline -0.008 -12"><span class='ocrx_word' id='word_1_296' title='bbox 397 2734 494 2787; x_wconf 62' lang='grc' dir='ltr'><strong>καὶ⁵</strong></span> <span class='ocrx_word' id='word_1_297' title='bbox 522 2730 734 2799; x_wconf 64' lang='grc' dir='ltr'>ἀγαθῆς</span> <span class='ocrx_word' id='word_1_298' title='bbox 770 2729 1049 2799; x_wconf 81' lang='grc' dir='ltr'>εὐπορεῖν,</span> <span class='ocrx_word' id='word_1_299' title='bbox 1081 2726 1256 2779; x_wconf 71' lang='grc' dir='ltr'>ἔδεισε</span> <span class='ocrx_word' id='word_1_300' title='bbox 1291 2726 1387 2777; x_wconf 74' lang='grc' dir='ltr'>καὶ</span> <span class='ocrx_word' id='word_1_301' title='bbox 1420 2727 1549 2794; x_wconf 77' lang='grc' dir='ltr'>περὶ</span> <span class='ocrx_word' id='word_1_302' title='bbox 1593 2725 1702 2777; x_wconf 88' lang='grc' dir='ltr'><strong>τῶν</strong></span> <span class='ocrx_word' id='word_1_303' title='bbox 1750 2722 1975 2776; x_wconf 81' lang='grc' dir='ltr'>ὑπολοί-</span> 
     </span>
    </p>
   </div>
   <div class='ocr_carea' id='block_1_46' title="bbox 398 2812 1975 2893">
    <p class='ocr_par' dir='ltr' id='par_1_46' title="bbox 398 2812 1975 2893">
     <span class='ocr_line' id='line_1_46' title="bbox 398 2812 1975 2893; baseline -0.009 -16"><span class='ocrx_word' id='word_1_304' title='bbox 398 2841 517 2876; x_wconf 79' lang='grc' dir='ltr'><strong>πων</strong></span> <span class='ocrx_word' id='word_1_305' title='bbox 550 2823 626 2893; x_wconf 79' lang='grc' dir='ltr'>μὴ</span> <span class='ocrx_word' id='word_1_306' title='bbox 652 2822 752 2874; x_wconf 83' lang='grc' dir='ltr'><strong>ούκ</strong></span> <span class='ocrx_word' id='word_1_307' title='bbox 784 2821 864 2881; x_wconf 87' lang='grc' dir='ltr'><strong>εἰς</strong></span> <span class='ocrx_word' id='word_1_308' title='bbox 896 2816 1101 2885; x_wconf 81' lang='grc' dir='ltr'>ἀγαθὸν</span> <span class='ocrx_word' id='word_1_309' title='bbox 1152 2815 1304 2884; x_wconf 79' lang='grc' dir='ltr'>αὺτῷ</span> <span class='ocrx_word' id='word_1_310' title='bbox 1350 2816 1383 2881; x_wconf 82' lang='grc' dir='ltr'><strong>ἡ</strong></span> <span class='ocrx_word' id='word_1_311' title='bbox 1415 2815 1588 2881; x_wconf 84' lang='grc' dir='ltr'>τόλμα</span> <span class='ocrx_word' id='word_1_312' title='bbox 1621 2812 1804 2882; x_wconf 79' lang='grc' dir='ltr'>ἀποϐῇ</span> <span class='ocrx_word' id='word_1_313' title='bbox 1829 2828 1843 2843; x_wconf 79' lang='lat'><strong><em>°</em></strong></span> <span class='ocrx_word' id='word_1_314' title='bbox 1879 2813 1975 2864; x_wconf 82' lang='grc' dir='ltr'>καὶ</span> 
     </span>
    </p>
   </div>
   <div class='ocr_carea' id='block_1_47' title="bbox 403 2904 1974 2984">
    <p class='ocr_par' dir='ltr' id='par_1_47' title="bbox 403 2904 1974 2984">
     <span class='ocr_line' id='line_1_47' title="bbox 403 2904 1974 2984; baseline -0.008 -15"><span class='ocrx_word' id='word_1_315' title='bbox 403 2915 622 2984; x_wconf 73' lang='grc' dir='ltr'>πέμψας</span> <span class='ocrx_word' id='word_1_316' title='bbox 679 2908 999 2972; x_wconf 79' lang='grc' dir='ltr'>πρεσϐείαν,</span> <span class='ocrx_word' id='word_1_317' title='bbox 1028 2907 1301 2975; x_wconf 77' lang='grc' dir='ltr'>διελέγετο</span> <span class='ocrx_word' id='word_1_318' title='bbox 1331 2905 1457 2975; x_wconf 81' lang='grc' dir='ltr'>περὶ</span> <span class='ocrx_word' id='word_1_319' title='bbox 1486 2904 1730 2976; x_wconf 81' lang='grc' dir='ltr'>είρήνης.</span> <span class='ocrx_word' id='word_1_320' title='bbox 1763 2904 1885 2956; x_wconf 86' lang='grc' dir='ltr'>Τῶν</span> <span class='ocrx_word' id='word_1_321' title='bbox 1917 2905 1974 2956; x_wconf 80' lang='grc' dir='ltr'>δὲ</span> 
     </span>
    </p>
   </div>
   <div class='ocr_carea' id='block_1_48' title="bbox 402 2997 1976 3079">
    <p class='ocr_par' dir='ltr' id='par_1_48' title="bbox 402 2997 1976 3079">
     <span class='ocr_line' id='line_1_48' title="bbox 402 2997 1976 3079; baseline -0.008 -18"><span class='ocrx_word' id='word_1_322' title='bbox 402 3007 610 3079; x_wconf 78' lang='grc' dir='ltr'>βασιλεῖ</span> <span class='ocrx_word' id='word_1_323' title='bbox 639 3004 908 3059; x_wconf 86' lang='grc' dir='ltr'>συνόντων</span> <span class='ocrx_word' id='word_1_324' title='bbox 935 3003 984 3055; x_wconf 80' lang='grc' dir='ltr'>οἱ</span> <span class='ocrx_word' id='word_1_325' title='bbox 1023 3002 1080 3053; x_wconf 80' lang='grc' dir='ltr'>ὲν</span> <span class='ocrx_word' id='word_1_326' title='bbox 1126 2998 1334 3070; x_wconf 63' lang='grc' dir='ltr'>ἠλικίᾳὶ</span> <span class='ocrx_word' id='word_1_327' title='bbox 1358 2999 1453 3052; x_wconf 61' lang='grc' dir='ltr'><strong>κα)⁸</strong></span> <span class='ocrx_word' id='word_1_328' title='bbox 1493 2997 1820 3068; x_wconf 86' lang='grc' dir='ltr'>θρασύτεροι</span> <span class='ocrx_word' id='word_1_329' title='bbox 1875 2998 1976 3059; x_wconf 80' lang='grc' dir='ltr'><strong>τάς</strong></span> 
     </span>
    </p>
   </div>
   <div class='ocr_carea' id='block_1_49' title="bbox 398 3085 2046 3188">
    <p class='ocr_par' dir='ltr' id='par_1_49' title="bbox 398 3085 2046 3188">
     <span class='ocr_line' id='line_1_49' title="bbox 398 3085 2046 3188; baseline -0.007 -36"><span class='ocrx_word' id='word_1_330' title='bbox 398 3101 576 3170; x_wconf 79' lang='grc' dir='ltr'>ὁρμὰς</span> <span class='ocrx_word' id='word_1_331' title='bbox 647 3096 723 3167; x_wconf 83' lang='grc' dir='ltr'>μὴ</span> <span class='ocrx_word' id='word_1_332' title='bbox 771 3093 1021 3165; x_wconf 78' lang='grc' dir='ltr'>δέχεσθαι</span> <span class='ocrx_word' id='word_1_333' title='bbox 1072 3089 1352 3161; x_wconf 82' lang='grc' dir='ltr'>παρῄνουν</span> <span class='ocrx_word' id='word_1_334' title='bbox 1401 3090 1500 3159; x_wconf 86' lang='grc' dir='ltr'>τὴν</span> <span class='ocrx_word' id='word_1_335' title='bbox 1561 3085 1973 3188; x_wconf 42' lang='grc' dir='ltr'>εἰρήνηνῖΑάλλς</span> <span class='ocrx_word' id='word_1_336' title='bbox 2001 3128 2046 3188; x_wconf 78' lang='lat' dir='ltr'>c</span> 
     </span>
    </p>
   </div>
   <div class='ocr_carea' id='block_1_50' title="bbox 397 3178 1975 3260">
    <p class='ocr_par' dir='ltr' id='par_1_50' title="bbox 397 3178 1975 3260">
     <span class='ocr_line' id='line_1_50' title="bbox 397 3178 1975 3260; baseline -0.009 -16"><span class='ocrx_word' id='word_1_337' title='bbox 397 3189 663 3260; x_wconf 70' lang='grc' dir='ltr'>ιξώρμων</span> <span class='ocrx_word' id='word_1_338' title='bbox 714 3186 938 3258; x_wconf 77' lang='grc' dir='ltr'>βασιλέα</span> <span class='ocrx_word' id='word_1_339' title='bbox 977 3184 1177 3255; x_wconf 83' lang='grc' dir='ltr'>μᾶλλον</span> <span class='ocrx_word' id='word_1_340' title='bbox 1230 3181 1368 3254; x_wconf 80' lang='grc' dir='ltr'>πρὸς</span> <span class='ocrx_word' id='word_1_341' title='bbox 1405 3181 1503 3250; x_wconf 85' lang='grc' dir='ltr'>τὴν</span> <span class='ocrx_word' id='word_1_342' title='bbox 1550 3181 1754 3250; x_wconf 80' lang='grc' dir='ltr'>μάχην.</span> <span class='ocrx_word' id='word_1_343' title='bbox 1795 3179 1857 3233; x_wconf 88' lang='grc' dir='ltr'><strong>Ὀ</strong></span> <span class='ocrx_word' id='word_1_344' title='bbox 1915 3178 1975 3232; x_wconf 79' lang='grc' dir='ltr'>δὲ</span> 
     </span>
    </p>
   </div>
   <div class='ocr_carea' id='block_1_51' title="bbox 402 3271 1979 3350">
    <p class='ocr_par' dir='ltr' id='par_1_51' title="bbox 402 3271 1979 3350">
     <span class='ocr_line' id='line_1_51' title="bbox 402 3271 1979 3350; baseline -0.008 -12"><span class='ocrx_word' id='word_1_345' title='bbox 402 3286 505 3338; x_wconf 78' lang='grc' dir='ltr'>οὐκ</span> <span class='ocrx_word' id='word_1_346' title='bbox 537 3282 806 3342; x_wconf 69' lang='grc' dir='ltr'>ἐπείθετο,</span> <span class='ocrx_word' id='word_1_347' title='bbox 839 3280 973 3350; x_wconf 82' lang='grc' dir='ltr'>πρὸς</span> <span class='ocrx_word' id='word_1_348' title='bbox 1005 3277 1157 3330; x_wconf 72' lang='grc' dir='ltr'>οὐδὲν</span> <span class='ocrx_word' id='word_1_349' title='bbox 1186 3275 1435 3345; x_wconf 76' lang='grc' dir='ltr'>οἰόμενος</span> <span class='ocrx_word' id='word_1_350' title='bbox 1467 3274 1558 3327; x_wconf 81' lang='grc' dir='ltr'>τὸν</span> <span class='ocrx_word' id='word_1_351' title='bbox 1590 3273 1825 3342; x_wconf 85' lang='grc' dir='ltr'>πόλεμον</span> <span class='ocrx_word' id='word_1_352' title='bbox 1880 3271 1979 3326; x_wconf 83' lang='grc' dir='ltr'>αύ-</span> 
     </span>
    </p>
   </div>
   <div class='ocr_carea' id='block_1_52' title="bbox 402 3364 1976 3442">
    <p class='ocr_par' dir='ltr' id='par_1_52' title="bbox 402 3364 1976 3442">
     <span class='ocr_line' id='line_1_52' title="bbox 402 3364 1976 3442; baseline -0.008 -14"><span class='ocrx_word' id='word_1_353' title='bbox 402 3377 517 3438; x_wconf 86' lang='grc' dir='ltr'>τοῖς</span> <span class='ocrx_word' id='word_1_354' title='bbox 550 3371 944 3442; x_wconf 80' lang='grc' dir='ltr'>λυσιτελήσειν.</span> <span class='ocrx_word' id='word_1_355' title='bbox 979 3369 1040 3422; x_wconf 76' lang='lat' dir='ltr'><strong>Et</strong></span> <span class='ocrx_word' id='word_1_356' title='bbox 1071 3369 1168 3438; x_wconf 80' lang='grc' dir='ltr'>μὲν</span> <span class='ocrx_word' id='word_1_357' title='bbox 1201 3367 1310 3436; x_wconf 82' lang='grc' dir='ltr'>γὰρ</span> <span class='ocrx_word' id='word_1_358' title='bbox 1340 3366 1480 3437; x_wconf 82' lang='grc' dir='ltr'>πρὸς</span> <span class='ocrx_word' id='word_1_359' title='bbox 1515 3364 1976 3433; x_wconf 79' lang='grc' dir='ltr'>μόνους,ἔφασκε,</span> 
     </span>
    </p>
   </div>
   <div class='ocr_carea' id='block_1_53' title="bbox 405 3455 1976 3536">
    <p class='ocr_par' dir='ltr' id='par_1_53' title="bbox 405 3455 1976 3536">
     <span class='ocr_line' id='line_1_53' title="bbox 405 3455 1976 3536; baseline -0.01 -12"><span class='ocrx_word' id='word_1_360' title='bbox 405 3468 622 3528; x_wconf 78' lang='grc' dir='ltr'>Μυσοὺς</span> <span class='ocrx_word' id='word_1_361' title='bbox 659 3462 724 3536; x_wconf 81' lang='grc' dir='ltr'>ἦν</span> <span class='ocrx_word' id='word_1_362' title='bbox 748 3465 776 3516; x_wconf 85' lang='grc' dir='ltr'>ὁ</span> <span class='ocrx_word' id='word_1_363' title='bbox 802 3462 950 3532; x_wconf 82' lang='grc' dir='ltr'>ἁγὼν</span> <span class='ocrx_word' id='word_1_364' title='bbox 983 3463 1139 3531; x_wconf 77' lang='grc' dir='ltr'>ἡμῖν,</span> <span class='ocrx_word' id='word_1_365' title='bbox 1171 3455 1317 3528; x_wconf 80' lang='grc' dir='ltr'>εἶχεν</span> <span class='ocrx_word' id='word_1_366' title='bbox 1358 3459 1423 3513; x_wconf 78' lang='grc' dir='ltr'>ἄν</span> <span class='ocrx_word' id='word_1_367' title='bbox 1452 3476 1573 3512; x_wconf 91' lang='grc' dir='ltr'>τινα</span> <span class='ocrx_word' id='word_1_368' title='bbox 1601 3458 1634 3528; x_wconf 90' lang='grc' dir='ltr'>ὴ</span> <span class='ocrx_word' id='word_1_369' title='bbox 1663 3459 1839 3528; x_wconf 82' lang='grc' dir='ltr'>τόλμα</span> <span class='ocrx_word' id='word_1_370' title='bbox 1887 3455 1976 3509; x_wconf 83' lang='grc' dir='ltr'>λό-</span> 
     </span>
    </p>
   </div>
   <div class='ocr_carea' id='block_1_54' title="bbox 407 3547 1977 3629">
    <p class='ocr_par' dir='ltr' id='par_1_54' title="bbox 407 3547 1977 3629">
     <span class='ocr_line' id='line_1_54' title="bbox 407 3547 1977 3629; baseline -0.015 -15"><span class='ocrx_word' id='word_1_371' title='bbox 407 3576 537 3629; x_wconf 77' lang='grc' dir='ltr'>γον’</span> <span class='ocrx_word' id='word_1_372' title='bbox 575 3560 694 3612; x_wconf 73' lang='grc' dir='ltr'>νυνὶ</span> <span class='ocrx_word' id='word_1_373' title='bbox 728 3556 787 3608; x_wconf 78' lang='grc' dir='ltr'>δὲ</span> <span class='ocrx_word' id='word_1_374' title='bbox 827 3557 886 3608; x_wconf 85' lang='grc' dir='ltr'><strong>ού</strong></span> <span class='ocrx_word' id='word_1_375' title='bbox 926 3553 1128 3622; x_wconf 82' lang='grc' dir='ltr'>μᾶλλον</span> <span class='ocrx_word' id='word_1_376' title='bbox 1158 3550 1382 3611; x_wconf 82' lang='grc' dir='ltr'>τούτους</span> <span class='ocrx_word' id='word_1_377' title='bbox 1419 3549 1589 3618; x_wconf 81' lang='grc' dir='ltr'>ἡμᾶς,</span> <span class='ocrx_word' id='word_1_378' title='bbox 1621 3547 1656 3616; x_wconf 81' lang='grc' dir='ltr'>ἢ</span> <span class='ocrx_word' id='word_1_379' title='bbox 1690 3549 1837 3611; x_wconf 77' lang='grc' dir='ltr'>ὅπως</span> <span class='ocrx_word' id='word_1_380' title='bbox 1869 3549 1977 3600; x_wconf 86' lang='grc' dir='ltr'>Βυ-</span> 
     </span>
    </p>
   </div>
   <div class='ocr_carea' id='block_1_55' title="bbox 407 3640 1981 3720">
    <p class='ocr_par' dir='ltr' id='par_1_55' title="bbox 407 3640 1981 3720">
     <span class='ocr_line' id='line_1_55' title="bbox 407 3640 1981 3720; baseline -0.013 -11"><span class='ocrx_word' id='word_1_381' title='bbox 407 3653 656 3719; x_wconf 79' lang='grc' dir='ltr'>ζαντίους</span> <span class='ocrx_word' id='word_1_382' title='bbox 687 3645 1046 3720; x_wconf 83' lang='grc' dir='ltr'>ἀμυνούμεθα</span> <span class='ocrx_word' id='word_1_383' title='bbox 1072 3642 1176 3714; x_wconf 81' lang='grc' dir='ltr'>χρὴ</span> <span class='ocrx_word' id='word_1_384' title='bbox 1202 3645 1446 3695; x_wconf 88' lang='grc' dir='ltr'>σκοπεῖν.</span> <span class='ocrx_word' id='word_1_385' title='bbox 1484 3641 1583 3692; x_wconf 80' lang='grc' dir='ltr'><strong>’Λν</strong></span> <span class='ocrx_word' id='word_1_386' title='bbox 1604 3657 1665 3692; x_wconf 91' lang='grc' dir='ltr'><strong>τε</strong></span> <span class='ocrx_word' id='word_1_387' title='bbox 1683 3640 1792 3708; x_wconf 81' lang='grc' dir='ltr'><strong>γὰρ</strong></span> <span class='ocrx_word' id='word_1_388' title='bbox 1828 3641 1981 3710; x_wconf 68' lang='lat' dir='ltr'><strong>Vixi)-</strong></span> 
     </span>
    </p>
   </div>
   <div class='ocr_carea' id='block_1_56' title="bbox 412 3730 1980 3814">
    <p class='ocr_par' dir='ltr' id='par_1_56' title="bbox 412 3730 1980 3814">
     <span class='ocr_line' id='line_1_56' title="bbox 412 3730 1980 3814; baseline -0.01 -16"><span class='ocrx_word' id='word_1_389' title='bbox 412 3761 598 3814; x_wconf 86' lang='grc' dir='ltr'>σωμεν</span> <span class='ocrx_word' id='word_1_390' title='bbox 622 3743 864 3805; x_wconf 81' lang='grc' dir='ltr'>Μυσοὺς,</span> <span class='ocrx_word' id='word_1_391' title='bbox 895 3737 1048 3790; x_wconf 76' lang='grc' dir='ltr'>οὐδὲν</span> <span class='ocrx_word' id='word_1_392' title='bbox 1088 3737 1240 3787; x_wconf 75' lang='grc' dir='ltr'>ἐσται</span> <span class='ocrx_word' id='word_1_393' title='bbox 1286 3732 1472 3798; x_wconf 90' lang='grc' dir='ltr'>πλέον,</span> <span class='ocrx_word' id='word_1_394' title='bbox 1510 3730 1543 3800; x_wconf 86' lang='grc' dir='ltr'>ἢ</span> <span class='ocrx_word' id='word_1_395' title='bbox 1584 3731 1733 3792; x_wconf 81' lang='grc' dir='ltr'>ὅπως</span> <span class='ocrx_word' id='word_1_396' title='bbox 1771 3731 1980 3784; x_wconf 73' lang='grc' dir='ltr'>ἐνθένδε</span> 
     </span>
    </p>
   </div>
   <div class='ocr_carea' id='block_1_57' title="bbox 405 3823 1981 3904">
    <p class='ocr_par' dir='ltr' id='par_1_57' title="bbox 405 3823 1981 3904">
     <span class='ocr_line' id='line_1_57' title="bbox 405 3823 1981 3904; baseline -0.011 -12"><span class='ocrx_word' id='word_1_397' title='bbox 405 3835 774 3904; x_wconf 82' lang='grc' dir='ltr'>ἀπελάσωμεν</span> <span class='ocrx_word' id='word_1_398' title='bbox 814 3848 828 3864; x_wconf 77' lang='grc' dir='ltr'><strong>ο</strong></span> <span class='ocrx_word' id='word_1_399' title='bbox 861 3833 998 3898; x_wconf 86' lang='grc' dir='ltr'>ὅπερ</span> <span class='ocrx_word' id='word_1_400' title='bbox 1027 3829 1211 3889; x_wconf 76' lang='grc' dir='ltr'>αὐτοῖς</span> <span class='ocrx_word' id='word_1_401' title='bbox 1243 3826 1456 3894; x_wconf 80' lang='grc' dir='ltr'>ἀνάγκη</span> <span class='ocrx_word' id='word_1_402' title='bbox 1494 3823 1783 3894; x_wconf 79' lang='grc' dir='ltr'>πράττειν,</span> <span class='ocrx_word' id='word_1_403' title='bbox 1827 3823 1893 3877; x_wconf 81' lang='grc' dir='ltr'>ἄν</span> <span class='ocrx_word' id='word_1_404' title='bbox 1923 3840 1981 3875; x_wconf 85' lang='grc' dir='ltr'><strong>τε</strong></span> 
     </span>
    </p>
   </div>
   <div class='ocr_carea' id='block_1_58' title="bbox 405 3912 1980 3998">
    <p class='ocr_par' dir='ltr' id='par_1_58' title="bbox 405 3912 1980 3998">
     <span class='ocr_line' id='line_1_58' title="bbox 405 3912 1980 3998; baseline -0.011 -18"><span class='ocrx_word' id='word_1_405' title='bbox 405 3926 738 3998; x_wconf 72' lang='grc' dir='ltr'>ἡττηθῶσιν,</span> <span class='ocrx_word' id='word_1_406' title='bbox 779 3925 844 3977; x_wconf 82' lang='grc' dir='ltr'>ἄν</span> <span class='ocrx_word' id='word_1_407' title='bbox 879 3937 941 3973; x_wconf 86' lang='grc' dir='ltr'><strong>τε</strong></span> <span class='ocrx_word' id='word_1_408' title='bbox 1007 3919 1108 3988; x_wconf 86' lang='grc' dir='ltr'>μή.</span> <span class='ocrx_word' id='word_1_409' title='bbox 1182 3917 1308 3969; x_wconf 85' lang='grc' dir='ltr'><strong>Ἐάν</strong></span> <span class='ocrx_word' id='word_1_410' title='bbox 1357 3913 1413 3968; x_wconf 83' lang='grc' dir='ltr'>δὲ</span> <span class='ocrx_word' id='word_1_411' title='bbox 1459 3912 1754 3982; x_wconf 69' lang='grc' dir='ltr'>ἡττώμεθα</span> <span class='ocrx_word' id='word_1_412' title='bbox 1804 3913 1980 3976; x_wconf 74' lang='grc' dir='ltr'>αὐτοὶ,</span> 
     </span>
    </p>
   </div>
   <div class='ocr_carea' id='block_1_59' title="bbox 404 4004 1983 4088">
    <p class='ocr_par' dir='ltr' id='par_1_59' title="bbox 404 4004 1983 4088">
     <span class='ocr_line' id='line_1_59' title="bbox 404 4004 1983 4088; baseline -0.012 -16"><span class='ocrx_word' id='word_1_413' title='bbox 404 4018 595 4088; x_wconf 78' lang='grc' dir='ltr'>ὥσπερ</span> <span class='ocrx_word' id='word_1_414' title='bbox 621 4016 740 4070; x_wconf 85' lang='grc' dir='ltr'>καθ’</span> <span class='ocrx_word' id='word_1_415' title='bbox 771 4014 928 4084; x_wconf 81' lang='grc' dir='ltr'>ἡμῶν</span> <span class='ocrx_word' id='word_1_416' title='bbox 961 4009 1142 4063; x_wconf 74' lang='grc' dir='ltr'>αὐτῶν</span> <span class='ocrx_word' id='word_1_417' title='bbox 1179 4005 1498 4076; x_wconf 82' lang='grc' dir='ltr'>ἐξεπίτηδες</span> <span class='ocrx_word' id='word_1_418' title='bbox 1529 4004 1983 4073; x_wconf 86' lang='grc' dir='ltr'>στρατηγήσομεν</span> 
     </span>
    </p>
   </div>
   <div class='ocr_carea' id='block_1_60' title="bbox 406 4097 1985 4178">
    <p class='ocr_par' dir='ltr' id='par_1_60' title="bbox 406 4097 1985 4178">
     <span class='ocr_line' id='line_1_60' title="bbox 406 4097 1985 4178; baseline -0.012 -13"><span class='ocrx_word' id='word_1_419' title='bbox 406 4116 518 4167; x_wconf 78' lang='grc' dir='ltr'>τοῖς</span> <span class='ocrx_word' id='word_1_420' title='bbox 573 4108 876 4178; x_wconf 86' lang='grc' dir='ltr'>πολεμίοις.</span> <span class='ocrx_word' id='word_1_421' title='bbox 939 4104 1102 4156; x_wconf 82' lang='grc' dir='ltr'>Ὥστε</span> <span class='ocrx_word' id='word_1_422' title='bbox 1145 4101 1198 4153; x_wconf 88' lang='grc' dir='ltr'><strong>τί</strong></span> <span class='ocrx_word' id='word_1_423' title='bbox 1240 4100 1306 4152; x_wconf 82' lang='grc' dir='ltr'>ἂν</span> <span class='ocrx_word' id='word_1_424' title='bbox 1359 4098 1444 4168; x_wconf 83' lang='grc' dir='ltr'>εἴη</span> <span class='ocrx_word' id='word_1_425' title='bbox 1495 4097 1698 4166; x_wconf 80' lang='grc' dir='ltr'>μᾶλλον</span> <span class='ocrx_word' id='word_1_426' title='bbox 1756 4098 1985 4158; x_wconf 75' lang='grc' dir='ltr'>ἐκείνοις</span> 
     </span>
    </p>
   </div>
   <div class='ocr_carea' id='block_1_61' title="bbox 409 4187 1985 4276">
    <p class='ocr_par' dir='ltr' id='par_1_61' title="bbox 409 4187 1985 4276">
     <span class='ocr_line' id='line_1_61' title="bbox 409 4187 1985 4276; baseline -0.014 -17"><span class='ocrx_word' id='word_1_427' title='bbox 409 4205 555 4276; x_wconf 76' lang='grc' dir='ltr'>ἥδιον</span> <span class='ocrx_word' id='word_1_428' title='bbox 577 4204 666 4256; x_wconf 75' lang='grc' dir='ltr'>καὶ</span> <span class='ocrx_word' id='word_1_429' title='bbox 687 4198 1147 4266; x_wconf 86' lang='grc' dir='ltr'>λυσιτελέστερον,</span> <span class='ocrx_word' id='word_1_430' title='bbox 1174 4192 1205 4261; x_wconf 86' lang='grc' dir='ltr'>ἦ</span> <span class='ocrx_word' id='word_1_431' title='bbox 1231 4191 1376 4262; x_wconf 76' lang='grc' dir='ltr'>ἡμᾶς</span> <span class='ocrx_word' id='word_1_432' title='bbox 1397 4190 1593 4250; x_wconf 81' lang='grc' dir='ltr'>αὐτοὺς</span> <span class='ocrx_word' id='word_1_433' title='bbox 1623 4187 1716 4240; x_wconf 79' lang='grc' dir='ltr'><strong>ὑπ’</strong></span> <span class='ocrx_word' id='word_1_434' title='bbox 1732 4187 1985 4248; x_wconf 74' lang='grc' dir='ltr'>ἀϐουλίας</span> 
     </span>
    </p>
   </div>
   <div class='ocr_carea' id='block_1_62' title="bbox 409 4279 1980 4358">
    <p class='ocr_par' dir='ltr' id='par_1_62' title="bbox 409 4279 1980 4358">
     <span class='ocr_line' id='line_1_62' title="bbox 409 4279 1980 4358; baseline -0.014 -8"><span class='ocrx_word' id='word_1_435' title='bbox 409 4297 446 4350; x_wconf 72' lang='grc' dir='ltr'>ἃ</span> <span class='ocrx_word' id='word_1_436' title='bbox 476 4287 703 4354; x_wconf 71' lang='grc' dir='ltr'>ἐκείνοίς</span> <span class='ocrx_word' id='word_1_437' title='bbox 733 4289 894 4358; x_wconf 83' lang='grc' dir='ltr'>εὐχῆς</span> <span class='ocrx_word' id='word_1_438' title='bbox 918 4287 1042 4353; x_wconf 77' lang='grc' dir='ltr'>ἀξια</span> <span class='ocrx_word' id='word_1_439' title='bbox 1061 4283 1368 4352; x_wconf 79' lang='grc' dir='ltr'>νομίζεται,</span> <span class='ocrx_word' id='word_1_440' title='bbox 1403 4281 1578 4332; x_wconf 81' lang='grc' dir='ltr'>ποιεῖν</span> <span class='ocrx_word' id='word_1_441' title='bbox 1605 4295 1620 4346; x_wconf 90' lang='lat'><strong>;</strong></span> <span class='ocrx_word' id='word_1_442' title='bbox 1659 4279 1869 4341; x_wconf 72' lang='grc' dir='ltr'><strong>ΙἈλλως</strong></span> <span class='ocrx_word' id='word_1_443' title='bbox 1899 4295 1980 4343; x_wconf 85' lang='grc' dir='ltr'><strong>τε,</strong></span> 
     </span>
    </p>
   </div>
   <div class='ocr_carea' id='block_1_63' title="bbox 365 4362 1986 4452">
    <p class='ocr_par' dir='ltr' id='par_1_63' title="bbox 365 4362 1986 4452">
     <span class='ocr_line' id='line_1_63' title="bbox 365 4362 1986 4452; baseline -0.013 -9"><span class='ocrx_word' id='word_1_444' title='bbox 365 4362 367 4364; x_wconf 9' lang='grc' dir='ltr'><strong>η</strong></span> <span class='ocrx_word' id='word_1_445' title='bbox 411 4389 532 4442; x_wconf 65' lang='grc' dir='ltr'>οὐδὲ</span> <span class='ocrx_word' id='word_1_446' title='bbox 571 4383 928 4452; x_wconf 78' lang='grc' dir='ltr'>Ἀλεξάνδρου</span> <span class='ocrx_word' id='word_1_447' title='bbox 963 4377 1243 4448; x_wconf 86' lang='grc' dir='ltr'>πρόφασιν</span> <span class='ocrx_word' id='word_1_448' title='bbox 1293 4377 1429 4445; x_wconf 80' lang='grc' dir='ltr'>ἡμῖν</span> <span class='ocrx_word' id='word_1_449' title='bbox 1458 4373 1674 4427; x_wconf 85' lang='grc' dir='ltr'>δικαίαν</span> <span class='ocrx_word' id='word_1_450' title='bbox 1717 4372 1853 4442; x_wconf 74' lang='grc' dir='ltr'>πρὸς</span> <span class='ocrx_word' id='word_1_451' title='bbox 1894 4371 1986 4423; x_wconf 71' lang='grc' dir='ltr'>τὸν</span> 
     </span>
    </p>
   </div>
   <div class='ocr_carea' id='block_1_64' title="bbox 2070 1898 3650 1974">
    <p class='ocr_par' dir='ltr' id='par_1_64' title="bbox 2070 1898 3650 1974">
     <span class='ocr_line' id='line_1_64' title="bbox 2070 1898 3650 1974; baseline 0.004 -23"><span class='ocrx_word' id='word_1_452' title='bbox 2070 1898 2318 1952; x_wconf 82' lang='lat' dir='ltr'><strong>eveniret</strong></span> <span class='ocrx_word' id='word_1_453' title='bbox 2377 1899 2628 1965; x_wconf 83' lang='lat' dir='ltr'><strong>audacia,</strong></span> <span class='ocrx_word' id='word_1_454' title='bbox 2677 1900 2973 1970; x_wconf 87' lang='lat' dir='ltr'><strong>missisque</strong></span> <span class='ocrx_word' id='word_1_455' title='bbox 3033 1901 3348 1957; x_wconf 87' lang='lat' dir='ltr'><strong>oratoribus</strong></span> <span class='ocrx_word' id='word_1_456' title='bbox 3397 1905 3464 1958; x_wconf 85' lang='lat' dir='ltr'><strong>de</strong></span> <span class='ocrx_word' id='word_1_457' title='bbox 3517 1913 3650 1974; x_wconf 80' lang='lat' dir='ltr'><strong>pace</strong></span> 
     </span>
    </p>
   </div>
   <div class='ocr_carea' id='block_1_65' title="bbox 2070 1985 3650 2062">
    <p class='ocr_par' dir='ltr' id='par_1_65' title="bbox 2070 1985 3650 2062">
     <span class='ocr_line' id='line_1_65' title="bbox 2070 1985 3650 2062; baseline 0.004 -23"><span class='ocrx_word' id='word_1_458' title='bbox 2070 1985 2202 2057; x_wconf 89' lang='lat' dir='ltr'><strong>egit.</strong></span> <span class='ocrx_word' id='word_1_459' title='bbox 2227 1986 2358 2052; x_wconf 71' lang='lat' dir='ltr'><strong>Quae</strong></span> <span class='ocrx_word' id='word_1_460' title='bbox 2393 1987 2710 2058; x_wconf 86' lang='lat' dir='ltr'><strong>imperatori</strong></span> <span class='ocrx_word' id='word_1_461' title='bbox 2743 1990 3014 2044; x_wconf 80' lang='lat' dir='ltr'><strong>militabat</strong></span> <span class='ocrx_word' id='word_1_462' title='bbox 3035 1993 3650 2062; x_wconf 66' lang='lat' dir='ltr'><strong>juventus,a&#39;tatisfer-</strong></span> 
     </span>
    </p>
   </div>
   <div class='ocr_carea' id='block_1_66' title="bbox 2071 2081 3648 2155">
    <p class='ocr_par' dir='ltr' id='par_1_66' title="bbox 2071 2081 3648 2155">
     <span class='ocr_line' id='line_1_66' title="bbox 2071 2081 3648 2155; baseline 0.003 -22"><span class='ocrx_word' id='word_1_463' title='bbox 2071 2095 2202 2136; x_wconf 90' lang='lat' dir='ltr'><strong>vore</strong></span> <span class='ocrx_word' id='word_1_464' title='bbox 2235 2081 2556 2146; x_wconf 86' lang='lat' dir='ltr'><strong>animosior,</strong></span> <span class='ocrx_word' id='word_1_465' title='bbox 2611 2098 2802 2152; x_wconf 90' lang='lat' dir='ltr'><strong>pacem</strong></span> <span class='ocrx_word' id='word_1_466' title='bbox 2864 2084 3201 2150; x_wconf 78' lang='lat' dir='ltr'><strong>dissuadere,</strong></span> <span class='ocrx_word' id='word_1_467' title='bbox 3247 2089 3532 2155; x_wconf 80' lang='lat' dir='ltr'><strong>magisque</strong></span> <span class='ocrx_word' id='word_1_468' title='bbox 3579 2091 3648 2141; x_wconf 86' lang='lat' dir='ltr'><strong>ad</strong></span> 
     </span>
    </p>
   </div>
   <div class='ocr_carea' id='block_1_67' title="bbox 2071 2173 3650 2245">
    <p class='ocr_par' dir='ltr' id='par_1_67' title="bbox 2071 2173 3650 2245">
     <span class='ocr_line' id='line_1_67' title="bbox 2071 2173 3650 2245; baseline 0.006 -20"><span class='ocrx_word' id='word_1_469' title='bbox 2071 2173 2319 2242; x_wconf 66' lang='lat' dir='ltr'><strong>praelium</strong></span> <span class='ocrx_word' id='word_1_470' title='bbox 2380 2175 2682 2244; x_wconf 88' lang='lat' dir='ltr'><strong>impellere.</strong></span> <span class='ocrx_word' id='word_1_471' title='bbox 2748 2175 2842 2230; x_wconf 92' lang='lat' dir='ltr'><strong>llle</strong></span> <span class='ocrx_word' id='word_1_472' title='bbox 2897 2175 3191 2245; x_wconf 88' lang='lat' dir='ltr'><strong>repudiare</strong></span> <span class='ocrx_word' id='word_1_473' title='bbox 3241 2179 3554 2244; x_wconf 86' lang='lat' dir='ltr'><strong>consilium,</strong></span> <span class='ocrx_word' id='word_1_474' title='bbox 3588 2192 3650 2234; x_wconf 89' lang='lat' dir='ltr'><strong>ut</strong></span> 
     </span>
    </p>
   </div>
   <div class='ocr_carea' id='block_1_68' title="bbox 2073 2262 3647 2333">
    <p class='ocr_par' dir='ltr' id='par_1_68' title="bbox 2073 2262 3647 2333">
     <span class='ocr_line' id='line_1_68' title="bbox 2073 2262 3647 2333; baseline 0.007 -20"><span class='ocrx_word' id='word_1_475' title='bbox 2073 2277 2266 2330; x_wconf 89' lang='lat' dir='ltr'><strong>parum</strong></span> <span class='ocrx_word' id='word_1_476' title='bbox 2297 2263 2454 2318; x_wconf 87' lang='lat' dir='ltr'><strong>utile.</strong></span> <span class='ocrx_word' id='word_1_477' title='bbox 2481 2262 2539 2318; x_wconf 90' lang='lat' dir='ltr'><strong>Si</strong></span> <span class='ocrx_word' id='word_1_478' title='bbox 2586 2267 2756 2328; x_wconf 92' lang='lat' dir='ltr'><strong>enim,</strong></span> <span class='ocrx_word' id='word_1_479' title='bbox 2788 2263 3099 2333; x_wconf 80' lang='lat' dir='ltr'><strong>inquiebat.</strong></span> <span class='ocrx_word' id='word_1_480' title='bbox 3140 2282 3264 2320; x_wconf 88' lang='lat' dir='ltr'><strong>cum</strong></span> <span class='ocrx_word' id='word_1_481' title='bbox 3298 2267 3430 2321; x_wconf 87' lang='lat' dir='ltr'><strong>solis</strong></span> <span class='ocrx_word' id='word_1_482' title='bbox 3460 2267 3647 2324; x_wconf 74' lang='lat' dir='ltr'><strong>Moesis</strong></span> 
     </span>
    </p>
   </div>
   <div class='ocr_carea' id='block_1_69' title="bbox 2072 2354 3650 2426">
    <p class='ocr_par' dir='ltr' id='par_1_69' title="bbox 2072 2354 3650 2426">
     <span class='ocr_line' id='line_1_69' title="bbox 2072 2354 3650 2426; baseline 0.006 -22"><span class='ocrx_word' id='word_1_483' title='bbox 2072 2361 2350 2406; x_wconf 83' lang='lat' dir='ltr'><strong>certamen</strong></span> <span class='ocrx_word' id='word_1_484' title='bbox 2385 2354 2542 2409; x_wconf 78' lang='lat' dir='ltr'><strong>nobis</strong></span> <span class='ocrx_word' id='word_1_485' title='bbox 2595 2367 2760 2421; x_wconf 87' lang='lat' dir='ltr'><strong>esset,</strong></span> <span class='ocrx_word' id='word_1_486' title='bbox 2795 2371 2904 2410; x_wconf 92' lang='lat' dir='ltr'><strong>non</strong></span> <span class='ocrx_word' id='word_1_487' title='bbox 2932 2357 3052 2410; x_wconf 89' lang='lat' dir='ltr'><strong>sine</strong></span> <span class='ocrx_word' id='word_1_488' title='bbox 3088 2357 3274 2426; x_wconf 84' lang='lat' dir='ltr'><strong>aliqua</strong></span> <span class='ocrx_word' id='word_1_489' title='bbox 3305 2360 3515 2413; x_wconf 88' lang='lat' dir='ltr'><strong>ratione</strong></span> <span class='ocrx_word' id='word_1_490' title='bbox 3551 2375 3650 2414; x_wconf 86' lang='lat' dir='ltr'><strong>au-</strong></span> 
     </span>
    </p>
   </div>
   <div class='ocr_carea' id='block_1_70' title="bbox 2075 2442 3648 2520">
    <p class='ocr_par' dir='ltr' id='par_1_70' title="bbox 2075 2442 3648 2520">
     <span class='ocr_line' id='line_1_70' title="bbox 2075 2442 3648 2520; baseline 0.007 -27"><span class='ocrx_word' id='word_1_491' title='bbox 2075 2442 2328 2496; x_wconf 61' lang='lat' dir='ltr'><strong>deremus</strong></span> <span class='ocrx_word' id='word_1_492' title='bbox 2357 2461 2372 2498; x_wconf 89' lang='lat'><strong>:</strong></span> <span class='ocrx_word' id='word_1_493' title='bbox 2403 2459 2549 2498; x_wconf 91' lang='lat' dir='ltr'><strong>nunc</strong></span> <span class='ocrx_word' id='word_1_494' title='bbox 2579 2461 2688 2499; x_wconf 87' lang='lat' dir='ltr'><strong>non</strong></span> <span class='ocrx_word' id='word_1_495' title='bbox 2719 2447 2894 2516; x_wconf 81' lang='lat' dir='ltr'><strong>magis</strong></span> <span class='ocrx_word' id='word_1_496' title='bbox 2919 2449 3194 2516; x_wconf 89' lang='lat' dir='ltr'><strong>quomodo</strong></span> <span class='ocrx_word' id='word_1_497' title='bbox 3217 2447 3435 2514; x_wconf 90' lang='lat' dir='ltr'><strong>horum,</strong></span> <span class='ocrx_word' id='word_1_498' title='bbox 3483 2465 3648 2520; x_wconf 89' lang='lat' dir='ltr'><strong>quam</strong></span> 
     </span>
    </p>
   </div>
   <div class='ocr_carea' id='block_1_71' title="bbox 2073 2533 3647 2609">
    <p class='ocr_par' dir='ltr' id='par_1_71' title="bbox 2073 2533 3647 2609">
     <span class='ocr_line' id='line_1_71' title="bbox 2073 2533 3647 2609; baseline 0.01 -25"><span class='ocrx_word' id='word_1_499' title='bbox 2073 2534 2350 2600; x_wconf 91' lang='lat' dir='ltr'><strong>quomodo</strong></span> <span class='ocrx_word' id='word_1_500' title='bbox 2395 2533 2784 2606; x_wconf 86' lang='lat' dir='ltr'><strong>Byzantiorum</strong></span> <span class='ocrx_word' id='word_1_501' title='bbox 2821 2553 2851 2591; x_wconf 94' lang='lat' dir='ltr'><strong>a</strong></span> <span class='ocrx_word' id='word_1_502' title='bbox 2882 2539 3042 2592; x_wconf 89' lang='lat' dir='ltr'><strong>nobis</strong></span> <span class='ocrx_word' id='word_1_503' title='bbox 3076 2541 3185 2591; x_wconf 86' lang='lat' dir='ltr'><strong>vim</strong></span> <span class='ocrx_word' id='word_1_504' title='bbox 3233 2542 3647 2609; x_wconf 69' lang='lat' dir='ltr'><strong>prohibeamus,</strong></span> 
     </span>
    </p>
   </div>
   <div class='ocr_carea' id='block_1_72' title="bbox 2073 2623 3648 2697">
    <p class='ocr_par' dir='ltr' id='par_1_72' title="bbox 2073 2623 3648 2697">
     <span class='ocr_line' id='line_1_72' title="bbox 2073 2623 3648 2697; baseline 0.006 -21"><span class='ocrx_word' id='word_1_505' title='bbox 2073 2623 2532 2680; x_wconf 88' lang='lat' dir='ltr'><strong>considerandum</strong></span> <span class='ocrx_word' id='word_1_506' title='bbox 2573 2637 2680 2681; x_wconf 82' lang='lat' dir='ltr'><strong>est.</strong></span> <span class='ocrx_word' id='word_1_507' title='bbox 2721 2625 2847 2682; x_wconf 86' lang='lat' dir='ltr'><strong>Sive</strong></span> <span class='ocrx_word' id='word_1_508' title='bbox 2895 2628 3043 2683; x_wconf 89' lang='lat' dir='ltr'><strong>enim</strong></span> <span class='ocrx_word' id='word_1_509' title='bbox 3092 2627 3297 2684; x_wconf 69' lang='lat' dir='ltr'><strong>Mmsos</strong></span> <span class='ocrx_word' id='word_1_510' title='bbox 3335 2631 3648 2697; x_wconf 78' lang='lat' dir='ltr'><strong>vicerimus,</strong></span> 
     </span>
    </p>
   </div>
   <div class='ocr_carea' id='block_1_73' title="bbox 2075 2713 3646 2791">
    <p class='ocr_par' dir='ltr' id='par_1_73' title="bbox 2075 2713 3646 2791">
     <span class='ocr_line' id='line_1_73' title="bbox 2075 2713 3646 2791; baseline 0.01 -24"><span class='ocrx_word' id='word_1_511' title='bbox 2075 2713 2214 2769; x_wconf 85' lang='lat' dir='ltr'><strong>nihil</strong></span> <span class='ocrx_word' id='word_1_512' title='bbox 2246 2730 2654 2787; x_wconf 87' lang='lat' dir='ltr'><strong>consequemur</strong></span> <span class='ocrx_word' id='word_1_513' title='bbox 2705 2719 2873 2785; x_wconf 91' lang='lat' dir='ltr'><strong>aliud,</strong></span> <span class='ocrx_word' id='word_1_514' title='bbox 2927 2737 3092 2791; x_wconf 49' lang='lat' dir='ltr'><strong>quam</strong></span> <span class='ocrx_word' id='word_1_515' title='bbox 3129 2731 3191 2776; x_wconf 93' lang='lat' dir='ltr'><strong>ut</strong></span> <span class='ocrx_word' id='word_1_516' title='bbox 3241 2723 3371 2778; x_wconf 89' lang='lat' dir='ltr'><strong>hinc</strong></span> <span class='ocrx_word' id='word_1_517' title='bbox 3426 2727 3646 2784; x_wconf 78' lang='lat' dir='ltr'><strong>abeant.</strong></span> 
     </span>
    </p>
   </div>
   <div class='ocr_carea' id='block_1_74' title="bbox 2075 2805 3650 2882">
    <p class='ocr_par' dir='ltr' id='par_1_74' title="bbox 2075 2805 3650 2882">
     <span class='ocr_line' id='line_1_74' title="bbox 2075 2805 3650 2882; baseline 0.01 -25"><span class='ocrx_word' id='word_1_518' title='bbox 2075 2805 2223 2873; x_wconf 92' lang='lat' dir='ltr'><strong>quod</strong></span> <span class='ocrx_word' id='word_1_519' title='bbox 2263 2807 2483 2876; x_wconf 81' lang='lat' dir='ltr'><strong>quidem</strong></span> <span class='ocrx_word' id='word_1_520' title='bbox 2538 2811 2850 2866; x_wconf 89' lang='lat' dir='ltr'><strong>necessario</strong></span> <span class='ocrx_word' id='word_1_521' title='bbox 2897 2813 3012 2881; x_wconf 72' lang='lat' dir='ltr'><strong>jam</strong></span> <span class='ocrx_word' id='word_1_522' title='bbox 3046 2811 3228 2869; x_wconf 81' lang='lat' dir='ltr'><strong>facere</strong></span> <span class='ocrx_word' id='word_1_523' title='bbox 3263 2815 3503 2882; x_wconf 87' lang='lat' dir='ltr'><strong>debent;</strong></span> <span class='ocrx_word' id='word_1_524' title='bbox 3534 2821 3650 2874; x_wconf 89' lang='lat' dir='ltr'><strong>sive</strong></span> 
     </span>
    </p>
   </div>
   <div class='ocr_carea' id='block_1_75' title="bbox 2075 2895 3650 2970">
    <p class='ocr_par' dir='ltr' id='par_1_75' title="bbox 2075 2895 3650 2970">
     <span class='ocr_line' id='line_1_75' title="bbox 2075 2895 3650 2970; baseline 0.01 -22"><span class='ocrx_word' id='word_1_525' title='bbox 2075 2895 2360 2952; x_wconf 88' lang='lat' dir='ltr'><strong>vincamur</strong></span> <span class='ocrx_word' id='word_1_526' title='bbox 2401 2899 2542 2970; x_wconf 86' lang='lat' dir='ltr'><strong>ipsi,</strong></span> <span class='ocrx_word' id='word_1_527' title='bbox 2599 2903 2749 2956; x_wconf 85' lang='lat' dir='ltr'><strong>velut</strong></span> <span class='ocrx_word' id='word_1_528' title='bbox 2796 2903 2864 2957; x_wconf 86' lang='lat' dir='ltr'><strong>de</strong></span> <span class='ocrx_word' id='word_1_529' title='bbox 2901 2904 3166 2959; x_wconf 89' lang='lat' dir='ltr'><strong>industria</strong></span> <span class='ocrx_word' id='word_1_530' title='bbox 3223 2906 3411 2962; x_wconf 84' lang='lat' dir='ltr'><strong>hostes</strong></span> <span class='ocrx_word' id='word_1_531' title='bbox 3459 2918 3650 2963; x_wconf 84' lang='lat' dir='ltr'><strong>contra</strong></span> 
     </span>
    </p>
   </div>
   <div class='ocr_carea' id='block_1_76' title="bbox 2075 2994 3650 3066">
    <p class='ocr_par' dir='ltr' id='par_1_76' title="bbox 2075 2994 3650 3066">
     <span class='ocr_line' id='line_1_76' title="bbox 2075 2994 3650 3066; baseline 0.008 -25"><span class='ocrx_word' id='word_1_532' title='bbox 2075 2998 2311 3055; x_wconf 88' lang='lat' dir='ltr'><strong>nosmet,</strong></span> <span class='ocrx_word' id='word_1_533' title='bbox 2348 3000 2604 3060; x_wconf 88' lang='lat' dir='ltr'><strong>tanquam</strong></span> <span class='ocrx_word' id='word_1_534' title='bbox 2647 2994 2816 3049; x_wconf 89' lang='lat' dir='ltr'><strong>duces</strong></span> <span class='ocrx_word' id='word_1_535' title='bbox 2846 3009 3058 3059; x_wconf 90' lang='lat' dir='ltr'><strong>eorum,</strong></span> <span class='ocrx_word' id='word_1_536' title='bbox 3105 2997 3460 3052; x_wconf 85' lang='lat' dir='ltr'><strong>adducemus.</strong></span> <span class='ocrx_word' id='word_1_537' title='bbox 3509 3001 3650 3066; x_wconf 84' lang='lat' dir='ltr'><strong>Quid</strong></span> 
     </span>
    </p>
   </div>
   <div class='ocr_carea' id='block_1_77' title="bbox 2080 3078 3653 3159">
    <p class='ocr_par' dir='ltr' id='par_1_77' title="bbox 2080 3078 3653 3159">
     <span class='ocr_line' id='line_1_77' title="bbox 2080 3078 3653 3159; baseline 0.008 -27"><span class='ocrx_word' id='word_1_538' title='bbox 2080 3078 2249 3150; x_wconf 90' lang='lat' dir='ltr'><strong>igitur</strong></span> <span class='ocrx_word' id='word_1_539' title='bbox 2275 3081 2383 3134; x_wconf 89' lang='lat' dir='ltr'><strong>illis</strong></span> <span class='ocrx_word' id='word_1_540' title='bbox 2407 3082 2707 3151; x_wconf 85' lang='lat' dir='ltr'><strong>jucundius</strong></span> <span class='ocrx_word' id='word_1_541' title='bbox 2770 3094 2933 3154; x_wconf 91' lang='lat' dir='ltr'><strong>atque</strong></span> <span class='ocrx_word' id='word_1_542' title='bbox 2961 3086 3322 3152; x_wconf 84' lang='lat' dir='ltr'><strong>fructuosius.</strong></span> <span class='ocrx_word' id='word_1_543' title='bbox 3355 3105 3517 3159; x_wconf 87' lang='lat' dir='ltr'><strong>quam</strong></span> <span class='ocrx_word' id='word_1_544' title='bbox 3551 3108 3653 3145; x_wconf 82' lang='lat' dir='ltr'><strong>nos</strong></span> 
     </span>
    </p>
   </div>
   <div class='ocr_carea' id='block_1_78' title="bbox 2081 3171 3654 3252">
    <p class='ocr_par' dir='ltr' id='par_1_78' title="bbox 2081 3171 3654 3252">
     <span class='ocr_line' id='line_1_78' title="bbox 2081 3171 3654 3252; baseline 0.01 -30"><span class='ocrx_word' id='word_1_545' title='bbox 2081 3171 2224 3242; x_wconf 81' lang='lat' dir='ltr'><strong>ipsos</strong></span> <span class='ocrx_word' id='word_1_546' title='bbox 2266 3173 2497 3228; x_wconf 84' lang='lat' dir='ltr'><strong>stultitia</strong></span> <span class='ocrx_word' id='word_1_547' title='bbox 2553 3177 2789 3245; x_wconf 90' lang='lat' dir='ltr'><strong>quadam</strong></span> <span class='ocrx_word' id='word_1_548' title='bbox 2824 3179 3188 3245; x_wconf 84' lang='lat' dir='ltr'><strong>committere,</strong></span> <span class='ocrx_word' id='word_1_549' title='bbox 3250 3183 3395 3250; x_wconf 75' lang='lat' dir='ltr'><strong>quod</strong></span> <span class='ocrx_word' id='word_1_550' title='bbox 3448 3181 3551 3252; x_wconf 90' lang='lat' dir='ltr'><strong>ipsi</strong></span> <span class='ocrx_word' id='word_1_551' title='bbox 3591 3194 3654 3237; x_wconf 93' lang='lat' dir='ltr'><strong>ut</strong></span> 
     </span>
    </p>
   </div>
   <div class='ocr_carea' id='block_1_79' title="bbox 2079 3265 3648 3338">
    <p class='ocr_par' dir='ltr' id='par_1_79' title="bbox 2079 3265 3648 3338">
     <span class='ocr_line' id='line_1_79' title="bbox 2079 3265 3648 3338; baseline 0.004 -17"><span class='ocrx_word' id='word_1_552' title='bbox 2079 3265 2302 3322; x_wconf 79' lang='lat' dir='ltr'><strong>difﬁcile</strong></span> <span class='ocrx_word' id='word_1_553' title='bbox 2342 3268 2488 3321; x_wconf 86' lang='lat' dir='ltr'><strong>votis</strong></span> <span class='ocrx_word' id='word_1_554' title='bbox 2533 3269 2900 3338; x_wconf 79' lang='lat' dir='ltr'><strong>expetendum</strong></span> <span class='ocrx_word' id='word_1_555' title='bbox 2959 3273 3220 3326; x_wconf 88' lang='lat' dir='ltr'><strong>censent?</strong></span> <span class='ocrx_word' id='word_1_556' title='bbox 3247 3272 3326 3327; x_wconf 87' lang='lat' dir='ltr'><strong>Ad</strong></span> <span class='ocrx_word' id='word_1_557' title='bbox 3362 3273 3478 3328; x_wconf 68' lang='lat' dir='ltr'><strong>haze</strong></span> <span class='ocrx_word' id='word_1_558' title='bbox 3525 3290 3648 3328; x_wconf 86' lang='lat' dir='ltr'><strong>cum</strong></span> 
     </span>
    </p>
   </div>
   <div class='ocr_carea' id='block_1_80' title="bbox 2080 3359 3650 3433">
    <p class='ocr_par' dir='ltr' id='par_1_80' title="bbox 2080 3359 3650 3433">
     <span class='ocr_line' id='line_1_80' title="bbox 2080 3359 3650 3433; baseline 0.004 -20"><span class='ocrx_word' id='word_1_559' title='bbox 2080 3359 2390 3414; x_wconf 82' lang='lat' dir='ltr'><strong>Alexander</strong></span> <span class='ocrx_word' id='word_1_560' title='bbox 2441 3361 2645 3429; x_wconf 83' lang='lat' dir='ltr'><strong>justam</strong></span> <span class='ocrx_word' id='word_1_561' title='bbox 2698 3362 2856 3417; x_wconf 87' lang='lat' dir='ltr'><strong>nobis</strong></span> <span class='ocrx_word' id='word_1_562' title='bbox 2885 3379 3078 3433; x_wconf 69' lang='lat' dir='ltr'><strong>pugnae</strong></span> <span class='ocrx_word' id='word_1_563' title='bbox 3135 3365 3483 3420; x_wconf 87' lang='lat' dir='ltr'><strong>oceasioncm</strong></span> <span class='ocrx_word' id='word_1_564' title='bbox 3538 3382 3650 3420; x_wconf 90' lang='lat' dir='ltr'><strong>non</strong></span> 
     </span>
    </p>
   </div>
   <div class='ocr_carea' id='block_1_81' title="bbox 2081 3453 3653 3528">
    <p class='ocr_par' dir='ltr' id='par_1_81' title="bbox 2081 3453 3653 3528">
     <span class='ocr_line' id='line_1_81' title="bbox 2081 3453 3653 3528; baseline 0.003 -20"><span class='ocrx_word' id='word_1_565' title='bbox 2081 3454 2365 3517; x_wconf 80' lang='lat' dir='ltr'><strong>obtulerit,</strong></span> <span class='ocrx_word' id='word_1_566' title='bbox 2399 3454 2583 3524; x_wconf 89' lang='lat' dir='ltr'><strong>injusti</strong></span> <span class='ocrx_word' id='word_1_567' title='bbox 2616 3453 2809 3518; x_wconf 86' lang='lat' dir='ltr'><strong>simus,</strong></span> <span class='ocrx_word' id='word_1_568' title='bbox 2833 3455 2938 3508; x_wconf 90' lang='lat' dir='ltr'><strong>nisi</strong></span> <span class='ocrx_word' id='word_1_569' title='bbox 2965 3471 3151 3525; x_wconf 86' lang='lat' dir='ltr'><strong>pacem</strong></span> <span class='ocrx_word' id='word_1_570' title='bbox 3177 3471 3302 3510; x_wconf 88' lang='lat' dir='ltr'><strong>cum</strong></span> <span class='ocrx_word' id='word_1_571' title='bbox 3333 3473 3399 3510; x_wconf 94' lang='lat' dir='ltr'><strong>eo</strong></span> <span class='ocrx_word' id='word_1_572' title='bbox 3420 3458 3653 3528; x_wconf 54' lang='lat' dir='ltr'><strong>conjunc</strong></span> 
     </span>
    </p>
   </div>
   <div class='ocr_carea' id='block_1_82' title="bbox 2081 3547 3654 3616">
    <p class='ocr_par' dir='ltr' id='par_1_82' title="bbox 2081 3547 3654 3616">
     <span class='ocr_line' id='line_1_82' title="bbox 2081 3547 3654 3616; baseline 0.002 -16"><span class='ocrx_word' id='word_1_573' title='bbox 2081 3562 2318 3616; x_wconf 85' lang='lat' dir='ltr'><strong>gamus;</strong></span> <span class='ocrx_word' id='word_1_574' title='bbox 2359 3562 2469 3601; x_wconf 91' lang='lat' dir='ltr'><strong>non</strong></span> <span class='ocrx_word' id='word_1_575' title='bbox 2500 3547 2646 3601; x_wconf 91' lang='lat' dir='ltr'><strong>enim</strong></span> <span class='ocrx_word' id='word_1_576' title='bbox 2698 3563 2797 3601; x_wconf 91' lang='lat' dir='ltr'><strong>nos</strong></span> <span class='ocrx_word' id='word_1_577' title='bbox 2829 3549 3043 3616; x_wconf 88' lang='lat' dir='ltr'><strong>petivit,</strong></span> <span class='ocrx_word' id='word_1_578' title='bbox 3092 3550 3188 3602; x_wconf 88' lang='lat' dir='ltr'><strong>sed</strong></span> <span class='ocrx_word' id='word_1_579' title='bbox 3249 3564 3373 3602; x_wconf 87' lang='lat' dir='ltr'><strong>cum</strong></span> <span class='ocrx_word' id='word_1_580' title='bbox 3433 3551 3538 3603; x_wconf 86' lang='lat' dir='ltr'><strong>alia</strong></span> <span class='ocrx_word' id='word_1_581' title='bbox 3587 3551 3654 3603; x_wconf 83' lang='lat' dir='ltr'><strong>de</strong></span> 
     </span>
    </p>
   </div>
   <div class='ocr_carea' id='block_1_83' title="bbox 2082 3639 3652 3704">
    <p class='ocr_par' dir='ltr' id='par_1_83' title="bbox 2082 3639 3652 3704">
     <span class='ocr_line' id='line_1_83' title="bbox 2082 3639 3652 3704; baseline 0.001 -12"><span class='ocrx_word' id='word_1_582' title='bbox 2082 3654 2246 3693; x_wconf 89' lang='lat' dir='ltr'><strong>causa</strong></span> <span class='ocrx_word' id='word_1_583' title='bbox 2299 3639 2410 3693; x_wconf 87' lang='lat' dir='ltr'><strong>huc</strong></span> <span class='ocrx_word' id='word_1_584' title='bbox 2460 3639 2726 3704; x_wconf 89' lang='lat' dir='ltr'><strong>venisset,</strong></span> <span class='ocrx_word' id='word_1_585' title='bbox 2795 3640 2957 3695; x_wconf 83' lang='lat' dir='ltr'><strong>nobis</strong></span> <span class='ocrx_word' id='word_1_586' title='bbox 3013 3641 3158 3695; x_wconf 89' lang='lat' dir='ltr'><strong>haud</strong></span> <span class='ocrx_word' id='word_1_587' title='bbox 3204 3641 3396 3695; x_wconf 90' lang='lat' dir='ltr'><strong>volens</strong></span> <span class='ocrx_word' id='word_1_588' title='bbox 3445 3641 3652 3696; x_wconf 77' lang='lat' dir='ltr'><strong>nocuit.</strong></span> 
     </span>
    </p>
   </div>
   <div class='ocr_carea' id='block_1_84' title="bbox 2082 3730 3658 3802">
    <p class='ocr_par' dir='ltr' id='par_1_84' title="bbox 2082 3730 3658 3802">
     <span class='ocr_line' id='line_1_84' title="bbox 2082 3730 3658 3802; baseline 0.003 -18"><span class='ocrx_word' id='word_1_589' title='bbox 2082 3730 2264 3796; x_wconf 87' lang='lat' dir='ltr'><strong>Quare</strong></span> <span class='ocrx_word' id='word_1_590' title='bbox 2288 3733 2418 3801; x_wconf 85' lang='lat' dir='ltr'><strong>quia</strong></span> <span class='ocrx_word' id='word_1_591' title='bbox 2453 3747 2553 3786; x_wconf 89' lang='lat' dir='ltr'><strong>nec</strong></span> <span class='ocrx_word' id='word_1_592' title='bbox 2585 3734 2875 3802; x_wconf 81' lang='lat' dir='ltr'><strong>profutura</strong></span> <span class='ocrx_word' id='word_1_593' title='bbox 2911 3742 2995 3788; x_wconf 89' lang='lat' dir='ltr'><strong>est</strong></span> <span class='ocrx_word' id='word_1_594' title='bbox 3017 3733 3178 3788; x_wconf 87' lang='lat' dir='ltr'><strong>nobis</strong></span> <span class='ocrx_word' id='word_1_595' title='bbox 3205 3734 3509 3796; x_wconf 89' lang='lat' dir='ltr'><strong>dimicatio,</strong></span> <span class='ocrx_word' id='word_1_596' title='bbox 3557 3750 3658 3788; x_wconf 82' lang='lat' dir='ltr'><strong>nec</strong></span> 
     </span>
    </p>
   </div>
   <div class='ocr_carea' id='block_1_85' title="bbox 2085 3821 3654 3893">
    <p class='ocr_par' dir='ltr' id='par_1_85' title="bbox 2085 3821 3654 3893">
     <span class='ocr_line' id='line_1_85' title="bbox 2085 3821 3654 3893; baseline 0.003 -19"><span class='ocrx_word' id='word_1_597' title='bbox 2085 3821 2280 3874; x_wconf 87' lang='lat' dir='ltr'><strong>idonea</strong></span> <span class='ocrx_word' id='word_1_598' title='bbox 2310 3824 2428 3892; x_wconf 89' lang='lat' dir='ltr'><strong>ejus</strong></span> <span class='ocrx_word' id='word_1_599' title='bbox 2472 3838 2635 3877; x_wconf 90' lang='lat' dir='ltr'><strong>causa</strong></span> <span class='ocrx_word' id='word_1_600' title='bbox 2685 3823 2940 3886; x_wconf 77' lang='lat' dir='ltr'><strong>oﬂertur,</strong></span> <span class='ocrx_word' id='word_1_601' title='bbox 2992 3838 3094 3893; x_wconf 81' lang='lat' dir='ltr'><strong>pax</strong></span> <span class='ocrx_word' id='word_1_602' title='bbox 3127 3824 3508 3892; x_wconf 86' lang='lat' dir='ltr'><strong>amplectenda</strong></span> <span class='ocrx_word' id='word_1_603' title='bbox 3547 3834 3654 3879; x_wconf 89' lang='lat' dir='ltr'><strong>est.</strong></span> 
     </span>
    </p>
   </div>
   <div class='ocr_carea' id='block_1_86' title="bbox 2085 3911 3656 3986">
    <p class='ocr_par' dir='ltr' id='par_1_86' title="bbox 2085 3911 3656 3986">
     <span class='ocr_line' id='line_1_86' title="bbox 2085 3911 3656 3986; baseline 0.002 -20"><span class='ocrx_word' id='word_1_604' title='bbox 2085 3911 2184 3966; x_wconf 81' lang='lat' dir='ltr'><strong>liis</strong></span> <span class='ocrx_word' id='word_1_605' title='bbox 2206 3913 2848 3984; x_wconf 84' lang='lat' dir='ltr'><strong>dictisiegatosaccersit,</strong></span> <span class='ocrx_word' id='word_1_606' title='bbox 2865 3918 2932 3970; x_wconf 90' lang='lat' dir='ltr'><strong>de</strong></span> <span class='ocrx_word' id='word_1_607' title='bbox 2949 3914 3156 3970; x_wconf 69' lang='lat' dir='ltr'><strong>ﬁndere</strong></span> <span class='ocrx_word' id='word_1_608' title='bbox 3179 3919 3492 3986; x_wconf 87' lang='lat' dir='ltr'><strong>respondet,</strong></span> <span class='ocrx_word' id='word_1_609' title='bbox 3518 3926 3656 3972; x_wconf 78' lang='lat' dir='ltr'><strong>etad</strong></span> 
     </span>
    </p>
   </div>
   <div class='ocr_carea' id='block_1_87' title="bbox 2087 4007 3656 4077">
    <p class='ocr_par' dir='ltr' id='par_1_87' title="bbox 2087 4007 3656 4077">
     <span class='ocr_line' id='line_1_87' title="bbox 2087 4007 3656 4077; baseline 0.001 -17"><span class='ocrx_word' id='word_1_610' title='bbox 2087 4007 2138 4060; x_wconf 86' lang='lat' dir='ltr'><strong>i-J</strong></span> <span class='ocrx_word' id='word_1_611' title='bbox 2179 4016 2460 4075; x_wconf 83' lang='lat' dir='ltr'><strong>promptos</strong></span> <span class='ocrx_word' id='word_1_612' title='bbox 2491 4007 2648 4062; x_wconf 90' lang='lat' dir='ltr'><strong>donis</strong></span> <span class='ocrx_word' id='word_1_613' title='bbox 2676 4009 2927 4072; x_wconf 87' lang='lat' dir='ltr'><strong>honorat,</strong></span> <span class='ocrx_word' id='word_1_614' title='bbox 2957 4018 3124 4077; x_wconf 87' lang='lat' dir='ltr'><strong>atque</strong></span> <span class='ocrx_word' id='word_1_615' title='bbox 3156 4011 3221 4062; x_wconf 88' lang='lat' dir='ltr'><strong>ad</strong></span> <span class='ocrx_word' id='word_1_616' title='bbox 3253 4025 3382 4064; x_wconf 82' lang='lat' dir='ltr'><strong>suos</strong></span> <span class='ocrx_word' id='word_1_617' title='bbox 3405 4009 3656 4071; x_wconf 83' lang='lat' dir='ltr'><strong>remittit.</strong></span> 
     </span>
    </p>
   </div>
   <div class='ocr_carea' id='block_1_88' title="bbox 2087 4099 3660 4176">
    <p class='ocr_par' dir='ltr' id='par_1_88' title="bbox 2087 4099 3660 4176">
     <span class='ocr_line' id='line_1_88' title="bbox 2087 4099 3660 4176; baseline 0 -25"><span class='ocrx_word' id='word_1_618' title='bbox 2087 4099 2316 4167; x_wconf 82' lang='lat' dir='ltr'><strong>ipseque</strong></span> <span class='ocrx_word' id='word_1_619' title='bbox 2371 4114 2470 4167; x_wconf 88' lang='lat' dir='ltr'><strong>per</strong></span> <span class='ocrx_word' id='word_1_620' title='bbox 2510 4113 2641 4152; x_wconf 80' lang='lat' dir='ltr'><strong>suos</strong></span> <span class='ocrx_word' id='word_1_621' title='bbox 2692 4100 2756 4150; x_wconf 88' lang='lat' dir='ltr'><strong>ad</strong></span> <span class='ocrx_word' id='word_1_622' title='bbox 2804 4100 3173 4153; x_wconf 81' lang='lat' dir='ltr'><strong>Alexandrum</strong></span> <span class='ocrx_word' id='word_1_623' title='bbox 3225 4099 3433 4170; x_wconf 89' lang='lat' dir='ltr'><strong>legatos</strong></span> <span class='ocrx_word' id='word_1_624' title='bbox 3481 4100 3660 4176; x_wconf 55' lang='lat' dir='ltr'><strong>foedus</strong></span> 
     </span>
    </p>
   </div>
   <div class='ocr_carea' id='block_1_89' title="bbox 2087 4189 3656 4259">
    <p class='ocr_par' dir='ltr' id='par_1_89' title="bbox 2087 4189 3656 4259">
     <span class='ocr_line' id='line_1_89' title="bbox 2087 4189 3656 4259; baseline 0 -17"><span class='ocrx_word' id='word_1_625' title='bbox 2087 4190 2394 4242; x_wconf 79' lang='lat' dir='ltr'><strong>Conlirinat.</strong></span> <span class='ocrx_word' id='word_1_626' title='bbox 2431 4189 2565 4242; x_wconf 90' lang='lat' dir='ltr'><strong>Dum</strong></span> <span class='ocrx_word' id='word_1_627' title='bbox 2625 4199 2806 4242; x_wconf 88' lang='lat' dir='ltr'><strong>autem</strong></span> <span class='ocrx_word' id='word_1_628' title='bbox 2855 4205 3011 4259; x_wconf 86' lang='lat' dir='ltr'><strong>reges</strong></span> <span class='ocrx_word' id='word_1_629' title='bbox 3047 4192 3114 4244; x_wconf 91' lang='lat' dir='ltr'><strong>ad</strong></span> <span class='ocrx_word' id='word_1_630' title='bbox 3165 4191 3656 4244; x_wconf 89' lang='lat' dir='ltr'><strong>constabiliendam</strong></span> 
     </span>
    </p>
   </div>
   <div class='ocr_carea' id='block_1_90' title="bbox 2089 4279 3664 4349">
    <p class='ocr_par' dir='ltr' id='par_1_90' title="bbox 2089 4279 3664 4349">
     <span class='ocr_line' id='line_1_90' title="bbox 2089 4279 3664 4349; baseline 0.002 -18"><span class='ocrx_word' id='word_1_631' title='bbox 2089 4279 2382 4333; x_wconf 83' lang='lat' dir='ltr'><strong>amicitiam</strong></span> <span class='ocrx_word' id='word_1_632' title='bbox 2402 4287 2660 4349; x_wconf 82' lang='lat' dir='ltr'><strong>pararent</strong></span> <span class='ocrx_word' id='word_1_633' title='bbox 2679 4281 2995 4343; x_wconf 88' lang='lat' dir='ltr'><strong>convenire,</strong></span> <span class='ocrx_word' id='word_1_634' title='bbox 3016 4279 3217 4334; x_wconf 89' lang='lat' dir='ltr'><strong>hiemis</strong></span> <span class='ocrx_word' id='word_1_635' title='bbox 3245 4280 3664 4336; x_wconf 81' lang='lat' dir='ltr'><strong>intervenientis</strong></span> 
     </span>
    </p>
   </div>
   <div class='ocr_carea' id='block_1_91' title="bbox 2090 4369 3658 4441">
    <p class='ocr_par' dir='ltr' id='par_1_91' title="bbox 2090 4369 3658 4441">
     <span class='ocr_line' id='line_1_91' title="bbox 2090 4369 3658 4441; baseline 0.001 -18"><span class='ocrx_word' id='word_1_636' title='bbox 2090 4370 2361 4439; x_wconf 80' lang='lat' dir='ltr'><strong>asperitas</strong></span> <span class='ocrx_word' id='word_1_637' title='bbox 2402 4386 2517 4424; x_wconf 84' lang='lat' dir='ltr'><strong>rem</strong></span> <span class='ocrx_word' id='word_1_638' title='bbox 2551 4371 2803 4424; x_wconf 88' lang='lat' dir='ltr'><strong>distinuit</strong></span> <span class='ocrx_word' id='word_1_639' title='bbox 2830 4387 2841 4422; x_wconf 92' lang='lat'>:</span> <span class='ocrx_word' id='word_1_640' title='bbox 2880 4369 3047 4441; x_wconf 63' lang='lat' dir='ltr'><strong>M6</strong></span> <span class='ocrx_word' id='word_1_641' title='bbox 3077 4385 3186 4438; x_wconf 62' lang='lat' dir='ltr'><strong>prae</strong></span> <span class='ocrx_word' id='word_1_642' title='bbox 3213 4387 3319 4438; x_wconf 87' lang='lat' dir='ltr'><strong>qua</strong></span> <span class='ocrx_word' id='word_1_643' title='bbox 3354 4387 3479 4425; x_wconf 83' lang='lat' dir='ltr'><strong>cum</strong></span> <span class='ocrx_word' id='word_1_644' title='bbox 3507 4373 3658 4427; x_wconf 72' lang='grc' dir='ltr'><strong>Μωδὶ</strong></span> 
     </span>
    </p>
   </div>
   <div class='ocr_carea' id='block_1_92' title="bbox 411 4461 1976 4548">
    <p class='ocr_par' dir='ltr' id='par_1_92' title="bbox 411 4462 1976 4548">
     <span class='ocr_line' id='line_1_92' title="bbox 411 4462 1976 4548; baseline -0.012 -16"><span class='ocrx_word' id='word_1_645' title='bbox 411 4480 646 4548; x_wconf 84' lang='grc' dir='ltr'>πόλεμον</span> <span class='ocrx_word' id='word_1_646' title='bbox 695 4472 1140 4544; x_wconf 78' lang='grc' dir='ltr'>παρεσχημένου,</span> <span class='ocrx_word' id='word_1_647' title='bbox 1171 4467 1493 4536; x_wconf 84' lang='grc' dir='ltr'>ἀδικοίημεν</span> <span class='ocrx_word' id='word_1_648' title='bbox 1536 4465 1603 4518; x_wconf 80' lang='grc' dir='ltr'>ἂν</span> <span class='ocrx_word' id='word_1_649' title='bbox 1656 4464 1706 4515; x_wconf 83' lang='grc' dir='ltr'><strong>εί</strong></span> <span class='ocrx_word' id='word_1_650' title='bbox 1763 4464 1838 4533; x_wconf 81' lang='grc' dir='ltr'>μὴ</span> <span class='ocrx_word' id='word_1_651' title='bbox 1866 4462 1976 4515; x_wconf 84' lang='grc' dir='ltr'>δια-</span> 
     </span>
    </p>
   </div>
   <div class='ocr_carea' id='block_1_93' title="bbox 2079 4461 3663 4548">
    <p class='ocr_par' dir='ltr' id='par_1_93' title="bbox 2090 4461 3663 4530">
     <span class='ocr_line' id='line_1_93' title="bbox 2090 4461 3663 4530; baseline 0.001 -14"><span class='ocrx_word' id='word_1_652' title='bbox 2090 4463 2145 4516; x_wconf 93' lang='lat' dir='ltr'><strong>in</strong></span> <span class='ocrx_word' id='word_1_653' title='bbox 2175 4461 2547 4517; x_wconf 88' lang='lat' dir='ltr'><strong>tabernaculis</strong></span> <span class='ocrx_word' id='word_1_654' title='bbox 2577 4461 2877 4530; x_wconf 90' lang='lat' dir='ltr'><strong>perdurare</strong></span> <span class='ocrx_word' id='word_1_655' title='bbox 2906 4461 3226 4529; x_wconf 86' lang='lat' dir='ltr'><strong>nequirent,</strong></span> <span class='ocrx_word' id='word_1_656' title='bbox 3299 4461 3567 4516; x_wconf 88' lang='lat' dir='ltr'><strong>militibus</strong></span> <span class='ocrx_word' id='word_1_657' title='bbox 3609 4477 3663 4516; x_wconf 86' lang='lat' dir='ltr'><strong>ct</strong></span> 
     </span>
    </p>
   </div>
   <div class='ocr_carea' id='block_1_94' title="bbox 410 4555 1977 4632">
    <p class='ocr_par' dir='ltr' id='par_1_94' title="bbox 410 4555 1977 4632">
     <span class='ocr_line' id='line_1_94' title="bbox 410 4555 1977 4632; baseline -0.011 -10"><span class='ocrx_word' id='word_1_658' title='bbox 410 4569 636 4623; x_wconf 86' lang='grc' dir='ltr'>λύεσθαι</span> <span class='ocrx_word' id='word_1_659' title='bbox 671 4565 973 4632; x_wconf 69' lang='grc' dir='ltr'>ἐθέλοιμεν.</span> <span class='ocrx_word' id='word_1_660' title='bbox 1005 4561 1082 4613; x_wconf 82' lang='grc' dir='ltr'><strong>Οὐ</strong></span> <span class='ocrx_word' id='word_1_661' title='bbox 1108 4558 1216 4628; x_wconf 82' lang='grc' dir='ltr'>γὰρ</span> <span class='ocrx_word' id='word_1_662' title='bbox 1245 4557 1378 4627; x_wconf 74' lang='grc' dir='ltr'>ἡμῖν</span> <span class='ocrx_word' id='word_1_663' title='bbox 1415 4571 1480 4624; x_wconf 89' lang='grc' dir='ltr'><strong>γε</strong></span> <span class='ocrx_word' id='word_1_664' title='bbox 1519 4555 1977 4624; x_wconf 65' lang='grc' dir='ltr'>ἐπεστράτευσεν,</span> 
     </span>
    </p>
   </div>
   <div class='ocr_carea' id='block_1_95' title="bbox 292 4645 1981 4728">
    <p class='ocr_par' dir='ltr' id='par_1_95' title="bbox 292 4645 1981 4728">
     <span class='ocr_line' id='line_1_95' title="bbox 292 4645 1981 4728; baseline -0.012 -11"><span class='ocrx_word' id='word_1_665' title='bbox 292 4661 303 4672; x_wconf 86' lang='grc'><em>’</em></span> <span class='ocrx_word' id='word_1_666' title='bbox 412 4663 528 4716; x_wconf 83' lang='grc' dir='ltr'>ἀλλ’</span> <span class='ocrx_word' id='word_1_667' title='bbox 557 4659 642 4728; x_wconf 78' lang='grc' dir='ltr'><strong>ἐφ’</strong></span> <span class='ocrx_word' id='word_1_668' title='bbox 692 4658 888 4726; x_wconf 78' lang='grc' dir='ltr'>ἑτέραν</span> <span class='ocrx_word' id='word_1_669' title='bbox 950 4653 1226 4724; x_wconf 77' lang='grc' dir='ltr'>πρόφασιν</span> <span class='ocrx_word' id='word_1_670' title='bbox 1290 4648 1480 4714; x_wconf 68' lang='grc' dir='ltr'>ἐλθών,</span> <span class='ocrx_word' id='word_1_671' title='bbox 1539 4647 1688 4700; x_wconf 82' lang='grc' dir='ltr'>ἀκων</span> <span class='ocrx_word' id='word_1_672' title='bbox 1749 4645 1981 4713; x_wconf 74' lang='grc' dir='ltr'>ἔϐλαψεν</span> 
     </span>
    </p>
   </div>
   <div class='ocr_carea' id='block_1_96' title="bbox 413 4731 1982 4825">
    <p class='ocr_par' dir='ltr' id='par_1_96' title="bbox 413 4731 1982 4825">
     <span class='ocr_line' id='line_1_96' title="bbox 413 4731 1982 4825; baseline -0.013 -19"><span class='ocrx_word' id='word_1_673' title='bbox 413 4755 583 4825; x_wconf 72' lang='grc' dir='ltr'>ἡμᾶς,</span> <span class='ocrx_word' id='word_1_674' title='bbox 633 4748 772 4802; x_wconf 83' lang='grc' dir='ltr'>ὥστε</span> <span class='ocrx_word' id='word_1_675' title='bbox 798 4746 893 4799; x_wconf 73' lang='grc' dir='ltr'>καὶ</span> <span class='ocrx_word' id='word_1_676' title='bbox 926 4746 990 4796; x_wconf 80' lang='grc' dir='ltr'>ἐκ</span> <span class='ocrx_word' id='word_1_677' title='bbox 1027 4742 1119 4794; x_wconf 77' lang='grc' dir='ltr'><strong>τοῦ</strong></span> <span class='ocrx_word' id='word_1_678' title='bbox 1148 4741 1224 4812; x_wconf 83' lang='grc' dir='ltr'>μὴ</span> <span class='ocrx_word' id='word_1_679' title='bbox 1252 4738 1554 4793; x_wconf 79' lang='grc' dir='ltr'>λυσιτελεῖν</span> <span class='ocrx_word' id='word_1_680' title='bbox 1581 4738 1716 4806; x_wconf 83' lang='grc' dir='ltr'>ἡμῖν</span> <span class='ocrx_word' id='word_1_681' title='bbox 1745 4735 1837 4787; x_wconf 86' lang='grc' dir='ltr'>τὸν</span> <span class='ocrx_word' id='word_1_682' title='bbox 1883 4731 1982 4786; x_wconf 70' lang='grc' dir='ltr'><strong>’πό⁸</strong></span> 
     </span>
    </p>
   </div>
   <div class='ocr_carea' id='block_1_97' title="bbox 413 4825 1983 4914">
    <p class='ocr_par' dir='ltr' id='par_1_97' title="bbox 413 4825 1983 4914">
     <span class='ocr_line' id='line_1_97' title="bbox 413 4825 1983 4914; baseline -0.013 -17"><span class='ocrx_word' id='word_1_683' title='bbox 413 4846 603 4914; x_wconf 85' lang='grc' dir='ltr'>λεμον,</span> <span class='ocrx_word' id='word_1_684' title='bbox 633 4841 728 4892; x_wconf 76' lang='grc' dir='ltr'>καὶ</span> <span class='ocrx_word' id='word_1_685' title='bbox 773 4839 838 4890; x_wconf 78' lang='grc' dir='ltr'>ὲκ</span> <span class='ocrx_word' id='word_1_686' title='bbox 872 4834 968 4888; x_wconf 84' lang='grc' dir='ltr'><strong>τού</strong></span> <span class='ocrx_word' id='word_1_687' title='bbox 1021 4834 1097 4903; x_wconf 78' lang='grc' dir='ltr'>μὴ</span> <span class='ocrx_word' id='word_1_688' title='bbox 1133 4833 1404 4903; x_wconf 84' lang='grc' dir='ltr'>πρόφασιν</span> <span class='ocrx_word' id='word_1_689' title='bbox 1435 4828 1652 4882; x_wconf 88' lang='grc' dir='ltr'>δικαίαν</span> <span class='ocrx_word' id='word_1_690' title='bbox 1681 4825 1983 4895; x_wconf 77' lang='grc' dir='ltr'>εἰληφέναι,</span> 
     </span>
    </p>
   </div>
   <div class='ocr_carea' id='block_1_98' title="bbox 415 4916 1986 5008">
    <p class='ocr_par' dir='ltr' id='par_1_98' title="bbox 415 4916 1986 5008">
     <span class='ocr_line' id='line_1_98' title="bbox 415 4916 1986 5008; baseline -0.017 -16"><span class='ocrx_word' id='word_1_691' title='bbox 415 4939 513 5008; x_wconf 74' lang='grc' dir='ltr'>τὴν</span> <span class='ocrx_word' id='word_1_692' title='bbox 543 4935 766 5005; x_wconf 81' lang='grc' dir='ltr'>εἰρήνην</span> <span class='ocrx_word' id='word_1_693' title='bbox 805 4929 1006 5000; x_wconf 79' lang='grc' dir='ltr'>μᾶλλον</span> <span class='ocrx_word' id='word_1_694' title='bbox 1033 4925 1299 4993; x_wconf 82' lang='grc' dir='ltr'>αἱρετέον.</span> <span class='ocrx_word' id='word_1_695' title='bbox 1327 4920 1568 4975; x_wconf 83' lang='grc' dir='ltr'>Τοιαῦτα</span> <span class='ocrx_word' id='word_1_696' title='bbox 1618 4919 1810 5006; x_wconf 77' lang='grc' dir='ltr'>εἰπὼν,</span> <span class='ocrx_word' id='word_1_697' title='bbox 1858 4916 1986 4978; x_wconf 80' lang='grc' dir='ltr'>τοὺς</span> 
     </span>
    </p>
   </div>
   <div class='ocr_carea' id='block_1_99' title="bbox 419 5012 1989 5101">
    <p class='ocr_par' dir='ltr' id='par_1_99' title="bbox 419 5012 1989 5101">
     <span class='ocr_line' id='line_1_99' title="bbox 419 5012 1989 5101; baseline -0.016 -16"><span class='ocrx_word' id='word_1_698' title='bbox 419 5030 674 5101; x_wconf 80' lang='grc' dir='ltr'>πρέσϐεις</span> <span class='ocrx_word' id='word_1_699' title='bbox 699 5021 1118 5096; x_wconf 87' lang='grc' dir='ltr'>προσεκαλεῖτο,</span> <span class='ocrx_word' id='word_1_700' title='bbox 1174 5017 1268 5071; x_wconf 72' lang='grc' dir='ltr'>καὶ</span> <span class='ocrx_word' id='word_1_701' title='bbox 1299 5012 1637 5085; x_wconf 75' lang='grc' dir='ltr'>ἐχρημάτιζε</span> <span class='ocrx_word' id='word_1_702' title='bbox 1669 5013 1796 5082; x_wconf 72' lang='grc' dir='ltr'>περὶ</span> <span class='ocrx_word' id='word_1_703' title='bbox 1827 5027 1989 5070; x_wconf 73' lang='grc' dir='ltr'>σπον-</span> 
     </span>
    </p>
   </div>
   <div class='ocr_carea' id='block_1_100' title="bbox 416 5101 1983 5178">
    <p class='ocr_par' dir='ltr' id='par_1_100' title="bbox 416 5101 1983 5178">
     <span class='ocr_line' id='line_1_100' title="bbox 416 5101 1983 5178; baseline -0.015 -1"><span class='ocrx_word' id='word_1_704' title='bbox 416 5125 544 5178; x_wconf 84' lang='grc' dir='ltr'>δῶν.</span> <span class='ocrx_word' id='word_1_705' title='bbox 578 5121 685 5174; x_wconf 70' lang='grc' dir='ltr'><strong>Καὶ</strong></span> <span class='ocrx_word' id='word_1_706' title='bbox 737 5117 860 5170; x_wconf 70' lang='grc' dir='ltr'>ἐπεὶ</span> <span class='ocrx_word' id='word_1_707' title='bbox 913 5114 1155 5168; x_wconf 84' lang='grc' dir='ltr'>κάκεῖνοι</span> <span class='ocrx_word' id='word_1_708' title='bbox 1201 5107 1520 5162; x_wconf 84' lang='grc' dir='ltr'>διαλύεσθαι</span> <span class='ocrx_word' id='word_1_709' title='bbox 1563 5101 1715 5176; x_wconf 71' lang='grc' dir='ltr'>’ἦσαν</span> <span class='ocrx_word' id='word_1_710' title='bbox 1749 5104 1983 5172; x_wconf 75' lang='grc' dir='ltr'>ἕτοιμοι,</span> 
     </span>
    </p>
   </div>
   <div class='ocr_carea' id='block_1_101' title="bbox 421 5194 1991 5282">
    <p class='ocr_par' dir='ltr' id='par_1_101' title="bbox 421 5194 1991 5282">
     <span class='ocr_line' id='line_1_101' title="bbox 421 5194 1991 5282; baseline -0.015 -13"><span class='ocrx_word' id='word_1_711' title='bbox 421 5217 601 5272; x_wconf 73' lang='grc' dir='ltr'>αὐτοῖς</span> <span class='ocrx_word' id='word_1_712' title='bbox 665 5210 763 5282; x_wconf 78' lang='grc' dir='ltr'>μὶν</span> <span class='ocrx_word' id='word_1_713' title='bbox 804 5208 954 5277; x_wconf 86' lang='grc' dir='ltr'>δῶρα</span> <span class='ocrx_word' id='word_1_714' title='bbox 1000 5200 1304 5274; x_wconf 87' lang='grc' dir='ltr'>παρασχὼν</span> <span class='ocrx_word' id='word_1_715' title='bbox 1335 5240 1351 5265; x_wconf 92' lang='grc'><strong>,</strong></span> <span class='ocrx_word' id='word_1_716' title='bbox 1417 5199 1746 5266; x_wconf 83' lang='grc' dir='ltr'>ἀπέπεμπεν</span> <span class='ocrx_word' id='word_1_717' title='bbox 1804 5196 1884 5257; x_wconf 85' lang='grc' dir='ltr'><strong>εἰς</strong></span> <span class='ocrx_word' id='word_1_718' title='bbox 1930 5194 1991 5246; x_wconf 83' lang='grc' dir='ltr'>τὸ</span> 
     </span>
    </p>
   </div>
   <div class='ocr_carea' id='block_1_102' title="bbox 421 5286 1989 5379">
    <p class='ocr_par' dir='ltr' id='par_1_102' title="bbox 421 5286 1989 5379">
     <span class='ocr_line' id='line_1_102' title="bbox 421 5286 1989 5379; baseline -0.017 -17"><span class='ocrx_word' id='word_1_719' title='bbox 421 5304 802 5379; x_wconf 70' lang='grc' dir='ltr'>στρατόπεδον.</span> <span class='ocrx_word' id='word_1_720' title='bbox 853 5297 1157 5371; x_wconf 84' lang='grc' dir='ltr'>Πρεσϐείαν</span> <span class='ocrx_word' id='word_1_721' title='bbox 1191 5294 1247 5347; x_wconf 81' lang='grc' dir='ltr'>δὲ</span> <span class='ocrx_word' id='word_1_722' title='bbox 1302 5291 1526 5360; x_wconf 67' lang='grc' dir='ltr'>πέμψας</span> <span class='ocrx_word' id='word_1_723' title='bbox 1563 5289 1699 5358; x_wconf 85' lang='grc' dir='ltr'>πρὸς</span> <span class='ocrx_word' id='word_1_724' title='bbox 1736 5286 1989 5351; x_wconf 76' lang='grc' dir='ltr'>Ἀλέξαν-</span> 
     </span>
    </p>
   </div>
   <div class='ocr_carea' id='block_1_103' title="bbox 422 5379 1990 5473">
    <p class='ocr_par' dir='ltr' id='par_1_103' title="bbox 422 5379 1990 5473">
     <span class='ocr_line' id='line_1_103' title="bbox 422 5379 1990 5473; baseline -0.016 -19"><span class='ocrx_word' id='word_1_725' title='bbox 422 5401 568 5473; x_wconf 87' lang='grc' dir='ltr'>δρον,</span> <span class='ocrx_word' id='word_1_726' title='bbox 601 5398 694 5450; x_wconf 73' lang='grc' dir='ltr'>καὶ</span> <span class='ocrx_word' id='word_1_727' title='bbox 722 5394 883 5454; x_wconf 77' lang='grc' dir='ltr'>αὐτὸς</span> <span class='ocrx_word' id='word_1_728' title='bbox 933 5389 1184 5443; x_wconf 70' lang='grc' dir='ltr'>ἐϐεϐαίου</span> <span class='ocrx_word' id='word_1_729' title='bbox 1211 5385 1308 5448; x_wconf 80' lang='grc' dir='ltr'>τὰς</span> <span class='ocrx_word' id='word_1_730' title='bbox 1340 5382 1595 5444; x_wconf 86' lang='grc' dir='ltr'>σπονδάς.</span> <span class='ocrx_word' id='word_1_731' title='bbox 1637 5379 1990 5448; x_wconf 82' lang='grc' dir='ltr'>Βουλομένων</span> 
     </span>
    </p>
   </div>
   <div class='ocr_carea' id='block_1_104' title="bbox 422 5473 1994 5558">
    <p class='ocr_par' dir='ltr' id='par_1_104' title="bbox 422 5473 1994 5558">
     <span class='ocr_line' id='line_1_104' title="bbox 422 5473 1994 5558; baseline -0.013 -13"><span class='ocrx_word' id='word_1_732' title='bbox 422 5493 481 5544; x_wconf 77' lang='grc' dir='ltr'>δὲ</span> <span class='ocrx_word' id='word_1_733' title='bbox 511 5492 619 5544; x_wconf 86' lang='grc' dir='ltr'><strong>τῶν</strong></span> <span class='ocrx_word' id='word_1_734' title='bbox 657 5487 925 5558; x_wconf 88' lang='grc' dir='ltr'>βασιλέων</span> <span class='ocrx_word' id='word_1_735' title='bbox 956 5485 1047 5537; x_wconf 79' lang='grc' dir='ltr'>καὶ</span> <span class='ocrx_word' id='word_1_736' title='bbox 1097 5480 1349 5549; x_wconf 83' lang='grc' dir='ltr'>ἀλλήλοις</span> <span class='ocrx_word' id='word_1_737' title='bbox 1385 5475 1658 5530; x_wconf 86' lang='grc' dir='ltr'>συνελθεῖν</span> <span class='ocrx_word' id='word_1_738' title='bbox 1688 5475 1776 5525; x_wconf 76' lang='grc' dir='ltr'>ἐπι</span> <span class='ocrx_word' id='word_1_739' title='bbox 1811 5473 1994 5540; x_wconf 72' lang='grc' dir='ltr'>φιλίας</span> 
     </span>
    </p>
   </div>
   <div class='ocr_carea' id='block_1_105' title="bbox 428 5564 1993 5655">
    <p class='ocr_par' dir='ltr' id='par_1_105' title="bbox 428 5564 1993 5655">
     <span class='ocr_line' id='line_1_105' title="bbox 428 5564 1993 5655; baseline -0.014 -19"><span class='ocrx_word' id='word_1_740' title='bbox 428 5585 626 5655; x_wconf 78' lang='grc' dir='ltr'>μᾶλλον</span> <span class='ocrx_word' id='word_1_741' title='bbox 653 5577 959 5650; x_wconf 83' lang='grc' dir='ltr'>βεϐαιώσει,</span> <span class='ocrx_word' id='word_1_742' title='bbox 993 5573 1320 5627; x_wconf 85' lang='grc' dir='ltr'>διεκώλυσεν</span> <span class='ocrx_word' id='word_1_743' title='bbox 1359 5571 1387 5621; x_wconf 87' lang='grc' dir='ltr'><strong>δ</strong></span> <span class='ocrx_word' id='word_1_744' title='bbox 1432 5567 1641 5638; x_wconf 87' lang='grc' dir='ltr'>χειμὼν</span> <span class='ocrx_word' id='word_1_745' title='bbox 1669 5564 1993 5632; x_wconf 73' lang='grc' dir='ltr'>ἐπιγενόμε-</span> 
     </span>
    </p>
   </div>
   <div class='ocr_carea' id='block_1_106' title="bbox 427 5659 1996 5743">
    <p class='ocr_par' dir='ltr' id='par_1_106' title="bbox 427 5659 1996 5743">
     <span class='ocr_line' id='line_1_106' title="bbox 427 5659 1996 5743; baseline -0.014 -13"><span class='ocrx_word' id='word_1_746' title='bbox 427 5694 514 5738; x_wconf 82' lang='grc' dir='ltr'><strong>νος</strong></span> <span class='ocrx_word' id='word_1_747' title='bbox 548 5673 813 5743; x_wconf 78' lang='grc' dir='ltr'>σφοδρόςο</span> <span class='ocrx_word' id='word_1_748' title='bbox 848 5670 936 5736; x_wconf 80' lang='grc' dir='ltr'><strong>ὑφ’</strong></span> <span class='ocrx_word' id='word_1_749' title='bbox 990 5663 1051 5722; x_wconf 72' lang='grc' dir='ltr'>οὗ</span> <span class='ocrx_word' id='word_1_750' title='bbox 1105 5666 1181 5735; x_wconf 80' lang='grc' dir='ltr'>μὴ</span> <span class='ocrx_word' id='word_1_751' title='bbox 1226 5665 1522 5732; x_wconf 79' lang='grc' dir='ltr'>δυνάμενον</span> <span class='ocrx_word' id='word_1_752' title='bbox 1565 5659 1626 5712; x_wconf 85' lang='grc' dir='ltr'>τὸ</span> <span class='ocrx_word' id='word_1_753' title='bbox 1679 5659 1996 5726; x_wconf 85' lang='grc' dir='ltr'>στράτευμα</span> 
     </span>
    </p>
   </div>
   <div class='ocr_carea' id='block_1_107' title="bbox 427 5749 1996 5834">
    <p class='ocr_par' dir='ltr' id='par_1_107' title="bbox 427 5749 1996 5834">
     <span class='ocr_line' id='line_1_107' title="bbox 427 5749 1996 5834; baseline -0.015 -12"><span class='ocrx_word' id='word_1_754' title='bbox 427 5765 634 5823; x_wconf 76' lang='grc' dir='ltr'>Μυσῶν</span> <span class='ocrx_word' id='word_1_755' title='bbox 686 5761 1068 5831; x_wconf 83' lang='grc' dir='ltr'>διακαρτερεῖν</span> <span class='ocrx_word' id='word_1_756' title='bbox 1121 5758 1212 5809; x_wconf 73' lang='grc' dir='ltr'><strong>ἐπὶ</strong></span> <span class='ocrx_word' id='word_1_757' title='bbox 1245 5757 1472 5834; x_wconf 54' lang='grc' dir='ltr'>σξιηναῖς</span> <span class='ocrx_word' id='word_1_758' title='bbox 1520 5749 1878 5819; x_wconf 76' lang='grc' dir='ltr'>ἀνεζεύγνυον</span> <span class='ocrx_word' id='word_1_759' title='bbox 1917 5749 1996 5812; x_wconf 85' lang='grc' dir='ltr'><strong>είς</strong></span> 
     </span>
    </p>
   </div>
   <div class='ocr_carea' id='block_1_108' title="bbox 652 5849 1300 5918">
    <p class='ocr_par' dir='ltr' id='par_1_108' title="bbox 652 5849 1300 5918">
     <span class='ocr_line' id='line_1_108' title="bbox 652 5849 1300 5918; baseline -0.015 0"><span class='ocrx_word' id='word_1_760' title='bbox 652 5863 924 5918; x_wconf 76' lang='grc' dir='ltr'>ΡΑτίιοι..</span> <span class='ocrx_word' id='word_1_761' title='bbox 957 5856 1076 5914; x_wconf 77' lang='lat' dir='ltr'><strong>Gn.</strong></span> <span class='ocrx_word' id='word_1_762' title='bbox 1104 5849 1300 5912; x_wconf 82' lang='lat' dir='ltr'><strong>CLIII.</strong></span> 
     </span>
    </p>
   </div>
   <div class='ocr_carea' id='block_1_109' title="bbox 2087 4551 3660 4624">
    <p class='ocr_par' dir='ltr' id='par_1_109' title="bbox 2087 4551 3660 4624">
     <span class='ocr_line' id='line_1_109' title="bbox 2087 4551 3660 4624; baseline -0.001 -16"><span class='ocrx_word' id='word_1_763' title='bbox 2087 4556 2246 4624; x_wconf 91' lang='lat' dir='ltr'><strong>equis</strong></span> <span class='ocrx_word' id='word_1_764' title='bbox 2265 4553 2474 4623; x_wconf 90' lang='lat' dir='ltr'><strong>aliquot</strong></span> <span class='ocrx_word' id='word_1_765' title='bbox 2491 4553 2695 4608; x_wconf 86' lang='lat' dir='ltr'><strong>enectis</strong></span> <span class='ocrx_word' id='word_1_766' title='bbox 2722 4551 2981 4621; x_wconf 79' lang='lat' dir='ltr'><strong>frigorum</strong></span> <span class='ocrx_word' id='word_1_767' title='bbox 3011 4552 3381 4621; x_wconf 82' lang='lat' dir='ltr'><strong>magnitudine</strong></span> <span class='ocrx_word' id='word_1_768' title='bbox 3442 4559 3660 4607; x_wconf 88' lang='lat' dir='ltr'><strong>domum</strong></span> 
     </span>
    </p>
   </div>
   <div class='ocr_carea' id='block_1_110' title="bbox 2091 4643 3665 4717">
    <p class='ocr_par' dir='ltr' id='par_1_110' title="bbox 2091 4643 3665 4717">
     <span class='ocr_line' id='line_1_110' title="bbox 2091 4643 3665 4717; baseline 0 -17"><span class='ocrx_word' id='word_1_769' title='bbox 2091 4655 2453 4717; x_wconf 72' lang='lat' dir='ltr'><strong>reverterunt.</strong></span> <span class='ocrx_word' id='word_1_770' title='bbox 2482 4647 2612 4702; x_wconf 82' lang='lat' dir='ltr'><strong>Post</strong></span> <span class='ocrx_word' id='word_1_771' title='bbox 2639 4645 2754 4698; x_wconf 63' lang='lat' dir='ltr'><strong>hate</strong></span> <span class='ocrx_word' id='word_1_772' title='bbox 2795 4646 3088 4714; x_wconf 83' lang='lat' dir='ltr'><strong>imperator</strong></span> <span class='ocrx_word' id='word_1_773' title='bbox 3113 4643 3529 4700; x_wconf 84' lang='lat' dir='ltr'><strong>Cantacuzenus</strong></span> <span class='ocrx_word' id='word_1_774' title='bbox 3553 4649 3665 4700; x_wconf 85' lang='lat' dir='ltr'><strong>Au-</strong></span> 
     </span>
    </p>
   </div>
   <div class='ocr_carea' id='block_1_111' title="bbox 2092 4734 3664 4806">
    <p class='ocr_par' dir='ltr' id='par_1_111' title="bbox 2092 4734 3664 4806">
     <span class='ocr_line' id='line_1_111' title="bbox 2092 4734 3664 4806; baseline 0 -18"><span class='ocrx_word' id='word_1_775' title='bbox 2092 4746 2304 4806; x_wconf 84' lang='lat' dir='ltr'><strong>gustam</strong></span> <span class='ocrx_word' id='word_1_776' title='bbox 2332 4734 2398 4788; x_wconf 90' lang='lat' dir='ltr'><strong>de</strong></span> <span class='ocrx_word' id='word_1_777' title='bbox 2423 4748 2554 4804; x_wconf 91' lang='lat' dir='ltr'><strong>pace</strong></span> <span class='ocrx_word' id='word_1_778' title='bbox 2593 4735 2788 4788; x_wconf 88' lang='lat' dir='ltr'><strong>iterum</strong></span> <span class='ocrx_word' id='word_1_779' title='bbox 2850 4735 3126 4803; x_wconf 80' lang='lat' dir='ltr'><strong>appellat,</strong></span> <span class='ocrx_word' id='word_1_780' title='bbox 3173 4734 3419 4803; x_wconf 88' lang='lat' dir='ltr'><strong>petitque</strong></span> <span class='ocrx_word' id='word_1_781' title='bbox 3464 4751 3533 4789; x_wconf 91' lang='lat' dir='ltr'><strong>ne</strong></span> <span class='ocrx_word' id='word_1_782' title='bbox 3557 4751 3664 4805; x_wconf 81' lang='lat' dir='ltr'><strong>qua</strong></span> 
     </span>
    </p>
   </div>
   <div class='ocr_carea' id='block_1_112' title="bbox 2092 4810 3664 4896">
    <p class='ocr_par' dir='ltr' id='par_1_112' title="bbox 2092 4810 3664 4896">
     <span class='ocr_line' id='line_1_112' title="bbox 2092 4810 3664 4896; baseline 0 -17"><span class='ocrx_word' id='word_1_783' title='bbox 2092 4827 2245 4894; x_wconf 89' lang='lat' dir='ltr'><strong>prius</strong></span> <span class='ocrx_word' id='word_1_784' title='bbox 2275 4810 2597 4888; x_wconf 83' lang='lat' dir='ltr'><strong>temeritate,</strong></span> <span class='ocrx_word' id='word_1_785' title='bbox 2628 4827 2780 4894; x_wconf 89' lang='lat' dir='ltr'><strong>paria</strong></span> <span class='ocrx_word' id='word_1_786' title='bbox 2811 4835 2908 4878; x_wconf 89' lang='lat' dir='ltr'><strong>aut</strong></span> <span class='ocrx_word' id='word_1_787' title='bbox 2932 4825 3203 4880; x_wconf 78' lang='lat' dir='ltr'><strong>deteriora</strong></span> <span class='ocrx_word' id='word_1_788' title='bbox 3229 4828 3397 4879; x_wconf 90' lang='lat' dir='ltr'><strong>etiam</strong></span> <span class='ocrx_word' id='word_1_789' title='bbox 3449 4828 3504 4880; x_wconf 91' lang='lat' dir='ltr'><strong>in</strong></span> <span class='ocrx_word' id='word_1_790' title='bbox 3561 4843 3664 4896; x_wconf 87' lang='lat' dir='ltr'><strong>po-</strong></span> 
     </span>
    </p>
   </div>
   <div class='ocr_carea' id='block_1_113' title="bbox 2095 4917 3667 4988">
    <p class='ocr_par' dir='ltr' id='par_1_113' title="bbox 2095 4917 3667 4988">
     <span class='ocr_line' id='line_1_113' title="bbox 2095 4917 3667 4988; baseline 0 -14"><span class='ocrx_word' id='word_1_791' title='bbox 2095 4931 2302 4974; x_wconf 88' lang='lat' dir='ltr'><strong>sterum</strong></span> <span class='ocrx_word' id='word_1_792' title='bbox 2325 4919 2694 4988; x_wconf 73' lang='lat' dir='ltr'><strong>aggrediatur.</strong></span> <span class='ocrx_word' id='word_1_793' title='bbox 2727 4917 2870 4983; x_wconf 86' lang='lat' dir='ltr'><strong>Quin</strong></span> <span class='ocrx_word' id='word_1_794' title='bbox 2911 4920 3094 4988; x_wconf 88' lang='lat' dir='ltr'><strong>potius</strong></span> <span class='ocrx_word' id='word_1_795' title='bbox 3123 4933 3250 4972; x_wconf 91' lang='lat' dir='ltr'><strong>eum</strong></span> <span class='ocrx_word' id='word_1_796' title='bbox 3281 4933 3350 4972; x_wconf 82' lang='lat' dir='ltr'><strong>ex</strong></span> <span class='ocrx_word' id='word_1_797' title='bbox 3402 4929 3667 4974; x_wconf 81' lang='lat' dir='ltr'><strong>anteactis</strong></span> 
     </span>
    </p>
   </div>
   <div class='ocr_carea' id='block_1_114' title="bbox 2091 5009 3664 5080">
    <p class='ocr_par' dir='ltr' id='par_1_114' title="bbox 2091 5009 3664 5080">
     <span class='ocr_line' id='line_1_114' title="bbox 2091 5009 3664 5080; baseline 0.001 -18"><span class='ocrx_word' id='word_1_798' title='bbox 2091 5009 2201 5080; x_wconf 89' lang='lat' dir='ltr'><strong>jam</strong></span> <span class='ocrx_word' id='word_1_799' title='bbox 2230 5009 2566 5078; x_wconf 83' lang='lat' dir='ltr'><strong>cognoverit,</strong></span> <span class='ocrx_word' id='word_1_800' title='bbox 2608 5009 2813 5063; x_wconf 88' lang='lat' dir='ltr'><strong>bellum</strong></span> <span class='ocrx_word' id='word_1_801' title='bbox 2851 5012 2992 5064; x_wconf 65' lang='lat' dir='ltr'><strong>istuc</strong></span> <span class='ocrx_word' id='word_1_802' title='bbox 3023 5011 3332 5063; x_wconf 74' lang='lat' dir='ltr'><strong>Romanum</strong></span> <span class='ocrx_word' id='word_1_803' title='bbox 3373 5011 3664 5080; x_wconf 67' lang='lat' dir='ltr'><strong>imperium</strong></span> 
     </span>
    </p>
   </div>
   <div class='ocr_carea' id='block_1_115' title="bbox 2095 5097 3662 5168">
    <p class='ocr_par' dir='ltr' id='par_1_115' title="bbox 2095 5097 3662 5168">
     <span class='ocr_line' id='line_1_115' title="bbox 2095 5097 3662 5168; baseline 0.001 -16"><span class='ocrx_word' id='word_1_804' title='bbox 2095 5098 2346 5152; x_wconf 79' lang='lat' dir='ltr'><strong>funditus</strong></span> <span class='ocrx_word' id='word_1_805' title='bbox 2371 5097 2714 5167; x_wconf 86' lang='lat' dir='ltr'><strong>perditurum</strong></span> <span class='ocrx_word' id='word_1_806' title='bbox 2740 5137 2755 5160; x_wconf 91' lang='lat'><strong>,</strong></span> <span class='ocrx_word' id='word_1_807' title='bbox 2788 5111 2976 5166; x_wconf 88' lang='lat' dir='ltr'><strong>pacem</strong></span> <span class='ocrx_word' id='word_1_808' title='bbox 3009 5100 3264 5150; x_wconf 84' lang='lat' dir='ltr'><strong>admittat</strong></span> <span class='ocrx_word' id='word_1_809' title='bbox 3291 5115 3306 5151; x_wconf 87' lang='lat'>:</span> <span class='ocrx_word' id='word_1_810' title='bbox 3335 5114 3393 5153; x_wconf 86' lang='lat' dir='ltr'><strong>se</strong></span> <span class='ocrx_word' id='word_1_811' title='bbox 3421 5115 3662 5168; x_wconf 77' lang='lat' dir='ltr'><strong>quoque,</strong></span> 
     </span>
    </p>
   </div>
   <div class='ocr_carea' id='block_1_116' title="bbox 2099 5188 3666 5258">
    <p class='ocr_par' dir='ltr' id='par_1_116' title="bbox 2099 5188 3666 5258">
     <span class='ocr_line' id='line_1_116' title="bbox 2099 5188 3666 5258; baseline -0.001 -14"><span class='ocrx_word' id='word_1_812' title='bbox 2099 5191 2225 5244; x_wconf 90' lang='lat' dir='ltr'><strong>licet</strong></span> <span class='ocrx_word' id='word_1_813' title='bbox 2260 5205 2358 5258; x_wconf 87' lang='lat' dir='ltr'><strong>par</strong></span> <span class='ocrx_word' id='word_1_814' title='bbox 2389 5188 2503 5254; x_wconf 91' lang='lat' dir='ltr'><strong>pari</strong></span> <span class='ocrx_word' id='word_1_815' title='bbox 2541 5188 2748 5242; x_wconf 73' lang='lat' dir='ltr'><strong>referre</strong></span> <span class='ocrx_word' id='word_1_816' title='bbox 2776 5189 2972 5258; x_wconf 85' lang='lat' dir='ltr'><strong>possit,</strong></span> <span class='ocrx_word' id='word_1_817' title='bbox 3004 5190 3312 5243; x_wconf 83' lang='lat' dir='ltr'><strong>communis</strong></span> <span class='ocrx_word' id='word_1_818' title='bbox 3340 5193 3461 5243; x_wconf 85' lang='lat' dir='ltr'><strong>L-oni</strong></span> <span class='ocrx_word' id='word_1_819' title='bbox 3507 5207 3666 5244; x_wconf 74' lang='lat' dir='ltr'><strong>causa</strong></span> 
     </span>
    </p>
   </div>
   <div class='ocr_carea' id='block_1_117' title="bbox 2100 5271 3669 5349">
    <p class='ocr_par' dir='ltr' id='par_1_117' title="bbox 2100 5271 3669 5349">
     <span class='ocr_line' id='line_1_117' title="bbox 2100 5271 3669 5349; baseline -0.002 -13"><span class='ocrx_word' id='word_1_820' title='bbox 2100 5283 2167 5336; x_wconf 87' lang='lat' dir='ltr'><strong>ab</strong></span> <span class='ocrx_word' id='word_1_821' title='bbox 2225 5281 2395 5334; x_wconf 89' lang='lat' dir='ltr'><strong>armis</strong></span> <span class='ocrx_word' id='word_1_822' title='bbox 2444 5279 2809 5333; x_wconf 84' lang='lat' dir='ltr'><strong>libentissime</strong></span> <span class='ocrx_word' id='word_1_823' title='bbox 2858 5279 3252 5334; x_wconf 78' lang='lat' dir='ltr'><strong>discessurum.</strong></span> <span class='ocrx_word' id='word_1_824' title='bbox 3292 5281 3526 5349; x_wconf 74' lang='lat' dir='ltr'><strong>Legatus</strong></span> <span class='ocrx_word' id='word_1_825' title='bbox 3550 5271 3669 5334; x_wconf 64' lang='lat' dir='ltr'><strong>Erat</strong></span> 
     </span>
    </p>
   </div>
   <div class='ocr_carea' id='block_1_118' title="bbox 2101 5371 3672 5445">
    <p class='ocr_par' dir='ltr' id='par_1_118' title="bbox 2101 5371 3672 5445">
     <span class='ocr_line' id='line_1_118' title="bbox 2101 5371 3672 5445; baseline -0.001 -16"><span class='ocrx_word' id='word_1_826' title='bbox 2101 5375 2195 5445; x_wconf 88' lang='lat' dir='ltr'><strong>qui</strong></span> <span class='ocrx_word' id='word_1_827' title='bbox 2225 5383 2282 5428; x_wconf 90' lang='lat' dir='ltr'><strong>et</strong></span> <span class='ocrx_word' id='word_1_828' title='bbox 2306 5374 2460 5437; x_wconf 85' lang='lat' dir='ltr'><strong>alias,</strong></span> <span class='ocrx_word' id='word_1_829' title='bbox 2489 5373 2800 5425; x_wconf 87' lang='lat' dir='ltr'><strong>Demetrius</strong></span> <span class='ocrx_word' id='word_1_830' title='bbox 2826 5371 3186 5440; x_wconf 79' lang='lat' dir='ltr'><strong>Sguropulus,</strong></span> <span class='ocrx_word' id='word_1_831' title='bbox 3211 5385 3266 5426; x_wconf 91' lang='lat' dir='ltr'><strong>et</strong></span> <span class='ocrx_word' id='word_1_832' title='bbox 3295 5389 3402 5426; x_wconf 92' lang='lat' dir='ltr'><strong>una</strong></span> <span class='ocrx_word' id='word_1_833' title='bbox 3431 5373 3672 5428; x_wconf 81' lang='lat' dir='ltr'><strong>Joannes</strong></span> 
     </span>
    </p>
   </div>
   <div class='ocr_carea' id='block_1_119' title="bbox 2103 5463 3670 5534">
    <p class='ocr_par' dir='ltr' id='par_1_119' title="bbox 2103 5463 3670 5534">
     <span class='ocr_line' id='line_1_119' title="bbox 2103 5463 3670 5534; baseline -0.001 -13"><span class='ocrx_word' id='word_1_834' title='bbox 2103 5467 2308 5521; x_wconf 84' lang='lat' dir='ltr'><strong>Potlius</strong></span> <span class='ocrx_word' id='word_1_835' title='bbox 2329 5481 2396 5520; x_wconf 82' lang='lat' dir='ltr'><strong>ex</strong></span> <span class='ocrx_word' id='word_1_836' title='bbox 2424 5464 2614 5534; x_wconf 78' lang='lat' dir='ltr'><strong>Angeli</strong></span> <span class='ocrx_word' id='word_1_837' title='bbox 2648 5464 2926 5533; x_wconf 75' lang='lat' dir='ltr'><strong>pinccrnae</strong></span> <span class='ocrx_word' id='word_1_838' title='bbox 2954 5463 3288 5518; x_wconf 86' lang='lat' dir='ltr'><strong>domesticis.</strong></span> <span class='ocrx_word' id='word_1_839' title='bbox 3321 5465 3398 5516; x_wconf 86' lang='lat' dir='ltr'><strong>Ad</strong></span> <span class='ocrx_word' id='word_1_840' title='bbox 3442 5467 3670 5534; x_wconf 75' lang='lat' dir='ltr'><strong>leg-tio-</strong></span> 
     </span>
    </p>
   </div>
   <div class='ocr_carea' id='block_1_120' title="bbox 2104 5555 3666 5628">
    <p class='ocr_par' dir='ltr' id='par_1_120' title="bbox 2104 5555 3666 5628">
     <span class='ocr_line' id='line_1_120' title="bbox 2104 5555 3666 5628; baseline -0.004 -14"><span class='ocrx_word' id='word_1_841' title='bbox 2104 5577 2229 5614; x_wconf 88' lang='lat' dir='ltr'><strong>nem</strong></span> <span class='ocrx_word' id='word_1_842' title='bbox 2262 5561 2354 5628; x_wconf 92' lang='lat' dir='ltr'><strong>qui</strong></span> <span class='ocrx_word' id='word_1_843' title='bbox 2391 5556 2637 5628; x_wconf 71' lang='lat' dir='ltr'><strong>Byzantii</strong></span> <span class='ocrx_word' id='word_1_844' title='bbox 2667 5570 2772 5628; x_wconf 88' lang='lat' dir='ltr'><strong>pro</strong></span> <span class='ocrx_word' id='word_1_845' title='bbox 2829 5555 3181 5622; x_wconf 85' lang='lat' dir='ltr'><strong>iniperatrice</strong></span> <span class='ocrx_word' id='word_1_846' title='bbox 3205 5555 3514 5609; x_wconf 82' lang='lat' dir='ltr'><strong>tractabant</strong></span> <span class='ocrx_word' id='word_1_847' title='bbox 3562 5557 3666 5610; x_wconf 77' lang='lat' dir='ltr'><strong>im-</strong></span> 
     </span>
    </p>
   </div>
   <div class='ocr_carea' id='block_1_121' title="bbox 2105 5647 3672 5726">
    <p class='ocr_par' dir='ltr' id='par_1_121' title="bbox 2105 5647 3672 5726">
     <span class='ocr_line' id='line_1_121' title="bbox 2105 5647 3672 5726; baseline -0.005 -19"><span class='ocrx_word' id='word_1_848' title='bbox 2105 5656 2314 5726; x_wconf 90' lang='lat' dir='ltr'><strong>perium</strong></span> <span class='ocrx_word' id='word_1_849' title='bbox 2347 5651 2482 5706; x_wconf 90' lang='lat' dir='ltr'><strong>nihil</strong></span> <span class='ocrx_word' id='word_1_850' title='bbox 2502 5653 2853 5718; x_wconf 84' lang='lat' dir='ltr'><strong>respondent,</strong></span> <span class='ocrx_word' id='word_1_851' title='bbox 2884 5650 2978 5701; x_wconf 88' lang='lat' dir='ltr'><strong>sed</strong></span> <span class='ocrx_word' id='word_1_852' title='bbox 3005 5647 3243 5716; x_wconf 73' lang='lat' dir='ltr'><strong>legatum</strong></span> <span class='ocrx_word' id='word_1_853' title='bbox 3275 5649 3509 5702; x_wconf 87' lang='lat' dir='ltr'><strong>alterum</strong></span> <span class='ocrx_word' id='word_1_854' title='bbox 3531 5649 3672 5703; x_wconf 77' lang='lat' dir='ltr'><strong>inul-</strong></span> 
     </span>
    </p>
   </div>
   <div class='ocr_carea' id='block_1_122' title="bbox 2108 5741 3671 5816">
    <p class='ocr_par' dir='ltr' id='par_1_122' title="bbox 2108 5741 3671 5816">
     <span class='ocr_line' id='line_1_122' title="bbox 2108 5741 3671 5816; baseline -0.003 -14"><span class='ocrx_word' id='word_1_855' title='bbox 2108 5748 2177 5802; x_wconf 89' lang='lat' dir='ltr'><strong>tis</strong></span> <span class='ocrx_word' id='word_1_856' title='bbox 2204 5759 2490 5816; x_wconf 84' lang='lat' dir='ltr'><strong>aspersum</strong></span> <span class='ocrx_word' id='word_1_857' title='bbox 2536 5743 2792 5798; x_wconf 79' lang='lat' dir='ltr'><strong>comitiis</strong></span> <span class='ocrx_word' id='word_1_858' title='bbox 2832 5743 2886 5799; x_wconf 81' lang='lat' dir='ltr'><strong>iu</strong></span> <span class='ocrx_word' id='word_1_859' title='bbox 2923 5741 3226 5795; x_wconf 78' lang='lat' dir='ltr'><strong>custodiam</strong></span> <span class='ocrx_word' id='word_1_860' title='bbox 3274 5741 3671 5810; x_wconf 76' lang='lat' dir='ltr'><strong>compingunt:</strong></span> 
     </span>
    </p>
   </div>
   <div class='ocr_carea' id='block_1_123' title="bbox 3243 5837 3323 5898">
    <p class='ocr_par' dir='ltr' id='par_1_123' title="bbox 3243 5837 3323 5898">
     <span class='ocr_line' id='line_1_123' title="bbox 3243 5837 3323 5898; baseline 0 0"><span class='ocrx_word' id='word_1_861' title='bbox 3243 5837 3323 5898; x_wconf 73' lang='lat'><strong>‘28</strong></span> 
     </span>
    </p>
   </div>
  </div>
