4054 6442
357 317 467 382 879
682 342 690 355 ι
1538 313 1871 378 JOANNIS
1907 311 2406 377 CANTACUZEN
2415 316 2441 376 Ι
3534 315 3641 382 880

340 433 783 492 tradendam-eos
811 435 1057 491 allectat.
1086 434 1214 491 Dies
1248 449 1358 505 quo
1385 433 1564 488 veniat
1597 432 1918 503 praelinitur.

2040 428 2312 493 Βασιλεὺς
2366 435 2424 484 δέ
2450 432 2477 484 6
2510 430 2968 502 Καντακουζηνδς
2990 431 3258 485 διενοεῖτο
3293 428 3394 500 μὲν
3421 429 3498 494 ὠς
3521 431 3636 502 ἅμα

338 529 438 585 Ille
499 540 791 601 assumpto
845 529 1094 585 exercitu
1150 530 1217 583 ad
1284 529 1419 582 alias
1470 527 1719 582 Thraciae
1773 526 1918 580 urbe:

2039 515 2136 591 ἦρι
2167 521 2448 591 Βυζαντίῳ
2499 524 2972 594 ἐπιστρατεύσων,
3003 525 3100 578 καὶ
3144 524 3547 596 πειρασόμενος
3577 526 3627 578 εί

259 673 265 679 .
338 625 547 679 iturum
617 623 850 694 illasque
904 623 1262 680 obsessurum
1309 624 1539 692 fingens,
1579 637 1646 675 ne
1719 621 1812 690 qui
1869 620 1918 673 al

2040 615 2261 666 δύναιτο
2291 614 2474 684 ἐαυτῷ
2505 616 2792 669 ὑποποιεῖν
2819 633 2833 647 ·
2867 617 3021 687 ὅμως
3059 618 3155 671 τοῦ
3195 617 3470 689 χειμῶνος
3510 621 3624 683 τοῖς

338 719 589 785 Augusta
627 713 870 782 stabant,
901 717 1164 772 infestum
1197 718 1316 786 ejus
1349 729 1635 770 accessum
1666 712 1938 768 Adriano-

341 809 516 875 poli-m
546 808 902 872 nuntiarent,
934 823 1097 878 supra
1127 808 1394 870 Hebrum,
1424 815 1486 860 ut
1521 805 1786 874 postridie
1828 806 1934 856 mi—

332 897 493 952 item
525 897 980 962 transducturus,
1017 906 1194 952 castra
1233 897 1384 952 facit.
1419 895 1584 950 Mittit
1612 911 1836 965 quoque
1865 895 1934 948 ad

336 991 665 1046 Pinc-eruam
689 989 1111 1055 consobrinum,
1149 991 1245 1061 qui
1269 1006 1396 1046 cunt
1425 990 1737 1045 millenario
1769 989 1934 1044 Pant-

336 1083 552 1152 philum
590 1084 870 1148 servabat,
913 1091 968 1138 et
994 1098 1177 1138 arcem
1217 1099 1346 1139 cum
1377 1083 1503 1138 aliis
1524 1082 1707 1153 gravis
1749 1096 1932 1136 arma-

340 1186 478 1230 tura:
502 1191 565 1230 ac
582 1176 884 1245 sagittariis
928 1185 1185 1232 centum:
1211 1177 1456 1242 mandat,
1490 1183 1551 1230 ut
1574 1175 1764 1230 relicta
1788 1175 1934 1230 arcis

335 1267 607 1330 custodia,
639 1277 696 1322 et
735 1284 803 1323 ex
839 1270 1087 1338 equitatu
1143 1270 1426 1331 trecentis,
1457 1269 1551 1340 qui
1615 1266 1932 1322 inferiorem

334 1359 530 1414 urbem
557 1367 874 1425 tuerentur,
909 1376 1035 1416 cum
1059 1371 1259 1417 caztero
1285 1363 1504 1432 agmine
1532 1361 1598 1416 ad
1623 1376 1680 1416 se
1706 1361 1930 1426 veniat;

333 1449 502 1523 449
526 1467 750 1506 causam
789 1452 1016 1522 insuper
1039 1453 1229 1518 addit,
1273 1469 1374 1508 cur
1407 1469 1536 1509 eum
1576 1461 1760 1508 vocet.
1799 1453 1931 1507 Pin-

332 1556 505 1596 cerna
546 1542 808 1611 opinatus
841 1542 1020 1598 solum
1042 1544 1186 1599 arcis
1213 1545 1531 1612 praesidium
1560 1545 1684 1599 urbi
1710 1560 1933 1599 servan-

334 1638 418 1686 dae
443 1607 722 1700 sufficere,
767 1648 892 1689 cum
931 1643 1050 1688 toto
1076 1607 1335 1703 equitatu
1360 1634 1539 1690 adest.
1569 1633 1708 1690 Cum
1745 1644 1931 1690 autem

341 1740 443 1795 per
490 1734 707 1780 noctem
742 1725 892 1780 illam
942 1726 1146 1782 Boreas
1201 1727 1471 1798 spirasset
1513 1729 1927 1793 vehementius,

2043 705 2102 758 ἐν
2163 705 2609 774 Ἀδριανουπόλει
2686 707 2917 777 ἄρχουσι
2984 705 3369 778 προσπέμπων
3442 710 3631 780 κρύφα

2042 796 2140 849 καὶ
2173 796 2582 866 διαλεγόμενος,
2611 796 2802 851 ἔπεισε
2826 800 2927 866 τὴν
2957 797 3112 851 πόλιν
3137 799 3488 870 ἐγχειρίζειν.
3521 802 3628 854 Καὶ

2040 888 2165 940 ἐπεὶ
2211 888 2526 942 συντέθειτο
2571 889 2755 959 ἡμέρα
2799 890 2923 943 καθ’
2954 890 3022 962 ἢν
3074 890 3182 957 ἔδει
3227 892 3498 958 ἐπελθεῖν,
3529 893 3630 964 τὴν

2038 978 2207 1033 οὖσαν
2258 982 2522 1051 στρατιὰν
2574 983 2932 1052 παραλαϐὼν,
2975 983 3071 1037 καὶ
3106 985 3629 1056 προσποιησάμενος

2038 1073 2122 1143 ἐφ’
2151 1073 2348 1143 ἐτέρας
2369 1073 2470 1143 τῆς
2494 1075 2720 1146 Θρᾴκης
2751 1075 3055 1144 βαδιεῖσθαι
3088 1076 3279 1143 πόλεις
3307 1077 3385 1141 ὡς
3411 1078 3633 1153 πολιορ-

2036 1167 2226 1236 κήσων
2265 1166 2352 1220 ἵνα
2390 1168 2466 1238 μὴ
2502 1169 2608 1221 ὑπό
2635 1185 2732 1222 του
2759 1171 2868 1224 τῶν
2913 1169 2984 1224 τὰ
3035 1171 3310 1241 βασιλίδος
3336 1173 3631 1244 ᾑρημένων

2037 1257 2178 1328 πρὸς
2225 1257 2327 1329 τὴν
2385 1257 2670 1330 Ἀδριανοῦ
2720 1262 2754 1331 ή
2804 1260 2996 1330 ἔφοδος
3051 1263 3294 1334 μηνυθῇ,
3341 1264 3494 1334 παρὰ
3537 1265 3629 1319 τὸν

2038 1349 2246 1420 Ἕϐρον
2278 1351 2781 1423 ἐστρατοπέδευσεν
2810 1353 2886 1416 ὡς
2930 1355 3377 1426 περαιωσόμενος
3414 1359 3494 1420 είς
3526 1356 3628 1428 τὴν

2037 1443 2361 1512 ὑστεραίαν.
2410 1445 2644 1516 Πέμψας
2704 1445 2761 1501 δὲ
2811 1447 2910 1500 καὶ
2971 1447 3112 1519 πρὸς
3168 1449 3483 1520 Πιγκέρνην
3535 1450 3627 1504 τὸν

2033 1535 2281 1607 ἀνεψιὸν,
2337 1533 2399 1591 τδ
2465 1537 2767 1607 Πάμφυλον
2829 1538 2948 1606 ἄμα
3012 1540 3209 1611 χιλίοις
3276 1540 3622 1613 φρουροῦντα

2035 1628 2424 1696 στρατιώταις,
2455 1630 2555 1699 τήν
2582 1647 2642 1683 τε
2675 1631 2976 1703 ἀκρόπολιν
3006 1633 3219 1704 ἐτέροις
3251 1633 3502 1696 ὁπλίταις
3529 1637 3622 1688 καὶ

2033 1719 2212 1789 ψιλοῖς
2240 1719 2484 1785 τοξόταις
2510 1722 2733 1788 ἐκατδν,
2767 1725 2990 1779 ἐκέλευε
3015 1727 3116 1798 τὴν
3150 1728 3209 1780 ἐν
3232 1730 3299 1798 τῇ
3330 1727 3619 1796 ἀκροπόλει

333 1816 580 1869 diluculo
619 1815 822 1870 ﬂumen
850 1817 1194 1888 conglaciare
1245 1819 1536 1890 incipiens,
1573 1820 1714 1875 intra
1763 1821 1918 1877 breve

2034 1816 2282 1886 φρουράν
2329 1816 2729 1885 καταλιπόντα,
2757 1820 2854 1872 καὶ
2882 1821 2984 1890 τῆς
3023 1822 3293 1892 στρατιᾶς
3317 1821 3418 1889 τῆς
3464 1822 3618 1876 ίππι-

336 1923 558 1980 tempus
591 1919 764 1966 totum
789 1911 995 1983 frigore
1027 1912 1515 1984 constitit..Neque
1539 1923 1727 1970 tamen
1775 1915 1920 1972 adeo

332 2004 489 2058 lirn‘ta
536 2021 601 2060 ac
650 2005 819 2059 densa
873 2011 993 2060 erat
1023 2004 1256 2076 glacies.
1316 2019 1377 2060 ut
1411 2014 1639 2077 portare
1682 2008 1927 2079 equitem

332 2110 540 2170 posset,
576 2117 676 2157 nec
705 2103 990 2156 consuetis
1029 2101 1352 2158 actuariolis
1387 2104 1685 2158 transitum
1716 2105 1925 2173 praebe-

332 2197 446 2259 bat,
478 2195 575 2248 sed
597 2193 665 2247 ad
695 2194 838 2250 istuc
867 2195 1082 2260 durior,
1109 2195 1176 2247 ad
1203 2209 1380 2264 equos
1409 2208 1548 2249 vero
1577 2195 1928 2251 sustinendos

330 2286 578 2354 fragilior
627 2287 974 2358 apparebat:
1021 2302 1145 2358 quae
1196 2303 1287 2343 res
1339 2287 1571 2343 multam
1608 2289 1925 2346 transeundi

331 2376 741 2432 dubitationem
797 2377 1059 2433 habebat.
1106 2378 1214 2433 Per
1255 2379 1374 2434 dies
1423 2379 1610 2450 itaque
1639 2380 1927 2438 duodenos

332 2467 632 2535 imperator
680 2467 754 2520 ibi
789 2467 840 2520 in
884 2466 1098 2521 stativis
1140 2472 1362 2532 mansit,
1401 2477 1728 2538 exspectans
1753 2469 1926 2540 siquo

331 2561 498 2613 m0th
529 2561 762 2612 daretur
786 2557 1032 2612 Hebrum
1061 2561 1460 2614 transmittere.
1504 2559 1562 2614 In
1601 2561 1688 2616 bis
1725 2561 1926 2616 Adria-

329 2651 574 2718 nopojm
607 2651 870 2722 Byzantio
915 2651 1377 2721 supervenientes
1407 2653 1654 2708 sexcenti
1697 2655 1923 2722 milites,

331 2761 448 2799 rem
485 2744 892 2799 disturbarunt.
926 2743 996 2798 At
1018 2743 1317 2814 Pamphili,
1349 2746 1610 2814 quoniam
1654 2747 1921 2802 Pincerna

329 2851 456 2891 cum
474 2835 653 2906 copiis
670 2849 777 2889 non
797 2837 1006 2902 aderat,
1019 2850 1132 2906 pra:
1148 2836 1350 2905 quibus
1363 2836 1626 2907 oppidani
1639 2838 1922 2908 quippiam

335 2931 459 2984 novi
495 2937 708 2984 tentare
736 2927 1083 2992 metuebant,
1120 2930 1277 2998 prius
1311 2929 1638 2998 quibusdam
1678 2945 1709 2984 e
1733 2929 1921 2999 praesi-

335 3026 425 3077 dio
455 3021 687 3093 pecunia
722 3029 1010 3074 numerata
1047 3020 1354 3090 corruptis,
1405 3028 1461 3076 et
1511 3035 1580 3075 eo
1617 3021 1917 3092 perpulsis,

331 3127 393 3169 ut
412 3130 540 3169 vasa
560 3113 701 3168 ciam
719 3120 1076 3178 evacuarent,
1099 3112 1153 3165 in
1180 3111 1384 3181 quibus
1411 3125 1610 3182 aquam
1633 3119 1688 3166 et
1707 3111 1914 3176 vinum,

331 3219 385 3261 et
411 3208 455 3262 si
491 3205 621 3276 quid
673 3199 819 3259 aliud
877 3202 1134 3274 potabilc,
1170 3207 1468 3260 servabant
1495 3217 1627 3273 (non
1671 3202 1818 3258 enim
1849 3217 1916 3257 ex

335 3309 504 3371 puteo
531 3296 753 3352 haurire
781 3296 1001 3362 licebat,
1030 3305 1323 3366 postquam
1358 3294 1462 3350 sibi
1487 3293 1660 3350 factas
1687 3295 1916 3348 insidias

331 3391 674 3458 :llltllt‘l'illll),
715 3393 974 3454 custodes
1037 3390 1184 3444 arcis
1241 3390 1415 3462 simul
1435 3397 1545 3444 tota
1575 3390 1705 3444 urbs
1739 3403 1917 3458 oppu-

330 3497 478 3558 gnat,
514 3492 971 3553 expugnatosque
1011 3491 1066 3536 et
1095 3479 1438 3536 intoleranda
1473 3480 1566 3536 siti
1620 3495 1916 3550 oppressos

332 3578 397 3626 ad
420 3574 753 3627 dediticiiem
787 3570 977 3640 adigit,
1012 3584 1077 3622 ac
1111 3577 1224 3623 tres
1247 3583 1439 3622 eorum
1481 3570 1651 3624 duces
1677 3571 1910 3636 vinctos,

329 3678 457 3716 cum
484 3671 600 3716 toto
631 3660 886 3731 praesidio
917 3663 988 3713 ad
1016 3666 1318 3727 Augustam
1348 3659 1678 3731 Byzantium
1708 3661 1910 3731 mittit;

330 3771 471 3826 quos
504 3752 749 3826 Byzantii
791 3751 1193 3807 contumeliose
1238 3759 1501 3805 tractatos
1543 3759 1598 3806 et
1651 3753 1912 3806 omnibus

331 3849 583 3902 dzcteriis
616 3847 890 3900 laceratos
921 3845 1277 3898 incarcerem
1315 3843 1604 3898 dederunt.
1649 3844 1708 3898 lu
1745 3845 1915 3914 impe-

329 3949 569 3993 ratorem
603 3952 828 4007 quoque
856 3935 1302 3991 Cantacuzenum
1347 3951 1406 3990 se
1431 3935 1683 4006 improbe
1709 3936 1908 4006 jgesse-

332 4043 481 4097 runt,
514 4031 730 4086 a’nulla
786 4028 1081 4083 verborum
1131 4029 1437 4097 petulantia
1497 4035 1909 4098 temperantes,

328 4138 504 4192 eoque
551 4118 866 4175 stoliditatis
917 4119 1193 4191 progressi
1245 4129 1394 4182 sunt,
1457 4126 1519 4174 ut
1584 4120 1628 4174 si
1687 4121 1911 4190 quando

327 4213 567 4270 Joannes
601 4211 906 4281 imperator
965 4209 1288 4265 adolescens
1322 4226 1351 4264 e
1392 4211 1595 4280 palatio
1638 4213 1706 4266 ad
1740 4213 1909 4266 animi

333 4307 799 4361 oblectamentum
849 4303 1110 4374 quopiam
1153 4303 1401 4373 prodiret
1441 4303 1533 4373 (ob
1567 4312 1784 4360 :etatem
1840 4307 1914 4361 si-

325 4399 548 4467 quidem
592 4400 964 4461 immaturam,
1015 4396 1248 4464 publicae
1277 4395 1354 4448 rei
1405 4395 1542 4450 nihil
1585 4399 1907 4468 attingebat,

2034 1906 2139 1976 κῆς
2168 1908 2544 1977 τριακοσίους,
2580 1907 2725 1964 ὥστε
2747 1913 3039 1984 Δφρουρεῖν
3083 1914 3186 1982 τὴν
3237 1914 3396 1968 κάτω
3439 1915 3616 1978 πόλιν,

2029 2000 2158 2062 τοὺς
2193 1999 2420 2062 λοιποὺς
2459 1978 2828 2069 ἀναλαϐόνῖα,
2855 1978 3016 2075 ἥκειν
3045 1978 3185 2075 πρδς
3213 2005 3399 2072 αὑτὸν,
3431 2005 3620 2075 ἐδήλου

2029 2088 2086 2143 δὲ
2118 2092 2215 2144 καὶ
2246 2090 2348 2161 τὴν
2385 2092 2565 2147 αἰτίαν
2612 2086 2680 2164 ἦς
2717 2093 2885 2148 ἕνεκα
2923 2095 3170 2150 καλοῖτο.
3214 2095 3274 2150 ’0
3315 2095 3362 2149 δ’
3405 2097 3618 2167 ήγησάο

2033 2198 2195 2250 μενος
2226 2183 2325 2252 τὴν
2357 2186 2416 2236 ἐν
2445 2186 2512 2254 τῇ
2553 2185 2856 2256 ἀκροπόλει
2883 2188 3056 2258 μόνην
3077 2189 3330 2259 φρουρὰν
3357 2188 3619 2258 ἀρκέσειν

2029 2274 2172 2345 πρὸς
2196 2275 2540 2346 κατάσχεσιν
2572 2277 2673 2348 τῆς
2708 2278 2942 2346 πόλεως,
2964 2280 3094 2344 τοὺς
3131 2282 3337 2346 ἱππέας
3370 2282 3620 2345 ἅπαντας

2029 2365 2394 2438 παραλαϐὼν,
2421 2364 2558 2440 ἧκεν
2583 2368 2662 2433 ὡς
2685 2368 2936 2438 βασιλέα.
2979 2372 3094 2443 Τῆς
3123 2373 3298 2443 αὐτῆς
3332 2374 3392 2427 δὲ
3418 2375 3616 2440 νυκτὸς

2027 2461 2123 2514 τοῦ
2166 2463 2344 2530 Βορέα
2375 2463 2715 2527 πνεύσαντος
2741 2465 3101 2537 δριμύτερον,
3128 2468 3226 2535 ἅμ’
3259 2469 3446 2542 ἡμέρᾳ
3479 2485 3614 2542 κρυ-

2029 2551 2360 2606 σταλοῦσθαι
2405 2553 2606 2623 ἤρχετο
2649 2555 2679 2607 ό
2737 2556 3010 2625 ποταμὸς,
3059 2557 3155 2610 καὶ
3185 2557 3355 2629 ὀλίγῳ
3385 2557 3614 2629 ὕστερον

2025 2645 2528 2716 ἆπαςδιεφαίνετο
2590 2649 3027 2719 κρυσταλωθείς.
3079 2652 3222 2706 Οὔτε
3263 2653 3322 2706 δὲ
3351 2653 3612 2708 τοσοῦτον

2025 2734 2142 2811 εἶχε
2193 2742 2558 2812 στερρότητος
2597 2742 2626 2793 6
2670 2743 2871 2810 πάγος,
2902 2742 3044 2796 ὥστε
3081 2744 3302 2814 στέγειν
3339 2745 3468 2809 τοὺς
3517 2747 3609 2798 ἱπ-

2027 2831 2167 2894 πέας
2196 2831 2286 2886 ἐπ’
2317 2832 2483 2886 αὑτὸν
2526 2833 2988 2904 περαιουμένους,
3013 2832 3140 2889 οὔτε
3173 2839 3288 2900 τοῖς
3321 2835 3611 2907 συνήθεσιν
3719 2884 3726 2890 .

2023 2924 2274 2989 ἀκατίοις
2321 2927 2460 2997 πρὸς
2514 2926 2608 2981 τὸν
2664 2928 2838 2998 πόρον
2886 2928 3062 2981 δίοδον
3117 2932 3410 2999 παρεῖχεν,
3472 2929 3610 2983 ἀλλά

2023 3017 2117 3071 τοῦ
2149 3017 2273 3090 μὲν,
2307 3019 2671 3089 στερρότερος
2700 3018 2981 3088 ἐφαίνετο,
3025 3019 3120 3072 τοῦ
3154 3022 3372 3088 στέγειν
3398 3019 3454 3072 δὲ
3484 3020 3609 3084 τοὺς

2024 3109 2248 3177 ἵππους,
2306 3110 2728 3180 ἀδρανέστερος.
2793 3112 2886 3162 Διὸ
2947 3115 3044 3164 καὶ
3097 3111 3338 3180 ἀπορίαν
3399 3109 3604 3182 πολλὴν

2021 3203 2254 3272 παρεῖχε
2313 3197 2460 3271 πρὸς
2510 3200 2602 3254 τὸν
2661 3201 2852 3270 πόρον.
2922 3202 3266 3257 Δυοκαίδεκα
3346 3203 3446 3271 μὲν
3514 3197 3606 3256 οὖν

2020 3293 2513 3363 ἐστρατοπεδεύετο
2541 3293 2660 3344 ἐκεῖ
2678 3293 2705 3343 6
2732 3292 2990 3362 βασιλεὺς
3019 3295 3257 3364 ἡμέρας,
3288 3294 3605 3366 περιμένων

2019 3381 2068 3431 εί
2116 3381 2306 3449 τρόπῳ
2334 3381 2400 3448 δή
2449 3397 2557 3432 τινι
2609 3382 2892 3448 ἐγγένοιτο
2936 3383 3029 3436 τὸν
3078 3383 3281 3452 Ἕϐρον
3323 3384 3600 3454 διαϐῆναι.

2030 3472 2119 3524 Ἐν
2168 3474 2395 3536 ταύταις
2447 3474 2504 3527 δὲ
2537 3476 2602 3527 ἐκ
2636 3474 2940 3539 Βυζαντίου
2981 3479 3050 3547 τῇ
3089 3476 3380 3548 Ἀδριανοῦ
3413 3479 3600 3546 ἐπιγε-

2017 3565 2234 3634 νόμενοι
2305 3565 2638 3635 στρατιῶται
2724 3567 3001 3633 ἑξακόσιοι
3085 3569 3183 3639 τὴν
3255 3571 3601 3642 ἐπιχείρησιν

2016 3659 2322 3726 ἀφείλοντο.
2369 3659 2458 3711 Ἐν
2513 3660 2792 3730 Παμφίλῳ
2845 3661 2901 3713 δὲ
2953 3663 3075 3714 ἐπεὶ
3105 3664 3132 3714 6
3178 3663 3491 3735 Πιγκέρνης
3539 3665 3598 3716 ού

2016 3750 2222 3820 παρῆν,
2260 3750 2402 3820 ἔχων
2447 3752 2549 3822 τὴν
2598 3754 2867 3822 στρατιὰν
2913 3753 2980 3825 ἢν
3013 3757 3214 3809 ἐκεῖνοι
3263 3757 3599 3810 ἐδεδοίκεσαν

2016 3846 2385 3914 νεωτερίζειν,
2419 3847 2686 3916 πρότερον
2717 3848 2826 3900 τῶν
2856 3849 3114 3918 φρουρῶν
3154 3866 3312 3912 τινας
3348 3850 3598 3920 χρήμασι

2014 3937 2476 4008 διαφθείραντες,
2535 3942 2630 3993 καὶ
2686 3940 2980 4004 πείσαντες
3037 3942 3105 3996 τά
3165 3944 3366 4011 ἀγγεῖα
3425 3942 3599 4008 λάθρα

2015 4029 2298 4094 ἐκκενοῦν,
2329 4031 2389 4082 ἐν
2428 4026 2511 4093 οἷς
2564 4031 2708 4102 ὕδωρ
2754 4033 2945 4096 αὐτοῖς
2988 4034 3082 4087 καὶ
3130 4029 3294 4098 οἶνος,
3331 4037 3427 4088 καὶ
3461 4035 3516 4086 εί
3547 4052 3598 4088 τι

2014 4119 2205 4190 ἕτερον
2253 4120 2420 4191 ὑγρὸν
2471 4121 2609 4189 πρὸς
2659 4122 2821 4176 πόσιν
2867 4123 3230 4193 ἐφυλάττετο,
3283 4125 3344 4178 οὐ
3393 4125 3502 4196 γὰρ
3535 4127 3600 4198 ἐκ

2015 4215 2200 4282 πηγῆς
2240 4213 2510 4284 ἀρύεσθαι
2560 4215 2709 4285 ἐνῆν,
2740 4215 2816 4280 ὡς
2852 4215 3124 4270 ἐπύθοντο
3154 4218 3469 4288 ὴνυσμένην
3499 4218 3598 4287 τὴν

2013 4305 2329 4375 ἐπιϐουλὴν,
2353 4305 2593 4374 πόλεμον
2629 4305 2767 4375 πρὸς
2814 4308 2941 4370 τοὺς
2987 4307 3044 4360 ἐν
3089 4309 3391 4380 ἀκροπόλει
3427 4326 3599 4381 (ppon-

2017 4394 2146 4464 ρους
2181 4399 2337 4466 κοινῇ
2385 4396 2541 4449 πᾶσα
2578 4398 2611 4466 ἡ
2660 4397 2814 4470 πόλις
2861 4397 3246 4469 ἀναιροῦνται.
3290 4402 3400 4454 Καὶ
3431 4405 3597 4454 ἐκπο-

329 4489 552 4560 quando
612 4497 766 4554 patre
820 4487 1093 4541 moriente
1148 4501 1257 4539 non
1299 4486 1428 4556 plus
1482 4502 1683 4544 novem
1737 4505 1910 4546 annos

2023 4488 2408 4556 λιορκήσαντες
2455 4488 2514 4540 ἐν
2564 4486 2797 4552 ταύταις
2847 4492 2969 4553 ταῖς
3018 4493 3278 4561 ήμέραις,
3320 4495 3600 4561 παρεστή-

326 4593 492 4638 natus
524 4579 684 4650 erat),
709 4579 986 4650 pramissi
1021 4579 1246 4648 quidam
1277 4581 1346 4636 ab
1369 4581 1433 4635 iis
1461 4583 1554 4651 qui
1587 4583 1654 4637 ad
1694 4583 1908 4638 clavum

329 4672 615 4740 sedebant,
649 4669 884 4722 fetninas
909 4669 1065 4738 juxta
1104 4683 1168 4723 ac
1202 4671 1350 4725 viros
1399 4671 1717 4739 incitabant,
1763 4682 1822 4727 ut
1847 4689 1912 4728 eo

326 4773 650 4818 transeunte
679 4759 966 4830 complura
1023 4759 1298 4832 longeque
1341 4765 1660 4834 turpissima
1693 4767 1747 4819 in
1773 4764 1916 4820 Can-

325 4864 660 4907 tncuzenum
706 4849 996 4905 maledicta
1027 4862 1368 4908 evomerent.
1414 4855 1608 4910 EthOc
1649 4865 1910 4927 tanquam

318 4946 629 5012 jucundum
680 4957 882 4996 munus
933 4944 1251 5014 imperatori
1284 4961 1456 5016 puero
1501 4947 1911 5003 oll'erebant.ln

325 5039 482 5092 hisce
551 5049 717 5105 porro
795 5037 1156 5092 contumeliis
1205 5038 1371 5092 etiam
1440 5037 1544 5092 hoc
1599 5038 1700 5092 sibi
1731 5038 1910 5108 {vole-

297 5130 463 5186 »λιιι
528 5131 638 5197 (ut
705 5127 908 5198 populo
958 5129 1220 5202 majorem
1297 5131 1552 5184 timorem
1605 5131 1910 5201 lingenera-

333 5223 503 5293 rent),
531 5222 994 5288 Cantacuzenum,
1031 5225 1074 5277 si
1104 5223 1373 5286 vinceret,
1395 5221 1656 5277 atrocite’r
1680 5223 1910 5296 injurias

327 5321 778 5388 persecuturum,
839 5313 892 5368 id
946 5313 1093 5384 quod
1147 5314 1257 5368 illis
1290 5329 1356 5368 ex
1395 5313 1669 5368 sententia
1705 5316 1906 5371 evenit.

325 5405 519 5462 Omnis
553 5420 787 5474 namque
815 5404 1068 5473 populus,
1105 5418 1215 5472 quo
1245 5404 1421 5471 magis
1455 5401 1780 5468 insaniebat,
1806 5403 1912 5459 hoc

329 5499 570 5568 amplius
603 5498 898 5561 metuebat,
936 5505 1143 5550 etcum
1179 5495 1279 5550 sibi
1323 5495 1646 5566 condignam
1697 5513 1909 5572 merce-

323 5591 448 5647 dent
485 5605 776 5660 repensum
823 5589 889 5643 iri
926 5587 1266 5653 formidaret,
1297 5588 1563 5644 audacius
1583 5590 1816 5656 furebat,
1855 5598 1911 5646 et

322 5699 354 5736 a
390 5681 842 5737 recoaciliatione
890 5680 1060 5748 magis
1089 5679 1442 5735 abhorrebat.
1469 5679 1633 5752 450
1659 5680 1777 5737 Nisi
1821 5683 1910 5737 ille

325 5775 533 5828 viribus
561 5771 790 5827 omnino
809 5772 1110 5827 destitutus
1139 5787 1200 5828 ac
1247 5775 1504 5843 perditus
1527 5787 1688 5839 esset,
1721 5794 1827 5832 non
1849 5791 1908 5830 se

2018 4594 2184 4631 como
2229 4579 2470 4647 μάλιστα
2509 4573 2664 4649 δίψη
2693 4580 3049 4647 πιεσθέντας.
3084 4586 3362 4654 Δήσαντες
3390 4584 3444 4637 δὲ
3471 4584 3597 4648 τούς

2014 4686 2075 4722 τε
2101 4671 2447 4742 ήγουμένους
2479 4672 2682 4738 αὐτῶν,
2717 4673 2767 4725 οῖ
2797 4669 2942 4744 ἦσαν
2964 4678 3135 4744 τρεῖς,
3171 4675 3266 4730 καὶ
3302 4677 3402 4746 τὴν
3429 4694 3597 4747 φρουο

2019 4763 2139 4832 ρὰν,
2167 4762 2424 4833 ἔπεμψαν
2462 4764 2542 4826 είς
2584 4763 2858 4834 βασιλίδα.
2907 4766 3014 4822 Οὓς
3067 4771 3167 4822 καὶ
3216 4771 3595 4839 ἀτιμάσαντες

2014 4857 2062 4908 οἱ
2086 4857 2143 4908 ἐν
2164 4855 2447 4925 Βυζαντίῳ
2485 4856 2582 4908 καὶ
2611 4858 2724 4910 πᾶν
2760 4853 2902 4923 είδος
2931 4861 3337 4932 ἐπιδειξάμενοι
3369 4866 3595 4932 ἐρεσχε-

2015 4944 2158 5009 λίας,
2189 4945 2336 5015 εἰχον
2384 4948 2442 4999 ἓν
2481 4946 2873 5019 δεσμωτηρίῳ.
2913 4950 3150 5019 Ὁμοίως
3203 4951 3261 5006 δὲ
3311 4952 3406 5005 καὶ
3459 4954 3594 5024 πρὸς

2016 5037 2243 5108 βασιλέα
2290 5038 2380 5090 τὸν
2435 5039 2894 5112 Καντακουζηνὸν
2947 5042 3151 5114 πολλὴν
3226 5041 3596 5096 ἐνεδείκνυντο

2014 5127 2438 5200 ἀγνωμοσύνην,
2473 5131 2734 5202 οὐδεμιᾶς
2761 5133 2976 5205 ὕϐρεως
3004 5135 3344 5206 φειδόμενοι.
3382 5137 3477 5200 Είς
3504 5155 3594 5190 τοο

2017 5218 2210 5274 σοῦτον
2234 5219 2292 5273 δὲ
2323 5221 2594 5292 προῆλθον
2629 5224 2884 5288 ἀτοπίας,
2913 5225 2988 5288 ὡς
3023 5226 3078 5278 εί
3119 5243 3251 5280 ποτε
3298 5228 3395 5281 καὶ
3440 5229 3593 5298 βασι-

2014 5313 2141 5375 λεὺς
2171 5316 2200 5366 6
2235 5313 2355 5380 νέος
2395 5313 2649 5385 Ἰωάννης
2681 5316 2867 5385 προῖοι
2896 5317 3005 5369 τῶν
3040 5317 3336 5386 βασιλείων
3378 5323 3590 5392 ῥᾳστώ-

2014 5422 2115 5476 νης
2150 5405 2335 5458 εἵνεκα
2361 5422 2375 5435 ·
2412 5406 2474 5458 οὐ
2514 5409 2624 5477 γὰρ
2653 5406 2716 5476 δὴ
2757 5407 2908 5478 αὑτῷ
2940 5424 2993 5460 τι
3023 5408 3129 5462 τῶν
3159 5412 3356 5466 κοινῶν
3393 5417 3596 5486 ἐπράτ-

2012 5514 2137 5551 τετο
2169 5497 2257 5550 διὰ
2285 5497 2346 5550 τὸ
2390 5497 2490 5567 τῆς
2519 5498 2737 5568 ἡλικίας
2777 5499 2918 5552 πάνυ
2949 5501 3160 5570 ἀτελὲς,
3186 5503 3340 5556 ἐννέα
3383 5507 3490 5577 γὰρ
3525 5503 3592 5578 ἦν

2014 5588 2110 5660 ἐτη
2146 5589 2390 5659 γεγονὼς
2441 5589 2808 5656 τελευτῶντος
2857 5593 2954 5647 τοῦ
2988 5599 3195 5666 πατρός
3225 5612 3240 5628 ·
3260 5598 3366 5651 ὑπὸ
3394 5600 3503 5652 τῶν
3527 5603 3595 5655 τὰ

2015 5684 2318 5751 πράγματα
2353 5683 2590 5752 ἐχόντων
2615 5687 3077 5756 προπεμπόμενοί
3107 5706 3276 5756 τινες,
3303 5692 3392 5744 τὸν
3422 5691 3592 5763 δῆμον

2012 5772 2320 5836 διηρέθιζον
2353 5772 2448 5826 καὶ
2476 5771 2679 5844 ἀνδρας
2708 5778 2805 5828 καὶ
2835 5783 3125 5849 γυναῖκας,
3160 5781 3303 5837 ὥστε
3339 5782 3567 5847 διῖόντος
