  <div class='ocr_page' id='page_1' title='image "/cluster/home/n/w/nwhite01/storage/ocr_20150623/153:no.1/coo.31924054870583/448.png"; bbox 0 0 4054 6422; ppageno 0'>
   <div class='ocr_carea' id='block_1_1' title="bbox 443 461 543 528">
    <p class='ocr_par' dir='ltr' id='par_1_1' title="bbox 443 461 543 528">
     <span class='ocr_line' id='line_1_1' title="bbox 443 461 543 528; baseline 0 -2"><span class='ocrx_word' id='word_1_1' title='bbox 443 461 543 528; x_wconf 85' lang='grc'><strong>881</strong></span> 
     </span>
    </p>
   </div>
   <div class='ocr_carea' id='block_1_2' title="bbox 1590 479 2559 570">
    <p class='ocr_par' dir='ltr' id='par_1_2' title="bbox 1590 479 2559 570">
     <span class='ocr_line' id='line_1_2' title="bbox 1590 479 2559 570; baseline 0.005 -30"><span class='ocrx_word' id='word_1_2' title='bbox 1590 479 2135 543; x_wconf 80' lang='lat' dir='ltr'><strong>HISTORIARUM</strong></span> <span class='ocrx_word' id='word_1_3' title='bbox 2156 482 2414 570; x_wconf 44' lang='lat' dir='ltr'><strong>.LlBER</strong></span> <span class='ocrx_word' id='word_1_4' title='bbox 2447 483 2559 546; x_wconf 85' lang='lat' dir='ltr'><strong>IIl.</strong></span> 
     </span>
    </p>
   </div>
   <div class='ocr_carea' id='block_1_3' title="bbox 3593 485 3717 548">
    <p class='ocr_par' dir='ltr' id='par_1_3' title="bbox 3593 485 3717 548">
     <span class='ocr_line' id='line_1_3' title="bbox 3593 485 3717 548; baseline -0.032 0"><span class='ocrx_word' id='word_1_5' title='bbox 3593 485 3717 548; x_wconf 66' lang='lat'><strong>882*</strong></span> 
     </span>
    </p>
   </div>
   <div class='ocr_carea' id='block_1_4' title="bbox 443 578 2028 667">
    <p class='ocr_par' dir='ltr' id='par_1_4' title="bbox 443 578 2022 664">
     <span class='ocr_line' id='line_1_4' title="bbox 443 578 2022 664; baseline 0.009 -34"><span class='ocrx_word' id='word_1_6' title='bbox 443 578 649 641; x_wconf 75' lang='grc' dir='ltr'>πολλὰς</span> <span class='ocrx_word' id='word_1_7' title='bbox 717 582 1181 657; x_wconf 81' lang='grc' dir='ltr'>Καντακουζηνοῦ</span> <span class='ocrx_word' id='word_1_8' title='bbox 1239 588 1334 643; x_wconf 82' lang='grc' dir='ltr'>τοῦ</span> <span class='ocrx_word' id='word_1_9' title='bbox 1394 589 1665 662; x_wconf 86' lang='grc' dir='ltr'>βασιλέως</span> <span class='ocrx_word' id='word_1_10' title='bbox 1725 591 2022 664; x_wconf 79' lang='grc' dir='ltr'><strong>καταχέειν</strong></span> 
     </span>
    </p>
   </div>
   <div class='ocr_carea' id='block_1_5' title="bbox 2130 578 3709 667">
    <p class='ocr_par' dir='ltr' id='par_1_5' title="bbox 2130 594 3709 667">
     <span class='ocr_line' id='line_1_5' title="bbox 2130 594 3709 667; baseline 0 -19"><span class='ocrx_word' id='word_1_11' title='bbox 2130 594 2200 650; x_wconf 89' lang='lat' dir='ltr'><strong>ita</strong></span> <span class='ocrx_word' id='word_1_12' title='bbox 2223 610 2353 650; x_wconf 88' lang='lat' dir='ltr'><strong>eum</strong></span> <span class='ocrx_word' id='word_1_13' title='bbox 2383 603 2819 667; x_wconf 86' lang='lat' dir='ltr'><strong>contemptnros.</strong></span> <span class='ocrx_word' id='word_1_14' title='bbox 2853 596 2922 651; x_wconf 89' lang='lat' dir='ltr'><strong>Et</strong></span> <span class='ocrx_word' id='word_1_15' title='bbox 2955 611 3080 652; x_wconf 87' lang='lat' dir='ltr'><strong>cum</strong></span> <span class='ocrx_word' id='word_1_16' title='bbox 3121 595 3294 650; x_wconf 81' lang='lat' dir='ltr'><strong>nihilo</strong></span> <span class='ocrx_word' id='word_1_17' title='bbox 3317 594 3500 659; x_wconf 83' lang='lat' dir='ltr'><strong>minus</strong></span> <span class='ocrx_word' id='word_1_18' title='bbox 3520 595 3609 650; x_wconf 88' lang='lat' dir='ltr'><strong>his</strong></span> <span class='ocrx_word' id='word_1_19' title='bbox 3641 595 3709 649; x_wconf 86' lang='lat' dir='ltr'><strong>de</strong></span> 
     </span>
    </p>
   </div>
   <div class='ocr_carea' id='block_1_6' title="bbox 439 669 2022 750">
    <p class='ocr_par' dir='ltr' id='par_1_6' title="bbox 439 669 2022 750">
     <span class='ocr_line' id='line_1_6' title="bbox 439 669 2022 750; baseline 0.012 -30"><span class='ocrx_word' id='word_1_20' title='bbox 439 669 714 740; x_wconf 75' lang='grc' dir='ltr'>λοιδορίας</span> <span class='ocrx_word' id='word_1_21' title='bbox 759 675 853 727; x_wconf 72' lang='grc' dir='ltr'><strong>καὶ</strong></span> <span class='ocrx_word' id='word_1_22' title='bbox 906 676 984 739; x_wconf 87' lang='grc' dir='ltr'>ὡς</span> <span class='ocrx_word' id='word_1_23' title='bbox 1039 679 1282 747; x_wconf 83' lang='grc' dir='ltr'>μάλιστα</span> <span class='ocrx_word' id='word_1_24' title='bbox 1336 683 1633 750; x_wconf 85' lang='grc' dir='ltr'>ἀσέμνους.</span> <span class='ocrx_word' id='word_1_25' title='bbox 1689 685 1804 739; x_wconf 78' lang='grc' dir='ltr'><strong>Καὶ</strong></span> <span class='ocrx_word' id='word_1_26' title='bbox 1859 684 2022 739; x_wconf 82' lang='grc' dir='ltr'>τοῦτο</span> 
     </span>
    </p>
   </div>
   <div class='ocr_carea' id='block_1_7' title="bbox 435 756 2020 846">
    <p class='ocr_par' dir='ltr' id='par_1_7' title="bbox 435 756 2020 846">
     <span class='ocr_line' id='line_1_7' title="bbox 435 756 2020 846; baseline 0.008 -33"><span class='ocrx_word' id='word_1_27' title='bbox 435 756 578 829; x_wconf 70' lang='grc' dir='ltr'>ἦσαν</span> <span class='ocrx_word' id='word_1_28' title='bbox 605 763 680 824; x_wconf 82' lang='grc' dir='ltr'>ὦς</span> <span class='ocrx_word' id='word_1_29' title='bbox 707 783 757 817; x_wconf 88' lang='grc' dir='ltr'><strong>τι</strong></span> <span class='ocrx_word' id='word_1_30' title='bbox 805 767 980 837; x_wconf 85' lang='grc' dir='ltr'>δῶρον</span> <span class='ocrx_word' id='word_1_31' title='bbox 1023 771 1132 828; x_wconf 80' lang='grc' dir='ltr'><strong>τῶν</strong></span> <span class='ocrx_word' id='word_1_32' title='bbox 1174 772 1349 844; x_wconf 73' lang='grc' dir='ltr'>ἡδέων</span> <span class='ocrx_word' id='word_1_33' title='bbox 1389 776 1760 844; x_wconf 75' lang='grc' dir='ltr'><strong>προσάγοντες</strong></span> <span class='ocrx_word' id='word_1_34' title='bbox 1805 776 1884 846; x_wconf 84' lang='grc' dir='ltr'>τῷ</span> <span class='ocrx_word' id='word_1_35' title='bbox 1915 777 2020 846; x_wconf 84' lang='grc' dir='ltr'><strong>νέῳ</strong></span> 
     </span>
    </p>
   </div>
   <div class='ocr_carea' id='block_1_8' title="bbox 439 854 2022 940">
    <p class='ocr_par' dir='ltr' id='par_1_8' title="bbox 439 854 2022 940">
     <span class='ocr_line' id='line_1_8' title="bbox 439 854 2022 940; baseline 0.009 -33"><span class='ocrx_word' id='word_1_36' title='bbox 439 854 672 925; x_wconf 84' lang='grc' dir='ltr'>βασιλεῖ.</span> <span class='ocrx_word' id='word_1_37' title='bbox 740 859 956 924; x_wconf 82' lang='grc' dir='ltr'>Σκοπὸς</span> <span class='ocrx_word' id='word_1_38' title='bbox 1008 862 1068 916; x_wconf 82' lang='grc' dir='ltr'>δὲ</span> <span class='ocrx_word' id='word_1_39' title='bbox 1113 861 1183 935; x_wconf 82' lang='grc' dir='ltr'>ἦν</span> <span class='ocrx_word' id='word_1_40' title='bbox 1227 865 1411 930; x_wconf 73' lang='grc' dir='ltr'>αὐτοῖς</span> <span class='ocrx_word' id='word_1_41' title='bbox 1461 867 1571 919; x_wconf 79' lang='grc' dir='ltr'><strong>τῶν</strong></span> <span class='ocrx_word' id='word_1_42' title='bbox 1619 867 1830 940; x_wconf 76' lang='grc' dir='ltr'>ὕϐρεων</span> <span class='ocrx_word' id='word_1_43' title='bbox 1866 869 2022 922; x_wconf 83' lang='grc' dir='ltr'>οὐδὲν</span> 
     </span>
    </p>
   </div>
   <div class='ocr_carea' id='block_1_9' title="bbox 440 941 2020 1030">
    <p class='ocr_par' dir='ltr' id='par_1_9' title="bbox 440 941 2020 1030">
     <span class='ocr_line' id='line_1_9' title="bbox 440 941 2020 1030; baseline 0.008 -30"><span class='ocrx_word' id='word_1_44' title='bbox 440 950 542 1015; x_wconf 79' lang='grc' dir='ltr'>μὲν</span> <span class='ocrx_word' id='word_1_45' title='bbox 571 941 736 1021; x_wconf 79' lang='grc' dir='ltr'>ἦττον</span> <span class='ocrx_word' id='word_1_46' title='bbox 765 950 909 1004; x_wconf 84' lang='grc' dir='ltr'>ὥστε</span> <span class='ocrx_word' id='word_1_47' title='bbox 956 955 1054 1007; x_wconf 73' lang='grc' dir='ltr'>καὶ</span> <span class='ocrx_word' id='word_1_48' title='bbox 1108 956 1200 1008; x_wconf 84' lang='grc' dir='ltr'><strong>τὸν</strong></span> <span class='ocrx_word' id='word_1_49' title='bbox 1245 957 1417 1027; x_wconf 86' lang='grc' dir='ltr'>δῆμον</span> <span class='ocrx_word' id='word_1_50' title='bbox 1448 960 1528 1022; x_wconf 85' lang='grc' dir='ltr'><strong>είς</strong></span> <span class='ocrx_word' id='word_1_51' title='bbox 1556 958 1783 1013; x_wconf 81' lang='grc' dir='ltr'>πλείονα</span> <span class='ocrx_word' id='word_1_52' title='bbox 1809 959 2020 1030; x_wconf 84' lang='grc' dir='ltr'>ἐμϐάλ-</span> 
     </span>
    </p>
   </div>
   <div class='ocr_carea' id='block_1_10' title="bbox 437 1040 2022 1122">
    <p class='ocr_par' dir='ltr' id='par_1_10' title="bbox 437 1040 2022 1122">
     <span class='ocr_line' id='line_1_10' title="bbox 437 1040 2022 1122; baseline 0.009 -30"><span class='ocrx_word' id='word_1_53' title='bbox 437 1040 551 1094; x_wconf 88' lang='grc' dir='ltr'>λειν</span> <span class='ocrx_word' id='word_1_54' title='bbox 583 1041 770 1110; x_wconf 83' lang='grc' dir='ltr'>φόϐον,</span> <span class='ocrx_word' id='word_1_55' title='bbox 801 1043 880 1109; x_wconf 82' lang='grc' dir='ltr'>ὡς</span> <span class='ocrx_word' id='word_1_56' title='bbox 927 1046 976 1099; x_wconf 83' lang='grc' dir='ltr'><strong>εί</strong></span> <span class='ocrx_word' id='word_1_57' title='bbox 1031 1049 1376 1117; x_wconf 81' lang='grc' dir='ltr'>περιγένοιτο</span> <span class='ocrx_word' id='word_1_58' title='bbox 1414 1053 1442 1104; x_wconf 85' lang='grc' dir='ltr'><strong>ό</strong></span> <span class='ocrx_word' id='word_1_59' title='bbox 1495 1051 1780 1121; x_wconf 79' lang='grc' dir='ltr'>βασιλεὺς</span> <span class='ocrx_word' id='word_1_60' title='bbox 1807 1052 2022 1122; x_wconf 78' lang='grc' dir='ltr'><strong>πικρῶς</strong></span> 
     </span>
    </p>
   </div>
   <div class='ocr_carea' id='block_1_11' title="bbox 423 1133 2022 1212">
    <p class='ocr_par' dir='ltr' id='par_1_11' title="bbox 423 1133 2022 1212">
     <span class='ocr_line' id='line_1_11' title="bbox 423 1133 2022 1212; baseline 0.01 -28"><span class='ocrx_word' id='word_1_61' title='bbox 423 1133 819 1206; x_wconf 80' lang='grc' dir='ltr'>’ἀμυνούμενος</span> <span class='ocrx_word' id='word_1_62' title='bbox 868 1138 959 1192; x_wconf 82' lang='grc' dir='ltr'>διὰ</span> <span class='ocrx_word' id='word_1_63' title='bbox 1002 1141 1102 1205; x_wconf 83' lang='grc' dir='ltr'>τὰς</span> <span class='ocrx_word' id='word_1_64' title='bbox 1152 1141 1360 1212; x_wconf 76' lang='grc' dir='ltr'>ὕϐρεις.</span> <span class='ocrx_word' id='word_1_65' title='bbox 1407 1145 1473 1197; x_wconf 89' lang='grc' dir='ltr'><strong>Ὅ</strong></span> <span class='ocrx_word' id='word_1_66' title='bbox 1505 1146 1597 1199; x_wconf 76' lang='grc' dir='ltr'>καὶ</span> <span class='ocrx_word' id='word_1_67' title='bbox 1630 1145 1772 1200; x_wconf 88' lang='grc' dir='ltr'><strong>κατά</strong></span> <span class='ocrx_word' id='word_1_68' title='bbox 1818 1147 2022 1201; x_wconf 76' lang='grc' dir='ltr'>σκοπὸν</span> 
     </span>
    </p>
   </div>
   <div class='ocr_carea' id='block_1_12' title="bbox 438 1225 2022 1308">
    <p class='ocr_par' dir='ltr' id='par_1_12' title="bbox 438 1225 2022 1308">
     <span class='ocr_line' id='line_1_12' title="bbox 438 1225 2022 1308; baseline 0.01 -32"><span class='ocrx_word' id='word_1_69' title='bbox 438 1225 714 1290; x_wconf 76' lang='grc' dir='ltr'>ἐξέϐαινεν</span> <span class='ocrx_word' id='word_1_70' title='bbox 735 1229 942 1293; x_wconf 80' lang='grc' dir='ltr'>αὐτοῖς.</span> <span class='ocrx_word' id='word_1_71' title='bbox 979 1234 1191 1296; x_wconf 87' lang='grc' dir='ltr'>Πάντες</span> <span class='ocrx_word' id='word_1_72' title='bbox 1225 1234 1334 1304; x_wconf 72' lang='grc' dir='ltr'><strong>γὰρ</strong></span> <span class='ocrx_word' id='word_1_73' title='bbox 1369 1237 1419 1288; x_wconf 80' lang='lat' dir='ltr'><strong>ot</strong></span> <span class='ocrx_word' id='word_1_74' title='bbox 1451 1237 1618 1307; x_wconf 80' lang='grc' dir='ltr'>δῆμοι</span> <span class='ocrx_word' id='word_1_75' title='bbox 1665 1239 1775 1308; x_wconf 84' lang='grc' dir='ltr'><strong>ὅσῳ</strong></span> <span class='ocrx_word' id='word_1_76' title='bbox 1818 1238 2022 1308; x_wconf 82' lang='grc' dir='ltr'>μᾶλλον</span> 
     </span>
    </p>
   </div>
   <div class='ocr_carea' id='block_1_13' title="bbox 441 1315 2025 1396">
    <p class='ocr_par' dir='ltr' id='par_1_13' title="bbox 441 1315 2025 1396">
     <span class='ocr_line' id='line_1_13' title="bbox 441 1315 2025 1396; baseline 0.008 -29"><span class='ocrx_word' id='word_1_77' title='bbox 441 1315 811 1384; x_wconf 76' lang='grc' dir='ltr'>ἐξεμαίνοντο,</span> <span class='ocrx_word' id='word_1_78' title='bbox 832 1321 1088 1374; x_wconf 83' lang='grc' dir='ltr'>τοσοῦτον</span> <span class='ocrx_word' id='word_1_79' title='bbox 1111 1323 1410 1378; x_wconf 82' lang='grc' dir='ltr'>ἐδεδίεσαν.</span> <span class='ocrx_word' id='word_1_80' title='bbox 1428 1325 1522 1378; x_wconf 88' lang='grc' dir='ltr'>Ἐκ</span> <span class='ocrx_word' id='word_1_81' title='bbox 1546 1326 1740 1380; x_wconf 87' lang='grc' dir='ltr'>τούτου</span> <span class='ocrx_word' id='word_1_82' title='bbox 1760 1327 1818 1380; x_wconf 79' lang='grc' dir='ltr'>δὲ</span> <span class='ocrx_word' id='word_1_83' title='bbox 1841 1327 1944 1381; x_wconf 87' lang='grc' dir='ltr'>ἀσύ</span> <span class='ocrx_word' id='word_1_84' title='bbox 1955 1345 2025 1396; x_wconf 87' lang='grc' dir='ltr'>μ-</span> 
     </span>
    </p>
   </div>
   <div class='ocr_carea' id='block_1_14' title="bbox 442 1404 2024 1484">
    <p class='ocr_par' dir='ltr' id='par_1_14' title="bbox 442 1404 2024 1484">
     <span class='ocr_line' id='line_1_14' title="bbox 442 1404 2024 1484; baseline 0.007 -25"><span class='ocrx_word' id='word_1_85' title='bbox 442 1407 604 1460; x_wconf 86' lang='grc' dir='ltr'>ϐατοι</span> <span class='ocrx_word' id='word_1_86' title='bbox 639 1404 781 1479; x_wconf 81' lang='grc' dir='ltr'>ἦσαν</span> <span class='ocrx_word' id='word_1_87' title='bbox 825 1411 964 1479; x_wconf 85' lang='grc' dir='ltr'>πρὸς</span> <span class='ocrx_word' id='word_1_88' title='bbox 1015 1414 1246 1478; x_wconf 77' lang='grc' dir='ltr'>ἐκεῖνον,</span> <span class='ocrx_word' id='word_1_89' title='bbox 1285 1417 1382 1468; x_wconf 73' lang='grc' dir='ltr'><strong>καὶ</strong></span> <span class='ocrx_word' id='word_1_90' title='bbox 1423 1415 1631 1484; x_wconf 81' lang='grc' dir='ltr'>μᾶλλον</span> <span class='ocrx_word' id='word_1_91' title='bbox 1668 1415 2024 1484; x_wconf 81' lang='grc' dir='ltr'>έξεμαίνοντο</span> 
     </span>
    </p>
   </div>
   <div class='ocr_carea' id='block_1_15' title="bbox 441 1499 2024 1576">
    <p class='ocr_par' dir='ltr' id='par_1_15' title="bbox 441 1499 2024 1576">
     <span class='ocr_line' id='line_1_15' title="bbox 441 1499 2024 1576; baseline 0.006 -24"><span class='ocrx_word' id='word_1_92' title='bbox 441 1499 533 1553; x_wconf 83' lang='grc' dir='ltr'>διὰ</span> <span class='ocrx_word' id='word_1_93' title='bbox 557 1499 657 1569; x_wconf 81' lang='grc' dir='ltr'>τὴν</span> <span class='ocrx_word' id='word_1_94' title='bbox 683 1501 746 1553; x_wconf 82' lang='grc' dir='ltr'><strong>ἐκ</strong></span> <span class='ocrx_word' id='word_1_95' title='bbox 775 1501 876 1571; x_wconf 77' lang='grc' dir='ltr'>τῆς</span> <span class='ocrx_word' id='word_1_96' title='bbox 900 1503 1228 1568; x_wconf 83' lang='grc' dir='ltr'>ἀντιδόσεως</span> <span class='ocrx_word' id='word_1_97' title='bbox 1259 1507 1510 1576; x_wconf 78' lang='grc' dir='ltr'>πονηρὰν</span> <span class='ocrx_word' id='word_1_98' title='bbox 1548 1507 1761 1562; x_wconf 88' lang='grc' dir='ltr'>ἐλπίδα.</span> <span class='ocrx_word' id='word_1_99' title='bbox 1811 1506 2024 1568; x_wconf 80' lang='grc' dir='ltr'>Ἀλλως</span> 
     </span>
    </p>
   </div>
   <div class='ocr_carea' id='block_1_16' title="bbox 438 1589 2024 1670">
    <p class='ocr_par' dir='ltr' id='par_1_16' title="bbox 438 1589 2024 1670">
     <span class='ocr_line' id='line_1_16' title="bbox 438 1589 2024 1670; baseline 0.008 -29"><span class='ocrx_word' id='word_1_100' title='bbox 438 1589 488 1642; x_wconf 82' lang='grc' dir='ltr'>δ’</span> <span class='ocrx_word' id='word_1_101' title='bbox 525 1591 673 1652; x_wconf 84' lang='grc' dir='ltr'>ὅπως</span> <span class='ocrx_word' id='word_1_102' title='bbox 721 1594 816 1645; x_wconf 76' lang='grc' dir='ltr'><strong>καὶ</strong></span> <span class='ocrx_word' id='word_1_103' title='bbox 861 1597 1030 1648; x_wconf 83' lang='grc' dir='ltr'>πᾶσιν</span> <span class='ocrx_word' id='word_1_104' title='bbox 1083 1595 1346 1650; x_wconf 80' lang='grc' dir='ltr'>ὑπόνοιαν</span> <span class='ocrx_word' id='word_1_105' title='bbox 1393 1599 1838 1670; x_wconf 83' lang='grc' dir='ltr'>παρέχωσιν,ὼς</span> <span class='ocrx_word' id='word_1_106' title='bbox 1868 1602 1917 1653; x_wconf 85' lang='grc' dir='ltr'><strong>εί</strong></span> <span class='ocrx_word' id='word_1_107' title='bbox 1951 1601 2024 1670; x_wconf 80' lang='grc' dir='ltr'>μὴ</span> 
     </span>
    </p>
   </div>
   <div class='ocr_carea' id='block_1_17' title="bbox 438 1681 2026 1761">
    <p class='ocr_par' dir='ltr' id='par_1_17' title="bbox 438 1681 2026 1761">
     <span class='ocr_line' id='line_1_17' title="bbox 438 1681 2026 1761; baseline 0.008 -27"><span class='ocrx_word' id='word_1_108' title='bbox 438 1681 739 1752; x_wconf 86' lang='grc' dir='ltr'>διέφθαρτο</span> <span class='ocrx_word' id='word_1_109' title='bbox 766 1686 978 1750; x_wconf 85' lang='grc' dir='ltr'>ἐκεῖνος</span> <span class='ocrx_word' id='word_1_110' title='bbox 1006 1688 1102 1740; x_wconf 77' lang='grc' dir='ltr'>καὶ</span> <span class='ocrx_word' id='word_1_111' title='bbox 1147 1689 1484 1761; x_wconf 74' lang='grc' dir='ltr'><strong>ἐξησθένηκε</strong></span> <span class='ocrx_word' id='word_1_112' title='bbox 1525 1695 1898 1756; x_wconf 85' lang='grc' dir='ltr'>παντάπασιν,</span> <span class='ocrx_word' id='word_1_113' title='bbox 1923 1695 2026 1746; x_wconf 86' lang='grc' dir='ltr'>οὐκ</span> 
     </span>
    </p>
   </div>
   <div class='ocr_carea' id='block_1_18' title="bbox 440 1774 2027 1857">
    <p class='ocr_par' dir='ltr' id='par_1_18' title="bbox 440 1774 2027 1857">
     <span class='ocr_line' id='line_1_18' title="bbox 440 1774 2027 1857; baseline 0.008 -30"><span class='ocrx_word' id='word_1_114' title='bbox 440 1774 509 1827; x_wconf 81' lang='grc' dir='ltr'>ἂν</span> <span class='ocrx_word' id='word_1_115' title='bbox 553 1775 698 1830; x_wconf 80' lang='grc' dir='ltr'>οὕτω</span> <span class='ocrx_word' id='word_1_116' title='bbox 748 1779 1144 1847; x_wconf 82' lang='grc' dir='ltr'>κατεφρόνουν.</span> <span class='ocrx_word' id='word_1_117' title='bbox 1175 1783 1351 1835; x_wconf 68' lang='grc' dir='ltr'>Οὐδὲν</span> <span class='ocrx_word' id='word_1_118' title='bbox 1394 1779 1488 1837; x_wconf 80' lang='grc' dir='ltr'><strong>οὖν</strong></span> <span class='ocrx_word' id='word_1_119' title='bbox 1513 1780 1679 1857; x_wconf 86' lang='grc' dir='ltr'>ἦττον</span> <span class='ocrx_word' id='word_1_120' title='bbox 1710 1787 1802 1838; x_wconf 71' lang='grc' dir='ltr'>καὶ</span> <span class='ocrx_word' id='word_1_121' title='bbox 1841 1787 1930 1840; x_wconf 71' lang='grc' dir='ltr'>διὰ</span> <span class='ocrx_word' id='word_1_122' title='bbox 1959 1789 2027 1840; x_wconf 79' lang='grc' dir='ltr'><strong>τά</strong></span> 
     </span>
    </p>
   </div>
   <div class='ocr_carea' id='block_1_19' title="bbox 438 1865 2028 1944">
    <p class='ocr_par' dir='ltr' id='par_1_19' title="bbox 438 1865 2028 1944">
     <span class='ocr_line' id='line_1_19' title="bbox 438 1865 2028 1944; baseline 0.008 -27"><span class='ocrx_word' id='word_1_123' title='bbox 438 1867 668 1918; x_wconf 82' lang='grc' dir='ltr'>τοιαῦτα</span> <span class='ocrx_word' id='word_1_124' title='bbox 711 1865 771 1919; x_wconf 85' lang='grc' dir='ltr'>τὸ</span> <span class='ocrx_word' id='word_1_125' title='bbox 812 1867 1058 1933; x_wconf 77' lang='grc' dir='ltr'>ὑϐρίζειν</span> <span class='ocrx_word' id='word_1_126' title='bbox 1093 1871 1277 1934; x_wconf 82' lang='grc' dir='ltr'>αὐτοῖς</span> <span class='ocrx_word' id='word_1_127' title='bbox 1335 1874 1718 1944; x_wconf 84' lang='grc' dir='ltr'>ἐπετηδεύετο,</span> <span class='ocrx_word' id='word_1_128' title='bbox 1787 1876 2028 1944; x_wconf 87' lang='grc' dir='ltr'>μάλιστα</span> 
     </span>
    </p>
   </div>
   <div class='ocr_carea' id='block_1_20' title="bbox 380 1957 2028 2038">
    <p class='ocr_par' dir='ltr' id='par_1_20' title="bbox 380 1957 2028 2038">
     <span class='ocr_line' id='line_1_20' title="bbox 380 1957 2028 2038; baseline 0.007 -29"><span class='ocrx_word' id='word_1_129' title='bbox 380 1970 382 1972; x_wconf 79' lang='lat'><strong>&#39;</strong></span> <span class='ocrx_word' id='word_1_130' title='bbox 438 1957 497 2010; x_wconf 80' lang='grc' dir='ltr'>δὲ</span> <span class='ocrx_word' id='word_1_131' title='bbox 534 1959 601 2012; x_wconf 81' lang='grc' dir='ltr'><strong>ἶν’</strong></span> <span class='ocrx_word' id='word_1_132' title='bbox 652 1960 860 2024; x_wconf 81' lang='grc' dir='ltr'>ἐκεῖνος</span> <span class='ocrx_word' id='word_1_133' title='bbox 905 1961 1337 2031; x_wconf 85' lang='grc' dir='ltr'>πυνθανόμενος,</span> <span class='ocrx_word' id='word_1_134' title='bbox 1373 1965 1697 2038; x_wconf 78' lang='grc' dir='ltr'>ἀπαγορεύῃ</span> <span class='ocrx_word' id='word_1_135' title='bbox 1744 1968 1842 2036; x_wconf 75' lang='grc' dir='ltr'>τὴν</span> <span class='ocrx_word' id='word_1_136' title='bbox 1872 1970 2028 2037; x_wconf 75' lang='grc' dir='ltr'>εἰρή-</span> 
     </span>
    </p>
   </div>
   <div class='ocr_carea' id='block_1_21' title="bbox 2136 687 3710 759">
    <p class='ocr_par' dir='ltr' id='par_1_21' title="bbox 2136 687 3710 759">
     <span class='ocr_line' id='line_1_21' title="bbox 2136 687 3710 759; baseline -0.001 -18"><span class='ocrx_word' id='word_1_137' title='bbox 2136 687 2322 742; x_wconf 88' lang='lat' dir='ltr'><strong>causis</strong></span> <span class='ocrx_word' id='word_1_138' title='bbox 2350 687 2638 744; x_wconf 88' lang='lat' dir='ltr'><strong>studerent</strong></span> <span class='ocrx_word' id='word_1_139' title='bbox 2665 703 2794 743; x_wconf 91' lang='lat' dir='ltr'><strong>eum</strong></span> <span class='ocrx_word' id='word_1_140' title='bbox 2845 689 3132 744; x_wconf 88' lang='lat' dir='ltr'><strong>cumulare</strong></span> <span class='ocrx_word' id='word_1_141' title='bbox 3171 687 3409 759; x_wconf 83' lang='lat' dir='ltr'><strong>injuriis,</strong></span> <span class='ocrx_word' id='word_1_142' title='bbox 3467 687 3710 742; x_wconf 81' lang='lat' dir='ltr'><strong>maxime</strong></span> 
     </span>
    </p>
   </div>
   <div class='ocr_carea' id='block_1_22' title="bbox 2125 779 3706 850">
    <p class='ocr_par' dir='ltr' id='par_1_22' title="bbox 2125 779 3706 850">
     <span class='ocr_line' id='line_1_22' title="bbox 2125 779 3706 850; baseline 0 -18"><span class='ocrx_word' id='word_1_143' title='bbox 2125 787 2307 833; x_wconf 90' lang='lat' dir='ltr'><strong>tamen</strong></span> <span class='ocrx_word' id='word_1_144' title='bbox 2341 779 2395 834; x_wconf 92' lang='lat' dir='ltr'><strong>id</strong></span> <span class='ocrx_word' id='word_1_145' title='bbox 2425 779 2705 836; x_wconf 76' lang='lat' dir='ltr'><strong>faciebant</strong></span> <span class='ocrx_word' id='word_1_146' title='bbox 2729 789 2790 836; x_wconf 91' lang='lat' dir='ltr'><strong>ut</strong></span> <span class='ocrx_word' id='word_1_147' title='bbox 2830 782 2915 843; x_wconf 85' lang='lat' dir='ltr'><strong>his</strong></span> <span class='ocrx_word' id='word_1_148' title='bbox 2963 782 3257 837; x_wconf 80' lang='lat' dir='ltr'><strong>intellectis</strong></span> <span class='ocrx_word' id='word_1_149' title='bbox 3294 794 3484 850; x_wconf 83' lang='lat' dir='ltr'><strong>pacem</strong></span> <span class='ocrx_word' id='word_1_150' title='bbox 3516 779 3706 848; x_wconf 86' lang='lat' dir='ltr'><strong>despe-</strong></span> 
     </span>
    </p>
   </div>
   <div class='ocr_carea' id='block_1_23' title="bbox 2122 871 3711 943">
    <p class='ocr_par' dir='ltr' id='par_1_23' title="bbox 2122 871 3711 943">
     <span class='ocr_line' id='line_1_23' title="bbox 2122 871 3711 943; baseline -0.001 -19"><span class='ocrx_word' id='word_1_151' title='bbox 2122 881 2292 938; x_wconf 89' lang='lat' dir='ltr'><strong>raret,</strong></span> <span class='ocrx_word' id='word_1_152' title='bbox 2325 886 2388 926; x_wconf 89' lang='lat' dir='ltr'><strong>ea</strong></span> <span class='ocrx_word' id='word_1_153' title='bbox 2418 871 3010 943; x_wconf 78' lang='lat' dir='ltr'><strong>imperatrice‘conscia</strong></span> <span class='ocrx_word' id='word_1_154' title='bbox 3053 883 3110 928; x_wconf 88' lang='lat' dir='ltr'><strong>et</strong></span> <span class='ocrx_word' id='word_1_155' title='bbox 3141 873 3344 928; x_wconf 83' lang='lat' dir='ltr'><strong>libente</strong></span> <span class='ocrx_word' id='word_1_156' title='bbox 3374 872 3490 926; x_wconf 79' lang='lat' dir='ltr'><strong>ﬁeri</strong></span> <span class='ocrx_word' id='word_1_157' title='bbox 3514 871 3711 940; x_wconf 89' lang='lat' dir='ltr'><strong>opina-</strong></span> 
     </span>
    </p>
   </div>
   <div class='ocr_carea' id='block_1_24' title="bbox 2123 950 3709 1036">
    <p class='ocr_par' dir='ltr' id='par_1_24' title="bbox 2123 950 3709 1036">
     <span class='ocr_line' id='line_1_24' title="bbox 2123 950 3709 1036; baseline 0.005 -20"><span class='ocrx_word' id='word_1_158' title='bbox 2123 970 2233 1016; x_wconf 92' lang='lat' dir='ltr'><strong>tus.</strong></span> <span class='ocrx_word' id='word_1_159' title='bbox 2255 962 2472 1016; x_wconf 88' lang='lat' dir='ltr'><strong>Etenim</strong></span> <span class='ocrx_word' id='word_1_160' title='bbox 2495 963 2636 1018; x_wconf 88' lang='lat' dir='ltr'><strong>nihil</strong></span> <span class='ocrx_word' id='word_1_161' title='bbox 2661 963 2729 1018; x_wconf 88' lang='lat' dir='ltr'><strong>ad</strong></span> <span class='ocrx_word' id='word_1_162' title='bbox 2755 950 2961 1019; x_wconf 83' lang='lat' dir='ltr'><strong>bellum</strong></span> <span class='ocrx_word' id='word_1_163' title='bbox 2986 965 3316 1036; x_wconf 84' lang='lat' dir='ltr'><strong>requ&#39;situm</strong></span> <span class='ocrx_word' id='word_1_164' title='bbox 3343 971 3452 1017; x_wconf 78' lang='lat' dir='ltr'><strong>tam</strong></span> <span class='ocrx_word' id='word_1_165' title='bbox 3480 963 3709 1024; x_wconf 72' lang='lat' dir='ltr'><strong>durum.</strong></span> 
     </span>
    </p>
   </div>
   <div class='ocr_carea' id='block_1_25' title="bbox 2123 1055 3714 1126">
    <p class='ocr_par' dir='ltr' id='par_1_25' title="bbox 2123 1055 3714 1126">
     <span class='ocr_line' id='line_1_25' title="bbox 2123 1055 3714 1126; baseline 0.002 -21"><span class='ocrx_word' id='word_1_166' title='bbox 2123 1068 2289 1122; x_wconf 88' lang='lat' dir='ltr'><strong>quam</strong></span> <span class='ocrx_word' id='word_1_167' title='bbox 2347 1068 2542 1124; x_wconf 90' lang='lat' dir='ltr'><strong>pacem</strong></span> <span class='ocrx_word' id='word_1_168' title='bbox 2600 1055 2762 1109; x_wconf 89' lang='lat' dir='ltr'><strong>istam</strong></span> <span class='ocrx_word' id='word_1_169' title='bbox 2844 1057 3217 1126; x_wconf 86' lang='lat' dir='ltr'><strong>periculosam</strong></span> <span class='ocrx_word' id='word_1_170' title='bbox 3275 1056 3714 1111; x_wconf 82' lang='lat' dir='ltr'><strong>constituebant.</strong></span> 
     </span>
    </p>
   </div>
   <div class='ocr_carea' id='block_1_26' title="bbox 2125 1145 3763 1220">
    <p class='ocr_par' dir='ltr' id='par_1_26' title="bbox 2125 1145 3763 1220">
     <span class='ocr_line' id='line_1_26' title="bbox 2125 1145 3763 1220; baseline -0.001 -19"><span class='ocrx_word' id='word_1_171' title='bbox 2125 1145 2308 1213; x_wconf 85' lang='lat' dir='ltr'><strong>Quare</strong></span> <span class='ocrx_word' id='word_1_172' title='bbox 2342 1145 2412 1201; x_wconf 88' lang='lat' dir='ltr'><strong>ad</strong></span> <span class='ocrx_word' id='word_1_173' title='bbox 2442 1161 2563 1201; x_wconf 89' lang='lat' dir='ltr'><strong>eam</strong></span> <span class='ocrx_word' id='word_1_174' title='bbox 2611 1146 3022 1218; x_wconf 87' lang='lat' dir='ltr'><strong>impediendam</strong></span> <span class='ocrx_word' id='word_1_175' title='bbox 3082 1148 3467 1220; x_wconf 74' lang='lat' dir='ltr'><strong>excogitabant</strong></span> <span class='ocrx_word' id='word_1_176' title='bbox 3505 1147 3718 1202; x_wconf 86' lang='lat' dir='ltr'><strong>machi-</strong></span> <span class='ocrx_word' id='word_1_177' title='bbox 3755 1171 3763 1220; x_wconf 54' lang='lat'><strong><em>;</em></strong></span> 
     </span>
    </p>
   </div>
   <div class='ocr_carea' id='block_1_27' title="bbox 2034 1221 3760 1310">
    <p class='ocr_par' dir='ltr' id='par_1_27' title="bbox 2034 1221 3760 1310">
     <span class='ocr_line' id='line_1_27' title="bbox 2034 1221 3760 1310; baseline -0.002 -14"><span class='ocrx_word' id='word_1_178' title='bbox 2034 1237 2512 1309; x_wconf 80' lang='lat' dir='ltr'><strong>._.nabanturque</strong></span> <span class='ocrx_word' id='word_1_179' title='bbox 2543 1242 2750 1296; x_wconf 85' lang='lat' dir='ltr'><strong>omnia.</strong></span> <span class='ocrx_word' id='word_1_180' title='bbox 2801 1241 3194 1297; x_wconf 82' lang='lat' dir='ltr'><strong>Verumtamen</strong></span> <span class='ocrx_word' id='word_1_181' title='bbox 3239 1255 3424 1296; x_wconf 89' lang='lat' dir='ltr'><strong>coram</strong></span> <span class='ocrx_word' id='word_1_182' title='bbox 3479 1239 3719 1310; x_wconf 89' lang='lat' dir='ltr'><strong>impera-</strong></span> <span class='ocrx_word' id='word_1_183' title='bbox 3749 1221 3760 1286; x_wconf 70' lang='grc' dir='ltr'><strong>ί</strong></span> 
     </span>
    </p>
   </div>
   <div class='ocr_carea' id='block_1_28' title="bbox 2123 1330 3718 1404">
    <p class='ocr_par' dir='ltr' id='par_1_28' title="bbox 2123 1330 3718 1404">
     <span class='ocr_line' id='line_1_28' title="bbox 2123 1330 3718 1404; baseline 0 -19"><span class='ocrx_word' id='word_1_184' title='bbox 2123 1331 2264 1385; x_wconf 89' lang='lat' dir='ltr'><strong>trice</strong></span> <span class='ocrx_word' id='word_1_185' title='bbox 2293 1330 2666 1386; x_wconf 84' lang='lat' dir='ltr'><strong>verecundius</strong></span> <span class='ocrx_word' id='word_1_186' title='bbox 2723 1333 3214 1399; x_wconf 78' lang='lat' dir='ltr'><strong>conviciabantur,‘</strong></span> <span class='ocrx_word' id='word_1_187' title='bbox 3249 1334 3397 1404; x_wconf 87' lang='lat' dir='ltr'><strong>quod</strong></span> <span class='ocrx_word' id='word_1_188' title='bbox 3455 1332 3542 1386; x_wconf 91' lang='lat' dir='ltr'><strong>illa</strong></span> <span class='ocrx_word' id='word_1_189' title='bbox 3597 1347 3718 1386; x_wconf 83' lang='lat' dir='ltr'><strong>ser-</strong></span> 
     </span>
    </p>
   </div>
   <div class='ocr_carea' id='block_1_29' title="bbox 2125 1422 3716 1494">
    <p class='ocr_par' dir='ltr' id='par_1_29' title="bbox 2125 1422 3716 1494">
     <span class='ocr_line' id='line_1_29' title="bbox 2125 1422 3716 1494; baseline 0 -18"><span class='ocrx_word' id='word_1_190' title='bbox 2125 1422 2306 1477; x_wconf 88' lang='lat' dir='ltr'><strong>monis</strong></span> <span class='ocrx_word' id='word_1_191' title='bbox 2353 1423 2688 1492; x_wconf 86' lang='lat' dir='ltr'><strong>proterviam</strong></span> <span class='ocrx_word' id='word_1_192' title='bbox 2738 1422 2910 1478; x_wconf 81' lang='lat' dir='ltr'><strong>ferret</strong></span> <span class='ocrx_word' id='word_1_193' title='bbox 2966 1425 3273 1494; x_wconf 71' lang='lat' dir='ltr'><strong>tegerrime,</strong></span> <span class='ocrx_word' id='word_1_194' title='bbox 3343 1425 3440 1479; x_wconf 88' lang='lat' dir='ltr'><strong>sed</strong></span> <span class='ocrx_word' id='word_1_195' title='bbox 3497 1433 3716 1477; x_wconf 86' lang='lat' dir='ltr'><strong>tantum</strong></span> 
     </span>
    </p>
   </div>
   <div class='ocr_carea' id='block_1_30' title="bbox 2126 1516 3713 1586">
    <p class='ocr_par' dir='ltr' id='par_1_30' title="bbox 2126 1516 3713 1586">
     <span class='ocr_line' id='line_1_30' title="bbox 2126 1516 3713 1586; baseline -0.001 -17"><span class='ocrx_word' id='word_1_196' title='bbox 2126 1516 2478 1570; x_wconf 77' lang='lat' dir='ltr'><strong>severissime</strong></span> <span class='ocrx_word' id='word_1_197' title='bbox 2497 1516 2847 1582; x_wconf 80' lang='lat' dir='ltr'><strong>accusabant,</strong></span> <span class='ocrx_word' id='word_1_198' title='bbox 2866 1517 3265 1586; x_wconf 81' lang='lat' dir='ltr'><strong>singularisque</strong></span> <span class='ocrx_word' id='word_1_199' title='bbox 3283 1517 3435 1571; x_wconf 91' lang='lat' dir='ltr'><strong>illum</strong></span> <span class='ocrx_word' id='word_1_200' title='bbox 3469 1517 3713 1586; x_wconf 89' lang='lat' dir='ltr'><strong>stuporis</strong></span> 
     </span>
    </p>
   </div>
   <div class='ocr_carea' id='block_1_31' title="bbox 2127 1610 3719 1679">
    <p class='ocr_par' dir='ltr' id='par_1_31' title="bbox 2127 1610 3719 1679">
     <span class='ocr_line' id='line_1_31' title="bbox 2127 1610 3719 1679; baseline 0.003 -19"><span class='ocrx_word' id='word_1_201' title='bbox 2127 1618 2180 1662; x_wconf 80' lang='lat' dir='ltr'><strong>et</strong></span> <span class='ocrx_word' id='word_1_202' title='bbox 2229 1610 2609 1679; x_wconf 72' lang='lat' dir='ltr'><strong>perversitatis</strong></span> <span class='ocrx_word' id='word_1_203' title='bbox 2655 1611 3117 1677; x_wconf 88' lang='lat' dir='ltr'><strong>condemnabant,</strong></span> <span class='ocrx_word' id='word_1_204' title='bbox 3171 1611 3314 1678; x_wconf 89' lang='lat' dir='ltr'><strong>quod</strong></span> <span class='ocrx_word' id='word_1_205' title='bbox 3371 1612 3603 1666; x_wconf 86' lang='lat' dir='ltr'><strong>summis</strong></span> <span class='ocrx_word' id='word_1_206' title='bbox 3650 1611 3719 1664; x_wconf 81' lang='lat' dir='ltr'><strong>ab</strong></span> 
     </span>
    </p>
   </div>
   <div class='ocr_carea' id='block_1_32' title="bbox 2129 1687 3757 1768">
    <p class='ocr_par' dir='ltr' id='par_1_32' title="bbox 2129 1687 3757 1768">
     <span class='ocr_line' id='line_1_32' title="bbox 2129 1687 3757 1768; baseline 0.004 -17"><span class='ocrx_word' id='word_1_207' title='bbox 2129 1698 2466 1767; x_wconf 76' lang='lat' dir='ltr'><strong>imperatore</strong></span> <span class='ocrx_word' id='word_1_208' title='bbox 2491 1700 2784 1754; x_wconf 73' lang='lat' dir='ltr'><strong>demortuo</strong></span> <span class='ocrx_word' id='word_1_209' title='bbox 2837 1701 3120 1755; x_wconf 78' lang='lat' dir='ltr'><strong>beneficiis</strong></span> <span class='ocrx_word' id='word_1_210' title='bbox 3151 1710 3410 1768; x_wconf 77' lang='lat' dir='ltr'><strong>ornatus,</strong></span> <span class='ocrx_word' id='word_1_211' title='bbox 3445 1713 3500 1756; x_wconf 90' lang='lat' dir='ltr'><strong>et</strong></span> <span class='ocrx_word' id='word_1_212' title='bbox 3540 1687 3757 1756; x_wconf 41' lang='lat' dir='ltr'><strong>tanto-i</strong></span> 
     </span>
    </p>
   </div>
   <div class='ocr_carea' id='block_1_33' title="bbox 2131 1789 3722 1864">
    <p class='ocr_par' dir='ltr' id='par_1_33' title="bbox 2131 1789 3722 1864">
     <span class='ocr_line' id='line_1_33' title="bbox 2131 1789 3722 1864; baseline 0.002 -21"><span class='ocrx_word' id='word_1_213' title='bbox 2131 1805 2258 1859; x_wconf 66' lang='lat' dir='ltr'><strong>pere</strong></span> <span class='ocrx_word' id='word_1_214' title='bbox 2288 1789 2542 1855; x_wconf 75' lang='lat' dir='ltr'><strong>dilectus,</strong></span> <span class='ocrx_word' id='word_1_215' title='bbox 2571 1807 2635 1845; x_wconf 82' lang='lat' dir='ltr'><strong>ex</strong></span> <span class='ocrx_word' id='word_1_216' title='bbox 2655 1792 2926 1847; x_wconf 88' lang='lat' dir='ltr'><strong>diametro</strong></span> <span class='ocrx_word' id='word_1_217' title='bbox 2952 1793 3222 1862; x_wconf 81' lang='lat' dir='ltr'><strong>ingratos,</strong></span> <span class='ocrx_word' id='word_1_218' title='bbox 3252 1801 3306 1847; x_wconf 80' lang='lat' dir='ltr'><strong>et</strong></span> <span class='ocrx_word' id='word_1_219' title='bbox 3340 1808 3467 1863; x_wconf 83' lang='lat' dir='ltr'><strong>erga</strong></span> <span class='ocrx_word' id='word_1_220' title='bbox 3499 1790 3618 1864; x_wconf 75' lang='lat' dir='ltr'><strong>ejus</strong></span> <span class='ocrx_word' id='word_1_221' title='bbox 3659 1795 3722 1847; x_wconf 86' lang='lat' dir='ltr'><strong>li—</strong></span> 
     </span>
    </p>
   </div>
   <div class='ocr_carea' id='block_1_34' title="bbox 2132 1880 3722 1957">
    <p class='ocr_par' dir='ltr' id='par_1_34' title="bbox 2132 1880 3722 1957">
     <span class='ocr_line' id='line_1_34' title="bbox 2132 1880 3722 1957; baseline 0.006 -25"><span class='ocrx_word' id='word_1_222' title='bbox 2132 1880 2289 1934; x_wconf 86' lang='lat' dir='ltr'><strong>beros</strong></span> <span class='ocrx_word' id='word_1_223' title='bbox 2307 1882 2604 1934; x_wconf 59' lang='lat' dir='ltr'><strong>mala-volunt</strong></span> <span class='ocrx_word' id='word_1_224' title='bbox 2628 1883 2946 1938; x_wconf 53' lang='lat' dir='ltr'><strong>exstitisset.</strong></span> <span class='ocrx_word' id='word_1_225' title='bbox 2965 1885 3142 1953; x_wconf 81' lang='lat' dir='ltr'><strong>Atque</strong></span> <span class='ocrx_word' id='word_1_226' title='bbox 3165 1884 3237 1938; x_wconf 89' lang='lat' dir='ltr'><strong>illi</strong></span> <span class='ocrx_word' id='word_1_227' title='bbox 3264 1884 3490 1955; x_wconf 87' lang='lat' dir='ltr'><strong>quidem</strong></span> <span class='ocrx_word' id='word_1_228' title='bbox 3509 1886 3722 1957; x_wconf 76' lang='lat' dir='ltr'><strong>linguas</strong></span> 
     </span>
    </p>
   </div>
   <div class='ocr_carea' id='block_1_35' title="bbox 2133 1972 3721 2045">
    <p class='ocr_par' dir='ltr' id='par_1_35' title="bbox 2133 1972 3721 2045">
     <span class='ocr_line' id='line_1_35' title="bbox 2133 1972 3721 2045; baseline 0.003 -19"><span class='ocrx_word' id='word_1_229' title='bbox 2133 1975 2207 2026; x_wconf 88' lang='lat' dir='ltr'><strong>ita</strong></span> <span class='ocrx_word' id='word_1_230' title='bbox 2237 1972 2442 2027; x_wconf 86' lang='lat' dir='ltr'><strong>liberas</strong></span> <span class='ocrx_word' id='word_1_231' title='bbox 2471 1973 2762 2039; x_wconf 79' lang='lat' dir='ltr'><strong>habebant,</strong></span> <span class='ocrx_word' id='word_1_232' title='bbox 2810 1987 2867 2029; x_wconf 90' lang='lat' dir='ltr'><strong>et</strong></span> <span class='ocrx_word' id='word_1_233' title='bbox 2889 1976 3204 2044; x_wconf 83' lang='lat' dir='ltr'><strong>patriarcha</strong></span> <span class='ocrx_word' id='word_1_234' title='bbox 3235 1976 3415 2045; x_wconf 77' lang='lat' dir='ltr'><strong>legum</strong></span> <span class='ocrx_word' id='word_1_235' title='bbox 3459 1978 3721 2032; x_wconf 86' lang='lat' dir='ltr'><strong>ecclesia-</strong></span> 
     </span>
    </p>
   </div>
   <div class='ocr_carea' id='block_1_36' title="bbox 439 2046 2028 2140">
    <p class='ocr_par' dir='ltr' id='par_1_36' title="bbox 439 2046 2022 2125">
     <span class='ocr_line' id='line_1_36' title="bbox 439 2046 2022 2125; baseline 0.008 -27"><span class='ocrx_word' id='word_1_236' title='bbox 439 2061 564 2110; x_wconf 85' lang='grc' dir='ltr'>νην,</span> <span class='ocrx_word' id='word_1_237' title='bbox 594 2046 836 2114; x_wconf 77' lang='grc' dir='ltr'>νομίζων</span> <span class='ocrx_word' id='word_1_238' title='bbox 867 2049 1008 2102; x_wconf 87' lang='grc' dir='ltr'><strong>κατά</strong></span> <span class='ocrx_word' id='word_1_239' title='bbox 1034 2049 1262 2121; x_wconf 83' lang='grc' dir='ltr'>γνώμην</span> <span class='ocrx_word' id='word_1_240' title='bbox 1293 2053 1361 2106; x_wconf 74' lang='grc' dir='ltr'>τὰ</span> <span class='ocrx_word' id='word_1_241' title='bbox 1404 2053 1632 2107; x_wconf 78' lang='grc' dir='ltr'>τοιαῦτα</span> <span class='ocrx_word' id='word_1_242' title='bbox 1673 2057 2022 2125; x_wconf 86' lang='grc' dir='ltr'>πράττεσθαι</span> 
     </span>
    </p>
   </div>
   <div class='ocr_carea' id='block_1_37' title="bbox 2130 2046 3720 2140">
    <p class='ocr_par' dir='ltr' id='par_1_37' title="bbox 2130 2066 3720 2140">
     <span class='ocr_line' id='line_1_37' title="bbox 2130 2066 3720 2140; baseline 0.003 -20"><span class='ocrx_word' id='word_1_243' title='bbox 2130 2066 2394 2120; x_wconf 78' lang='lat' dir='ltr'><strong>Sticarum</strong></span> <span class='ocrx_word' id='word_1_244' title='bbox 2421 2081 2670 2131; x_wconf 71' lang='lat' dir='ltr'><strong>securus,</strong></span> <span class='ocrx_word' id='word_1_245' title='bbox 2713 2067 2887 2136; x_wconf 88' lang='lat' dir='ltr'><strong>ipsqu</strong></span> <span class='ocrx_word' id='word_1_246' title='bbox 2917 2067 3354 2124; x_wconf 69' lang='lat' dir='ltr'><strong>Cantaruze-num</strong></span> <span class='ocrx_word' id='word_1_247' title='bbox 3388 2071 3481 2140; x_wconf 93' lang='lat' dir='ltr'><strong>qui</strong></span> <span class='ocrx_word' id='word_1_248' title='bbox 3517 2070 3720 2124; x_wconf 84' lang='lat' dir='ltr'><strong>bellum</strong></span> 
     </span>
    </p>
   </div>
   <div class='ocr_carea' id='block_1_38' title="bbox 439 2136 2021 2216">
    <p class='ocr_par' dir='ltr' id='par_1_38' title="bbox 439 2136 2021 2216">
     <span class='ocr_line' id='line_1_38' title="bbox 439 2136 2021 2216; baseline 0.007 -26"><span class='ocrx_word' id='word_1_249' title='bbox 439 2137 508 2205; x_wconf 78' lang='grc' dir='ltr'>τῇ</span> <span class='ocrx_word' id='word_1_250' title='bbox 544 2136 796 2204; x_wconf 79' lang='grc' dir='ltr'>βασιλίδι.</span> <span class='ocrx_word' id='word_1_251' title='bbox 828 2138 996 2192; x_wconf 77' lang='grc' dir='ltr'>Οὐδὲν</span> <span class='ocrx_word' id='word_1_252' title='bbox 1027 2140 1136 2210; x_wconf 78' lang='grc' dir='ltr'>γὰρ</span> <span class='ocrx_word' id='word_1_253' title='bbox 1163 2143 1350 2206; x_wconf 79' lang='grc' dir='ltr'>αὐτοῖς</span> <span class='ocrx_word' id='word_1_254' title='bbox 1394 2144 1538 2198; x_wconf 78' lang='grc' dir='ltr'>οὕτω</span> <span class='ocrx_word' id='word_1_255' title='bbox 1564 2146 1739 2199; x_wconf 79' lang='grc' dir='ltr'>δεινὸν</span> <span class='ocrx_word' id='word_1_256' title='bbox 1767 2149 2021 2216; x_wconf 84' lang='grc' dir='ltr'>ἐφαίνετο</span> 
     </span>
    </p>
   </div>
   <div class='ocr_carea' id='block_1_39' title="bbox 443 2227 2022 2310">
    <p class='ocr_par' dir='ltr' id='par_1_39' title="bbox 443 2227 2022 2310">
     <span class='ocr_line' id='line_1_39' title="bbox 443 2227 2022 2310; baseline 0.01 -32"><span class='ocrx_word' id='word_1_257' title='bbox 443 2227 552 2282; x_wconf 83' lang='grc' dir='ltr'><strong>τῶν</strong></span> <span class='ocrx_word' id='word_1_258' title='bbox 578 2229 713 2297; x_wconf 87' lang='grc' dir='ltr'>πρὸς</span> <span class='ocrx_word' id='word_1_259' title='bbox 735 2229 826 2282; x_wconf 73' lang='grc' dir='ltr'><strong>τὸν</strong></span> <span class='ocrx_word' id='word_1_260' title='bbox 855 2231 1115 2302; x_wconf 88' lang='grc' dir='ltr'>πόλεμον,</span> <span class='ocrx_word' id='word_1_261' title='bbox 1142 2235 1267 2287; x_wconf 84' lang='grc' dir='ltr'>ὅσον</span> <span class='ocrx_word' id='word_1_262' title='bbox 1299 2237 1458 2303; x_wconf 86' lang='grc' dir='ltr'>άγειν</span> <span class='ocrx_word' id='word_1_263' title='bbox 1489 2237 1737 2291; x_wconf 86' lang='grc' dir='ltr'>κίνδυνον</span> <span class='ocrx_word' id='word_1_264' title='bbox 1767 2241 1798 2310; x_wconf 81' lang='grc' dir='ltr'>ὴ</span> <span class='ocrx_word' id='word_1_265' title='bbox 1829 2241 2022 2309; x_wconf 82' lang='grc' dir='ltr'>εἰρήνη</span> 
     </span>
    </p>
   </div>
   <div class='ocr_carea' id='block_1_40' title="bbox 449 2322 2022 2402">
    <p class='ocr_par' dir='ltr' id='par_1_40' title="bbox 449 2322 2022 2402">
     <span class='ocr_line' id='line_1_40' title="bbox 449 2322 2022 2402; baseline 0.008 -30"><span class='ocrx_word' id='word_1_266' title='bbox 449 2322 744 2390; x_wconf 78' lang='grc' dir='ltr'>ἐνομίζετο.</span> <span class='ocrx_word' id='word_1_267' title='bbox 772 2322 864 2375; x_wconf 86' lang='grc' dir='ltr'>Διὸ</span> <span class='ocrx_word' id='word_1_268' title='bbox 891 2325 984 2376; x_wconf 82' lang='grc' dir='ltr'>καὶ</span> <span class='ocrx_word' id='word_1_269' title='bbox 1013 2327 1196 2380; x_wconf 83' lang='grc' dir='ltr'>πάντα</span> <span class='ocrx_word' id='word_1_270' title='bbox 1226 2328 1486 2381; x_wconf 79' lang='grc' dir='ltr'>ἐπενόουν</span> <span class='ocrx_word' id='word_1_271' title='bbox 1520 2331 1614 2383; x_wconf 71' lang='grc' dir='ltr'><strong>καὶ</strong></span> <span class='ocrx_word' id='word_1_272' title='bbox 1641 2333 2022 2402; x_wconf 77' lang='grc' dir='ltr'>ἐμηχανῶντο,</span> 
     </span>
    </p>
   </div>
   <div class='ocr_carea' id='block_1_41' title="bbox 446 2413 2026 2492">
    <p class='ocr_par' dir='ltr' id='par_1_41' title="bbox 446 2413 2026 2492">
     <span class='ocr_line' id='line_1_41' title="bbox 446 2413 2026 2492; baseline 0.006 -26"><span class='ocrx_word' id='word_1_273' title='bbox 446 2413 586 2467; x_wconf 84' lang='grc' dir='ltr'>ὥστε</span> <span class='ocrx_word' id='word_1_274' title='bbox 635 2414 710 2484; x_wconf 81' lang='grc' dir='ltr'>μὴ</span> <span class='ocrx_word' id='word_1_275' title='bbox 749 2415 1024 2483; x_wconf 85' lang='grc' dir='ltr'>γενέσθαι.</span> <span class='ocrx_word' id='word_1_276' title='bbox 1071 2417 1193 2471; x_wconf 78' lang='grc' dir='ltr'><strong>Ἐπὶ</strong></span> <span class='ocrx_word' id='word_1_277' title='bbox 1231 2420 1332 2488; x_wconf 72' lang='grc' dir='ltr'>τῆς</span> <span class='ocrx_word' id='word_1_278' title='bbox 1369 2420 1640 2490; x_wconf 70' lang='grc' dir='ltr'>βασιλίδος</span> <span class='ocrx_word' id='word_1_279' title='bbox 1687 2425 1870 2492; x_wconf 84' lang='grc' dir='ltr'>μέντοι</span> <span class='ocrx_word' id='word_1_280' title='bbox 1923 2425 2026 2476; x_wconf 67' lang='grc' dir='ltr'>οὐκ</span> 
     </span>
    </p>
   </div>
   <div class='ocr_carea' id='block_1_42' title="bbox 443 2503 2026 2584">
    <p class='ocr_par' dir='ltr' id='par_1_42' title="bbox 443 2503 2026 2584">
     <span class='ocr_line' id='line_1_42' title="bbox 443 2503 2026 2584; baseline 0.007 -28"><span class='ocrx_word' id='word_1_281' title='bbox 443 2503 696 2572; x_wconf 83' lang='grc' dir='ltr'>ἀσέμνως</span> <span class='ocrx_word' id='word_1_282' title='bbox 732 2505 908 2568; x_wconf 82' lang='grc' dir='ltr'>οὕτως</span> <span class='ocrx_word' id='word_1_283' title='bbox 938 2507 1308 2578; x_wconf 83' lang='grc' dir='ltr'>ἐλοιδοροῦντο</span> <span class='ocrx_word' id='word_1_284' title='bbox 1338 2526 1349 2539; x_wconf 92' lang='grc'><strong>·</strong></span> <span class='ocrx_word' id='word_1_285' title='bbox 1398 2510 1538 2582; x_wconf 82' lang='grc' dir='ltr'>ὀργῇ</span> <span class='ocrx_word' id='word_1_286' title='bbox 1581 2512 1691 2583; x_wconf 84' lang='grc' dir='ltr'>γὰρ</span> <span class='ocrx_word' id='word_1_287' title='bbox 1729 2513 1866 2584; x_wconf 81' lang='grc' dir='ltr'>πρὸς</span> <span class='ocrx_word' id='word_1_288' title='bbox 1897 2516 2026 2579; x_wconf 80' lang='grc' dir='ltr'>τοὺς</span> 
     </span>
    </p>
   </div>
   <div class='ocr_carea' id='block_1_43' title="bbox 442 2594 2026 2675">
    <p class='ocr_par' dir='ltr' id='par_1_43' title="bbox 442 2594 2026 2675">
     <span class='ocr_line' id='line_1_43' title="bbox 442 2594 2026 2675; baseline 0.008 -29"><span class='ocrx_word' id='word_1_289' title='bbox 442 2594 616 2658; x_wconf 81' lang='grc' dir='ltr'>οὕτως</span> <span class='ocrx_word' id='word_1_290' title='bbox 671 2596 1093 2665; x_wconf 73' lang='grc' dir='ltr'>ἀσελγαίνοντας</span> <span class='ocrx_word' id='word_1_291' title='bbox 1137 2601 1364 2670; x_wconf 77' lang='grc' dir='ltr'>ἐφέρετο</span> <span class='ocrx_word' id='word_1_292' title='bbox 1389 2617 1402 2631; x_wconf 91' lang='grc'><strong>·</strong></span> <span class='ocrx_word' id='word_1_293' title='bbox 1443 2603 1560 2656; x_wconf 77' lang='grc' dir='ltr'>ἀλλ’</span> <span class='ocrx_word' id='word_1_294' title='bbox 1595 2605 1809 2675; x_wconf 77' lang='grc' dir='ltr'>ἠρῶντο</span> <span class='ocrx_word' id='word_1_295' title='bbox 1857 2607 2026 2675; x_wconf 82' lang='grc' dir='ltr'>μόνον</span> 
     </span>
    </p>
   </div>
   <div class='ocr_carea' id='block_1_44' title="bbox 443 2688 2027 2771">
    <p class='ocr_par' dir='ltr' id='par_1_44' title="bbox 443 2688 2027 2771">
     <span class='ocr_line' id='line_1_44' title="bbox 443 2688 2027 2771; baseline 0.007 -30"><span class='ocrx_word' id='word_1_296' title='bbox 443 2688 512 2742; x_wconf 78' lang='grc' dir='ltr'>τὰ</span> <span class='ocrx_word' id='word_1_297' title='bbox 535 2689 839 2755; x_wconf 73' lang='grc' dir='ltr'>δεινότατα,</span> <span class='ocrx_word' id='word_1_298' title='bbox 871 2691 966 2745; x_wconf 79' lang='grc' dir='ltr'>καὶ</span> <span class='ocrx_word' id='word_1_299' title='bbox 1015 2693 1217 2765; x_wconf 81' lang='grc' dir='ltr'>πολλὴν</span> <span class='ocrx_word' id='word_1_300' title='bbox 1257 2695 1697 2766; x_wconf 68' lang='grc' dir='ltr'>κατεψηφίζοντο</span> <span class='ocrx_word' id='word_1_301' title='bbox 1728 2700 2027 2771; x_wconf 82' lang='grc' dir='ltr'>σκαιότητα</span> 
     </span>
    </p>
   </div>
   <div class='ocr_carea' id='block_1_45' title="bbox 443 2783 2027 2861">
    <p class='ocr_par' dir='ltr' id='par_1_45' title="bbox 443 2783 2027 2861">
     <span class='ocr_line' id='line_1_45' title="bbox 443 2783 2027 2861; baseline 0.006 -25"><span class='ocrx_word' id='word_1_302' title='bbox 443 2783 540 2837; x_wconf 67' lang='grc' dir='ltr'><strong>κα)⁸</strong></span> <span class='ocrx_word' id='word_1_303' title='bbox 575 2783 842 2854; x_wconf 81' lang='grc' dir='ltr'>πονηρίαν</span> <span class='ocrx_word' id='word_1_304' title='bbox 867 2785 1108 2855; x_wconf 85' lang='grc' dir='ltr'>τρόπων,</span> <span class='ocrx_word' id='word_1_305' title='bbox 1141 2787 1224 2840; x_wconf 82' lang='grc' dir='ltr'><strong>ὅτι</strong></span> <span class='ocrx_word' id='word_1_306' title='bbox 1255 2787 1530 2842; x_wconf 87' lang='grc' dir='ltr'>τοσούτων</span> <span class='ocrx_word' id='word_1_307' title='bbox 1563 2790 1718 2858; x_wconf 74' lang='grc' dir='ltr'>παρὰ</span> <span class='ocrx_word' id='word_1_308' title='bbox 1759 2791 2027 2861; x_wconf 86' lang='grc' dir='ltr'>βασιλέως</span> 
     </span>
    </p>
   </div>
   <div class='ocr_carea' id='block_1_46' title="bbox 445 2870 2029 2951">
    <p class='ocr_par' dir='ltr' id='par_1_46' title="bbox 445 2870 2029 2951">
     <span class='ocr_line' id='line_1_46' title="bbox 445 2870 2029 2951; baseline 0.006 -22"><span class='ocrx_word' id='word_1_309' title='bbox 445 2875 841 2938; x_wconf 60' lang='grc' dir='ltr'>ἀπολελαυκὼς</span> <span class='ocrx_word' id='word_1_310' title='bbox 867 2878 964 2930; x_wconf 79' lang='grc' dir='ltr'><strong>καὶ</strong></span> <span class='ocrx_word' id='word_1_311' title='bbox 995 2870 1149 2930; x_wconf 74' lang='grc' dir='ltr'>οὕτω</span> <span class='ocrx_word' id='word_1_312' title='bbox 1169 2879 1443 2951; x_wconf 73' lang='grc' dir='ltr'>φιληθεὶς,</span> <span class='ocrx_word' id='word_1_313' title='bbox 1476 2882 1774 2951; x_wconf 77' lang='grc' dir='ltr'>ἀχάριστος</span> <span class='ocrx_word' id='word_1_314' title='bbox 1818 2886 1884 2936; x_wconf 82' lang='grc' dir='ltr'><strong>ἐκ</strong></span> <span class='ocrx_word' id='word_1_315' title='bbox 1911 2885 2029 2939; x_wconf 91' lang='grc' dir='ltr'>δια-</span> 
     </span>
    </p>
   </div>
   <div class='ocr_carea' id='block_1_47' title="bbox 452 2966 2024 3040">
    <p class='ocr_par' dir='ltr' id='par_1_47' title="bbox 452 2966 2024 3040">
     <span class='ocr_line' id='line_1_47' title="bbox 452 2966 2024 3040; baseline 0.008 -22"><span class='ocrx_word' id='word_1_316' title='bbox 452 2966 654 3040; x_wconf 73' lang='grc' dir='ltr'>μέτρου</span> <span class='ocrx_word' id='word_1_317' title='bbox 688 2970 784 3022; x_wconf 80' lang='grc' dir='ltr'><strong>καὶ</strong></span> <span class='ocrx_word' id='word_1_318' title='bbox 811 2970 983 3031; x_wconf 72' lang='grc' dir='ltr'>κακὸς</span> <span class='ocrx_word' id='word_1_319' title='bbox 1013 2970 1147 3040; x_wconf 80' lang='grc' dir='ltr'>περὶ</span> <span class='ocrx_word' id='word_1_320' title='bbox 1179 2972 1305 3034; x_wconf 84' lang='grc' dir='ltr'>τοὺς</span> <span class='ocrx_word' id='word_1_321' title='bbox 1342 2972 1557 3026; x_wconf 79' lang='grc' dir='ltr'>ἐκείνου</span> <span class='ocrx_word' id='word_1_322' title='bbox 1588 2975 1786 3038; x_wconf 86' lang='grc' dir='ltr'>παῖδας</span> <span class='ocrx_word' id='word_1_323' title='bbox 1815 2970 2024 3031; x_wconf 82' lang='grc' dir='ltr'>ὦπται.</span> 
     </span>
    </p>
   </div>
   <div class='ocr_carea' id='block_1_48' title="bbox 457 3055 2030 3136">
    <p class='ocr_par' dir='ltr' id='par_1_48' title="bbox 457 3055 2030 3136">
     <span class='ocr_line' id='line_1_48' title="bbox 457 3055 2030 3136; baseline 0.006 -26"><span class='ocrx_word' id='word_1_324' title='bbox 457 3058 688 3112; x_wconf 82' lang='grc' dir='ltr'>Ἐκεῖνοι</span> <span class='ocrx_word' id='word_1_325' title='bbox 743 3060 844 3130; x_wconf 79' lang='grc' dir='ltr'>μὲν</span> <span class='ocrx_word' id='word_1_326' title='bbox 902 3055 1000 3122; x_wconf 74' lang='grc' dir='ltr'><strong>οὖν</strong></span> <span class='ocrx_word' id='word_1_327' title='bbox 1057 3060 1233 3126; x_wconf 79' lang='grc' dir='ltr'>οὕτως</span> <span class='ocrx_word' id='word_1_328' title='bbox 1287 3063 1686 3133; x_wconf 73' lang='grc' dir='ltr'>ηκολάσταινον</span> <span class='ocrx_word' id='word_1_329' title='bbox 1738 3066 1870 3136; x_wconf 73' lang='grc' dir='ltr'>περὶ</span> <span class='ocrx_word' id='word_1_330' title='bbox 1931 3068 2030 3136; x_wconf 85' lang='grc' dir='ltr'><strong>τὴν</strong></span> 
     </span>
    </p>
   </div>
   <div class='ocr_carea' id='block_1_49' title="bbox 2125 2159 3716 2233">
    <p class='ocr_par' dir='ltr' id='par_1_49' title="bbox 2125 2159 3716 2233">
     <span class='ocr_line' id='line_1_49' title="bbox 2125 2159 3716 2233; baseline 0.004 -23"><span class='ocrx_word' id='word_1_331' title='bbox 2125 2159 2354 2214; x_wconf 89' lang='lat' dir='ltr'><strong>minime</strong></span> <span class='ocrx_word' id='word_1_332' title='bbox 2407 2160 2693 2226; x_wconf 75' lang='lat' dir='ltr'><strong>excitarat,</strong></span> <span class='ocrx_word' id='word_1_333' title='bbox 2760 2160 2852 2213; x_wconf 81' lang='lat' dir='ltr'><strong>sed</strong></span> <span class='ocrx_word' id='word_1_334' title='bbox 2915 2161 3146 2215; x_wconf 79' lang='lat' dir='ltr'><strong>multum</strong></span> <span class='ocrx_word' id='word_1_335' title='bbox 3216 2177 3280 2218; x_wconf 88' lang='lat' dir='ltr'><strong>ac</strong></span> <span class='ocrx_word' id='word_1_336' title='bbox 3341 2177 3484 2233; x_wconf 76' lang='lat' dir='ltr'><strong>saepe</strong></span> <span class='ocrx_word' id='word_1_337' title='bbox 3527 2177 3716 2232; x_wconf 86' lang='lat' dir='ltr'><strong>pacem</strong></span> 
     </span>
    </p>
   </div>
   <div class='ocr_carea' id='block_1_50' title="bbox 2125 2251 3714 2330">
    <p class='ocr_par' dir='ltr' id='par_1_50' title="bbox 2125 2251 3714 2330">
     <span class='ocr_line' id='line_1_50' title="bbox 2125 2251 3714 2330; baseline 0.006 -27"><span class='ocrx_word' id='word_1_338' title='bbox 2125 2251 2488 2320; x_wconf 75' lang='lat' dir='ltr'><strong>expetiverat,</strong></span> <span class='ocrx_word' id='word_1_339' title='bbox 2517 2253 2856 2306; x_wconf 78' lang='lat' dir='ltr'><strong>anathemati</strong></span> <span class='ocrx_word' id='word_1_340' title='bbox 2910 2269 3036 2307; x_wconf 89' lang='lat' dir='ltr'><strong>cum</strong></span> <span class='ocrx_word' id='word_1_341' title='bbox 3081 2256 3409 2325; x_wconf 83' lang='lat' dir='ltr'><strong>sequacibus</strong></span> <span class='ocrx_word' id='word_1_342' title='bbox 3460 2258 3714 2330; x_wconf 81' lang='lat' dir='ltr'><strong>subjecit,</strong></span> 
     </span>
    </p>
   </div>
   <div class='ocr_carea' id='block_1_51' title="bbox 2125 2345 3715 2418">
    <p class='ocr_par' dir='ltr' id='par_1_51' title="bbox 2125 2345 3715 2418">
     <span class='ocr_line' id='line_1_51' title="bbox 2125 2345 3715 2418; baseline 0.008 -24"><span class='ocrx_word' id='word_1_343' title='bbox 2125 2346 2280 2413; x_wconf 79' lang='lat' dir='ltr'><strong>quasi</strong></span> <span class='ocrx_word' id='word_1_344' title='bbox 2307 2345 2362 2399; x_wconf 90' lang='lat' dir='ltr'><strong>in</strong></span> <span class='ocrx_word' id='word_1_345' title='bbox 2389 2346 2794 2414; x_wconf 79' lang='lat' dir='ltr'><strong>imperatricem</strong></span> <span class='ocrx_word' id='word_1_346' title='bbox 2829 2361 2887 2400; x_wconf 90' lang='lat' dir='ltr'><strong>se</strong></span> <span class='ocrx_word' id='word_1_347' title='bbox 2922 2363 3159 2418; x_wconf 86' lang='lat' dir='ltr'><strong>nequam</strong></span> <span class='ocrx_word' id='word_1_348' title='bbox 3183 2350 3561 2418; x_wconf 76' lang='lat' dir='ltr'><strong>praestitisset:</strong></span> <span class='ocrx_word' id='word_1_349' title='bbox 3591 2366 3715 2406; x_wconf 92' lang='lat' dir='ltr'><strong>cum</strong></span> 
     </span>
    </p>
   </div>
   <div class='ocr_carea' id='block_1_52' title="bbox 2129 2436 3716 2514">
    <p class='ocr_par' dir='ltr' id='par_1_52' title="bbox 2129 2436 3716 2514">
     <span class='ocr_line' id='line_1_52' title="bbox 2129 2436 3716 2514; baseline 0.003 -24"><span class='ocrx_word' id='word_1_350' title='bbox 2129 2447 2309 2490; x_wconf 89' lang='lat' dir='ltr'><strong>tamen</strong></span> <span class='ocrx_word' id='word_1_351' title='bbox 2335 2436 2594 2514; x_wconf 61' lang='lat' dir='ltr'><strong>nonipse</strong></span> <span class='ocrx_word' id='word_1_352' title='bbox 2619 2437 2796 2492; x_wconf 90' lang='lat' dir='ltr'><strong>solum</strong></span> <span class='ocrx_word' id='word_1_353' title='bbox 2835 2452 3063 2506; x_wconf 88' lang='lat' dir='ltr'><strong>prorsus</strong></span> <span class='ocrx_word' id='word_1_354' title='bbox 3109 2441 3448 2494; x_wconf 82' lang='lat' dir='ltr'><strong>contrarium</strong></span> <span class='ocrx_word' id='word_1_355' title='bbox 3481 2439 3716 2507; x_wconf 85' lang='lat' dir='ltr'><strong>faceret,</strong></span> 
     </span>
    </p>
   </div>
   <div class='ocr_carea' id='block_1_53' title="bbox 2047 2525 3713 2584">
    <p class='ocr_par' dir='ltr' id='par_1_53' title="bbox 2047 2525 3713 2584">
     <span class='ocr_line' id='line_1_53' title="bbox 2047 2525 3713 2584; baseline 0.001 -4"><span class='ocrx_word' id='word_1_356' title='bbox 2047 2568 2054 2574; x_wconf 88' lang='lat'><strong>.</strong></span> <span class='ocrx_word' id='word_1_357' title='bbox 2127 2525 2224 2580; x_wconf 87' lang='lat' dir='ltr'><strong>sed</strong></span> <span class='ocrx_word' id='word_1_358' title='bbox 2261 2536 2317 2580; x_wconf 90' lang='lat' dir='ltr'><strong>et</strong></span> <span class='ocrx_word' id='word_1_359' title='bbox 2343 2541 2475 2581; x_wconf 89' lang='lat' dir='ltr'><strong>suos</strong></span> <span class='ocrx_word' id='word_1_360' title='bbox 2505 2527 2572 2581; x_wconf 89' lang='lat' dir='ltr'><strong>ad</strong></span> <span class='ocrx_word' id='word_1_361' title='bbox 2625 2526 2768 2581; x_wconf 91' lang='lat' dir='ltr'><strong>idem</strong></span> <span class='ocrx_word' id='word_1_362' title='bbox 2801 2528 3212 2582; x_wconf 81' lang='lat' dir='ltr'><strong>cohortaretur.</strong></span> <span class='ocrx_word' id='word_1_363' title='bbox 3253 2528 3367 2584; x_wconf 83' lang='lat' dir='ltr'><strong>Nec</strong></span> <span class='ocrx_word' id='word_1_364' title='bbox 3395 2543 3527 2582; x_wconf 87' lang='lat' dir='ltr'><strong>vero</strong></span> <span class='ocrx_word' id='word_1_365' title='bbox 3565 2528 3713 2582; x_wconf 79' lang='lat' dir='ltr'><strong>illam</strong></span> 
     </span>
    </p>
   </div>
   <div class='ocr_carea' id='block_1_54' title="bbox 2128 2616 3715 2687">
    <p class='ocr_par' dir='ltr' id='par_1_54' title="bbox 2128 2616 3715 2687">
     <span class='ocr_line' id='line_1_54' title="bbox 2128 2616 3715 2687; baseline 0.001 -17"><span class='ocrx_word' id='word_1_366' title='bbox 2128 2616 2418 2682; x_wconf 78' lang='lat' dir='ltr'><strong>duntaxat,</strong></span> <span class='ocrx_word' id='word_1_367' title='bbox 2479 2618 2522 2671; x_wconf 86' lang='lat' dir='ltr'><strong>si</strong></span> <span class='ocrx_word' id='word_1_368' title='bbox 2579 2616 2804 2687; x_wconf 89' lang='lat' dir='ltr'><strong>quando</strong></span> <span class='ocrx_word' id='word_1_369' title='bbox 2853 2617 2970 2687; x_wconf 88' lang='lat' dir='ltr'><strong>ejus</strong></span> <span class='ocrx_word' id='word_1_370' title='bbox 3017 2627 3137 2672; x_wconf 86' lang='lat' dir='ltr'><strong>erat</strong></span> <span class='ocrx_word' id='word_1_371' title='bbox 3187 2617 3438 2674; x_wconf 87' lang='lat' dir='ltr'><strong>habenda</strong></span> <span class='ocrx_word' id='word_1_372' title='bbox 3486 2619 3715 2679; x_wconf 84' lang='lat' dir='ltr'><strong>mentio.</strong></span> 
     </span>
    </p>
   </div>
   <div class='ocr_carea' id='block_1_55' title="bbox 2128 2709 3720 2780">
    <p class='ocr_par' dir='ltr' id='par_1_55' title="bbox 2128 2709 3720 2780">
     <span class='ocr_line' id='line_1_55' title="bbox 2128 2709 3720 2780; baseline 0.001 -20"><span class='ocrx_word' id='word_1_373' title='bbox 2128 2709 2558 2780; x_wconf 63' lang='lat' dir='ltr'><strong>perhonoriﬁca,</strong></span> <span class='ocrx_word' id='word_1_374' title='bbox 2590 2723 2781 2764; x_wconf 91' lang='lat' dir='ltr'><strong>verum</strong></span> <span class='ocrx_word' id='word_1_375' title='bbox 2808 2709 2946 2764; x_wconf 78' lang='lat' dir='ltr'><strong>alios</strong></span> <span class='ocrx_word' id='word_1_376' title='bbox 2980 2723 3204 2780; x_wconf 89' lang='lat' dir='ltr'><strong>quoque</strong></span> <span class='ocrx_word' id='word_1_377' title='bbox 3229 2709 3402 2780; x_wconf 74' lang='lat' dir='ltr'><strong>magis</strong></span> <span class='ocrx_word' id='word_1_378' title='bbox 3429 2725 3456 2762; x_wconf 89' lang='lat' dir='ltr'><strong>a</strong></span> <span class='ocrx_word' id='word_1_379' title='bbox 3481 2709 3720 2780; x_wconf 74' lang='lat' dir='ltr'><strong>dignita-</strong></span> 
     </span>
    </p>
   </div>
   <div class='ocr_carea' id='block_1_56' title="bbox 2130 2799 3722 2870">
    <p class='ocr_par' dir='ltr' id='par_1_56' title="bbox 2130 2799 3722 2870">
     <span class='ocr_line' id='line_1_56' title="bbox 2130 2799 3722 2870; baseline -0.002 -16"><span class='ocrx_word' id='word_1_380' title='bbox 2130 2800 2281 2855; x_wconf 84' lang='lat' dir='ltr'><strong>tibus</strong></span> <span class='ocrx_word' id='word_1_381' title='bbox 2311 2816 2449 2870; x_wconf 86' lang='lat' dir='ltr'><strong>quas</strong></span> <span class='ocrx_word' id='word_1_382' title='bbox 2465 2799 2962 2869; x_wconf 77' lang='lat' dir='ltr'><strong>gerebant,&#39;quam</strong></span> <span class='ocrx_word' id='word_1_383' title='bbox 2998 2799 3236 2869; x_wconf 86' lang='lat' dir='ltr'><strong>propriis</strong></span> <span class='ocrx_word' id='word_1_384' title='bbox 3266 2814 3457 2854; x_wconf 87' lang='lat' dir='ltr'><strong>eorum</strong></span> <span class='ocrx_word' id='word_1_385' title='bbox 3481 2799 3722 2852; x_wconf 89' lang='lat' dir='ltr'><strong>nomini-</strong></span> 
     </span>
    </p>
   </div>
   <div class='ocr_carea' id='block_1_57' title="bbox 2130 2890 3718 2962">
    <p class='ocr_par' dir='ltr' id='par_1_57' title="bbox 2130 2890 3718 2962">
     <span class='ocr_line' id='line_1_57' title="bbox 2130 2890 3718 2962; baseline -0.002 -17"><span class='ocrx_word' id='word_1_386' title='bbox 2130 2890 2236 2946; x_wconf 90' lang='lat' dir='ltr'><strong>bus</strong></span> <span class='ocrx_word' id='word_1_387' title='bbox 2264 2891 2640 2962; x_wconf 83' lang='lat' dir='ltr'><strong>appellitabat.</strong></span> <span class='ocrx_word' id='word_1_388' title='bbox 2670 2891 2836 2946; x_wconf 82' lang='lat' dir='ltr'><strong>Multa</strong></span> <span class='ocrx_word' id='word_1_389' title='bbox 2868 2899 3047 2946; x_wconf 88' lang='lat' dir='ltr'><strong>tamen</strong></span> <span class='ocrx_word' id='word_1_390' title='bbox 3073 2907 3139 2945; x_wconf 82' lang='lat' dir='ltr'><strong>ex</strong></span> <span class='ocrx_word' id='word_1_391' title='bbox 3175 2891 3243 2945; x_wconf 93' lang='lat' dir='ltr'><strong>iis</strong></span> <span class='ocrx_word' id='word_1_392' title='bbox 3276 2905 3398 2960; x_wconf 65' lang='lat' dir='ltr'><strong>quae</strong></span> <span class='ocrx_word' id='word_1_393' title='bbox 3436 2890 3718 2945; x_wconf 81' lang='lat' dir='ltr'><strong>Androni-</strong></span> 
     </span>
    </p>
   </div>
   <div class='ocr_carea' id='block_1_58' title="bbox 2131 2981 3718 3052">
    <p class='ocr_par' dir='ltr' id='par_1_58' title="bbox 2131 2981 3718 3052">
     <span class='ocr_line' id='line_1_58' title="bbox 2131 2981 3718 3052; baseline -0.002 -17"><span class='ocrx_word' id='word_1_394' title='bbox 2131 2995 2233 3037; x_wconf 89' lang='lat' dir='ltr'><strong>cus</strong></span> <span class='ocrx_word' id='word_1_395' title='bbox 2288 2982 2589 3052; x_wconf 86' lang='lat' dir='ltr'><strong>imperator</strong></span> <span class='ocrx_word' id='word_1_396' title='bbox 2636 2983 2838 3052; x_wconf 89' lang='lat' dir='ltr'><strong>cuique</strong></span> <span class='ocrx_word' id='word_1_397' title='bbox 2862 2997 3054 3037; x_wconf 85' lang='lat' dir='ltr'><strong>eorum</strong></span> <span class='ocrx_word' id='word_1_398' title='bbox 3097 2981 3424 3047; x_wconf 79' lang='lat' dir='ltr'><strong>donaverat,</strong></span> <span class='ocrx_word' id='word_1_399' title='bbox 3482 2989 3541 3035; x_wconf 93' lang='lat' dir='ltr'><strong>ut</strong></span> <span class='ocrx_word' id='word_1_400' title='bbox 3595 2995 3718 3035; x_wconf 90' lang='lat' dir='ltr'><strong>eum</strong></span> 
     </span>
    </p>
   </div>
   <div class='ocr_carea' id='block_1_59' title="bbox 2133 3070 3723 3148">
    <p class='ocr_par' dir='ltr' id='par_1_59' title="bbox 2133 3070 3723 3148">
     <span class='ocr_line' id='line_1_59' title="bbox 2133 3070 3723 3148; baseline -0.001 -22"><span class='ocrx_word' id='word_1_401' title='bbox 2133 3071 2339 3140; x_wconf 87' lang='lat' dir='ltr'><strong>injuria</strong></span> <span class='ocrx_word' id='word_1_402' title='bbox 2373 3081 2722 3139; x_wconf 89' lang='lat' dir='ltr'><strong>posterorum</strong></span> <span class='ocrx_word' id='word_1_403' title='bbox 2747 3071 2951 3125; x_wconf 84' lang='lat' dir='ltr'><strong>donata</strong></span> <span class='ocrx_word' id='word_1_404' title='bbox 2995 3086 3104 3126; x_wconf 89' lang='lat' dir='ltr'><strong>non</strong></span> <span class='ocrx_word' id='word_1_405' title='bbox 3160 3070 3450 3148; x_wconf 85' lang='lat' dir='ltr'><strong>probabat.</strong></span> <span class='ocrx_word' id='word_1_406' title='bbox 3491 3070 3559 3125; x_wconf 91' lang='lat' dir='ltr'><strong>Et</strong></span> <span class='ocrx_word' id='word_1_407' title='bbox 3589 3086 3723 3126; x_wconf 90' lang='lat' dir='ltr'><strong>cum</strong></span> 
     </span>
    </p>
   </div>
   <div class='ocr_carea' id='block_1_60' title="bbox 446 3151 2028 3234">
    <p class='ocr_par' dir='ltr' id='par_1_60' title="bbox 446 3151 2028 3230">
     <span class='ocr_line' id='line_1_60' title="bbox 446 3151 2028 3230; baseline 0.006 -27"><span class='ocrx_word' id='word_1_408' title='bbox 446 3151 716 3219; x_wconf 86' lang='grc' dir='ltr'>γλῶτταν.</span> <span class='ocrx_word' id='word_1_409' title='bbox 746 3153 856 3206; x_wconf 73' lang='grc' dir='ltr'><strong>Καὶ</strong></span> <span class='ocrx_word' id='word_1_410' title='bbox 905 3156 933 3207; x_wconf 85' lang='grc' dir='ltr'><strong>δ</strong></span> <span class='ocrx_word' id='word_1_411' title='bbox 975 3155 1328 3227; x_wconf 84' lang='grc' dir='ltr'>πατριάρχης</span> <span class='ocrx_word' id='word_1_412' title='bbox 1357 3157 1515 3224; x_wconf 80' lang='grc' dir='ltr'>ὀλίγα</span> <span class='ocrx_word' id='word_1_413' title='bbox 1545 3158 1579 3228; x_wconf 81' lang='grc' dir='ltr'><strong>ἢ</strong></span> <span class='ocrx_word' id='word_1_414' title='bbox 1621 3158 1775 3211; x_wconf 73' lang='grc' dir='ltr'>οὐδὲν</span> <span class='ocrx_word' id='word_1_415' title='bbox 1812 3161 2028 3230; x_wconf 89' lang='grc' dir='ltr'>φροντί-</span> 
     </span>
    </p>
   </div>
   <div class='ocr_carea' id='block_1_61' title="bbox 2130 3151 3720 3234">
    <p class='ocr_par' dir='ltr' id='par_1_61' title="bbox 2133 3162 3720 3234">
     <span class='ocr_line' id='line_1_61' title="bbox 2133 3162 3720 3234; baseline -0.001 -17"><span class='ocrx_word' id='word_1_416' title='bbox 2133 3164 2356 3234; x_wconf 81' lang='lat' dir='ltr'><strong>quidam</strong></span> <span class='ocrx_word' id='word_1_417' title='bbox 2385 3164 2453 3217; x_wconf 91' lang='lat' dir='ltr'><strong>de</strong></span> <span class='ocrx_word' id='word_1_418' title='bbox 2485 3164 2600 3217; x_wconf 88' lang='lat' dir='ltr'><strong>suis</strong></span> <span class='ocrx_word' id='word_1_419' title='bbox 2623 3178 2810 3218; x_wconf 87' lang='lat' dir='ltr'><strong>coram</strong></span> <span class='ocrx_word' id='word_1_420' title='bbox 2862 3163 3004 3232; x_wconf 92' lang='lat' dir='ltr'><strong>ipso,</strong></span> <span class='ocrx_word' id='word_1_421' title='bbox 3043 3163 3438 3231; x_wconf 81' lang='lat' dir='ltr'><strong>Apocaucbum</strong></span> <span class='ocrx_word' id='word_1_422' title='bbox 3481 3162 3720 3218; x_wconf 88' lang='lat' dir='ltr'><strong>cubiculi</strong></span> 
     </span>
    </p>
   </div>
   <div class='ocr_carea' id='block_1_62' title="bbox 447 3243 2028 3326">
    <p class='ocr_par' dir='ltr' id='par_1_62' title="bbox 447 3243 2028 3322">
     <span class='ocr_line' id='line_1_62' title="bbox 447 3243 2028 3322; baseline 0.006 -27"><span class='ocrx_word' id='word_1_423' title='bbox 447 3243 556 3306; x_wconf 80' lang='grc' dir='ltr'>ζων</span> <span class='ocrx_word' id='word_1_424' title='bbox 585 3244 696 3296; x_wconf 87' lang='grc' dir='ltr'>τὼν</span> <span class='ocrx_word' id='word_1_425' title='bbox 729 3245 1206 3316; x_wconf 84' lang='grc' dir='ltr'>ἐκκλησιαστικῶν</span> <span class='ocrx_word' id='word_1_426' title='bbox 1239 3248 1481 3318; x_wconf 84' lang='grc' dir='ltr'>θεσμῶν,</span> <span class='ocrx_word' id='word_1_427' title='bbox 1507 3249 1672 3303; x_wconf 75' lang='grc' dir='ltr'>αὐτόν</span> <span class='ocrx_word' id='word_1_428' title='bbox 1715 3267 1776 3303; x_wconf 87' lang='grc' dir='ltr'><strong>τε</strong></span> <span class='ocrx_word' id='word_1_429' title='bbox 1805 3251 2028 3322; x_wconf 75' lang='grc' dir='ltr'>βασιλέα</span> 
     </span>
    </p>
   </div>
   <div class='ocr_carea' id='block_1_63' title="bbox 2130 3243 3721 3326">
    <p class='ocr_par' dir='ltr' id='par_1_63' title="bbox 2134 3253 3721 3326">
     <span class='ocr_line' id='line_1_63' title="bbox 2134 3253 3721 3326; baseline -0.001 -16"><span class='ocrx_word' id='word_1_430' title='bbox 2134 3257 2279 3310; x_wconf 86' lang='lat' dir='ltr'><strong>sacri</strong></span> <span class='ocrx_word' id='word_1_431' title='bbox 2332 3253 2653 3325; x_wconf 63' lang='lat' dir='ltr'><strong>prater-tum</strong></span> <span class='ocrx_word' id='word_1_432' title='bbox 2683 3297 2699 3320; x_wconf 98' lang='lat'><strong>,</strong></span> <span class='ocrx_word' id='word_1_433' title='bbox 2764 3263 2821 3309; x_wconf 92' lang='lat' dir='ltr'><strong>et</strong></span> <span class='ocrx_word' id='word_1_434' title='bbox 2845 3254 3011 3308; x_wconf 84' lang='lat' dir='ltr'><strong>alium</strong></span> <span class='ocrx_word' id='word_1_435' title='bbox 3056 3255 3351 3325; x_wconf 89' lang='lat' dir='ltr'><strong>quemdam</strong></span> <span class='ocrx_word' id='word_1_436' title='bbox 3400 3255 3721 3326; x_wconf 75' lang='lat' dir='ltr'><strong>Byzantium</strong></span> 
     </span>
    </p>
   </div>
   <div class='ocr_carea' id='block_1_64' title="bbox 448 3338 2028 3418">
    <p class='ocr_par' dir='ltr' id='par_1_64' title="bbox 448 3338 2028 3414">
     <span class='ocr_line' id='line_1_64' title="bbox 448 3338 2028 3414; baseline 0.003 -22"><span class='ocrx_word' id='word_1_437' title='bbox 448 3338 720 3409; x_wconf 86' lang='grc' dir='ltr'>μηδεμίαν</span> <span class='ocrx_word' id='word_1_438' title='bbox 755 3341 1038 3410; x_wconf 84' lang='grc' dir='ltr'>πρόφασιν</span> <span class='ocrx_word' id='word_1_439' title='bbox 1084 3343 1224 3412; x_wconf 76' lang='grc' dir='ltr'>πρὸς</span> <span class='ocrx_word' id='word_1_440' title='bbox 1267 3342 1360 3396; x_wconf 77' lang='grc' dir='ltr'><strong>τὸν</strong></span> <span class='ocrx_word' id='word_1_441' title='bbox 1405 3343 1642 3413; x_wconf 87' lang='grc' dir='ltr'>πόλεμον</span> <span class='ocrx_word' id='word_1_442' title='bbox 1675 3346 2028 3414; x_wconf 78' lang='grc' dir='ltr'>παρεσχημέ-</span> 
     </span>
    </p>
   </div>
   <div class='ocr_carea' id='block_1_65' title="bbox 2130 3338 3721 3418">
    <p class='ocr_par' dir='ltr' id='par_1_65' title="bbox 2139 3344 3721 3418">
     <span class='ocr_line' id='line_1_65' title="bbox 2139 3344 3721 3418; baseline 0.002 -19"><span class='ocrx_word' id='word_1_443' title='bbox 2139 3345 2282 3414; x_wconf 88' lang='lat' dir='ltr'><strong>turpi</strong></span> <span class='ocrx_word' id='word_1_444' title='bbox 2311 3344 2554 3399; x_wconf 82' lang='lat' dir='ltr'><strong>convitio</strong></span> <span class='ocrx_word' id='word_1_445' title='bbox 2602 3345 2940 3412; x_wconf 87' lang='lat' dir='ltr'><strong>incessisset,</strong></span> <span class='ocrx_word' id='word_1_446' title='bbox 2981 3360 3108 3400; x_wconf 88' lang='lat' dir='ltr'><strong>eum</strong></span> <span class='ocrx_word' id='word_1_447' title='bbox 3146 3347 3410 3417; x_wconf 69' lang='lat' dir='ltr'><strong>praecepit</strong></span> <span class='ocrx_word' id='word_1_448' title='bbox 3435 3348 3721 3418; x_wconf 81' lang='lat' dir='ltr'><strong>vapulare,</strong></span> 
     </span>
    </p>
   </div>
   <div class='ocr_carea' id='block_1_66' title="bbox 449 3431 2028 3506">
    <p class='ocr_par' dir='ltr' id='par_1_66' title="bbox 449 3431 2028 3506">
     <span class='ocr_line' id='line_1_66' title="bbox 449 3431 2028 3506; baseline 0.003 -24"><span class='ocrx_word' id='word_1_449' title='bbox 449 3447 562 3496; x_wconf 90' lang='grc' dir='ltr'>νον,</span> <span class='ocrx_word' id='word_1_450' title='bbox 606 3431 744 3484; x_wconf 85' lang='grc' dir='ltr'>ἀλλὰ</span> <span class='ocrx_word' id='word_1_451' title='bbox 791 3432 888 3485; x_wconf 71' lang='grc' dir='ltr'><strong>καὶ</strong></span> <span class='ocrx_word' id='word_1_452' title='bbox 939 3433 1110 3486; x_wconf 79' lang='grc' dir='ltr'>πολλὰ</span> <span class='ocrx_word' id='word_1_453' title='bbox 1139 3434 1402 3498; x_wconf 72' lang='grc' dir='ltr'>πολλάκις</span> <span class='ocrx_word' id='word_1_454' title='bbox 1469 3435 1732 3506; x_wconf 81' lang='grc' dir='ltr'>δεηθέντα</span> <span class='ocrx_word' id='word_1_455' title='bbox 1791 3435 2028 3488; x_wconf 85' lang='grc' dir='ltr'>διαλύσε-</span> 
     </span>
    </p>
   </div>
   <div class='ocr_carea' id='block_1_67' title="bbox 2130 3431 3726 3506">
    <p class='ocr_par' dir='ltr' id='par_1_67' title="bbox 2139 3432 3726 3504">
     <span class='ocr_line' id='line_1_67' title="bbox 2139 3432 3726 3504; baseline -0.001 -16"><span class='ocrx_word' id='word_1_456' title='bbox 2139 3433 2391 3503; x_wconf 81' lang='lat' dir='ltr'><strong>dixitque</strong></span> <span class='ocrx_word' id='word_1_457' title='bbox 2436 3432 2766 3487; x_wconf 84' lang='lat' dir='ltr'><strong>mulieribus</strong></span> <span class='ocrx_word' id='word_1_458' title='bbox 2797 3433 3185 3488; x_wconf 73' lang='lat' dir='ltr'><strong>meretricibus</strong></span> <span class='ocrx_word' id='word_1_459' title='bbox 3212 3433 3491 3488; x_wconf 88' lang='lat' dir='ltr'><strong>levitatem</strong></span> <span class='ocrx_word' id='word_1_460' title='bbox 3531 3433 3726 3504; x_wconf 81' lang='lat' dir='ltr'><strong>hujus-</strong></span> 
     </span>
    </p>
   </div>
   <div class='ocr_carea' id='block_1_68' title="bbox 448 3521 2028 3596">
    <p class='ocr_par' dir='ltr' id='par_1_68' title="bbox 448 3521 2028 3596">
     <span class='ocr_line' id='line_1_68' title="bbox 448 3521 2028 3596; baseline 0.001 -20"><span class='ocrx_word' id='word_1_461' title='bbox 448 3521 596 3587; x_wconf 83' lang='grc' dir='ltr'>σθαι,</span> <span class='ocrx_word' id='word_1_462' title='bbox 636 3523 928 3596; x_wconf 86' lang='grc' dir='ltr'>ἀφορισμῷ</span> <span class='ocrx_word' id='word_1_463' title='bbox 957 3524 1224 3579; x_wconf 84' lang='grc' dir='ltr'>ὑπέϐαλεν</span> <span class='ocrx_word' id='word_1_464' title='bbox 1271 3525 1346 3590; x_wconf 83' lang='grc' dir='ltr'>ὡς</span> <span class='ocrx_word' id='word_1_465' title='bbox 1411 3527 1581 3579; x_wconf 77' lang='grc' dir='ltr'>κακὸν</span> <span class='ocrx_word' id='word_1_466' title='bbox 1621 3527 1856 3596; x_wconf 81' lang='grc' dir='ltr'>ὀφθέντα</span> <span class='ocrx_word' id='word_1_467' title='bbox 1905 3528 2028 3596; x_wconf 78' lang='grc' dir='ltr'>περὶ</span> 
     </span>
    </p>
   </div>
   <div class='ocr_carea' id='block_1_69' title="bbox 2130 3521 3419 3596">
    <p class='ocr_par' dir='ltr' id='par_1_69' title="bbox 2139 3523 3419 3595">
     <span class='ocr_line' id='line_1_69' title="bbox 2139 3523 3419 3595; baseline 0 -15"><span class='ocrx_word' id='word_1_468' title='bbox 2139 3524 2354 3580; x_wconf 85' lang='lat' dir='ltr'><strong>cemoai</strong></span> <span class='ocrx_word' id='word_1_469' title='bbox 2387 3524 2711 3590; x_wconf 83' lang='lat' dir='ltr'><strong>convenire,</strong></span> <span class='ocrx_word' id='word_1_470' title='bbox 2747 3523 2902 3579; x_wconf 87' lang='lat' dir='ltr'><strong>viros</strong></span> <span class='ocrx_word' id='word_1_471' title='bbox 2929 3539 3169 3595; x_wconf 76' lang='lat' dir='ltr'><strong>pugnam</strong></span> <span class='ocrx_word' id='word_1_472' title='bbox 3201 3525 3419 3580; x_wconf 88' lang='lat' dir='ltr'><strong>decere.</strong></span> 
     </span>
    </p>
   </div>
   <div class='ocr_carea' id='block_1_70' title="bbox 450 3613 3722 3690">
    <p class='ocr_par' dir='ltr' id='par_1_70' title="bbox 450 3613 3722 3690">
     <span class='ocr_line' id='line_1_70' title="bbox 450 3613 3722 3690; baseline 0.002 -24"><span class='ocrx_word' id='word_1_473' title='bbox 450 3613 731 3685; x_wconf 74' lang='grc' dir='ltr'>βασιλίδα,</span> <span class='ocrx_word' id='word_1_474' title='bbox 783 3617 876 3670; x_wconf 80' lang='grc' dir='ltr'>καὶ</span> <span class='ocrx_word' id='word_1_475' title='bbox 904 3619 959 3671; x_wconf 85' lang='grc' dir='ltr'><strong>εί</strong></span> <span class='ocrx_word' id='word_1_476' title='bbox 984 3635 1070 3679; x_wconf 90' lang='grc' dir='ltr'><strong>τις</strong></span> <span class='ocrx_word' id='word_1_477' title='bbox 1111 3617 1260 3685; x_wconf 74' lang='grc' dir='ltr'>αύτῷ</span> <span class='ocrx_word' id='word_1_478' title='bbox 1288 3619 1498 3690; x_wconf 83' lang='grc' dir='ltr'>συνείη.</span> <span class='ocrx_word' id='word_1_479' title='bbox 1545 3617 1808 3683; x_wconf 82' lang='grc' dir='ltr'>Βασιλεὺς</span> <span class='ocrx_word' id='word_1_480' title='bbox 1838 3618 1894 3672; x_wconf 87' lang='grc' dir='ltr'>δὲ</span> <span class='ocrx_word' id='word_1_481' title='bbox 1919 3621 1946 3672; x_wconf 85' lang='grc' dir='ltr'><strong>ό</strong></span> <span class='ocrx_word' id='word_1_482' title='bbox 1974 3615 2428 3684; x_wconf 82' lang='grc' dir='ltr'>Καντακουζηνὺς</span> <span class='ocrx_word' id='word_1_483' title='bbox 2463 3615 2526 3668; x_wconf 84' lang='grc' dir='ltr'><strong>οὑ</strong></span> <span class='ocrx_word' id='word_1_484' title='bbox 2591 3616 2753 3686; x_wconf 87' lang='grc' dir='ltr'>μόνον</span> <span class='ocrx_word' id='word_1_485' title='bbox 2802 3616 2967 3680; x_wconf 81' lang='grc' dir='ltr'>αὐτὸς</span> <span class='ocrx_word' id='word_1_486' title='bbox 3005 3615 3417 3671; x_wconf 83' lang='grc' dir='ltr'>τάναντιώτατα</span> <span class='ocrx_word' id='word_1_487' title='bbox 3466 3617 3722 3688; x_wconf 85' lang='grc' dir='ltr'>ἐφαίνετο</span> 
     </span>
    </p>
   </div>
   <div class='ocr_carea' id='block_1_71' title="bbox 447 3709 3852 3785">
    <p class='ocr_par' dir='ltr' id='par_1_71' title="bbox 447 3709 3852 3785">
     <span class='ocr_line' id='line_1_71' title="bbox 447 3709 3852 3785; baseline 0.001 -25"><span class='ocrx_word' id='word_1_488' title='bbox 447 3710 638 3772; x_wconf 84' lang='grc' dir='ltr'>ποιῶν,</span> <span class='ocrx_word' id='word_1_489' title='bbox 665 3710 801 3763; x_wconf 83' lang='grc' dir='ltr'>ἀλλὰ</span> <span class='ocrx_word' id='word_1_490' title='bbox 835 3711 926 3764; x_wconf 67' lang='grc' dir='ltr'>καὶ</span> <span class='ocrx_word' id='word_1_491' title='bbox 953 3713 1082 3774; x_wconf 83' lang='grc' dir='ltr'>τοὺς</span> <span class='ocrx_word' id='word_1_492' title='bbox 1126 3713 1390 3775; x_wconf 86' lang='grc' dir='ltr'>συνόντας</span> <span class='ocrx_word' id='word_1_493' title='bbox 1421 3713 1754 3765; x_wconf 81' lang='grc' dir='ltr'>ἀναπείθων.</span> <span class='ocrx_word' id='word_1_494' title='bbox 1822 3713 1898 3766; x_wconf 87' lang='grc' dir='ltr'>ού</span> <span class='ocrx_word' id='word_1_495' title='bbox 1937 3711 2046 3785; x_wconf 72' lang='grc' dir='ltr'><strong>γάρ</strong></span> <span class='ocrx_word' id='word_1_496' title='bbox 2090 3711 2254 3782; x_wconf 81' lang='grc' dir='ltr'>μόνον</span> <span class='ocrx_word' id='word_1_497' title='bbox 2299 3709 2551 3780; x_wconf 77' lang='grc' dir='ltr'>βασιλίδα</span> <span class='ocrx_word' id='word_1_498' title='bbox 2583 3710 2638 3763; x_wconf 84' lang='grc' dir='ltr'>ετ</span> <span class='ocrx_word' id='word_1_499' title='bbox 2667 3726 2799 3763; x_wconf 88' lang='grc' dir='ltr'>ποτε</span> <span class='ocrx_word' id='word_1_500' title='bbox 2847 3710 2958 3764; x_wconf 70' lang='grc' dir='ltr'>ἔδει</span> <span class='ocrx_word' id='word_1_501' title='bbox 2994 3709 3387 3783; x_wconf 82' lang='grc' dir='ltr'>μνημονεύειν,</span> <span class='ocrx_word' id='word_1_502' title='bbox 3422 3710 3511 3764; x_wconf 83' lang='grc' dir='ltr'>διὰ</span> <span class='ocrx_word' id='word_1_503' title='bbox 3539 3711 3724 3782; x_wconf 82' lang='grc' dir='ltr'>πάσης</span> <span class='ocrx_word' id='word_1_504' title='bbox 3829 3727 3852 3744; x_wconf 77' lang='grc'><strong>’-</strong></span> 
     </span>
    </p>
   </div>
   <div class='ocr_carea' id='block_1_72' title="bbox 447 3803 3722 3880">
    <p class='ocr_par' dir='ltr' id='par_1_72' title="bbox 447 3803 3722 3880">
     <span class='ocr_line' id='line_1_72' title="bbox 447 3803 3722 3880; baseline 0.001 -20"><span class='ocrx_word' id='word_1_505' title='bbox 447 3808 728 3876; x_wconf 78' lang='grc' dir='ltr'>εὐφημίας</span> <span class='ocrx_word' id='word_1_506' title='bbox 781 3803 938 3880; x_wconf 81' lang='grc' dir='ltr'>ἦγεν,</span> <span class='ocrx_word' id='word_1_507' title='bbox 988 3809 1125 3863; x_wconf 71' lang='grc' dir='ltr'>ἀλλὰ</span> <span class='ocrx_word' id='word_1_508' title='bbox 1179 3809 1276 3863; x_wconf 77' lang='grc' dir='ltr'><strong>καὶ</strong></span> <span class='ocrx_word' id='word_1_509' title='bbox 1332 3810 1461 3874; x_wconf 81' lang='grc' dir='ltr'>τοὺς</span> <span class='ocrx_word' id='word_1_510' title='bbox 1519 3809 1713 3874; x_wconf 79' lang='grc' dir='ltr'>ἄλλους</span> <span class='ocrx_word' id='word_1_511' title='bbox 1762 3810 1872 3863; x_wconf 75' lang='grc' dir='ltr'><strong>ἀπὸ</strong></span> <span class='ocrx_word' id='word_1_512' title='bbox 1918 3809 2032 3863; x_wconf 87' lang='grc' dir='ltr'><strong>τῶν</strong></span> <span class='ocrx_word' id='word_1_513' title='bbox 2069 3807 2404 3878; x_wconf 81' lang='grc' dir='ltr'>ἀξιωμάτων</span> <span class='ocrx_word' id='word_1_514' title='bbox 2477 3805 2702 3875; x_wconf 77' lang='grc' dir='ltr'>μᾶλλον,</span> <span class='ocrx_word' id='word_1_515' title='bbox 2765 3807 2798 3878; x_wconf 76' lang='grc' dir='ltr'>ἢ</span> <span class='ocrx_word' id='word_1_516' title='bbox 2843 3808 2952 3861; x_wconf 88' lang='grc' dir='ltr'><strong>τῶν</strong></span> <span class='ocrx_word' id='word_1_517' title='bbox 2996 3808 3281 3879; x_wconf 82' lang='grc' dir='ltr'>ὀνομάτων</span> <span class='ocrx_word' id='word_1_518' title='bbox 3321 3810 3722 3880; x_wconf 84' lang='grc' dir='ltr'>προσηγόρευε,</span> 
     </span>
    </p>
   </div>
   <div class='ocr_carea' id='block_1_73' title="bbox 447 3902 3725 3976">
    <p class='ocr_par' dir='ltr' id='par_1_73' title="bbox 447 3902 3725 3976">
     <span class='ocr_line' id='line_1_73' title="bbox 447 3902 3725 3976; baseline 0.001 -21"><span class='ocrx_word' id='word_1_519' title='bbox 447 3903 558 3956; x_wconf 82' lang='grc' dir='ltr'><strong>τῶν</strong></span> <span class='ocrx_word' id='word_1_520' title='bbox 599 3905 656 3970; x_wconf 79' lang='grc' dir='ltr'>ἐξ</span> <span class='ocrx_word' id='word_1_521' title='bbox 701 3905 1039 3975; x_wconf 70' lang='grc' dir='ltr'>Ἀνδρονίκου</span> <span class='ocrx_word' id='word_1_522' title='bbox 1095 3905 1276 3974; x_wconf 81' lang='grc' dir='ltr'>μέντοι</span> <span class='ocrx_word' id='word_1_523' title='bbox 1330 3905 1423 3958; x_wconf 80' lang='grc' dir='ltr'>τοῦ</span> <span class='ocrx_word' id='word_1_524' title='bbox 1476 3905 1745 3976; x_wconf 86' lang='grc' dir='ltr'>βασιλέως</span> <span class='ocrx_word' id='word_1_525' title='bbox 1794 3906 2016 3974; x_wconf 86' lang='grc' dir='ltr'>ἐκάστῳ</span> <span class='ocrx_word' id='word_1_526' title='bbox 2078 3903 2498 3974; x_wconf 87' lang='grc' dir='ltr'>δεδωρημένων,</span> <span class='ocrx_word' id='word_1_527' title='bbox 2570 3904 2694 3956; x_wconf 77' lang='grc' dir='ltr'>ἐπεὶ</span> <span class='ocrx_word' id='word_1_528' title='bbox 2741 3903 2852 3957; x_wconf 85' lang='grc' dir='ltr'><strong>τῶν</strong></span> <span class='ocrx_word' id='word_1_529' title='bbox 2907 3902 3138 3975; x_wconf 75' lang='grc' dir='ltr'>ὕστερον</span> <span class='ocrx_word' id='word_1_530' title='bbox 3211 3905 3286 3969; x_wconf 84' lang='grc' dir='ltr'>ὡς</span> <span class='ocrx_word' id='word_1_531' title='bbox 3366 3904 3518 3974; x_wconf 82' lang='grc' dir='ltr'>παρὰ</span> <span class='ocrx_word' id='word_1_532' title='bbox 3564 3905 3725 3974; x_wconf 85' lang='grc' dir='ltr'>δίκην</span> 
     </span>
    </p>
   </div>
   <div class='ocr_carea' id='block_1_74' title="bbox 448 3999 3726 4076">
    <p class='ocr_par' dir='ltr' id='par_1_74' title="bbox 448 3999 3726 4076">
     <span class='ocr_line' id='line_1_74' title="bbox 448 3999 3726 4076; baseline 0 -22"><span class='ocrx_word' id='word_1_533' title='bbox 448 4004 838 4072; x_wconf 61' lang='grc' dir='ltr'>γεγενημένων</span> <span class='ocrx_word' id='word_1_534' title='bbox 883 4005 952 4057; x_wconf 84' lang='grc' dir='ltr'><strong>τά</strong></span> <span class='ocrx_word' id='word_1_535' title='bbox 1001 4002 1176 4056; x_wconf 73' lang='grc' dir='ltr'>πολλὰ</span> <span class='ocrx_word' id='word_1_536' title='bbox 1219 4004 1554 4076; x_wconf 83' lang='grc' dir='ltr'>ἁπέστεργε.</span> <span class='ocrx_word' id='word_1_537' title='bbox 1625 4004 1749 4059; x_wconf 87' lang='grc' dir='ltr'><strong>Τῶν</strong></span> <span class='ocrx_word' id='word_1_538' title='bbox 1800 4004 2071 4058; x_wconf 87' lang='grc' dir='ltr'>συνόντων</span> <span class='ocrx_word' id='word_1_539' title='bbox 2109 4002 2167 4056; x_wconf 80' lang='grc' dir='ltr'>δὲ</span> <span class='ocrx_word' id='word_1_540' title='bbox 2238 4000 2330 4054; x_wconf 84' lang='grc' dir='ltr'>ἐπ’</span> <span class='ocrx_word' id='word_1_541' title='bbox 2375 3999 2540 4053; x_wconf 82' lang='grc' dir='ltr'>αὐτοῦ</span> <span class='ocrx_word' id='word_1_542' title='bbox 2581 4017 2724 4063; x_wconf 88' lang='grc' dir='ltr'>τινος</span> <span class='ocrx_word' id='word_1_543' title='bbox 2775 4000 2868 4054; x_wconf 77' lang='grc' dir='ltr'><strong>τὸν</strong></span> <span class='ocrx_word' id='word_1_544' title='bbox 2915 4001 3420 4072; x_wconf 86' lang='grc' dir='ltr'>παρακοιμώμενον</span> <span class='ocrx_word' id='word_1_545' title='bbox 3466 4003 3562 4055; x_wconf 82' lang='grc' dir='ltr'>καὶ</span> <span class='ocrx_word' id='word_1_546' title='bbox 3605 4001 3726 4054; x_wconf 76' lang='grc' dir='ltr'>ἐτε-</span> 
     </span>
    </p>
   </div>
   <div class='ocr_carea' id='block_1_75' title="bbox 453 4095 3727 4171">
    <p class='ocr_par' dir='ltr' id='par_1_75' title="bbox 453 4095 3727 4171">
     <span class='ocr_line' id='line_1_75' title="bbox 453 4095 3727 4171; baseline 0 -21"><span class='ocrx_word' id='word_1_547' title='bbox 453 4100 544 4166; x_wconf 79' lang='grc' dir='ltr'><strong>ρόν</strong></span> <span class='ocrx_word' id='word_1_548' title='bbox 596 4115 718 4152; x_wconf 85' lang='grc' dir='ltr'>τινα</span> <span class='ocrx_word' id='word_1_549' title='bbox 765 4104 877 4155; x_wconf 82' lang='grc' dir='ltr'><strong>τῶν</strong></span> <span class='ocrx_word' id='word_1_550' title='bbox 928 4101 987 4154; x_wconf 89' lang='grc' dir='ltr'><strong>ἐν</strong></span> <span class='ocrx_word' id='word_1_551' title='bbox 1045 4100 1325 4170; x_wconf 78' lang='grc' dir='ltr'>Βυζαντίῳ</span> <span class='ocrx_word' id='word_1_552' title='bbox 1400 4100 1730 4169; x_wconf 81' lang='grc' dir='ltr'>ὑϐρίσαντος</span> <span class='ocrx_word' id='word_1_553' title='bbox 1788 4100 2062 4171; x_wconf 73' lang='grc' dir='ltr'>αἰσχρῶς,</span> <span class='ocrx_word' id='word_1_554' title='bbox 2124 4098 2386 4153; x_wconf 79' lang='grc' dir='ltr'>ἐκέλευσε</span> <span class='ocrx_word' id='word_1_555' title='bbox 2453 4095 2828 4169; x_wconf 81' lang='grc' dir='ltr'>τυπτηθῆναι,</span> <span class='ocrx_word' id='word_1_556' title='bbox 2882 4097 3104 4166; x_wconf 78' lang='grc' dir='ltr'>γυναιξὶ</span> <span class='ocrx_word' id='word_1_557' title='bbox 3162 4099 3406 4170; x_wconf 77' lang='grc' dir='ltr'>φάμενος</span> <span class='ocrx_word' id='word_1_558' title='bbox 3462 4113 3727 4171; x_wconf 83' lang='grc' dir='ltr'>πορνευο-</span> 
     </span>
    </p>
   </div>
   <div class='ocr_carea' id='block_1_76' title="bbox 454 4195 2221 4270">
    <p class='ocr_par' dir='ltr' id='par_1_76' title="bbox 454 4195 2221 4270">
     <span class='ocr_line' id='line_1_76' title="bbox 454 4195 2221 4270; baseline 0 -21"><span class='ocrx_word' id='word_1_559' title='bbox 454 4195 645 4265; x_wconf 79' lang='grc' dir='ltr'>μέναις</span> <span class='ocrx_word' id='word_1_560' title='bbox 696 4198 997 4270; x_wconf 81' lang='grc' dir='ltr'>προσήκειν</span> <span class='ocrx_word' id='word_1_561' title='bbox 1043 4197 1114 4252; x_wconf 85' lang='grc' dir='ltr'>τὰ</span> <span class='ocrx_word' id='word_1_562' title='bbox 1166 4196 1416 4265; x_wconf 82' lang='grc' dir='ltr'>τοιαῦτα,</span> <span class='ocrx_word' id='word_1_563' title='bbox 1445 4197 1679 4269; x_wconf 80' lang='grc' dir='ltr'>ἀνδράσι</span> <span class='ocrx_word' id='word_1_564' title='bbox 1713 4197 1772 4252; x_wconf 84' lang='grc' dir='ltr'>δὲ</span> <span class='ocrx_word' id='word_1_565' title='bbox 1822 4198 1884 4252; x_wconf 80' lang='grc' dir='ltr'>τὸ</span> <span class='ocrx_word' id='word_1_566' title='bbox 1921 4197 2221 4268; x_wconf 85' lang='grc' dir='ltr'>μάχεσθαι.</span> 
     </span>
    </p>
   </div>
   <div class='ocr_carea' id='block_1_77' title="bbox 1857 4310 2322 4370">
    <p class='ocr_par' dir='ltr' id='par_1_77' title="bbox 1857 4310 2322 4370">
     <span class='ocr_line' id='line_1_77' title="bbox 1857 4310 2322 4370; baseline 0.004 -3"><span class='ocrx_word' id='word_1_567' title='bbox 1857 4310 2087 4368; x_wconf 88' lang='lat' dir='ltr'><strong>CAPUT</strong></span> <span class='ocrx_word' id='word_1_568' title='bbox 2128 4311 2322 4370; x_wconf 77' lang='lat' dir='ltr'><strong>XXXI.</strong></span> 
     </span>
    </p>
   </div>
   <div class='ocr_carea' id='block_1_78' title="bbox 455 4429 3720 4504">
    <p class='ocr_par' dir='ltr' id='par_1_78' title="bbox 455 4429 3720 4504">
     <span class='ocr_line' id='line_1_78' title="bbox 455 4429 3720 4504; baseline -0 -18"><span class='ocrx_word' id='word_1_569' title='bbox 455 4431 642 4488; x_wconf 79' lang='lat' dir='ltr'><strong>Tribus</strong></span> <span class='ocrx_word' id='word_1_570' title='bbox 681 4435 939 4504; x_wconf 72' lang='lat' dir='ltr'><strong>prwfectis</strong></span> <span class='ocrx_word' id='word_1_571' title='bbox 965 4449 1019 4487; x_wconf 82' lang='lat' dir='ltr'><strong>se</strong></span> <span class='ocrx_word' id='word_1_572' title='bbox 1052 4442 1246 4504; x_wconf 71' lang='lat' dir='ltr'><strong>purgat</strong></span> <span class='ocrx_word' id='word_1_573' title='bbox 1279 4432 1683 4488; x_wconf 74' lang='lat' dir='ltr'><strong>Cantacuzenus</strong></span> <span class='ocrx_word' id='word_1_574' title='bbox 1721 4433 1784 4487; x_wconf 87' lang='lat' dir='ltr'><strong>de</strong></span> <span class='ocrx_word' id='word_1_575' title='bbox 1819 4440 2029 4504; x_wconf 79' lang='lat' dir='ltr'><strong>accepto</strong></span> <span class='ocrx_word' id='word_1_576' title='bbox 2056 4432 2278 4504; x_wconf 85' lang='lat' dir='ltr'><strong>imperio</strong></span> <span class='ocrx_word' id='word_1_577' title='bbox 2313 4442 2361 4486; x_wconf 90' lang='lat' dir='ltr'><strong>et</strong></span> <span class='ocrx_word' id='word_1_578' title='bbox 2403 4432 2644 4504; x_wconf 71' lang='lat' dir='ltr'><strong>consitio</strong></span> <span class='ocrx_word' id='word_1_579' title='bbox 2669 4447 2772 4486; x_wconf 88' lang='lat' dir='ltr'><strong>non</strong></span> <span class='ocrx_word' id='word_1_580' title='bbox 2828 4433 3240 4504; x_wconf 61' lang='lat' dir='ltr'><strong>communicato.</strong></span> <span class='ocrx_word' id='word_1_581' title='bbox 3299 4429 3491 4504; x_wconf 72' lang='lat' dir='ltr'><strong>omnes</strong></span> <span class='ocrx_word' id='word_1_582' title='bbox 3514 4434 3720 4504; x_wconf 75' lang='lat' dir='ltr'><strong>pﬁ&#39;enei,</strong></span> 
     </span>
    </p>
   </div>
   <div class='ocr_carea' id='block_1_79' title="bbox 521 4501 3724 4575">
    <p class='ocr_par' dir='ltr' id='par_1_79' title="bbox 521 4501 3724 4575">
     <span class='ocr_line' id='line_1_79' title="bbox 521 4501 3724 4575; baseline -0.001 -19"><span class='ocrx_word' id='word_1_583' title='bbox 521 4501 827 4560; x_wconf 75' lang='lat' dir='ltr'><strong>societatem</strong></span> <span class='ocrx_word' id='word_1_584' title='bbox 881 4501 1172 4558; x_wconf 47' lang='lat' dir='ltr'><strong>recusantf</strong></span> <span class='ocrx_word' id='word_1_585' title='bbox 1207 4502 1400 4575; x_wconf 80' lang='lat' dir='ltr'><strong>Syrges</strong></span> <span class='ocrx_word' id='word_1_586' title='bbox 1429 4504 1712 4575; x_wconf 80' lang='lat' dir='ltr'><strong>_iniquior,</strong></span> <span class='ocrx_word' id='word_1_587' title='bbox 1767 4503 1909 4574; x_wconf 86' lang='lat' dir='ltr'><strong>apud</strong></span> <span class='ocrx_word' id='word_1_588' title='bbox 1943 4501 2158 4557; x_wconf 78' lang='lat' dir='ltr'><strong>Pheras</strong></span> <span class='ocrx_word' id='word_1_589' title='bbox 2214 4503 2448 4575; x_wconf 60' lang='lat' dir='ltr'><strong>ejuegem</strong></span> <span class='ocrx_word' id='word_1_590' title='bbox 2499 4501 2780 4575; x_wconf 74' lang='lat' dir='ltr'><strong>facultates</strong></span> <span class='ocrx_word' id='word_1_591' title='bbox 2816 4502 3040 4575; x_wconf 82' lang='lat' dir='ltr'><strong>invadit.</strong></span> <span class='ocrx_word' id='word_1_592' title='bbox 3084 4503 3219 4574; x_wconf 80' lang='lat' dir='ltr'><strong>Ejus</strong></span> <span class='ocrx_word' id='word_1_593' title='bbox 3259 4503 3454 4575; x_wconf 78' lang='lat' dir='ltr'><strong>amicos</strong></span> <span class='ocrx_word' id='word_1_594' title='bbox 3497 4501 3724 4575; x_wconf 76' lang='lat' dir='ltr'><strong>fortunis</strong></span> 
     </span>
    </p>
   </div>
   <div class='ocr_carea' id='block_1_80' title="bbox 522 4571 3722 4642">
    <p class='ocr_par' dir='ltr' id='par_1_80' title="bbox 522 4571 3722 4642">
     <span class='ocr_line' id='line_1_80' title="bbox 522 4571 3722 4642; baseline -0.001 -14"><span class='ocrx_word' id='word_1_595' title='bbox 522 4575 715 4642; x_wconf 77' lang='lat' dir='ltr'><strong>spoliat</strong></span> <span class='ocrx_word' id='word_1_596' title='bbox 748 4583 796 4630; x_wconf 88' lang='lat' dir='ltr'><strong>et</strong></span> <span class='ocrx_word' id='word_1_597' title='bbox 824 4577 1132 4631; x_wconf 82' lang='lat' dir='ltr'><strong>immaniter</strong></span> <span class='ocrx_word' id='word_1_598' title='bbox 1161 4571 1379 4630; x_wconf 57' lang='lat' dir='ltr'><strong>tractat.</strong></span> <span class='ocrx_word' id='word_1_599' title='bbox 1418 4571 1987 4628; x_wconf 55' lang='lat' dir='ltr'><strong>Protostrator&#39;mutat</strong></span> <span class='ocrx_word' id='word_1_600' title='bbox 2019 4571 2250 4627; x_wconf 72' lang='lat' dir='ltr'><strong>menteni</strong></span> <span class='ocrx_word' id='word_1_601' title='bbox 2266 4590 2284 4633; x_wconf 82' lang='lat'><strong><em>;</em></strong></span> <span class='ocrx_word' id='word_1_602' title='bbox 2316 4571 2744 4642; x_wconf 73' lang='lat' dir='ltr'><strong>Thessalonicam</strong></span> <span class='ocrx_word' id='word_1_603' title='bbox 2766 4587 2820 4625; x_wconf 80' lang='lat' dir='ltr'><strong>se</strong></span> <span class='ocrx_word' id='word_1_604' title='bbox 2842 4571 3169 4628; x_wconf 75' lang='lat' dir='ltr'><strong>traditurum</strong></span> <span class='ocrx_word' id='word_1_605' title='bbox 3201 4574 3480 4642; x_wconf 74' lang='lat' dir='ltr'><strong>promittit.</strong></span> <span class='ocrx_word' id='word_1_606' title='bbox 3507 4573 3722 4627; x_wconf 79' lang='lat' dir='ltr'><strong>Cltreles</strong></span> 
     </span>
    </p>
   </div>
   <div class='ocr_carea' id='block_1_81' title="bbox 557 4641 3723 4714">
    <p class='ocr_par' dir='ltr' id='par_1_81' title="bbox 557 4641 3723 4714">
     <span class='ocr_line' id='line_1_81' title="bbox 557 4641 3723 4714; baseline -0.001 -16"><span class='ocrx_word' id='word_1_607' title='bbox 557 4643 788 4700; x_wconf 74' lang='lat' dir='ltr'><strong>&#39;riballus</strong></span> <span class='ocrx_word' id='word_1_608' title='bbox 824 4653 872 4698; x_wconf 87' lang='lat' dir='ltr'><strong>et</strong></span> <span class='ocrx_word' id='word_1_609' title='bbox 907 4647 1129 4710; x_wconf 76' lang='lat' dir='ltr'><strong>amicus,</strong></span> <span class='ocrx_word' id='word_1_610' title='bbox 1165 4643 1596 4700; x_wconf 81' lang='lat' dir='ltr'><strong>Cantacuzenum</strong></span> <span class='ocrx_word' id='word_1_611' title='bbox 1623 4644 1691 4698; x_wconf 86' lang='lat' dir='ltr'><strong>ad</strong></span> <span class='ocrx_word' id='word_1_612' title='bbox 1714 4643 2044 4700; x_wconf 83' lang='lat' dir='ltr'><strong>Occidentem</strong></span> <span class='ocrx_word' id='word_1_613' title='bbox 2076 4644 2285 4699; x_wconf 79' lang='lat' dir='ltr'><strong>invitat.</strong></span> <span class='ocrx_word' id='word_1_614' title='bbox 2323 4644 2654 4700; x_wconf 79' lang='lat' dir='ltr'><strong>Consultatio</strong></span> <span class='ocrx_word' id='word_1_615' title='bbox 2683 4641 2786 4714; x_wconf 83' lang='lat' dir='ltr'><strong>quo</strong></span> <span class='ocrx_word' id='word_1_616' title='bbox 2819 4643 3068 4709; x_wconf 83' lang='lat' dir='ltr'><strong>eundum,</strong></span> <span class='ocrx_word' id='word_1_617' title='bbox 3123 4653 3171 4696; x_wconf 89' lang='lat' dir='ltr'><strong>et</strong></span> <span class='ocrx_word' id='word_1_618' title='bbox 3201 4641 3396 4713; x_wconf 71' lang='lat' dir='ltr'><strong>duplex</strong></span> <span class='ocrx_word' id='word_1_619' title='bbox 3424 4644 3723 4708; x_wconf 79' lang='lat' dir='ltr'><strong>sententia;</strong></span> 
     </span>
    </p>
   </div>
   <div class='ocr_carea' id='block_1_82' title="bbox 518 4716 1452 4786">
    <p class='ocr_par' dir='ltr' id='par_1_82' title="bbox 518 4716 1452 4786">
     <span class='ocr_line' id='line_1_82' title="bbox 518 4716 1452 4786; baseline 0.004 -18"><span class='ocrx_word' id='word_1_620' title='bbox 518 4717 796 4783; x_wconf 74' lang='lat' dir='ltr'><strong>posteriori</strong></span> <span class='ocrx_word' id='word_1_621' title='bbox 824 4716 1111 4771; x_wconf 70' lang='lat' dir='ltr'><strong>mentitur</strong></span> <span class='ocrx_word' id='word_1_622' title='bbox 1137 4717 1452 4786; x_wconf 85' lang='lat' dir='ltr'><strong>imperator.</strong></span> 
     </span>
    </p>
   </div>
   <div class='ocr_carea' id='block_1_83' title="bbox 526 4856 2028 4931">
    <p class='ocr_par' dir='ltr' id='par_1_83' title="bbox 526 4856 2026 4930">
     <span class='ocr_line' id='line_1_83' title="bbox 526 4856 2026 4930; baseline -0.001 -17"><span class='ocrx_word' id='word_1_623' title='bbox 526 4859 668 4928; x_wconf 72' lang='grc' dir='ltr'>Πρὸς</span> <span class='ocrx_word' id='word_1_624' title='bbox 702 4857 886 4928; x_wconf 86' lang='grc' dir='ltr'>μέντοι</span> <span class='ocrx_word' id='word_1_625' title='bbox 916 4858 1011 4912; x_wconf 77' lang='grc' dir='ltr'><strong>τὸν</strong></span> <span class='ocrx_word' id='word_1_626' title='bbox 1035 4856 1276 4929; x_wconf 79' lang='grc' dir='ltr'>ἔπαρχον</span> <span class='ocrx_word' id='word_1_627' title='bbox 1314 4857 1407 4911; x_wconf 75' lang='grc' dir='ltr'><strong>τὸν</strong></span> <span class='ocrx_word' id='word_1_628' title='bbox 1450 4858 1782 4927; x_wconf 82' lang='grc' dir='ltr'>Μονομάχον</span> <span class='ocrx_word' id='word_1_629' title='bbox 1811 4859 2026 4930; x_wconf 85' lang='grc' dir='ltr'>ἐπιτρο-</span> 
     </span>
    </p>
   </div>
   <div class='ocr_carea' id='block_1_84' title="bbox 2130 4856 3721 4931">
    <p class='ocr_par' dir='ltr' id='par_1_84' title="bbox 2207 4858 3721 4931">
     <span class='ocr_line' id='line_1_84' title="bbox 2207 4858 3721 4931; baseline -0.004 -15"><span class='ocrx_word' id='word_1_630' title='bbox 2207 4859 2481 4916; x_wconf 82' lang='lat' dir='ltr'><strong>Caeterqu</strong></span> <span class='ocrx_word' id='word_1_631' title='bbox 2513 4859 2579 4914; x_wconf 89' lang='lat' dir='ltr'><strong>ad</strong></span> <span class='ocrx_word' id='word_1_632' title='bbox 2613 4859 2911 4916; x_wconf 74' lang='lat' dir='ltr'><strong>Thessaliae</strong></span> <span class='ocrx_word' id='word_1_633' title='bbox 2941 4868 3234 4931; x_wconf 63' lang='lat' dir='ltr'><strong>prtetorem</strong></span> <span class='ocrx_word' id='word_1_634' title='bbox 3275 4858 3721 4920; x_wconf 81' lang='lat' dir='ltr'><strong>Monomachum,</strong></span> 
     </span>
    </p>
   </div>
   <div class='ocr_carea' id='block_1_85' title="bbox 451 4951 2033 5024">
    <p class='ocr_par' dir='ltr' id='par_1_85' title="bbox 451 4951 2033 5024">
     <span class='ocr_line' id='line_1_85' title="bbox 451 4951 2033 5024; baseline 0.001 -20"><span class='ocrx_word' id='word_1_635' title='bbox 451 4952 690 5005; x_wconf 88' lang='grc' dir='ltr'>πεύοντα</span> <span class='ocrx_word' id='word_1_636' title='bbox 720 4951 1050 5017; x_wconf 82' lang='grc' dir='ltr'>Θεσσαλίας,</span> <span class='ocrx_word' id='word_1_637' title='bbox 1077 4951 1174 5005; x_wconf 76' lang='grc' dir='ltr'>καὶ</span> <span class='ocrx_word' id='word_1_638' title='bbox 1204 4951 1508 5022; x_wconf 85' lang='grc' dir='ltr'>Συναδηνὸν</span> <span class='ocrx_word' id='word_1_639' title='bbox 1536 4952 1625 5005; x_wconf 77' lang='grc' dir='ltr'><strong>τὸν</strong></span> <span class='ocrx_word' id='word_1_640' title='bbox 1668 4953 2033 5024; x_wconf 84' lang='grc' dir='ltr'>πρωτοστρά-</span> 
     </span>
    </p>
   </div>
   <div class='ocr_carea' id='block_1_86' title="bbox 450 5043 2036 5119">
    <p class='ocr_par' dir='ltr' id='par_1_86' title="bbox 450 5043 2036 5119">
     <span class='ocr_line' id='line_1_86' title="bbox 450 5043 2036 5119; baseline -0.001 -20"><span class='ocrx_word' id='word_1_641' title='bbox 450 5064 588 5119; x_wconf 87' lang='grc' dir='ltr'>τορα</span> <span class='ocrx_word' id='word_1_642' title='bbox 664 5045 1074 5116; x_wconf 80' lang='grc' dir='ltr'>Θεσσαλονίκης</span> <span class='ocrx_word' id='word_1_643' title='bbox 1144 5045 1268 5098; x_wconf 88' lang='grc' dir='ltr'>τότε</span> <span class='ocrx_word' id='word_1_644' title='bbox 1345 5045 1608 5115; x_wconf 73' lang='grc' dir='ltr'>ἄρχοντα,</span> <span class='ocrx_word' id='word_1_645' title='bbox 1666 5048 1762 5100; x_wconf 77' lang='grc' dir='ltr'><strong>καὶ</strong></span> <span class='ocrx_word' id='word_1_646' title='bbox 1814 5043 2036 5116; x_wconf 83' lang='grc' dir='ltr'>Συργὴν</span> 
     </span>
    </p>
   </div>
   <div class='ocr_carea' id='block_1_87' title="bbox 451 5122 2039 5208">
    <p class='ocr_par' dir='ltr' id='par_1_87' title="bbox 451 5122 2039 5208">
     <span class='ocr_line' id='line_1_87' title="bbox 451 5122 2039 5208; baseline -0.001 -14"><span class='ocrx_word' id='word_1_647' title='bbox 451 5139 844 5204; x_wconf 79' lang='grc' dir='ltr'>Ντελενουζίας</span> <span class='ocrx_word' id='word_1_648' title='bbox 874 5137 964 5191; x_wconf 75' lang='grc' dir='ltr'><strong>τὸν</strong></span> <span class='ocrx_word' id='word_1_649' title='bbox 996 5136 1261 5208; x_wconf 85' lang='grc' dir='ltr'>βασιλέως</span> <span class='ocrx_word' id='word_1_650' title='bbox 1301 5122 1647 5208; x_wconf 76' lang='grc' dir='ltr'>Ἀνδρονίκου</span> <span class='ocrx_word' id='word_1_651' title='bbox 1675 5137 1921 5208; x_wconf 77' lang='grc' dir='ltr'>ἀνεψιὸν,</span> <span class='ocrx_word' id='word_1_652' title='bbox 1944 5137 2039 5192; x_wconf 79' lang='grc' dir='ltr'><strong>τὸν</strong></span> 
     </span>
    </p>
   </div>
   <div class='ocr_carea' id='block_1_88' title="bbox 454 5223 2037 5302">
    <p class='ocr_par' dir='ltr' id='par_1_88' title="bbox 454 5223 2037 5302">
     <span class='ocr_line' id='line_1_88' title="bbox 454 5223 2037 5302; baseline -0.002 -18"><span class='ocrx_word' id='word_1_653' title='bbox 454 5230 683 5301; x_wconf 78' lang='grc' dir='ltr'>Κύπρου</span> <span class='ocrx_word' id='word_1_654' title='bbox 715 5228 882 5300; x_wconf 52' lang='lat' dir='ltr'><strong>pws;</strong></span> <span class='ocrx_word' id='word_1_655' title='bbox 916 5230 1054 5296; x_wconf 80' lang='grc' dir='ltr'>υἱὸν,</span> <span class='ocrx_word' id='word_1_656' title='bbox 1098 5227 1287 5299; x_wconf 80' lang='grc' dir='ltr'>Φερῶν</span> <span class='ocrx_word' id='word_1_657' title='bbox 1327 5228 1423 5282; x_wconf 69' lang='grc' dir='ltr'>καὶ</span> <span class='ocrx_word' id='word_1_658' title='bbox 1475 5229 1650 5302; x_wconf 32' lang='grc' dir='ltr'>αὑτὸν,</span> <span class='ocrx_word' id='word_1_659' title='bbox 1680 5230 1941 5301; x_wconf 77' lang='grc' dir='ltr'>ἄρχοντα,</span> <span class='ocrx_word' id='word_1_660' title='bbox 1974 5223 2037 5282; x_wconf 74' lang='grc' dir='ltr'>οὗ</span> 
     </span>
    </p>
   </div>
   <div class='ocr_carea' id='block_1_89' title="bbox 455 5319 2038 5393">
    <p class='ocr_par' dir='ltr' id='par_1_89' title="bbox 455 5319 2038 5393">
     <span class='ocr_line' id='line_1_89' title="bbox 455 5319 2038 5393; baseline -0.002 -17"><span class='ocrx_word' id='word_1_661' title='bbox 455 5323 553 5377; x_wconf 79' lang='grc' dir='ltr'>καὶ</span> <span class='ocrx_word' id='word_1_662' title='bbox 597 5321 696 5392; x_wconf 86' lang='grc' dir='ltr'>τὴν</span> <span class='ocrx_word' id='word_1_663' title='bbox 748 5321 1029 5393; x_wconf 80' lang='grc' dir='ltr'>θυγατέρα</span> <span class='ocrx_word' id='word_1_664' title='bbox 1067 5320 1164 5374; x_wconf 82' lang='grc' dir='ltr'>τοῦ</span> <span class='ocrx_word' id='word_1_665' title='bbox 1208 5319 1476 5390; x_wconf 87' lang='grc' dir='ltr'>βασιλέως</span> <span class='ocrx_word' id='word_1_666' title='bbox 1527 5320 1877 5392; x_wconf 82' lang='grc' dir='ltr'>Ἀνδρονίκου</span> <span class='ocrx_word' id='word_1_667' title='bbox 1936 5338 2038 5374; x_wconf 87' lang='grc' dir='ltr'>πε-</span> 
     </span>
    </p>
   </div>
   <div class='ocr_carea' id='block_1_90' title="bbox 460 5411 2034 5487">
    <p class='ocr_par' dir='ltr' id='par_1_90' title="bbox 460 5411 2034 5487">
     <span class='ocr_line' id='line_1_90' title="bbox 460 5411 2034 5487; baseline -0.002 -18"><span class='ocrx_word' id='word_1_668' title='bbox 460 5415 669 5487; x_wconf 81' lang='grc' dir='ltr'>ριόντος</span> <span class='ocrx_word' id='word_1_669' title='bbox 695 5412 796 5479; x_wconf 78' lang='grc' dir='ltr'>ἐτι,</span> <span class='ocrx_word' id='word_1_670' title='bbox 828 5411 907 5484; x_wconf 83' lang='grc' dir='ltr'>τῷ</span> <span class='ocrx_word' id='word_1_671' title='bbox 941 5411 1042 5485; x_wconf 89' lang='grc' dir='ltr'>υίῷ</span> <span class='ocrx_word' id='word_1_672' title='bbox 1071 5412 1334 5484; x_wconf 79' lang='grc' dir='ltr'>Μανουὴλ</span> <span class='ocrx_word' id='word_1_673' title='bbox 1361 5414 1388 5466; x_wconf 89' lang='grc' dir='ltr'><strong>ό</strong></span> <span class='ocrx_word' id='word_1_674' title='bbox 1417 5412 1540 5465; x_wconf 86' lang='grc' dir='ltr'>τότε</span> <span class='ocrx_word' id='word_1_675' title='bbox 1580 5413 1758 5482; x_wconf 87' lang='grc' dir='ltr'>μέγας</span> <span class='ocrx_word' id='word_1_676' title='bbox 1784 5413 2034 5480; x_wconf 83' lang='grc' dir='ltr'>δομέστι-</span> 
     </span>
    </p>
   </div>
   <div class='ocr_carea' id='block_1_91' title="bbox 457 5504 2032 5577">
    <p class='ocr_par' dir='ltr' id='par_1_91' title="bbox 457 5504 2032 5577">
     <span class='ocr_line' id='line_1_91' title="bbox 457 5504 2032 5577; baseline -0.004 -15"><span class='ocrx_word' id='word_1_677' title='bbox 457 5525 552 5571; x_wconf 85' lang='grc' dir='ltr'><strong>κος</strong></span> <span class='ocrx_word' id='word_1_678' title='bbox 583 5505 961 5577; x_wconf 85' lang='grc' dir='ltr'>κατηγγύησε,</span> <span class='ocrx_word' id='word_1_679' title='bbox 1006 5505 1308 5577; x_wconf 87' lang='grc' dir='ltr'>πρεσϐείαν</span> <span class='ocrx_word' id='word_1_680' title='bbox 1356 5505 1652 5576; x_wconf 85' lang='grc' dir='ltr'>πέπομφεν</span> <span class='ocrx_word' id='word_1_681' title='bbox 1679 5504 1706 5557; x_wconf 86' lang='grc' dir='ltr'><strong><em>ὁ</em></strong></span> <span class='ocrx_word' id='word_1_682' title='bbox 1751 5505 2032 5574; x_wconf 68' lang='grc' dir='ltr'>βασιλεὺς,</span> 
     </span>
    </p>
   </div>
   <div class='ocr_carea' id='block_1_92' title="bbox 457 5596 2038 5668">
    <p class='ocr_par' dir='ltr' id='par_1_92' title="bbox 457 5596 2038 5668">
     <span class='ocr_line' id='line_1_92' title="bbox 457 5596 2038 5668; baseline -0.002 -16"><span class='ocrx_word' id='word_1_683' title='bbox 457 5597 636 5664; x_wconf 73' lang='grc' dir='ltr'>αἰτίας</span> <span class='ocrx_word' id='word_1_684' title='bbox 683 5597 877 5652; x_wconf 79' lang='grc' dir='ltr'>ἑαυτὸν</span> <span class='ocrx_word' id='word_1_685' title='bbox 929 5599 1025 5650; x_wconf 69' lang='grc' dir='ltr'><strong>ἐπὶ</strong></span> <span class='ocrx_word' id='word_1_686' title='bbox 1070 5600 1183 5662; x_wconf 79' lang='grc' dir='ltr'>τοῖς</span> <span class='ocrx_word' id='word_1_687' title='bbox 1233 5597 1627 5668; x_wconf 84' lang='grc' dir='ltr'>γεγενημένοις</span> <span class='ocrx_word' id='word_1_688' title='bbox 1655 5596 1931 5662; x_wconf 86' lang='grc' dir='ltr'>ἀπολύων,</span> <span class='ocrx_word' id='word_1_689' title='bbox 1962 5599 2038 5659; x_wconf 82' lang='grc' dir='ltr'>ὡς</span> 
     </span>
    </p>
   </div>
   <div class='ocr_carea' id='block_1_93' title="bbox 459 5687 2038 5760">
    <p class='ocr_par' dir='ltr' id='par_1_93' title="bbox 459 5687 2038 5760">
     <span class='ocr_line' id='line_1_93' title="bbox 459 5687 2038 5760; baseline -0.002 -17"><span class='ocrx_word' id='word_1_690' title='bbox 459 5692 562 5746; x_wconf 82' lang='grc' dir='ltr'><strong>οὐκ</strong></span> <span class='ocrx_word' id='word_1_691' title='bbox 625 5690 734 5744; x_wconf 74' lang='grc' dir='ltr'>ἀπὸ</span> <span class='ocrx_word' id='word_1_692' title='bbox 789 5689 1019 5760; x_wconf 83' lang='grc' dir='ltr'>γνώμης</span> <span class='ocrx_word' id='word_1_693' title='bbox 1073 5689 1364 5744; x_wconf 84' lang='grc' dir='ltr'>ἐπιϐούλου</span> <span class='ocrx_word' id='word_1_694' title='bbox 1431 5691 1526 5742; x_wconf 82' lang='grc' dir='ltr'>καὶ</span> <span class='ocrx_word' id='word_1_695' title='bbox 1590 5689 1875 5759; x_wconf 80' lang='grc' dir='ltr'>πονηρᾶς,</span> <span class='ocrx_word' id='word_1_696' title='bbox 1927 5687 2038 5741; x_wconf 86' lang='grc' dir='ltr'>οὐδ’</span> 
     </span>
    </p>
   </div>
   <div class='ocr_carea' id='block_1_94' title="bbox 460 5778 2035 5854">
    <p class='ocr_par' dir='ltr' id='par_1_94' title="bbox 460 5778 2035 5854">
     <span class='ocr_line' id='line_1_94' title="bbox 460 5778 2035 5854; baseline -0.003 -19"><span class='ocrx_word' id='word_1_697' title='bbox 460 5781 728 5854; x_wconf 75' lang='grc' dir='ltr'>ἐπιθυμίᾳ</span> <span class='ocrx_word' id='word_1_698' title='bbox 756 5781 922 5851; x_wconf 81' lang='grc' dir='ltr'>τιμῆς</span> <span class='ocrx_word' id='word_1_699' title='bbox 952 5781 1239 5852; x_wconf 82' lang='grc' dir='ltr'>βασιλικῆς</span> <span class='ocrx_word' id='word_1_700' title='bbox 1273 5781 1344 5835; x_wconf 81' lang='grc' dir='ltr'><strong>τά</strong></span> <span class='ocrx_word' id='word_1_701' title='bbox 1369 5781 1594 5835; x_wconf 84' lang='grc' dir='ltr'>τοιαῦτα</span> <span class='ocrx_word' id='word_1_702' title='bbox 1621 5778 2035 5850; x_wconf 82' lang='grc' dir='ltr'>νεωτερισθείη,</span> 
     </span>
    </p>
   </div>
   <div class='ocr_carea' id='block_1_95' title="bbox 460 5869 2038 5941">
    <p class='ocr_par' dir='ltr' id='par_1_95' title="bbox 460 5869 2038 5941">
     <span class='ocr_line' id='line_1_95' title="bbox 460 5869 2038 5941; baseline -0.003 -17"><span class='ocrx_word' id='word_1_703' title='bbox 460 5870 578 5924; x_wconf 84' lang='grc' dir='ltr'>ἀλλ’</span> <span class='ocrx_word' id='word_1_704' title='bbox 629 5870 734 5924; x_wconf 80' lang='grc' dir='ltr'><strong>ὑπὸ</strong></span> <span class='ocrx_word' id='word_1_705' title='bbox 795 5871 904 5923; x_wconf 86' lang='grc' dir='ltr'><strong>τῶν</strong></span> <span class='ocrx_word' id='word_1_706' title='bbox 965 5871 1025 5923; x_wconf 85' lang='grc' dir='ltr'><strong>έν</strong></span> <span class='ocrx_word' id='word_1_707' title='bbox 1079 5869 1362 5941; x_wconf 75' lang='grc' dir='ltr'>Βυζαντίῳ</span> <span class='ocrx_word' id='word_1_708' title='bbox 1419 5870 1658 5940; x_wconf 87' lang='grc' dir='ltr'>πόλεμον</span> <span class='ocrx_word' id='word_1_709' title='bbox 1722 5869 2038 5938; x_wconf 81' lang='grc' dir='ltr'>ἀκήρυκτον</span> 
     </span>
    </p>
   </div>
   <div class='ocr_carea' id='block_1_96' title="bbox 463 5961 2037 6036">
    <p class='ocr_par' dir='ltr' id='par_1_96' title="bbox 463 5961 2037 6036">
     <span class='ocr_line' id='line_1_96' title="bbox 463 5961 2037 6036; baseline -0.001 -18"><span class='ocrx_word' id='word_1_710' title='bbox 463 5963 858 6036; x_wconf 69' lang='grc' dir='ltr'>ἐξενεγκόντων</span> <span class='ocrx_word' id='word_1_711' title='bbox 933 5964 1053 6018; x_wconf 82' lang='grc' dir='ltr'>κατ’</span> <span class='ocrx_word' id='word_1_712' title='bbox 1127 5961 1313 6030; x_wconf 75' lang='grc' dir='ltr'>αὐτοῦ,</span> <span class='ocrx_word' id='word_1_713' title='bbox 1375 5964 1467 6018; x_wconf 72' lang='grc' dir='ltr'><strong>καὶ</strong></span> <span class='ocrx_word' id='word_1_714' title='bbox 1522 5964 1670 6020; x_wconf 80' lang='grc' dir='ltr'>ἄκων</span> <span class='ocrx_word' id='word_1_715' title='bbox 1721 5963 1800 6026; x_wconf 85' lang='grc' dir='ltr'><strong>είς</strong></span> <span class='ocrx_word' id='word_1_716' title='bbox 1861 5961 2037 6018; x_wconf 73' lang='grc' dir='ltr'>ταζτα</span> 
     </span>
    </p>
   </div>
   <div class='ocr_carea' id='block_1_97' title="bbox 2141 4952 3721 5026">
    <p class='ocr_par' dir='ltr' id='par_1_97' title="bbox 2141 4952 3721 5026">
     <span class='ocr_line' id='line_1_97' title="bbox 2141 4952 3721 5026; baseline 0.001 -20"><span class='ocrx_word' id='word_1_717' title='bbox 2141 4960 2197 5006; x_wconf 89' lang='lat' dir='ltr'><strong>et</strong></span> <span class='ocrx_word' id='word_1_718' title='bbox 2227 4961 2688 5026; x_wconf 84' lang='lat' dir='ltr'><strong>protostratorem</strong></span> <span class='ocrx_word' id='word_1_719' title='bbox 2739 4953 3119 5025; x_wconf 89' lang='lat' dir='ltr'><strong>Synadenum,</strong></span> <span class='ocrx_word' id='word_1_720' title='bbox 3153 4952 3560 5008; x_wconf 70' lang='lat' dir='ltr'><strong>Thessalonica:</strong></span> <span class='ocrx_word' id='word_1_721' title='bbox 3607 4961 3721 5007; x_wconf 90' lang='lat' dir='ltr'><strong>tum</strong></span> 
     </span>
    </p>
   </div>
   <div class='ocr_carea' id='block_1_98' title="bbox 2143 5043 3726 5118">
    <p class='ocr_par' dir='ltr' id='par_1_98' title="bbox 2143 5043 3726 5118">
     <span class='ocr_line' id='line_1_98' title="bbox 2143 5043 3726 5118; baseline 0 -19"><span class='ocrx_word' id='word_1_722' title='bbox 2143 5044 2488 5115; x_wconf 80' lang='lat' dir='ltr'><strong>praefectum,</strong></span> <span class='ocrx_word' id='word_1_723' title='bbox 2538 5053 2595 5098; x_wconf 93' lang='lat' dir='ltr'><strong>et</strong></span> <span class='ocrx_word' id='word_1_724' title='bbox 2649 5044 2876 5118; x_wconf 80' lang='lat' dir='ltr'><strong>Syrgem</strong></span> <span class='ocrx_word' id='word_1_725' title='bbox 2919 5043 3324 5108; x_wconf 83' lang='lat' dir='ltr'><strong>Ntelenuziam,</strong></span> <span class='ocrx_word' id='word_1_726' title='bbox 3375 5045 3726 5113; x_wconf 82' lang='lat' dir='ltr'><strong>imperatoris</strong></span> 
     </span>
    </p>
   </div>
   <div class='ocr_carea' id='block_1_99' title="bbox 2146 5135 3722 5209">
    <p class='ocr_par' dir='ltr' id='par_1_99' title="bbox 2146 5135 3722 5209">
     <span class='ocr_line' id='line_1_99' title="bbox 2146 5135 3722 5209; baseline -0.001 -18"><span class='ocrx_word' id='word_1_727' title='bbox 2146 5135 2458 5191; x_wconf 86' lang='lat' dir='ltr'><strong>Andronici</strong></span> <span class='ocrx_word' id='word_1_728' title='bbox 2495 5136 2916 5200; x_wconf 85' lang='lat' dir='ltr'><strong>consobrinum,</strong></span> <span class='ocrx_word' id='word_1_729' title='bbox 2965 5138 3293 5208; x_wconf 84' lang='lat' dir='ltr'><strong>Cypriorum</strong></span> <span class='ocrx_word' id='word_1_730' title='bbox 3347 5139 3492 5209; x_wconf 80' lang='lat' dir='ltr'><strong>regis</strong></span> <span class='ocrx_word' id='word_1_731' title='bbox 3526 5137 3722 5200; x_wconf 83' lang='lat' dir='ltr'><strong>ﬁlium,</strong></span> 
     </span>
    </p>
   </div>
   <div class='ocr_carea' id='block_1_100' title="bbox 2143 5226 3724 5301">
    <p class='ocr_par' dir='ltr' id='par_1_100' title="bbox 2143 5226 3724 5301">
     <span class='ocr_line' id='line_1_100' title="bbox 2143 5226 3724 5301; baseline -0.001 -18"><span class='ocrx_word' id='word_1_732' title='bbox 2143 5228 2447 5284; x_wconf 87' lang='lat' dir='ltr'><strong>Pherarum</strong></span> <span class='ocrx_word' id='word_1_733' title='bbox 2482 5235 2538 5282; x_wconf 93' lang='lat' dir='ltr'><strong>et</strong></span> <span class='ocrx_word' id='word_1_734' title='bbox 2565 5226 2745 5296; x_wconf 86' lang='lat' dir='ltr'><strong>ipsum</strong></span> <span class='ocrx_word' id='word_1_735' title='bbox 2782 5226 3124 5301; x_wconf 76' lang='lat' dir='ltr'><strong>praefectura,</strong></span> <span class='ocrx_word' id='word_1_736' title='bbox 3169 5228 3328 5299; x_wconf 90' lang='lat' dir='ltr'><strong>cujus</strong></span> <span class='ocrx_word' id='word_1_737' title='bbox 3357 5230 3524 5285; x_wconf 86' lang='lat' dir='ltr'><strong>etiam</strong></span> <span class='ocrx_word' id='word_1_738' title='bbox 3561 5229 3724 5284; x_wconf 84' lang='lat' dir='ltr'><strong>tiliam</strong></span> 
     </span>
    </p>
   </div>
   <div class='ocr_carea' id='block_1_101' title="bbox 2143 5318 3726 5392">
    <p class='ocr_par' dir='ltr' id='par_1_101' title="bbox 2143 5318 3726 5392">
     <span class='ocr_line' id='line_1_101' title="bbox 2143 5318 3726 5392; baseline 0 -16"><span class='ocrx_word' id='word_1_739' title='bbox 2143 5320 2304 5392; x_wconf 62' lang='grc'><strong>45],</strong></span> <span class='ocrx_word' id='word_1_740' title='bbox 2347 5320 2641 5389; x_wconf 88' lang='lat' dir='ltr'><strong>superstite</strong></span> <span class='ocrx_word' id='word_1_741' title='bbox 2695 5318 2879 5374; x_wconf 89' lang='lat' dir='ltr'><strong>adhuc</strong></span> <span class='ocrx_word' id='word_1_742' title='bbox 2931 5319 3264 5388; x_wconf 85' lang='lat' dir='ltr'><strong>imperatore</strong></span> <span class='ocrx_word' id='word_1_743' title='bbox 3313 5321 3549 5376; x_wconf 85' lang='lat' dir='ltr'><strong>Manueli</strong></span> <span class='ocrx_word' id='word_1_744' title='bbox 3613 5321 3726 5376; x_wconf 83' lang='lat' dir='ltr'><strong>lilio</strong></span> 
     </span>
    </p>
   </div>
   <div class='ocr_carea' id='block_1_102' title="bbox 2145 5409 3725 5483">
    <p class='ocr_par' dir='ltr' id='par_1_102' title="bbox 2145 5409 3725 5483">
     <span class='ocr_line' id='line_1_102' title="bbox 2145 5409 3725 5483; baseline 0.002 -17"><span class='ocrx_word' id='word_1_745' title='bbox 2145 5427 2376 5483; x_wconf 83' lang='lat' dir='ltr'><strong>magnus</strong></span> <span class='ocrx_word' id='word_1_746' title='bbox 2409 5419 2522 5464; x_wconf 91' lang='lat' dir='ltr'><strong>tum</strong></span> <span class='ocrx_word' id='word_1_747' title='bbox 2562 5409 2902 5464; x_wconf 88' lang='lat' dir='ltr'><strong>domesticus</strong></span> <span class='ocrx_word' id='word_1_748' title='bbox 2945 5411 3341 5480; x_wconf 87' lang='lat' dir='ltr'><strong>desponderat,</strong></span> <span class='ocrx_word' id='word_1_749' title='bbox 3374 5412 3586 5482; x_wconf 85' lang='lat' dir='ltr'><strong>legatos</strong></span> <span class='ocrx_word' id='word_1_750' title='bbox 3619 5413 3725 5469; x_wconf 88' lang='lat' dir='ltr'><strong>im-</strong></span> 
     </span>
    </p>
   </div>
   <div class='ocr_carea' id='block_1_103' title="bbox 2146 5502 3724 5574">
    <p class='ocr_par' dir='ltr' id='par_1_103' title="bbox 2146 5502 3724 5574">
     <span class='ocr_line' id='line_1_103' title="bbox 2146 5502 3724 5574; baseline 0.003 -18"><span class='ocrx_word' id='word_1_751' title='bbox 2146 5513 2368 5574; x_wconf 83' lang='lat' dir='ltr'><strong>perator</strong></span> <span class='ocrx_word' id='word_1_752' title='bbox 2413 5503 2588 5564; x_wconf 85' lang='lat' dir='ltr'><strong>misit.</strong></span> <span class='ocrx_word' id='word_1_753' title='bbox 2635 5502 2856 5571; x_wconf 87' lang='lat' dir='ltr'><strong>culpam</strong></span> <span class='ocrx_word' id='word_1_754' title='bbox 2911 5502 3183 5557; x_wconf 82' lang='lat' dir='ltr'><strong>factorum</strong></span> <span class='ocrx_word' id='word_1_755' title='bbox 3233 5519 3263 5558; x_wconf 90' lang='lat' dir='ltr'><strong>a</strong></span> <span class='ocrx_word' id='word_1_756' title='bbox 3312 5519 3372 5559; x_wconf 87' lang='lat' dir='ltr'><strong>se</strong></span> <span class='ocrx_word' id='word_1_757' title='bbox 3408 5520 3724 5571; x_wconf 83' lang='lat' dir='ltr'><strong>removens,</strong></span> 
     </span>
    </p>
   </div>
   <div class='ocr_carea' id='block_1_104' title="bbox 2146 5592 3786 5666">
    <p class='ocr_par' dir='ltr' id='par_1_104' title="bbox 2146 5592 3786 5666">
     <span class='ocr_line' id='line_1_104' title="bbox 2146 5592 3786 5666; baseline -0.001 -18"><span class='ocrx_word' id='word_1_758' title='bbox 2146 5594 2252 5648; x_wconf 88' lang='lat' dir='ltr'><strong>ista</strong></span> <span class='ocrx_word' id='word_1_759' title='bbox 2286 5592 2498 5647; x_wconf 91' lang='lat' dir='ltr'><strong>scilicet</strong></span> <span class='ocrx_word' id='word_1_760' title='bbox 2541 5607 2651 5646; x_wconf 91' lang='lat' dir='ltr'><strong>non</strong></span> <span class='ocrx_word' id='word_1_761' title='bbox 2699 5593 2962 5649; x_wconf 86' lang='lat' dir='ltr'><strong>insidiose</strong></span> <span class='ocrx_word' id='word_1_762' title='bbox 3011 5603 3066 5648; x_wconf 91' lang='lat' dir='ltr'><strong>et</strong></span> <span class='ocrx_word' id='word_1_763' title='bbox 3113 5593 3346 5666; x_wconf 83' lang='lat' dir='ltr'><strong>maligna</strong></span> <span class='ocrx_word' id='word_1_764' title='bbox 3386 5605 3591 5662; x_wconf 87' lang='lat' dir='ltr'><strong>mente,</strong></span> <span class='ocrx_word' id='word_1_765' title='bbox 3624 5613 3728 5652; x_wconf 86' lang='lat' dir='ltr'><strong>nec</strong></span> <span class='ocrx_word' id='word_1_766' title='bbox 3783 5643 3786 5646; x_wconf 82' lang='lat'><strong>.</strong></span> 
     </span>
    </p>
   </div>
   <div class='ocr_carea' id='block_1_105' title="bbox 2145 5682 3726 5755">
    <p class='ocr_par' dir='ltr' id='par_1_105' title="bbox 2145 5682 3726 5755">
     <span class='ocr_line' id='line_1_105' title="bbox 2145 5682 3726 5755; baseline 0.003 -15"><span class='ocrx_word' id='word_1_767' title='bbox 2145 5684 2453 5754; x_wconf 85' lang='lat' dir='ltr'><strong>cupiditate</strong></span> <span class='ocrx_word' id='word_1_768' title='bbox 2513 5683 2821 5755; x_wconf 83' lang='lat' dir='ltr'><strong>majestatis</strong></span> <span class='ocrx_word' id='word_1_769' title='bbox 2863 5682 3236 5754; x_wconf 64' lang='lat' dir='ltr'><strong>imperatoriae</strong></span> <span class='ocrx_word' id='word_1_770' title='bbox 3296 5687 3572 5753; x_wconf 91' lang='lat' dir='ltr'><strong>molitum,</strong></span> <span class='ocrx_word' id='word_1_771' title='bbox 3627 5690 3726 5744; x_wconf 90' lang='lat' dir='ltr'><strong>sed</strong></span> 
     </span>
    </p>
   </div>
   <div class='ocr_carea' id='block_1_106' title="bbox 2145 5775 3724 5848">
    <p class='ocr_par' dir='ltr' id='par_1_106' title="bbox 2145 5775 3724 5848">
     <span class='ocr_line' id='line_1_106' title="bbox 2145 5775 3724 5848; baseline 0.002 -18"><span class='ocrx_word' id='word_1_772' title='bbox 2145 5786 2370 5847; x_wconf 87' lang='lat' dir='ltr'><strong>propter</strong></span> <span class='ocrx_word' id='word_1_773' title='bbox 2401 5776 2755 5848; x_wconf 87' lang='lat' dir='ltr'><strong>Byzantinos,</strong></span> <span class='ocrx_word' id='word_1_774' title='bbox 2790 5775 2996 5831; x_wconf 89' lang='lat' dir='ltr'><strong>bellqu</strong></span> <span class='ocrx_word' id='word_1_775' title='bbox 3034 5793 3142 5831; x_wconf 89' lang='lat' dir='ltr'><strong>non</strong></span> <span class='ocrx_word' id='word_1_776' title='bbox 3175 5785 3303 5833; x_wconf 86' lang='lat' dir='ltr'><strong>ante</strong></span> <span class='ocrx_word' id='word_1_777' title='bbox 3334 5777 3724 5835; x_wconf 81' lang='lat' dir='ltr'><strong>denuntiatum</strong></span> 
     </span>
    </p>
   </div>
   <div class='ocr_carea' id='block_1_107' title="bbox 2147 5868 3725 5940">
    <p class='ocr_par' dir='ltr' id='par_1_107' title="bbox 2147 5868 3725 5940">
     <span class='ocr_line' id='line_1_107' title="bbox 2147 5868 3725 5940; baseline 0.001 -15"><span class='ocrx_word' id='word_1_778' title='bbox 2147 5870 2249 5925; x_wconf 91' lang='lat' dir='ltr'><strong>sibi</strong></span> <span class='ocrx_word' id='word_1_779' title='bbox 2284 5869 2603 5931; x_wconf 74' lang='lat' dir='ltr'><strong>inferentes,</strong></span> <span class='ocrx_word' id='word_1_780' title='bbox 2653 5868 2763 5925; x_wconf 90' lang='lat' dir='ltr'><strong>huc</strong></span> <span class='ocrx_word' id='word_1_781' title='bbox 2805 5883 2864 5924; x_wconf 85' lang='lat' dir='ltr'><strong>se</strong></span> <span class='ocrx_word' id='word_1_782' title='bbox 2911 5870 3297 5940; x_wconf 86' lang='lat' dir='ltr'><strong>compulsum:</strong></span> <span class='ocrx_word' id='word_1_783' title='bbox 3331 5881 3386 5925; x_wconf 89' lang='lat' dir='ltr'><strong>et</strong></span> <span class='ocrx_word' id='word_1_784' title='bbox 3441 5871 3605 5926; x_wconf 87' lang='lat' dir='ltr'><strong>rebus</strong></span> <span class='ocrx_word' id='word_1_785' title='bbox 3651 5874 3725 5928; x_wconf 84' lang='lat' dir='ltr'><strong>ita</strong></span> 
     </span>
    </p>
   </div>
   <div class='ocr_carea' id='block_1_108' title="bbox 2145 5961 3724 6053">
    <p class='ocr_par' dir='ltr' id='par_1_108' title="bbox 2145 5961 3724 6053">
     <span class='ocr_line' id='line_1_108' title="bbox 2145 5961 3724 6053; baseline 0 -31"><span class='ocrx_word' id='word_1_786' title='bbox 2145 5961 2582 6027; x_wconf 63' lang='lat' dir='ltr'><strong>Postulantibus,</strong></span> <span class='ocrx_word' id='word_1_787' title='bbox 2611 5971 2906 6036; x_wconf 87' lang='lat' dir='ltr'><strong>antequam</strong></span> <span class='ocrx_word' id='word_1_788' title='bbox 2933 5977 3059 6019; x_wconf 88' lang='lat' dir='ltr'><strong>cum</strong></span> <span class='ocrx_word' id='word_1_789' title='bbox 3091 5963 3225 6034; x_wconf 86' lang='lat' dir='ltr'><strong>ipsis</strong></span> <span class='ocrx_word' id='word_1_790' title='bbox 3257 5975 3444 6036; x_wconf 86' lang='lat' dir='ltr'><strong>posset</strong></span> <span class='ocrx_word' id='word_1_791' title='bbox 3469 5980 3724 6053; x_wconf 61' lang='lat' dir='ltr'><strong>commu-</strong></span> 
     </span>
    </p>
   </div>
  </div>
