4054 6410
329 336 435 398 883

1505 351 1834 415 JOANNIS
1873 355 2403 419 CANTACUZENI

3473 355 3578 421 884

330 453 522 511 nicare
560 457 877 527 consilium,
936 477 1059 533 quae
1103 464 1220 520 visa
1264 475 1450 521 essent
1484 466 1687 524 sibi-et
1738 453 1873 526 ὥρη

1976 516 1979 526 .
2008 455 2621 542 ἐξενηνεγμένος-’ἴου
2671 474 2762 525 καὶ
2796 473 2906 525 τῶν
2955 469 3298 552 πραγμάτων
3331 470 3579 537 ἐπειγόνο

328 547 590 603 omnibus
623 550 957 621 conducere,
991 556 1243 613 confecta
1273 573 1394 615 esse
1433 577 1446 614 :
1478 561 1801 633 orabatque,
1834 577 1904 617 ne

327 636 536 695 idcirco
562 642 722 712 quasi
768 642 1013 714 despecti
1060 636 1504 720 indignarentur,
1539 652 1637 708 sed
1685 654 1730 709 si
1765 654 1902 725 quid

324 727 558 819 factum,
587 734 737 799 quod
770 735 975 797 factum
1016 755 1127 795 non
1175 743 1536 812 oportuisset,
1567 761 1753 801 rerum
1799 762 1902 801 ne-

326 822 567 876 cessitati
596 826 963 889 ascriberent.
992 831 1206 888 Praetor
1236 833 1407 904 igitur
1432 851 1534 892 nec
1563 837 1897 908 legationem

323 910 568 979 admisit,
601 930 705 971 nec
733 917 800 976 ad
832 917 1038 977 bellum
1084 926 1359 996 prorupit,
1410 927 1506 983 sed
1553 930 1901 986 communio—

321 1017 450 1057 nem
483 1009 864 1065 tantummodo
903 1016 1200 1073 recusavit.
1246 1017 1485 1075 Perinde
1527 1030 1901 1090 protostrator

325 1094 714 1163 imperatorem
745 1108 804 1155 ut
834 1103 1139 1165 amicorum
1163 1108 1322 1165 valde
1350 1109 1729 1167 immemorem
1762 1113 1900 1168 insi.

321 1188 587 1256 mutabat,
619 1192 767 1261 quod
812 1194 1078 1255 nimirum
1119 1213 1199 1265 se,
1230 1199 1327 1269 qui
1373 1209 1482 1259 tam
1517 1203 1708 1259 multis
1736 1207 1899 1260 annis

321 1288 527 1336 tantam
567 1283 619 1336 ei
657 1284 1099 1345 benevolentiam
1142 1300 1422 1358 navasset,
1473 1302 1533 1351 ut
1578 1294 1894 1363 quempiam

322 1385 462 1438 pene
499 1374 782 1445 vulgarem
829 1393 895 1433 ac
939 1380 1218 1447 plebeium
1247 1387 1692 1456 contempsisset,
1728 1388 1894 1458 idque

316 1477 442 1517 cum
480 1480 592 1519 rem
642 1479 751 1523 tam
802 1469 1030 1526 arduam
1079 1472 1484 1531 meditaretur:
1523 1479 1661 1534 nihil
1711 1489 1892 1536 tamen

313 1553 500 1625 legato
558 1558 691 1613 fecit
743 1562 893 1624 mali,
951 1563 1055 1619 nisi
1107 1567 1253 1635 quod
1307 1584 1432 1623 mox
1481 1571 1547 1625 ad
1606 1572 1890 1643 dominum

315 1660 476 1701 suum
513 1648 719 1704 reverti
745 1649 930 1721 jussit.
965 1654 1039 1708 At
1083 1655 1284 1727 Syrges
1326 1660 1443 1715 sive
1485 1677 1551 1717 ex
1582 1664 1892 1735 antiquiore

2007 580 2138 627 των,
2168 565 2265 617 καὶ
2317 563 2449 634 πρὶν
2494 564 2678 629 αὐτοῖς
2722 562 3096 618 κοινώσασθαι
3126 562 3227 632 τὴν
3257 562 3506 633 γνώμην,
3541 563 3579 616 ἃ
3618 576 3621 579 ‘

2008 654 2158 724 αὐτῷ
2212 672 2272 707 τε
2325 657 2419 709 καὶ
2466 658 2603 709 πᾶσι
2649 658 2766 719 τοῖς
2813 655 3034 710 συνοῦσι
3063 654 3366 710 λυσιτελεῖν
3400 654 3577 707 ἐδόκει

2005 745 2491 818 καταππρᾶχθαι.
2535 746 2716 812 Ἦξίου
2750 764 2810 801 τε
2863 748 2937 818 μὴ
2972 747 3060 801 διὰ
3079 746 3147 800 τὰ
3196 746 3422 800 τοιαῦτα
3449 746 3583 800 δυσ-

2005 823 2387 908 χεραίνειν’ὡς
2451 837 2848 908 περιοφθέντας
2878 855 2893 870 ο
2924 837 3043 892 ἀλλ’
3072 837 3202 891 εἴτι
3236 838 3330 891 καὶ
3357 835 3467 889 τῶν
3502 835 3578 906 μὴ

2001 929 2233 983 δεόντων
2283 930 2519 999 γένοιτο,
2550 931 2768 1004 ἀνάγκῃ
2799 929 2909 983 τῶν
2957 928 3304 998 πραγμάτων
3347 928 3579 999 προσλο-

2002 1020 2281 1089 γίζεσθαι.
2333 1022 2621 1092 Ἔπαρχος
2676 1023 2774 1091 μὲν
2819 1016 2914 1075 οὖν
2955 1019 3082 1074 οὔτε
3128 1018 3231 1092 τὴν
3281 1020 3576 1089 πρεσσείαν

1999 1114 2389 1184 προσεδέξατο,
2436 1114 2552 1168 οὔτ’
2603 1114 2773 1178 εὐθὺς
2828 1115 2964 1185 πρδς
3021 1114 3261 1183 πόλεμον
3322 1111 3574 1181 ἐκινήθη,

1998 1205 2135 1261 ἀλλὰ
2173 1207 2273 1276 τὴν
2301 1209 2588 1261 κοινωνίαν
2640 1207 2803 1276 μόνον
2842 1209 3210 1277 ἀπηγόρευεν.
3255 1205 3487 1275 Ὁμοίως
3517 1205 3574 1257 δὲ

1998 1296 2094 1349 καὶ
2140 1301 2585 1370 πρωτοστράτωρ
2627 1298 2831 1366 πολλὴν
2874 1298 2968 1350 τοῦ
3002 1297 3274 1366 βασιλέως
3322 1297 3575 1365 ἀμνημοη

1997 1388 2165 1459 σύνην
2194 1386 2326 1442 ’τῶν
2381 1391 2550 1458 φίλων
2583 1391 2902 1461 κατηγόρει,
2938 1390 3020 1442 ὅτι
3067 1388 3131 1458 δὴ
3179 1387 3343 1440 αὐτὸν
3372 1386 3574 1456 πολλὴν

1995 1482 2095 1551 τῆς
2132 1484 2213 1543 είς
2234 1483 2463 1546 ἐκεῖνον,
2498 1484 2715 1546 εὐνοίας
2759 1484 2824 1535 ἐκ
2866 1481 3076 1534 πολλῶν
3108 1480 3248 1533 ἐτῶν
3292 1481 3570 1545 ἀπόδειξιν

1994 1573 2452 1641 ἐπιδεδειγμένον,
2493 1572 2569 1635 ὥς
2609 1591 2730 1626 τινα
2771 1572 2881 1626 τῶν
2917 1571 3132 1624 πολλῶν
3160 1572 3343 1640 ὀλίγον
3386 1571 3573 1639 διαφε-

1999 1686 2162 1740 ροντα
2212 1670 2453 1741 περιεῖδε
2489 1671 2585 1722 καὶ
2624 1667 2799 1722 ταῦτα
2831 1684 3098 1730 τοιοντοις
3149 1668 3362 1736 μέλλων
3394 1669 3571 1737 ἔγχειο

313 1738 550 1807 quadam
583 1755 747 1805 causa
777 1756 1133 1811 succensens,
1166 1749 1282 1805 sive
1316 1759 1430 1806 tum
1462 1754 1705 1823 primum
1742 1771 1874 1827 quor

1998 1738 2134 1831 ρεῖν.
2169 1738 2335 1816 osatv
2378 1763 2558 1833 μέντοι
2583 1762 2759 1816 δεινὸν
2789 1764 3048 1832 εἴργαστο
3079 1761 3170 1814 civ
3196 1760 3565 1832 πρεσϐευτὴν,

314 1844 375 1925 se
399 1843 776 1925 contemptum
807 1842 1205 1913 suspicaretur,
1233 1850 1660 1917 excandescens,
1683 1860 1739 1907 et
1763 1848 1874 1907 ver-

1993 1821 2112 1911 ἀλλ’
2173 1821 2428 1910 ἐκέλευεν
2475 1853 2633 1918 αὖθις
2684 1821 3048 1923 ἀναστρέφειν
3104 1821 3253 1925 πρὸς.
3292 1853 3384 1907 τὸν
3432 1821 3572 1922 πέμ-

315 1922 382 1977 ha
413 1924 720 1996 legatorum
771 1940 833 1987 ut
868 1934 1004 1991 nihil
1057 1938 1340 1995 sincerum
1375 1942 1741 2009 continentia,
1790 1944 1888 1999 sed

312 2013 503 2073 dolose
532 2022 766 2078 conficta
800 2025 1009 2096 reiecit,
1036 2028 1267 2097 addens,
1297 2032 1402 2087 etsi
1433 2048 1463 2087 a
1495 2031 1882 2090 Cantacuzeno

314 2106 461 2163 inter
520 2110 776 2169 homines
826 2115 1046 2171 trioboli
1097 2128 1245 2175 esset
1292 2131 1638 2188 numeratus,
1704 2132 1889 2179 tamen

316 2202 493 2271 reipsa
524 2204 953 2272 declaraturum,
986 2222 1045 2266 se
1073 2226 1197 2266 cum
1233 2212 1426 2285 amicis
1457 2214 1741 2284 prodesse,
1773 2224 1887 2270 tum

315 2291 555 2349 inimicis
600 2295 797 2355 obesse
845 2310 1012 2367 posse
1044 2301 1538 2370 quamplurimum,
1576 2314 1633 2360 et
1677 2304 1889 2376 legatos

311 2381 365 2436 in
390 2398 671 2442 carcerem
698 2388 924 2445 inclusit
949 2406 965 2446 :
995 2391 1334 2448 Demetrium
1364 2408 1562 2465 nempe
1583 2394 1889 2455 Casaudre-

312 2493 481 2541 num,
502 2491 559 2533 et
589 2478 873 2541 Lascarim
905 2497 1166 2553 magnum
1192 2484 1611 2545 chartularium.
1634 2488 1887 2559 Cumque

307 2570 728 2629 Cantacuzenns
762 2573 958 2630 Pheris
993 2575 1221 2633 haberet
1254 2593 1365 2634 non
1413 2579 1591 2636 solum
1641 2583 1883 2651 pecoris,

305 2663 402 2718 sed
430 2673 488 2719 et
516 2664 691 2719 tritici
746 2664 1092 2738 aliarumque
1133 2669 1354 2739 frugum
1384 2670 1663 2740 ingentem
1690 2689 1887 2730 nume-

307 2767 454 2819 ium,
490 2763 779 2823 propterea
822 2756 970 2825 quod
1006 2758 1301 2827 ampliores
1357 2774 1422 2817 ac
1464 2760 1655 2830 plures
1706 2761 1758 2819 ei
1793 2762 1885 2820 hic

202 2836 207 2839 ’
307 2861 472 2915 quam
508 2844 652 2916 apud
688 2848 858 2904 urbes
889 2848 1027 2905 alias
1057 2851 1437 2916 possessiones
1466 2862 1649 2920 erant,
1695 2855 1883 2912 omnia

304 2939 488 2995 statim
536 2938 605 2997 ad
653 2955 713 2996 se
758 2943 978 2998 avertit.
1029 2941 1151 3010 Quo
1203 2942 1416 3000 ﬁrmior
1470 2947 1716 3018 suspicio
1753 2948 1880 3016 fuit,

304 3031 473 3086 armis
506 3032 897 3101 imperatorem
944 3035 1344 3105 appetiturum,
1385 3038 1539 3109 quod
1582 3039 1752 3097 sciret
1796 3041 1882 3112 (ut

301 3133 387 3178 cst
416 3123 706 3194 credibile)
736 3114 974 3199 majores
1000 3142 1068 3182 ex
1103 3127 1338 3185 dissidio
1380 3145 1507 3186 cum
1544 3132 1663 3198 illo,
1710 3149 1876 3204 quam

300 3232 367 3272 ex
398 3219 695 3277 concordia
745 3217 957 3274 fructus
978 3234 1101 3276 sese
1126 3232 1541 3293 pereepturum,
1559 3235 1865 3296 quantum-

296 3311 382 3369 vis
424 3312 618 3381 primis
658 3311 730 3367 ab
758 3326 855 3369 -eo
899 3311 1363 3385 amplissimisque
1421 3315 1732 3373 honoribus
1774 3333 1876 3374 au-

296 3413 539 3473 geretur.
568 3403 682 3458 Nec
705 3402 887 3458 solum
911 3411 1023 3457 tam
1046 3405 1345 3473 opulentus
1367 3404 1556 3461 subito
1578 3407 1870 3475 evadebat,

295 3495 391 3549 sed
429 3493 659 3563 insuper
691 3491 898 3547 amicos
930 3492 1074 3563 ejus,
1106 3491 1203 3562 qui
1250 3494 1510 3562 permulti
1549 3495 1758 3551 Pheras
1788 3497 1875 3551 in-

296 3583 576 3651 colebant,
611 3583 985 3648 scrutabatur,
1040 3584 1314 3654 bonisque
1341 3586 1599 3643 omnibus
1630 3588 1870 3646 nudatos

202 3691 227 3717 ο
296 3675 616 3737 immaniter
649 3676 932 3747 puniebat.
972 3676 1043 3732 Et
1085 3691 1209 3731 cum
1260 3686 1424 3733 antea
1462 3677 1531 3733 ad
1576 3679 1684 3736 hoc
1724 3691 1871 3738 esset

293 3769 783 3844 prOpensissiinus,
814 3778 930 3827 tum
966 3767 1274 3838 praesertim
1310 3769 1446 3825 nihil
1476 3771 1544 3827 ad
1571 3771 1870 3832 crudelita-

293 3874 401 3919 tom
460 3859 661 3931 reliqui
727 3859 911 3915 facere
963 3859 1372 3929 contendebat,
1430 3874 1486 3919 et
1535 3862 1868 3936 Byzantinos

292 3959 454 4025 luugo
497 3952 791 4009 intervallo
834 3954 1135 4023 superabat
1177 3955 1230 4011 in
1267 3956 1547 4023 omnibus,
1585 3957 1632 4013 si
1667 3958 1867 4013 verbo-

290 4065 414 4105 rum
456 4046 827 4102 contumelias
868 4046 1145 4116 excipias;
1198 4049 1251 4102 in
1304 4048 1468 4122 452
1509 4051 1613 4106 hoc
1658 4051 1865 4123 quippe

287 4153 402 4194 uno
431 4137 735 4191 modestius
755 4153 814 4192 se
839 4139 1084 4208 gerebat.
1117 4138 1468 4195 Connubium
1500 4151 1685 4197 autem
1714 4142 1863 4209 ﬁlia),

286 4229 435 4298 quol
484 4229 635 4299 prius
679 4230 791 4283 tilio
840 4231 1189 4301 imperatoris
1216 4232 1565 4303 promiserat,
1613 4235 1860 4292 rescidit.

285 4320 441 4377 Tunc
473 4321 640 4393 igitur
670 4322 742 4377 ob
789 4321 1197 4377 inclementiam
1249 4322 1468 4391 hiemis,
1495 4340 1618 4393 qua:
1656 4325 1863 4396 Byzan-

284 4418 361 4469 tio
387 4415 639 4469 exierant
702 4422 755 4473 et
781 4430 902 4484 quae
928 4414 1295 4484 Didyinotichi
1323 4426 1485 4471 erant
1510 4417 1702 4487 copiae,
1731 4434 1862 4472 cnn-

1994 1950 2191 2020 ψαντα.
2243 1948 2461 2019 Συργῆς
2511 1949 2590 2013 δὲ,
2624 1948 2736 2001 εῖτε
2789 1948 2883 2000 mi
2928 1948 2991 2000 ὲκ
3051 1946 3378 2018 προφάσεὼς
3425 1961 3570 2008 τινος

1992 2045 2360 2113 ἀρχαιοτέρας
2393 2042 2627 2112 μηνίων,
2684 2042 2792 2095 εἴτε
2833 2043 2925 2094 καὶ
2973 2039 3097 2093 τότε
3131 2039 3446 2108 πρῶτον’ἑκ
3464 2035 3568 2090 τοῦ

1993 2135 2388 2206 παρεωρᾶσθαι
2432 2134 2851 2187 ὑπωπτευκέναι
2900 2135 3039 2204 πρὸς
3084 2132 3255 2202 ὀργὴν
3312 2130 3562 2201 ἐξήγετο,

1989 2228 2118 2291 τούς
2171 2246 2231 2282 τε
2276 2228 2472 2295 λόγους
2527 2227 2627 2297 τῆς
2678 2225 2975 2299 πρεσϐείας
3026 2225 3102 2289 ὡς
3151 2224 3376 2295 ἔχοντας
3413 2222 3565 2275 οὐδὲν

1991 2322 2163 2389 ὑγιὲς,
2198 2321 2315 2375 ἀλλ’
2346 2322 2531 2394 ἀπάτῃ
2579 2317 3140 2387 συνεσκευασμένους,
3171 2317 3560 2385 ἀπεπέμπετο,

1990 2417 2220 2481 φάσκων
2247 2415 2323 2478 ὡς
2364 2414 2414 2468 εἰ
2458 2415 2553 2468 καὶ
2604 2413 2735 2484 παρ’
2782 2412 2976 2482 ἐκείνῳ
3003 2410 3112 2464 τῶν
3143 2409 3369 2480 μηδενὸς
3398 2407 3562 2473 ἀξίων

1988 2493 2273 2576 ἐνομίσθη,
2305 2506 2420 2560 ἀλλ’
2460 2506 2625 2568 αὐτὸς
2653 2504 2842 2568 αὐτοῖς
2874 2503 3059 2574 ἔργοις
3109 2503 3361 2573 ποιήσειν
3392 2519 3560 2556 κατα-

1988 2598 2177 2671 φανὲς,
2210 2597 2287 2662 ὡς
2329 2596 2456 2661 τούς
2488 2615 2548 2651 τε
2599 2598 2790 2667 φίλους
2820 2597 3076 2667 ὠφελεῖν,
3112 2595 3207 2649 καὶ
3242 2596 3369 2657 τοὺς
3400 2595 3560 2648 πολε-

1990 2691 2148 2762 μίους
2216 2690 2478 2761 βλάπτειν
2548 2688 2767 2743 δύναιτο
2821 2690 2892 2742 τά
2960 2689 3224 2760 μέγιστα,
3287 2688 3380 2740 καὶ
3433 2684 3558 2746 τοὺς

1987 2783 2246 2854 πρέσϐεις
2270 2786 2351 2848 είς
2376 2783 2436 2837 τὸ
2462 2783 2842 2852 δεσμωτήριον
2877 2781 3104 2849 εἰσῆγεν
3132 2796 3147 2812 ο
3172 2779 3223 2832 οἳ
3246 2776 3557 2848 Δημήτριός

1985 2894 2044 2931 τε
2089 2872 2233 2949 ἦσαν
2277 2878 2306 2930 ό
2353 2874 2743 2947 Κασανδρηνὺς
2769 2874 2864 2927 καὶ¹
2912 2871 3163 2942 Λάσκαρ,
3198 2870 3257 2935 ὃς
3286 2865 3354 2940 ἦν
3385 2869 3558 2939 μέγας

1985 2968 2374 3042 χαρτουλάριος
2425 2968 2527 3039 τὴν
2564 2966 2748 3033 ἀξίαν.
2786 2967 2981 3029 Ὄντος
3028 2964 3086 3021 δὲ
3133 2965 3190 3017 ὲν
3237 2964 3436 3033 Φεραῖς
3490 2962 3554 3014 οὐ

1986 3060 2351 3134 βοσκημάτων
2430 3062 2594 3131 μόνον
2662 3059 2907 3130 πλήθους
2972 3054 3417 3126 Καντακουζηνῷ
3476 3054 3554 3123 τῷ

1901 3183 1949 3247 c
1984 3154 2213 3224 βασιλεῖ,
2251 3153 2386 3207 ἀλλὰ
2429 3152 2524 3206 καὶ
2567 3150 2796 3222 πυρρῶν
2841 3149 2938 3203 καὶ
2981 3140 3214 3220 καρπῶν
3240 3147 3353 3201 τῶν
3378 3145 3554 3247 ἄλλων
3616 3203 3620 3207 _

1978 3247 2069 3301 διὰ
2113 3247 2174 3300 τὺ
2226 3246 2468 3316 μεγάλας
2516 3243 2612 3298 καὶ
2664 3242 2929 3304 πλείστας
2979 3243 3206 3309 κτήσεις
3261 3237 3548 3309 μᾶλλον,ἢ

1976 3338 2123 3392 κατά
2160 3337 2259 3401 τὰς
2289 3337 2456 3399 ἄλλας
2502 3334 2689 3398 πόλεις
2720 3333 2976 3387 ἐνταυθοῖ
3003 3331 3331 3402 κεκτῆσθαι,
3370 3332 3550 3384 πάντα

1975 3431 2213 3484 ἐποιεῖτο
2262 3429 2370 3482 ῐδια
2428 3426 2612 3488 εὐθύς.
2652 3427 2734 3479 Δι’
2781 3425 2818 3481 δ.
2852 3425 2947 3479 καὶ
2982 3424 3184 3491 μᾶλλον
3216 3422 3547 3491 ὑπωπτεύθη

1976 3521 2073 3576 τὸν
2129 3520 2263 3593 πρὸς
2315 3521 2522 3574 ἐκεῖνον
2582 3517 2822 3588 πόλεμον
2870 3516 3132 3589 ᾑρῆσθαι,
3186 3514 3439 3581 συνιδὼν,
3471 3516 3548 3577 ὡς
3600 3530 3606 3535 ”

1971 3614 2172 3680 ἔοικεν,
2207 3612 2282 3676 ὡς
2309 3614 2374 3664 ἐκ
2405 3611 2507 3682 τῆς
2531 3610 2799 3679 διαφορᾶς
2831 3610 2931 3680 τῆς
2965 3611 3102 3679 πρὸς
3126 3610 3339 3661 ἐκεῖνον
3374 3607 3546 3677 μείζω

1968 3706 2192 3760 δύναιτο
2223 3703 2592 3773 καρποῦσθαι,
2628 3702 2661 3774 ἦ
2692 3703 2792 3773 τῆς
2821 3703 3101 3772 ὁμονοίας,
3128 3703 3181 3755 ετ
3207 3717 3271 3768 γε
3308 3701 3403 3756 καὶ
3431 3700 3543 3753 τῶν

1968 3799 2204 3870 πρώτων
2260 3798 2354 3851 καὶ
2392 3794 2666 3866 μεγίστων
2697 3793 2964 3847 ἀπολαύοι
2996 3793 3130 3865 παρ’
3161 3793 3312 3860 αὐτῷ
3337 3793 3539 3860 τιμῶν.

1968 3892 2043 3943 Οὐ
2077 3890 2237 3959 μόνον
2285 3889 2394 3958 γὰρ
2446 3888 2674 3940 ἐκείνων
2717 3883 2991 3939 τοσούτων
3034 3884 3205 3939 ὄντων
3249 3884 3441 3954 κύριος
3475 3882 3542 3954 ἦν

1966 3983 2150 4045 εὐθὺς,
2187 3978 2323 4034 ἀλλά
2369 3980 2463 4032 καὶ
2506 3978 2633 4043 τοὺς
2680 3978 2867 4046 φίλους
2914 3977 3194 4049 διηρεύνα,
3224 3977 3273 4030 οἳ
3317 3972 3457 4047 ἦσαν
3483 3979 3541 4029 ἐν

1965 4075 2166 4144 Φεραῖς
2206 4072 2414 4127 πολλοί.
2452 4072 2559 4129 Καὶ
2613 4071 2835 4125 πάντων
2886 4072 2987 4132 τὰς
3034 4069 3225 4131 οὐσίας
3272 4071 3538 4141 ἀφαιρού-

1969 4182 2150 4236 μενος,
2207 4161 2470 4226 ἐκόλαζεν
2527 4160 2954 4228 ἀπανθρώπως·
2993 4155 3061 4230 ἦν
3115 4160 3226 4229 γὰρ
3286 4160 3352 4231 δὴ
3404 4160 3541 4229 πρὸς

1964 4256 2122 4311 τοῦτο
2172 4254 2439 4325 πρότερόν
2494 4269 2550 4303 τε
2612 4252 2754 4321 ἔχων
2788 4250 3025 4321 μάλιστα
3073 4250 3412 4321 ὲπιρρεπῶς,
3445 4252 3539 4302 καὶ

1964 4348 2087 4400 τότε
2163 4345 2400 4415 μάλιστα
2459 4343 2839 4413 ἐφιλονείκησε
2920 4341 3192 4412 μηδεμίαν
3255 4341 3538 4411 ὠμότητος

1965 4435 2278 4507 ὐπερὸολὴν
2305 4433 2613 4488 ἀπολιπεῖν.
2645 4434 2833 4503 nam;
2863 4434 2974 4503 γὰρ
3009 4432 3088 4502 τῷ
3116 4432 3300 4503 μέτρῳ
3328 4434 3454 4497 τοὺς
3479 4437 3537 4485 ὲν
3575 4464 3582 4471 -

284 4524 512 4562 currere
581 4507 971 4576 nequiverunt.
1023 4507 1252 4561 Interim
1309 4518 1679 4579 protostrator
1723 4510 1855 4566 facti

1976 4527 2243 4596 Βυζαντίῳ
2262 4526 2602 4597 ,παρήλασεν
2635 4528 2692 4578 ἐν
2722 4528 2880 4587 πᾶσι,
2905 4525 3045 4593 πλὴν
3068 4527 3166 4594 τῆς
3194 4524 3403 4595 ὕϐρεως
3425 4542 3441 4557 -
3476 4527 3534 4578 ἐν

282 4602 583 4668 pceniteits,
609 4598 753 4668 quod
781 4598 1107 4667 legationem
1134 4599 1445 4668 repulisset,
1473 4616 1571 4670 per
1599 4602 1857 4655 intimum

281 4691 576 4760 quemdam
623 4690 841 4761 occulte
890 4689 1082 4743 urbem
1130 4690 1577 4759 Thessalonicam
1629 4693 1861 4762 impera-

284 4784 386 4837 tori
418 4798 477 4838 se
512 4782 844 4849 traditurum
885 4782 1212 4853 pollicetur;
1242 4799 1363 4839 esse
1405 4786 1551 4841 enim
1591 4784 1723 4846 illic.
1761 4786 1854 4855 qni

280 4875 328 4929 ri
362 4874 632 4936 faverent,
664 4889 826 4942 quam
862 4874 1153 4944 plurimos;
1204 4886 1261 4930 et
1303 4879 1579 4942 monebat,
1615 4895 1682 4932 ne
1714 4895 1854 4934 cuu-

278 4977 548 5028 ctarcttt‘r,
587 4969 681 5021 sed
734 4964 883 5021 veris
936 4966 1095 5023 initio
1145 4968 1455 5034 accederet,
1508 4971 1742 5024 multum
1794 4987 1854 5029 se

279 5060 404 5129 ejus
430 5057 739 5115 rationibus
766 5060 1267 5116 commodaturum.
1302 5059 1569 5116 Similiter
1597 5073 1652 5119 et
1681 5064 1853 5121 Chre-

279 5157 377 5219 les,
433 5155 533 5227 qui
583 5154 881 5225 aliquando
928 5171 995 5211 ex
1047 5155 1309 5211 Triballis
1358 5157 1424 5212 ad
1476 5160 1851 5220 Andronicum

277 5246 666 5317 transfugerat,
710 5261 834 5303 sese
884 5260 1011 5300 cum
1060 5245 1209 5300 mille
1248 5247 1535 5316 militibus,
1571 5261 1625 5306 et
1672 5253 1851 5310 tribus

274 5339 494 5409 oppidis
516 5338 811 5394 dediderat
838 5355 852 5391 :
884 5352 1008 5406 qua:
1044 5337 1306 5393 Romanis
1335 5340 1603 5412 subjecta,
1636 5347 1850 5402 Andro-

271 5431 413 5486 nicis
446 5431 590 5485 inter
634 5446 694 5485 se
736 5428 1210 5498 belligerantibus.
1247 5430 1470 5489 Triballi
1507 5434 1702 5494 incolis
1746 5440 1847 5495 de-

271 5519 542 5578 ditionem
575 5522 910 5577 facientibus
944 5534 1303 5593 occuparant.
1335 5523 1437 5582 Hic
1467 5528 1650 5601 itaque
1672 5532 1846 5590 Chre-

270 5620 347 5670 tcs
393 5616 627 5686 pecunia
683 5615 1013 5676 instructus.
1069 5624 1126 5671 et
1150 5617 1455 5674 exercitum
1494 5622 1598 5677 sub
1643 5641 1700 5680 se
1732 5643 1842 5684 non

269 5703 680 5774 aspernandum
720 5704 951 5771 habens,
986 5714 1043 5760 et
1083 5718 1244 5762 antea
1276 5709 1592 5779 imperatori
1632 5715 1840 5773 Cantan

266 5810 295 5847 c
321 5811 472 5850 ezeno
502 5795 878 5853 amicissimus
910 5796 1030 5870 (per
1061 5813 1223 5870 quem
1258 5810 1315 5855 et
1345 5801 1649 5861 Andronici
1698 5812 1838 5866 ami-

1960 4618 2136 4685 τούτῳ
2182 4616 2290 4687 γὰρ
2343 4616 2491 4685 μόνῳ
2536 4615 2921 4684 σωφρονοῦντα.
2954 4615 3149 4668 ἑαυτὸν
3203 4614 3530 4686 παρέσχετο.

1960 4709 2075 4775 Τήν
2103 4725 2161 4761 τε
2196 4708 2497 4777 μνηστείαν
2540 4706 2642 4776 τῆς
2688 4707 2961 4778 θυγατρὸς
2998 4709 3069 4780 ἢν
3108 4710 3371 4778 πρότερον
3400 4710 3534 4780 πρὸς

1957 4801 2051 4855 τὸν
2084 4800 2351 4871 βασιλέως
2378 4800 2492 4853 υἱὸν
2527 4800 2820 4871 πεποίητο,
2859 4801 3097 4856 διέλυσε.
3133 4802 3269 4855 Τότε
3307 4804 3404 4872 μὲν
3436 4798 3530 4857 οὖν

1958 4893 2228 4963 χειμῶνος
2259 4890 2494 4956 ἐξαισίου
2526 4892 2999 4966 ὲπιγενομὲνου,ἤ
3033 4912 3090 4946 τε
3143 4896 3206 4947 ἐκ
3235 4894 3530 4959 Βυζαντίου

1957 4988 2058 5040 καὶ
2098 4989 2131 5058 η
2177 4987 2242 5039 ἐκ
2286 4985 2673 5057 Διδυμοτείχου
2716 4990 2950 5058 στρατιά
2995 4988 3291 5060 ἡσύχαζον,
3328 4990 3406 5061 μὴ
3445 4989 3532 5042 δυ-

1957 5079 2180 5150 νάμενοι
2237 5077 2489 5150 ἀλλήλοις
2547 5078 2924 5144 άντεπεξιέναι
2973 5080 3064 5135 διὰ
3110 5081 3203 5135 τὸν
3255 5082 3523 5153 χειμῶνα.

1967 5169 2057 5223 Ἐν
2080 5169 2253 5241 τούτῳ
2276 5169 2331 5223 δὲ
2360 5172 2454 5224 καί
2481 5175 2507 5225 ὁ
2539 5172 2981 5243 πρωτοστράτωρ
3007 5175 3071 5226 ἐκ
3097 5175 3525 5246 Θεσσαλονίκης,

1953 5261 2035 5316 ὅτι
2060 5264 2160 5334 τὴν
2190 5263 2456 5335 βασιλέως
2478 5266 2752 5319 ἀπείπατο
2778 5267 3073 5338 πρεσϐείαν
3099 5269 3521 5340 μεταμεληθεὶς,

1952 5356 2061 5408 τῶν
2090 5358 2442 5412 οίκειοτάτων
2470 5359 2698 5429 πέμψας
2734 5363 2879 5420 τινὰ.
2918 5361 3105 5432 κρύφα
3146 5361 3421 5431 διελέγετο
3448 5366 3522 5429 ὡς

1950 5447 2355 5521 Θεσσαλονίκην
2411 5451 2790 5520 παραδώσωνο
2842 5450 2981 5506 εἶναι
3033 5454 3139 5524 γὰρ
3199 5454 3351 5526 αὐτῷ
3397 5456 3524 5520 τοὺς

1952 5544 2409 5609 συμπράττοντας
2463 5545 2582 5596 ἐκεῖ
2635 5545 2884 5610 πολλούς.
2937 5546 3301 5601 Συνεὸούλευέ
3343 5563 3403 5601 τε
3446 5552 3521 5618 μὴ

1898 5700 1899 5705 η
1952 5631 2170 5703 μέλλειν
2192 5673 2208 5697 ,
2240 5633 2357 5687 ἀλλ’
2389 5635 2505 5704 ἅμα
2535 5630 2630 5707 ἦρι
2663 5637 2818 5706 ἥκειν
2848 5640 2984 5707 πρὸς
3014 5641 3197 5707 αὐτὸν,
3221 5642 3296 5705 ὡς
3322 5643 3521 5713 πολλῆς

1948 5724 2096 5793 αὐτῷ
2148 5726 2415 5794 ὠφελείας
2472 5729 2738 5798 ἐσομένης
2788 5731 2847 5795 ἐξ
2903 5730 3135 5801 ἐκείνου.
3182 5732 3416 5803 Ὁμοίως
3462 5736 3520 5790 δὲ

1949 5818 2041 5870 καὶ
2074 5817 2310 5895 Χρέλης,
2341 5820 2395 5882 ὃς
2438 5815 2507 5891 ἦν
2547 5824 2814 5892 πρότερον
2863 5825 2993 5894 πρὸς
3045 5825 3384 5896 Ἀνδρόνικον
3426 5828 3518 5881 τὸν
