4054 6416
375 384 484 450 885

1515 391 2062 452 lllS'l‘OlllABUM
2107 393 2342 454 LIBER
2385 393 2501 457 Ill.

3537 398 3652 463 886

377 497 606 567 βασιλέα
643 497 1043 570 ηὐτομοληκὼς
1075 501 1141 553 ὲκ
1173 501 1484 572 Τριϐαλῶν,
1518 503 1862 569 στρατιώτας
1903 520 1959 556 τε

2070 505 2254 560 citiam
2279 507 2515 576 adeptus
2545 507 2753 580 fuerat)
2782 507 2932 564 misit
2962 508 3080 580 ipse
3112 509 3663 580 quoque-signiﬁca--

375 590 518 660 ἔχων
556 591 788 660 χιλίους,
823 594 919 647 καὶ
952 593 1138 657 πόλεις
1165 595 1312 660 τρεῖς
1350 593 1782 663 παραδεδωκὼς,
1812 597 1956 648 κατά

376 684 468 736 τὸν
504 686 642 754 πρὸς
695 685 964 754 ἀλλήλους
1005 685 1116 738 τῶν
1154 685 1513 756 Ἀνδρονίκων
1559 686 1827 756 βασιλέων
1863 687 1960 740 πό-

378 778 546 847 λεμον
593 777 862 846 κατέσχον
911 779 961 832 οί
993 778 1258 848 Τριϐαλοὶ
1299 778 1408 831 τῶν
1437 779 1781 848 κατεχόντων
1827 779 1961 830 Ῥω-

383 867 560 938 μαίων
609 868 984 940 παραδόντων.
1031 862 1201 932 Οὗτος
1243 868 1308 938 δὴ
1353 864 1447 922 οὗν
1500 871 1528 922 ὁ
1579 868 1796 939 Χρέλης
1826 869 1962 938 χρή-

384 957 517 1028 μασί
561 975 622 1010 τε
671 957 1008 1030 ἐρρωμένος,
1035 959 1131 1011 καὶ
1179 958 1445 1026 στρατιὰν
1494 957 1634 1028 ἔχων
1679 958 1960 1026 ἀξιόλογον

383 1050 471 1122 ὑφ’
503 1050 706 1120 έαυτῷ,
732 1053 827 1104 καὶ
857 1051 1124 1120 πρότερον
1151 1050 1362 1121 βασιλεῖ
1399 1049 1478 1120 τῷ
1509 1051 1961 1122 Καντακουξηνῷ

383 1150 439 1210 ἐς
466 1147 534 1200 τά
571 1147 808 1216 μάλιστα
853 1145 1005 1214 φίλος
1039 1145 1138 1210 ὢν,
1166 1147 1233 1200 δι’
1259 1147 1428 1202 αὐτοῦ
1456 1147 1564 1217 γὰρ
1602 1147 1699 1200 καὶ
1737 1147 1961 1218 Ἀνδρος

383 1239 518 1308 νίκῳ
562 1235 839 1306 προσῆλθε
881 1237 960 1307 τῷ
993 1236 1226 1308 βασιλεῖ,
1253 1239 1475 1308 πέμψας
1517 1239 1609 1292 καὶ
1657 1237 1841 1302 αὐτὸς,
1877 1240 1962 1292 ὅτι

384 1345 444 1381 τε
476 1329 684 1396 αίροῖτο
707 1327 898 1398 ἐδήλου
929 1328 1000 1382 τά
1022 1328 1258 1392 ἐκείνου,
1287 1332 1384 1383 καὶ
1411 1328 1646 1400 παρῄνει
1679 1331 1772 1382 καὶ¹
1801 1328 1964 1392 αὐτὸς

389 1419 524 1489 πρὸς
556 1418 654 1488 τὴν
689 1419 928 1489 ἑσπέραν
959 1419 1163 1488 μᾶλλον
1198 1417 1528 1489 τρέπεσθαι,
1547 1419 1623 1481 ὡς
1655 1419 1715 1472 ού
1747 1418 1961 1488 φαύλης

388 1509 532 1572 τινὸς
577 1509 803 1562 αὐτόθεν
856 1509 1120 1579 ἐσομένης
1173 1509 1465 1579 ὠφελείας.
1522 1509 1787 1572 Βασιλεὺς
1829 1509 1886 1562 δὲ
1935 1510 1964 1563 ὁ

390 1602 862 1672 Καντακουζηνδς,
897 1603 1018 1656 ὲ,πεῖ
1061 1602 1222 1673 ἔαρος
1252 1602 1372 1672 ὥρα
1406 1602 1506 1673 ’ήδη
1539 1598 1629 1674 ἦν,
1662 1603 1962 1673 ικκλησίαν

387 1693 710 1762 συναγαγὼν
763 1696 828 1748 ἐκ
873 1695 982 1748 τῶν
1017 1696 1311 1759 συνόντων,
1345 1695 1483 1766 πρὸς
1530 1696 1558 1749 ὃ
1605 1713 1658 1748 τι
1701 1695 1810 1766 χρὴ
1841 1697 1966 1766 τρέ-

384 1786 584 1838 πεσθαι
636 1787 987 1844 ἐσκέπτοντο.
1034 1789 1191 1840 Ὅσοι
1244 1788 1345 1856 μὲν
1390 1784 1484 1841 οὗν
1538 1789 1604 1842 ὲκ
1656 1789 1961 1854 Βυζαντίου

381 1876 544 1948 ἦσαν,
573 1878 673 1946 τὴν
719 1879 800 1942 εἰς
846 1880 1142 1944 Βυζάντιον
1193 1881 1396 1949 μᾶλλον
1455 1881 1848 1934 συνεϐούλευον
1879 1885 1965 1934 αἰ-

385 1971 597 2042 ρίῖσΘαι
632 1971 882 2041 εἰσϐολήν
925 1988 939 2004 ο
966 1973 1040 2036 ὼς
1079 1973 1147 2044 ἣν
1173 1973 1521 2044 κρατήσωσιν
1555 1975 1791 2039 ἐκείνου,
1825 1969 1967 2028 εἶναι

385 2065 442 2119 δὲ
482 2066 586 2119 οὐκ
630 2065 880 2132 ἀγεννεῖς
921 2066 1165 2131 ἐλπίδας,
1205 2066 1420 2119 πολλῶν
1459 2069 1577 2123 ἐκεῖ
1605 2067 1670 2121 τά
1699 2067 1968 2136 βασιλέως

389 2160 702 2230 ᾑρημένων,
739 2159 992 2228 μεγάλων
1035 2158 1475 2228 ἀπαλλαξόμενοι
1523 2159 1619 2220 καὶ
1650 2161 1831 2214 πόνων
1871 2163 1968 2216 καὶ

393 2249 668 2304 κινδύνων.
702 2251 764 2302 Οί
795 2249 838 2302 δ’
867 2249 1113 2316 ἑσπέριοι
1160 2252 1269 2314 τοῖς
1294 2253 1360 2304 ὲκ
1392 2251 1490 2318 τῆς
1522 2250 1765 2320 ἑσπέρας
1799 2267 1970 2322 προσ-

396 2342 536 2411 έχειν
585 2339 754 2410 ῷοντο
813 2341 1014 2410 μᾶλλον
1059 2342 1350 2411 πράγμασι
1384 2342 1518 2407 δεῖν,
1548 2341 1626 2405 ὡς
1654 2343 1756 2396 οὐκ
1805 2346 1971 2395 ἐκπε-

395 2432 802 2499 πολεμωμένοις
856 2431 1110 2502 βασιλεῖ,
1167 2433 1305 2487 ἀλλά
1360 2435 1831 2506 προσχωρήσουσι
1879 2436 1970 2488 διά

391 2524 488 2593 τήν
529 2522 746 2578 εὔνοιαν
797 2525 1016 2596 ῥᾳδίως.
1067 2526 1146 2579 Τά
1197 2526 1244 2579 δ’
1287 2528 1345 2579 έν
1390 2528 1674 2600 Βυζαντίῳ
1723 2529 1972 2598 μεγάλης

386 2615 594 2671 δεῖσθαι
638 2615 740 2686 τῆς
791 2619 1177 2688 παρασκευῆς,
1213 2617 1441 2674 ιπολλῶν
1485 2618 1829 2673 ὄντωνςέκεῖ
1859 2620 1971 2673 τῶν

389 2711 820 2778 πολεμιωτάτων
849 2711 1081 2780 βασιλεῖ,
1121 2713 1215 2765 καὶ
1263 2713 1394 2777 τοὺς
1424 2713 1622 2778 ἄλλους
1663 2714 1972 2783 ἐναγόντων

391 2802 527 2872 πρὸς
577 2803 667 2855 τὸν
719 2804 978 2872 πόλεμον.
1017 2800 1115 2868 Οἷς
1161 2805 1243 2859 δεῖ
1297 2807 1725 2876 ἐπιστρατεύειν
1765 2809 1972 2879 ἐπανή-

392 2909 584 2958 κοντας
623 2897 689 2948 ὲκ
719 2896 819 2965 τῆς
849 2895 1113 2966 ἑσπέρας,
1148 2898 1244 2950 καὶ
1272 2897 1520 2966 μεγάλην
1562 2896 1779 2950 ἐκεῖθεν
1808 2915 1970 2967 περι-

395 2985 763 3057 ϐεϐλημένους
814 2989 1068 3060 δύναμιν.
1105 2989 1178 3044 Τὸ
1227 2991 1416 3059 μέντοι
1445 2989 1842 3062 μισθοφορικὸν
1873 2991 1972 3062 τῆς

393 3081 673 3148 στρατιᾶς,
705 3081 800 3133 καὶ
850 3081 966 3134 ὅσοι
1026 3081 1135 3135 τῶν
1193 3081 1461 3151 βασιλέως
1512 3077 1656 3154 ἦσαν
1715 3083 1968 3149 οἰκετῶν,

2063 603 2202 655 tum.
2243 613 2302 652 se
2345 599 2467 668 ejus
2509 609 2696 668 partes
2733 599 2913 670 sequi,
2951 615 3076 654 cum
3118 599 3526 664 cohortatione,
3562 603 3666 656 uti"-

2061 689 2128 743 ad
2166 687 2522 745 Occidentem
2573 706 2633 746 se
2664 701 3037 752 converteret,
3069 702 3260 761 utpote
3314 695 3646 749 non-mini-

2061 796 2184 836 mos
2210 781 2286 836 ibi
2316 783 2576 838 utilitatis
2602 783 2821 838 fructus
2850 783 3667 858 inventurus.ICantacuzenus-

2061 887 2187 926 cum
2214 875 2328 943 jam
2365 888 2598 928 vernum
2639 883 2856 944 tempus
2896 872 3138 936 adesset,
3172 883 3370 928 coacto
3413 889 3643 928 suorum

2061 963 2324 1026 concilio,
2383 979 2494 1034 quo
2527 963 2774 1019 eundum
2809 973 2977 1031 esset,
3027 963 3394 1018 deliberabat.
3441 963 3666 1035 Byzan--

2065 1055 2165 1111 tini
2192 1070 2386 1110 omnes
2417 1056 2830 1125 expeditionem
2874 1051 3244 1128 Byzantinam'
3290 1055 3648 1124 auteeapien—

2063 1148 2188 1203 dam
2253 1148 2671 1214 decernebant;
2730 1165 2856 1203 nam
2916 1150 2961 1203 si
3016 1164 3080 1204 ea
3138 1148 3275 1203 urbe
3333 1150 3670 1217 potirentur-

2065 1245 2209 1310 (esse
2237 1249 2420 1294 autem
2456 1237 2704 1319 potiundi
2741 1240 3056 1309 praeclaram
3090 1242 3293 1310 spem).
3341 1241 3533 1294 multis
3569 1240 3666 1296 ib'r

2066 1330 2424 1400 imperatoris
2461 1341 2646 1399 partes
2693 1329 3174 1400 amplectentibus,
3228 1329 3439 1400 magnis
3487 1329 3648 1384 dein-

2065 1438 2195 1491 ceps
2223 1421 2600 1476 et'laboribus
2641 1431 2698 1476 et
2759 1422 3026 1491 periculis
3066 1421 3185 1475 fore
3229 1421 3453 1475 liberos.
3485 1419 3648 1476 Occi-

2065 1515 2314 1572 dentales
2360 1523 2544 1569 autem
2595 1513 2770 1583 magis
2813 1512 2880 1566 ad
2935 1528 3026 1566 res
3085 1511 3400 1568 Occidentis
3435 1511 3650 1566 incum-

2065 1607 2308 1664 bendum
2345 1607 2687 1678 censebant;
2719 1603 2922 1674 quippe
2968 1603 3113 1656 haud
3159 1603 3407 1658 etferatis
3447 1603 3559 1657 illic
3590 1605 3646 1657 in

2066 1702 2456 1772 imperatorem
2484 1698 2834 1761 mortalibus,
2861 1712 2925 1752 ac
2957 1695 3191 1766 proinde
3215 1695 3286 1751 ob
3317 1695 3653 1751 benevolen-

2067 1797 2199 1851 tiam
2240 1809 2352 1849 non
2401 1791 2623 1847 dillicile
2670 1790 2739 1844 ad
2789 1789 3259 1859 ejus.imperium
3309 1787 3648 1844 accessuris.

2066 1887 2352 1943 Adversus
2394 1883 2726 1956 Byzantinos
2769 1898 2911 1951 opus
2945 1880 3066 1936 fore
3106 1896 3304 1952 magno
3355 1888 3648 1948 apparatu.

2071 1978 2296 2050 quando
2344 1977 2461 2032 illic
2507 1975 2664 2030 multi
2716 1974 2828 2029 sint
2875 1975 2998 2044 ejus
3044 1972 3232 2028 boues
3279 1970 3650 2034 acerbissimi,

2071 2070 2166 2141 qui
2201 2079 2259 2124 et
2293 2069 2435 2124 alios
2469 2067 2537 2122 ad
2578 2082 2732 2121 arma
2761 2065 3104 2122 exsuscitent
3132 2081 3146 2118 :
3183 2065 3239 2118 in
3270 2079 3412 2135 quos
3442 2063 3512 2119 ab
3559 2077 3655 2117 oc-

2072 2163 2295 2219 cidente
2325 2169 2519 2216 auctos
2549 2159 2800 2230 potentia
2842 2171 3120 2220 reversos,
3168 2171 3392 2212 movere
3429 2163 3652 2226 oporte-

2071 2265 2180 2312 ret.
2213 2253 2542 2314 Mercenarii
2588 2261 2647 2306 et
2693 2250 2984 2306 domestici
3034 2250 3390 2319 imperatoris
3439 2249 3651 2303 nullum

2072 2345 2374 2402 discrimen
2409 2343 2713 2409 faciebant,
2754 2343 2932 2407 parati
2961 2342 3042 2396 ire
3077 2357 3186 2412 quo
3214 2342 3307 2397 ille
3336 2341 3654 2396 consultum

2072 2447 2314 2509 putaret.
2349 2435 2521 2506 Cujus
2577 2434 2695 2489 haec
2746 2433 2851 2487 fuit
2908 2434 3181 2488 sententia
3219 2448 3232 2486 :
3266 2431 3654 2487 Occidentales

2073 2533 2220 2588 ultro
2246 2537 2532 2592 vocantes,
2567 2535 2626 2583 et
2650 2537 2757 2582 tam
2787 2526 2943 2581 multi
2974 2525 3118 2579 haud
3153 2523 3462 2595 negligendi
3491 2531 3652 2590 sunt;

2073 2625 2169 2694 qui
2204 2623 2250 2678 si
2285 2622 2372 2677 vel
2408 2634 2522 2675 non
2568 2627 2856 2684 vocarent,
2889 2629 2947 2673 et
2988 2617 3167 2672 solum
3215 2614 3426 2686 aliquid
3467 2615 3658 2685 explo-

2073 2725 2208 2770 ratae
2236 2715 2356 2786 spei
2381 2711 2903 2777 subostenderetur,
2939 2709 3008 2765 ad
3037 2724 3142 2765 nos
3175 2724 3236 2763 se
3267 2708 3656 2778 adiungerent,

2073 2809 2123 2865 si
2175 2808 2250 2864 ibi
2296 2823 2567 2864 essemus.
2627 2806 2802 2861 Tanta
2853 2803 3024 2875 igitur
3077 2801 3400 2858 accessione
3447 2799 3656 2874 ,virium

2075 2911 2274 2972 sponte
2307 2900 2563 2964 dimissa,
2593 2913 2758 2968 quam
2802 2895 3269 2966 vituperationem
3316 2909 3429 2948 non
3481 2907 3660 2948 mereo

2075 2991 2299 3047 remur?
2348 2989 2512 3062 553
2542 2988 2704 3044 Nunc
2755 2987 3022 3058 quoniam
3081 2987 3188 3057 ipsi
3235 2995 3552 3048 accersunt,
3601 2995 3659 3041 et

2075 3093 2292 3140 certum
2337 3091 2445 3148 est,
2479 3097 2581 3137 nos
2627 3095 2816 3135 rerum
2852 3078 2964 3134 illic
3004 3078 3307 3148 potituros,
3347 3092 3459 3131 non
3494 3076 3662 3131 habet

388 3171 701 3241 διεφέροντο
725 3172 862 3242 πρὸς
891 3173 1044 3227 οὐδέν
1078 3190 1093 3206 ·
1139 3173 1258 3229 ἀλλ’
1291 3174 1500 3246 ῑτοιμοι
1529 3169 1670 3246 ἦσαν
1695 3176 1833 3244 πρὸς
1863 3174 1891 3227 ὃ
1919 3193 1967 3228 τι

2080 3176 2383 3246 quidquam
2417 3189 2520 3229 nec
2546 3173 2826 3237 utilitatis,
2852 3187 2955 3227 nec
2993 3169 3324 3241 prudentiae,
3362 3179 3528 3224 tanta:
3557 3183 3660 3238 op-

390 3262 457 3315 ἂν
489 3264 697 3332 βασιλεῖ
744 3265 878 3336 δοκῇ
934 3266 1236 3321 λυσιτελεῖν
1287 3267 1619 3339 τρεψόμενοι
1656 3268 1752 3320 καὶ
1789 3267 1967 3324 αὐτοί.

389 3355 652 3419 Βασιλεὺς
697 3357 752 3410 δὲ
785 3359 883 3409 οὐκ
919 3359 1128 3426 ἔφασκε
1178 3359 1290 3413 δεῖν
1325 3362 1454 3422 τοὺς
1481 3361 1548 3412 ἐκ
1587 3358 1686 3429 τῆς
1728 3359 1971 3429 ἑσπέρας

2077 3267 2401 3337 portunitati
2427 3266 2642 3332 deesse,
2674 3265 2772 3320 sed
2805 3264 3026 3318 illorum
3060 3275 3282 3333 queque
3311 3260 3660 3316 assumendae
3698 3304 3711 3312 .

2075 3361 2244 3422 vires,
2284 3368 2340 3414 et
2368 3359 2450 3414 sic
2485 3359 2706 3426 demum
2747 3356 2843 3411 alii
2876 3353 3212 3424 subjugaudi
3250 3361 3403 3411 sunt.
3436 3352 3662 3407 Timen-

389 3448 691 3514 καλοῦντας
739 3451 901 3516 δ.τας
966 3452 1324 3522 τηλικούτους
1388 3455 1688 3524 περιορᾷ-ι·
1743 3453 1840 3506 καὶ
1893 3451 1967 3523 μὴ

2073 3452 2206 3509 dum
2256 3451 2480 3522 quippe,
2548 3450 2595 3506 si
2647 3464 2747 3505 eos
2802 3464 2914 3502 non
2972 3445 3383 3510 curaverimus,
3443 3459 3513 3498 ne
3566 3458 3665 3514 pro

387 3541 702 3597 καλούντων
751 3545 884 3617 γὰρ,
941 3548 990 3598 εί
1053 3547 1218 3614 μόνον
1269 3546 1427 3609 ἑλπίς
1481 3563 1564 3609 τις
1631 3544 1967 3615 ὑπεφαίνετο

2075 3543 2273 3600 amicis
2299 3552 2358 3597 et
2391 3541 2577 3600 sociis,
2627 3540 2815 3596 hostes
2851 3555 2961 3594 una
2993 3554 3121 3594 cum
3158 3539 3376 3593 caeteris
3411 3536 3665 3606 experia-

393 3634 610 3704 βεϐαία,
642 3638 738 3692 τοῦ
797 3639 1170 3709 προσάξεσθαι
1230 3640 1430 3702 αὐτοὺς
1481 3641 1600 3693 ἐκεῖ
1652 3656 1967 3709 παραγενο-

2075 3651 2220 3692 mur.
2258 3634 2375 3700 llis,
2408 3644 2466 3689 et
2494 3634 2621 3690 aliis
2653 3648 2782 3704 pars
2821 3633 3038 3698 volens,
3083 3646 3212 3701 pars
3261 3629 3431 3685 invita
3479 3630 3669 3686 calcu-

391 3727 608 3792 μένους,
642 3725 784 3801 ἦμεν
831 3732 897 3785 ἂν
941 3733 1197 3802 οὐδεμιᾶς
1231 3728 1647 3802 ἀπηλλαγμένοι
1675 3731 1963 3801 μέμψεως.

2070 3729 2184 3784 lum
2211 3728 2564 3798 adjecerunt.

391 3823 440 3873 εί
474 3821 730 3893 τοιαύτην
783 3823 1012 3894 δύναμιν
1070 3824 1375 3895 προείμεθα
1428 3826 1676 3888 ἑκόντες·
1708 3824 1849 3878 Νυνὶ
1885 3823 1965 3888 δὲ,
2009 3820 2319 3875 καλούντων
2379 3836 2439 3872 τε
2504 3817 2706 3894 αύτῶν,
2741 3819 2835 3873 καὶ
2868 3817 3093 3888 βεϐαίαν
3121 3817 3231 3871 τῶν
3257 3817 3376 3871 ἐκεῖ
3400 3819 3668 3889 πραγμά..

390 3931 498 3968 των
547 3916 897 3987 παρεχόντων
942 3918 1041 3988 τὴν
1091 3917 1428 3988 πγράληψιν,
1481 3916 1606 3971 οὔτε
1656 3915 1960 3979 λυσιτελὲς,
2001 3911 2129 3966 οὗτε
2199 3911 2418 3982 σῶφρον
2462 3911 2748 3981 παριδεῖνο
2825 3910 2961 3964 ἀλλὰ
3007 3910 3126 3964 δέον
3157 3913 3253 3965 καὶ
3283 3913 3386 3982 τήν
3434 3911 3665 3966 ἐκείνων

394 4007 798 4078 προσλαϐόντας
842 4011 1091 4081 δύναμιν,
1134 4010 1278 4064 οὕτω
1352 4015 1552 4082 χωρεῖν
1601 4011 1695 4064 επὶ
1741 4011 1869 4072 τοὺς
1936 4007 2151 4070 ἄλλους.
2192 4007 2320 4068 Δέος
2392 4004 2501 4075 γὰρ
2549 4003 2624 4075 μὴ
2671 4004 2766 4056 καὶ
2821 4004 3031 4074 ταύτης
3073 4004 3472 4075 ἀμελήσαντες.
3539 4005 3665 4058 ἀντὶ

394 4103 682 4172 συμμάχου
729 4106 822 4158 καὶ
881 4105 1058 4176 φίλης,
1113 4105 1378 4173 πολεμίων
1459 4107 1598 4175 πρὸς
1652 4108 1767 4168 τοῖς
1818 4104 2000 4166 ἄλλοις
2077 4103 2296 4172 ἕξομεν.
2354 4101 2542 4163 Οὕτως
2593 4099 2843 4163 εἰπόντος
2909 4099 3198 4169 βασιλέως,
3255 4103 3347 4154 καὶ
3408 4103 3458 4154 οἱ
3513 4101 3677 4157 ἄλλοι·

394 4197 815 4269 ἐπεψηφίξοντο,
844 4201 897 4254 οῖ
933 4202 1034 4274 μὲν
1063 4203 1301 4269 ἑκόντες,
1334 4203 1384 4255 οί
1413 4202 1459 4255 δ’
1493 4201 1761 4283 ἀνάγκῃη
2745 4189 2750 4194 ’

1782 4323 2010 4380 CAPUT
2055 4323 2269 4378 XXXII.

394 4445 534 4524 0⁸9³
563 4445 921 4524 Didymgtichi
949 4447 1352 4524 Cantaeuzenus
1387 4454 1677 4524 imperator
1705 4457 1860 4508 duces
1896 4455 2130 4522 equitum
2170 4459 2217 4505 et
2249 4450 2672 4504 suburbauorum
2721 4448 3016 4524 reliquerit.
3045 4443 3177 4524 Qum
3217 4443 3404 4524 quibus
3427 4429 3658 4524 μύει-η.

467 4513 697 4594 Qef'ectio
743 4517 1085 4594 portstautini
1120 4513 1636 4594 il’alwologiCBera
1695 4513 1978 4580 castellum
2035 4533 2320 4594 tentatur,
2353 4532 2400 4574 et
2437 4532 2670 4594 propter
2712 4513 2990 4594 monachos
3035 4519 3082 4569 ei
3129 4517 3384 4594 parcitur.
3430 4513 3662 4594 Joannes

463 4586 791 4728 frﬁutzesid
825 4591 878 4642 in
907 4589 1067 4656 ﬁdem
1112 4585 1464 4663 imperatricis
1500 4597 1710 4667 redigit.
1739 4596 1868 4665 Ejus
1918 4598 2096 4649 timor.
2157 4592 2374 4648 Obsidio
2429 4585 2764 4646 Peritheorii.
2824 4589 3077 4642 Batatzes
3109 4587 3372 4657 promissa
3434 4585 3662 4653 turpiter

487 4677 516 4711 a
566 4669 628 4715 at.

487 4669 628 4715 mm.

467 4773 610 4843 Πρὸς
647 4773 746 4844 μὲν
780 4773 872 4828 οὖν
904 4777 1275 4851 Διδυμοτείχῳ
1307 4779 1557 4850 βασιλίδα
1584 4783 1683 4850 τὴν
1729 4782 1966 4850 γυναῖκα

2147 4779 2318 4848 Igitur
2339 4775 2483 4848 apud
2511 4773 2980 4847 Didymotichum,
3006 4773 3295 4842 coniugem
3323 4786 3448 4824 cum
3479 4771 3661 4826 tribus

395 4868 688 4921 κατέλιπεν
735 4870 764 4922 ό
809 4869 1064 4937 βασιλεὺς
1122 4871 1238 4944 ἅμα
1286 4875 1592 4946 θυγατράσι
1642 4862 1830 4945 τρισὶξ
1875 4876 1967 4926 καὶ

2083 4868 2327 4934 ﬁliabus,
2377 4878 2436 4923 et
2481 4867 2852 4937 Nicephorum
2919 4866 3137 4931 ducem,
3187 4863 3432 4932 despota:
3488 4863 3658 4917 lilium

393 4960 549 5016 δουκὶ
587 4961 888 5034 Νικηφόρῳ
917 4964 994 5033 τῷ
1017 4965 1276 5019 δεσπότου
1307 4967 1481 5033 παιδὶ,
1592 4967 1813 5037 Μαρίαν
1845 4980 1972 5017 συν-

394 5055 564 5126 ῴκισε
629 5057 727 5127 τήν
775 5056 1072 5128 Θυγατέρα,
1126 5057 1403 5122 ἀδυνάτως
1456 5059 1636 5129 ἔχοντι
1678 5057 1975 5130 στρατεύε-

399 5147 522 5202 σθαι
554 5148 645 5202 διὰ
682 5149 781 5219 τήν
819 5149 1059 5221 ἡλικίαν,
1092 5149 1171 5202 ἔτι
1207 5150 1314 5223 γὰρ
1365 5149 1682 5222 παρήμειϐε
1706 5151 1807 5220 τὴν
1848 5167 1979 5202 παι-

398 5240 591 5311 δικήν·
648 5242 909 5313 στρατιά-ι
946 5260 1007 5295 τε
1063 5243 1466 5313 ἱππικὴν-ὅσην
1526 5241 1664 5314 ᾤετο
1713 5241 1978 5311 ἀρκέσειν

401 5334 536 5402 πρὸς
583 5335 682 5397 τὰς
740 5337 805 5388 ὲκ
853 5335 961 5388 τῶν
1011 5335 1191 5388 ἄλλων
1244 5335 1474 5401 πόλεων,
1525 5336 1620 5386 καὶ
1681 5333 1980 5397 Βυζαντίου

2083 4962 2192 5032 (cui
2228 4960 2453 5015 Mariam
2510 4959 2677 5014 ﬁliam
2721 4959 3122 5027 desponderat,
3159 4957 3367 5028 quique
3409 4972 3506 5025 per
3534 4967 3665 5010 aetn-

2083 5061 2193 5107 tem
2229 5053 2558 5106 imbecillam
2584 5068 2648 5106 ae
2680 5051 2949 5121 puerilem
2980 5048 3216 5104 tolerare
3248 5048 3498 5102 militiam
3532 5063 3665 5101 non-

2079 5146 2210 5199 dum
2247 5153 2460 5215 poterat
2488 5144 2629 5217 [83])
2661 5153 2716 5198 et
2749 5153 2961 5198 turmas
2996 5152 3305 5211 equestres,
3335 5150 3472 5210 quot
3507 5141 3665 5194 nimi-

2078 5253 2201 5292 rum
2237 5248 2428 5292 conlra
2466 5237 2700 5290 aliarum
2733 5234 2956 5288 urbium
3016 5243 3073 5288 et
3102 5233 3348 5304 Byzantii
3395 5232 3661 5301 impetum

2081 5341 2198 5385 tum
2255 5328 2588 5386 suﬂ'cclurns
2637 5327 2924 5391 credebat,
2960 5325 3211 5395 reliquit.
3265 5322 3436 5376 Erant
3479 5331 3660 5375 autem

1677 5447 1894 5510 Jacobi
1928 5446 2196 5509 Pontani
2232 5452 2420 5506 notae.

471 5553 585 5624 (83)
614 5554 770 5626 Apud
806 5553 1054 5626 Euripid.
1089 5555 1142 5626 in
1191 5553 1402 5608 Hecuba
1452 5551 1775 5625 Polydorus,
1809 5551 1972 5607 mini-

401 5639 520 5680 mus
553 5625 805 5680 natorum
842 5625 1060 5680 Priami.
1092 5625 1159 5679 de
1189 5640 1288 5679 se:

540 5696 828 5760 Νιώτατος
851 5695 894 5748 δ’
919 5691 987 5766 ἦν
1025 5696 1339 5766 Πριαμιδῶν
1357 5708 1373 5724 ⁶
1410 5695 1440 5748 δ
1468 5693 1569 5766 καί.
1597 5711 1663 5762 με
1689 5697 1796 5764 γῆς

547 5764 968 5836 Ὑπεξέπεμψεν
996 5807 1010 5828 ,
1046 5764 1180 5836 ούτε
1199 5765 1307 5833 γὰρ
1327 5766 1528 5836 ,φέρειν
1558 5765 1722 5830 ὅπλα,

543 5837 668 5891 Οὕτ’
704 5830 860 5906 ἔγχος
883 5830 993 5901 οἷός
1018 5835 1066 5888 τ’
1084 5831 1152 5904 ἦν
1184 5830 1287 5904 νέω
1316 5830 1585 5905 βραχίονι.

2219 5548 2484 5618 Eramque
2519 5558 2646 5620 natu
2676 5545 3007 5620 Priamidum
3040 5543 3356 5620 novissimus
3382 5553 3400 5590 :

2221 5623 2388 5690 {Itque
2421 5616 2519 5670 hac
2560 5618 2706 5690 foras
2731 5616 3063 5690 potissimum
3097 5631 3176 5690 me
3207 5616 3379 5681 qratia

2220 5685 2497 5748 Submisit,
2533 5705 2586 5741 ut
2623 5689 2708 5740 cui
2733 5685 2834 5740 nec
2867 5687 3100 5755 ferundre
3127 5685 3323 5755 lancea:

2223 5761 2284 5814 Et
2314 5761 2383 5812 ad
2410 5777 2561 5814 arma
2596 5757 2826 5811 uortdum
2859 5754 3035 5809 tenera
3069 5754 3322 5823 sufficeret
3349 5766 3565 5808 manus.
