4054 6414
432 359 539 429 88'!

1599 373 1924 437 JOANNIS
1961 375 2456 444 CANTACUZEN
2465 385 2493 444 Ι

3583 385 3692 451 888

429 496 632 553 praeter
662 501 762 543 eos
791 491 887 559 qui
931 491 1096 562 paulo
1139 502 1267 564 post
1295 505 1758 566 supervenerant,
1793 497 1984 566 equite

2119 501 2343 568 ἐφόδους
2388 501 2680 572 ἐσομένας.
2732 503 2874 575 Πρὸς
2917 501 3028 573 γὰρ
3076 505 3186 566 τοῖς
3254 501 3479 574 ὕστερον
3527 503 3692 576 ὀλίγῳ

429 579 606 646 mille,
669 597 908 651 quorum
946 585 1121 641 duces
1165 586 1380 642 Manuel
1419 587 1810 651 Tarchaniota.
1836 588 2010 645 Geor-

428 668 552 739 gius
583 671 912 741 Pbracases,
943 677 1184 733 Joannes
1215 678 1556 749 Palmologus
1580 681 1719 736 aula:
1751 681 2008 751 primice-

429 762 566 825 rius,
603 774 660 818 et
705 765 975 834 Georgius
1021 769 1242 827 Glabas.
1283 771 1630 828 Suburbanis
1685 774 1842 829 valde
1890 758 2006 828 ami-

430 856 531 922 plis
561 859 851 926 praefectos
885 869 1031 925 octo,
1081 879 1313 933 quorum
1362 867 1596 935 quisque
1640 866 1790 920 mille
1839 866 1981 936 sagit

431 949 603 1002 turios
666 952 908 1020 regebat,
983 963 1038 1009 et
1105 943 1736 1025 primariumomnium
1805 957 2002 1012 ducem

429 1041 738 1096 Manuelem
792 1047 1051 1106 Asanem.
1093 1049 1278 1103 uxoris
1329 1048 1550 1104 fratrem
1602 1050 1908 1104 constituit.
1943 1050 2002 1105 In

427 1130 660 1185 'l‘llr'aria
693 1135 858 1190 urbes
893 1136 1165 1193 universae
1198 1139 1381 1204 simul,
1407 1153 1474 1193 eo
1504 1139 1770 1209 neglecto,
1796 1140 1862 1194 ad
1895 1141 2006 1196 Au-

427 1234 641 1289 gustam
700 1241 759 1281 se
813 1239 1220 1298 aggregarunt:
1277 1231 1563 1284 castellum
1620 1231 2002 1301 Empylbium,

426 1313 572 1378 qtmd
611 1314 726 1382 ipse
756 1315 939 1369 adhuc
986 1319 1110 1372 vivo
1160 1319 1497 1387 imperatore
1547 1337 1576 1374 a
1629 1321 2002 1380 fundamentis

424 1405 810 1465 exmdiﬁcarat.
853 1408 906 1461 in
949 1408 1054 1462 fide
1095 1410 1374 1466 manebat.
1415 1412 1539 1481 Ipse
1569 1413 1879 1470 Mattbzeum
1947 1426 2004 1472 et

424 1491 726 1548 Manuelem
781 1496 945 1560 filios,
1003 1508 1060 1554 et
1116 1502 1306 1556 uxoris
1353 1519 1674 1572 germanum
1731 1506 2001 1563 Joannem

421 1583 681 1647 Asanem,
735 1603 838 1642 nec
889 1605 998 1644 non
1037 1593 1303 1662 Angelum
1360 1595 1680 1663 pinceruam
1718 1599 2004 1654 consobri-

2114 593 2549 661 ἐπιγενομένοις,
2593 591 2756 662 χίλιοι
2801 588 2967 663 ἦσαν,
3013 586 3114 662 ὧν⁵
3155 589 3322 666 ἦρχον
3375 595 3632 666 Μανουὴλ
3661 600 3692 650 ὁ

2113 685 2557 758 Ταρχανειὼτης,
2584 686 2676 740 καὶ
2705 685 3003 756 Φακρασὴς
3041 685 3335 756 Γεώργιος,
3370 688 3466 741 καὶ
3509 689 3692 758 τρίτος

2111 777 2141 831 6
2163 777 2264 846 τῆς
2288 777 2461 846 αὐλῆς
2491 779 2899 849 πριμμικήριος
2944 777 3312 846 Παλαιολόγος
3353 779 3381 831 ὁ
3412 778 3686 850 Ἰωάννης,

2112 869 2207 923 καὶ
2243 868 2512 934 suasa;
2554 871 2833 940 Γεώργιος
2881 871 2981 923 σὺν
3023 870 3261 934 τούτοις.
3322 871 3448 924 Ἐπλ⁵
3503 871 3560 924 δὲ
3590 872 3692 940 τῆς

2113 960 2218 1026 ἔξω
2245 962 2633 1033 Διδυμοτείχου
2671 962 2955 1026 συνοικίας
2996 961 3167 1032 οὔσης
3203 962 3427 1032 πολλῆς,
3463 961 3689 1031 ἐτέρους

2112 1052 2417 1124 ἐπέστησεν
2451 1053 2718 1124 ἄρχοντας
2745 1054 2916 1118 ὀκτὼ,
2942 1048 3016 1106 ὧν
3045 1050 3216 1126 ἦρχεν
3246 1055 3477 1115 ἕκαστος
3503 1055 3688 1123 χιλίων

2110 1145 2367 1209 τοξοτῶν.
2426 1147 2743 1217 Στρατηγδν
2806 1146 2865 1200 δὲ
2939 1147 3034 1200 ἐπὶ
3098 1147 3234 1199 πᾶσι
3288 1146 3380 1198 τὸν
3431 1144 3689 1214 γυναικὸς

2107 1233 2340 1303 ἀδελφὸν
2370 1236 2592 1306 Acci-qu
2621 1235 2882 1289 κατέλιπε
2921 1235 3016 1288 τὸν
3057 1235 3339 1304 Μανουήλ.
3390 1235 3606 1288 Πόλεων
3629 1234 3687 1287 δὲ

2107 1325 2217 1380 τῶν
2243 1327 2387 1380 κατά
2407 1328 2504 1398 τὴν
2539 1328 2763 1398 Θρᾴκην
2795 1329 3024 1382 ἁπασῶν
3064 1329 3290 1398 οὐδεμία
3328 1328 3477 1398 αὐτῷ
3512 1345 3687 1394 προσ-

2108 1419 2278 1487 εῖχεν,
2331 1419 2470 1473 ἀλλὰ
2521 1421 2694 1472 πᾶσαι
2745 1419 2883 1489 πρὸς
2945 1419 3192 1489 βασίλιδα
3249 1421 3683 1488 συναπέστησαν,

2111 1509 2250 1580 πλὴν
2277 1511 2371 1564 τοῦ
2415 1509 2722 1581 Ἐμπυθίου
2777 1511 3063 1579 φρουρίου,
3114 1513 3143 1564 ὃ
3184 1511 3337 1580 αὐτῷ
3406 1513 3688 1580 περιόντος

2109 1601 2190 1655 ἔτι
2220 1601 2486 1672 βασιλέως
2518 1603 2837 1674 ᾡκοδεμητο
2885 1605 3078 1666 αὐταῖς
3105 1605 3400 1675 κρηπίσιν.
3425 1603 3596 1665 Αὐτὸς
3630 1601 3688 1654 δὲ

424 1689 579 1738 num,
634 1677 1014 1748 nobiliumque
1071 1693 1128 1735 et
1209 1688 1740 1756 consanguineorum
1798 1691 1988 1745 multos

2106 1690 2234 1754 τούς
2289 1709 2349 1744 τε
2393 1694 2543 1756 υἱοὺς
2590 1692 2730 1762 ἔχων
2772 1695 3052 1746 Ματθαῖον
3121 1695 3218 1746 καὶ
3284 1693 3561 1761 Μανουὴλ,
3595 1693 3689 1746 καὶ

424 1779 613 1819 secum
663 1768 890 1833 habens,
958 1788 1083 1827 cum
1132 1790 1430 1850 numeroso
1477 1788 1533 1832 et
1576 1780 1704 1835 forti
1755 1785 1988 1840 exercitu

2107 1784 2199 1838 τδν
2225 1784 2485 1853 γυναικὸς
2517 1786 2749 1855 ἀδελφὸν
2810 1785 3043 1852 Ἀσάνην
3068 1786 3157 1839 τὸν
3205 1786 3482 1858 Ἰωάννην,
3521 1787 3600 1839 ἔτι
3628 1797 3684 1839 τε

427 1855 814 1926 Didymoticho
846 1878 1100 1932 egressus
1120 1875 1208 1922 est
1239 1869 1406 1923 tertio
1433 1871 1618 1926 Nonas
1648 1873 1834 1941 Maias,
1862 1876 1988 1931 indi-

2108 1875 2376 1944 Ἀγγελον
2405 1854 2708 1948 πιγκέρνην
2760 1877 2852 1930 τὸν
2879 1877 3122 1948 ἀνεψιὸν,
3165 1879 3260 1931 καὶ
3289 1854 3426 1932 τῶνγ
3452 1878 3686 1946 εὐγενῶν

423 1947 607 2001 ctione
649 1949 882 2013 decima.
929 1958 1216 2024 praemisso
1255 1958 1621 2018 Constantino
1674 1965 1988 2036 Palzologo,

2105 1967 2199 2021 καὶ
2231 1967 2353 2021 καθ’
2398 1966 2538 2038 αἷμα
2571 1947 2960 2041 προσηκόντων
2991 1971 3092 2024 οὐκ
3119 1969 3357 2038 ὀλίγους,
3391 1969 3490 2042 τὴν
3518 1988 3683 2041 σ-ρα-

428 2035 712 2094 Michaelis
747 2043 906 2101 ducis
939 2047 1184 2117 despotas
1219 2049 1354 2111 ﬁlio.
1387 2053 1546 2123 cujus
1575 2070 1765 2124 opera,
1795 2035 1988 2128 quaziin

2102 2060 2226 2114 τιὰν
2255 2035 2583 2128 πολλὴννκαὶ
2615 2035 2830 2133 αγαθὴν
2882 2059 3051 2115 οὖσαν
3098 2035 3459 2133 παραλαϐὼν,
3489 2035 3680 2133 ἐξῆλθε

419 2144 534 2184 rem
566 2144 768 2195 essent.
805 2151 1158 2208 praepararet.
1215 2143 1318 2210 Qui
1365 2161 1490 2202 mox
1526 2149 1722 2206 Pheris
1762 2153 1829 2207 ad
1871 2153 1988 2224 Syr-

2102 2155 2488 2225 Διδυμοτείχου
2529 2156 2764 2227 πέμπτῃ
2802 2156 3052 2228 Μαρτίου
3107 2158 3403 2226 ἱσταμένου
3455 2157 3556 2226 τῆς
3601 2156 3686 2209 δε-

419 2237 540 2290 gem
587 2224 811 2294 defecit,
857 2230 972 2286 sive
1008 2236 1155 2302 quod
1180 2236 1370 2292 domui
1411 2255 1524 2296 suae
1565 2243 1785 2299 timeret
1860 2247 1988 2317 (illic

2101 2247 2276 2314 κάτης
2305 2245 2657 2309 ἰνδικτιῶνος.
2691 2245 3035 2318 Προῦπεμπέ
3067 2263 3127 2299 τε
3162 2246 3358 2300 ἑαυτοῦ
3387 2248 3684 2300 Κωνσταν-

415 2314 563 2369 enim
611 2318 940 2394 habitabat),
986 2327 1104 2382 sive
1147 2331 1292 2397 quod
1329 2347 1395 2385 ex
1431 2333 1652 2389 urbium
1689 2314 1988 2395 defectione

2099 2342 2244 2392 τῖνον
2277 2340 2371 2392 τὸν
2415 2314 2806 2407 Παλαιολόγον,
2858 2314 2949 2392 τὸν
2984 2340 3249 2393 δεσπότου
3313 2339 3536 2410 Μιχαὴλ
3585 2338 3680 2392 τοῦ

421 2405 790 2464 Cantacuzeni
840 2413 1119 2470 fortunam
1174 2419 1434 2476 alllictum
1479 2423 1546 2476 iri
1601 2428 1994 2495 augurabatur.
2101 2431 2294 2495 δουκδς
2337 2433 2477 2495 υἱὸν,
2513 2431 2589 2495 ὡς
2619 2433 2687 2484 δι’
2719 2432 2887 2486 αὐτοῦ
2919 2433 2984 2488 τᾶ

415 2495 720 2567 Imperator
749 2507 967 2560 tametsi
1003 2522 1069 2562 ex
1103 2521 1358 2566 anteacto
1401 2523 1648 2585 tempore
1684 2533 1790 2572 non
1841 2519 1997 2575 bona:

415 2603 544 2659 spes
569 2592 917 2663 afl'ulgereut,
945 2599 1013 2653 ad
1048 2599 1238 2655 Beram
1277 2606 1542 2660 constitit.
1581 2608 1747 2680 454
1775 2612 1877 2677 Qui
1915 2613 1996 2666 Ιοο

415 2696 514 2736 cus
544 2698 670 2737 cum
701 2687 864 2755 equis
903 2690 1086 2745 Iratum
1123 2693 1385 2761 pabulum
1426 2697 1632 2753 affatim
1677 2703 1997 2772 suppedita-

2097 2541 2219 2578 τινα
2272 2525 2961 2594 προπαρασκευασόμενος.
3036 2526 3099 2574 't)
3159 2524 3206 2577 δ’
3266 2524 3468 2578 αὐτίκα
3543 2527 3684 2594 πρὸς

2099 2616 2316 2686 Συργὴν
2377 2616 2644 2686 ἀφίστατο
2706 2617 2764 2668 ὲν
2807 2617 3034 2684 Φεραῖς,
3085 2615 3198 2669 εἴτε
3229 2616 3359 2686 περὶ
3383 2617 3480 2685 τῆς
3502 2616 3682 2678 οίκίας

2097 2707 2301 2771 δείσας,
2332 2707 2584 2779 Φεραίοις
2613 2707 2724 2778 γὰρ
2773 2707 3014 2779 συνῴκει
3033 2747 3049 2773 ,
3089 2709 3202 2761 εῐτε
3240 2708 3334 2761 καὶ
3358 2706 3674 2777 οἰωνισάμε-

411 2782 520 2839 ret,
557 2789 664 2828 nan
700 2781 850 2834 enim
888 2780 940 2834 id
995 2783 1200 2854 ubique
1259 2795 1344 2854 (ut
1371 2803 1501 2845 vere
1541 2791 1723 2848 adhuc
1760 2796 1988 2866 recenti)

2094 2817 2182 2863 νος
2212 2803 2276 2854 ὲκ
2307 2801 2409 2870 τῆς
2471 2800 2580 2854 τῶν
2626 2801 2840 2856 πόλεων
2892 2801 3264 2864 ἀποστασίας,
3319 2799 3396 2863 ὡς
3436 2801 3498 2854 οὐ
3531 2799 3668 2854 κατὰ

382 2876 394 2882 '
413 2867 758 2932 suppetebat,
793 2868 913 2924 dies
941 2869 1148 2927 ibidem
1175 2891 1284 2930 non
1313 2879 1517 2936 multos
1542 2887 1905 2956 consumpsit,
1935 2889 1988 2943 in

2099 2891 2226 2962 ῥοῦν
2259 2867 2528 2960 βασιλέως
2559 2890 3027 2962 Καντακουζηνοῦ
3053 2890 3123 2945 τὰ
3150 2892 3460 2962 πράγματα
3493 2891 3676 2961 χωρή-

413 2956 618 3024 quibus
649 2960 934 3015 castellum
966 2968 1216 3033 tentavit,
1255 2969 1299 3024 si
1335 2985 1434 3040 per
1459 2972 1800 3032 deditionem
1829 2994 1988 3034 occu-

2096 2956 2199 3038 σει.
2233 2956 2500 3048 Ιίασιλεὺς
2543 2984 2623 3050 δὲ,
2653 2985 2832 3038 καίτοι
2861 2956 2974 3038 τῶν
2997 2956 3394 3056 πραττομένιυν
3427 2956 3504 3036 οὐ-
3531 2982 3673 3036 πάνυ

409 3061 542 3115 pare
581 3061 794 3118 posset;
830 3053 883 3108 vi
915 3055 1060 3110 enim
1101 3059 1360 3131 subigere
1421 3077 1646 3136 propter
1689 3070 1988 3126 monachos

2094 3077 2340 3148 χρηστὰς
2391 3077 2614 3139 ἐλπίδας
2647 3053 3164 3147 παρεχόντωνίτὴν
3198 3053 3466 3147 στρατιὰν
3510 3075 3671 3146 ἔχων,

406 3139 617 3196 incolas
643 3143 885 3201 nolebat.
923 3147 1156 3204 Videbat
1184 3152 1334 3207 enim
1366 3155 1412 3209 si
1443 3156 1494 3210 vi
1525 3169 1839 3230 caperetur,
1870 3162 1988 3233 lege

2094 3139 2590 3242 έστρατοπέδευσεν
2647 3171 2707 3223 ἐν
2733 3139 2918 3240 ’Βξρᾳη
2965 3139 3352 3238 ’Δφθονίαννδὲ
3392 3171 3514 3222 ἐκεῖ
3541 3139 3676 3232 ,τοῖς

411 3230 634 3288 militari
700 3242 1100 3295 monasterium
1179 3259 1400 3315 quoque
1461 3248 1795 3307 diruendum
1847 3230 1984 3324 (84—).

2094 3230 2280 3323 ἵπποις
2321 3261 2417 3316 τοῦ
2453 3261 2620 3313 τόπου
2657 3230 2984 3330 παρέχοντος
3007 3230 3241 3330 τροφῆς,
3288 3258 3445 3314 οὔπω
3470 3260 3579 3331 γὰρ

409 3325 583 3390 Quam
617 3327 689 3382 ob
723 3344 942 3386 causam
973 3349 1075 3389 nec
1108 3337 1331 3392 assidue
1366 3339 1672 3397 obsidendo
1705 3361 1987 3415 oppugna-

2094 3353 2392 3407 ἀπολαύειν
2406 3351 2645 3420 ἀφθόνου
2666 3325 3059 3421 πανταχοῦδια
3073 3325 3338 3422 την-ὥραν
3362 3325 3494 3423 ἄρτι.
3509 3325 3673 3420 ἀρχό-

404 3415 518 3481 bat,
551 3418 645 3472 sed
678 3421 997 3488 opinionem
1037 3435 1248 3480 tantum
1283 3431 1581 3497 praebebat,
1615 3437 1774 3504 quasi
1819 3452 1880 3493 se
1917 3439 1985 3493 ad

2095 3445 2260 3514 μένου
2301 3415 2488 3512 ἔαρος,
2512 3415 3082 3515 παρέμεινεντὴμέρας
3115 3415 3176 3496 οὐ
3197 3415 3419 3507 πολλάᾷ
3438 3443 3528 3496 Ἐν

407 3524 600 3565 muros
626 3512 963 3570 adoriundos
991 3530 1356 3588 compararet.
1411 3523 1661 3581 Monacbi
1713 3543 1846 3583 vero
1888 3530 1984 3600 qui

405 3601 557 3657 intus
587 3613 767 3667 erant,
795 3615 853 3660 et
873 3607 981 3662 alia
1009 3609 1166 3665 turba
1197 3626 1263 3666 ex
1291 3617 1605 3685 agrestibus
1632 3619 1886 3690 collecta,
1913 3639 1984 3679 an

406 3701 635 3764 propter
668 3696 1034 3754 defectionem
1069 3702 1272 3778 trepidi
1319 3707 1498 3776 (prius
1535 3724 1772 3781 namque
1813 3713 1987 3786 impe-

405 3787 610 3845 ratoris
637 3787 980 3856 praesidium,
1011 3801 1066 3846 et
1097 3793 1415 3863 prwfectum
1447 3799 1583 3869 ipsis
1617 3801 1807 3860 datum
1835 3805 1985 3862 frau-

407 3879 475 3932 de
507 3873 1318 3958 circumtentos,.vinculisque
1368 3890 1667 3962 implicitos
1697 3897 1766 3952 ad
1814 3900 1985 3970 impe-

402 3972 660 4029 ratricem
694 3974 1002 4047 miserant),
1027 3994 1096 4033 an
1118 3981 1285 4038 etiam
1310 3984 1416 4038 alia
1431 3987 1668 4056 quadam
1699 3991 1768 4046 de
1793 4008 1980 4063 causa,

401 4083 434 4118 e
467 4066 640 4126 muris
666 4075 945 4127 struatura
977 4071 1332 4136 validissimis
1359 4077 1767 4137 animosissime
1797 4097 1857 4138 se
1881 4086 1986 4140 de-'

401 4155 723 4222 tendebaut,
783 4168 884 4214 nec
936 4161 1005 4217 de
1056 4166 1459 4234 compositione
1503 4172 1732 4228 verbum
1787 4175 1980 4232 audire

396 4246 768 4308 Sustinebant.
836 4251 1047 4308 Interea
1115 4253 1359 4312 Joannes
1416 4257 1670 4316 Batatzcs
1718 4263 1980 4335 Byzantio

397 4351 564 4394 net-tu
598 4341 740 4398 dum
771 4343 1020 4420 (propter
1054 4361 1276 4406 causam
1338 4351 1484 4407 enim
1509 4353 1624 4426 jam
1661 4370 1975 4428 expressam

394 4434 682 4489 castellum
713 4446 865 4490 certo
894 4448 1327 4512 constanterque
1356 4459 1468 4500 non
1501 4452 1974 4522 oppugnabatur),

393 4543 522 4594 cum
555 4545 723 4599 parva
755 4547 918 4594 tnanu
953 4532 1258 4603 ingressus,
1291 4535 1344 4591 id
1379 4538 1483 4593 sub
1512 4541 1771 4612 Augustae
1802 4543 1984 4614 impe-'
2005 4523 2055 4584 θ

395 4619 537 4672 rium
576 4619 812 4690 redegit,
841 4629 899 4676 et
928 4622 1315 4680 Cantacuzcno
1343 4628 1467 4696 ejus
1495 4630 1781 4687 obtinendi
1819 4649 1974 4704 spem

392 4710 646 4794 abstulit.
673 4709 818 4772 Moto
847 4711 1016 4782 igitur
1045 4713 1171 4770 inde
1203 4719 1471 4785 exercitu,
1510 4719 1972 4794 Anastasiopolim

393 4789 768 4871 (Andronicus
826 4803 1234 4862 Perithcorium
1291 4811 1608 4882 appellavit)
1674 4789 1970 4884 processit,

390 4908 555 4968 quam
610 4907 709 4962 per
744 4893 862 4948 dies
916 4905 1156 4965 quatuor
1206 4908 1263 4953 et
1317 4902 1512 4972 viginti
1570 4904 1972 4966 circumsidens

391 4984 748 5054 oppugnavit.
784 4985 962 5042 Etiam
997 4989 1065 5048 ad
1109 4989 1366 5046 Chrelem
1423 5003 1479 5049 et
1512 5007 1968 5066 protostratorem

390 5075 841 5139 Thessalonicam
874 5081 943 5135 de
991 5081 1230 5146 adventu
1278 5102 1379 5142 suo
1424 5090 1670 5155 miserat,
1703 5102 1760 5147 et
1806 5110 1971 5153 nosse

390 5169 611 5236 avebat,
660 5186 791 5225 num
845 5173 992 5236 idem
1039 5186 1189 5232 esset
1217 5193 1409 5241 eorum
1443 5197 1571 5252 erga
1620 5199 1679 5240 se
1728 5186 1970 5256 animus,

392 5263 488 5332 qui
525 5263 817 5319 hactenus.
850 5266 1103 5323 Batatzes
1136 5269 1327 5342 (porro
1371 5274 1460 5338 cui
1511 5274 1581 5332 ab
1618 5269 1972 5347 imperatrice

393 5369 692 5425 rerumque
743 5359 1054 5414 rectoribus
1105 5361 1235 5416 belli
1283 5376 1476 5419 contra
1525 5367 1970 5428 Cantacuzeuum

390 5445 798 5502 administratio
827 5451 1121 5506 commissa
1163 5455 1304 5521 erat)
1357 5471 1482 5510 cum
1531 5457 1800 5514 militibus
1832 5477 1972 5531 quos

385 5536 648 5609 Byzantio
690 5539 1021 5607 adducebat,
1069 5551 1126 5599 et
1169 5559 1236 5598 ex
1282 5544 1528 5607 Thracia?
1561 5563 1625 5607 ac
1674 5550 1971 5622 Ῑῖιιοάορθθ

2087 3554 2207 3600 ταις
2232 3537 2288 3591 δὲ
2309 3535 2402 3589 τοῦ
2431 3535 2698 3607 φρουρίου
2719 3535 3021 3605 άπεπείρα,
3049 3537 3098 3588 εί
3115 3534 3335 3588 δύναιτο
3376 3534 3670 3607 κατασχεῖν

2086 3629 2370 3700 ὁμολογίᾳ.
2418 3629 2521 3700 Βίᾲ
2566 3627 2675 3697 γὰρ
2707 3627 3172 3700 παραστήσεσθαι
3227 3626 3332 3679 οὐκ
3369 3626 3532 3697 ἤθελε
3580 3624 3670 3677 διὰ

2087 3722 2150 3778 τὸ
2213 3721 2484 3792 μοναχοὺς
2524 3719 2586 3774 τὺ
2614 3719 2881 3790 φρούριον
2912 3721 3252 3774 ’κατοικεῖν’
3298 3717 3544 3788 συνορῶν
3595 3717 3670 3780 ὡς

2087 3816 2136 3870 εί
2169 3815 2262 3888 βίᾳ
2286 3813 2641 3885 Ικρατηθείη,
2672 3812 2826 3867 οὐδὲν
2865 3812 3024 3866 ἔσται
3051 3811 3261 3874 λοιπὸν,
3296 3811 3330 3883 ἢ
3362 3811 3668 3866 ἀνάστατον

2084 3906 2334 3976 γίνεσθαι
2377 3905 2476 3977 τὴν
2517 3904 2688 3976 μονὴν
2737 3905 2994 3976 ,πολέμου
3044 3905 3198 3975 νόμῳ
3250 3903 3666 3974 πορθουμένην.

2085 3993 2160 4056 Oi}
2204 3999 2269 4072 δὴ
2307 4001 2469 4054 ἕνεκα
2516 3999 2639 4054 οὐδὲ
2705 4000 2972 4063 συντόνως
3019 3999 3353 4067 ἐπολιόρκει,
3405 3997 3542 4051 ἀλλὰ
3581 3995 3668 4050 δό-

2083 4110 2252 4163 κησιν
2286 4092 2519 4162 παρεῖχε
2561 4091 2746 4161 μόνον,
2792 4090 2868 4154 ὡς
2914 4089 3050 4160 πρὸς
3088 4089 3450 4160 τειχομαχίαν
3483 4105 3664 4156 παρα-

2083 4185 2510 4255 σκευαζόμενος.
2575 4185 2821 4255 Μοναχοὶ
2888 4184 2944 4238 δὲ
2993 4184 3044 4236 oi
3087 4182 3238 4236 ἔνδον
3280 4182 3454 4244 ὄντες,
3517 4182 3666 4234 καὶὸ

2081 4279 2238 4342 ἄλλος
2283 4277 2473 4348 ὅμιλος
2525 4277 2584 4345 ἐξ
2619 4276 2872 4347 ἁγροτῶν
2927 4275 3358 4347 συνειλεγμένοι,
3406 4276 3515 4329 εἴτε
3575 4273 3665 4328 διὰ

2081 4369 2180 4440 τὴν
2231 4367 2578 4422 ἀποστασίαν
2638 4366 2942 4432 δεδοικότες
2979 4381 2996 4400 ο
3066 4368 3166 4434 τὴν
3230 4365 3341 4434 γὰρ
3396 4362 3664 4433 βασιλέως

2085 4463 2354 4531 πρότερον
2417 4459 2691 4530 φρουρὰν,
2744 4459 2960 4513 καὶτὸν
2992 4458 3233 4529 ἄρχοντα
3281 4457 3338 4510 ὃν
3362 4457 3665 4525 ἐπέστησεν

2083 4550 2293 4614 αὐτοῖς,
2333 4549 2522 4619 ἀπάτῃ
2573 4549 2946 4618 κατασχόντες
2975 4548 3246 4617 δεσμότας
3302 4547 3558 4616 ἔπεμψαν
3585 4547 3664 4607 είς
3768 4629 3770 4631 φ

2087 4637 2342 4708 βασιλίδα
2374 4656 2389 4670 ο
2420 4636 2534 4691 εἴτε
2588 4637 2906 4709 καὶτρόπῳ
2934 4637 2998 4708 δή
3029 4654 3136 4691 τινι
3169 4638 3361 4708 ἑτέρῳ,
3392 4635 3664 4707 ἠμύνοντό

2082 4729 2478 4802 καρτερώτατα
2529 4730 2639 4793 ἀπὸ
2685 4730 2794 4782 τῶν
2834 4729 3033 4800 τειχῶν
3090 4731 3456 4801 ὀχυρωτάτων
3492 4730 3660 4783 ὄντων

2081 4827 2148 4880 ὲκ
2181 4823 2551 4894 κατασκευῆς,
2585 4825 2679 4878 καὶ
2710 4825 2820 4884 οὐδ’
2857 4825 3054 4894 ἄκροις
3081 4825 3186 4880 ὠσὶ
3215 4824 3506 4895 προσίεντο
3531 4823 3660 4885 τοὺς

2085 4918 2215 4987 περὶ
2246 4916 2576 4985 συμϐάσεως
2609 4916 2824 4987 λόγους.
2863 4916 2954 4970 Ἑν
2986 4917 3160 4986 τούτῳ
3189 4916 3247 4974 δὲ
3277 4918 3372 4970 καὶ
3392 4917 3420 4969 ὁ
3451 4916 3658 4971 Bard:-

2083 5008 2184 5078 ζης
2199 5007 2454 5079 Ἰωάννης
2488 5011 2552 5061 ὲκ
2587 5008 2885 5074 Βυζαντίου
2911 5011 3105 5074 νυκτὸς
3130 5009 3421 5075 διαλαθὼν,
3459 5009 3520 5062 οὺ
3548 5009 3655 5078 γὰρ

2083 5101 2350 5171 ἀσφαλῶς
2374 5104 2434 5154 τὸ
2466 5100 2730 5173 φρούριον
2762 5105 3140 5174 ἐπολιορκεῖτο
3165 5103 3254 5159 διὰ
3293 5105 3394 5174 τὴν
3423 5105 3653 5174 είρημέο

2081 5211 2180 5264 νην
2211 5194 2412 5259 αίτίαν,
2449 5193 2565 5263 ἅμα
2594 5195 2796 5262 ὀλίγοις
2850 5195 3213 5267 στρατιώταις
3246 5195 3530 5260 εἰσελθὼν,
3562 5214 3656 5250 πε-

2085 5287 2372 5356 ριεποίησέ
2400 5304 2460 5340 τε
2490 5286 2551 5339 τὸ
2586 5289 2850 5358 φρούριον
2905 5290 3160 5360 βασιλίδι,
3200 5293 3295 5343 καὶ
3326 5290 3539 5361 βασιλεῖ
3577 5289 3654 5360 τῷ

2078 5377 2525 5447 Καντακουζηνῷ
2569 5377 2666 5448 τὴν
2696 5381 3041 5450 ἐπιχείρησιν
3076 5379 3400 5435 ἀνέλπιστον
3449 5383 3653 5436 ἐποίει.

2092 5471 2431 5539 ’Λναστήσας
2468 5472 2650 5525 τοίνυν
2686 5472 2898 5525 ἐκεῖθεν
2949 5474 3050 5542 τὴν
3099 5476 3384 5546 στρατιὰν,
3419 5477 3498 5540 είς
3552 5475 3653 5547 τὴν

2095 5557 2453 5610 ’Λναστασίου
2483 5559 2665 5624 πόλιν,
2722 5561 2756 5630 ἡ
2809 5561 3176 5634 Περιθεώριον
3233 5563 3339 5617 ὑπὸ
3381 5563 3655 5634 βασιλέως

1655 5670 1873 5734 Jacobi
1911 5674 2174 5741 Pontani
2215 5682 2400 5738 notae.

453 5759 563 5842 (84)
593 5759 820 5850 Gracis‘
851 5765 987 5832 μονὴ
1020 5773 1122 5850 est
1171 5767 1582 5850 monasterium,
1619 5771 1772 5850 quasi
1812 5773 1962 5850 dicas
2071 5775 2282 5850 Latinis
2327 5776 2752 5850 mansionarius,
2789 5780 3092 5839 mansionis
3124 5782 3323 5850 incola,
3355 5781 3650 5849 habitator,

385 5834 728 5892 mansionem
779 5839 957 5890 ttuare
986 5836 1148 5891 etiam
1177 5838 1540 5909 scriptoribus
1575 5834 1961 5899 ecclesiasticis
2069 5847 2122 5909 id
2159 5855 2263 5915 est,
2295 5849 2632 5908 monasterii.
