4054 6418
417 420 529 486 839

1562 360 2117 480 ΙΙΙΞἹῸΒΙΑΒΠΜ
2163 419 2395 479 LIBER
2442 418 2557 480 ΙΙΙ.

3577 415 3685 479 890

428 536 1232 611 ’Δνδρονίκου·προσηγόρευτο,
1258 538 1500 609 εγενετο,
1521 538 1616 593 καὶ
1641 538 1991 611 περιεκάθητι

2112 540 2347 594 urbibus
2376 554 2484 593 non
2513 537 2727 594 modica
2756 537 3016 609 adjuncta
3047 550 3233 600 manu,
3263 534 3391 606 quia
3421 548 3478 587 se
3508 534 3688 604 impe-

417 632 729 700 πολιορκῶν
786 633 846 685 ἐν
877 632 1146 703 τέσσαρσι
1189 632 1283 687 καὶ
1324 631 1535 687 εἴκοσιν
1583 634 1845 703 ἡμέραις.
1893 626 2003 683 Ἷίν

413 727 526 797 γὰρ
555 726 620 794 δὴ
670 724 936 795 καὶπρὸς
987 726 1206 793 Χρέλην
1265 727 1362 779 καὶ
1415 726 1883 797 πρωτοσρτὰτορα
1908 723 2001 776 τὸν

416 813 725 884 Συναδηνδν
773 814 832 865 ὲν
889 813 1262 887 Θεσσαλονίκῃ
1319 816 1446 878 τοὺς
1503 814 1851 885 μηνύσοντας
1903 812 2001 880 τὴν

414 906 626 958 ἐκείνου
663 904 852 971 ἄφιξιν
897 905 1238 975 πεπομφὼς,
1268 908 1366 959 καὶ
1428 906 1724 976 περιέμενε
1781 904 1998 975 μαθεῖν,

415 998 464 1049 εἰ
497 996 566 1048 τὰ
597 995 688 1048 ῖσα
719 993 911 1066 ὥσπερ
942 997 1037 1047 καὶ
1070 997 1336 1066 πρότερον
1371 996 1499 1064 περὶ
1527 994 1692 1047 αὐτοῦ
1717 995 2001 1048 διανιοῦν-

413 1105 525 1140 ται.
577 1086 865 1157 Βατάτζης
930 1087 987 1139 δὲ
1033 1086 1159 1149 τούς
1192 1103 1252 1138 τε
1284 1084 1626 1156 στρατιώτας
1674 1085 1767 1150 οὓς
1789 1087 1853 1138 ἐκ
1895 1087 1999 1137 Βυ-

416 1176 637 1242 ζαντίου
667 1170 806 1249 ἧκεν
844 1175 990 1245 ἔχων
1051 1177 1421 1247 ἐπαγόμενος,
1456 1178 1553 1231 καὶ
1614 1179 1678 1231 ὲκ
1716 1177 1825 1229 τῶν
1855 1177 2000 1230 κατὰ

412 1271 513 1340 τὴν
546 1270 769 1340 Θρᾴκην
806 1271 903 1322 καὶ
946 1269 1212 1338 Ῥοδόπην
1240 1270 1451 1323 πόλεων
1483 1271 1586 1323 οὐκ
1614 1268 1804 1338 ὀλίγην
1837 1286 2002 1337 στρα-

416 1365 540 1416 τιὰν
585 1361 929 1431 συνειλοχὼς,
958 1362 1060 1414 οὐκ
1100 1354 1406 1432 ἀξιόμαχον
1439 1360 1496 1413 δὲ
1533 1362 1686 1430 ὅμως
1721 1360 1861 1430 πρὸς
1889 1363 1991 1429 τὴν

421 1455 710 1525 βασιλέως,
760 1449 827 1525 ἦν
866 1453 974 1522 γὰρ
1022 1453 1085 1533 δή
1120 1455 1183 1504 ὲκ
1218 1451 1492 1522 βασιλίδος
1540 1452 1634 1503 καὶ
1680 1449 1791 1501 τῶν
1819 1449 2000 1503 ἄλλων

413 1547 524 1599 τῶν
553 1547 619 1599 τὰ
650 1544 963 1615 πράγματα
1019 1545 1264 1613 ἀγόντων
1297 1545 1391 1595 τὸν
1429 1542 1569 1609 πρὸς
1619 1544 1829 1595 ἐκεῖνον
1873 1543 1999 1594 ἑπι-

411 1637 789 1705 τετραμμένος
821 1635 1081 1704 πόλεμον,
1126 1634 1386 1702 ἐφείπετο
1414 1633 1513 1686 ούκ
1564 1632 1821 1700 ἐγγύθεν,
1860 1630 1999 1685 ἀλλά

415 1731 543 1799 μιᾶς
594 1728 811 1798 ήςέρας
860 1728 979 1780 ὁδὸν
1032 1726 1244 1795 διέχων,
1286 1726 1380 1779 διὰ
1416 1724 1997 1793 πο).λῆς,ποιούμενος

411 1823 652 1891 σπουδῆς
675 1822 736 1873 τὸ
770 1820 846 1891 μὴ
904 1823 969 1890 τῇ
1020 1819 1291 1888 βασιλέως
1337 1819 1570 1889 στρατιᾷ
1637 1817 1993 1887 περιτυχεῖν·

2106 631 2272 686 ratori
2301 630 2568 701 imparem
2598 630 2881 697 cernebat,
2913 644 3022 682 non
3056 642 3249 697 prope,
3273 626 3367 681 sed
3395 627 3687 682 intervallo

2105 724 2274 779 unius
2305 723 2415 779 diei
2445 723 2864 793 insequebatur,
2897 735 3158 790 perquam
3194 718 3427 773 sollicite
3459 734 3682 784 cavens,

2102 830 2173 871 ne
2229 816 2287 891 in
2336 816 2459 884 ejus
2510 815 2699 885 copias
2749 813 3057 876 incideret;
3109 810 3311 865 sricba:
3365 811 3513 865 enim
3565 811 3687 865 sine

2102 908 2256 963 clade
2283 924 2342 963 se
2386 922 2496 961 non
2541 920 2861 961 evasurum.
2892 904 3241 959 Pcritheorio
3274 893 3458 958 aut-It
3483 901 3552 956 ab
3584 902 3688 954 itu-

2104 1011 2359 1070 peratore
2405 1008 2557 1053 arcte
2601 997 2851 1062 obsesso,
2889 1012 3106 1050 omnem
3154 994 3443 1050 rudentem
3496 982 3685 1048 move-

2102 1094 2217 1157 bat,
2246 1100 2306 1145 ut
2333 1105 2459 1143 cum
2490 1089 2678 1159 paucis
2709 1088 3040 1159 quibusdam
3076 1088 3224 1158 (quia
3262 1102 3385 1141 cum
3433 1087 3684 1156 pluribus

2100 1197 2210 1236 non
2247 1166 2472 1251 licebat)
2515 1173 2857 1234 clandestine
2913 1180 2968 1233 in
3012 1181 3212 1253 urbem
3261 1183 3382 1249 ejus
3438 1178 3682 1233 tutandae

2101 1290 2260 1329 caus:t
2285 1272 2638 1343 irrumperet.
2677 1272 2784 1327 Sed
2806 1272 3024 1327 frustra.
3049 1272 3183 1327 Nam
3223 1271 3684 1341 imperatorassi-

2101 1367 2208 1422 dua
2232 1367 2520 1423 obsidione
2546 1367 2806 1431 instabat,
2828 1374 2883 1421 et
2902 1382 3096 1431 omnes
3117 1368 3297 1420 aditus
3328 1364 3571 1418 custodia
3589 1379 3682 1418 se-

2103 1459 2305 1530 piebat,
2345 1459 2741 1529 machinasque
2776 1460 3096 1527 outnigenas
3145 1467 3201 1512 et
3232 1458 3408 1511 scalas
3442 1456 3506 1508 ad
3544 1470 3683 1509 mmo

2100 1550 2192 1606 nia
2220 1552 2641 1606 couscen‘denda
2675 1551 3050 1620 comparabat.
3080 1549 3243 1622 455
3274 1549 3523 1603 Batatzcs
3556 1562 3680 1623 cum

2105 1645 2348 1700 obsessis
2379 1645 2529 1699 nulla
2560 1646 2646 1699 via
2675 1653 2861 1715 posset
2893 1658 3238 1704 succurrere,
3276 1641 3341 1695 ad
3383 1642 3682 1710 imperato-

2102 1754 2218 1791 rem
2255 1739 2504 1802 mittens,
2553 1745 2609 1791 et
2655 1737 2944 1807 pristinam
2975 1733 3417 1790 benevolentiam
3459 1732 3686 1802 proﬁte-

2103 1836 2213 1889 tur,
2244 1837 2300 1882 et
2343 1843 2499 1896 teque
2542 1837 2601 1882 ut
2651 1829 2808 1895 prius
2853 1825 3323 1881 studiosissimum
3372 1825 3522 1877 illius
3563 1823 3682 1878 fore

409 1916 527 1986 ᾔδει
554 1918 663 1984 γὰρ
694 1915 755 1966 ού
789 1914 958 1982 χωρὶς
995 1911 1199 1983 ζημίας
1238 1911 1584 1977 ἀπαλλάξων.
1621 1910 1991 1980 Περιθεωρίου

2102 1916 2412 1984 promittit;
2464 1917 2531 1972 ad
2591 1916 2871 1971 vitandam
2920 1932 3053 1970 vero
3104 1916 3475 1985 suspicionem
3532 1912 3680 1984 apud

406 2009 454 2060 δ’
495 2008 598 2059 ὑπὸ
633 2005 901 2076 βασιλέως
974 2004 1441 2075 πολιορκουμένου
1486 2002 1749 2074 ἀκριδὼς,
1805 1996 1992 2055 πᾶσαν

413 2100 514 2171 μὲν
579 2098 751 2151 ἐκίνει
800 2099 1076 2167 μηχανὴν,
1112 2097 1189 2160 ὡς
1222 2098 1339 2168 ἅμα
1389 2099 1534 2150 τισὶν
1587 2096 1793 2164 ὀλίγοις
1817 2097 1864 2147 εί
1903 2094 1994 2147 δύ-

393 2209 583 2255 οναιτο,
615 2191 833 2243 πλείοσι
864 2193 973 2260 γὰρ
1003 2190 1105 2244 οὐκ
1135 2190 1263 2259 ἐνῆν
1292 2180 1594 2254 διαλαθεῖν,
1652 2187 1993 2261 παρελευσό-

422 2302 577 2354 μενος
610 2285 691 2346 είς
722 2284 822 2354 τὴν
848 2284 1010 2337 πόλιν
1045 2283 1140 2336 καὶ
1179 2282 1458 2352 φυλάξων.
1513 2282 1686 2335 Ἠνυε
1727 2280 1784 2334 δὲ
1813 2280 1988 2343 οὐδὲν,

419 2374 680 2447 βασιλέως
719 2378 817 2444 τῆς
868 2375 1190 2445 πολιορκίας
1249 2376 1523 2438 συντόνως
1574 2374 1861 2445 ἐχομένου,
1899 2372 1993 2425 καὶ

412 2468 501 2521 διὰ
531 2468 710 2537 πάσης
770 2468 1101 2536 ποιουμένου
1155 2467 1407 2536 φυλακῆς
1447 2483 1463 2499 ο
1499 2466 1879 2537 μηχανήματά
1932 2483 1992 2519 τε

409 2557 521 2628 γὰρ
553 2556 874 2609 παντοδαπὰ
921 2558 1018 2609 καὶ
1075 2556 1358 2625 κλίμακας
1396 2557 1538 2626 πρὸς
1602 2558 1704 2627 τὴν
1735 2574 1995 2626 τειχομα-

409 2649 537 2721 χίαν
569 2648 981 2720 παρεσκεύαζε.
1023 2649 1311 2720 Βατὰτζης
1361 2649 1420 2702 δὲ
1456 2647 1634 2701 οὐδενὶ
1656 2647 1847 2719 τρόπῳ
1877 2650 1992 2712 τοῖς

409 2738 893 2809 πολιορκουμένοις
937 2737 1163 2807 βοηθεῖν
1205 2739 1524 2808 δυνάμενος.
1585 2740 1723 2806 πρὸς
1759 2737 1992 2806 βασιλέα

406 2830 659 2900 πέμψας,
703 2832 803 2900 τήν
837 2845 895 2882 τε
953 2827 1176 2882 εὔνοιαν
1215 2828 1489 2899 ὡμολόγει
1552 2829 1651 2900 τὴν
1691 2830 1988 2902 προτέραν,

411 2919 506 2970 καὶ
543 2919 620 2981 ὡς
650 2917 806 2970 οὐδὲν
836 2912 1059 2990 ἦττονῆ
1095 2916 1393 2987 πρότερον,
1437 2918 1535 2969 καὶ
1575 2916 1672 2970 νῦν
1703 2915 1893 2979 εὔνους
1926 2918 1991 2972 τέ

410 3012 555 3064 ἐστιν
586 3011 738 3080 αὐτῷ
794 3012 890 3062 καὶ
922 3011 1033 3076 τῷν
1066 3011 1307 3079 μάλιστα
1367 3008 1699 3077 φιλούντων.
1746 3010 1988 3081 Ἀνάγκη

404 3105 461 3158 δὲ
492 3105 585 3158 τὸν
627 3105 873 3173 πόλεμον
899 3102 1162 3158 ὑπελθεῖν
1184 3102 1278 3156 τοῦ
1316 3102 1395 3174 μὴ
1422 3103 1575 3174 παρὰ
1602 3106 1718 3167 τοῖς
1758 3103 1989 3174 ἄρχουσι

421 3195 714 3267 Ῥωμαίων
760 3196 1170 3249 ὑποπτεύεσθαι
1226 3196 1302 3249 Oi»
1333 3196 1398 3266 δὴ
1443 3195 1606 3249 ἕνεκα
1658 3198 1755 3250 καὶ
1796 3198 1891 3249 νῦν
1920 3196 1987 3250 τὰ

403 3288 668 3343 δοκοῦντα
714 3288 1089 3359 λυσιτελήσειν
1126 3287 1544 3357 συμϐουλεύειν.
1578 3288 1852 3359 Κήδεσθαι
1884 3288 1989 3360 γὰρ

402 3381 469 3436 οὐ
510 3382 800 3452 Ῥωμαίων
841 3383 1007 3453 μόνον
1041 3381 1112 3435 τὰ
1138 3382 1343 3452 ἔσχατα
1377 3385 1442 3435 ἐκ
1471 3381 1568 3436 τοῦ
1602 3382 1843 3452 πολέμου
1869 3398 1991 3436 πει-

409 3475 680 3546 σομένων,
710 3474 848 3529 ἀλλὰ
906 3477 1003 3528 καὶ
1052 3474 1148 3529 σοῦ
1179 3476 1268 3528 δια
1310 3474 1410 3549 τὴν
1442 3475 1654 3544 φιλίαν.
1715 3475 1907 3529 Ταῦτα
1932 3475 1991 3529 δέ

402 3566 544 3627 ἐστι,
571 3566 665 3617 τὸν
696 3565 933 3633 πόλεμον
963 3563 1364 3634 καταθέμενον,
1391 3568 1627 3630 σπονδὰς
1651 3567 1990 3640 ποιήσασθαι

404 3656 546 3725 πρὸς
586 3654 835 3724 βασιλίδα
883 3654 1014 3727 περὶ
1064 3655 1164 3724 τῆς
1208 3655 1459 3727 εἰρήνης.
1523 3657 1636 3711 Καὶ
1687 3659 1804 3725 εῐγε
1844 3658 1990 3710 κατὰ

401 3746 631 3819 γνώμην
676 3747 828 3817 αὺτῷ
864 3748 974 3818 εἴη,
1030 3749 1192 3802 αὐτὸν
1235 3749 1372 3820 πρὸς
1410 3743 1722 3823 βασιλίδα
1753 3748 1988 3820 τάχιστα

402 3842 624 3895 δύναιτο
675 3842 978 3895 ἀπελθόντα
1031 3840 1374 3906 διαλέξεσθαι
1405 3843 1534 3912 περὶ
1567 3836 1792 3911 εἰρήνης
1836 3858 1852 3873 ο
1880 3841 1990 3895 οἴε-

404 3935 615 3991 σθαι-δὲ
649 3941 745 3989 καὶ
807 3935 1019 3988 πείσειν
1057 3937 1251 4005 ῥᾷστα,
1308 3936 1409 4005 τὴν
1446 3935 1702 4005 δύναμιν,
1739 3937 1807 4008 ῆν
1841 3935 1988 4006 ἔχεις

403 4028 646 4096 φανερὰν
697 4025 1028 4096 ποιήσαντα.
1079 4023 1357 4085 Ἑκείνους
1412 4025 1523 4094 γὰρ
1559 4023 1671 4076 τῶν
1705 4023 1829 4076 λίαν
1875 4009 2003 4078 oio:

405 4121 602 4188 μένους
656 4117 1077 4171 ἀσθενεστάτων
1138 4113 1441 4186 προθύμως
1499 4116 1802 4187 ὡρμῆσθαι
1847 4117 1986 4185 πρὸς

400 4211 492 4262 τὸν
552 4210 815 4281 πόλεμον.
882 4208 942 4262 '0
979 4209 1079 4280 μὲν
1111 4204 1205 4260 οὖν
1236 4206 1519 4275 Βατάτζης
1562 4206 1791 4262 τοιαῦτα
1822 4210 1989 4278 ἐπέλε-

406 4302 653 4358 σῦεύετο.
688 4302 957 4366 Βασιλεὺς
1011 4300 1067 4352 δὲ
1105 4302 1365 4368 ἁσμένως
1391 4315 1451 4352 τε
1484 4297 1705 4363 ἐδέξατο
1735 4302 1858 4362 τοὺς
1891 4300 1984 4353 λό-

401 4408 554 4460 γους,
587 4392 682 4444 καὶ
713 4389 848 4459 πρός
875 4406 998 4442 τινα
1037 4387 1254 4441 ἐκέλευε
1286 4387 1451 4441 τόπον
1495 4386 1774 4440 συνελθεῖν
1808 4389 1982 4460 αὐτῷ,

400 4486 459 4536 ὲν
486 4475 532 4551 ᾧ
561 4482 691 4553 περὶ
740 4482 836 4536 τοῦ
944 4481 1049 4553 χρὴ
1097 4479 1348 4550 γενέσθαι
1394 4481 1495 4552 τήν
1557 4482 1782 4554 είρήνην
1812 4483 1987 4537 διαλέ-

2100 2007 2471 2062 Romanorum
2525 2009 2816 2064 art-ltontas
2876 2023 2936 2063 se
2984 2008 3115 2063 huic
3161 2007 3304 2067 bello
3355 2007 3683 2061 submittere

2098 2103 2383 2187 debuisse.
2428 2101 2800 2169 Quamobrem
2848 2108 2904 2156 ct
2950 2115 3119 2161 nunc,
3167 2115 3287 2171 qua:
3338 2098 3681 2154 conductura

2091 2196 2323 2268 judicet,
2354 2210 2673 2250 suasurum.
2717 2193 2850 2248 Nam
2895 2200 2953 2246 ut
2994 2191 3257 2253 amicum.
3311 2206 3435 2245 esse
3475 2190 3684 2244 sollici-

2098 2298 2236 2354 tum,
2278 2287 2426 2357 quod
2475 2286 2679 2341 bellum
2720 2286 2827 2340 hoc
2872 2301 2981 2339 non
3027 2285 3305 2339 Romanos
3350 2283 3534 2346 modo,
3584 2283 3680 2338 sed

2096 2381 2279 2450 ipsum
2322 2368 2546 2451 quoque
2593 2377 3040 2435 Cantacuzenum
3084 2377 3411 2447 gravissime
3447 2374 3682 2430 alllictu-

2098 2491 2216 2530 rum
2252 2474 2324 2529 sit
2384 2475 2517 2529 Esse
2551 2482 2736 2527 autem
2773 2474 2889 2527 lucc
2925 2487 3051 2540 quae
3086 2471 3334 2533 suadeat.
3376 2477 3437 2524 ut
3483 2468 3681 2539 positis

2096 2566 2266 2620 armis
2310 2564 2488 2621 foedus
2532 2566 2683 2635 pacis
2717 2579 2842 2618 cum
2892 2563 3245 2634 imperatrire
3294 2561 3458 2616 feriat
3503 2568 3579 2623 ct,
3633 2560 3681 2614 si

2096 2657 2329 2727 placeat,
2367 2656 2484 2724 ipse
2519 2670 2686 2726 quam
2712 2655 2955 2726 primum
3001 2654 3068 2709 ad
3114 2669 3236 2708 eam
3272 2652 3679 2722 proﬁciscatur,

2095 2748 2163 2804 de
2193 2765 2327 2820 pace
2366 2764 2492 2805 cum
2525 2748 2717 2803 eadem
2747 2758 2974 2802 acturus
3005 2765 3018 2802 :
3069 2762 3232 2816 quam
3284 2747 3474 2815 utique
3510 2745 3682 2800 ﬂexu-

2095 2858 2194 2899 rus
2251 2843 2343 2907 sit,
2394 2842 2439 2895 si
2492 2851 2647 2896 suam
2697 2841 2776 2896 illi
2823 2840 3127 2911 potentiam
3180 2838 3514 2897 declararit:
3551 2853 3679 2892 nam

2093 2936 2243 3007 quod
2303 2934 2746 2989 inﬁrmissimum
2800 2940 3080 3005 putarent.
3148 2930 3273 2985 ideo
3330 2930 3681 2986 adversarios

2092 3027 2214 3098 ejus
2247 3024 2313 3080 ad
2352 3039 2505 3079 arma
2541 3023 2887 3093 provolasse.
2921 3020 3073 3076 Talia
3102 3021 3356 3076 Batalzes
3382 3037 3480 3091 per
3504 3022 3679 3076 inter-

2094 3112 2572 3184 nuntium.Cujus
2614 3111 2913 3166 consilium
2960 3111 3265 3181 imperator
3293 3109 3538 3164 libenter
3579 3125 3683 3165 au-

2093 3205 2255 3272 divit,
2315 3218 2487 3275 seque
2533 3212 2686 3258 certo
2731 3202 2858 3258 loco
2905 3201 3192 3257 conveniri
3237 3201 3423 3272 jussit,
3472 3200 3564 3255 ubi
3609 3201 3681 3254 de

2017 3274 2061 3335 ο
2095 3299 2247 3371 pacis
2295 3274 2712 3353 conditionibus
2784 3293 2931 3355 inter
2978 3308 3038 3348 se
3096 3293 3568 3362 colloquerentur.
3611 3292 3680 3348 Et

2095 3393 2212 3464 ipse
2245 3392 2365 3447 sine
2400 3405 2555 3445 mora
2590 3389 2656 3443 ad
2701 3396 2924 3459 pactum
2970 3387 3152 3442 locum
3197 3386 3371 3453 venit,
3419 3386 3681 3441 Batatzen

2092 3493 2452 3555 exspectans.
2505 3480 2610 3548 Qui
2661 3480 2780 3535 sive
2827 3487 3025 3550 suopte
3072 3488 3237 3544 nutu,
3284 3479 3400 3534 sive
3450 3479 3682 3533 alterius

2094 3577 2361 3648 impulsu,
2394 3576 2692 3629 adventum
2725 3586 2887 3628 suum
2929 3572 2983 3627 in
3016 3572 3162 3627 diem
3195 3579 3476 3642 posterum
3504 3571 3684 3625 distu-

2090 3666 2177 3730 lit,
2214 3665 2495 3720 allirmans
2527 3664 2668 3718 velle
2700 3677 2760 3718 se
2798 3662 3022 3732 quidem
3059 3661 3212 3732 pacis
3261 3660 3402 3716 inter
3451 3661 3683 3727 impera-

2093 3769 2242 3814 tores
2284 3754 2642 3813 couciliandte
2691 3769 2945 3825 promum
2989 3753 3229 3808 condqu
3270 3768 3426 3817 esse;
3483 3752 3682 3808 timere

2092 3860 2303 3914 tamen,
2331 3864 2401 3904 ne
2439 3862 2565 3903 cum
2601 3845 2782 3903 neutri
2829 3845 2972 3916 parti
3024 3844 3412 3907 commodarit,
3458 3843 3682 3899 sibimet

2090 3940 2455 3993 maximarum
2517 3936 2897 3992 calamitatum
2959 3936 3236 3991 maximus
3302 3945 3497 3991 auctor
3562 3934 3677 3992 ﬁat.

2089 4032 2307 4089 Idcirco
2345 4032 2412 4087 ad
2466 4032 2645 4101 ipsum
2694 4031 2751 4085 iu
2811 4046 3054 4101 praesens
3106 4031 3341 4085 veritum
3389 4030 3681 4087 act-edere.

2086 4123 2224 4179 Nam
2248 4122 2340 4193 qui
2366 4121 2612 4204 Byzantji
2641 4136 2873 4176 summae
2898 4136 3085 4175 rerum
3110 4121 3463 4192 praesideaut,
3487 4136 3683 4190 quam-

2089 4217 2173 4274 vis
2199 4216 2408 4271 nullam
2442 4200 2783 4284 suspicionis
2817 4214 3169 4269 occasionem
3201 4212 3380 4278 danti,
3414 4213 3526 4269 imo
3548 4230 3681 4269 vero

2088 4323 2210 4381 quae
2248 4308 2383 4376 ipsis
2409 4308 2716 4377 placerent.
2752 4305 3109 4377 perstudiose
3149 4306 3456 4376 praestanti,
3505 4317 3562 4362 et
3609 4306 3681 4361 ab

2087 4418 2153 4458 eo
2184 4402 2463 4456 deﬁcienti
2495 4398 2665 4471 (quod
2697 4398 3074 4464 furtunarum,
3108 4400 3680 4470 cltarissimorutnque

2086 4492 2416 4552 liberorum.
2447 4504 2503 4547 et
2549 4491 2736 4546 uxoris
2782 4489 3140 4545 amissionem
3173 4490 3318 4546 ferre
3346 4506 3456 4546 non
3473 4491 3679 4561 posset)

403 4576 583 4641 ξονται
606 4592 621 4607 ⁶
664 4574 832 4646 μηδέν
862 4591 920 4627 τε
951 4575 1249 4651 μελλήσας,
1284 4573 1421 4645 πρὸς
1450 4574 1541 4627 τὸν
1570 4574 1983 4645 συντεθειμένον

2093 4594 2280 4642 tamen
2319 4585 2569 4641 nondum
2620 4584 2784 4641 [idem
2833 4585 3064 4650 habere,
3112 4584 3208 4641 sed
3259 4584 3436 4656 ipsius
3487 4585 3682 4640 interi-

398 4665 532 4741 ἦλθε
566 4669 755 4734 τόπον,
782 4668 873 4721 τὸν
906 4665 1192 4739 Βατάτζην
1223 4668 1559 4737 περιμένων.
1604 4666 1663 4721 Ὅ
1696 4666 1864 4738 δ’,εῖτ’
1886 4668 1984 4721 αύ-

396 4766 485 4826 τδς
512 4762 603 4832 ὑφ’
624 4761 845 4825 ἑαυτοῦ,
877 4762 980 4816 eti)"
1012 4749 1203 4829 ἑτέρου
1229 4760 1692 4830 συμϐουλεύοντος
1715 4760 1983 4831 πεισθεὶς,

399 4859 481 4921 είς
511 4856 608 4928 τὴν
671 4857 968 4926 ὑστεραίαν
1024 4853 1373 4918 ἀνεϐάλλετο,
1434 4855 1536 4925 τῆς
1601 4856 1700 4925 μὲν
1748 4856 1974 4928 εἰρήνης

402 4951 558 5019 ὑμῶν
605 4950 714 5003 τῶν
779 4948 1046 5021 βελέων
1108 4951 1347 5017 μάλιστα
1370 4946 1674 5018 -βούλεσθαι
1706 4947 1878 5002 εἰπὼν
1903 4950 1984 5002 atl-

401 5044 672 5104 τιώτατος
702 5042 985 5112 γενέσθαι,
1028 5039 1333 5094 δεδοικέναι
1361 5039 1419 5093 δὲ
1450 5039 1528 5110 μὴ
1563 5041 1825 5111 οὐδεμίαν
1857 5041 1985 5113 θνη-

402 5154 488 5190 σιν
521 5135 806 5205 ἑκατέροις
863 5134 1287 5205 παρασχόμενος
1318 5131 1500 5203 ἑαυτῷ
1559 5136 1670 5186 τῶν
1703 5137 1982 5205 μεγίστων

401 5230 700 5301 συμφορῶν
750 5226 1076 5292 αἰτιώτατος
1129 5226 1464 5294 κατασταίη.
1506 5226 1602 5280 Διδ
1657 5228 1781 5282 οὐδὲ
1842 5229 1982 5301 πρὸς

401 5323 567 5377 αὑτὸν
588 5321 989 5393 τετολμηκέναι
1019 5320 1113 5373 νῦν
1145 5319 1341 5373 ἐλθεῖν.
1370 5318 1509 5378 Τοὺς
1539 5320 1650 5390 γὰρ
1681 5323 1738 5374 ὲν
1768 5323 1978 5388 Βυζαν.

2093 4680 2281 4735 mendi
2327 4687 2654 4749 przetextum
2697 4693 2969 4749 quaerere.
3004 4676 3273 4745 Quocirca
3309 4693 3414 4732 nec
3455 4692 3556 4748 pro
3587 4693 3681 4733 se-

2092 4782 2320 4842 questre
2370 4771 2545 4842 pacis,
2603 4780 2666 4827 ut
2711 4772 2934 4836 dixerit,
2988 4771 3442 4842 Byzantiumire
3493 4786 3677 4841 posse.

2088 4865 2401 4935 Imperator
2429 4865 2582 4935 pacis
2610 4880 2722 4919 non
2755 4873 2865 4919 tam
2898 4879 3036 4928 suae,
3063 4879 3226 4934 quam
3255 4864 3447 4918 aliena:
3470 4863 3682 4917 utilita-

2089 4958 2163 5013 tis
2203 4958 2381 5028 gratia
2412 4972 2471 5012 se
2502 4958 2927 5027 cupidissimum
2960 4970 3085 5012 esse
3130 4954 3452 5027 respondit;
3505 4956 3681 5010 nihilo

2087 5052 2280 5106 minus
2331 5049 2480 5106 haud
2532 5065 2869 5120 quemquam
2929 5049 2982 5103 in
3036 5049 3337 5105 discrimen
3385 5062 3680 5120 praevisum

2087 5143 2438 5215 adacturum,
2469 5155 2707 5211 seseque
2748 5143 3053 5206 neminem,
3084 5140 3233 5211 quod
3268 5141 3335 5196 ad
3381 5142 3559 5213 ipsum
3591 5148 3678 5194 at-

2088 5239 2284 5302 tineat,
2317 5234 2634 5301 laedentem,
2673 5236 2785 5289 Deo
2823 5234 3012 5289 omnia
3049 5233 3385 5306 iuspectanti
3422 5234 3679 5290 fortunas

2084 5345 2218 5386 suas
2243 5327 2696 5384 commissurum.
2758 5340 2764 5345 ’
3298 5326 3303 5329 ’

401 5421 504 5496 τεῳ
564 5420 672 5473 τῶν
751 5421 1097 5489 πραγμάτων
1169 5417 1466 5489 ἄρχοντας,
1545 5422 1729 5475 καίτοι
1776 5425 2056 5498 μηδεμίαν
2094 5428 2332 5499 ὑποψίας
2385 5425 2670 5498 πρότασιν
2748 5427 3180 5498 παρασχομένῳ,
3242 5426 3383 5481 ἀλλὰ
3455 5411 3553 5480 καὶ
3606 5423 3679 5479 τὰ

404 5514 636 5576 ἐκείνοις
697 5511 958 5568 δοκοῦντα
1017 5512 1168 5583 πάσῃ
1236 5512 1535 5584 πράττοντι
1595 5521 1827 5591 σπουδῇ,
1895 5526 1990 5577 καὶ
2025 5525 2193 5579 αὐτοῦ
2258 5522 2596 5594 ἀφεστηκότι
2662 5522 2753 5576 διὰ
2783 5524 2846 5576 τὸ
2874 5524 2949 5593 μὴ
2970 5521 3196 5593 τὴντῶν
3219 5522 3390 5577 ὄντων
3420 5521 3678 5595 στέρησιν

404 5609 500 5663 καὶ
529 5608 802 5678 φιλτάτων
849 5609 942 5661 καὶ
1009 5611 1272 5676 γυναικδς
1321 5610 1511 5681 φέρειν
1574 5611 1856 5696 δύνασθαι,
1889 5617 2041 5689 ὅμως
2080 5619 2239 5673 οὐδὲν
2301 5616 2632 5696 πεπεικέναι
2692 5616 2768 5681 ὡς
2816 5617 2997 5687 πιστῷ
3058 5618 3189 5687 περ)⁸
3237 5615 3438 5678 αὐτοὺς
3478 5617 3679 5684 προσέ-

404 5719 541 5770 χειν,
585 5699 726 5757 ἀλλὰ
788 5698 1060 5767 πρόφασίν
1127 5716 1249 5753 τινα
1300 5700 1487 5772 ζητεῖν
1553 5706 1612 5771 ἐξ
1648 5694 1717 5778 ἦς
1785 5706 2199 5780 διαφθεροῦσιν.
2259 5702 2363 5764 Ὧν
2422 5694 2588 5763 ἕνεκα
2654 5710 2765 5764 οὐδ’
2837 5709 2982 5780 ὑπὲρ
3052 5710 3151 5778 τῆς
3200 5710 3427 5779 εἰρήνης
3484 5708 3677 5784 ὥσπερ

402 5790 559 5852 εἶπεν
595 5794 675 5858 εἰς
720 5791 1017 5859 Βυζάντιον
1054 5794 1320 5853 δύνασθαι
1376 5800 1579 5856 ἐλθεῖν.
1653 5803 1919 5870 Βασιλεὺς
1992 5806 2052 5860 δὲ
2093 5809 2320 5879 εἰρήνης
2379 5808 2478 5879 μὲν
2525 5806 2736 5875 ἔφασκε
2796 5806 2890 5861 καὶ
2947 5806 3184 5878 μάλιστα
3247 5806 3539 5878 ἐπιθυμεῖν
3573 5808 3677 5882 οὐκ

404 5886 603 5945 ἑαυτοῦ
672 5886 893 5977 μᾶλλον,
956 5888 990 5962 ἢ
1025 5889 1133 5944 τῶν
1166 5890 1346 5949 ἄλλων
1387 5894 1655 5967 ὠφελείας
1706 5897 1888 5955 ἕνεκα.
1933 5899 2024 5967 Εἰς
2066 5902 2344 5974 meum?)
2369 5902 2424 5958 δὲ
2458 5902 2706 5960 κίνδυνον
2727 5900 3023 5976 ἐμὸἀ).λειν
3052 5902 3248 5959 ἑαυτὸν
3274 5903 3466 5961 οὐδένα
3497 5905 3671 5981 ἀναγα-
