4054 6452
379 384 480 450 891

1559 344 1885 456 JOANNIS
1924 394 2459 461 CANTACUZENI

3541 400 3646 465 892

381 504 592 563 κάσειν,
639 500 942 571 βλάπτοντα
1002 502 1061 556 δέ
1106 504 1335 566 μηδένα.
1375 505 1435 561 τό
1459 522 1522 577 γε
1567 508 1650 573 εἰς
1679 508 1844 564 αὐτὸν
1892 503 2030 583 ἧκον
2067 512 2190 585 Θεῷ
2268 514 2348 585 τῷ
2434 512 2617 570 πάντα
2662 513 2934 587 ἐφορῶντι
3004 516 3324 589 ἐπιτρέψειν
3394 516 3464 572 τὰ
3514 515 3636 573 κατ’

384 594 567 648 αὐτόν.

1653 714 1822 787 556
1859 715 2093 771 CAPUT
2127 716 2377 775 XXXIII.

1231 776 1246 795 ι
1654 776 1819 787 -νν
2659 776 2665 783 ’
3290 799 3297 805 σ

385 803 525 859 Cant
566 821 817 886 cuzcnum
852 809 994 891 pacis
1022 810 1427 891 cupidissimum
1456 812 1805 891 [uisse-nation!
1841 820 2026 891 antea,
2059 828 2125 867 ea:
2174 815 2288 885 ejus
2340 817 2431 891 adh
2459 819 2823 891 patriarcha":
2874 820 3118 891 epistola,
3151 821 3309 891 plena
3337 822 3653 880 Christianis

306 900 311 906 -
452 877 1073 962 sententiis.ostcndilur.
1119 877 1829 962 'Patriarcha'tabf‘llarirtm
1878 883 1933 962 in
1972 877 2238 962 carcerein
2293 877 2477 943 tradit;
2523 877 2925 959 Imperatriccn't
2967 877 3116 959 facti'
3148 877 3379 962 panitet.
3413 877 3654 953 etal—ica

456 945 854 1032 interfari-iuris
881 949 1195 1032 honorarius
1236 952 1549 1032 innocentia:
1570 951 1928 1032 Cnntacuseni
1973 955 2349 1032 testimonium.
2388 945 2686 1032 ᾼρθεαιιὲίιὶ
2705 945 3002 1032 desperatio
3040 945 3090 1019 et
3121 945 3658 1020 senicititdoinﬂcon:

445 1017 653 1087 juratis
682 1014 1075 1086 calefaciendis.
1118 1020 1317 1074 Eorum
1354 1025 1419 1074 de
1438 1020 1795 1093 'imperatrice
1815 1024 2131 1091 juramento
2169 1014 2451 1096 obliganda
2481 1014 2778 1085 consilium.

453 1136 642 1206 Neque
666 1153 797 1192 vero
827 1149 959 1193 tunc
986 1140 1368 1195 tantummodo
1394 1142 1811 1196 Cantaeuzenus
1848 1141 1958 1194 im-

2136 1144 2213 1197 Ού
2270 1145 2396 1200 τότε
2455 1147 2512 1200 δέ
2558 1150 2724 1220 μόνον
2772 1152 2907 1221 περὶ
2959 1148 3057 1222 τὴν
3116 1151 3365 1205 διάλυσιν
3421 1153 3656 1224 εὐχερής

385 1243 604 1298 renitor
624 1228 689 1284 ad
719 1230 1152 1300 paciﬁcationem
1184 1248 1506 1302 propensus
1542 1250 1608 1289 ac
1643 1234 1821 1289 facilis
1850 1249 1970 1289 cer-

385 1323 640 1382 nebatur.
674 1324 767 1377 sed
808 1324 973 1377 etiam
1007 1324 1388 1394 Didymoticho
1414 1341 1477 1379 ea
1507 1342 1605 1395 per
1627 1334 1874 1380 oratores
1899 1325 1967 1380 ab

384 1413 739 1480 impcratrice
781 1414 950 1467 semel
987 1415 1299 1483 iterumque
1327 1416 1516 1484 petita,
1546 1425 1833 1486 postquam
1859 1417 1970 1472 illis

385 1505 524 1560 nihil
555 1520 656 1574 pro
678 1520 838 1574 :equo
871 1514 925 1558 et
959 1505 1103 1560 bono
1136 1505 1339 1560 factum
1370 1508 1599 1575 audivit,
1636 1508 1701 1562 ad
1736 1509 1970 1578 patriar-

384 1595 545 1648 eham
590 1603 807 1648 secreto
841 1595 1052 1651 litteras
1088 1597 1336 1666 scripsit,
1381 1614 1620 1669 eumque
1663 1600 1966 1671 juramenti

386 1687 534 1741 inter
556 1702 613 1741 se
637 1697 691 1740 et
722 1688 1129 1758 imperatricem
1176 1704 1360 1744 coram
1390 1706 1456 1745 eo
1487 1693 1744 1762 concepti
1778 1692 1970 1747 admo-

385 1779 696 1849 nuit,quod
732 1780 846 1850 ipse
879 1780 1132 1851 religiose
1159 1798 1406 1843 servans.
1431 1785 1500 1839 ab
1526 1785 1615 1838 illa
1660 1785 1966 1858 fdedifraga,

386 1874 743 1945 sycophantis
768 1883 828 1928 et
857 1876 1246 1944 pestilentibus
1275 1878 1606 1947 quibusdam
1643 1880 1970 1935 hominibus

390 1965 554 2020 ﬁdem
619 1964 881 2029 habente,
937 1967 1108 2021 armis
1162 1966 1552 2024 lacesseretur.
1622 1970 1858 2041 Insuper
1912 1971 1967 2027 in

390 2057 715 2111 memoriam
783 2057 1090 2127 redigebat,
1151 2074 1273 2128 quae
1326 2059 1444 2130 ipse
1498 2062 1807 2126 patriarcha
1863 2063 1969 2119 sibi

388 2164 515 2203 cum
551 2157 897 2202 sacramento
923 2149 1287 2219 promisisset,
1313 2166 1417 2204 non
1447 2167 1739 2217 passurum
1765 2154 1973 2208 calum-

386 2239 496 2295 niis
527 2241 786 2309 opprimi,
841 2239 935 2295 sed
974 2257 1072 2311 pro
1118 2241 1259 2312 ipso,
1293 2254 1407 2307 aut,
1441 2254 1500 2297 ut
1544 2245 1729 2299 verius
1767 2246 1967 2315 dicam,

386 2347 489 2402 pro
536 2332 747 2403 juStitia
828 2334 1031 2388 nullam
1098 2335 1510 2389 contentionem
1573 2334 1969 2406 deiugiturum.

387 2425 520 2490 Quae
548 2424 601 2479 in
656 2427 995 2480 contrarium
1031 2440 1298 2481 conversa
1326 2442 1472 2497 esse,
1511 2442 1635 2481 cum
1669 2427 1873 2483 bellum
1900 2430 1969 2483 ah

2070 1236 2517 1310 Καντοκουζηνδς
2568 1244 2596 1295 ὁ
2625 1242 2882 1311 βασιλεὺς
2915 1243 3122 1314 ὡρᾶτο,
3172 1245 3311 1300 ἀλλὰ
3372 1247 3467 1300 καὶ
3502 1247 3658 1300 Διδυ-

2073 1329 2308 1401 μοτείχῳ
2352 1332 2705 1404 ἐνδιατρίϐων
2765 1334 2892 1403 ἐτί,
2943 1337 3085 1407 μετὰ
3136 1339 3197 1392 τδ
3241 1337 3392 1402 ἅπαξ
3445 1341 3541 1394 καὶ
3574 1340 3659 1402 δ“ις

2069 1422 2209 1489 πρὸς
2253 1422 2506 1492 βασιλίδα
2553 1414 3010 1499 πρεσϐεύσασθαι
3044 1431 3176 1501 περὶ
3230 1432 3481 1502 εἰρήνης.
3530 1434 3653 1485 ἐπεὶ

2069 1515 2223 1568 οὐδὲν
2253 1518 2496 1583 ἐπιεικὲς
2526 1521 2655 1591 περὶ
2678 1520 2806 1584 τοὺς
2834 1522 3098 1592 πρέσϐεις
3131 1524 3437 1593 ἠγγέλλετο
3468 1526 3654 1595 εἰργαο

2071 1609 2291 1678 σμένον.
2354 1613 2493 1681 πρὸς
2540 1613 2631 1667 τδν
2682 1617 3036 1686 πατριάρχην
3089 1617 3277 1685 κρύφα
3341 1619 3652 1688 γράμματα

2069 1702 2407 1772 διεπέμπετο
2433 1707 2561 1775 περὶ
2581 1706 2831 1777 εἰρήνης,
2850 1709 2906 1760 ἐν
2929 1702 3009 1771 οἷς
3021 1709 3132 1762 τῶν
3154 1726 3213 1762 τε
3243 1711 3328 1762 ἐπ’
3361 1709 3524 1763 αὐτοῦ
3565 1728 3657 1777 γε-

2069 1795 2388 1865 γενημένων
2436 1797 2617 1867 ὅρκων
2664 1799 3045 1870 ἀνεμίμνησκε
3108 1800 3314 1870 μεταξὺ
3384 1800 3655 1871 βασιλίδος

2070 1887 2169 1941 καὶ
2229 1887 2420 1942 αὐτοῦ.
2455 1887 2586 1957 Οὓςῖ
2615 1889 2858 1959 ἔφασκεν
2910 1891 3161 1964 ἀκριϐῶς
3217 1893 3385 1955 αὐτὸς
3446 1895 3651 1963 τηρῶν,

2071 1979 2177 2033 ὑπὸ
2226 1979 2502 2051 βασιλίδος
2573 1983 3066 2053 παρασπονδούσης
3124 1985 3500 2055 πολεμεῖσθαι,
3560 2004 3649 2039 συ-

2071 2073 2369 2143 κοφάνταις
2438 2074 2750 2147 ἀνθρώποις
2799 2078 2894 2131 καὶ
2963 2078 3274 2148 διεφθορόσι
3351 2080 3655 2149 πεπεισμέο

2070 2184 2190 2236 νης.
2261 2168 2383 2221 Ἔτι
2424 2168 2484 2221 δέ
2540 2170 2780 2224 καὶτῶν
2828 2171 2978 2240 αὖτῷ
3032 2174 3423 2244 γεγενημένων
3474 2174 3655 2243 ὅρκων

2073 2254 2213 2323 πρὸς
2270 2254 2461 2320 αὐτὸν,
2519 2255 2596 2319 ὡς
2642 2257 2702 2310 οὐ
2738 2258 3067 2329 περιόψεται
3142 2259 3247 2312 ὑπὸ
3297 2263 3656 2330 συκοφαντῶν

2072 2342 2237 2396 αὐτὸν
2278 2342 2725 2412 διαϐαλλόμενδν,
2761 2347 2899 2402 ἀλλὰ
2935 2350 3119 2402 πᾶσαν
3152 2349 3450 2414 ἐνδείξεται
3486 2369 3652 2407 σπου-

2073 2432 2173 2503 δὴν
2223 2434 2366 2505 ὑπὲρ
2399 2434 2591 2501 αὑτοῦ,
2644 2436 2676 2506 ἢ
2712 2436 3116 2508 τάληθέστερον
3158 2441 3363 2506 εἰπεῖν,
3393 2441 3533 2512 ὑπὲρ
3562 2445 3654 2501 αύ-

327 2585 330 2588 .
384 2530 455 2571 eo
514 2516 801 2571 exordium
855 2517 1086 2586 ceperit,
1144 2533 1174 2571 a
1220 2533 1331 2587 quo
1387 2518 1437 2571 id
1479 2519 1701 2584 reprimi
1756 2521 1971 2591 aequius

2078 2524 2172 2578 τοῦ
2203 2525 2442 2581 δικαίου.
2483 2528 2551 2582 Ἃ
2599 2527 2666 2599 δὴ
2692 2529 2773 2592 είς
2827 2529 3146 2583 τούναντίον
3204 2534 3495 2604 περιέστη,
3557 2535 3656 2589 καὶ

386 2605 603 2661 fuisset.
637 2606 974 2663 Obsecrabat
1019 2608 1154 2663 item
1206 2624 1274 2663 ne
1312 2610 1429 2665 lucc
1476 2613 1845 2680 permitteret,
1875 2613 1971 2669 sed

386 2696 767 2751 misericordia
799 2706 1000 2767 praeter
1025 2698 1114 2769 jus
1150 2698 1338 2767 fasque
1374 2702 1724 2768 pereuntium
1757 2712 1970 2772 captus,

386 2786 687 2842 calamitati
716 2798 1059 2850 occurreret,
1079 2799 1270 2859 etquae
1295 2776 1467 2847 multo
1488 2792 1672 2847 adhuc
1699 2795 1971 2849 atrociora

388 2877 802 2948 impenderent,
836 2880 982 2936 bello
1016 2882 1340 2953 dissipando
1361 2894 1678 2940 averteret:
1712 2887 1971 2957 quodque

332 2958 337 2964 ’
388 2971 492 3035 illi,
535 2982 594 3027 ut
640 2974 917 3028 communi
967 2976 1182 3044 parenti
1237 2991 1302 3030 ac
1363 2976 1624 3046 magistro
1663 2977 1890 3048 justitia:
1940 2994 1972 3034 a

390 3066 502 3119 Deo
532 3067 706 3121 electo
740 3066 1180 3137 pulcherrimum
1224 3076 1393 3130 esset,
1434 3067 1579 3121 inter
1612 3082 1670 3123 se
1717 3076 1773 3123 et
1801 3066 1978 3138 impe-

389 3161 648 3216 ratricem
691 3161 1043 3219 concordiam
1086 3162 1441 3217 instauraret.
1498 3161 1735 3219 Omnino
1790 3173 1974 3221 autem

389 3254 524 3308 nihil
560 3254 677 3310 fore
711 3255 938 3325 negotii,
990 3268 1168 3324 neque
1190 3254 1386 3327 ,multa
1431 3254 1508 3309 illi
1546 3256 1718 3310 verba
1753 3256 1819 3311 ad
1851 3266 1972 3312 eam

306 3326 319 3336 ’
388 3344 661 3411 facienda,
697 3350 791 3402 sed
824 3347 943 3401 solo
974 3326 1200 3415 aspectu
1239 3359 1392 3399 arma
1435 3347 1619 3401 statim
1656 3357 1974 3403 revocatum

389 3437 480 3492 iri.
523 3438 618 3493 Sin
661 3439 861 3491 horum
913 3436 1050 3495 nihil
1102 3436 1153 3490 ei
1202 3429 1352 3491 curiit
1379 3435 1574 3504 fuerit,
1612 3452 1715 3492 nec
1767 3437 1973 3503 studio,

390 3546 501 3598 quo
532 3531 710 3596 decet,
745 3540 941 3599 pacem
974 3529 1271 3594 curaverit,
1309 3531 1484 3600 ipsum
1516 3530 1741 3600 quidem
1796 3531 1975 3587 vereri

390 3627 595 3683 dicere,
634 3623 779 3693 quod
815 3633 994 3677 tamen
1040 3622 1125 3678 vel
1162 3631 1380 3678 tacente
1419 3636 1477 3676 se
1526 3632 1716 3678 notum
1759 3624 1831 3680 sit
1861 3639 1979 3679 om-

396 3715 585 3779 nibus,
621 3713 857 3769 etlusum
893 3715 1214 3782 sanguinem
1261 3716 1331 3771 de
1378 3731 1539 3769 manu
1585 3716 1706 3788 ejus
1752 3733 1782 3772 a
1826 3716 1976 3788 justo

391 3809 576 3881 judice
606 3808 716 3862 Deo
750 3808 1168 3877 requirendum.
1195 3806 1441 3879 Rogabat
1464 3808 1653 3874 etiam,
1682 3825 1749 3864 ne
1776 3808 1975 3864 timore

390 3901 580 3971 aliquo
619 3900 733 3955 haec
762 3899 874 3970 peti
919 3899 1284 3966 existimaret,
1311 3901 1533 3971 quando
1561 3916 1753 3956 eorum
1789 3903 1974 3972 cepias

395 3992 513 4062 ipse
539 3993 727 4046 multis
751 3992 999 4062 partibus
1017 4003 1305 4062 superaret
1339 4012 1351 4048 :
1388 3994 1483 4050 sed
1519 3994 1668 4060 ideo,
1691 3996 1824 4065 quia
1849 4011 1974 4049 cum

326 4152 333 4159 '
395 4080 601 4135 bellum
635 4080 739 4135 huc
789 4081 1051 4136 Romanis
1093 4081 1280 4137 clades
1328 4082 1580 4153 ingentes
1628 4083 1976 4139 invecturum

392 4172 691 4244 prospiciat
756 4182 812 4229 et
842 4183 1072 4241 metuat,
1107 4190 1271 4245 quam
1306 4175 1359 4229 iu
1396 4176 1585 4241 futdro
1634 4177 1836 4232 saeculo
1866 4178 1990 4232 ho-'

395 4267 643 4321 minibus
687 4267 968 4322 actionum
1021 4283 1248 4323 suarum
1310 4268 1580 4323 rationem
1639 4269 1975 4325 reddendam

388 4359 554 4425 sciat,
587 4358 856 4414 malorum
890 4358 1266 4430 ingruentium
1315 4376 1503 4415 ausam
1539 4360 1772 4425 nullam,
1798 4377 1978 4431 quan-

396 4460 511 4504 tum
540 4451 777 4505 maxime
811 4450 928 4505 ﬁeri
958 4451 1151 4519 possit,
1198 4451 1484 4522 porrigere
1522 4460 1778 4507 conetur.
1816 4450 1974 4518 Quod

387 4555 579 4601 autem
625 4559 682 4598 se
736 4552 792 4599 et
842 4558 971 4598 suos
1027 4543 1377 4599 anathemate
1429 4543 1621 4599 inferis
1670 4544 1973 4607 devoverit,

389 4637 498 4692 sibi
531 4637 753 4707 quidem
789 4635 1053 4691 horribile
1095 4635 1293 4699 videri,
1337 4645 1393 4690 et
1437 4636 1671 4702 merito;
1701 4626 1981 4692 verumta-

391 4745 520 4785 men
559 4729 695 4783 nihil
725 4729 790 4784 ad
820 4744 880 4783 se
923 4729 1223 4797 pertinere.
1265 4728 1428 4801 457
1474 4728 1531 4784 Si
1565 4729 1714 4783 enim
1740 4728 1980 4797 impera-

392 4821 537 4879 toris
569 4820 816 4875 defuncti
859 4818 1051 4875 liberis
1095 4820 1457 4891 jurejurando
1504 4819 1707 4875 violato
1747 4818 1979 4873 insidias

392 4916 623 4975 molitus
656 4913 747 4980 sit,
790 4922 849 4968 ut
876 4913 980 4982 ipsi
1016 4912 1296 4977 dictitant,
1332 4910 1740 4965 accusationem
1769 4909 1978 4980 aliquid

390 5011 580 5065 calere
636 5010 900 5077 potuisse.
939 5006 996 5062 Si
1041 5014 1227 5061 autem
1278 5003 1548 5075 ejusmodi
1607 5002 1747 5057 nihil
1798 5017 1980 5073 neque

392 5100 611 5161 fecerit,
668 5113 850 5169 neque
890 5097 1169 5168 cegitai-it,
1228 5107 1286 5151 et
1340 5095 1410 5150 ab
1461 5094 1618 5149 initio
1678 5095 1978 5150 constituta

2075 2619 2103 2670 ὁ
2129 2618 2365 2688 πόλεμος
2392 2618 2452 2684 ἐξ
2481 2620 2697 2673 ἐκείνου
2759 2620 2889 2691 ἔσχε
2915 2620 3016 2692 τὴν
3037 2622 3216 2692 ἀρχὴν
3247 2624 3336 2692 ὑφ’
3362 2618 3422 2680 οὗ
3455 2625 3655 2679 κωλύε-

2079 2709 2204 2762 σθαι
2237 2708 2575 2781 δικαιότερος
2607 2710 2810 2782 μᾶλλον
2844 2708 2933 2784 ἦν.
2992 2715 3194 2769 Ἐδεῖτό
3216 2697 3277 2771 τέ
3318 2718 3395 2787 μὴ
3428 2717 3648 2771 τοιαῦτα

2078 2798 2341 2871 γινόμενα
2372 2803 2660 2873 περιυρᾷν,
2706 2803 2822 2857 ἀλλ’
2857 2804 3006 2860 ἔλεον
3060 2805 3299 2862 λαϐόντα
3343 2808 3453 2861 τῶν
3486 2809 3647 2863 ἀπολο

2079 2890 2332 2962 λυμένων
2372 2893 2678 2967 ἀνθρώπων
2708 2897 2859 2965 παρὰ
2906 2898 3089 2955 πάντα
3115 2897 3213 2952 τοῦ
3245 2900 3458 2955 δικαίου
3499 2901 3651 2971 λόγον

2081 2985 2270 3055 στῆναι
2314 2985 2450 3055 πρὸς
2480 2987 2577 3057 τήν
2616 2988 2921 3059 συμφορὰν,
2990 2991 3084 3045 καὶ
3146 2991 3215 3045 τὰ
3268 2992 3446 3062 πολλῷ
3494 2994 3654 3047 δεινό·

2075 3092 2213 3147 τερα
2231 3075 2467 3141 ἐσόμενα
2484 3075 2728 3131 κωλῦσαι
2755 3078 3137 3135 καταλύσαντα
3160 3082 3250 3135 τὸν
3281 3082 3535 3152 πόλεμον,
3561 3086 3655 3137 καὶ

2081 3164 2416 3238 διαλλακτὴν
2482 3165 2851 3236 γεγενημένον
2948 3168 3219 3238 βασιλίδος
3284 3171 3379 3225 καὶ
3451 3171 3650 3235 αὐτοῦ,

2077 3256 2217 3327 ὅπερ
2269 3256 2510 3327 μάλιστα
2538 3257 2688 3327 αὐτῷ
2742 3259 3066 3328 προσήκειν,
3120 3244 3294 3333 πατρὶ
3363 3262 3529 3332 κοινῷ
3561 3263 3654 3315 καὶ

2075 3348 2382 3418 διδασκάλῳ
2409 3348 2758 3420 δικαιοσύνης
2816 3352 2924 3404 ὑπὸ
2969 3352 3064 3406 τοῦ
3099 3343 3235 3406 Θεοῦ
3281 3371 3652 3425 κεχειροτονη-

2086 3437 2256 3509 μένῳ.
2295 3437 2527 3502 Πάντως
2572 3440 2631 3492 δὲ
2666 3438 2821 3492 οὐδὲν
2851 3437 3015 3508 ἔργον
3068 3440 3247 3503 ἔσται,
3288 3442 3415 3495 οὑδέ
3446 3442 3654 3497 πολλῶν

2077 3528 2334 3600 δεήσεται
2408 3529 2583 3598 λόγων
2634 3531 2773 3603 πρὸς
2839 3530 3023 3596 αὐτὸν,
3091 3532 3207 3585 ἀλλ’
3272 3536 3435 3604 ἀρκεῖ
3497 3536 3656 3604 μόνον

2077 3619 2332 3691 ὀφθῆναι,
2376 3621 2471 3676 καὶ
2499 3623 2651 3675 πᾶσα
2692 3620 2968 3692 πρόφασις
3013 3622 3251 3692 πολέμου
3302 3624 3655 3694 περιαιρεθή-

2080 3729 2252 3766 σεται.
2289 3712 2351 3765 Εἰ
2384 3710 2431 3764 δ’
2458 3712 2568 3782 ἄρα
2596 3711 2802 3765 τούτων
2840 3711 3073 3781 μηδενὸς
3101 3711 3348 3783 μελήσει,
3384 3714 3520 3784 μηδέ
3561 3714 3656 3783 τήν

2082 3801 2473 3873 προσήκουσαν
2502 3800 2634 3871 περὶ
2668 3799 2768 3867 τὴν
2804 3800 3035 3871 εἰρήνην
3064 3801 3367 3865 ἐνδείξεται
3401 3802 3654 3874 σπουδὴν,

2079 3891 2245 3947 αὐτὸν
2280 3891 2382 3962 μέν
2429 3890 2609 3944 ὀκνεῖν
2671 3891 2871 3954 εἰπεῖν,
2913 3891 3050 3944 πᾶσι
3093 3890 3149 3943 δὲ
3183 3885 3326 3944 εἶναι
3359 3895 3454 3945 καὶ
3502 3897 3656 3962 σιγή-

2080 4001 2276 4047 σαντος
2306 3982 2647 4051 καταφανὲς,
2677 3982 2751 4047 ὡς
2780 3986 2844 4037 ἐκ
2871 3980 2981 4037 τῶν
3012 3983 3180 4037 αὐτοῦ
3231 3984 3431 4055 χειρῶν
3463 3986 3533 4038 τὰ
3563 3988 3654 4039 ἐκο

2077 4078 2426 4152 χυθησόμενα
2451 4076 2561 4131 τῶν
2611 4075 2918 4147 ἀνθρώπων
2984 4077 3197 4148 αἵματα
3236 4077 3370 4142 Θεὸς
3402 4081 3429 4133 ὁ
3455 4080 3658 4143 δίκαιος

2077 4171 2374 4243 ἐκζητήσει
2404 4170 2619 4242 κριτής.
2667 4168 2852 4235 Ἠξίου
2885 4186 2944 4222 τε
2995 4169 3070 4241 μὴ
3102 4169 3192 4224 διὰ
3218 4169 3419 4223 δειλίαν
3456 4172 3525 4224 τὰ
3551 4189 3659 4225 τοι-

2078 4262 2221 4317 αῦτα
2270 4262 2516 4333 νομίζειν
2551 4262 2764 4317 δεῖσθαι
2798 4277 2812 4292 ·
2845 4261 2945 4333 τὴν
2978 4266 3089 4334 γὰρ
3135 4262 3347 4319 ἐκείνου
3398 4266 3658 4335 στρατιὰν

2085 4354 2270 4427 πολλῷ
2293 4356 2368 4425 τῷ
2391 4356 2579 4427 μέτρῳ
2600 4357 2699 4424 τῆς
2723 4355 2955 4409 ἐκείνων
2973 4355 3289 4428 ὑπερέχειν·
3316 4358 3433 4412 ἀλλ’
3449 4360 3660 4430 ὁρῶντα

2077 4450 2170 4503 τὸν
2220 4449 2458 4519 πόλεμον
2504 4448 2583 4513 ὡς
2641 4448 2899 4519 μεγάλων
2929 4447 3086 4503 ἔσται
3130 4451 3431 4521 συμφορῶν
3484 4452 3658 4514 αίτιος

2089 4540 2404 4611 Ῥωμαίοις,
2467 4540 2566 4612 και
2618 4538 2896 4592 δεδοικότα
2960 4538 3060 4610 τήν
3108 4540 3322 4593 ἐκεῖθεν
3393 4541 3660 4612 βεϐιωμέ-

2078 4647 2187 4686 νων
2265 4631 2500 4702 βάσανον
2551 4608 2866 4700 δινθρώποις
2945 4630 3243 4702 μηδεμίαν,
3299 4632 3374 4696 ὡς
3423 4627 3537 4686 οἷόν
3601 4649 3660 4685 τε

2084 4723 2327 4794 μάλιστα
2389 4724 2447 4776 ἐν
2507 4723 2624 4787 τοῖς
2686 4721 3171 4794 προσδοκωμένοις
3233 4728 3425 4787 κακοῖς
3482 4725 3662 4780 αἰτίαν

2078 4814 2417 4888 παρέχεσθαι
2467 4812 2791 4884 πειρᾶσθαι.
2857 4815 2955 4868 Ὃν
3009 4813 3067 4868 δὲ
3109 4815 3236 4867 κατ’
3293 4814 3464 4869 αὐτοῦ
3525 4816 3663 4883 ἐξεῖ-

2080 4925 2150 4962 πε
2210 4908 2307 4961 καὶ
2356 4904 2464 4959 τῶν
2515 4905 2782 4959 συνόντων
2832 4906 3181 4977 ἀφορισμδν,
3237 4907 3500 4978 ἡγεῖσθαι
3562 4907 3673 4983 μὲν⁴

2079 5000 2277 5064 δεινδν,
2307 4999 2427 5062 πῶς
2459 4998 2570 5070 γὰρ
2608 4996 2668 5051 οὔ
2700 5015 2715 5063 ;
2748 4997 2906 5053 οὐδὲν
2958 4999 3017 5053 δὲ
3048 4994 3191 5053 εἶναι
3240 5001 3395 5070 ,πρὸς
3447 5000 3613 5054 αὐτόν
3645 5017 3657 5030 ·

2081 5096 2129 5148 εί
2159 5095 2271 5165 γὰρ
2318 5092 2606 5164 βασιλέως,
2643 5090 2836 5162 ὥσπερ
2875 5092 3033 5146 αὐτοί
3066 5109 3255 5163 φασιν,
3294 5092 3660 5147 ἐπεϐούλευσε

389 5193 721 5258 servaverit,
757 5201 1186 5261 constanterque
1235 5205 1301 5244 ex
1348 5190 1665 5260 juramento
1705 5204 1764 5244 se
1795 5203 1974 5258 gesse-

2080 5189 2193 5251 τοῖς
2223 5186 2415 5240 παισὶν
2461 5186 2826 5255 ἐπιορκήσας,
2867 5178 3015 5256 εἶχεν
3055 5184 3121 5239 ἄν
3160 5203 3284 5239 τινα
3338 5186 3475 5257 πρὸς
3518 5188 3662 5241 ἐκεῖ-

399 5286 493 5345 rit,
552 5299 678 5339 cum
729 5284 855 5355 ipsi,
914 5284 1121 5338 invidia
1178 5290 1233 5337 et
1271 5282 1706 5337 obtrectatorum
1763 5280 1977 5337 vnculis

397 5378 685 5440 commoti,
735 5378 1057 5431 universum
1082 5376 1389 5429 Romanum
1420 5373 1712 5442 imperium
1746 5384 1803 5429 et
1830 5390 1979 5430 nunc

397 5470 789 5539 depascentem
822 5468 1095 5522 ﬂammant
1141 5475 1200 5521 et
1243 5465 1370 5535 (nisi
1399 5466 1545 5521 Dens
1568 5465 1637 5522 de
1671 5467 1811 5523 caelo
1855 5483 1981 5537 pro-

402 5565 570 5634 pilius
599 5544 905 5633 respiciens
934 5575 1058 5616 eam
1109 5560 1451 5632 restinxerit)
1502 5559 1679 5631 magis
1719 5559 1981 5630 depastu-

402 5673 516 5710 ram
576 5655 982 5719 excitaverint,
1026 5653 1327 5708 videndum
1377 5652 1583 5723 ecquid
1636 5669 1747 5706 non
1806 5652 1979 5723 magis

402 5751 572 5821 ipsos,
605 5756 794 5819 utpote
838 5747 1110 5803 maiorum
1146 5759 1339 5802 causas
1388 5755 1444 5801 et
1491 5746 1782 5817 originem.
1816 5761 1979 5811 quam

399 5858 515 5899 sea
544 5842 654 5899 Deo
678 5838 885 5900 secludi
919 5855 1135 5910 mquam
1176 5839 1265 5895 sit.
1313 5838 1447 5897 Nam
1486 5840 1733 5895 divinum
1780 5852 1979 5893 numen

1623 6006 1678 6017 π...

2083 5300 2175 5337 νον
2213 5281 2447 5349 δύναμιν
2476 5281 2547 5333 τὰ
2594 5278 2860 5349 εἰρημένα
2911 5294 2925 5309 ο
2963 5278 3012 5332 εί
3043 5277 3101 5332 δὲ
3133 5277 3336 5332 τούτων
3373 5280 3474 5350 μὲν
3512 5279 3663 5332 οὐδὲν

2084 5373 2208 5428 οὔτε
2256 5372 2557 5444 εἴργαστο,
2623 5370 2749 5424 οὔτε
2820 5370 3153 5441 ἐνεθυμήθη,
3218 5371 3548 5442 ἐμμένοντος
3606 5372 3667 5426 δι

2085 5466 2251 5521 αὐτοῦ
2313 5467 2424 5528 τοῖς
2484 5464 2543 5529 ἐξ
2592 5464 2787 5534 ἀρχῆς,
2843 5465 3093 5526 καὶτοὺς
3141 5462 3339 5533 ὅρκους
3368 5462 3664 5534 τηροῦντος

2090 5558 2342 5632 βεϐαίως,
2376 5556 2482 5611 ὑπὸ
2509 5554 2701 5622 φθόνου
2729 5555 2823 5606 καὶ
2855 5552 3226 5622 συκοφαντίας
3255 5553 3411 5607 αὐτοὶ
3444 5571 3663 5626 κεκινη-

2093 5653 2265 5722 μένοι,
2297 5650 2396 5719 τὴν
2432 5649 2612 5701 πᾶσαν
2649 5644 2937 5715 Ῥωμαίων
2974 5645 3280 5716 ἡγεμονίαν
3326 5645 3422 5699 νῦν
3466 5661 3524 5699 τε
3560 5646 3662 5716 ήδη

2091 5743 2420 5814 νεμομένην,
2482 5741 2576 5791 καὶ
2624 5738 2703 5790 ἔτι
2751 5737 2952 5806 μᾶλλον
2982 5737 3408 5807 δαπανήσουσαν
3438 5736 3668 5806 ἤγειραν

2093 5837 2287 5906 φλόγα,
2319 5835 2387 5906 ἢν
2417 5834 2493 5905 μὴ
2524 5832 2655 5893 Θεὸς
2692 5831 2725 5885 ἄ
2760 5829 2899 5883 ωθεν
2945 5828 3250 5897 ἐπιϐλέψας
3288 5828 3445 5882 ἵλεων
3497 5842 3667 5879 κατα·
3722 5848 3727 5855 ·
