4054 6432
469 393 577 456 ξ95

1669 399 2005 464 JOANNIS
2039 404 2582 470 CANTACUZENI

3638 412 3747 477 896

472 505 744 558 minarum
807 519 930 574 pars
959 505 1076 560 bace
1120 519 1178 562 ut
1237 519 1384 564 recte
1442 509 1763 580 utiliterque
1818 515 2056 584 cogitata

2184 518 2219 571 ἰὲ
2251 519 2417 573 ἐνεκα
2445 521 2545 592 τῆς
2576 519 2716 594 πρὸς
2765 522 2891 594 ἐμὲ,
2927 520 3020 577 καὶ
3073 521 3300 594 βασιλέα
3339 523 3430 580 τδν
3471 523 3608 591 υίζν,
3649 527 3749 580 καὶ

473 598 802 664 approbare.
837 614 964 667 pars
991 600 1094 654 alia
1132 602 1316 656 omnia
1344 603 1573 658 sentire.
1613 603 1887 661 Postridie
1912 607 2059 663 dilu-

472 688 598 740 culo
625 689 740 742 haec
768 677 1099 759 Apocaucbo
1147 694 1389 749 cubiculi
1425 697 1569 752 sacri
1603 703 1867 767 praefecto
1913 717 2060 755 nun-

474 782 704 845 liutttur,
768 783 863 853 qui
913 793 1224 840 extremum
1270 787 1398 842 inde
1441 789 1546 843 sibi
1595 791 1874 862 sociisque
1914 793 2062 863 peri-

473 877 658 927 culum
706 877 1124 944 pertimescens,
1163 882 1490 948 patriarcha:
1535 884 1884 956 aliorumque
1929 901 2063 942 con—

471 968 778 1037 iuratorum
831 971 977 1027 aedes
1027 988 1395 1040 concursans,
1463 979 1660 1046 Actum
1697 991 1805 1046 est,
1853 981 2057 1052 inquit,

480 1072 774 1130 nostraque
811 1063 897 1116 illa
949 1080 1142 1134 magna
1199 1066 1435 1122 felicitas
1475 1070 1542 1123 ad
1580 1071 1832 1124 ultimam
1899 1075 2064 1128 mise-

478 1153 611 1204 riam
667 1155 831 1206 simul
895 1164 1007 1210 tuta
1070 1159 1286 1213 recidit.
1341 1161 1585 1229 Augusta
1643 1163 1815 1223 enim.
1872 1167 2062 1221 nescio

479 1246 624 1298 umlc
662 1248 862 1311 excita,
903 1265 1093 1318 pacem
1154 1267 1279 1304 cum
1325 1251 1717 1309 Cantacuzeno
1769 1256 1950 1312 facere
2009 1260 2063 1313 in

478 1338 666 1390 animo
697 1339 884 1405 habet,
923 1345 1050 1412 quia
1087 1356 1144 1396 et
1176 1343 1352 1412 ipsum
1388 1347 1775 1415 imperatorem
1804 1366 1925 1405 esse
1952 1352 2065 1422 pati

481 1439 685 1496 potest,
717 1441 770 1482 et
807 1431 935 1499 quia
973 1433 1235 1487 llelenam
1261 1437 1380 1504 ejus
1412 1436 1574 1489 tiliam
1605 1438 1923 1506 imperatori
1955 1439 2067 1493 lilio

477 1522 694 1587 nuptiis
750 1522 992 1579 destinat
1044 1527 1399 1597 conjungere.
1433 1528 1566 1595 Quae
1621 1529 1665 1583 si
1729 1529 1879 1591 fiant.
1927 1531 2068 1586 nihil

482 1614 600 1680 spei
665 1626 952 1682 superest,
1005 1621 1137 1688 quin
1191 1637 1257 1674 ex
1311 1622 1628 1678 hominibus
1673 1624 2066 1692 exterminati,

488 1705 739 1761 inaudito
787 1710 1024 1777 quodam
1063 1712 1226 1766 modo
1276 1729 1402 1768 cum
1445 1715 1562 1784 tota
1608 1718 1780 1786 stirpe
1829 1717 2071 1771 interea-

2169 613 2243 683 μή
2255 632 2343 667 πω
2371 614 2468 668 τοῦ
2501 615 2742 686 πολέμου
2780 617 3144 689 κεκινημένου
3174 616 3273 688 τὴν
3303 616 3580 688 θυγατέρα
3602 617 3754 670 Ἐλέ⁹

2165 723 2264 775 νην
2309 706 2520 777 βασιλεῖ
2557 707 2634 778 τῷ
2679 709 2798 779 ἐμῷ
2849 711 2952 780 υίῷ
3002 708 3346 780 συνεθέμεθα
3388 710 3526 779 πρὸς
3571 710 3754 780 γάμον

2167 800 2421 866 ἀγαγεῖν.
2454 795 2529 855 Οὗ
2560 800 2625 872 δὴ
2658 803 3034 874 γεγενημένου
3066 801 3184 866 νῦν,
3213 805 3240 857 ὃ
3274 819 3333 855 τε
3372 802 3610 871 πόλεμος
3646 819 3755 854 κα-

2165 889 2532 962 ταλυθήσεται
2569 893 2796 969 ῥᾳδίως,
2831 896 2926 949 καὶ
2969 895 3040 948 τά
3068 897 3377 964 πράγματα
3409 894 3502 949 ὑπ’
3534 894 3752 964 ἐκείνῳ,

2166 983 2357 1056 ὥσπερ
2408 989 2502 1040 καὶ
2547 989 2837 1060 πρότερον,
2877 989 3308 1059 διοικηθήσεται.
3362 990 3426 1043 Ei
3471 989 3550 1054 δὲ,
3597 989 3755 1042 οὐδὲν

2167 1075 2323 1129 ἐσται
2371 1077 2432 1130 τὸ
2476 1078 2721 1133 κωλῦσον
2768 1082 2867 1151 τὴν
2910 1081 3209 1150 Ῥωμαίων
3251 1081 3554 1152 ἠγεμονίαν
3582 1081 3756 1152 αὐτὴν

2169 1166 2261 1234 ὑφ’
2292 1168 2493 1238 ἑαυτῆς
2525 1169 2920 1242 διαφθαρῆναι.
2953 1172 3018 1223 Δί
3051 1170 3150 1239 μὲν
3191 1166 3285 1224 οὖν
3315 1172 3427 1225 τῶν
3472 1173 3753 1240 γυναικῶν

2168 1259 2583 1331 ἐπεψηφίσαντο
2609 1262 2679 1315 τὰ
2710 1264 2982 1334 εἰρημένα
3019 1263 3094 1325 ὡς
3122 1263 3298 1334 ὀρθῶς
3329 1263 3424 1316 καὶ
3457 1264 3754 1328 λυσιτελῶς

2173 1353 2612 1424 βεϐουλευμέναο
2651 1359 2770 1419 ταῖς
2801 1356 2858 1409 δέ
2921 1357 3101 1410 ἐδόκει
3153 1357 3230 1428 μὴ
3275 1356 3607 1410 λυσιτελεῖνο
3637 1356 3757 1427 ἅμα.

2171 1447 2228 1499 δέ
2265 1447 2451 1517 ἡμέρᾳ
2487 1449 2569 1511 είς
2609 1447 2710 1519 τὴν
2753 1449 3056 1520 ὑστεραίαν
3105 1450 3436 1520 Ἀποκαὺχῳ
3488 1449 3758 1518 ἐμηνύετο

2171 1536 2251 1606 τῷ
2287 1540 2780 1611 παρακοιμωμένῳ
2825 1541 2895 1594 τὰ
2926 1541 3220 1611 εἰρημένα.
3253 1541 3494 1604 Ἐκεῖνος
3521 1541 3576 1594 δὲ
3607 1541 3760 1608 νομί-

2179 1645 2276 1694 σας
2304 1631 2436 1701 περὶ
2462 1631 2573 1684 τῶν
2605 1633 2854 1702 ἐσχάτων
2887 1633 3076 1696 αὐτοῖς
3109 1633 3201 1685 τὸν
3232 1633 3483 1686 κίνδυνον
3510 1633 3577 1685 τά
3607 1632 3758 1700 εἰρη-

2177 1723 2317 1794 μένα
2353 1723 2530 1792 ἄγειν,
2588 1725 2726 1795 πρὸς
2758 1727 3109 1796 πατριάρχην
3143 1726 3239 1778 καὶ
3272 1728 3398 1788 τοὺς
3460 1725 3560 1797 τῆς
3615 1726 3758 1778 κατὰ

485 1814 628 1851 inus.
676 1799 1068 1858 Rccordamini
1111 1805 1258 1858 cnim
1296 1807 1602 1867 vobiscum,
1653 1825 1815 1877 quam
1873 1809 2073 1863 multo-

2184 1814 2446 1885 βασιλέως
2493 1818 2982 1888 συμμετασχόντας
3030 1818 3324 1888 ἐπιϐουλῆς
3371 1817 3561 1879 ἐλθὼν,
3599 1819 3760 1870 Ἀπο-

485 1903 609 1940 rum
632 1891 926 1944 criminum
957 1909 1112 1947 reum
1141 1897 1534 1966 peri-gerimus.
1561 1898 1684 1952 ΙΙωο
1713 1899 1898 1952 omnia
1925 1898 2070 1969 apud

2184 1909 2455 1978 λώλαμεν,
2488 1905 2636 1972 εἷπε,
2668 1913 2764 1964 καὶ
2800 1910 2879 1974 εἱς
2914 1911 3148 1982 ἔσχατον
3177 1912 3430 1964 κινδύνου
3465 1911 3529 1963 ἐκ
3555 1908 3758 1977 πολλῆς

486 1996 586 2035 vos
619 1994 959 2052 reputantes,
1007 1986 1296 2044 intendere
1325 2005 1525 2044 nervos
1573 1999 1814 2061 oportet,
1857 2000 1916 2045 ut
1961 2006 2071 2045 non

2184 1997 2438 2067 εὐτυχίας
2468 1999 2535 2052 τά
2587 1999 2890 2070 πράγματα
2947 2001 3083 2072 ἡμῖν
3117 2000 3316 2070 ἀθρόον
3363 2002 3646 2072 περιέστη.
3694 1998 3759 2052 'il

487 2081 700 2127 tantum
737 2076 915 2132 foedus
947 2079 1337 2149 impediamus.
1395 2083 1488 2138 sed
1523 2096 1582 2136 ut
1619 2084 1764 2137 bello
1795 2094 2073 2154 quantum

2184 2086 2396 2156 βασιλὶς
2425 2089 2556 2159 γὰρ,
2610 2090 2710 2142 οὐκ
2742 2085 2838 2142 οἷδ’
2892 2088 3392 2160 ὅθεναόρμηθεῖσα,
3447 2085 3760 2160 διαλύεσθαι

487 2168 794 2236 poterimus
848 2169 996 2225 faces
1037 2173 1416 2241 subjiciamus,
1447 2192 1557 2246 quo
1595 2177 1729 2230 nilnil
1767 2177 1925 2231 nobis
1967 2177 2077 2232 uli-

387 2247 396 2260 ’
485 2260 613 2314 lius.
679 2262 1007 2319 .ludicaruut
1066 2266 1232 2336 igitur
1289 2279 1345 2323 et
1396 2271 1602 2336 car-teri,
1659 2273 2068 2340 impcratricem

487 2353 669 2407 moliri
701 2354 1037 2414 tristissima.
1064 2357 1448 2423 Quaerentibus
1480 2374 1689 2428 autem,
1724 2378 1831 2432 qua
1855 2363 2069 2416 ratione

486 2445 732 2514 periculo
750 2463 806 2500 se
830 2450 1161 2513 eximerent,
1195 2453 1400 2520 placuit
1431 2455 1837 2524 imperatricem
1866 2455 2079 2510 adeun-

489 2538 638 2601 dam,
673 2547 729 2594 et
748 2551 841 2594 aut
868 2541 1102 2607 tethnis,
1131 2552 1226 2597 aut
1255 2546 1526 2598 minarum
1555 2555 1765 2601 terrore
1799 2547 2074 2611 adhibito,

489 2643 611 2683 eam
640 2635 968 2700 perpeilere.
1001 2643 1060 2689 ut
1094 2638 1277 2708 jurata
1323 2640 1630 2709 promittat,
1671 2639 1738 2693 de
1776 2653 2076 2708 pace~cum

489 2720 877 2782 Cantacuzeno
912 2746 1013 2786 nec
1061 2743 1306 2787 acturam
1346 2716 1672 2802 quidquam,
1716 2747 1820 2787 nec
1865 2733 2077 2801 cogita-

491 2821 693 2876 turam.
730 2822 834 2875 nisi
864 2839 1058 2879 eorum
1089 2841 1309 2896 quoque
1343 2825 1648 2880 auctoritas
1672 2826 1990 2882 accesserit.

2183 2182 2321 2253 πρδς
2355 2182 2815 2252 Καντακουζηνδν
2849 2182 3100 2250 διενοήθη
3165 2183 3262 2234 ἐπὶ
3309 2181 3384 2249 τῷ
3437 2179 3663 2252 βασιλέα
3701 2195 3760 2230 τε

2179 2275 2342 2328 αὺτὸν
2377 2275 2652 2349 στέργειν,
2697 2275 2796 2329 καὶ
2837 2275 3064 2346 Ἑλένην
3099 2273 3200 2345 τὴν
3238 2273 3523 2343 θυγατέρα
3557 2271 3765 2340 βασιλεῖ

2179 2357 2318 2436 Δπρὸς
2353 2368 2531 2436 γάμον
2560 2367 2826 2436 ἁρμόζειν
2859 2367 2936 2438 τῷ
3001 2365 3125 2437 υίῷ.
3165 2368 3233 2420 "A
3270 2367 3318 2419 εί
3348 2366 3576 2434 γένοιτο,
3612 2363 3764 2416 οὐδε·
3857 2377 3871 2388 °

2185 2459 2284 2529 μία
2319 2475 2400 2520 τις
2438 2460 2832 2512 ὑπολέλειπται
2860 2461 2998 2530 ἡμῖν
3026 2459 3184 2522 ἐλπὶς
3217 2457 3311 2513 τοῦ
3362 2457 3437 2528 μὴ
3465 2456 3523 2520 ἐξ
3552 2453 3764 2524 ἀνθρώ-

2183 2570 2301 2606 πων
2357 2553 2761 2622 ἀφανισθέντας
2811 2549 2989 2620 καινῷ
3047 2549 3155 2604 τινι
3190 2551 3382 2622 τρόπῳ
3437 2544 3762 2612 πανοικεσίᾳ

2183 2643 2504 2697 ἀπολέσθαι.
2537 2641 2681 2696 Ἰστε
2713 2643 2823 2714 γὰρ
2882 2641 3038 2697 αὐτοὶ
3075 2643 3179 2696 ὅσα
3231 2644 3364 2712 ἡμῖν
3399 2640 3523 2693 κατ’
3557 2636 3760 2692 ἐκείνου

2183 2735 2621 2806 κατηγόρηνται,
2657 2734 2693 2789 ἃ.
2734 2736 2916 2789 πάντα
2952 2734 3060 2806 χρὴ
3106 2733 3550 2805 ἐνθυμουμένους
3586 2729 3756 2781 πᾶσαν

2183 2827 2554 2894 ἐπιδείξεσθαι
2620 2827 2883 2899 σπουδὴν,
2940 2827 3084 2881 ὥστε
3155 2826 3229 2897 μὴ
3297 2825 3459 2894 μόνον
3518 2818 3762 2892 γίνεσθαι

494 2910 730 2976 σπονδὰς
786 2915 902 2986 ἐᾷν,
938 2917 1073 2972 ἀλλὰ
1108 2921 1200 2973 καὶ
1248 2918 1339 2973 τὸν
1385 2919 1648 2989 πόλεμον,
1697 2921 1774 2983 ὡς
1823 2913 1964 2992 οἷόν⁴
1988 2939 2070 2984 τε,
2111 2922 2402 2976 ἀνάπτειν.
2440 2920 2610 2976 Οὐδὲν
2661 2920 2768 2992 γὰρ
2806 2920 2840 2991 ἢ
2881 2920 3043 2974 τοῦτο
3109 2919 3555 2988 λυσιτελέστερον
3612 2914 3764 2984 ἡμῖν.

505 3005 714 3061 Ἐδόκει
771 3009 871 3080 μὲν
919 3011 1012 3066 οὗ]
1057 3015 1335 3076 κάκεῖνοις
1391 3015 1674 3068 δεινότατα
1723 3014 1790 3067 τά
1841 3014 2076 3085 βασιλίδι
2119 3014 2551 3086 βεϐουλευμένα,
2602 3015 3006 3085 σκεπτομένοις
3040 3013 3099 3068 δέ
3259 3011 3366 3084 χρὴ
3402 3009 3495 3065 τδν
3527 3009 3770 3064 κίνδυνον

490 3099 804 3173 διαφυγεῖν,
837 3106 1012 3159 ἐδόκει
1074 3106 1185 3160 δεῖν
1223 3108 1359 3179 πρὸς
1412 3107 1664 3179 βασιλίδα
1715 3107 2076 3171 ἀπελθόντας,
2120 3107 2546 3180 καὶἧάπάταις
2607 3106 3072 3180 γρησαμένους,ἢ
3127 3106 3472 3178 φοϐήσαντας
3495 3102 3765 3168 ἀπειλαῖς,

492 3200 706 3256 πείθειν
737 3201 907 3272 αὐτὴν
939 3201 1007 3255 δι’
1031 3203 1211 3274 ὅρκων
1245 3205 1541 3274 ἐμπεδοῦν,
1614 3205 1692 3268 ὡς
1734 3207 1783 3258 εἰ
1843 3206 1920 3276 μὴ
1983 3206 2249 3277 πρότερον
2309 3203 2838 3276 συνεπιψηφίζοιντο
2897 3203 2994 3258 καὶ
3064 3204 3242 3271 αὐτοὶ,
3299 3203 3438 3274 μήτε
3483 3201 3769 3274 πράττειν,

494 3297 636 3368 μήτε
665 3296 1022 3369 βουλεύεσθαί
1055 3316 1108 3352 τι
1141 3302 1273 3370 περὶ
1301 3301 1402 3372 τῆς
1433 3301 1568 3374 πρὸς
1615 3303 2074 3371 Καντακουζηνδν
2114 3303 2366 3372 εἰρήνης.

1767 3414 1933 3486 459
1986 3415 2214 3471 CAPUT
2268 3414 2511 3470 xxxrv.

495 3509 916 3582 Conjuratarnm
958 3511 1210 3566 insidiosa
1240 3523 1426 3565 contra
1454 3496 1890 3566 Cantacuzenum
1940 3516 2134 3575 oratio,
2182 3528 2286 3583 qua
2328 3512 2647 3574 imperatrix
2677 3527 2734 3583 ην
2765 3525 2893 3583 pace
2939 3507 3448 3583 deterretur.__Quod
3475 3507 3684 3583 liberius
3708 3523 3771 3583 ac

564 3579 917 3656 vehementius
960 3585 1268 3656 patriarcha
1303 3583 1518 3656 reliquis
1545 3584 1901 3636 accedentibus
1941 3583 2088 3656 furit.
2130 3579 2813 3656 Imperant};ignara__d01i
2852 3581 3028 3651 jurat.
3069 3579 3434 3656 Custoditura
3481 3581 3770 3656 conjuratis

563 3669 660 3723 per
686 3654 820 3726 vices
855 3653 1110 3726 interdiu,
1167 3671 1198 3706 α
1229 3651 1752 3726 farnulabusnoctu;
1803 3664 1850 3706 et
1892 3651 2049 3726 verba
2089 3651 2612 3726 ejns'observantur.
2667 3651 2942 3726 Vocantur
2967 3666 3036 3726 ea:
3070 3653 3220 3726 _At(to
3269 3658 3444 3726 monte
3487 3654 3772 3726 sanctiores

567 3721 833 3786 rnonachi,
879 3723 1052 3863 οἶαί.εὲ
1086 3740 1270 3793 pacem
1319 3724 1708 3795 persuadeant;
1757 3725 1896 3794 quod
1945 3721 2226 3796 diligenter
2274 3734 2534 3779 conantur
2583 3731 2632 3778 et
2675 3724 2776 3778 nisi
2824 3721 3013 3792 religio
3052 3721 3421 3792 jurisjurandi
3467 3721 3769 3787 obstitisset,

567 3804 760 3849 conata
801 3811 894 3863 per
920 3802 1159 3848 eczssent.

565 3804 760 3849 conata
801 3802 1159 3864 per[ecissent.

571 3909 651 3965 Re
681 3908 761 3964 sic
806 3908 1132 3978 composita,
1165 3908 1231 3962 ad
1285 3908 1690 3978 imperatricem
1729 3910 2078 3982 gradiuntur,

2259 3912 2416 3966 Οὕτω
2445 3911 2502 3965 δέ
2552 3909 2893 3980 συνθέμενοι,
2937 3907 3075 3978 πρὸς
3114 3883 3365 3979 βασιλίδα
3397 3903 3534 3980 ἧκον
3555 3922 3570 3938 ο
3603 3925 3768 3979 προσ-

501 4017 679 4073 caque
710 4001 1076 4068 consalutata,
1106 3997 1263 4069 Nos,
1309 4005 1586 4075 inquiunt,
1607 4023 1821 4072 omnes,
1841 4010 2078 4078 etpotis-

2188 4003 2590 4075 αγορεύσαντες
2633 4002 2710 4072 δέ,
2761 4002 2974 4073 Ἡμεῖς.
3027 3997 3208 4065 εἷπον,
3255 4002 3478 4064 πάντες.
3528 4004 3621 4056 καὶ
3663 4001 3767 4072 μά-

501 4096 704 4151 simum
756 4096 1094 4166 patriarcha,
1144 4097 1290 4152 inter
1327 4097 1694 4155 Cantacuzeni
1730 4102 1938 4156 amicos
1971 4101 2078 4170 pri-

2186 4099 2347 4152 λιστα
2380 4097 2757 4168 πατριάρχης,
2797 4097 2856 4149 ἐν
2889 4097 3004 4159 τοῖς
3041 4094 3284 4163 πρώτοις
3313 4089 3458 4165 ἦμεν
3483 4096 3592 4148 τῶν
3629 4097 3770 4147 Κανε-

502 4203 652 4242 mum
707 4188 890 4244 locum
945 4188 1294 4254 tenebamus,
1349 4191 1436 4246 cui
1487 4190 1755 4246 beneﬁcia
1809 4191 1979 4245 multa
2030 4199 2085 4246 et

499 4284 826 4341 excellentia
865 4285 920 4340 in
966 4287 1208 4356 acceptis
1248 4286 1501 4342 ferimus.
1541 4286 1797 4354 Quaudiu
1835 4289 2002 4360 igitur
2031 4301 2088 4348 et

501 4381 620 4454 ipse
651 4383 808 4460 vobis
839 4383 1266 4453 imperatoribus
1304 4386 1538 4452 studuit,
1570 4401 1908 4456 sensumque
1937 4395 2087 4441 recte

501 4474 736 4531 faciendi
765 4476 978 4540 habuit,
1029 4495 1192 4534 nenzo
1223 4489 1473 4534 nostrum
1507 4495 1614 4534 non
1662 4480 1842 4535 dicam
1875 4479 2084 4534 ferrum

501 4566 558 4622 in
591 4568 747 4623 illum
804 4570 1114 4638 corripere,
1167 4571 1264 4626 sed
1322 4587 1423 4626 ncc
1453 4571 1622 4626 verbo
1671 4573 1722 4626 ei
1779 4587 2087 4642 repugnare

503 4663 791 4718 sustinuit.
825 4663 905 4717 Ex
937 4679 1046 4732 quo
1075 4673 1257 4718 autem
1293 4672 1530 4718 mentem
1561 4665 1821 4735 injustam
1876 4675 1931 4719 et
1957 4664 2092 4733 legi-

503 4753 1033 4811 bus‘adversantem
1087 4755 1284 4819 induit,
1317 4764 1374 4810 et
1410 4755 1498 4810 cui
1558 4756 1918 4811 cliarissimus
1963 4756 2087 4822 fuit,

501 4851 622 4921 ejus
643 4849 846 4904 liberos
881 4849 1158 4904 trucidare
1177 4892 1191 4915 ,
1229 4849 1647 4921 Romanumque
1668 4851 1959 4920 imperium
1983 4851 2088 4905 sibi

506 4957 755 4998 asserere
783 4942 1049 5007 decrevit,
1076 4958 1177 4996 nos
1205 4944 1348 4997 hanc
1387 4943 1506 5014 ejus
1545 4944 1886 4999 voluntatem
1929 4944 2093 4998 inhu-

505 5050 726 5090 manam
781 5035 1218 5104 sceleratamque
1275 5046 1605 5101 censentes,
1656 5047 1713 5091 et
1772 5036 1977 5091 bellum
2039 5034 2091 5088 ei

506 5137 691 5183 vestra
738 5141 901 5181 causa
951 5128 1259 5192 intulimus,
1289 5139 1345 5183 et
1376 5145 1500 5183 cum
1538 5130 1751 5200 ipsum,
1773 5139 1887 5184 tum
1919 5142 2093 5197 genus

507 5217 633 5288 ejus
681 5233 746 5272 ac
784 5215 1082 5273 familiares
1113 5218 1343 5273 summis
1374 5218 1740 5274 incommodis
1779 5218 2090 5273 aﬂecimus.

2187 4187 2523 4260 τακουζηνοῦ
2558 4189 2894 4259 τεταγμένοι
2950 4186 3143 4256 φίλων,
3191 4187 3288 4241 καὶ
3320 4187 3534 4241 πολλῶν
3559 4188 3767 4240 ἐκείνου

2189 4284 2283 4337 καὶ
2321 4282 2577 4352 μεγάλων
2603 4280 3001 4351 ἀπελαύσαμεν
3047 4281 3157 4334 τῶν
3205 4281 3558 4352 εὐεργεσιῶν.
3593 4281 3768 4352 Μέχρι

2193 4371 2294 4442 μὲν
2317 4367 2409 4425 οὖν
2437 4370 2694 4434 κάκεῖνος
2727 4369 2921 4432 εὔνους
2945 4387 3004 4422 τε
3037 4369 3168 4438 ὑμῖν
3199 4371 3312 4434 τοῖς
3347 4369 3662 4440 βασιλεῦσιν
3681 4366 3768 4439 ἦν,

2191 4464 2290 4517 καὶ
2323 4461 2394 4516 τά
2423 4463 2609 4515 δίκαια
2638 4461 2900 4515 διενοεῖτο
2944 4461 3234 4530 πράττειν,
3273 4459 3384 4513 οὐδ’
3410 4460 3570 4531 ἡμῶν
3601 4461 3773 4524 οὐδεὶς

2192 4555 2291 4625 οὐχ
2323 4555 2408 4609 ὅτι
2438 4554 2723 4625 πολεμεῖν,
2757 4553 2878 4607 ἀλλ’
2901 4551 3016 4606 οὐδ’
3049 4552 3516 4622 ἀντιφθέγγεσθαι
3547 4553 3770 4624 ἐτόλμα.

2193 4645 2301 4710 Ἐξ
2329 4647 2455 4699 ὅτου
2490 4645 2548 4697 δὲ
2576 4644 2741 4699 ἀδικα
2776 4643 2874 4696 καὶ
2901 4644 3202 4714 παράνομα
3238 4642 3514 4713 διενοήθη,
3547 4643 3640 4696 καὶ
3679 4641 3772 4694 τοῦ

2193 4739 2363 4794 πολλά
2393 4738 2763 4809 πεφιληκότος
2792 4737 3058 4809 βασιλέως
3107 4736 3342 4790 κτείνειν
3382 4735 3610 4806 ὥρμητο
3644 4735 3772 4797 τοὺς

2195 4832 2413 4897 παῖδας,
2460 4830 2555 4886 καὶ
2596 4829 2695 4901 τὴν
2729 4828 3024 4900 Ῥωμαίων
3075 4827 3363 4900 βασιλείαν
3392 4827 3569 4898 ἐαυτῷ
3619 4845 3775 4896 περι-

2195 4927 2399 4991 ποιεῖν,
2455 4925 2792 4995 μισήσαντες
2836 4924 2935 4994 τὴν
2985 4921 3216 4993 γνώμην
3273 4922 3351 4984 ὡς
3405 4921 3775 4991 ἀπάνθρωπον

2195 5018 2289 5072 καὶ
2354 5019 2620 5088 πονηρὰν,
2681 5017 2921 5087 πόλεμόν
2975 5032 3035 5069 τε
3090 5014 3230 5086 πρὸς
3275 5015 3484 5068 ἐκεῖνον
3517 5014 3774 5083 ἠράμεθα

2196 5107 2449 5179 φανερῶς
2496 5108 2638 5180 ὑπὲρ
2675 5106 2853 5178 ὑμῶν,
2898 5105 2996 5160 καὶ
3047 5104 3117 5158 τὰ
3171 5103 3410 5174 μέγιστα
3461 5104 3624 5157 αὐτὸν
3679 5103 3775 5156 καὶ

2197 5200 2358 5268 γένος
2411 5202 2506 5255 καὶ
2549 5199 2787 5268 οἰκείους
2846 5197 3239 5268 ἐκακώσαμεν.
3291 5197 3400 5250 Καὶ
3433 5195 3530 5249 νῦν
3562 5200 3642 5260 είς
3693 5215 3777 5251 το-

512 5309 582 5366 Ει
610 5318 930 5365 nunctanta
958 5319 1044 5365 est
1092 5311 1400 5366 animorum
1450 5323 1767 5366 nostrorum
1813 5309 2078 5378 conspira-

2207 5294 2398 5350 σοῦτον
2455 5295 2717 5364 ὁμονοίας
2771 5294 3005 5364 ἥκομεν,
3047 5291 3124 5355 ὼς
3183 5291 3243 5344 οὐ
3279 5291 3539 5363 χρήματα
3596 5291 3772 5361 μόνον,

512 5404 609 5470 ιίο,
661 5411 721 5458 ut
777 5419 886 5458 non
947 5405 1210 5474 pecunias
1264 5405 1447 5470 modo,
1485 5407 1581 5460 sed
1643 5404 1809 5457 vitam
1869 5417 2092 5471 quoque

512 5499 686 5568 ipsam
717 5513 815 5567 pro
847 5496 1004 5552 vobis
1047 5497 1101 5551 in
1142 5497 1295 5551 illum
1343 5496 1600 5552 bellando
1634 5495 1921 5564 cupiamus
1963 5509 2093 5563 pro-

513 5590 719 5660 digere.
757 5589 944 5659 Itaque
966 5605 1091 5644 cum
1127 5603 1300 5658 usque
1353 5588 1491 5642 adeo
1535 5597 1817 5655 promptos
1860 5601 2096 5655 propen-

515 5697 719 5751 sosque
768 5682 821 5736 in
854 5691 1034 5737 vestra
1071 5696 1237 5735 causa
1264 5695 1364 5734 nos
1394 5679 1780 5738 exhibeamus,
1814 5677 2096 5747 iniquissi-

522 5788 670 5828 mum
701 5773 888 5840 fuerit,
943 5774 989 5827 si
1027 5783 1084 5826 tu
1119 5771 1278 5826 nobis
1302 5771 1557 5834 desertis,
1583 5779 1638 5824 et
1687 5770 1864 5825 salute
1907 5779 2095 5826 nostra

519 5863 801 5934 despecta,
847 5863 1119 5936 privatum
1161 5872 1369 5921 sectere
1402 5861 1786 5932 compendium
1857 5874 1937 5943 Ct‘
1969 5877 2092 5916 cum

2202 5389 2340 5443 ἀλλὰ
2394 5391 2489 5442 καὶ
2529 5387 2711 5457 ψυχὰς
2758 5387 2929 5449 αὐτὰς
2978 5386 3151 5455 ἡδέως
3204 5387 3575 5456 προησόμενοι
3619 5386 3774 5437 πολε-

2207 5479 2438 5554 μοῦντες
2469 5481 2619 5553 αὐτῷ
2644 5479 2787 5551 ὑπὲρ
2813 5481 2989 5550 ὑμῶν.
3023 5481 3154 5534 Ὅτε
3185 5479 3277 5533 οὖν
3309 5481 3474 5549 ἡμεῖς
3505 5479 3774 5549 τοσαύτην

2203 5575 2423 5630 εὔνοιαν
2477 5576 2573 5629 καὶ
2629 5574 2946 5645 προθυμίαν
3007 5573 3146 5644 πρὸς
3193 5571 3340 5641 ὑμᾶς
3390 5569 3776 5640 ἐνεδειξάμεθα

2197 5672 2325 5733 τοὺς
2361 5668 2635 5740 βασιλέας,
2672 5667 2782 5721 τῶν
2823 5666 3178 5720 ἀδικωτάτων
3223 5663 3290 5718 ἂν
3323 5663 3409 5734 εἴη
3457 5661 3778 5716 καταλιποῦ-

2205 5781 2306 5818 σαν
2339 5761 2508 5833 αὖτην
2542 5762 2713 5833 ἡμᾶς,
2751 5761 2848 5814 καὶ
2897 5760 3028 5830 παρ’
3058 5759 3210 5813 οὐδὲν
3252 5759 3353 5827 τὴν
3385 5757 3664 5828 ἡμετέραν
3689 5755 3778 5807 λο-

2201 5856 2516 5928 γισαμένην
2550 5855 2849 5926 σωτηρίαν,
2899 5853 3224 5908 σπένδεσθαι
3271 5851 3350 5917 τῷ
3383 5849 3773 5915 πολεμιωτάτῳ
