4054 6418
263 362 373 428 897
454 347 458 352 '

1407 311 1954 423 HISTQRIARUM
1998 358 2238 424 LIBER
2277 359 2398 422 ΙΙΙ.

3425 370 3532 435 898

259 479 360 549 τῆς
409 478 546 543 ἰδίας
607 478 876 549 ὠφελείας
931 495 1119 544 ενεκα,
1175 479 1293 546 εἰγε
1341 481 1436 532 καὶ
1470 478 1712 548 ὠφέλειά
1763 493 1847 539 τις

1961 474 2109 530 hoste
2136 474 2358 544 capitali
2399 470 2579 531 foedus
2607 474 2886 546 percutias
2927 493 2943 533 :
2976 478 3022 534 si
3061 487 3242 536 tamen
3274 495 3534 552 compen-

259 573 458 644 ἕψεται
505 573 573 626 ἑκ
607 573 708 642 τῆς
760 573 1011 642 εἰρήνης,
1043 570 1182 624 ἀλλὰ
1221 569 1296 641 μὴ
1343 569 1518 642 βλάϐη
1563 569 1845 639 δεινοτέρα

263 669 330 721 ὲκ
359 665 470 720 τῶν
499 665 598 720 τοῦ
641 665 884 733 πολέμου
915 663 1303 734 γενησομένων
1349 663 1604 717 ἁπασῶν.
1639 664 1706 716 Ἀ
1741 661 1850 732 γὰρ

263 760 408 831 αὐτὴ
440 759 576 828 περὶ
601 758 703 828 τῆς
734 757 873 828 πρὸς
910 758 1120 809 ἐκεῖνον
1152 757 1381 826 εἰρήνης
1411 755 1510 825 τῆς
1547 753 1852 824 παρελθού-

272 869 368 925 σης
395 851 706 922 διειλέχθης
736 850 952 916 νυκτὸς,
981 851 1092 903 οὐδ’
1132 851 1281 919 ἡμᾶς
1314 848 1563 902 διέλαθεν
1593 847 1685 898 ἐπὶ
1719 845 1848 898 ’πολ⁹

269 943 376 998 λῶν
404 943 678 1014 εἰρημένα
737 942 953 1006 ἀκοαῖς.
997 943 1242 995 Ἐκεῖνον
1302 941 1401 1012 μὲν
1434 938 1528 993 οὖν
1557 940 1741 1009 ήμεῖς,
1772 938 1848 1002 ώς

268 1037 412 1091 κατὰ
446 1034 541 1088 σοῦ
583 1034 681 1089 καὶ
712 1035 822 1088 τῶν
858 1033 1066 1087 παίδων
1093 1035 1162 1086 τὰ
1206 1034 1490 1087 δεινότατα
1537 1032 1632 1085 καὶ
1672 1031 1847 1085 διανο-

265 1125 502 1193 ούμενον
531 1123 629 1176 καὶ⁵
655 1122 758 1194 ήδη
790 1123 1126 1197 πράττοντα,
1161 1117 1352 1187 ὥσπερ
1381 1121 1490 1173 ἀπὸ
1523 1119 1653 1188 μιᾶς
1702 1117 1850 1185 γνώο

271 1233 382 1286 μης
410 1216 676 1286 πολέμιόν
721 1230 780 1268 τε
811 1214 1164 1285 ἡγησάμεθα,
1185 1214 1281 1267 καὶ
1310 1213 1550 1277 οὐδενὸς,
1585 1213 1645 1265 τό
1673 1229 1738 1278 γε
1768 1214 1850 1276 εἰς

269 1309 422 1378 ἡμᾶς
449 1304 609 1381 ἧκον,
640 1307 1004 1378 ήμελήσαμεν
1050 1305 1162 1358 τῶν
1215 1305 1477 1375 βλάπτειν
1507 1305 1847 1373 δυναμένων.

275 1401 339 1454 Εἰ
366 1401 412 1454 δ’
449 1401 514 1453 ἐκ
532 1417 697 1453 τινων
731 1397 926 1454 αἰτιῶν
957 1401 990 1470 ή
1019 1401 1212 1470 εἰρήνη
1252 1397 1461 1468 μᾶλλον
1492 1389 1851 1468 συμφέρουσα

273 1493 559 1562 νομίζεται
585 1493 724 1558 νυνὶ,
758 1490 868 1545 οὐδ’
913 1491 1075 1561 ήμεῖς
1121 1489 1562 1559 ἐναντιωσόμεθα
1615 1489 1754 1559 πρὸς
1781 1487 1852 1541 τὰ

277 1583 582 1651 φαινόμενα
614 1582 937 1643 λυσιτελεῖν,
969 1583 1130 1652 μόνον
1156 1583 1205 1634 εἰ
1231 1581 1424 1651 γνώμῃ
1453 1583 1607 1651 κοινῇ
1631 1582 1851 1634 πάντων

272 1669 433 1738 ἡμῶν
465 1670 498 1738 ἡ
531 1669 725 1740 εἰρήνη
774 1667 1200 1740 ὲπιψηφισθείη.
1235 1668 1314 1720 Τὰ
1360 1668 1470 1738 γὰρ
1507 1666 1611 1720 ὑπὸ
1640 1665 1850 1721 πολλῶν

267 1760 708 1831 δοκιμαζόμενα,
743 1763 948 1830 ἥκιστα
981 1761 1047 1814 ἂν
1092 1761 1468 1830 ἁμαρτηθείη.
1507 1759 1570 1813 Εἰ
1619 1758 1719 1828 μὲν
1756 1753 1850 1811 οὖν

1952 565 2129 630 dium,
2164 575 2220 620 et
2246 580 2357 620 non
2392 567 2673 634 omnibus,
2703 585 2826 638 qua:
2856 584 2888 624 e
2917 569 3062 625 bello
3087 572 3374 634 exsistent.
3408 589 3532 645 gra-
3599 624 3603 629 .

1955 656 2078 712 vius
2129 657 2478 727 dispendium
2533 674 2726 728 pacem
2771 661 2930 715 istaut
2977 663 3354 718 comitabitur.
3402 665 3534 730 Quae

1949 749 2098 802 enim
2127 748 2196 804 de
2226 763 2358 818 pace
2388 764 2514 803 cum
2546 751 2664 819 ipso
2687 753 2931 808 ineunda
2958 755 3145 809 multis
3177 757 3534 810 audientibus

1950 841 2282 906 disseruisti,
2317 857 2418 896 nec
2449 857 2548 897 nos
2574 844 2767 900 latent.
2799 846 2979 912 Quare
3011 864 3110 902 nos
3143 865 3269 903 eum
3307 861 3366 904 ut
3400 851 3451 904 in
3482 859 3534 904 te

1951 949 2014 990 ac
2051 934 2192 990 filios
2220 943 2344 990 tuos
2379 941 2663 994 teterrima
2708 941 3130 1008 parturientem,
3167 950 3222 995 et
3248 943 3360 1010 jam
3392 944 3538 996 tlrsi-

1949 1034 2232 1095 gnantem,
2263 1029 2799 1085 unanimiconseusu
2835 1045 2891 1085 et
2917 1031 3131 1086 hostem
3160 1033 3535 1098 decernimus,

1949 1126 2006 1172 ot
2035 1126 2301 1187 quantum
2333 1119 2389 1173 in
2427 1121 2588 1176 nobis
2608 1131 2714 1187 est,
2758 1121 2896 1177 nihil
2929 1124 3076 1194 quod
3105 1125 3305 1180 laedere
3335 1127 3532 1195 possit,

1951 1209 2022 1262 ab
2047 1225 2114 1263 eo
2142 1210 2560 1267 abstinebimus.
2599 1213 2756 1279 Quod
2789 1215 2834 1269 si
2877 1217 3208 1285 quibusdam
3240 1234 3536 1288 argumen-

1955 1299 2023 1354 tis
2048 1315 2152 1370 pax
2178 1301 2232 1355 in
2283 1317 2526 1370 przesens
2575 1303 2795 1358 videtur
2839 1309 3151 1360 conducere
3199 1309 3390 1377 magis,
3434 1325 3535 1364 nec

1953 1407 2054 1446 nos
2113 1392 2550 1461 adversabimur,
2604 1395 2650 1450 si
2714 1407 2923 1451 tantum
2952 1399 3229 1452 communi
3286 1400 3533 1454 omnium

1956 1493 2203 1539 nostrum
2231 1483 2438 1553 judicio
2470 1497 2527 1543 et
2549 1489 2829 1543 sententia
2853 1487 3218 1542 conﬁrmetur
3241 1507 3254 1542 :
3280 1504 3310 1542 a
3346 1492 3538 1546 multis

1953 1576 2102 1632 enim
2152 1579 2455 1647 approbata
2509 1580 2736 1634 minime
2774 1580 3082 1650 decipiunt.
3127 1581 3267 1650 Ergo
3303 1583 3344 1636 si
3387 1584 3536 1650 quod

1955 1683 2056 1723 nos
2110 1669 2400 1736 sentimus,
2467 1680 2524 1724 tu
2581 1686 2802 1741 quoque
2855 1672 3118 1738 senseris,
3175 1673 3540 1742 petitionique

1958 1769 2180 1824 nostrae,
2219 1771 2278 1816 ut
2322 1764 2502 1832 justas,
2547 1765 2730 1818 locum
2770 1765 3083 1834 reliqueris,
3123 1765 3541 1821 ﬂorebuntom-

267 1855 461 1925 ὥσπερ
492 1853 822 1924 ἐγνώκαμεν
857 1855 996 1925 αὐτή
1033 1870 1094 1907 τε
1145 1852 1332 1922 πείθῃ,
1370 1853 1464 1905 καὶ
1492 1851 1593 1922 τὴν
1627 1850 1856 1915 ἀξίωσιν

1961 1855 2082 1910 nia:
2115 1857 2199 1911 sin
2231 1855 2372 1912 forte
2395 1857 2544 1912 aliud
2578 1858 2800 1922 statuis,
2842 1858 3002 1913 nobis
3033 1868 3222 1928 aperte
3246 1859 3450 1927 indica,
3482 1869 3541 1914 ut

267 1949 431 2019 ήμῶν
462 1949 538 2010 ώς
561 1947 782 2001 δικαίαν
820 1948 1130 2018 παραδέχῃ,
1168 1947 1328 2000 πάντ’
1361 1944 1429 1998 ἂν
1457 1945 1571 2015 ἔχοι
1627 1945 1848 2015 ἄριστα.

272 2041 334 2094 Εἰ
363 2040 411 2093 δ’
446 2040 558 2110 ἄρα
591 2039 797 2110 ἑτέρως
828 2037 1079 2106 ἔγνωκας
1119 2038 1278 2109 αὑτὴ,
1309 2037 1426 2091 ἀλλ’
1455 2040 1588 2108 ἡμῖν
1615 2054 1679 2103 γε
1709 2037 1854 2106 φρά-

274 2150 366 2188 σον
392 2132 666 2203 φανερῶς,
698 2131 768 2186 ῖν’
803 2131 1038 2194 ἕκαστος
1070 2131 1146 2194 ώς
1186 2130 1252 2184 ἂν
1285 2131 1523 2200 μάλιστα
1564 2124 1675 2193 οἷός
1702 2146 1760 2182 τε
1793 2125 1852 2204 ᾗ,

276 2225 377 2294 τὴν
404 2224 682 2296 σωτηρίαν
715 2222 986 2295 ἐκπορίζῃ
1020 2222 1224 2292 ἑαυτῷ.
1255 2224 1461 2284 ΙΙάντες
1484 2221 1542 2274 δὲ
1570 2216 1659 2275 οἶα
1685 2223 1856 2293 πατρὶ

280 2314 639 2386 πνευματικῷ
669 2314 752 2386 τῷ
789 2316 1103 2386 πατριάρχῃ
1141 2316 1207 2386 ἢν
1233 2315 1346 2384 ἔχει
1374 2314 1602 2386 γνώμην
1625 2313 1854 2378 ἕκαστος

190 2411 204 2420 ’
277 2407 509 2478 περὶτὰ
570 2407 816 2478 παρόντα
855 2407 1189 2477 ἀνεθέμεθα,
1225 2407 1284 2471 ἐξ
1315 2402 1377 2462 οὗ
1422 2406 1629 2476 δυνήσῃ
1662 2404 1856 2474 μαθεῖν

276 2498 616 2571 σαφέστερον
640 2497 712 2551 τὰ
737 2495 862 2551 καθ’
885 2497 1060 2566 ἡμᾶς.
1083 2495 1270 2558 Οὕτως
1301 2494 1576 2559 εἰπόντας,
1605 2495 1858 2548 ἐκέλευεν

274 2585 443 2650 εὐθὺς
468 2587 497 2639 ὁ
529 2585 880 2656 πατριάρχης
912 2587 1221 2655 ὑποχωρεῖν
1241 2599 1258 2614 ο
1293 2582 1455 2652 μόνος
1482 2582 1540 2636 δὲ
1580 2583 1718 2652 πρὸς
1752 2581 1856 2652 μόο

273 2691 375 2745 νην
407 2674 509 2742 τὴν
541 2672 790 2743 βασιλίδα
827 2671 1200 2742 ὑπολειφθεὶς,
1233 2673 1351 2736 Τίς,
1381 2670 1609 2740 ἔφασκε,
1648 2670 1859 2736 βάσκα-

277 2784 367 2831 νος
400 2767 616 2836 δαίμων
654 2765 890 2820 τοιαῦτα
937 2767 1174 2819 πέπεικε
1209 2762 1549 2832 λογίζεσθαι,
1583 2761 1684 2816 οὐκ
1725 2762 1860 2814 ἀλυο

282 2861 463 2931 σιτελῆ
503 2859 689 2930 μόνον,
736 2859 874 2913 ἀλλὰ
931 2858 1028 2912 καὶ
1059 2856 1297 2911 ἀδύνατα
1354 2855 1575 2925 σχεδόνς
1633 2853 1758 2906 Τίσι
1802 2854 1860 2907 δὲ

286 2953 542 3024 χρωμένη
571 2952 879 3022 λογισμοῖς,
911 2947 1370 3017 Καντακουζηνδν
1399 2946 1587 3018 ᾠήθης
1621 2947 1753 3014 φίλα
1778 2945 1862 2998 σοί

283 3061 343 3096 τε
369 3047 461 3098 καὶ
480 3046 640 3098 παισί
668 3043 931 3098 δύνασθαί
956 3059 1084 3096 ποτε
1116 3041 1413 3112 φρονήσειν
1432 3041 1556 3105 ;“ος
1592 3038 1702 3108 γὰρ
1731 3037 1860 3108 μήθ’

1954 1944 2188 2014 quisque
2213 1961 2376 2015 quam
2417 1949 2626 2018 Optime
2673 1949 2885 2014 licebit,
2923 1948 3085 2003 saluti
3153 1965 3268 2004 suae
3317 1966 3542 2020 prospe-

1954 2046 2104 2092 ctum
2157 2051 2266 2094 eat.
2295 2039 2460 2113 5.60
2509 2038 2713 2096 Omnes
2747 2049 2929 2095 autem
2977 2055 3174 2096 sensus
3212 2053 3431 2098 nostros
3471 2043 3539 2096 de

1954 2139 2209 2200 prmsenti
2261 2147 2446 2188 rerum
2492 2140 2642 2188 statu
2685 2133 3038 2203 patriarchae,
3077 2141 3338 2203 tanquam
3393 2136 3539 2206 patri

1954 2221 2230 2292 spirituali
2284 2225 2689 2288 commisimus,
2726 2241 2793 2279 ex
2823 2231 2946 2296 quo;
2978 2225 3204 2282 clarius.
3230 2228 3362 2296 quid
3405 2229 3541 2283 veli-

1957 2329 2102 2380 mus,
2135 2315 2419 2385 percipere
2445 2317 2673 2386 poteris.
2707 2317 2838 2371 Haec
2852 2317 2942 2372 ubi
2973 2318 3259 2384 dixerunt,
3305 2321 3542 2390 patriar-

1955 2409 2058 2463 cha
2085 2409 2340 2478 protinus
2386 2408 2525 2463 alios
2573 2408 2728 2464 abire
2761 2410 2944 2479 jussit,
2974 2409 3237 2480 solusque
3275 2414 3418 2481 apud
3454 2428 3542 2467 so-

1931 2501 2066 2566 .lam
2129 2499 2532 2570 imperatricem
2605 2515 2930 2564 remanens.
2983 2499 3119 2566 Quis
3162 2513 3270 2556 tam
3325 2504 3544 2560 invidus

1958 2592 2198 2655 damon,
2237 2591 2438 2661 inquit,
2473 2591 2539 2645 ad
2570 2591 2690 2645 haec
2714 2607 2823 2645 nou
2863 2592 3025 2646 modo
3055 2592 3419 2659 infructuosa,
3443 2596 3542 2650 sed

1958 2683 2110 2738 factu
2144 2683 2313 2738 etiam
2342 2682 2741 2754 propemodum
2781 2683 3146 2753 impossibilia
3193 2684 3460 2739 volvenda
3491 2695 3544 2742 to

1962 2776 2216 2830 induxit?
2237 2773 2496 2842 Quaenam
2529 2777 2771 2830 rationes
2800 2790 2852 2830 te
2881 2786 3126 2844 movent,
3173 2785 3232 2832 ut
3273 2775 3547 2834 Cautacu—

1963 2881 2159 2921 zenum
2209 2867 2310 2922 tibi
2358 2881 2424 2920 ac
2462 2867 2652 2923 liberis
2701 2869 2816 2923 tuis
2851 2885 3094 2939 unquam
3136 2870 3378 2925 amicqu
3421 2886 3545 2926 esse

1961 2972 2122 3028 posse
2151 2957 2486 3014 existimes?
2522 2958 2625 3024 Qui
2672 2960 2820 3014 enim
2865 2976 3046 3030 neque
3070 2961 3141 3016 ab
3185 2961 3544 3032 imperatore,

1963 3066 2144 3120 neque
2175 3051 2274 3105 abs
2301 3059 2355 3106 te
2395 3053 2550 3120 prius
2580 3053 2687 3106 ulla
2717 3053 2769 3106 iu
2807 3069 2865 3108 re
2895 3054 3162 3118 oﬂensus,
3199 3057 3295 3110 sed
3333 3056 3542 3110 diutis-

282 3138 389 3191 ὑπὸ
415 3138 706 3209 βασιλέως,
747 3140 884 3208 μήτε
921 3135 1019 3190 σοῦ
1049 3135 1315 3206 πρότερον
1350 3132 1520 3204 μηδὲν
1552 3131 1857 3200 ἀδικηθεὶς,

1964 3143 2104 3198 sime
2124 3143 2310 3197 multis
2333 3144 2494 3200 bonis
2513 3144 2847 3208 cumulatus,
2873 3146 3024 3199 brevi
3045 3148 3290 3200 unmium
3317 3147 3543 3214 oblitus,

282 3233 422 3287 ἀλλὰ
462 3233 672 3288 πολλῶν
713 3231 807 3285 ἐπὶ
841 3231 1094 3284 πλεῖστον
1130 3230 1324 3299 χρόνον
1355 3226 1675 3288 ἀπολαύσας
1723 3227 1861 3293 ἁγα-

280 3326 393 3382 θῶν
423 3327 646 3380 πάντων
685 3324 1114 3396 ἐπιλελησμένος
1161 3323 1222 3376 ὲν
1257 3322 1471 3392 βραχεῖ,
1507 3321 1567 3372 ού
1601 3316 1860 3388 περὶτῆς

279 3415 462 3487 ἀρχῆς
486 3415 674 3484 μόνον,
715 3413 853 3468 ἀλλὰ
881 3412 977 3465 καὶ
1001 3413 1130 3482 περί
1165 3412 1438 3482 σωτηρίας
1469 3407 1857 3470 ἐπεϐούλευσε,

280 3511 402 3573 πώς
442 3509 508 3563 ἂν
557 3511 646 3578 εἰη
678 3507 889 3568 δίκαιος
922 3504 1280 3558 πιστεύεσθαι
1331 3505 1458 3573 περὶ
1499 3504 1606 3556 τῶν
1635 3501 1861 3569 μελλόν-

279 3620 412 3666 των,
444 3605 539 3655 καί
568 3601 745 3654 ταῦτα
779 3599 880 3652 οὐκ
913 3598 1115 3666 ὀλίγων
1146 3596 1298 3666 παρὰ
1338 3597 1430 3648 τὸν
1470 3594 1564 3648 τοῦ
1619 3593 1860 3661 πολέμου

281 3695 481 3768 χρόνον
508 3693 618 3747 τών
659 3692 964 3747 δοκούντων
996 3689 1347 3760 ὲφυϐρισεῶν
1388 3687 1522 3757 πρὸς
1557 3687 1720 3738 αὐτὸν
1769 3701 1862 3753 γε·

279 3791 604 3862 γενημένων
638 3785 855 3856 ;οῐσθα
908 3786 952 3839 δ’
999 3783 1074 3848 ὡς
1131 3785 1248 3846 τοῖς
1295 3781 1627 3850 εἰθισμένοις
1674 3780 1863 3849 ἄρχειν

283 3886 382 3938 καὶ
406 3881 673 3954 τιμᾶσθαι
706 3879 862 3950 παρὰ
882 3879 1102 3932 πάντων
1153 3877 1223 3928 τὰ
1248 3873 1475 3926 τοιαῦτα
1503 3871 1740 3943 μάλιστα
1762 3871 1862 3924 οὐκ

282 3977 514 4032 ἀνεκτά.
553 3977 614 4029 Εἰ
653 3973 700 4028 δ’
729 3975 840 4046 ἄρα
877 3971 975 4026 τοῦ
1011 3971 1209 4042 χρόνου
1259 3970 1609 4040 τριϐομένου,
1647 3968 1680 4035 ἡ
1724 3982 1798 4034 πρ
1832 3980 1860 4027 ς

285 4072 495 4122 ἐκεῖνον
527 4069 773 4138 φαίνοιτο
807 4067 1002 4138 εἰρήνη
1051 4063 1350 4131 ἀναγκαία,
1394 4062 1606 4131 βέλτιον
1637 4061 1756 4121 ταῖς
1794 4060 1860 4111 dt-

285 4163 508 4215 πάντων
537 4163 830 4232 χρωμένην
863 4157 1117 4228 γνώμαις
1152 4155 1444 4225 πράττειν,
1470 4152 1506 4206 ἂ
1536 4157 1688 4221 κοινῇ
1716 4150 1864 4203 δοκεῖ

282 4251 604 4316 λυσιτελεῖν,
659 4250 692 4320 ἢ
753 4247 1074 4302 τών-ἄλλων
1129 4244 1514 4314 ἀμελήσασαν,
1563 4238 1863 4310 ἀπερισκέ-

285 4363 436 4408 πτως
466 4345 534 4396 τὰ
566 4340 959 4414 παριστάμενα
988 4339 1186 4392 ποιεῖν.
1225 4335 1286 4387 Εἰ
1323 4334 1422 4404 μὲν
1456 4329 1551 4387 οὖν
1594 4333 1729 4402 πρὸς
1765 4333 1864 4399 τὴν

283 4439 512 4502 ἀξίωσιν
543 4436 727 4490 αὐτῶν
763 4433 1112 4493 ἐπινεύσειας
1168 4428 1266 4484 καὶ
1307 4427 1466 4496 αὑτὴ,
1509 4427 1605 4478 καὶ
1640 4425 1775 4494 πρὸς
1803 4424 1866 4476 τὸ

1887 3190 1932 3246 C

1965 3252 2074 3290 non
2122 3235 2358 3305 imperio
2399 3237 2600 3302 solum,
2629 3236 2725 3291 sed
2769 3237 2931 3293 saluti
2961 3237 3126 3293 etiam
3167 3251 3368 3294 vestrae
3411 3218 3549 3294 insi-

1963 3327 2146 3383 diatus
2199 3336 2305 3390 est.
2365 3344 2475 3398 quo
2508 3337 2667 3398 pacto
2708 3330 2782 3383 illi
2823 3331 2955 3385 ﬁdes
3003 3331 3058 3386 in
3118 3330 3367 3385 futurum
3418 3332 3546 3403 jure

1964 3419 2300 3474 habebitur?
2349 3421 2512 3489 idque
2543 3437 2667 3474 cum
2701 3437 2807 3476 non
2841 3423 2994 3491 pauci
3023 3437 3122 3493 per
3175 3432 3390 3494 tempus
3418 3424 3547 3480 belli

1957 3514 2019 3567 in
2042 3527 2168 3566 eum
2201 3511 2586 3567 contumeliosi
2635 3511 2805 3568 fuisse
2851 3513 3162 3570 videantur.
3199 3517 3317 3570 Non
3351 3525 3402 3571 te
3454 3533 3550 3571 au-

1963 3611 2073 3658 tem
2104 3602 2266 3674 fugit,
2301 3619 2465 3672 quam
2493 3603 2682 3673 iis‘qui
2714 3604 2838 3658 aliis
2867 3603 3186 3673 imperitare
3241 3616 3296 3659 et
3331 3607 3550 3677 publice

1963 3695 2070 3749 coli
2102 3711 2166 3748 ac
2196 3695 2458 3748 honorari
2503 3705 2933 3762 consueverunt,
2959 3698 3274 3768 hujusmodi
3333 3700 3550 3768 injuriae

1965 3784 2342 3839 intolerabiles
2363 3784 2496 3839 sint.
2529 3785 2584 3840 Si
2625 3795 2870 3856 tempore
2902 3789 3239 3857 procedente
3289 3806 3392 3860 pax
3419 3806 3545 3847 cum

1967 3879 2060 3932 illo
2093 3878 2401 3932 necesSaria
2449 3877 2808 3947 judiCabitur,
2865 3883 3148 3950 praestabit
3201 3882 3270 3938 de
3300 3885 3549 3939 omnium

1966 3977 2217 4023 nostrqu
2247 3971 2522 4024 sententia
2569 3970 2774 4036 facere,
2807 3988 2929 4041 quae
2963 3974 3108 4028 bono
3133 3975 3244 4029 sint
3269 3978 3547 4040 omnibus,

1966 4078 2130 4134 quam
2163 4063 2286 4116 aliis
2311 4078 2420 4116 non
2440 4063 2753 4131 appellatis,
2784 4064 3104 4118 inconsulto
3133 4066 3280 4134 quod
3308 4065 3362 4120 in
3397 4082 3552 4122 men-

1967 4167 2077 4212 tem
2103 4155 2254 4209 venit
2297 4155 2546 4223 exsequi.
2577 4154 2921 4226 Quapropter
2967 4157 3012 4210 si
3038 4172 3232 4212 eorum
3255 4161 3551 4228 postulatis

1965 4262 2239 4310 annuens,
2267 4254 2458 4300 contra
2490 4246 2754 4314 promiSsa
2802 4247 2940 4300 nihil
2986 4263 3228 4316 unquam
3269 4261 3321 4302 te
3371 4249 3540 4302 lactu-

1967 4354 2084 4392 ram
2144 4338 2304 4392 ﬁdem
2359 4338 2598 4402 dederis,
2661 4338 2763 4407 ipsi
2815 4337 3059 4392 vicissim
3122 4355 3224 4408 pro
3259 4340 3548 4411 dignitate,

1970 4432 2388 4498 commodisque
2421 4429 2530 4506 tuis
2549 4439 2604 4483 ct
2636 4429 2921 4498 pecunias.
2957 4443 3013 4483 et
3039 4430 3323 4499 oppositus
3356 4446 3552 4499 corpo-

288 4533 483 4603 μέλλον
528 4532 719 4583 πίστιν
748 4529 876 4580 τινὰ
925 4524 1256 4595 παράσχοιο,
1301 4520 1373 4580 ti);
1407 4519 1562 4572 οὐδὲν
1605 4517 1859 4570 οὐδέποτε

1971 4540 2090 4577 rum
2128 4539 2378 4582 suorum,
2411 4534 2487 4583 et,
2515 4523 2563 4575 si
2611 4538 2834 4576 necesse
2864 4522 2992 4586 erit,
3035 4537 3142 4591 qua
3189 4523 3265 4576 nil
3304 4524 3546 4587 charius.

282 4625 440 4695 παρὰ
471 4625 540 4678 τὰ
579 4623 940 4692 ὑπεσχημένα
987 4618 1232 4687 δράσεις,
1268 4613 1363 4666 καὶ
1413 4611 1569 4665 αὐτοί
1611 4626 1694 4662 σοι
1727 4606 1863 4676 πρὸς

284 4721 466 4772 πάντα
501 4716 597 4769 καὶ
635 4715 883 4786 χρήμασι
953 4713 1048 4764 καὶ
1098 4709 1319 4777 σώμασι
1375 4703 1654 4774 πρόθυμοι
1696 4717 1864 4753 συναο

287 4808 640 4879 γωνιοῦνται,
668 4809 763 4861 καὶ
788 4805 899 4858 οὐδ’
929 4803 1122 4873 αὐτῆς,
1171 4802 1221 4853 εἰ
1251 4799 1384 4863 δέοι,
1417 4799 1517 4867 τῆς
1555 4796 1715 4865 φίλης
1742 4793 1866 4862 ,φεί-

288 4920 478 4958 σονται
509 4901 678 4970 ζωῆς,
717 4897 858 4952 ὥστε
888 4896 1179 4966 προΐεσθαι
1211 4892 1356 4961 ὑπὲρ
1393 4890 1504 4942 τῶν
1534 4904 1618 4940 σοι
1655 4887 1869 4938 λυσιτε-

285 4997 548 5051 λούντων.
579 4995 678 5046 Ἂν
732 4991 779 5044 δ’
837 4989 1041 5057 ἑτέρως
1093 4985 1392 5039 αῖσθωνται
1440 4980 1866 5053 βουλευομένην,

285 5091 436 5145 ὀκνῶ
461 5090 562 5160 μὲν
586 5087 784 5152 εἰπεῖν,
809 5079 1190 5153 ἀποκρύπτειν
1225 5076 1283 5129 δὲ
1313 5077 1375 5128 οὐ
1395 5076 1627 5138 δίκαιον,
1660 5072 1736 5134 ώς
1771 5071 1870 5141 μία

287 5185 430 5238 πᾶσι
453 5174 702 5252 παρέστη
728 5175 946 5248 γνώμη,
976 5173 1072 5228 καὶ
1091 5172 1272 5242 ὅρκοις
1300 5169 1400 5238 τὴν
1419 5168 1676 5236 ὁμόνοιαν
1695 5167 1872 5234 ἠσφα-

291 5278 537 5336 λίσαντο.
573 5275 633 5328 σὲ
669 5275 768 5345 μὲν
797 5272 890 5325 καὶ
923 5269 1120 5330 παῖδας
1145 5263 1497 5318 ἁποκτέίνειν
1525 5281 1536 5293 ·
1575 5259 1773 5320 αὐτοὺς
1811 5256 1871 5309 δὲ

289 5369 589 5436 Βυζάντιον
616 5366 974 5434 κατέχοντας,
1001 5359 1142 5414 ὅπλα
1193 5350 1639 5420 Καντακουζῃνῲ
1680 5349 1870 5403 ἀνταί-

297 5479 416 5534 ρειν
469 5461 632 5532 μέχρι
693 5459 898 5518 παντὸς
935 5454 1044 5508 ,τοῦ
1074 5448 1325 5506 δυνατοῦ.
1358 5448 1456 5499 Ἂν
1491 5445 1535 5496 δ’
1589 5442 1870 5534 ἀδυνάτως

289 5533 460 5625 ἔχωσι
493 5554 628 5624 πρὸς
653 5551 715 5603 τὸ
761 5545 1093 5618 ἀμύνεσθαι,
1138 5541 1340 5612 μᾶλλον
1389 5535 1674 5609 αἱροῦνται
1716 5533 1870 5586 Ἀλε-

289 5649 503 5718 ξάνδρῳ
551 5645 629 5715 τῷ
659 5643 863 5698 Μυσῶν
894 5625 1405 5710 βασιλεῖ’δουλεύειν
1431 5630 1530 5697 τὴν
1577 5628 1731 5680 πόλιν
1765 5644 1872 5679 πα-

291 5739 578 5812 ραδόντας,
606 5737 638 5806 ἦ
674 5738 786 5799 τοῖς
816 5736 880 5788 ὲκ
912 5729 1187 5794 Βενετίας,
1228 5728 1262 5797 ἢ
1297 5727 1334 5778 Γ
1338 5723 1560 5785 εννούας
1595 5719 1870 5784 Λατίνοις,

287 5837 328 5908 ἢ
373 5828 812 5901 Καντακουζηνῷ
858 5824 1098 5896 δεσπότῃ
1130 5819 1391 5894 χρῆσθαι.
1420 5817 1550 5873 Ὅτε
1595 5813 1692 5868 οὖν
1727 5814 1762 5886 ἦ
1810 5830 1869 5867 τε

1970 4615 2208 4668 animam
2270 4613 2704 4683 sanguinemque
2734 4628 2894 4667 suum
2927 4613 3280 4682 pollicentur.
3315 4613 3370 4668 Si
3401 4615 3548 4669 aliud

1973 4713 2025 4758 te
2055 4706 2195 4758 velle
2225 4705 2537 4774 cognorint,
2569 4704 2770 4758 horreo
2815 4703 3018 4769 dicere,
3051 4706 3196 4774 quod
3232 4721 3412 4760 tamen
3460 4721 3555 4760 oc-

1974 4797 2186 4851 cultum
2221 4797 2412 4850 haberi
2442 4813 2552 4850 nou
2589 4797 2776 4861 debet,
2836 4813 2993 4852 mens
3019 4798 3282 4852 omnibus
3315 4813 3422 4852 una
3443 4806 3552 4863 est,

1970 4897 2025 4943 et
2058 4901 2467 4942 sacramentum
2511 4888 2654 4940 inter
2679 4903 2738 4942 se
2761 4889 3044 4952 dixerunt,
3081 4896 3140 4940 ut
3171 4897 3224 4942 te
3255 4904 3379 4942 cum
3416 4889 3555 4943 libe-

1972 4981 2048 5035 ris
2074 4981 2477 5044 contrucidata,
2509 4979 2825 5050 Byzantium
2865 4987 3158 5049 occupent,
3185 4991 3242 5034 ct
3278 4981 3552 5035 Cantacu-

1973 5089 2131 5139 zeno,
2167 5072 2586 5142 qua.valuerint
2616 5073 2820 5126 virtute
2871 5071 3154 5126 resistant.
3193 5072 3250 5127 Si
3292 5072 3344 5126 id
3372 5073 3554 5128 minus

1972 5174 2252 5236 poterunt,
2282 5163 2593 5219 Alexandro
2637 5163 2932 5218 Moesorum
2971 5164 3084 5234 regi
3120 5167 3254 5218 urbe
3287 5165 3554 5219 transdita

1973 5259 2183 5313 servire
2213 5257 2446 5320 malunt,
2483 5271 2648 5325 quam
2678 5264 2774 5309 aut
2814 5255 3074 5318 Venetos,
3106 5247 3200 5310 a'ut
3230 5255 3554 5311 Genuenses

1973 5352 2219 5414 Latinos,
2256 5359 2353 5404 aut
2384 5348 2828 5402 Cautacuzenum
2856 5347 3112 5402 dominos
3149 5348 3383 5417 perpeti.
3407 5348 3549 5414 Quia

1973 5444 2144 5515 igitur
2165 5443 2375 5513 justum
2418 5448 2635 5510 petunt,
2669 5454 2974 5508 eorumqu
3005 5440 3332 5509 petitionem
3369 5439 3555 5509 despi-

1974 5553 2122 5600 Cere,
2161 5549 2273 5589 non
2326 5533 2424 5588 tibi
2460 5532 2634 5587 solum
2673 5548 2736 5587 ac
2801 5532 2992 5587 liberis
3036 5533 3146 5586 tuis
3181 5532 3552 5601 periculosum

1973 5641 2078 5693 est,
2133 5628 2232 5683 sed
2277 5637 2334 5680 et
2374 5628 2472 5681 toti
2530 5626 2904 5680 Romanorum
2963 5625 3193 5694 imperio
3247 5623 3555 5678 vastitatem

1974 5737 2039 5777 ac
2065 5719 2366 5791 perniciem
2396 5727 2696 5773 extremam
2719 5717 3026 5782 minitatur,
3075 5715 3297 5786 quinam
3320 5716 3554 5787 justum,

1976 5823 2073 5869 aut
2101 5812 2257 5879 utile,
2287 5825 2499 5882 quaeso,
2535 5818 2762 5882 propter
2780 5819 3096 5882 exspecmta
3125 5825 3191 5864 ex
3221 5825 3358 5880 paco
3390 5809 3553 5873 bona,
