4054 6424
319 352 421 418 901
514 396 517 399 »

1464 349 2014 412 HISTORIARUM
2058 349 2293 410 LIBER
2339 349 2455 412 Ill.

3432 328 3437 341 “
3489 358 3598 420 ςιοε

310 466 420 519 οὐκ
449 464 626 533 ὀλίγοι
651 479 666 496 ⁸
697 464 793 519 σὺν
824 462 1034 526 τούτοις
1062 461 1135 516 δέ.
1156 462 1251 516 καὶ
1277 463 1305 516 ό
1335 464 1511 535 χρόνῳ
1546 464 1774 535 ὕστερον
1808 464 1909 534 τῆς

2020 465 2360 534 tamenquia
2389 465 2454 520 ad
2488 474 2691 521 tantam
2734 467 2842 520 vim
2893 468 3018 523 mali
3051 468 3427 540 depellendam
3463 474 3599 536 nihil

318 561 377 613 ἐν
405 559 984 614 Κωνσταντινουπόλει
1024 558 1354 628 Ἐκκλησίας
1383 559 1729 630 πατριάρχης
1754 573 1911 625 γεγο-

319 649 452 715 νὼς,
495 651 580 713 είς
623 651 714 701 τὸν
750 650 944 721 ἱερέων
987 649 1070 704 ἔτι
1122 655 1250 705 τότε
1298 652 1457 721 χορὸν
1491 650 1663 704 τελῶν
1708 651 1911 704 Κάλλι-

324 758 472 804 στος,
506 742 603 795 καὶ
634 741 836 804 Σιϐὰς,
873 741 929 805 ὃς
970 742 1111 813 πρὸς
1140 744 1207 812 τῇ
1240 741 1577 795 Βατοπεδίου
1634 745 1769 812 μονῇ
1815 740 1910 793 τδν

323 833 799 905 ἀσκητικὶνλήνυε
844 835 1069 904 δρόμον,
1115 837 1213 890 καὶ
1253 836 1483 898 πολλοὺς
1531 837 1674 904 ὑπὲρ
1706 837 1910 907 ἀρετῆς

327 929 424 979 καὶ
449 925 792 993 θαυμασίους
835 926 1152 995 ἐπεδείξατο
1195 928 1438 995 ἀγῶνας,
1482 929 1562 990 είς
1615 927 1910 991 Βυζὶιντιον

331 1018 612 1087 ἀφίκοντο.
646 1017 894 1071 Βασιλίδι
926 1035 987 1071 τε
1041 1020 1455 1091 συγγενόμενοι,
1493 1021 1588 1072 καὶ
1637 1020 1909 1091 πατριάρ-

328 1128 430 1180 χου
480 1111 578 1164 καὶ
628 1110 739 1163 τῶν
813 1112 944 1180 περὶ
1002 1113 1167 1165 αὐτὸν
1224 1112 1539 1182 συνομοτῶν
1601 1111 1908 1182 παρόντων,

272 1212 280 1219 ’
338 1203 554 1273 Ἡμεῖς,
577 1203 807 1271 ἔφασαν,
828 1202 928 1274 τὴν
949 1203 1328 1274 κατασχοῦσαν
1342 1202 1652 1273 Ῥωμαίους
1675 1201 1910 1271 ὁρῶντες

329 1281 641 1366 συμφορὰν,
675 1296 824 1350 δεινά
860 1296 957 1366 μὲν
1008 1296 1233 1368 ᾠόμεθα
1291 1298 1358 1351 τὰ
1403 1297 1777 1367 πραττόμενα,
1815 1295 1912 1347 καὶ

330 1390 479 1459 πέρα
504 1388 715 1444 δεινῶν.
767 1389 934 1442 Οὑδέν
969 1388 1025 1442 δέ
1059 1389 1228 1443 πλέον
1274 1387 1413 1457 πρὸς
1443 1386 1769 1457 ἐπικουρίαν
1816 1384 1912 1439 καὶ

332 1472 654 1549 ἀποτροπὴν
679 1478 788 1531 τῶν
812 1479 1002 1532 δεινῶν
1025 1478 1315 1548 δυνάμενοι
1341 1495 1404 1530 συ
1414 1476 1773 1547 μθάλλεσθαι,
1796 1476 1911 1528 τῶν

330 1570 508 1625 ἄλλων
540 1560 939 1641 ἀμελήσαντες,
972 1570 1115 1641 ὑπὲρ
1161 1570 1273 1624 τῶν
1325 1572 1480 1640 κοινῇ
1517 1568 1912 1641 συμφερόντων

329 1663 590 1734 ἐδεόμεθα
634 1662 792 1729 Θεοῦ,
850 1662 947 1717 τοῦ
1001 1663 1165 1729 μόνου
1205 1661 1404 1732 στῆσαι
1451 1661 1752 1731 δυναμένου
1810 1660 1912 1724 τὰς

328 1756 792 1828 προσδοκωμένας
825 1757 1137 1827 συμφοράς.
1162 1757 1304 1811 Νυνὶ
1328 1755 1384 1810 δὲ
1412 1756 1474 1809 τὸ
1496 1755 1783 1826 διεστηκὸς
1802 1754 1911 1808 τῶν

339 1848 631 1919 Ῥωμαίων
664 1848 864 1914 ίδὸντες
902 1849 1072 1921 μέρος
1102 1850 1356 1916 ἀσμένως
1399 1848 1612 1920 χωροῦν
1643 1848 1912 1921 πρὸςτὴν

328 1939 581 2010 εἰρήνην,
633 1940 730 1993 καὶ
761 1940 1011 2011 μάλιστα
1055 1941 1194 2012 ὅπερ
1250 1939 1477 2008 δόκησιν
1539 1943 1774 2013 παρεῖχε
1813 1941 1914 2012 τὴν

329 2030 513 2083 αἰτίαν
547 2031 925 2101 παρασχέσθαι
957 2032 1062 2102 τῆς
1104 2031 1395 2103 διαφορᾶς,
1424 2032 1522 2086 καὶ
1546 2032 1665 2102 Θεῷ
1690 2032 1769 2103 τῷ
1815 2033 1914 2104 τῆς

329 2120 557 2191 εἰρήνης
581 2120 813 2191 χορηγῷ
841 2119 1045 2186 πολλὰς
1072 2123 1307 2192 χάριτας
1333 2121 1790 2192 ὁμολογήσαντες,
1816 2121 1914 2175 καὶ

332 2211 511 2281 γῆρας
534 2212 632 2266 καὶ
665 2212 988 2284 σωματικήν
1017 2213 1307 2268 ἀσθένειαν
1366 2213 1463 2267 καὶ
1495 2211 1623 2276 τοὺς
1648 2214 1787 2283 πρδς
1813 2212 1913 2284 τὴν

336 2303 644 2374 ὁδοιπορίαν
686 2303 883 2368 πόνους
933 2304 1275 2376 παριδόντες,
1325 2305 1537 2375 ἥκομεν
1592 2304 1914 2374 δεησόμενοι

338 2397 436 2452 καὶ
466 2398 633 2466 ὑμῶν,
656 2397 913 2468 δέχεσθαι
958 2397 1057 2470 τὴν
1093 2399 1343 2470 εἰρήνην,
1393 2398 1487 2451 καὶ
1523 2398 1597 2468 μὴ
1638 2397 1728 2452 διὰ
1755 2398 1911 2469 φιλο-

333 2491 546 2545 νεικίαν
576 2491 677 2561 τὴν
718 2491 1013 2562 Ῥωμαίων
1043 2490 1349 2562 ἡγεμονίαν
1386 2490 1483 2544 νῦν
1512 2508 1571 2543 τε
1605 2489 1916 2562 διαφθειρο-

244 2582 248 2585 Α
336 2580 510 2661 μένην
548 2585 828 2656 περιορᾷν,
876 2585 971 2638 καὶ
1025 2584 1107 2637 ἐτι
1140 2584 1420 2655 δεινότερα
1449 2582 1916 2655 προσδοκωμένην

333 2677 591 2747 πάσχειν,
625 2676 691 2730 ἂν
722 2676 799 2747 μὴ
832 2675 1042 2747 ταχέως
1071 2676 1100 2729 ό
1127 2676 1368 2746 πόλεμος
1400 2674 1913 2747 καταλυθῇ.Ἐλεον

330 2765 427 2825 οὖν
453 2771 545 2824 καὶ
571 2771 727 2824 αὐτοὶ
758 2769 1014 2833 λαϐόντες
1049 2768 1159 2823 τῶν
1191 2768 1472 2841 ὁσημέραι
1522 2768 1803 2840 χεομένων
1828 2770 1916 2826 αἰ-

338 2863 543 2932 μάτων,
593 2863 852 2916 καὶτῶν
883 2859 1286 2932 δεσμωτηρίοις
1340 2865 1757 2932 κατεχομένων,
1816 2862 1913 2916 καὶ

337 2954 444 3008 τῶν
471 2936 869 3024 ἐλαυνομένων,
905 2954 1003 3009 καὶ
1034 2953 1318 3025 ἀνήκεστα
1353 2953 1680 3024 πασχόντων
1703 2953 1916 3027 ἀνθρώ-

337 3064 474 3111 πων,
508 3049 798 3119 κυρώσατε
830 3049 930 3120 τήν
970 3050 1217 3120 εἰρήνην,
1261 3046 1360 3103 καὶ
1411 3046 1525 3101 τῶν
1571 3045 1784 3101 πολλῶν
1815 3046 1914 3102 καὶ

331 3140 586 3210 χαλεπῶν
636 3139 898 3195 κινδύνων
943 3136 1288 3207 ἀπαλλάξατε
1328 3138 1636 3208 Ῥωμαίους
1663 3152 1680 3170 ο
1720 3136 1796 3203 ὡς
1846 3137 1913 3192 ἂν

332 3233 464 3296 Θεός
499 3250 557 3286 τε
589 3240 617 3286 ο
649 3235 756 3304 τῆς
805 3234 1031 3305 εἰρήνης
1062 3232 1300 3305 χορηγὸς
1341 3230 1599 3303 δοξασθῇ,
1633 3231 1739 3307 καὶ,
1759 3229 1916 3302 βασι-

330 3322 418 3387 λίς
459 3340 521 3379 τε
567 3324 660 3378 καὶ
700 3325 1071 3395 πατριάρχης,
1102 3323 1201 3377 καὶ
1249 3323 1413 3394 ὑμεῖς
1451 3323 1486 3394 ή
1519 3308 1823 3394 σύγκλητος
1849 3321 1912 3375 ού

335 3417 487 3489 παρὰ
515 3418 737 3472 πάντων
771 3416 934 3486 μόνον
975 3415 1288 3486 Ῥωμαίων,
1320 3414 1458 3469 ἀλλὰ
1492 3415 1587 3470 καὶ
1616 3415 1775 3486 ήμῶν
1805 3413 1916 3468 τῶν

332 3509 604 3562 ταπεινῶν
635 3508 793 3573 ἀξίας
858 3506 1164 3578 κομίζησθε
1217 3506 1572 3576 εὐχαριστίας
1612 3505 1714 3576 τῆς
1780 3520 1920 3576 προ-

2015 555 2209 609 auxilii
2265 556 2467 610 offerre
2528 566 2875 623 poteramus,
2938 560 3169 631 reliquis
3236 563 3602 632 posthabitis,

2014 646 2149 709 Deo,
2188 647 2282 717 qui
2310 648 2464 702 solus
2498 641 3195 717 impendentesaerumnas
3254 663 3419 722 atque
3444 654 3514 708 mi
3549 671 3607 710 c-

2015 743 2127 793 rias
2173 755 2540 795 averruni-arc
2586 751 2790 810 potest,
2825 740 3172 800 Communem
3223 746 3454 803 salutem
3523 750 3607 803 in-

2013 833 2506 903 columilatemque
2533 835 2811 903 supplices
2854 841 3401 895 commcndabamus.
3446 841 3606 896 Nunc

2013 918 2142 988 quia
2194 919 2594 989 cognovimus,
2660 926 3000 992 segregatum
3050 926 3428 981 Romanorum
3481 946 3607 999 par-

2017 1019 2148 1071 tem,
2172 1026 2294 1080 qum
2323 1011 2643 1081 opinionem
2680 1014 2959 1082 praebebat
2994 1019 3226 1073 maxime
3257 1021 3462 1091 incepti
3503 1025 3607 1074 hu-

2010 1104 2100 1174 jus
2132 1102 2369 1167 dissidii,
2412 1105 2561 1173 pacis
2607 1120 2726 1158 esse
2758 1108 3036 1176 cupidam,
3077 1111 3187 1164 Deo
3232 1114 3385 1179 pacis
3436 1114 3606 1180 largi-

2016 1202 2118 1256 tori
2139 1202 2480 1256 immortales
2500 1205 2700 1273 gratias
2724 1205 2938 1274 egimus
2962 1226 2975 1260 :
2998 1210 3257 1281 nullaque
3298 1215 3605 1268 senectutis

2015 1304 2071 1349 et
2100 1293 2533 1358 imbecillitatis,
2555 1312 2618 1349 ac
2650 1296 2900 1350 laborum
2938 1300 3153 1355 itinezis
3177 1304 3387 1357 ratione
3417 1306 3605 1371 ducta,

2013 1390 2070 1437 et
2097 1397 2193 1437 vos
2232 1382 2478 1452 rogaturi
2532 1382 2875 1448 advenimus,
2927 1394 2985 1438 ut
3038 1402 3227 1455 pacem
3276 1392 3609 1461 Complecta-

2015 1474 2175 1540 ntini,
2228 1490 2298 1529 ne
2333 1478 2403 1528 ob
2449 1474 2770 1530 discordias
2793 1486 3006 1531 vestras
3036 1488 3093 1533 et
3137 1495 3288 1536 nunc
3337 1483 3610 1538 laceretur

2015 1565 2665 1636 Romanumimperium,
2726 1577 2780 1622 et
2833 1568 2935 1621 nisi
2971 1570 3147 1638 primo
3199 1588 3418 1642 quoque
3467 1587 3575 1630 tem

2012 1673 2149 1729 pore
2182 1657 2389 1713 bellum
2426 1658 2763 1721 inhibeatur,
2795 1661 3066 1715 atrociora
3094 1663 3376 1720 l'ormide.
3409 1668 3613 1732 Quam-

2014 1750 2206 1806 obrem
2243 1760 2299 1804 et
2346 1766 2445 1806 vos
2476 1751 2571 1821 qui
2626 1751 2682 1805 in
2711 1753 2832 1807 dies
2884 1752 3138 1809 funditur
3175 1760 3525 1827 sanguinem,
3552 1771 3608 1813 et

2016 1841 2071 1895 in
2103 1856 2381 1896 carcerem
2413 1852 2750 1913 compactos,
2785 1853 2952 1915 atque
2994 1845 3049 1900 in
3119 1850 3376 1904 exsilium
3429 1853 3614 1922 proje-

2017 1943 2162 1999 ctos,
2188 1935 2564 1989 etsaivissime
2592 1935 2882 1991 alllictatos
2909 1939 3184 1998 miserati.
3212 1957 3402 2011 pacem
3438 1954 3610 1997 ratam

2016 2024 2294 2094 conflcite,
2325 2028 2716 2098 Romanosque
2757 2029 2949 2084 multis
2975 2046 3038 2084 ac
3076 2033 3330 2088 nefandis
3358 2030 3610 2094 cladibus
3714 2040 3719 2055 '

2016 2118 2267 2182 eximite,
2299 2129 2360 2173 ut
2415 2127 2471 2174 et
2531 2119 2675 2176 Deus
2703 2122 2860 2191 pacis
2898 2123 3135 2178 donator
3165 2126 3495 2193 celebretur,
3554 2139 3613 2184 et

2018 2211 2364 2282 impcratrix,
2405 2228 2470 2268 ac
2513 2214 2850 2283 patriarcha,
2902 2225 2958 2271 et
3007 2233 3105 2273 vos
3150 2230 3396 2277 senatus.
3428 2237 3540 2275 non
3576 2237 3608 2278 a

2017 2302 2285 2359 Romanis
2308 2304 2472 2360 modo
2507 2306 2737 2376 passim,
2776 2307 2873 2362 sed
2917 2308 3085 2363 etiam
3125 2325 3154 2364 a
3186 2310 3348 2366 nobis
3383 2312 3611 2370 humiii-

2018 2391 2141 2459 bus,
2193 2403 2424 2465 propter
2459 2393 2782 2450 facilitatem
2815 2396 2872 2451 in
2913 2399 3078 2455 rebus
3110 2399 3378 2463 honestis,
3413 2409 3471 2456 et
3501 2402 3611 2457 sol-
3670 2384 3703 2435 ι’

2015 2489 2361 2545 licitudinem
2394 2490 2682 2547 hominum
2734 2493 3041 2549 insontium
3086 2495 3193 2549 hoc
3226 2494 3373 2550 bello
3403 2493 3608 2563 ubique

2018 2581 2399 2652 pereuntium,
2426 2583 2610 2654 dignis
2644 2584 2951 2655 gratiarum
2979 2586 3295 2642 actionibus
3321 2585 3607 2640 collaude—

2018 2675 2183 2730 mini.
2221 2673 2348 2732 Hac
2370 2676 2550 2731 oratio
2587 2678 2847 2748 Augusta:
2883 2693 2996 2733 non
3040 2679 3292 2745 molesta,
3325 2677 3420 2732 sed
3457 2686 3608 2748 grata

2018 2766 2228 2835 potius,
2270 2773 2327 2820 et
2359 2765 2428 2820 ab
2456 2765 2580 2836 ejus
2623 2779 2807 2822 mente
2831 2767 2978 2823 haud
3012 2769 3190 2824 aliena
3219 2767 3442 2824 accidit.
3469 2767 3606 2823 Nam

2019 2870 2143 2911 cum
2172 2855 2566 2928 patriarcbam,
2609 2866 2956 2932 caeterosque
2986 2862 3153 2918 sciret
3201 2877 3326 2917 esse
3380 2861 3612 2917 vaferri-

2017 2962 2142 3004 mos
2193 2962 2259 3004 ac
2287 2948 2855 3018 fraudulentissimos,
2896 2952 3176 3021 studebat,
3208 2954 3253 3009 si
3303 2969 3414 3023 quo
3444 2952 3611 3009 modo

2020 3046 2226 3109 posset,
2262 3038 2411 3097 bello
2459 3040 2752 3106 dissoluto,
2803 3058 2929 3098 cum
2981 3045 3369 3100 Cantacuzeno
3417 3060 3609 3115 parem

2020 3139 2076 3184 et
2104 3129 2285 3186 fmdus
2329 3132 2690 3187 constituere.
2745 3134 3033 3206 Religione
3085 3145 3270 3190 autem
3299 3132 3608 3206 juramenti

2024 3223 2312 3294 impedita,
2367 3238 2475 3295 qua
2510 3239 2610 3295 per
2639 3224 2828 3281 dolum
2874 3226 2942 3281 ab
2972 3226 3085 3282 illis
3111 3227 3352 3299 obligata
3399 3227 3603 3293 fuerat,

2025 3326 2089 3372 ut
2108 3331 2330 3387 nempe,
2367 3316 2479 3371 nisi
2515 3317 2779 3372 omnibus
2828 3319 3137 3389 expetenda
3158 3334 3267 3390 pax
3299 3318 3612 3387 videretur,

2027 3428 2131 3469 nec
2164 3413 2285 3483 ipsa
2323 3428 2443 3467 eam
2477 3413 2740 3480 sanciret,
2768 3413 2992 3470 concilii
3038 3414 3373 3471 sententiam
3418 3428 3613 3469 neces-

2028 3504 2179 3561 sario
2206 3505 2584 3576 exspectabat.

333 3609 539 3676 θτμίας
603 3607 705 3678 τῆς
791 3607 921 3677 περὶ
971 3606 1041 3659 τὰ
1097 3605 1264 3671 καλὰ,
1305 3602 1533 3674 καὶτῆς
1578 3602 1905 3675 κηδεμονίας
1957 3603 2067 3657 τῶν
2102 3602 2192 3658 διὰ
2253 3604 2345 3658 τὸν
2435 3602 2677 3675 πόλεμον
2752 3605 3069 3675 ἁπανταχοῦ
3132 3605 3603 3676 διαφθειρομένων

332 3701 638 3766 ἀνθρώπων
690 3698 969 3753 ἀναιτίων.
1020 3698 1163 3770 Πρὸς
1188 3695 1362 3751 ταῦτα
1397 3695 1609 3769 βασιλὶς
1658 3698 1757 3768 μὲν
1802 3696 1955 3750 οὐδὲν
1986 3696 2196 3767 ἔπασχε
2225 3696 2423 3765 δεινὸν,
2456 3695 2596 3752 ἀλλὰ
2623 3696 2719 3752 καὶ
2748 3698 2891 3752 κατά
2916 3698 3141 3768 γνώμην
3165 3698 3301 3770 ᾢετο
3353 3697 3612 3767 είρξσθέι

334 3800 473 3869 αὐτῇ
506 3798 633 3862 τοὺς
667 3798 884 3867 λόγους.
948 3793 1159 3866 Πολλὴν
1188 3794 1298 3864 γὰρ
1344 3791 1690 3863 πατριάρχου
1739 3789 1970 3846 καὶτῶν
1999 3789 2177 3845 ἄλλων
2224 3789 2567 3862 πανουργίαν
2598 3793 2696 3844 καὶ
2732 3794 2953 3862 ἀπάτην
2990 3794 3358 3861 καταγνοῦσα,
3403 3790 3605 3844 ἔσπευ-

333 3899 445 3967 δεν,
477 3902 526 3953 εί
572 3898 793 3953 δύναιτο
852 3896 1040 3968 τρόπῳ
1100 3895 1164 3965 δή
1230 3910 1339 3947 τινι
1372 3893 1468 3947 τὸν
1530 3891 1772 3964 πόλεμον
1820 3889 2206 3957 καταλύσασα,
2263 3891 2499 3956 σπονδὰς
2565 3893 2706 3964 πρὸς
2750 3890 2978 3963 βασιλέα
3025 3891 3118 3944 τὸν
3162 3887 3614 3958 Καντακουζηνὺν

339 3994 528 4051 θέσθαι
596 3994 722 4066 περὶ
788 3991 1034 4063 εἰρήνης.
1098 3985 1414 4061 Είργομένη
1479 3985 1536 4039 δέ
1590 3985 1696 4040 ὑπὸ
1757 3984 1867 4039 τῶν
1903 3985 2089 4057 ὅρκων
2127 3979 2212 4049 οἷς
2250 3984 2540 4055 ὑπήγαγον
2601 3982 3178 4057 ἐξαπατήσαντες.ὠς
3214 3983 3262 4034 εί
3324 3980 3400 4051 μὴ
3444 3982 3613 4037 πᾶσιν

337 4090 556 4160 αἱρετέα
596 4086 686 4157 εἴη
716 4087 750 4157 ἡ
798 4085 1013 4157 εἰρήνη,
1050 4082 1176 4156 μηδ’
1224 4079 1396 4153 αὐτὴν
1449 4077 1901 4151 ἐπιψηφίζεσθαι,
1951 4080 2051 4151 τὴν
2092 4078 2158 4134 ἐκ
2194 4079 2296 4150 τῆς
2346 4076 2545 4150 βουλῆς
2573 4076 2755 4151 ψῆφον
2783 4076 3103 4148 ἀναγκαίως
3140 4074 3456 4147 περιέμενε.

1634 4247 1796 4323 433
1839 4246 2067 4307 CAPUT
2106 4247 2328 4306 xxxv.

342 4415 663 4473 Patriarcha
693 4420 743 4468 et
773 4412 900 4467 socii
935 4408 1211 4469 monachis
1241 4410 1573 4463 irascuntur.
1607 4404 1881 4472 Quomodo
1912 4423 1998 4461 eos
2024 4405 2095 4461 ad
2128 4403 2450 4459 discordiam
2482 4400 2721 4476 redigere
2749 4399 3047 4476 laborarint
3076 4404 3126 4450 et
3153 4412 3288 4476 quas
3313 4395 3374 4448 ob
3392 4410 3611 4476 pansas.

411 4465 974 4557 ﬁliiﬁlii-asiam
1008 4482 1063 4535 in
1113 4495 1381 4557 carcer‘em
1431 4465 1953 4557 conclusis,__l\_luntii_
1996 4495 2027 4531 a
2079 4465 2717 4557 pratostratore'reverai.
2763 4474 3141 4557 imperatorem
3167 4465 3613 4557 ’Tlrcssalmicurn

412 4536 978 4611 caveant—"Peritlieurii
1012 4536 1340 4622 oppugnatio
1385 4560 1433 4622 e_t
1467 4550 1664 4622 quibus
1698 4550 1890 4602 ibidem
1909 4549 1983 4622 de
2014 4536 2165 4622 muro
2216 4548 2421 4622 probris
2470 4543 2746 4622 lar-essuri:
2799 4536 2978 4622 fuerit:
3020 4540 3289 4621 Quomodo
3337 4553 3502 4622 unum
3531 4537 3613 4618 ⁶ςίιε

350 4628 355 4633 ⁷
410 4610 840 4682 concitiatoribus
880 4610 1252 4678 remuneratus
1274 4622 1362 4675 sit.
1397 4610 1665 4689 Opprdani
1711 4635 1767 4672 se
1814 4621 2038 4682 dedunt,
2098 4618 2148 4671 et
2203 4610 2423 4671 consilio
2478 4612 2725 4669 malevoli
2783 4610 3065 4683 cujusdam
3116 4626 3179 4663 ea:
3231 4610 3611 4680 imperatoriis,

409 4698 725 4753 deditionem
759 4704 879 4749 astu
909 4693 1140 4764 quodam
1174 4688 1493 4746 retractant.
1529 4689 1836 4759 Imperator
1874 4689 2303 4744 Thessalonicam
2339 4688 2474 4742 abit.

413 4883 765 4956 Πατριάρχης
792 4881 849 4935 δέ
877 4880 974 4933 καὶ
1003 4881 1038 4949 ἡ
1066 4878 1367 4948 συνομοσία
1421 4881 1481 4931 ἐν
1505 4878 1667 4950 δεινῷ
1692 4879 1916 4949 μάλιστα

2106 4881 2177 4937 At
2208 4880 2523 4952 patriarcha
2577 4889 2630 4935 et
2659 4876 2931 4950 coniurati
2986 4874 3383 4931 monachorum
3427 4875 3615 4944 dictis,

341 4980 582 5034 ἐτιθεντο
616 4981 686 5030 τὰ
721 4973 1014 5045 εἰρημένα,
1066 4970 1164 5023 καὶ
1212 4971 1305 5023 τὸν
1340 4970 1572 5040 ἔσχατον
1618 4970 1791 5042 ᾤοντο
1814 4970 1935 5024 κίν·

343 5072 505 5126 δυνον
536 5068 722 5131 αὐτοῖς
754 5066 1009 5135 ἐπάγειν.
1041 5061 1349 5134 Προφανῶς
1384 5062 1487 5133 μὲν
1536 5059 1633 5117 οὖν
1662 5061 1800 5134 πρὸς
1831 5061 1931 5133 τήν

347 5165 571 5237 εἰρήνην
618 5159 929 5228 ἀντιλέγειν
977 5157 1079 5210 οὐκ
1133 5155 1330 5224 ἰταμὸν
1376 5155 1562 5226 μόνον,
1632 5153 1790 5208 ἀλλὰη
1824 5156 1919 5221 καὶ

346 5256 754 5327 φι).ομόχθηρον
808 5250 1008 5307 ἐδόκει.
1081 5247 1420 5315 Ἐσκέψαντο
1479 5246 1535 5299 δέ
1588 5247 1639 5299 εί
1671 5245 1927 5299 δύναιινο

342 5353 530 5423 τρόπῳ
583 5350 648 5422 δή
680 5366 788 5404 τινι
819 5348 996 5418 ἑτέρῳ
1041 5344 1154 5398 τῶν
1209 5341 1464 5413 μοναχῶν
1517 5341 1617 5410 τὴν
1666 5341 1926 5409 ὁμόνοιαν

345 5442 646 5512 πειρᾶσθαι
680 5440 945 5495 διαλύειν.
978 5438 1090 5493 Καὶ
1119 5437 1242 5491 τότε
1273 5434 1798 5508 μὲνδέπαινέσαντες
1828 5430 1927 5500 τὴν

345 5534 489 5606 ὑπὲρ
515 5533 613 5588 τοῦ
644 5533 826 5587 κοινοῦ
860 5529 1128 5601 σπουδὴν,
1158 5528 1416 5582 ἐκέλευον
1441 5524 1767 5592 ἀναπαύλης
1783 5522 1931 5586 τινὸς

343 5627 658 5697 τυγχάνειν,
694 5626 788 5678 τὸν
823 5626 887 5677 ἐκ
913 5624 1012 5694 τῆς
1042 5622 1369 5690 ὁδοιπορίας,
1403 5618 1566 5671 πόνον
1600 5613 1927 5681 ἀποτιθεμέ-

340 5737 488 5784 νους.
526 5719 797 5788 ’Ὕστερον
830 5716 887 5769 δέ
924 5714 1327 5787 ἐπηγγέλλοντο
1368 5710 1749 5780 σκεψαμένους
1802 5707 1932 5776 περὶ

343 5806 419 5868 ὧν
440 5815 639 5886 ἥκουσι
676 5811 778 5881 τὴν
810 5810 1114 5879 ἀπολογίαν
1147 5807 1482 5877 παρασχεῖν,
1533 5798 1839 5867 ξενίζεσθαι
1868 5798 1926 5854 δὲ

2034 4974 2238 5045 quibus
2287 4974 2391 5030 sibi
2424 4973 2653 5029 exitium
2692 4971 2877 5044 parari
2933 4968 3236 5035 ducebant,
3287 4968 3614 5040 gravissime

2031 5064 2250 5129 ot'ensi,
2281 5080 2470 5136 pacem
2538 5065 2827 5122 manifeste
2861 5062 3155 5134 repudiare
3179 5077 3288 5116 non
3317 5060 3614 5130 audebant,

2031 5171 2102 5211 ne
2132 5164 2243 5237 που
2277 5157 2630 5239 impudentes
2665 5147 2854 5221 modo,
2890 5155 2985 5212 sed
3017 5155 3182 5208 etiam
3218 5154 3287 5209 de
3338 5152 3614 5209 industria

2033 5248 2272 5318 improbi
2308 5250 2652 5307 viderentur.
2712 5247 3250 5320 Circumspiciebam
3303 5255 3510 5311 autem,
3564 5246 3613 5302 si

2035 5341 2144 5413 qua
2180 5343 2267 5397 via
2298 5344 2623 5397 eorumdem
2680 5342 3031 5398 concordiam
3066 5341 3331 5396 dirimere
3363 5347 3611 5410 possent.

2032 5434 2112 5490 Ac
2145 5444 2278 5490 tunc
2306 5435 2528 5503 quidem
2582 5435 2804 5489 laudato
2849 5450 3041 5490 eorum
3099 5432 3285 5489 ofﬁcio
3316 5444 3417 5503 pro
3448 5446 3613 5502 repu~

2031 5524 2199 5589 blica,
2229 5535 2286 5580 ut
2317 5525 2493 5580 fessos
2526 5524 2594 5579 de
2628 5508 2849 5594 itinere,
2879 5525 3221 5595 aliquantum
3258 5530 3614 5595 requiescere

2023 5617 2336 5686 jusserunt,
2401 5617 2809 5684 promittentes,
2844 5626 3032 5685 postea
3083 5630 3142 5669 sc
3174 5616 3430 5678 visuros.
3480 5612 3614 5685 quid

2028 5705 2390 5776 eis'responsi
2424 5705 2638 5759 darent.
2673 5705 2957 5760 Divertere
3001 5715 3167 5774 porro
3200 5722 3392 5761 omnes
3417 5700 3611 5758 eodem

2032 5816 2142 5855 non
2177 5800 2446 5865 sinentes,
2507 5797 2674 5861 alium
2708 5797 2836 5855 alibi
2879 5797 3248 5867 collocabant,
3316 5796 3373 5853 ut
3423 5813 3617 5867 quem-
