4054 6432
368 344 475 407 9935

1518 343 2058 405 IIISTORIARUM
2099 342 2333 403 LIBER
2373 327 2490 403 ιιί.

3528 344 3634 408 906

372 455 842 527 πρωτοστρςὴορα
899 452 1124 524 πέμψας
1175 447 1273 525 ἦν,
1336 453 1627 524 ἥκειντὴν
1685 456 1949 525 ταχίστην

2058 453 2459 508 administrari.
2501 452 2578 507 Ne
2630 451 2930 520 imperator
2972 454 3190 524 quidem
3232 457 3639 524 cunctandum,

366 548 842 618 ἀπαγγέλλοντας,
880 547 954 610 ὡς
980 547 1090 602 τῶν
1127 548 1307 601 ἐκεῖσε
1342 547 1563 601 πάντων
1592 548 1701 601 ὑπὸ
1726 564 1946 616 πρῶτον

369 641 677 711 στράτορος
710 638 893 702 καλῶς
926 640 1308 710 διῳκημένων.
1353 641 1562 695 Ἐδόκει
1598 642 1696 708 μὲν
1727 636 1821 696 οὖν
1853 644 1947 695 καὶ

364 731 580 802 βασιλεῖ
632 732 708 801 μὴ
745 730 967 800 μέλλειν
1005 732 1139 795 δεῖν,
1190 731 1327 786 ἀλλὰ
1361 734 1499 803 πρὸς
1539 734 1947 803 Θεσσαλονίκην

365 824 685 892 ἂπείγεσοαι
718 824 885 877 οὖσαν
920 810 1231 893 ἀνάγκαίαν
1253 843 1269 857 ·
1304 826 1415 879 τῶν
1449 827 1587 897 πρὸς
1628 828 1728 897 τὴν
1776 843 1951 896 τειχο-

369 915 571 984 μαχίαν
593 916 649 968 δὲ
681 915 901 969 πάντων
944 917 1049 987 ἢδη
1088 918 1655 988 παρεσκευασμένων,
1686 918 1945 971 ἐκέλευεν

364 1008 446 1071 εἰς
481 1007 575 1078 τὴν
612 1008 913 1080 ὑστεραίαν
947 1009 1063 1078 ἅμα
1095 1010 1239 1082 πρωῒ
1270 1011 1379 1063 τῶν
1402 1010 1601 1080 τειχῶν
1633 1011 1948 1081 ἀποπειρα-

368 1101 664 1168 σαμένους,
701 1094 753 1153 εί
790 1102 865 1172 μὴ
898 1101 1148 1156 δύναιντο
1183 1103 1668 1172 παραστήσασθαι,
1723 1105 1787 1173 τῇ
1826 1102 1945 1171 μετ’

365 1192 560 1263 αὐτὴν,
609 1194 710 1263 τῆς
766 1196 847 1254 είς
900 1194 1303 1264 Θεσσαλονίκης
1352 1195 1574 1265 ἔχεσθαι
1644 1195 1942 1266 φερούσης.

367 1285 527 1367 Οὕτω
564 1285 664 1356 μὲν
693 1281 791 1338 οὖν
812 1287 1083 1347 ἐδέδοκτο.
1112 1288 1222 1342 Καὶ
1259 1289 1374 1357 ἅμα
1408 1289 1557 1359 πρωῒ
1578 1290 1633 1353 ἐς
1669 1291 1769 1360 τὴν
1791 1291 1952 1342 om.

374 1376 538 1447 ραίαν
566 1378 946 1447 ὁπλισάμενοι,
983 1379 1324 1448 προσέϐαλον
1362 1381 1475 1437 τοῖς
1501 1379 1707 1449 τείχεσι
1737 1381 1951 1451 προσάο

370 1485 561 1536 γοντες
586 1470 681 1533 τὰς
714 1471 991 1542 μηχανάς.
1026 1473 1125 1527 Διὰ
1155 1474 1338 1543 πάσης
1368 1473 1425 1526 δὲ
1462 1462 1680 1543 ἡμέρας
1706 1473 1808 1542 τῆς
1834 1491 1945 1527 τει-

371 1562 645 1632 χομαχίας
670 1565 1105 1635 καρτερωτάτης
1138 1567 1545 1636 γεγενημένης,
1597 1566 1800 1634 μικροῦ
1851 1567 1950 1634 μὲν

368 1654 590 1724 ἐδέησεν
617 1655 847 1720 ἁλῶναι,
877 1657 987 1710 τῶν
1016 1674 1076 1709 τε
1119 1657 1412 1727 κλιμάκων
1440 1657 1974 1728 προσεριισθεισῶνο

363 1746 479 1810 τοῖς
511 1749 737 1818 τείχεσι,
768 1750 862 1804 καὶ
887 1751 1286 1822 μηχανήματός
1316 1751 1461 1815 τινδς
1491 1753 1584 1807 ἐπὶ
1612 1752 1826 1822 τροχῶν
1862 1769 1951 1822 χε-

2060 543 2158 598 sed
2184 542 2658 607 Thessalonicam,
2695 552 2754 598 ut
2789 545 2856 597 ad
2890 546 3080 600 urbem
3118 546 3341 602 maximi
3373 551 3643 606 momenti

2063 634 2437 691 festinandum
2491 637 2769 702 duxit;et
2834 637 3095 693 omnibus
3147 638 3260 706 jam
3313 638 3380 694 ad
3438 643 3644 697 muenia

2062 728 2390 783 Peritheorii
2444 729 2814 799 oppugnanda
2873 729 3186 793 confectis,
3249 732 3517 801 praecepit
3576 733 3650 787 iis

2060 817 2330 885 postridie
2359 816 2448 869 die
2495 818 2850 871 illucescente
2886 818 3138 883 tentatis,
3184 818 3232 873 si
3269 830 3503 875 conatus
3533 835 3646 875 non

2065 908 2449 979 responderet,
2478 909 2567 963 die
2602 909 2767 964 tertio
2803 910 2945 964 viam
2977 926 3170 965 versus
3195 911 3645 968 Thessalonicam

2066 998 2359 1072 arriperet.
2391 1001 2484 1056 Sic
2511 1002 2751 1058 censuit.
2770 1002 2885 1058 "Die
2914 1010 3127 1069 exorto,
3156 1018 3368 1067 muros,
3405 1005 3647 1060 admotis

2062 1092 2229 1148 etiam
2269 1092 2799 1159 machinationibus,
2850 1093 3121 1148 invadunt
3153 1112 3166 1148 :
3195 1109 3338 1164 quos
3370 1111 3496 1151 cum
3529 1105 3648 1151 toto

2062 1184 2154 1239 die
2207 1193 2622 1253 oppugnassent
2683 1187 2992 1252 acerrime,
3047 1203 3240 1257 parum
3284 1188 3462 1243 abfuit
3510 1188 3644 1259 quin

2060 1290 2158 1331 eos
2198 1285 2317 1330 acta
2372 1276 2484 1346 jam
2540 1276 2836 1339 testu‘ine,
2881 1287 2936 1332 ct
2984 1280 3146 1335 scalis
3199 1281 3475 1351 applicitis
3506 1296 3645 1337 cun.

2065 1366 2418 1425 sccnderent,
2449 1366 2542 1419 sed
2569 1369 2749 1420 noctis
2786 1367 3133 1424 interventus
3173 1385 3289 1425 rem
3332 1371 3643 1442 impedivit.

2069 1457 2290 1511 Obsessi
2321 1464 2652 1521 metuentes,
2695 1472 2763 1511 ne
2789 1457 2879 1511 die
2927 1459 3177 1528 sequenti
3205 1474 3389 1532 pugna
3427 1464 3645 1518 instau-

2067 1562 2186 1604 rata
2213 1559 2567 1620 caperentur,
2605 1559 2769 1604 noctu
2799 1549 3131 1617 decernunt,
3165 1552 3271 1608 ﬁde
3304 1554 3370 1606 ah
3401 1554 3645 1624 impera-

2067 1652 2188 1696 tore
2232 1650 2478 1712 accepta,
2514 1642 2707 1696 urbem
2744 1643 2968 1699 dedere.
3031 1645 3188 1701 Mane
3246 1645 3314 1701 de
3367 1648 3645 1705 moenibus

2065 1736 2363 1791 clamorem
2393 1736 2447 1789 in
2482 1738 2912 1802 castra‘dantes,
2959 1738 3282 1808 imperatori
3331 1742 3642 1797 renuntiari

365 1840 546 1911 λώνης
588 1817 1164 1914 προσαγορευομένου.
1232 1844 1297 1897 Ἡ
1349 1844 1446 1910 νὺξ
1479 1846 1537 1899 δὲ
1587 1817 1787 1899 αὐτίκα
1833 1817 1949 1898 ἑπι-

2057 1826 2278 1898 juhent,
2316 1826 2481 1899 465
2506 1828 2551 1883 si
2582 1829 2734 1895 velit,
2765 1844 2832 1883 ex
2864 1840 3026 1900 pacto
3060 1840 3337 1887 convento
3360 1834 3642 1891 civitatem

364 1937 643 2003 γενομένη
676 1933 977 1988 διεκώλυσε
1012 1937 1111 2007 τὴν
1145 1936 1374 1991 ἅλωσιν.
1402 1937 1467 1992 Ol
1496 1936 1951 2008 πολιορκούμενοι

367 2020 425 2074 δὲ
457 2020 765 2088 δείσαντες,
827 2026 904 2095 μὴ
939 2025 1023 2088 είς
1060 2027 1160 2095 τὴν
1197 2027 1499 2098 ὑστεραίαν
1559 2024 1718 2094 αὖθις
1773 2030 1953 2100 μάχης

363 2111 543 2166 ἁλῶσι
572 2186 577 2197 Ι
602 2115 911 2185 γενομένης
946 2118 1341 2172 ἐϐουλεύσαντο
1376 2121 1573 2183 νυκτὸς
1617 2122 1828 2186 πίστεις
1862 2122 1954 2179 λα-

373 2202 755 2275 ϐόντες’παρὰ
780 2208 1073 2278 βασιλέως,
1110 2211 1374 2284 ὁμολογίᾳ
1427 2214 1530 2283 τὴν
1562 2214 1718 2269 πόλιν
1765 2232 1950 2286 παρα-

371 2298 577 2353 δοῦναι.
620 2301 730 2353 Καὶ
762 2300 881 2370 ἃμα
921 2303 1067 2373 ττρωῖ
1127 2304 1192 2355 ὲκ
1241 2304 1352 2356 τῶν
1391 2307 1589 2377 τειχῶν
1620 2310 1733 2371 τοῖς
1763 2309 1842 2370 είς
1890 2310 1952 2362 τὸ

378 2387 742 2457 στρατόπεδον
780 2390 1037 2443 ἐκέλευον
1074 2391 1306 2461 μηνύειν
1341 2393 1574 2463 βασιλεῖ,
1625 2398 1673 2448 εἱ
1709 2396 1954 2467 βούλοιτο

374 2480 470 2534 ἐπὶ
498 2482 770 2551 συμϐάσει
801 2484 900 2553 τὴν
933 2483 1090 2537 πόλιν
1127 2485 1605 2555 παραλαμϐάνειν.
1666 2489 1869 2552 Ἡδέως
1896 2490 1952 2544 δὲ

375 2568 646 2639 βασιλέως
676 2570 769 2623 τδν
796 2571 958 2639 λόγον
986 2571 1303 2641 δεξαμένου,
1333 2573 1427 2626 καὶ
1460 2574 1772 2639 κελεύοντος
1794 2576 1953 2647 ἥκειν

372 2663 512 2733 πρὶς
548 2661 714 2716 αὑτὸν
762 2663 839 2724 ὡς
871 2664 1053 2718 πάντα
1088 2664 1390 2735 πράξοντος
1446 2667 1632 2743 αὐτοῖς
1684 2667 1752 2720 τά
1810 2668 1953 2723 κατὰ

375 2753 627 2825 γνώμην,
661 2752 798 2819 ἧκον
841 2756 936 2810 τοὺ
965 2774 1024 2809 τε
1058 2758 1258 2827 δήμου,
1320 2761 1419 2815 καὶ
1452 2759 1562 2812 τῶν
1606 2759 1742 2829 παρ’
1768 2761 1953 2822 αὐτοῖς

370 2848 616 2903 δυνατῶν
647 2846 839 2915 ὀλίγοι,
877 2852 971 2903 καὶ
1004 2849 1114 2904 τῶν
1137 2850 1217 2920 τῷ
1247 2850 1438 2921 κλήρῳ
1467 2851 1566 2921 τῆς
1591 2852 1724 2921 παρ’
1766 2854 1952 2915 αὑτοῖς

377 2940 674 3007 ἐκκλησίας
727 2940 1173 3009 κατειλεγμένων
1201 2958 1216 2971 ⁸
1269 2941 1451 3001 αἰτίας
1484 2940 1540 2993 δὲ
1579 2940 1771 3010 ὥσπερ
1818 2944 1952 2995 ἁποο

375 3030 591 3093 λύοντες
648 3032 879 3095 ἑαυτοὺς
939 3034 1032 3086 ἐπὶ
1091 3032 1167 3103 τῷ
1218 3033 1362 3087 ὅπλα
1398 3034 1756 3103 κεκινηκέναι
1814 3033 1950 3103 πρὸς

377 3120 561 3185 αὑτὲν,
603 3121 664 3173 τε
717 3121 835 3174 δέον
886 3120 1097 3189 ἔφασαν
1153 3121 1543 3191 πεποιηκέναι,
1599 3122 1949 3191 ὀμωμοκέναι

371 3211 481 3276 γάρ
531 3207 700 3278 ὀλίγῳ
734 3209 1003 3278 πρότερον
1057 3210 1480 3281 άντιστήσεσθαι
1543 3212 1656 3271 τοῖς
1714 3209 1948 3280 βασιλίδι

370 3302 674 3372 πολεμοῦσι
709 3301 874 3372 μέχρι
933 3302 1022 3355 καὶ
1052 3301 1148 3355 τοῦ
1197 3302 1452 3357 δυνατοῦ.
1485 3302 1624 3364 Τούς
1655 3317 1718 3354 τε
1749 3303 1950 3372 ὅρκους

370 3392 669 3463 τοιγαροῦν
699 3394 1068 3463 τετηρηκέναι
1115 3393 1401 3462 ἀσφαλῶς,
1453 3394 1551 3447 καὶ
1583 3395 1645 3445 τὸ
1681 3393 1774 3446 νῦν
1802 3393 1953 3447 λυσι-

367 3488 547 3542 τελεῖν
574 3486 907 3556 φαινόμενον
930 3488 993 3538 ὲκ
1023 3486 1134 3539 τῶν
1164 3489 1512 3555 πραγμάτων
1540 3486 1805 3556 πράττειν
1835 3484 1951 3555 μετ’

371 3574 827 3645 εὐγνωμοσύνης.
891 3573 1053 3625 Ὅθεν
1113 3572 1258 3638 άξιοι
1316 3573 1652 3645 συγγνώμης
1708 3575 1953 3643 νομίζειν

373 3661 520 3721 εἶναι
545 3665 677 3737 παρ’
710 3664 884 3736 αύτῷ.
921 3664 1142 3717 Δεῖσθαι
1177 3665 1362 3734 μέντοι
1398 3665 1618 3733 καὶτῆς
1657 3664 1727 3717 δι’
1770 3665 1952 3733 ὅρκων

373 3761 702 3830 ἀσφαλείας,
730 3758 805 3820 ὡς
836 3757 991 3811 οὑδὶν
1034 3758 1314 3812 πείσονται
1346 3757 1457 3811 τῶν
1491 3759 1633 3811 κατὰ
1662 3757 1753 3811 τὸν
1783 3758 1951 3811 πόλε-

372 3872 473 3925 μον
508 3855 697 3916 αὑτοῖς
722 3853 1101 3925 εἰργασμένων
1131 3851 1319 3927 ἕνεκα,
1361 3853 1457 3905 καὶ
1484 3851 1592 3904 τῶν
1631 3850 1862 3921 ὕϐρεων,
1892 3851 1949 3905 αἳ

369 3949 524 4018 παρὰ
578 3947 802 4015 φαύλων
837 3949 932 3999 καὶ
987 3944 1081 3998 τοῦ
1118 3945 1354 4015 μηδενὸς
1402 3944 1572 4010 ἀξίων
1639 3944 1950 4015 ἀνθρώπων

366 4041 621 4113 εἴρηνται
652 4041 788 4113 πρὸς
820 4039 982 4093 αὑτὸν
1016 4040 1123 4092 τῶν
1161 4036 1221 4092 ὲν
1270 4039 1415 4109 λόγῳ
1438 4038 1659 4092 πάντων
1712 4038 1950 4105 μάλιστα

369 4134 720 4203 ἀνιωμένων,
759 4134 854 4187 καὶ
882 4133 982 4201 τὴν
1019 4131 1323 4185 ἀκολασίαν
1370 4132 1469 4201 τῆς
1516 4130 1766 4199 γλώττης
1800 4130 1949 4181 τιῡε-

374 4228 554 4298 μένων
608 4227 666 4278 ἐν
714 4224 899 4295 δεινῷ.
952 4223 1241 4294 Οὑδεμιᾶςι
1281 4222 1389 4293 γάρ
1422 4222 1635 4292 ὕϐρεως
1670 4221 1951 4290 ἐφείδοντο

368 4320 608 4382 ἑστῶτες
646 4318 740 4371 ἐπὶ
773 4318 882 4370 τῶν
904 4315 1129 4386 τειχῶν.
1172 4315 1339 4368 Ὀοεν
1391 4315 1481 4367 καί
1517 4331 1651 4367 ποτε
1680 4313 1949 4383 βασιλέως

368 4416 429 4466 ἐν
483 4411 671 4474 ὅπλοις
701 4411 990 4481 παριόντος
1027 4408 1123 4461 καὶ
1174 4407 1243 4461 τά
1296 4407 1454 4476 τείχη
1493 4406 1950 4475 κατασκεπτομέ-

2057 1918 2313 1989 accipiat.
2342 1919 2438 1974 Ille
2469 1920 2573 1976 hoc
2598 1922 2794 1977 nuntio
2818 1922 3060 1993 gavisus,
3089 1936 3190 1980 eos
3205 1934 3426 1990 evocat,
3465 1926 3646 1982 factu-

2057 2029 2178 2069 rum
2209 2030 2267 2070 se
2312 2030 2437 2085 qua:
2487 2024 2702 2085 optent,
2729 2016 2935 2071 omnia.
2972 2014 3211 2071 Veniunt
3252 2016 3321 2073 de.
3375 2017 3558 2088 plebe,
3587 2028 3648 2075 et

2059 2107 2423 2177 optimatibus
2453 2108 2634 2179 pauci,
2689 2109 2754 2163 de
2796 2108 2945 2163 clero
2975 2109 3105 2163 item
3138 2110 3413 2165 nonnulli.
3462 2112 3645 2182 Atque

2059 2207 2122 2252 ut
2175 2213 2236 2253 se
2292 2207 2597 2270 purgarent
2657 2199 3096 2270 quodammodo,
3136 2200 3298 2257 aliter
3337 2216 3396 2258 se
3461 2202 3645 2260 facere

2058 2292 2345 2362 nequiisse
2395 2292 2691 2357 dixerunt,
2761 2300 3053 2363 propterea
3120 2294 3267 2364 quod
3322 2296 3644 2366 nuperrime
3698 2310 3701 2313 ‘

2058 2393 2401 2438 sacramento
2431 2392 2702 2453 concepto
2731 2384 3153 2453 spoponderim,
3182 2401 3239 2441 se
3267 2387 3638 2457 imperatricis

2058 2475 2312 2530 hostibus
2342 2484 2605 2551 quantum
2645 2474 2896 2529 valerent
2932 2477 3243 2532 restituros.
3268 2478 3422 2541 Quod
3448 2480 3631 2551 juras-

2059 2571 2203 2629 sent,
2232 2546 2556 2634 praestitisse
2584 2564 2855 2620 hactenus
2906 2567 3140 2621 lideliter
3175 2586 3190 2622 :
3218 2577 3273 2623 et
3296 2546 3630 2639 quod'nunc

2058 2671 2149 2711 res
2196 2656 2313 2726 ipsa
2371 2657 2506 2711 utile
2561 2656 2811 2711 futurum
2848 2658 3066 2726 doceat,
3119 2658 3171 2712 id
3233 2676 3393 2732 aequo
3448 2664 3637 2719 animo

2059 2747 2326 2801 laeturos.
2357 2748 2559 2803 Putare
2601 2749 2788 2818 igitur,
2836 2765 2896 2805 se
2924 2750 3121 2820 dignos
3150 2766 3275 2807 esse
3319 2755 3502 2809 venia.
3534 2755 3642 2811 Cu-

2057 2855 2189 2910 pere
2249 2850 2429 2894 tamen
2486 2841 2849 2913 jurejurando
2904 2844 3010 2898 sibi
3069 2845 3275 2911 caveri,
3335 2846 3412 2900 nil
3474 2863 3643 2917 grave

2057 2945 2319 3001 passuros
2334 2932 2405 2987 ob
2427 2948 2490 2987 ea
2512 2934 2980 3003 qutedurautibus
3011 2938 3182 2991 armis
3205 2939 3639 3001 commisissent.

2054 3023 2125 3078 ob
2154 3024 2404 3078 convicia
2441 3025 2673 3093 scilicet,
2724 3041 2847 3095 qme
2876 3042 2984 3080 non
3034 3029 3156 3083 sine
3187 3044 3404 3085 summo
3448 3032 3640 3089 dolore

2056 3116 2298 3170 virorum
2371 3116 2621 3187 gravium
2657 3159 2672 3184 ,
2736 3118 2982 3189 abjecti,
3044 3130 3100 3176 et
3160 3123 3323 3176 nauci
3384 3123 3639 3181 homines

2057 3205 2275 3275 procaci
2296 3206 2479 3276 lingua
2510 3207 2564 3262 in
2583 3222 2709 3263 eum
2738 3211 3131 3271 contorserint.
3161 3212 3336 3268 Nullis
3360 3215 3638 3286 siquidem

2056 3296 2279 3365 probris
2336 3305 2546 3351 stantes
2588 3296 2646 3350 in
2720 3297 2897 3351 muris
2957 3299 3255 3369 parcebant
3302 3318 3315 3353 :
3362 3313 3419 3355 ut
3468 3304 3636 3358 etiam

2056 3388 2354 3457 aliquando
2374 3397 2589 3442 armato
2620 3388 2958 3458 imperatore
2995 3391 3318 3457 accedente,
3344 3401 3397 3446 et
3431 3395 3639 3449 mtenia

2054 3489 2285 3550 propter
2311 3480 2774 3551 oppugnationem
2803 3483 3234 3551 contemplante,
3280 3466 3393 3539 tres
3412 3485 3636 3555 quidam

2056 3588 2122 3627 eo
2146 3574 2368 3644 coignito
2389 3574 2620 3629 eti’usius
2651 3575 3060 3629 maledicerent.
3093 3574 3197 3641 Qui
3224 3578 3451 3646 propius
3476 3594 3638 3635 acce-

2064 3666 2205 3720 dens
2261 3667 2517 3736 qurrsivit
2554 3707 2567 3730 ,
2627 3682 2760 3721 num
2810 3669 3049 3723 scientes
3091 3669 3220 3739 quis
3271 3680 3436 3735 esset,
3500 3673 3639 3729 adeo

2056 3759 2360 3814 liberaliter
2394 3741 2761 3815 contumelias
2816 3761 3089 3815 dicerent.
3145 3760 3349 3815 Eorum
3389 3778 3500 3817 uno
3549 3781 3640 3821 re-

2054 3852 2383 3922 spondente,
2452 3855 2688 3908 maxime
2728 3862 2784 3907 et
2845 3854 3053 3908 idcirco
3108 3855 3307 3924 probra
3374 3855 3631 3922 fundere,

2055 3946 2261 4014 quibus
2286 3945 2400 4014 ipse
2446 3947 2636 4000 multis
2668 3946 2864 4017 dignus
2911 3956 3078 4011 esset,
3122 3948 3271 4017 quod
3301 3947 3473 4005 fracta
3504 3950 3633 4018 ﬁde,

2055 4039 2408 4108 imperatoris
2464 4037 2657 4093 liberis
2708 4039 3111 4104 insidiaretur,
3163 4055 3467 4113 omnesque
3514 4046 3635 4098 vias

2056 4131 2362 4200 indagaret,
2387 4146 2497 4200 quo
2533 4130 2656 4184 illos
2685 4130 2966 4185 meditata:
2998 4132 3064 4184 ab
3095 4147 3152 4185 se
3187 4134 3353 4187 morti
3381 4134 3631 4200 oll‘erret,

2054 4236 2084 4274 a
2161 4220 2361 4289 quibus
2428 4221 2633 4275 nullam
2693 4237 2939 4291 unquam
3005 4224 3271 4279 sensisset
3338 4225 3629 4297 injuriam,

2052 4312 2285 4379 Quando
2308 4322 2515 4378 autem,
2551 4314 2761 4382 excepit
2787 4313 3230 4378 Cantacuzenus,
3277 4317 3330 4370 in
3357 4318 3631 4386 judicium

2054 4420 2141 4458 me
2181 4408 2609 4475 vocatum,quia
2657 4405 2960 4461 dissolvere
3004 4408 3237 4462 crimina
3290 4426 3399 4466 non
3449 4416 3630 4482 potui.

370 4526 465 4560 νου
508 4506 599 4559 διὰ
646 4506 744 4577 τὴν
791 4504 1175 4574 τειχομαχίαν,
1222 4503 1371 4574 τρεῖ,
1398 4500 1545 4563 τινες
1586 4498 1821 4561 ἑστῶτες
1855 4499 1948 4552 ἐπὶ

2057 4506 2109 4551 ct
2162 4498 2396 4567 injuriae,
2449 4508 2505 4553 ct
2571 4490 2840 4570 periurii,
2909 4510 2963 4555 et
3014 4501 3177 4571 hujus
3200 4504 3426 4560 sceleris
3484 4508 3631 4575 quod

365 4598 478 4651 τῶν
506 4595 723 4667 τειχῶν,
762 4593 966 4665 μᾶλλον
1010 4591 1118 4645 τῶν
1176 4590 1393 4659 ὕϐρεων
1446 4589 1705 4659 ἠφείδουν
1747 4587 1947 4658 γνωρί-

369 4709 475 4759 μου
530 4690 843 4761 γινομένου.
888 4686 948 4742 Ὀ
980 4689 1037 4741 δὲ
1091 4688 1259 4755 ἐγγὺς
1305 4685 1628 4754 γενόμενος,
1671 4681 1866 4754 ἠρώτα
1895 4680 1945 4732 εί

367 4783 565 4844 εἰδότες
595 4783 653 4845 ὅς
686 4798 771 4843 τις
802 4779 888 4848 εῖη
924 4780 1245 4850 ὑϐρίζουσιν
1287 4780 1461 4841 οὕτως
1486 4775 1744 4846 ἀφειδῶς.
1794 4773 1946 4835 Ἑνὸς

365 4876 423 4928 δὲ
477 4873 965 4945 ἀποκριναμένουο
1023 4873 1101 4935 ὡς
1161 4872 1402 4942 μάλιστα
1467 4866 1829 4932 εἰδεῖεν,’καὶ
1857 4867 1946 4919 διά

364 4964 526 5020 τοῦτο
555 4970 649 5022 καὶ
668 4966 914 5036 ὑϐρίζειν
933 4964 1149 5018 πολλῶν
1177 4964 1306 5017 ὄντα
1338 4962 1492 5028 ἄξιον
1538 4960 1839 5032 λοιδοριῶν,
1864 4959 1947 5011 ὅτι

365 5059 690 5129 ἀποστάτης
769 5056 1015 5127 γεγονὼς
1071 5059 1184 5120 τοῖς
1239 5056 1510 5125 βασιλέως
1573 5052 1943 5108 ἐπεϐούλευσε

361 5153 543 5213 παισὶ,
594 5153 690 5204 καὶ
748 5150 1011 5219 οὐδεμιᾶς
1069 5150 1348 5219 άπισχετο
1397 5148 1597 5218 πείρας
1624 5146 1944 5229 άποκτεῖναι

362 5244 488 5306 τοὺς
508 5243 664 5298 οὐδὲν
682 5243 1012 5314 ἠδικηκότας
1032 5244 1450 5312 μηχανώμενος,
1469 5240 1605 5293 Πότε
1626 5237 1704 5301 δὲ,
1722 5237 1946 5308 εἴρηκεν

364 5338 394 5389 ὀ
428 5335 709 5405 βασιλεὺς,
738 5338 831 5389 ἐπὶ
876 5335 1036 5405 δίκην
1093 5334 1471 5396 καταστάντα,
1500 5332 1584 5385 ὅτι
1640 5331 1715 5401 μὴ
1754 5332 1823 5383 τά
1854 5332 1946 5395 εγ-

362 5429 623 5499 κλήματα
683 5427 959 5498 ἠδυνήθην
1031 5426 1450 5488 ἀπολύσασθαι,
1494 5420 1946 5493 κατεψηφίσασθε

359 5522 573 5574 ἀδικεῖν
607 5521 761 5573 αὑτοὶ
790 5523 885 5572 καὶ
911 5522 1216 5590 ἐπιορκεῖν,
1250 5518 1347 5571 καὶ
1380 5516 1608 5572 τοιαῦτα
1637 5510 1726 5569 οἷα
1752 5514 1940 5583 λέγετε

363 5615 593 5684 τολμᾷν.
647 5615 770 5665 Τῶν
815 5614 871 5666 δὲ
919 5612 1148 5682 ἔναγχος
1198 5613 1261 5665 ὲκ
1310 5611 1613 5676 Βυζαντίου
1675 5608 1944 5662 είπόντων

362 5708 523 5776 ἥκειν
550 5709 607 5759 ἐν
635 5699 680 5773 ᾧ
705 5706 773 5758 τά
799 5708 943 5759 κατὰ
970 5704 1241 5777 βασιλέως
1289 5700 1381 5757 ὑπ’
1411 5703 1579 5757 αὑτοῦ
1635 5702 1946 5769 ἑσκαιωρη-

363 5799 507 5869 μενει
561 5800 831 5868 ἐκμαθεῖν
866 5815 880 5828 '
912 5795 978 5851 δι’
1030 5804 1066 5852 ἃ.
1092 5798 1189 5851 καὶ
1221 5797 1348 5859 τοὺς
1400 5796 1518 5848 ἐκεῖ
1574 5793 1643 5847 τὰ
1679 5790 1945 5862 βασιλέως

604 5893 876 5955 Ρηιιοι..
910 5894 1028 5954 (in.
1067 5894 1273 5955 CLIII.

2054 4590 2320 4660 objicitis,
2355 4606 2442 4645 me
2489 4591 2937 4646 cnndemnastis?
2982 4592 3474 4666 Βεεμοιιιιιξιιιὶι)ιιε⁶
3499 4596 3629 4664 illis,

2051 4684 2216 4752 paulo
2247 4691 2373 4737 ante
2431 4682 2691 4754 Byzantio
2734 4684 2980 4749 venisse,
3030 4700 3059 4738 a
3100 4701 3213 4755 quo
3243 4703 3366 4757 qua:
3420 4689 3537 4759 ipse
3574 4689 3631 4744 in

2053 4776 2442 4843 imperatorem
2488 4775 2891 4830 adolescentem
2954 4792 3211 4846 perverse
3279 4780 3630 4837 machinatus

2050 4876 2217 4933 esset,
2255 4869 2583 4924 didicissent
2618 4878 2716 4923 :et
2748 4868 2958 4924 ideirco
2987 4870 3080 4938 qui
3107 4869 3220 4925 illic
3243 4871 3633 4942 imperatorem

2056 4972 2367 5028 tuerentur,
2415 4962 2592 5033 ipsum
2623 4963 2925 5033 expulisse,
2967 4964 3325 5034 quibuscum
3372 4967 3634 5023 resistere

2051 5065 2292 5124 nequeat
2351 5054 2457 5109 huc
2519 5056 2730 5121 venire,
2792 5056 2983 5120 Recte,
3042 5057 3113 5110 mi
3165 5057 3635 5135 homotoceurrit

2050 5146 2488 5209 Cantacuzenus.
2527 5147 2643 5202 lucc
2665 5162 2763 5201 vos
2788 5147 3052 5218 Byzantio
3085 5149 3349 5205 didicisse
3375 5152 3478 5206 ais.
3515 5153 3630 5222 Ego

2052 5252 2186 5294 vero
2214 5239 2321 5294 huc
2339 5239 2522 5305 venio,
2553 5246 2613 5292 ut
2643 5254 2769 5292 cum
2797 5247 2848 5294 te
2873 5241 2941 5294 ob
2970 5239 3292 5295 maledicam
3328 5243 3631 5314 loquacita-

2056 5341 2165 5384 tem
2198 5331 2494 5401 punivero,
2552 5340 2645 5385 tuo
2674 5333 2931 5400 exemplo
2985 5331 3088 5402 ipsi
3143 5334 3450 5402 proteri-ire
3482 5337 3632 5390 desi-

2051 5435 2202 5478 nant.
2242 5422 2338 5478 llis
2371 5439 2468 5493 per
2494 5422 2685 5477 ludum
2711 5423 2895 5490 dictis,
2923 5425 3208 5493 pra'teriit.
3237 5425 3439 5480 Eadem
3470 5437 3632 5484 nocte

2053 5515 2260 5570 milites
2278 5517 2436 5587 jussu
2470 5515 2823 5583 imperatoris
2846 5516 3077 5571 insidias
3092 5516 3158 5570 ad
3189 5525 3374 5585 portas
3404 5518 3634 5572 tenden-

2054 5618 2158 5673 tes,
2195 5616 2252 5661 ut
2276 5605 2614 5677 Oppidanum
2646 5606 2887 5675 aliquem
2920 5616 3202 5676 caperent,
3235 5621 3299 5661 ex
3346 5622 3457 5676 quo
3500 5609 3631 5678 quid

2050 5698 2201 5753 intus
2256 5705 2582 5769 gereretur,
2616 5698 3029 5770 exprimerent,
3094 5715 3223 5755 casu
3281 5700 3626 5770 ipsissimum

2051 5792 2481 5848 conviciatorem
2517 5791 2691 5848 multo
2723 5808 2905 5863 mane,
2937 5794 3126 5850 nescio
3161 5794 3318 5864 cujus
3346 5793 3425 5850 rci
3459 5809 3621 5853 causa

3229 5887 3303 5948 29
