4054 6412
486 304 593 370 9.33

1681 297 2014 360 JOANNIS
2047 297 2582 359 CAN'I‘ACUZENI

3555 359 3570 370 .
3657 307 3755 368 ιιι

486 419 786 477 ιιίιηιοόιιπι
815 416 1166 489 corporibus,
1196 411 1278 471 sic
1311 414 1752 484 animisquoquc
1769 413 2078 484 promissis,

2191 413 2288 466 οὐκ
2319 415 2512 466 εἴασαν
2544 413 2637 466 ἐπὶ
2680 415 2904 483 ταυτὸν,
2935 415 3052 470 ἀλλ’
3089 414 3244 468 ἄλλον
3281 415 3477 470 ἄλλοσε
3531 416 3760 475 διέσπει-

486 524 542 568 et
613 511 896 566 blanditiis
979 523 1227 563 seorsum
1310 507 1697 576 unusquisque
1787 513 2083 576 corruptus

395 601 405 608 ’
487 599 901 676 separarentur.
943 601 1174 658 Fluebat
1231 601 1404 672 igitur
1458 609 1700 669 tempus,
1738 607 1795 652 et
1827 599 1974 652 dicta
2024 597 2079 651 in

488 710 685 751 ventos
739 703 1104 760 recesserant,
1167 709 1354 762 neque
1411 694 1668 748 monachi
1707 708 1855 747 cura:
1900 701 2080 748 erant.

488 790 590 856 Qui
613 796 1042 852 ceruentes,eos
1073 787 1217 842 bello
1269 802 1434 857 quam
1467 801 1600 856 pace
1626 784 1863 854 gaudere
1886 785 2080 853 magis,

490 897 617 935 eum
645 881 808 936 toties
842 896 1010 950 super
1043 895 1106 933 ea
1145 879 1344 950 rogati,
1379 877 1446 932 ad
1480 879 1744 932 obtentus
1809 880 2081 945 quosdam

493 981 550 1024 et
603 986 802 1026 Causas
855 969 1274 1024 cornmentitius
1327 967 1728 1037 confugerent,
1767 965 2081 1020 revertendi

492 1074 818 1134 potesmteju
846 1063 1184 1131 petiverunt.
1219 1061 1289 1116 At
1322 1061 1443 1116 istis
1482 1075 1582 1114 nec
1629 1061 1732 1114 hoe
1765 1059 2082 1114 conducere

489 1157 669 1209 visum
712 1165 817 1220 est,
849 1167 910 1209 ut
940 1155 1172 1226 digressi
1215 1154 1472 1208 monachi
1503 1154 1652 1223 ipsos
1701 1151 1851 1216 belli,
1884 1149 2085 1205 Canta.

489 1262 760 1300 euzenum
813 1249 966 1318 pacis
1060 1256 1344 1300 auctorem
1402 1244 1790 1314 pra-dicarem,
1839 1242 2084 1296 testimo-

488 1342 754 1412 niumque
784 1342 1017 1406 ferrent,
1078 1340 1230 1394 illum
1293 1338 1524 1409 justitire
1598 1347 1970 1392 consentanea
2029 1344 2084 1394 et

489 1435 774 1491 ttuiversit.
800 1433 837 1488 ti
867 1433 1148 1488 fructuosa
1182 1431 1486 1502 postulare.
1523 1430 1642 1508 Non
1677 1433 1822 1484 enim
1854 1429 2086 1498 quibus-

487 1533 615 1586 dam
701 1530 919 1584 levibus
991 1528 1322 1583 ratiunculis
1392 1542 1591 1581 usuros
1665 1525 2083 1580 arbitrabantur

487 1625 692 1694 quibus
757 1623 997 1693 populos
1056 1621 1451 1690 perturbarent
1488 1663 1504 1688 ,
1567 1631 1734 1690 atque
1795 1619 1862 1674 ad
1931 1632 2083 1672 arma

488 1715 897 1777 incenderent,
959 1728 1086 1768 cum
1157 1714 1261 1782 ipsi
1308 1729 1376 1768 ex
1448 1714 1704 1768 instituto
1763 1712 2084 1766 blaterones

487 1807 755 1878 quosdam
811 1807 1152 1862 subornatos
1185 1821 1285 1876 per
1328 1807 1532 1878 oppida
1586 1805 1946 1866 dimisissent.
1985 1803 2080 1874 qui

486 1900 923 1970 proclamarem,
955 1897 1408 1952 Cantacuzenum
1471 1899 1540 1953 ab
1593 1896 1883 1951 auditione
1935 1896 2087 1965 pacis

489 1989 814 2054 abhorrere,
844 2000 899 2044 et
931 1987 1138 2042 minari
1172 2001 1230 2042 se
1263 1989 1434 2042 relata
1475 1986 1711 2041 victoria
1740 1985 2088 2055 imperatoris

488 2081 701 2136 liberos
741 2081 1021 2136 iacturum
1067 2080 1332 2135 mortales
1359 2079 1726 2144 miserrimos,
1747 2094 1812 2133 ac
1830 2071 2088 2148 peraeque

491 2178 656 2244 alios,
680 2186 955 2246 quotquot
991 2189 1181 2229 amore
1212 2174 1440 2244 iustitiae
1474 2189 1576 2244 pro
1631 2172 1765 2242 ipsis
1794 2184 1988 2226 contra
2032 2185 2090 2225 se

487 2269 879 2341 pugnaverint.
913 2266 1228 2322 Incitabant
1253 2266 1420 2336 igitur
1450 2264 1708 2334 populos,
1750 2271 1811 2316 ut
1848 2263 2084 2316 liliorum

488 2360 843 2432 imperatoris
881 2360 993 2430 jam
1045 2359 1423 2429 orphanorum
1477 2358 1652 2411 vicem
1707 2354 1980 2421 dolentes,
2017 2355 2087 2409 ab

487 2470 683 2510 eorum
712 2452 990 2523 capitibus
1016 2451 1257 2506 hominis
1280 2450 1517 2518 injurias
1555 2448 1970 2518 prepulsarent.
2003 2446 2089 2502 Ob

492 2549 599 2602 hoc
662 2546 853 2615 itaque
940 2542 1514 2605 commentabantur,
1591 2539 1871 2610 quomodo
1939 2539 2088 2594 inter

487 2635 790 2691 monachos
871 2633 1021 2688 litem
1099 2641 1159 2686 et
1212 2631 1612 2685 dissensionem
1678 2638 1951 2684 sererent.
2005 2629 2087 2682 Ac

487 2727 790 2782 Maearium
835 2726 1059 2795 quidem
1111 2723 1308 2778 Lauta:
1359 2721 1714 2794 praefectum,
1773 2722 2088 2792 metropoli-

490 2830 601 2876 tam
635 2818 1184 2874 Thessalonicensem
1204 2816 1584 2887 designantes,
1611 2831 1680 2871 eo
1708 2816 2088 2886 perduxerunt

489 2922 551 2966 ut
574 2928 684 2965 nou
729 2920 943 2966 tantum
986 2895 1210 2966 ab'aliis
1256 2908 1546 2962 monachis
1575 2907 1894 2973 dissideret,
1921 2905 2088 2979 m

487 3018 698 3074 eosque
733 3001 1210 3058 Cautacuzenismi
1283 3011 1540 3072 argueret
1600 3000 1754 3074 (quia
1812 3001 2080 3055 nimirum

2190 523 2293 575 ραν
2321 526 2334 537 ·
2370 507 2446 570 ὡς
2499 507 2566 560 ἂν
2595 511 2660 578 τῇ
2693 508 2981 563 διαστάσει
3026 509 3136 562 τῶν
3179 509 3452 578 σωμάτων
3517 511 3608 563 καὶ
3651 515 3761 573 ταῖς

2185 598 2439 668 γνώμαις
2465 599 2793 664 διαστῶσιν,
2831 603 3164 669 ὑποσχέσεσι
3189 604 3285 656 καὶ
3313 603 3494 667 λόγοις
3531 603 3764 672 ίδίᾳὲκαο

2188 709 2315 754 στος
2343 691 2766 764 διαφθαρέντες.
2801 694 3082 765 Ἑτρίὸετο
3119 675 3341 765 μὲνόὖν
3367 696 3394 748 ὁ
3434 695 3642 763 χρόνος,
3675 697 3761 749 καὶ

2185 783 2413 854 οὐδεμία
2447 785 2555 838 τῶν
2588 787 2902 854 εἰρημένων
2939 783 3004 855 ἦν
3037 790 3260 858 φροντὶς
3289 830 3302 852 ,
3337 789 3458 841 οὐδέ
3489 806 3569 850 τις
3611 788 3760 856 λόγος

2187 875 2401 942 ἐγίνετο
2444 875 2553 927 τῶν
2586 878 2858 946 μοναχεῦν.
2907 878 3143 930 Ἐκεῖνοι
3173 879 3229 930 δὲ
3259 877 3498 945 ὁρῶντες
3527 877 3600 939 ὡς
3635 878 3764 946 μᾶλ-

2189 968 2282 1020 λον
2315 967 2499 1030 αὐτοῖς
2536 971 2784 1038 αἰρετέος
2840 973 2990 1022 ἐστὶν
3031 974 3058 1024 ὀ
3114 972 3376 1039 πόλεμος,
3430 973 3461 1040 ἢ
3494 975 3526 1040 ή
3553 973 3785 1042 εἰρήνη,

2189 1059 2332 1130 μετὰ
2375 1062 2436 1111 τὸ
2483 1061 2656 1113 πολλὰ
2702 1061 2966 1129 δεηθῆναι
3021 1063 3152 1133 περὶ
3197 1066 3387 1132 αιτῆς,
3449 1065 3573 1115 ἐπεὶ
3631 1063 3765 1134 πρὸς

2189 1151 2428 1220 σκήψεις
2496 1154 2594 1230 καὶ
2637 1155 2964 1222 προφάσεις,
3011 1158 3104 1206 καὶ
3166 1156 3320 1206 οὐδὲν
3375 1155 3531 1223 ὑγιὲς
3583 1155 3796 1227 ἑώρωνθ

2187 1245 2668 1310 καταφεύγοντας,
2727 1248 2827 1316 τὴν
2887 1249 3150 1301 ἐπάνοδον
3221 1249 3471 1319 ᾐτοῦντο.
3535 1250 3659 1311 Τοῖς
3713 1249 3766 1302 δὲ

2185 1336 2306 1389 οὐδὲ
2337 1337 2497 1390 τοῦτο
2534 1337 2841 1392 λυσιτελεῖν
2867 1342 3066 1399 ἐδόκει,
3101 1343 3242 1393 ὥστε
3275 1343 3620 1404 ἀπελθόντας
3647 1342 3766 1406 τοὺς

2189 1431 2480 1498 μοκιαχοῦς,
2507 1431 2697 1493 αὐτοῖς
2733 1433 2831 1501 μὲν
2853 1433 3168 1486 ἀνατιθέναι
3202 1436 3298 1504 τὴν
3328 1438 3516 1488 αἰτίαν
3549 1434 3641 1486 τοῦ
3673 1449 3766 1486 που

2189 1519 2382 1589 λέμου,
2430 1523 2883 1595 Καντακουζηνῷ
2940 1526 2995 1578 δὲ
3049 1526 3127 1596 τῷ
3189 1527 3406 1596 βασιλεῖ
3473 1528 3533 1578 τὸ
3568 1525 3763 1596 μᾶλλον

2187 1613 2466 1684 αἱρεῖσθαι
2528 1616 2627 1684 τὴν
2693 1617 2943 1688 εἰρήνην,
3009 1622 3102 1671 καὶ
3160 1619 3350 1674 δίκαια
3406 1619 3501 1672 καὶ
3567 1618 3769 1688 συμφέ-

2191 1724 2352 1775 ρονττ
2391 1709 2506 1770 τοῖς
2539 1713 2705 1761 πᾶσιν
2731 1711 2919 1773 ἀξιοῦν
2977 1713 3422 1781 συμμαρτυρεῖν.
3478 1709 3613 1763 Οὐδὲ
3664 1707 3767 1780 γὰρ

2195 1802 2394 1871 μέτριά
2448 1819 2570 1855 τινα
2624 1804 3040 1875 προστήσεσθαι
3099 1806 3285 1867 αὐτοῖς
3349 1801 3602 1873 ἐνόμιζον
3637 1803 3773 1872 πρὸς

2191 1893 2249 1944 τὸ
2280 1894 2404 1954 τοὺς
2434 1894 2643 1962 δήμους
2676 1897 3066 1968 ἐκταράττειν,
3125 1900 3216 1948 καὶ
3247 1897 3338 1950 τὸν
3386 1896 3626 1966 πόλεμον
3685 1912 3766 1948 κι-

2190 1987 2322 2038 νεῖν.
2389 1985 2740 2055 Ἐξεπίτηδες
2789 1990 2898 2057 γὰρ
2955 1987 3112 2041 αὐτοὶ
3154 1989 3349 2051 λάλους
3381 1989 3537 2051 τινὰς
3587 1987 3770 2042 καθίε-

2192 2095 2295 2130 σαν
2330 2080 2413 2142 εἰς
2443 2079 2544 2142 τὰς
2600 2079 2784 2141 πόλεις
2823 2080 3225 2151 κηρύττοντας,
3262 2080 3340 2149 ᾡς
3380 2081 3772 2147 Καντακουζη-

2190 2170 2278 2231 νδς
2311 2171 2422 2223 οὐδ’
2459 2171 2652 2242 άκροιε
2694 2155 2802 2224 (bat
2833 2173 2935 2238 try
2965 2174 3191 2243 εὲρήνην
3220 2174 3602 2244 παραδέχοιτο,
3641 2172 3774 2225 ἀλλὰ

2189 2259 2257 2312 τὰ
2296 2259 2583 2313 δεινότατα
2614 2262 2742 2320 τοὺς
2773 2259 3041 2328 βασιλέως
3075 2261 3272 2324 παῖδας
3303 2262 3584 2331 διαθήσειν
3617 2261 3772 2313 άπει·

2189 2346 2293 2410 λεῖ,
2323 2349 2370 2398 εἰ
2403 2346 2750 2415 περιγένοιτο
2786 2351 2842 2400 εν
2872 2346 2949 2416 τῷ
2981 2348 3230 2419 πολέμῳ,
3269 2350 3367 2402 καὶ
3396 2349 3525 2410 τοὺς
3553 2347 3768 2410 ἄλλους,

2189 2441 2306 2492 ὅσοι
2335 2439 2525 2492 δίκαια
2572 2439 2854 2501 ποιοῦντες
2910 2442 3106 2510 ἐκείνῳ
3147 2441 3604 2510 πεπολεμήκασιν
3637 2439 3771 2510 ὑπὲρ

2191 2533 2394 2586 αὐτῶν.
2451 2532 2815 2604 Παρεκάλουν
2851 2550 2908 2585 τε
2949 2535 3074 2596 τοὺς
3106 2534 3314 2602 δήμους
3350 2535 3490 2604 ὑπὲρ
3520 2533 3630 2584 τῶν
3676 2533 3770 2601 βα-

2196 2624 2394 2686 σιλέως
2432 2624 2640 2677 παίδων
2674 2623 2930 2694 ὀρφανῶν
2958 2623 3130 2676 ὄντων
3166 2625 3375 2692 πατρὸς
3415 2627 3764 2689 ἀγανακτεῖν,

2189 2718 2286 2770 καὶ
2316 2715 2634 2786 ἀμύνεσθαι
2697 2717 2786 2769 τὸν
2827 2717 3139 2772 ἀδικοῦντα.
3177 2710 3252 2769 Οὔ
3305 2717 3371 2786 δὴ
3419 2716 3590 2772 ἕνεκα
3621 2716 3760 2771 ἐσκέ-

2187 2809 2360 2879 ψαντο
2421 2809 2764 2880 συγκρούειν
2819 2809 2958 2879 πρὸς
3023 2811 3256 2872 ἑαυτοὺς
3305 2810 3433 2873 τοὺς
3488 2807 3758 2880 μοναχούς.

2193 2904 2293 2954 lia"
2333 2903 2627 2971 Μακάριον
2662 2904 2762 2973 μὲν
2795 2904 2886 2956 τὸν
2926 2904 3147 2973 Λαύρας
3183 2903 3518 2973 ἡγούμενον,
3573 2904 3767 2956 Θεσσα-

2187 2995 2414 3066 λονίκης
2466 2998 2886 3068 μητροπολίτην
2955 2997 3362 3062 ἀποδείξαντες,
3431 2997 3658 3050 ἔπεισαν
3707 2992 3766 3046 οὐ

489 3095 728 3151 amicum
749 3095 820 3150 ob
854 3093 1339 3161 armalcomtnunia
1372 3093 1622 3163 periculo
1659 3093 2077 3148 conﬂictautem

2191 3089 2322 3161 πρὸς
2352 3093 2476 3154 τοὺς
2519 3090 2715 3155 ἄλλους
2765 3095 2927 3164 μόνον
2969 3091 3309 3161 διενεχθῆναι
3337 3092 3632 3162 μοναχοὺς,
3681 3086 3770 3141 καὶ

489 3183 810 3249 intuentes,
866 3195 923 3239 et
975 3186 1154 3239 zelum
1217 3185 1526 3254 meliusque
1559 3185 1850 3239 consilium
1892 3183 2086 3251 praefe-

490 3289 682 3333 rentes
703 3279 753 3331 ei
789 3277 869 3331 sic
899 3277 1228 3346 opitulatum
1263 3276 1568 3346 venirent),
1600 3292 1793 3330 verum
1823 3275 1988 3329 etiam
2025 3283 2086 3328 ut

489 3368 712 3437 probris
742 3367 930 3420 multis
971 3367 1366 3434 imperatorem
1407 3365 1856 3420 Cantacuzenutn
1893 3364 2084 3417 inces-

489 3467 663 3522 seret,
724 3471 826 3510 nec
866 3471 925 3509 se
959 3457 1030 3509 ab
1083 3455 1220 3524 ipsis
1263 3455 1596 3522 conspiratis
1634 3453 1994 3506 amarulentia
2030 3454 2084 3505 in

497 3550 654 3603 illum
686 3548 833 3601 vinci
876 3557 1181 3618 pateretur.
1241 3545 1397 3600 Unde
1427 3556 1485 3601 et
1523 3545 1930 3600 Thessalonicae
1958 3560 2085 3599 cum

489 3643 602 3716 jam
637 3650 808 3705 esset,
840 3642 1052 3695 nullum
1083 3650 1204 3694 erat
1245 3640 1320 3693 ibi
1373 3649 1482 3694 tam
1517 3639 1701 3694 nobile
1755 3639 2087 3694 crudelitate

491 3745 550 3790 et
581 3735 828 3804 nequitia
869 3733 1054 3787 scelus
1093 3742 1220 3786 ante
1255 3742 1654 3802 perpetratum,
1685 3733 1774 3787 cui
1804 3735 1917 3804 ipse
1975 3747 2083 3787 non

492 3843 592 3899 par
615 3827 841 3881 faceret.
876 3825 1142 3879 lsaacium
1170 3839 1323 3887 vero,
1365 3825 1462 3893 qui
1503 3825 1756 3879 ordinem
1815 3824 2080 3892 ducebat,

493 3917 561 3971 ad
604 3916 997 3970 monasterium
1035 3917 1194 3970 Petra
1249 3914 1460 3970 dictum
1518 3916 1896 3970 condemnant
1936 3932 1950 3969 :
1987 3917 2084 3982 ita,

495 4019 557 4064 ut
613 4025 644 4063 a
697 4009 920 4062 nemine
971 4008 1392 4074 conveniretur,
1442 4008 1590 4062 nulla
1652 4017 1834 4062 tamen
1899 4022 1957 4061 re
2017 4005 2085 4060 ad

495 4101 802 4156 curandum
830 4116 1033 4171 corpus
1059 4103 1370 4155 necessaria
1411 4109 1625 4169 egeret.
1654 4099 1881 4165 Sabam,
1937 4097 2086 4169 quod

495 4196 703 4247 virtute
753 4195 972 4247 caneris
1023 4201 1350 4258 antestaret,
1422 4202 1681 4269 essetque
1736 4191 2086 4262 imperatoris

497 4283 744 4338 amicitia
801 4284 1148 4348 notissimus,
1191 4293 1248 4338 et
1295 4284 1363 4338 ab
1405 4284 1541 4353 ipsis
1587 4283 1769 4338 facere
1803 4284 1996 4348 nollet,
2030 4283 2087 4337 in

497 4377 606 4431 alio
665 4378 1024 4443 monasterio,
1081 4378 1264 4432 Chora
1325 4377 1605 4447 appellato
1673 4391 1918 4438 manere.
1981 4391 2087 4431 nec

2189 3181 2762 3252 Καντακουζηνισμὺν
2808 3183 2991 3234 αὐτῶν
3027 3185 3385 3254 κατηγορεῖν,
3451 3185 3533 3237 ὅτι
3569 3183 3633 3250 δὴ
3683 3179 3770 3232 τὸν

2189 3277 2344 3345 φίλον
2368 3276 2606 3344 ὁρῶντες
2634 3274 2962 3328 ἀπολεῖσθαι
3005 3275 3111 3326 ὑπὸ
3144 3274 3239 3326 τοῦ
3299 3275 3494 3328 κοινοῦ
3543 3272 3770 3342 πολέμου

2190 3369 2600 3430 κινδυνεύοντα,
2636 3370 2691 3420 ὲν
2715 3369 2882 3438 ζήλου
2925 3369 3096 3438 μοίρᾳ
3131 3369 3227 3421 καὶ
3259 3371 3359 3438 τῆς
3390 3371 3540 3441 πρὸς
3568 3371 3636 3422 τὰ
3661 3368 3772 3438 βελο

2189 3462 2291 3514 τίω
2316 3462 2641 3532 συμϐουλῆς
2696 3463 2926 3533 ἥκουσιν
2973 3463 3170 3532 ὲκεί-νῳ
3207 3463 3608 3534 βοηθήσοντες,
3646 3462 3774 3516 ἀλλὰ

2189 3554 2287 3608 καὶ
2315 3553 2584 3625 βασιλέως
2619 3555 2820 3619 πολλὰς
2840 3559 3136 3627 καταχέειν
3169 3557 3478 3625 λο;δορίας,
3511 3557 3604 3609 καὶ
3632 3554 3774 3608 οὐδὲν

2189 3646 2422 3699 ἐκείνων
2452 3646 2851 3700 ἀπελείπεσθαι
2883 3647 2980 3718 τὴν
3016 3651 3096 3710 εἰς
3135 3649 3297 3700 αὑτὸν
3330 3665 3432 3699 πικ
3449 3650 3590 3720 ρίαν.
3627 3647 3778 3700 Ὅθεν

2192 3739 2288 3790 καὶ
2322 3739 2619 3808 γενόμενος
2651 3741 2708 3792 ὲν
2765 3739 3140 3810 Θεσσαλονίκῃ
3197 3738 3411 3802 οὐδενὸς
3455 3742 3563 3794 τῶν
3605 3740 3775 3794 ἐκεῖσε

2189 3832 2576 3902 τολμηθέντων
2601 3835 2695 3884 ἐπὶ
2722 3832 2967 3902 ὠμότητι
2999 3835 3094 3884 καὶ
3131 3832 3369 3902 πονηρία
3419 3832 3777 3903 βεόοημένων

2209 3928 2566 3979 ἀπελείπετο.
2605 3926 2828 3996 Πρῶτον
2859 3926 2936 3992 δὲ,
2971 3927 3030 3979 έν
3067 3927 3154 3996 τῇ·
3195 3928 3332 3996 μονῇ
3393 3931 3466 3999 τῇ
3509 3942 3772 3997 προσαγοο

2192 4020 2469 4092 ρευομένῃ
2499 4021 2680 4090 Πέτρᾳ
2709 4020 2972 4089 ἀπρόῖτον
3006 4019 3191 4090 μένειν
3222 4019 3616 4087 κατεδίκασαν,
3644 4037 3769 4092 προ-

2190 4113 2338 4177 νοίας
2369 4113 2468 4183 τῆς
2502 4113 2583 4176 είς
2611 4113 2670 4164 τὸ
2706 4111 2866 4180 σῶμα
2901 4111 3295 4182 προσηκούσης
3331 4111 3597 4184 οὐδεμιᾶς
3638 4116 3767 4167 ἀπο-

2193 4205 2589 4274 στερήσαντες.
2655 4204 2854 4258 Σαϐὰν,
2889 4203 2946 4256 δὲ
3010 4203 3098 4255 διὰ
3137 4205 3198 4254 τὸ
3221 4205 3394 4276 ἀρετῇ
3433 4206 3543 4260 τῶν
3603 4203 3768 4260 ἄλλων

2193 4296 2507 4366 ὑπερέχειν,
2557 4295 2653 4348 καὶ
2688 4295 3121 4366 γνωριμώτατον
3171 4295 3279 4348 τῶν
3309 4295 3580 4366 βασιλέως
3606 4297 3768 4366 φίλων

2193 4383 2356 4451 εἶναι,
2384 4388 2508 4441 ἐπεὶ
2547 4389 2621 4456 μὴ
2651 4389 2986 4456 συμφρονεῖν
3021 4386 3206 4447 αὐτοῖς
3243 4385 3527 4451 ἐϐούλετο,
3563 4390 3620 4439 ἐν
3667 4383 3770 4437 Lt-

497 4484 624 4523 eum
681 4485 710 4522 a
759 4485 1037 4539 quoquam
1093 4468 1236 4522 adiri
1304 4467 1694 4522 decreverunt.
1733 4468 1907 4533 Quem
1954 4483 2079 4522 cum

2196 4478 2275 4548 pst
2307 4470 2467 4547 ’μονῇ
2510 4453 2575 4544 τῇ
2612 4453 2825 4542 νΧωρᾳν
2861 4472 3388 4544 προσαγορευομένῃ
3449 4475 3633 4542 μένειν
3679 4469 3768 4523 καὶ

499 4563 694 4616 sedulo
729 4577 924 4615 curare
983 4560 1221 4624 vellent,
1287 4573 1398 4612 non
1435 4559 1560 4612 tulit
1594 4575 1610 4612 :
1646 4559 1793 4628 quod
1849 4558 2082 4625 diceret,

500 4653 752 4721 iniquum
789 4667 910 4706 esse
965 4652 1036 4705 ab
1092 4652 1160 4705 iis
1221 4651 1312 4722 qui
1371 4653 1424 4705 in
1478 4662 1629 4706 catae
1681 4661 1738 4706 et
1815 4653 2086 4724 sanguine

497 4746 839 4814 voluptatem
912 4744 1226 4808 haberent,
1285 4743 1586 4813 quidquam
1623 4744 1902 4813 accipere.
1967 4744 2082 4800 Hoc

500 4846 680 4891 autem
713 4835 830 4890 solo
853 4837 1025 4903 dieto,
1069 4852 1230 4906 quem
1283 4837 1428 4891 Deus
1479 4845 1752 4902 tueretur,
1781 4837 1929 4891 nulla
1955 4852 2083 4891 eum

502 4929 760 4982 machina
789 4927 856 4980 ab
898 4927 1010 4982 ullo
1043 4928 1360 4981 mortalium
1395 4942 1555 4997 posse
1605 4927 1874 4991 interimi,
1927 4927 2086 4982 dein-

499 5039 631 5092 ceps
667 5024 857 5077 tacuit.
905 5023 1135 5078 (laeteris
1186 5037 1354 5092 porro
1391 5022 1672 5089 omnibus,
1706 5031 1767 5076 ut
1792 5036 1906 5075 non
1940 5019 2080 5075 tanti

499 5114 860 5180 restimandis,
901 5113 969 5169 ad
1019 5115 1355 5169 monasteria
1405 5130 1505 5170 sua
1537 5114 1914 5170 reversionem
1947 5127 2080 5166 eon-

499 5215 809 5272 cesseruut.
836 5206 1193 5278 Legatiouem
1222 5208 1522 5262 monachor
1542 5223 1633 5261 um
1666 5206 1978 5278 patriarcha
2027 5213 2086 5260 et

501 5295 778 5364 conjurati
832 5297 901 5350 ad
955 5299 1099 5352 hunc
1130 5297 1353 5352 modum
1391 5309 1758 5368 exceperunt.
1812 5297 2087 5350 Cantaeu-

501 5401 691 5450 aeuus,
723 5397 1010 5458 postquam
1045 5388 1296 5444 Batatzes
1327 5390 1601 5461 legatione
1631 5389 1700 5442 de
1739 5403 1896 5458 pace,
1932 5396 2085 5441 metu

499 5493 697 5532 eorum
722 5479 814 5547 qui
842 5479 1165 5550 regnabant,
1184 5480 1333 5550 fungi
1362 5479 1666 5550 pertimuit,
1688 5480 1754 5532 ad
1775 5478 2083 5532 exercitum

502 5571 696 5634 rediit;
729 5571 821 5624 ubi
847 5576 1080 5627 reduces
1107 5573 1344 5638 invenit,
1387 5587 1528 5642 quos
1577 5587 1755 5640 nuper
1801 5571 1864 5624 ad
1895 5579 2086 5641 proto-

501 5671 795 5716 stratorem
857 5664 1108 5729 miserat,
1189 5664 1552 5728 nuntiantes,
1613 5661 1828 5717 veniret
1915 5679 2081 5733 quam

501 5752 871 5821 maturrime,
931 5757 1116 5810 omnia
1183 5770 1213 5808 ιι
1273 5764 1672 5825 protostratore
1742 5753 1854 5809 illic
1941 5755 2082 5813 bene

2194 4569 2358 4620 αὐτὸν
2384 4567 2724 4635 ἐψηφίσαντο
2751 4566 3034 4634 ἁπρόῖτον.
3058 4563 3414 4633 Βουλομένων
3443 4567 3500 4620 δὲ
3531 4567 3624 4619 καὶ
3645 4579 3772 4634 προ⁹

2193 4659 2340 4721 νοίας
2401 4658 2594 4720 ἀξιοῦν
2650 4655 2876 4724 πολλῆς,
2939 4654 3002 4706 οὐ
3057 4655 3430 4722 κατεδέξατο·
3471 4659 3548 4728 μὴ
3569 4657 3766 4710 δίκαιον

2195 4749 2338 4805 εἶναι
2376 4752 2608 4817 φάσκων
2639 4749 2703 4800 ὲκ
2733 4748 2840 4800 τῶν
2871 4747 3070 4816 αἵμασι
3107 4751 3201 4799 καὶ
3231 4750 3417 4816 φόνοις
3468 4748 3767 4820 χαιρόντων

2192 4864 2246 4898 τι
2279 4846 2490 4899 λαϐεῖν.
2523 4845 2697 4896 Τοῦτο
2717 4843 2774 4895 δὲ
2810 4843 2974 4910 μόνον
3014 4842 3208 4907 εἰπὼν,
3236 4843 3312 4904 ὼς
3341 4846 3432 4898 τὸν
3482 4845 3588 4898 ὑπὸ
3638 4839 3766 4896 Θεοῦ

2195 4935 2606 5002 φρουρούμενον
2661 4932 2891 5002 οὐδεμιᾷ
2923 4949 3031 4984 τινι
3085 4937 3306 5004 μηχανῇ
3367 4934 3596 4988 δυνατὸν
3663 4932 3762 4984 ὑπο

2195 5025 2415 5086 οὐδενὸς
2459 5022 2850 5092 διαφθαρῆναι,
2887 5024 3124 5094 ἡσυχίαν
3181 5023 3303 5094 ἦγε.
3358 5026 3483 5088 Τοῖς
3521 5026 3568 5080 δ’
3593 5025 3767 5081 ἄλλοις

2193 5115 2402 5169 ἅπασιν
2437 5116 2498 5167 οὑ
2553 5115 2792 5184 μάλιστα
2847 5115 3154 5184 ἀξιολόγοις
3211 5117 3355 5182 οὖσι,
3420 5118 3519 5188 τήν
3549 5118 3629 5178 είς
3673 5112 3769 5174 τὰς

2197 5207 2332 5269 ἰδίας
2364 5209 2535 5275 μονὰς
2570 5208 2879 5277 ἐπέτρεπον
2913 5209 3199 5263 ἐπάνοδον.
3235 5209 3372 5281 Περὶ
3409 5210 3510 5280 μὲν
3555 5205 3647 5261 οὖν
3673 5206 3766 5275 τὴν

2192 5298 2303 5350 τῶν
2357 5298 2610 5368 μοναχῶν
2662 5298 2992 5368 πρεσϐείαν,
3035 5299 3253 5353 τοιοῦτα
3311 5301 3632 5371 πατριάρχῃ
3676 5297 3766 5350 καὶ

2193 5391 2306 5450 τοῖς
2333 5389 2674 5458 συνομόταις
2709 5388 2967 5444 ἐτελεῖτο.
3000 5391 3268 5456 Βασιλεὺς
3322 5393 3377 5446 δὲ
3408 5395 3436 5446 ὁ
3462 5393 3766 5445 Καπακου-

2194 5483 2380 5551 ζηνὸς,
2409 5483 2484 5544 ὠς
2513 5483 2612 5552 τὴν
2651 5482 2788 5551 ὑπὲρ
2819 5483 2917 5552 τῆς
2942 5485 3488 5556 εἰρήνηςγπρεσϐείαν
3519 5487 3547 5537 ό
3569 5481 3766 5535 Bassi:-

2195 5577 2289 5646 ζη,
2328 5575 2437 5628 δέει
2469 5565 2580 5626 τῶν
2632 5575 2700 5626 τὰ
2741 5576 3045 5646 πράγματα
3089 5579 3370 5647 ἀρχόντων
3404 5575 3764 5645 ἀπηγόρευεν,

2194 5671 2270 5730 εἰς
2311 5667 2369 5716 το
2405 5647 2788 5734 στρατόπεδον.
2806 5667 3085 5736 ἐπανῆκεν
3108 5685 3124 5702 ο
3162 5663 3286 5739 εὗρε
3318 5669 3374 5722 δὲ
3412 5667 3476 5719 ὲκ
3508 5665 3765 5740 Θεσσαλο-

2201 5758 2354 5826 νίκης
2387 5755 2728 5825 ἀφιγμένους
2769 5755 2864 5821 οὓς
2921 5761 3085 5822 αὐτὸς
3116 5762 3286 5834 ὀλίγῳ
3332 5763 3607 5836 πρότερον
3640 5757 3762 5828 πρὸς
