  <div class='ocr_page' id='page_1' title='image "/cluster/home/n/w/nwhite01/storage/ocr_20150623/153:no.1/coo.31924054870583/462.png"; bbox 0 0 4054 6420; ppageno 0'>
   <div class='ocr_carea' id='block_1_1' title="bbox 372 335 480 399">
    <p class='ocr_par' dir='ltr' id='par_1_1' title="bbox 372 335 480 399">
     <span class='ocr_line' id='line_1_1' title="bbox 372 335 480 399; baseline -0.019 -1"><span class='ocrx_word' id='word_1_1' title='bbox 372 335 480 399; x_wconf 57' lang='lat' dir='ltr'><strong>9i‘t5</strong></span> 
     </span>
    </p>
   </div>
   <div class='ocr_carea' id='block_1_2' title="bbox 1521 322 2494 398">
    <p class='ocr_par' dir='ltr' id='par_1_2' title="bbox 1521 322 2494 398">
     <span class='ocr_line' id='line_1_2' title="bbox 1521 322 2494 398; baseline 0 -1"><span class='ocrx_word' id='word_1_2' title='bbox 1521 337 2062 398; x_wconf 71' lang='lat' dir='ltr'><strong>HISTORIARUM</strong></span> <span class='ocrx_word' id='word_1_3' title='bbox 2102 335 2336 397; x_wconf 67' lang='lat' dir='ltr'><strong>Linea</strong></span> <span class='ocrx_word' id='word_1_4' title='bbox 2376 322 2494 397; x_wconf 74' lang='lat' dir='ltr'><strong>ut.</strong></span> 
     </span>
    </p>
   </div>
   <div class='ocr_carea' id='block_1_3' title="bbox 3530 334 3637 405">
    <p class='ocr_par' dir='ltr' id='par_1_3' title="bbox 3530 334 3637 405">
     <span class='ocr_line' id='line_1_3' title="bbox 3530 334 3637 405; baseline 0.019 -1"><span class='ocrx_word' id='word_1_5' title='bbox 3530 334 3637 405; x_wconf 75' lang='lat'><strong>906</strong></span> 
     </span>
    </p>
   </div>
   <div class='ocr_carea' id='block_1_4' title="bbox 376 439 1949 520">
    <p class='ocr_par' dir='ltr' id='par_1_4' title="bbox 376 439 1949 518">
     <span class='ocr_line' id='line_1_4' title="bbox 376 439 1949 518; baseline 0.001 -19"><span class='ocrx_word' id='word_1_6' title='bbox 376 447 846 518; x_wconf 79' lang='grc' dir='ltr'>πρωτοστράτορα</span> <span class='ocrx_word' id='word_1_7' title='bbox 902 445 1127 517; x_wconf 75' lang='grc' dir='ltr'>πέμψας</span> <span class='ocrx_word' id='word_1_8' title='bbox 1178 439 1276 517; x_wconf 79' lang='grc' dir='ltr'><strong>ἦν,</strong></span> <span class='ocrx_word' id='word_1_9' title='bbox 1340 445 1499 517; x_wconf 74' lang='grc' dir='ltr'>ἥκειν</span> <span class='ocrx_word' id='word_1_10' title='bbox 1522 448 1630 516; x_wconf 81' lang='grc' dir='ltr'>’τὴν</span> <span class='ocrx_word' id='word_1_11' title='bbox 1688 449 1949 518; x_wconf 73' lang='grc' dir='ltr'><strong>ταχίστην</strong></span> 
     </span>
    </p>
   </div>
   <div class='ocr_carea' id='block_1_5' title="bbox 2057 439 3642 520">
    <p class='ocr_par' dir='ltr' id='par_1_5' title="bbox 2060 446 3642 520">
     <span class='ocr_line' id='line_1_5' title="bbox 2060 446 3642 520; baseline 0.005 -18"><span class='ocrx_word' id='word_1_12' title='bbox 2060 446 2463 502; x_wconf 72' lang='lat' dir='ltr'><strong>administrari.</strong></span> <span class='ocrx_word' id='word_1_13' title='bbox 2504 447 2580 502; x_wconf 78' lang='lat' dir='ltr'><strong>Ne</strong></span> <span class='ocrx_word' id='word_1_14' title='bbox 2633 446 2932 514; x_wconf 80' lang='lat' dir='ltr'><strong>imperator</strong></span> <span class='ocrx_word' id='word_1_15' title='bbox 2975 450 3193 520; x_wconf 85' lang='lat' dir='ltr'><strong>quidem</strong></span> <span class='ocrx_word' id='word_1_16' title='bbox 3236 453 3642 520; x_wconf 87' lang='lat' dir='ltr'><strong>cunctandum,</strong></span> 
     </span>
    </p>
   </div>
   <div class='ocr_carea' id='block_1_6' title="bbox 370 540 1949 610">
    <p class='ocr_par' dir='ltr' id='par_1_6' title="bbox 370 540 1949 610">
     <span class='ocr_line' id='line_1_6' title="bbox 370 540 1949 610; baseline 0 -16"><span class='ocrx_word' id='word_1_17' title='bbox 370 540 846 609; x_wconf 82' lang='grc' dir='ltr'>ἀπαγγέλλοντας,</span> <span class='ocrx_word' id='word_1_18' title='bbox 883 540 957 603; x_wconf 81' lang='grc' dir='ltr'><strong>ὡς</strong></span> <span class='ocrx_word' id='word_1_19' title='bbox 983 540 1093 594; x_wconf 87' lang='grc' dir='ltr'><strong>τῶν</strong></span> <span class='ocrx_word' id='word_1_20' title='bbox 1130 541 1310 595; x_wconf 78' lang='grc' dir='ltr'>ἐκεῖσε</span> <span class='ocrx_word' id='word_1_21' title='bbox 1346 540 1566 594; x_wconf 83' lang='grc' dir='ltr'>πάντων</span> <span class='ocrx_word' id='word_1_22' title='bbox 1596 542 1704 595; x_wconf 79' lang='grc' dir='ltr'>ὑπὸ</span> <span class='ocrx_word' id='word_1_23' title='bbox 1729 558 1949 610; x_wconf 79' lang='grc' dir='ltr'>πρωτο-</span> 
     </span>
    </p>
   </div>
   <div class='ocr_carea' id='block_1_7' title="bbox 372 630 1950 703">
    <p class='ocr_par' dir='ltr' id='par_1_7' title="bbox 372 630 1950 703">
     <span class='ocr_line' id='line_1_7' title="bbox 372 630 1950 703; baseline 0.002 -17"><span class='ocrx_word' id='word_1_24' title='bbox 372 632 680 703; x_wconf 62' lang='grc' dir='ltr'>ϋτράτορος</span> <span class='ocrx_word' id='word_1_25' title='bbox 713 631 897 695; x_wconf 81' lang='grc' dir='ltr'>καλῶς</span> <span class='ocrx_word' id='word_1_26' title='bbox 929 632 1312 703; x_wconf 80' lang='grc' dir='ltr'><strong>διῳκημένων.</strong></span> <span class='ocrx_word' id='word_1_27' title='bbox 1356 634 1565 688; x_wconf 82' lang='grc' dir='ltr'>Ἐδόκει</span> <span class='ocrx_word' id='word_1_28' title='bbox 1601 635 1699 701; x_wconf 79' lang='grc' dir='ltr'><strong>μὲν</strong></span> <span class='ocrx_word' id='word_1_29' title='bbox 1730 630 1824 689; x_wconf 79' lang='grc' dir='ltr'>οὖν</span> <span class='ocrx_word' id='word_1_30' title='bbox 1855 638 1950 689; x_wconf 71' lang='grc' dir='ltr'><strong>καὶ</strong></span> 
     </span>
    </p>
   </div>
   <div class='ocr_carea' id='block_1_8' title="bbox 369 723 1950 797">
    <p class='ocr_par' dir='ltr' id='par_1_8' title="bbox 369 723 1950 797">
     <span class='ocr_line' id='line_1_8' title="bbox 369 723 1950 797; baseline 0.003 -21"><span class='ocrx_word' id='word_1_31' title='bbox 369 723 584 793; x_wconf 83' lang='grc' dir='ltr'>βασιλεῖ</span> <span class='ocrx_word' id='word_1_32' title='bbox 636 724 711 793; x_wconf 82' lang='grc' dir='ltr'><strong>μὴ</strong></span> <span class='ocrx_word' id='word_1_33' title='bbox 749 723 970 792; x_wconf 79' lang='grc' dir='ltr'><strong>μέλλειν</strong></span> <span class='ocrx_word' id='word_1_34' title='bbox 1008 726 1141 788; x_wconf 83' lang='grc' dir='ltr'>δεῖν,</span> <span class='ocrx_word' id='word_1_35' title='bbox 1193 724 1330 778; x_wconf 76' lang='grc' dir='ltr'><strong>ἀλλὰ</strong></span> <span class='ocrx_word' id='word_1_36' title='bbox 1364 727 1502 796; x_wconf 80' lang='grc' dir='ltr'>πρὸς</span> <span class='ocrx_word' id='word_1_37' title='bbox 1543 727 1950 797; x_wconf 72' lang='grc' dir='ltr'><strong>Θεσσαλονίκην</strong></span> 
     </span>
    </p>
   </div>
   <div class='ocr_carea' id='block_1_9' title="bbox 368 802 1953 890">
    <p class='ocr_par' dir='ltr' id='par_1_9' title="bbox 368 802 1953 890">
     <span class='ocr_line' id='line_1_9' title="bbox 368 802 1953 890; baseline 0.003 -22"><span class='ocrx_word' id='word_1_38' title='bbox 368 816 688 884; x_wconf 71' lang='grc' dir='ltr'>ἐπείγεσθαι</span> <span class='ocrx_word' id='word_1_39' title='bbox 721 816 887 870; x_wconf 78' lang='grc' dir='ltr'>οὖσαν</span> <span class='ocrx_word' id='word_1_40' title='bbox 923 802 1234 885; x_wconf 71' lang='grc' dir='ltr'>ἀναγκαίαν</span> <span class='ocrx_word' id='word_1_41' title='bbox 1256 836 1272 850; x_wconf 88' lang='grc'><strong>·</strong></span> <span class='ocrx_word' id='word_1_42' title='bbox 1306 819 1418 872; x_wconf 89' lang='grc' dir='ltr'><strong>τῶν</strong></span> <span class='ocrx_word' id='word_1_43' title='bbox 1452 820 1589 890; x_wconf 75' lang='grc' dir='ltr'>πρὸς</span> <span class='ocrx_word' id='word_1_44' title='bbox 1631 821 1730 890; x_wconf 82' lang='grc' dir='ltr'>τὴν</span> <span class='ocrx_word' id='word_1_45' title='bbox 1779 837 1953 890; x_wconf 82' lang='grc' dir='ltr'>τειχο-</span> 
     </span>
    </p>
   </div>
   <div class='ocr_carea' id='block_1_10' title="bbox 372 907 1947 981">
    <p class='ocr_par' dir='ltr' id='par_1_10' title="bbox 372 907 1947 981">
     <span class='ocr_line' id='line_1_10' title="bbox 372 907 1947 981; baseline 0.004 -24"><span class='ocrx_word' id='word_1_46' title='bbox 372 907 575 975; x_wconf 84' lang='grc' dir='ltr'>μαχίαν</span> <span class='ocrx_word' id='word_1_47' title='bbox 597 907 654 960; x_wconf 76' lang='grc' dir='ltr'>δὲ</span> <span class='ocrx_word' id='word_1_48' title='bbox 685 907 903 961; x_wconf 84' lang='grc' dir='ltr'>πάντων</span> <span class='ocrx_word' id='word_1_49' title='bbox 947 910 1052 979; x_wconf 76' lang='grc' dir='ltr'><strong>ἠδη</strong></span> <span class='ocrx_word' id='word_1_50' title='bbox 1090 911 1658 981; x_wconf 83' lang='grc' dir='ltr'>παρεσκευασμένων,</span> <span class='ocrx_word' id='word_1_51' title='bbox 1689 911 1947 964; x_wconf 82' lang='grc' dir='ltr'>ἐκέλευεν</span> 
     </span>
    </p>
   </div>
   <div class='ocr_carea' id='block_1_11' title="bbox 367 990 1950 1075">
    <p class='ocr_par' dir='ltr' id='par_1_11' title="bbox 367 990 1950 1075">
     <span class='ocr_line' id='line_1_11' title="bbox 367 990 1950 1075; baseline 0.005 -25"><span class='ocrx_word' id='word_1_52' title='bbox 367 1000 449 1062; x_wconf 82' lang='grc' dir='ltr'>εἰς</span> <span class='ocrx_word' id='word_1_53' title='bbox 484 999 579 1070; x_wconf 82' lang='grc' dir='ltr'>τὴν</span> <span class='ocrx_word' id='word_1_54' title='bbox 615 1000 916 1072; x_wconf 81' lang='grc' dir='ltr'>ὑστεραίαν</span> <span class='ocrx_word' id='word_1_55' title='bbox 950 1002 1066 1070; x_wconf 78' lang='grc' dir='ltr'>ἅμα</span> <span class='ocrx_word' id='word_1_56' title='bbox 1097 1003 1242 1075; x_wconf 76' lang='grc' dir='ltr'>πρωϊ</span> <span class='ocrx_word' id='word_1_57' title='bbox 1273 1004 1380 1057; x_wconf 85' lang='grc' dir='ltr'><strong>τῶν</strong></span> <span class='ocrx_word' id='word_1_58' title='bbox 1405 1003 1604 1073; x_wconf 80' lang='grc' dir='ltr'>τειχῶν</span> <span class='ocrx_word' id='word_1_59' title='bbox 1636 990 1950 1074; x_wconf 80' lang='grc' dir='ltr'>ἀποπειρα-</span> 
     </span>
    </p>
   </div>
   <div class='ocr_carea' id='block_1_12' title="bbox 370 1086 1948 1167">
    <p class='ocr_par' dir='ltr' id='par_1_12' title="bbox 370 1086 1948 1167">
     <span class='ocr_line' id='line_1_12' title="bbox 370 1086 1948 1167; baseline 0.003 -23"><span class='ocrx_word' id='word_1_60' title='bbox 370 1092 667 1159; x_wconf 75' lang='grc' dir='ltr'>σαμένους,</span> <span class='ocrx_word' id='word_1_61' title='bbox 703 1086 755 1145; x_wconf 83' lang='grc' dir='ltr'><strong>εί</strong></span> <span class='ocrx_word' id='word_1_62' title='bbox 792 1095 868 1165; x_wconf 78' lang='grc' dir='ltr'>μὴ</span> <span class='ocrx_word' id='word_1_63' title='bbox 901 1094 1151 1149; x_wconf 73' lang='grc' dir='ltr'>δύναιντο</span> <span class='ocrx_word' id='word_1_64' title='bbox 1186 1096 1670 1165; x_wconf 69' lang='grc' dir='ltr'>παραστήσασθαι,</span> <span class='ocrx_word' id='word_1_65' title='bbox 1726 1099 1789 1167; x_wconf 82' lang='grc' dir='ltr'>τῇ</span> <span class='ocrx_word' id='word_1_66' title='bbox 1828 1096 1948 1164; x_wconf 87' lang='grc' dir='ltr'>μετ’</span> 
     </span>
    </p>
   </div>
   <div class='ocr_carea' id='block_1_13' title="bbox 368 1183 1945 1260">
    <p class='ocr_par' dir='ltr' id='par_1_13' title="bbox 368 1183 1945 1260">
     <span class='ocr_line' id='line_1_13' title="bbox 368 1183 1945 1260; baseline 0.004 -23"><span class='ocrx_word' id='word_1_67' title='bbox 368 1183 563 1255; x_wconf 78' lang='grc' dir='ltr'>αὑτὴν,</span> <span class='ocrx_word' id='word_1_68' title='bbox 613 1185 713 1255; x_wconf 80' lang='grc' dir='ltr'>τῆς</span> <span class='ocrx_word' id='word_1_69' title='bbox 768 1188 849 1247; x_wconf 81' lang='grc' dir='ltr'><strong>είς</strong></span> <span class='ocrx_word' id='word_1_70' title='bbox 902 1187 1305 1257; x_wconf 77' lang='grc' dir='ltr'><strong>Θεσσαλονίκης</strong></span> <span class='ocrx_word' id='word_1_71' title='bbox 1354 1188 1577 1258; x_wconf 76' lang='grc' dir='ltr'>ἔχεσθαι</span> <span class='ocrx_word' id='word_1_72' title='bbox 1646 1189 1945 1260; x_wconf 76' lang='grc' dir='ltr'><strong>φερούσης.</strong></span> 
     </span>
    </p>
   </div>
   <div class='ocr_carea' id='block_1_14' title="bbox 369 1273 1954 1359">
    <p class='ocr_par' dir='ltr' id='par_1_14' title="bbox 369 1273 1954 1359">
     <span class='ocr_line' id='line_1_14' title="bbox 369 1273 1954 1359; baseline 0.005 -30"><span class='ocrx_word' id='word_1_73' title='bbox 369 1276 529 1359; x_wconf 67' lang='grc' dir='ltr'>Οὕτω</span> <span class='ocrx_word' id='word_1_74' title='bbox 565 1277 667 1347; x_wconf 78' lang='grc' dir='ltr'><strong>μὲν</strong></span> <span class='ocrx_word' id='word_1_75' title='bbox 695 1273 795 1331; x_wconf 77' lang='grc' dir='ltr'>οὖν</span> <span class='ocrx_word' id='word_1_76' title='bbox 816 1279 1086 1340; x_wconf 76' lang='grc' dir='ltr'>ἐδέδοκτο.</span> <span class='ocrx_word' id='word_1_77' title='bbox 1114 1281 1224 1335; x_wconf 75' lang='grc' dir='ltr'>Καὶ</span> <span class='ocrx_word' id='word_1_78' title='bbox 1261 1282 1376 1351; x_wconf 64' lang='grc' dir='ltr'>ἅμα</span> <span class='ocrx_word' id='word_1_79' title='bbox 1411 1283 1559 1352; x_wconf 76' lang='grc' dir='ltr'>πρωῒ</span> <span class='ocrx_word' id='word_1_80' title='bbox 1581 1283 1637 1347; x_wconf 71' lang='grc' dir='ltr'>ἐς</span> <span class='ocrx_word' id='word_1_81' title='bbox 1671 1284 1772 1354; x_wconf 83' lang='grc' dir='ltr'><strong>τὴν</strong></span> <span class='ocrx_word' id='word_1_82' title='bbox 1793 1285 1954 1337; x_wconf 80' lang='grc' dir='ltr'>ὑστε-</span> 
     </span>
    </p>
   </div>
   <div class='ocr_carea' id='block_1_15' title="bbox 375 1368 1953 1444">
    <p class='ocr_par' dir='ltr' id='par_1_15' title="bbox 375 1368 1953 1444">
     <span class='ocr_line' id='line_1_15' title="bbox 375 1368 1953 1444; baseline 0.004 -24"><span class='ocrx_word' id='word_1_83' title='bbox 375 1368 538 1438; x_wconf 87' lang='grc' dir='ltr'>ραίαν</span> <span class='ocrx_word' id='word_1_84' title='bbox 566 1369 948 1439; x_wconf 79' lang='grc' dir='ltr'><strong>ὁπλισάμενοι,</strong></span> <span class='ocrx_word' id='word_1_85' title='bbox 985 1368 1327 1442; x_wconf 86' lang='grc' dir='ltr'>προσέϐαλον</span> <span class='ocrx_word' id='word_1_86' title='bbox 1364 1374 1477 1431; x_wconf 77' lang='grc' dir='ltr'>τοῖς</span> <span class='ocrx_word' id='word_1_87' title='bbox 1503 1372 1709 1443; x_wconf 78' lang='grc' dir='ltr'>τείχεσι</span> <span class='ocrx_word' id='word_1_88' title='bbox 1740 1375 1953 1444; x_wconf 83' lang='grc' dir='ltr'>προσά-</span> 
     </span>
    </p>
   </div>
   <div class='ocr_carea' id='block_1_16' title="bbox 372 1454 1947 1537">
    <p class='ocr_par' dir='ltr' id='par_1_16' title="bbox 372 1454 1947 1537">
     <span class='ocr_line' id='line_1_16' title="bbox 372 1454 1947 1537; baseline 0.005 -24"><span class='ocrx_word' id='word_1_89' title='bbox 372 1477 561 1528; x_wconf 83' lang='grc' dir='ltr'>γοντες</span> <span class='ocrx_word' id='word_1_90' title='bbox 586 1462 683 1525; x_wconf 86' lang='grc' dir='ltr'>τὰς</span> <span class='ocrx_word' id='word_1_91' title='bbox 715 1464 993 1534; x_wconf 86' lang='grc' dir='ltr'>μηχανάς.</span> <span class='ocrx_word' id='word_1_92' title='bbox 1028 1466 1128 1520; x_wconf 85' lang='grc' dir='ltr'><strong>Διὰ</strong></span> <span class='ocrx_word' id='word_1_93' title='bbox 1157 1467 1340 1536; x_wconf 82' lang='grc' dir='ltr'>πάσης</span> <span class='ocrx_word' id='word_1_94' title='bbox 1370 1467 1427 1519; x_wconf 73' lang='grc' dir='ltr'>δὲ</span> <span class='ocrx_word' id='word_1_95' title='bbox 1464 1454 1682 1537; x_wconf 76' lang='grc' dir='ltr'>ἡμέρας</span> <span class='ocrx_word' id='word_1_96' title='bbox 1708 1466 1809 1536; x_wconf 81' lang='grc' dir='ltr'><strong>τῆς</strong></span> <span class='ocrx_word' id='word_1_97' title='bbox 1836 1484 1947 1521; x_wconf 85' lang='grc' dir='ltr'>τει-</span> 
     </span>
    </p>
   </div>
   <div class='ocr_carea' id='block_1_17' title="bbox 372 1554 1952 1629">
    <p class='ocr_par' dir='ltr' id='par_1_17' title="bbox 372 1554 1952 1629">
     <span class='ocr_line' id='line_1_17' title="bbox 372 1554 1952 1629; baseline 0.006 -24"><span class='ocrx_word' id='word_1_98' title='bbox 372 1554 646 1624; x_wconf 82' lang='grc' dir='ltr'>χομαχίας</span> <span class='ocrx_word' id='word_1_99' title='bbox 672 1557 1107 1627; x_wconf 84' lang='grc' dir='ltr'>καρτερωτάτης</span> <span class='ocrx_word' id='word_1_100' title='bbox 1140 1560 1547 1629; x_wconf 76' lang='grc' dir='ltr'><strong>γεγενημένης,</strong></span> <span class='ocrx_word' id='word_1_101' title='bbox 1598 1559 1802 1628; x_wconf 78' lang='grc' dir='ltr'>μικροῦ</span> <span class='ocrx_word' id='word_1_102' title='bbox 1853 1561 1952 1629; x_wconf 78' lang='grc' dir='ltr'>μὲν</span> 
     </span>
    </p>
   </div>
   <div class='ocr_carea' id='block_1_18' title="bbox 371 1646 1976 1721">
    <p class='ocr_par' dir='ltr' id='par_1_18' title="bbox 371 1646 1976 1721">
     <span class='ocr_line' id='line_1_18' title="bbox 371 1646 1976 1721; baseline 0.004 -23"><span class='ocrx_word' id='word_1_103' title='bbox 371 1646 592 1716; x_wconf 77' lang='grc' dir='ltr'>ἐδέησεν</span> <span class='ocrx_word' id='word_1_104' title='bbox 620 1648 848 1712; x_wconf 83' lang='grc' dir='ltr'>ἁλῶναι,</span> <span class='ocrx_word' id='word_1_105' title='bbox 879 1649 990 1702; x_wconf 88' lang='grc' dir='ltr'><strong>τῶν</strong></span> <span class='ocrx_word' id='word_1_106' title='bbox 1018 1667 1078 1703; x_wconf 88' lang='grc' dir='ltr'><strong>τε</strong></span> <span class='ocrx_word' id='word_1_107' title='bbox 1121 1650 1415 1721; x_wconf 82' lang='grc' dir='ltr'><strong>κλιμάκων</strong></span> <span class='ocrx_word' id='word_1_108' title='bbox 1442 1651 1976 1721; x_wconf 80' lang='grc' dir='ltr'>προσερεισθεισῶνο</span> 
     </span>
    </p>
   </div>
   <div class='ocr_carea' id='block_1_19' title="bbox 366 1738 1953 1816">
    <p class='ocr_par' dir='ltr' id='par_1_19' title="bbox 366 1738 1953 1816">
     <span class='ocr_line' id='line_1_19' title="bbox 366 1738 1953 1816; baseline 0.004 -25"><span class='ocrx_word' id='word_1_109' title='bbox 366 1738 481 1802; x_wconf 75' lang='grc' dir='ltr'>τοῖς</span> <span class='ocrx_word' id='word_1_110' title='bbox 513 1741 738 1810; x_wconf 80' lang='grc' dir='ltr'>τείχεσι,</span> <span class='ocrx_word' id='word_1_111' title='bbox 770 1743 864 1796; x_wconf 72' lang='grc' dir='ltr'>καὶ</span> <span class='ocrx_word' id='word_1_112' title='bbox 889 1743 1288 1815; x_wconf 82' lang='grc' dir='ltr'>μηχανήματός</span> <span class='ocrx_word' id='word_1_113' title='bbox 1318 1745 1463 1808; x_wconf 81' lang='grc' dir='ltr'>τινὸς</span> <span class='ocrx_word' id='word_1_114' title='bbox 1493 1746 1585 1801; x_wconf 79' lang='grc' dir='ltr'><strong>ὲπὶ</strong></span> <span class='ocrx_word' id='word_1_115' title='bbox 1614 1745 1828 1816; x_wconf 85' lang='grc' dir='ltr'>τροχῶν</span> <span class='ocrx_word' id='word_1_116' title='bbox 1863 1763 1953 1816; x_wconf 89' lang='grc' dir='ltr'>χε-</span> 
     </span>
    </p>
   </div>
   <div class='ocr_carea' id='block_1_20' title="bbox 2063 536 3647 602">
    <p class='ocr_par' dir='ltr' id='par_1_20' title="bbox 2063 536 3647 602">
     <span class='ocr_line' id='line_1_20' title="bbox 2063 536 3647 602; baseline 0.007 -11"><span class='ocrx_word' id='word_1_117' title='bbox 2063 537 2162 592; x_wconf 88' lang='lat' dir='ltr'><strong>sed</strong></span> <span class='ocrx_word' id='word_1_118' title='bbox 2187 536 2661 601; x_wconf 75' lang='lat' dir='ltr'><strong>Thessalonicam,</strong></span> <span class='ocrx_word' id='word_1_119' title='bbox 2699 547 2757 593; x_wconf 90' lang='lat' dir='ltr'><strong>ut</strong></span> <span class='ocrx_word' id='word_1_120' title='bbox 2792 539 2859 593; x_wconf 88' lang='lat' dir='ltr'><strong>ad</strong></span> <span class='ocrx_word' id='word_1_121' title='bbox 2893 540 3083 595; x_wconf 85' lang='lat' dir='ltr'><strong>urbem</strong></span> <span class='ocrx_word' id='word_1_122' title='bbox 3121 541 3345 597; x_wconf 76' lang='lat' dir='ltr'><strong>maximi</strong></span> <span class='ocrx_word' id='word_1_123' title='bbox 3376 547 3647 602; x_wconf 84' lang='lat' dir='ltr'><strong>momenti</strong></span> 
     </span>
    </p>
   </div>
   <div class='ocr_carea' id='block_1_21' title="bbox 2066 628 3647 702">
    <p class='ocr_par' dir='ltr' id='par_1_21' title="bbox 2066 628 3647 702">
     <span class='ocr_line' id='line_1_21' title="bbox 2066 628 3647 702; baseline 0.006 -19"><span class='ocrx_word' id='word_1_124' title='bbox 2066 628 2440 684; x_wconf 83' lang='lat' dir='ltr'><strong>festinandum</strong></span> <span class='ocrx_word' id='word_1_125' title='bbox 2495 631 2772 697; x_wconf 81' lang='lat' dir='ltr'><strong>duxit;et</strong></span> <span class='ocrx_word' id='word_1_126' title='bbox 2837 633 3098 688; x_wconf 89' lang='lat' dir='ltr'><strong>omnibus</strong></span> <span class='ocrx_word' id='word_1_127' title='bbox 3150 633 3263 702; x_wconf 85' lang='lat' dir='ltr'><strong>jam</strong></span> <span class='ocrx_word' id='word_1_128' title='bbox 3315 634 3384 689; x_wconf 90' lang='lat' dir='ltr'><strong>ad</strong></span> <span class='ocrx_word' id='word_1_129' title='bbox 3442 638 3647 693; x_wconf 71' lang='lat' dir='ltr'><strong>moenia</strong></span> 
     </span>
    </p>
   </div>
   <div class='ocr_carea' id='block_1_22' title="bbox 2065 722 3653 797">
    <p class='ocr_par' dir='ltr' id='par_1_22' title="bbox 2065 722 3653 797">
     <span class='ocr_line' id='line_1_22' title="bbox 2065 722 3653 797; baseline 0.004 -20"><span class='ocrx_word' id='word_1_130' title='bbox 2065 722 2394 777; x_wconf 88' lang='lat' dir='ltr'><strong>Peritheorii</strong></span> <span class='ocrx_word' id='word_1_131' title='bbox 2447 724 2817 795; x_wconf 76' lang='lat' dir='ltr'><strong>oppugnanda</strong></span> <span class='ocrx_word' id='word_1_132' title='bbox 2876 724 3189 788; x_wconf 78' lang='lat' dir='ltr'><strong>confectis,</strong></span> <span class='ocrx_word' id='word_1_133' title='bbox 3252 728 3520 797; x_wconf 65' lang='lat' dir='ltr'><strong>praecepit</strong></span> <span class='ocrx_word' id='word_1_134' title='bbox 3579 729 3653 783; x_wconf 89' lang='lat' dir='ltr'><strong>iis</strong></span> 
     </span>
    </p>
   </div>
   <div class='ocr_carea' id='block_1_23' title="bbox 2064 811 3650 880">
    <p class='ocr_par' dir='ltr' id='par_1_23' title="bbox 2064 811 3650 880">
     <span class='ocr_line' id='line_1_23' title="bbox 2064 811 3650 880; baseline 0.005 -17"><span class='ocrx_word' id='word_1_135' title='bbox 2064 811 2333 880; x_wconf 77' lang='lat' dir='ltr'><strong>postridie</strong></span> <span class='ocrx_word' id='word_1_136' title='bbox 2362 811 2450 863; x_wconf 85' lang='lat' dir='ltr'><strong>die</strong></span> <span class='ocrx_word' id='word_1_137' title='bbox 2498 813 2852 867; x_wconf 79' lang='lat' dir='ltr'><strong>illucescente</strong></span> <span class='ocrx_word' id='word_1_138' title='bbox 2889 814 3140 878; x_wconf 86' lang='lat' dir='ltr'><strong>tentatis,</strong></span> <span class='ocrx_word' id='word_1_139' title='bbox 3187 814 3235 868; x_wconf 90' lang='lat' dir='ltr'><strong>si</strong></span> <span class='ocrx_word' id='word_1_140' title='bbox 3271 825 3506 870; x_wconf 75' lang='lat' dir='ltr'><strong>conatus</strong></span> <span class='ocrx_word' id='word_1_141' title='bbox 3536 831 3650 871; x_wconf 90' lang='lat' dir='ltr'><strong>non</strong></span> 
     </span>
    </p>
   </div>
   <div class='ocr_carea' id='block_1_24' title="bbox 2067 903 3648 972">
    <p class='ocr_par' dir='ltr' id='par_1_24' title="bbox 2067 903 3648 972">
     <span class='ocr_line' id='line_1_24' title="bbox 2067 903 3648 972; baseline 0.003 -15"><span class='ocrx_word' id='word_1_142' title='bbox 2067 903 2451 972; x_wconf 87' lang='lat' dir='ltr'><strong>responderet,</strong></span> <span class='ocrx_word' id='word_1_143' title='bbox 2481 904 2570 958; x_wconf 88' lang='lat' dir='ltr'><strong>die</strong></span> <span class='ocrx_word' id='word_1_144' title='bbox 2605 903 2770 959; x_wconf 86' lang='lat' dir='ltr'><strong>tertio</strong></span> <span class='ocrx_word' id='word_1_145' title='bbox 2805 904 2948 959; x_wconf 79' lang='lat' dir='ltr'><strong>viam</strong></span> <span class='ocrx_word' id='word_1_146' title='bbox 2979 921 3172 960; x_wconf 83' lang='lat' dir='ltr'><strong>versus</strong></span> <span class='ocrx_word' id='word_1_147' title='bbox 3198 907 3648 964; x_wconf 79' lang='lat' dir='ltr'><strong>Thessalonicam</strong></span> 
     </span>
    </p>
   </div>
   <div class='ocr_carea' id='block_1_25' title="bbox 2069 992 3650 1066">
    <p class='ocr_par' dir='ltr' id='par_1_25' title="bbox 2069 992 3650 1066">
     <span class='ocr_line' id='line_1_25' title="bbox 2069 992 3650 1066; baseline 0.003 -15"><span class='ocrx_word' id='word_1_148' title='bbox 2069 992 2362 1066; x_wconf 83' lang='lat' dir='ltr'><strong>arriperet.</strong></span> <span class='ocrx_word' id='word_1_149' title='bbox 2395 996 2487 1051; x_wconf 91' lang='lat' dir='ltr'><strong>Sic</strong></span> <span class='ocrx_word' id='word_1_150' title='bbox 2513 997 2753 1052; x_wconf 82' lang='lat' dir='ltr'><strong>censuit.</strong></span> <span class='ocrx_word' id='word_1_151' title='bbox 2772 997 2888 1052; x_wconf 88' lang='lat' dir='ltr'><strong>&#39;Die</strong></span> <span class='ocrx_word' id='word_1_152' title='bbox 2917 1004 3130 1065; x_wconf 81' lang='lat' dir='ltr'><strong>exorto,</strong></span> <span class='ocrx_word' id='word_1_153' title='bbox 3158 1014 3370 1064; x_wconf 90' lang='lat' dir='ltr'><strong>muros,</strong></span> <span class='ocrx_word' id='word_1_154' title='bbox 3408 1001 3650 1056; x_wconf 86' lang='lat' dir='ltr'><strong>admotis</strong></span> 
     </span>
    </p>
   </div>
   <div class='ocr_carea' id='block_1_26' title="bbox 2064 1086 3650 1159">
    <p class='ocr_par' dir='ltr' id='par_1_26' title="bbox 2064 1086 3650 1159">
     <span class='ocr_line' id='line_1_26' title="bbox 2064 1086 3650 1159; baseline 0.003 -17"><span class='ocrx_word' id='word_1_155' title='bbox 2064 1087 2231 1142; x_wconf 89' lang='lat' dir='ltr'><strong>etiam</strong></span> <span class='ocrx_word' id='word_1_156' title='bbox 2272 1086 2802 1153; x_wconf 80' lang='lat' dir='ltr'><strong>machinationibus,</strong></span> <span class='ocrx_word' id='word_1_157' title='bbox 2851 1088 3123 1143; x_wconf 87' lang='lat' dir='ltr'><strong>invadunt</strong></span> <span class='ocrx_word' id='word_1_158' title='bbox 3156 1107 3169 1143; x_wconf 92' lang='lat'>:</span> <span class='ocrx_word' id='word_1_159' title='bbox 3197 1104 3340 1159; x_wconf 87' lang='lat' dir='ltr'><strong>quos</strong></span> <span class='ocrx_word' id='word_1_160' title='bbox 3372 1108 3499 1147; x_wconf 91' lang='lat' dir='ltr'><strong>cum</strong></span> <span class='ocrx_word' id='word_1_161' title='bbox 3532 1101 3650 1147; x_wconf 90' lang='lat' dir='ltr'><strong>toto</strong></span> 
     </span>
    </p>
   </div>
   <div class='ocr_carea' id='block_1_27' title="bbox 2065 1178 3648 1256">
    <p class='ocr_par' dir='ltr' id='par_1_27' title="bbox 2065 1178 3648 1256">
     <span class='ocr_line' id='line_1_27' title="bbox 2065 1178 3648 1256; baseline 0.005 -24"><span class='ocrx_word' id='word_1_162' title='bbox 2065 1178 2157 1233; x_wconf 82' lang='lat' dir='ltr'><strong>die</strong></span> <span class='ocrx_word' id='word_1_163' title='bbox 2209 1188 2624 1248; x_wconf 81' lang='lat' dir='ltr'><strong>oppugnassent</strong></span> <span class='ocrx_word' id='word_1_164' title='bbox 2686 1183 2994 1246; x_wconf 85' lang='lat' dir='ltr'><strong>acerrime,</strong></span> <span class='ocrx_word' id='word_1_165' title='bbox 3049 1198 3242 1252; x_wconf 82' lang='lat' dir='ltr'><strong>parum</strong></span> <span class='ocrx_word' id='word_1_166' title='bbox 3287 1183 3464 1239; x_wconf 79' lang='lat' dir='ltr'><strong>abfuit</strong></span> <span class='ocrx_word' id='word_1_167' title='bbox 3513 1182 3648 1256; x_wconf 81' lang='lat' dir='ltr'><strong>quin</strong></span> 
     </span>
    </p>
   </div>
   <div class='ocr_carea' id='block_1_28' title="bbox 2063 1270 3648 1347">
    <p class='ocr_par' dir='ltr' id='par_1_28' title="bbox 2063 1270 3648 1347">
     <span class='ocr_line' id='line_1_28' title="bbox 2063 1270 3648 1347; baseline 0.004 -22"><span class='ocrx_word' id='word_1_168' title='bbox 2063 1284 2160 1325; x_wconf 85' lang='lat' dir='ltr'><strong>eos</strong></span> <span class='ocrx_word' id='word_1_169' title='bbox 2200 1279 2320 1325; x_wconf 85' lang='lat' dir='ltr'><strong>acta</strong></span> <span class='ocrx_word' id='word_1_170' title='bbox 2374 1270 2487 1341; x_wconf 86' lang='lat' dir='ltr'><strong>jam</strong></span> <span class='ocrx_word' id='word_1_171' title='bbox 2543 1271 2838 1333; x_wconf 84' lang='lat' dir='ltr'><strong>lestu’ine,</strong></span> <span class='ocrx_word' id='word_1_172' title='bbox 2884 1282 2939 1326; x_wconf 87' lang='lat' dir='ltr'><strong>ct</strong></span> <span class='ocrx_word' id='word_1_173' title='bbox 2986 1275 3148 1329; x_wconf 85' lang='lat' dir='ltr'><strong>scalis</strong></span> <span class='ocrx_word' id='word_1_174' title='bbox 3200 1276 3477 1347; x_wconf 87' lang='lat' dir='ltr'><strong>applicitis</strong></span> <span class='ocrx_word' id='word_1_175' title='bbox 3507 1292 3648 1333; x_wconf 47' lang='lat' dir='ltr'><strong>con.</strong></span> 
     </span>
    </p>
   </div>
   <div class='ocr_carea' id='block_1_29' title="bbox 2068 1361 3644 1437">
    <p class='ocr_par' dir='ltr' id='par_1_29' title="bbox 2068 1361 3644 1437">
     <span class='ocr_line' id='line_1_29' title="bbox 2068 1361 3644 1437; baseline 0.006 -24"><span class='ocrx_word' id='word_1_176' title='bbox 2068 1361 2420 1421; x_wconf 82' lang='lat' dir='ltr'><strong>scenderent.</strong></span> <span class='ocrx_word' id='word_1_177' title='bbox 2451 1361 2544 1415; x_wconf 90' lang='lat' dir='ltr'><strong>sed</strong></span> <span class='ocrx_word' id='word_1_178' title='bbox 2571 1364 2751 1414; x_wconf 88' lang='lat' dir='ltr'><strong>noctis</strong></span> <span class='ocrx_word' id='word_1_179' title='bbox 2787 1361 3135 1419; x_wconf 77' lang='lat' dir='ltr'><strong>interventus</strong></span> <span class='ocrx_word' id='word_1_180' title='bbox 3176 1381 3290 1420; x_wconf 88' lang='lat' dir='ltr'><strong>rem</strong></span> <span class='ocrx_word' id='word_1_181' title='bbox 3334 1366 3644 1437; x_wconf 77' lang='lat' dir='ltr'><strong>impedivit.</strong></span> 
     </span>
    </p>
   </div>
   <div class='ocr_carea' id='block_1_30' title="bbox 2071 1450 3647 1527">
    <p class='ocr_par' dir='ltr' id='par_1_30' title="bbox 2071 1450 3647 1527">
     <span class='ocr_line' id='line_1_30' title="bbox 2071 1450 3647 1527; baseline 0.006 -23"><span class='ocrx_word' id='word_1_182' title='bbox 2071 1450 2293 1505; x_wconf 85' lang='lat' dir='ltr'><strong>Obsessi</strong></span> <span class='ocrx_word' id='word_1_183' title='bbox 2323 1459 2654 1515; x_wconf 88' lang='lat' dir='ltr'><strong>metuentes,</strong></span> <span class='ocrx_word' id='word_1_184' title='bbox 2697 1467 2766 1505; x_wconf 92' lang='lat' dir='ltr'><strong>ne</strong></span> <span class='ocrx_word' id='word_1_185' title='bbox 2791 1452 2881 1506; x_wconf 91' lang='lat' dir='ltr'><strong>die</strong></span> <span class='ocrx_word' id='word_1_186' title='bbox 2929 1455 3179 1523; x_wconf 85' lang='lat' dir='ltr'><strong>sequenti</strong></span> <span class='ocrx_word' id='word_1_187' title='bbox 3208 1470 3391 1527; x_wconf 80' lang='lat' dir='ltr'><strong>pugna</strong></span> <span class='ocrx_word' id='word_1_188' title='bbox 3429 1459 3647 1514; x_wconf 89' lang='lat' dir='ltr'><strong>instau-</strong></span> 
     </span>
    </p>
   </div>
   <div class='ocr_carea' id='block_1_31' title="bbox 2069 1544 3647 1620">
    <p class='ocr_par' dir='ltr' id='par_1_31' title="bbox 2069 1544 3647 1620">
     <span class='ocr_line' id='line_1_31' title="bbox 2069 1544 3647 1620; baseline 0.004 -22"><span class='ocrx_word' id='word_1_189' title='bbox 2069 1557 2188 1598; x_wconf 84' lang='lat' dir='ltr'><strong>rata</strong></span> <span class='ocrx_word' id='word_1_190' title='bbox 2215 1553 2569 1614; x_wconf 83' lang='lat' dir='ltr'><strong>caperentur,</strong></span> <span class='ocrx_word' id='word_1_191' title='bbox 2607 1555 2771 1599; x_wconf 91' lang='lat' dir='ltr'><strong>noctu</strong></span> <span class='ocrx_word' id='word_1_192' title='bbox 2801 1544 3132 1612; x_wconf 88' lang='lat' dir='ltr'><strong>decernunt,</strong></span> <span class='ocrx_word' id='word_1_193' title='bbox 3168 1547 3273 1603; x_wconf 84' lang='lat' dir='ltr'><strong>ﬁde</strong></span> <span class='ocrx_word' id='word_1_194' title='bbox 3305 1550 3372 1602; x_wconf 87' lang='lat' dir='ltr'><strong>ah</strong></span> <span class='ocrx_word' id='word_1_195' title='bbox 3403 1549 3647 1620; x_wconf 89' lang='lat' dir='ltr'><strong>impera-</strong></span> 
     </span>
    </p>
   </div>
   <div class='ocr_carea' id='block_1_32' title="bbox 2069 1636 3647 1706">
    <p class='ocr_par' dir='ltr' id='par_1_32' title="bbox 2069 1636 3647 1706">
     <span class='ocr_line' id='line_1_32' title="bbox 2069 1636 3647 1706; baseline 0.006 -16"><span class='ocrx_word' id='word_1_196' title='bbox 2069 1646 2189 1690; x_wconf 87' lang='lat' dir='ltr'><strong>tore</strong></span> <span class='ocrx_word' id='word_1_197' title='bbox 2234 1644 2480 1706; x_wconf 84' lang='lat' dir='ltr'><strong>accepta,</strong></span> <span class='ocrx_word' id='word_1_198' title='bbox 2516 1636 2709 1691; x_wconf 85' lang='lat' dir='ltr'><strong>urbem</strong></span> <span class='ocrx_word' id='word_1_199' title='bbox 2745 1637 2969 1693; x_wconf 89' lang='lat' dir='ltr'><strong>dedere.</strong></span> <span class='ocrx_word' id='word_1_200' title='bbox 3032 1640 3190 1696; x_wconf 80' lang='lat' dir='ltr'><strong>Mane</strong></span> <span class='ocrx_word' id='word_1_201' title='bbox 3247 1641 3316 1696; x_wconf 89' lang='lat' dir='ltr'><strong>de</strong></span> <span class='ocrx_word' id='word_1_202' title='bbox 3369 1644 3647 1700; x_wconf 69' lang='lat' dir='ltr'><strong>moenibus</strong></span> 
     </span>
    </p>
   </div>
   <div class='ocr_carea' id='block_1_33' title="bbox 2067 1730 3644 1803">
    <p class='ocr_par' dir='ltr' id='par_1_33' title="bbox 2067 1730 3644 1803">
     <span class='ocr_line' id='line_1_33' title="bbox 2067 1730 3644 1803; baseline 0.007 -20"><span class='ocrx_word' id='word_1_203' title='bbox 2067 1730 2365 1785; x_wconf 83' lang='lat' dir='ltr'><strong>clamorem</strong></span> <span class='ocrx_word' id='word_1_204' title='bbox 2395 1731 2449 1783; x_wconf 92' lang='lat' dir='ltr'><strong>in</strong></span> <span class='ocrx_word' id='word_1_205' title='bbox 2484 1733 2914 1797; x_wconf 81' lang='lat' dir='ltr'><strong>castra&#39;dantes,</strong></span> <span class='ocrx_word' id='word_1_206' title='bbox 2960 1733 3284 1803; x_wconf 89' lang='lat' dir='ltr'><strong>imperatori</strong></span> <span class='ocrx_word' id='word_1_207' title='bbox 3333 1738 3644 1794; x_wconf 86' lang='lat' dir='ltr'><strong>renuntiari</strong></span> 
     </span>
    </p>
   </div>
   <div class='ocr_carea' id='block_1_34' title="bbox 367 1812 1949 1907">
    <p class='ocr_par' dir='ltr' id='par_1_34' title="bbox 367 1812 1949 1907">
     <span class='ocr_line' id='line_1_34' title="bbox 367 1812 1949 1907; baseline 0.004 -22"><span class='ocrx_word' id='word_1_208' title='bbox 367 1832 549 1903; x_wconf 89' lang='grc' dir='ltr'>λώνης</span> <span class='ocrx_word' id='word_1_209' title='bbox 590 1812 1166 1907; x_wconf 76' lang='grc' dir='ltr'>προσαγορευομένου.</span> <span class='ocrx_word' id='word_1_210' title='bbox 1233 1837 1298 1891; x_wconf 86' lang='grc' dir='ltr'><strong><em>Ἦ</em></strong></span> <span class='ocrx_word' id='word_1_211' title='bbox 1351 1837 1449 1904; x_wconf 80' lang='grc' dir='ltr'><strong>νὺξ</strong></span> <span class='ocrx_word' id='word_1_212' title='bbox 1480 1839 1539 1892; x_wconf 79' lang='grc' dir='ltr'>δὲ</span> <span class='ocrx_word' id='word_1_213' title='bbox 1589 1812 1788 1893; x_wconf 71' lang='grc' dir='ltr'>αὐτίκα</span> <span class='ocrx_word' id='word_1_214' title='bbox 1835 1812 1949 1892; x_wconf 72' lang='grc' dir='ltr'>ἑπι-</span> 
     </span>
    </p>
   </div>
   <div class='ocr_carea' id='block_1_35' title="bbox 2057 1812 3642 1907">
    <p class='ocr_par' dir='ltr' id='par_1_35' title="bbox 2058 1820 3642 1895">
     <span class='ocr_line' id='line_1_35' title="bbox 2058 1820 3642 1895; baseline 0.005 -21"><span class='ocrx_word' id='word_1_215' title='bbox 2058 1820 2280 1892; x_wconf 87' lang='lat' dir='ltr'><strong>jubent,</strong></span> <span class='ocrx_word' id='word_1_216' title='bbox 2318 1820 2483 1893; x_wconf 66' lang='grc'><strong>465</strong></span> <span class='ocrx_word' id='word_1_217' title='bbox 2508 1822 2552 1877; x_wconf 89' lang='lat' dir='ltr'><strong>si</strong></span> <span class='ocrx_word' id='word_1_218' title='bbox 2583 1824 2736 1889; x_wconf 81' lang='lat' dir='ltr'><strong>velit,</strong></span> <span class='ocrx_word' id='word_1_219' title='bbox 2767 1838 2833 1879; x_wconf 81' lang='lat' dir='ltr'><strong>ex</strong></span> <span class='ocrx_word' id='word_1_220' title='bbox 2865 1835 3027 1895; x_wconf 83' lang='lat' dir='ltr'><strong>pacto</strong></span> <span class='ocrx_word' id='word_1_221' title='bbox 3062 1835 3338 1883; x_wconf 85' lang='lat' dir='ltr'><strong>convento</strong></span> <span class='ocrx_word' id='word_1_222' title='bbox 3363 1829 3642 1886; x_wconf 84' lang='lat' dir='ltr'><strong>civitatem</strong></span> 
     </span>
    </p>
   </div>
   <div class='ocr_carea' id='block_1_36' title="bbox 367 1926 1953 2003">
    <p class='ocr_par' dir='ltr' id='par_1_36' title="bbox 367 1926 1953 2003">
     <span class='ocr_line' id='line_1_36' title="bbox 367 1926 1953 2003; baseline 0.006 -27"><span class='ocrx_word' id='word_1_223' title='bbox 367 1929 646 1995; x_wconf 79' lang='grc' dir='ltr'>γενομένη</span> <span class='ocrx_word' id='word_1_224' title='bbox 679 1926 978 1981; x_wconf 81' lang='grc' dir='ltr'>διεκώλυσε</span> <span class='ocrx_word' id='word_1_225' title='bbox 1013 1930 1113 2000; x_wconf 78' lang='grc' dir='ltr'>τὴν</span> <span class='ocrx_word' id='word_1_226' title='bbox 1147 1929 1375 1984; x_wconf 77' lang='grc' dir='ltr'>ἅλωσιν.</span> <span class='ocrx_word' id='word_1_227' title='bbox 1403 1930 1468 1985; x_wconf 77' lang='lat' dir='ltr'><strong>Oi</strong></span> <span class='ocrx_word' id='word_1_228' title='bbox 1497 1930 1953 2003; x_wconf 85' lang='grc' dir='ltr'>πολιορκούμενοι</span> 
     </span>
    </p>
   </div>
   <div class='ocr_carea' id='block_1_37' title="bbox 369 2012 1955 2094">
    <p class='ocr_par' dir='ltr' id='par_1_37' title="bbox 369 2012 1955 2094">
     <span class='ocr_line' id='line_1_37' title="bbox 369 2012 1955 2094; baseline 0.009 -30"><span class='ocrx_word' id='word_1_229' title='bbox 369 2012 428 2066; x_wconf 71' lang='grc' dir='ltr'>δὲ</span> <span class='ocrx_word' id='word_1_230' title='bbox 458 2012 766 2082; x_wconf 80' lang='grc' dir='ltr'>δείσαντες,</span> <span class='ocrx_word' id='word_1_231' title='bbox 828 2018 906 2087; x_wconf 85' lang='grc' dir='ltr'><strong>μὴ</strong></span> <span class='ocrx_word' id='word_1_232' title='bbox 940 2018 1024 2080; x_wconf 89' lang='grc' dir='ltr'><strong>είς</strong></span> <span class='ocrx_word' id='word_1_233' title='bbox 1061 2020 1161 2088; x_wconf 84' lang='grc' dir='ltr'><strong>τὴν</strong></span> <span class='ocrx_word' id='word_1_234' title='bbox 1198 2021 1501 2091; x_wconf 77' lang='grc' dir='ltr'>ὑστεραίαν</span> <span class='ocrx_word' id='word_1_235' title='bbox 1561 2017 1719 2087; x_wconf 82' lang='grc' dir='ltr'>αὖθις</span> <span class='ocrx_word' id='word_1_236' title='bbox 1774 2023 1955 2094; x_wconf 80' lang='grc' dir='ltr'>μάχης</span> 
     </span>
    </p>
   </div>
   <div class='ocr_carea' id='block_1_38' title="bbox 365 2103 1956 2179">
    <p class='ocr_par' dir='ltr' id='par_1_38' title="bbox 365 2103 1956 2179">
     <span class='ocr_line' id='line_1_38' title="bbox 365 2103 1956 2179; baseline 0.009 -21"><span class='ocrx_word' id='word_1_237' title='bbox 365 2103 545 2158; x_wconf 87' lang='grc' dir='ltr'>ἁλῶσι</span> <span class='ocrx_word' id='word_1_238' title='bbox 604 2108 913 2178; x_wconf 83' lang='grc' dir='ltr'>γενομένης</span> <span class='ocrx_word' id='word_1_239' title='bbox 948 2110 1342 2165; x_wconf 79' lang='grc' dir='ltr'>ἐϐουλεύσαντο</span> <span class='ocrx_word' id='word_1_240' title='bbox 1377 2114 1575 2177; x_wconf 79' lang='grc' dir='ltr'>νυκτὸς</span> <span class='ocrx_word' id='word_1_241' title='bbox 1618 2104 1830 2179; x_wconf 82' lang='grc' dir='ltr'>πίστεις</span> <span class='ocrx_word' id='word_1_242' title='bbox 1863 2115 1956 2173; x_wconf 87' lang='grc' dir='ltr'>λα·-</span> 
     </span>
    </p>
   </div>
   <div class='ocr_carea' id='block_1_39' title="bbox 374 2180 1952 2280">
    <p class='ocr_par' dir='ltr' id='par_1_39' title="bbox 374 2180 1952 2280">
     <span class='ocr_line' id='line_1_39' title="bbox 374 2180 1952 2280; baseline 0.009 -30"><span class='ocrx_word' id='word_1_243' title='bbox 374 2180 581 2262; x_wconf 69' lang='grc' dir='ltr'><strong>δύντεςι</strong></span> <span class='ocrx_word' id='word_1_244' title='bbox 601 2200 757 2267; x_wconf 87' lang='grc' dir='ltr'><strong>παρὰ</strong></span> <span class='ocrx_word' id='word_1_245' title='bbox 781 2200 1075 2270; x_wconf 73' lang='grc' dir='ltr'>βασιλέως,</span> <span class='ocrx_word' id='word_1_246' title='bbox 1111 2204 1376 2276; x_wconf 78' lang='grc' dir='ltr'>ὁμολογίᾳ</span> <span class='ocrx_word' id='word_1_247' title='bbox 1429 2207 1532 2276; x_wconf 74' lang='grc' dir='ltr'>τὴν</span> <span class='ocrx_word' id='word_1_248' title='bbox 1563 2208 1719 2262; x_wconf 86' lang='grc' dir='ltr'>πόλιν</span> <span class='ocrx_word' id='word_1_249' title='bbox 1766 2226 1952 2280; x_wconf 66' lang='grc' dir='ltr'>παραυ</span> 
     </span>
    </p>
   </div>
   <div class='ocr_carea' id='block_1_40' title="bbox 373 2290 1953 2370">
    <p class='ocr_par' dir='ltr' id='par_1_40' title="bbox 373 2290 1953 2370">
     <span class='ocr_line' id='line_1_40' title="bbox 373 2290 1953 2370; baseline 0.009 -28"><span class='ocrx_word' id='word_1_250' title='bbox 373 2290 577 2344; x_wconf 80' lang='grc' dir='ltr'>δοῦναι.</span> <span class='ocrx_word' id='word_1_251' title='bbox 619 2293 731 2346; x_wconf 77' lang='grc' dir='ltr'><strong>Καὶ</strong></span> <span class='ocrx_word' id='word_1_252' title='bbox 762 2292 882 2362; x_wconf 75' lang='grc' dir='ltr'>ἃμα</span> <span class='ocrx_word' id='word_1_253' title='bbox 923 2295 1068 2366; x_wconf 79' lang='grc' dir='ltr'>πρωῒ</span> <span class='ocrx_word' id='word_1_254' title='bbox 1129 2296 1192 2348; x_wconf 77' lang='grc' dir='ltr'>ὲκ</span> <span class='ocrx_word' id='word_1_255' title='bbox 1242 2298 1354 2349; x_wconf 87' lang='grc' dir='ltr'><strong>τῶν</strong></span> <span class='ocrx_word' id='word_1_256' title='bbox 1393 2301 1591 2370; x_wconf 84' lang='grc' dir='ltr'>τειχῶν</span> <span class='ocrx_word' id='word_1_257' title='bbox 1620 2303 1734 2364; x_wconf 85' lang='grc' dir='ltr'>τοῖς</span> <span class='ocrx_word' id='word_1_258' title='bbox 1764 2303 1843 2363; x_wconf 73' lang='grc' dir='ltr'><strong>είς</strong></span> <span class='ocrx_word' id='word_1_259' title='bbox 1892 2303 1953 2356; x_wconf 80' lang='grc' dir='ltr'><strong>τὸ</strong></span> 
     </span>
    </p>
   </div>
   <div class='ocr_carea' id='block_1_41' title="bbox 380 2380 1954 2461">
    <p class='ocr_par' dir='ltr' id='par_1_41' title="bbox 380 2380 1954 2461">
     <span class='ocr_line' id='line_1_41' title="bbox 380 2380 1954 2461; baseline 0.01 -32"><span class='ocrx_word' id='word_1_260' title='bbox 380 2380 743 2449; x_wconf 72' lang='grc' dir='ltr'>στρατοπεδον</span> <span class='ocrx_word' id='word_1_261' title='bbox 782 2382 1039 2435; x_wconf 70' lang='grc' dir='ltr'>ἐκέλευον</span> <span class='ocrx_word' id='word_1_262' title='bbox 1075 2384 1307 2454; x_wconf 83' lang='grc' dir='ltr'>μηνύειν</span> <span class='ocrx_word' id='word_1_263' title='bbox 1342 2385 1575 2455; x_wconf 76' lang='grc' dir='ltr'>βασιλεῖ,</span> <span class='ocrx_word' id='word_1_264' title='bbox 1627 2390 1675 2441; x_wconf 88' lang='grc' dir='ltr'><strong>εἰ</strong></span> <span class='ocrx_word' id='word_1_265' title='bbox 1709 2389 1954 2461; x_wconf 82' lang='grc' dir='ltr'>βούλοιτο</span> 
     </span>
    </p>
   </div>
   <div class='ocr_carea' id='block_1_42' title="bbox 375 2473 1953 2548">
    <p class='ocr_par' dir='ltr' id='par_1_42' title="bbox 375 2473 1953 2548">
     <span class='ocr_line' id='line_1_42' title="bbox 375 2473 1953 2548; baseline 0.008 -24"><span class='ocrx_word' id='word_1_266' title='bbox 375 2473 470 2526; x_wconf 79' lang='grc' dir='ltr'><strong>ἐπὶ</strong></span> <span class='ocrx_word' id='word_1_267' title='bbox 499 2474 771 2543; x_wconf 73' lang='grc' dir='ltr'>συμϐάσει</span> <span class='ocrx_word' id='word_1_268' title='bbox 802 2476 901 2546; x_wconf 76' lang='grc' dir='ltr'>τὴν</span> <span class='ocrx_word' id='word_1_269' title='bbox 935 2476 1091 2530; x_wconf 85' lang='grc' dir='ltr'>πόλιν</span> <span class='ocrx_word' id='word_1_270' title='bbox 1128 2478 1606 2548; x_wconf 84' lang='grc' dir='ltr'>παραλαμϐάνειν.</span> <span class='ocrx_word' id='word_1_271' title='bbox 1668 2482 1870 2546; x_wconf 83' lang='grc' dir='ltr'>Ἡδέως</span> <span class='ocrx_word' id='word_1_272' title='bbox 1897 2483 1953 2537; x_wconf 84' lang='grc' dir='ltr'>δὲ</span> 
     </span>
    </p>
   </div>
   <div class='ocr_carea' id='block_1_43' title="bbox 375 2560 1954 2640">
    <p class='ocr_par' dir='ltr' id='par_1_43' title="bbox 375 2560 1954 2640">
     <span class='ocr_line' id='line_1_43' title="bbox 375 2560 1954 2640; baseline 0.006 -27"><span class='ocrx_word' id='word_1_273' title='bbox 375 2560 647 2630; x_wconf 76' lang='grc' dir='ltr'>βασιλέως</span> <span class='ocrx_word' id='word_1_274' title='bbox 677 2562 770 2615; x_wconf 69' lang='grc' dir='ltr'>τὸν</span> <span class='ocrx_word' id='word_1_275' title='bbox 798 2563 958 2632; x_wconf 79' lang='grc' dir='ltr'>λόγον</span> <span class='ocrx_word' id='word_1_276' title='bbox 986 2564 1304 2634; x_wconf 75' lang='grc' dir='ltr'>δεξαμένου,</span> <span class='ocrx_word' id='word_1_277' title='bbox 1334 2566 1428 2619; x_wconf 77' lang='grc' dir='ltr'><strong>καὶ</strong></span> <span class='ocrx_word' id='word_1_278' title='bbox 1460 2567 1773 2633; x_wconf 86' lang='grc' dir='ltr'>κελεύοντος</span> <span class='ocrx_word' id='word_1_279' title='bbox 1795 2570 1954 2640; x_wconf 80' lang='grc' dir='ltr'>ἦκειν</span> 
     </span>
    </p>
   </div>
   <div class='ocr_carea' id='block_1_44' title="bbox 371 2654 1954 2736">
    <p class='ocr_par' dir='ltr' id='par_1_44' title="bbox 371 2654 1954 2736">
     <span class='ocr_line' id='line_1_44' title="bbox 371 2654 1954 2736; baseline 0.007 -31"><span class='ocrx_word' id='word_1_280' title='bbox 371 2655 513 2725; x_wconf 59' lang='grc' dir='ltr'>πρζς</span> <span class='ocrx_word' id='word_1_281' title='bbox 549 2654 715 2708; x_wconf 75' lang='grc' dir='ltr'>αὑτὸν</span> <span class='ocrx_word' id='word_1_282' title='bbox 762 2655 840 2717; x_wconf 79' lang='grc' dir='ltr'><strong>ῶς</strong></span> <span class='ocrx_word' id='word_1_283' title='bbox 872 2657 1053 2711; x_wconf 85' lang='grc' dir='ltr'>πάντα</span> <span class='ocrx_word' id='word_1_284' title='bbox 1089 2657 1391 2728; x_wconf 73' lang='grc' dir='ltr'>πράξοντος</span> <span class='ocrx_word' id='word_1_285' title='bbox 1447 2660 1633 2736; x_wconf 59' lang='grc' dir='ltr'>αὐτοῖς</span> <span class='ocrx_word' id='word_1_286' title='bbox 1685 2661 1753 2714; x_wconf 78' lang='grc' dir='ltr'>τὰ</span> <span class='ocrx_word' id='word_1_287' title='bbox 1811 2661 1954 2716; x_wconf 86' lang='grc' dir='ltr'>κατὰ</span> 
     </span>
    </p>
   </div>
   <div class='ocr_carea' id='block_1_45' title="bbox 374 2744 1953 2822">
    <p class='ocr_par' dir='ltr' id='par_1_45' title="bbox 374 2744 1953 2822">
     <span class='ocr_line' id='line_1_45' title="bbox 374 2744 1953 2822; baseline 0.004 -22"><span class='ocrx_word' id='word_1_288' title='bbox 374 2746 628 2818; x_wconf 85' lang='grc' dir='ltr'>γνώμην,</span> <span class='ocrx_word' id='word_1_289' title='bbox 662 2744 799 2812; x_wconf 80' lang='grc' dir='ltr'>ἧκον</span> <span class='ocrx_word' id='word_1_290' title='bbox 843 2749 937 2803; x_wconf 82' lang='grc' dir='ltr'>τοῦ</span> <span class='ocrx_word' id='word_1_291' title='bbox 966 2766 1024 2802; x_wconf 91' lang='grc' dir='ltr'><strong>τε</strong></span> <span class='ocrx_word' id='word_1_292' title='bbox 1059 2751 1258 2820; x_wconf 79' lang='grc' dir='ltr'>δήμου,</span> <span class='ocrx_word' id='word_1_293' title='bbox 1321 2754 1419 2807; x_wconf 75' lang='grc' dir='ltr'>καὶ</span> <span class='ocrx_word' id='word_1_294' title='bbox 1452 2753 1563 2806; x_wconf 91' lang='grc' dir='ltr'><strong>τῶν</strong></span> <span class='ocrx_word' id='word_1_295' title='bbox 1608 2752 1743 2822; x_wconf 89' lang='grc' dir='ltr'>παρ’</span> <span class='ocrx_word' id='word_1_296' title='bbox 1768 2754 1953 2816; x_wconf 76' lang='grc' dir='ltr'>αὐτοῖς</span> 
     </span>
    </p>
   </div>
   <div class='ocr_carea' id='block_1_46' title="bbox 369 2839 1953 2915">
    <p class='ocr_par' dir='ltr' id='par_1_46' title="bbox 369 2839 1953 2915">
     <span class='ocr_line' id='line_1_46' title="bbox 369 2839 1953 2915; baseline 0.003 -23"><span class='ocrx_word' id='word_1_297' title='bbox 369 2840 616 2895; x_wconf 79' lang='grc' dir='ltr'>δυνατῶν</span> <span class='ocrx_word' id='word_1_298' title='bbox 647 2839 839 2907; x_wconf 84' lang='grc' dir='ltr'>ὀλίγοι,</span> <span class='ocrx_word' id='word_1_299' title='bbox 878 2845 971 2896; x_wconf 61' lang='grc' dir='ltr'><strong>καὶ⁵</strong></span> <span class='ocrx_word' id='word_1_300' title='bbox 1005 2842 1115 2897; x_wconf 87' lang='grc' dir='ltr'><strong>τῶν</strong></span> <span class='ocrx_word' id='word_1_301' title='bbox 1138 2843 1217 2913; x_wconf 83' lang='grc' dir='ltr'>τῷ</span> <span class='ocrx_word' id='word_1_302' title='bbox 1248 2843 1438 2914; x_wconf 85' lang='grc' dir='ltr'>κλήρῳ</span> <span class='ocrx_word' id='word_1_303' title='bbox 1468 2844 1567 2914; x_wconf 86' lang='grc' dir='ltr'><strong>τῆς</strong></span> <span class='ocrx_word' id='word_1_304' title='bbox 1592 2845 1725 2915; x_wconf 83' lang='grc' dir='ltr'>παρ’</span> <span class='ocrx_word' id='word_1_305' title='bbox 1766 2847 1953 2910; x_wconf 77' lang='grc' dir='ltr'>αὐτοῖς</span> 
     </span>
    </p>
   </div>
   <div class='ocr_carea' id='block_1_47' title="bbox 376 2931 1953 3003">
    <p class='ocr_par' dir='ltr' id='par_1_47' title="bbox 376 2931 1953 3003">
     <span class='ocr_line' id='line_1_47' title="bbox 376 2931 1953 3003; baseline 0.003 -20"><span class='ocrx_word' id='word_1_306' title='bbox 376 2931 674 2999; x_wconf 69' lang='grc' dir='ltr'>ἐκκλησίας</span> <span class='ocrx_word' id='word_1_307' title='bbox 728 2933 1173 3002; x_wconf 80' lang='grc' dir='ltr'>κατειλεγμένων</span> <span class='ocrx_word' id='word_1_308' title='bbox 1202 2950 1216 2964; x_wconf 72' lang='grc'><strong><em>⁸</em></strong></span> <span class='ocrx_word' id='word_1_309' title='bbox 1270 2934 1451 2995; x_wconf 82' lang='grc' dir='ltr'>αίτίας</span> <span class='ocrx_word' id='word_1_310' title='bbox 1485 2933 1541 2986; x_wconf 81' lang='grc' dir='ltr'>δὲ</span> <span class='ocrx_word' id='word_1_311' title='bbox 1579 2933 1772 3003; x_wconf 82' lang='grc' dir='ltr'>ὥσπερ</span> <span class='ocrx_word' id='word_1_312' title='bbox 1818 2938 1953 2988; x_wconf 71' lang='lat' dir='ltr'><strong>dm-</strong></span> 
     </span>
    </p>
   </div>
   <div class='ocr_carea' id='block_1_48' title="bbox 373 3022 1950 3097">
    <p class='ocr_par' dir='ltr' id='par_1_48' title="bbox 373 3022 1950 3097">
     <span class='ocr_line' id='line_1_48' title="bbox 373 3022 1950 3097; baseline 0.004 -24"><span class='ocrx_word' id='word_1_313' title='bbox 373 3022 591 3085; x_wconf 81' lang='grc' dir='ltr'>λύοντες</span> <span class='ocrx_word' id='word_1_314' title='bbox 648 3025 880 3087; x_wconf 78' lang='grc' dir='ltr'>ἑαυτοὺς</span> <span class='ocrx_word' id='word_1_315' title='bbox 940 3027 1033 3079; x_wconf 74' lang='grc' dir='ltr'>ἐπὶ</span> <span class='ocrx_word' id='word_1_316' title='bbox 1090 3025 1168 3096; x_wconf 86' lang='grc' dir='ltr'>τῷ</span> <span class='ocrx_word' id='word_1_317' title='bbox 1218 3025 1362 3080; x_wconf 80' lang='grc' dir='ltr'>ὅπλα</span> <span class='ocrx_word' id='word_1_318' title='bbox 1398 3027 1756 3096; x_wconf 80' lang='grc' dir='ltr'>κεκινηκέναι</span> <span class='ocrx_word' id='word_1_319' title='bbox 1814 3027 1950 3097; x_wconf 72' lang='grc' dir='ltr'>πρὸς</span> 
     </span>
    </p>
   </div>
   <div class='ocr_carea' id='block_1_49' title="bbox 375 3113 1949 3185">
    <p class='ocr_par' dir='ltr' id='par_1_49' title="bbox 375 3113 1949 3185">
     <span class='ocr_line' id='line_1_49' title="bbox 375 3113 1949 3185; baseline 0.001 -20"><span class='ocrx_word' id='word_1_320' title='bbox 375 3113 560 3178; x_wconf 71' lang='grc' dir='ltr'>αὖτὶν,</span> <span class='ocrx_word' id='word_1_321' title='bbox 603 3114 664 3165; x_wconf 60' lang='grc' dir='ltr'>τῦ</span> <span class='ocrx_word' id='word_1_322' title='bbox 717 3114 835 3167; x_wconf 85' lang='grc' dir='ltr'>δέον</span> <span class='ocrx_word' id='word_1_323' title='bbox 886 3113 1097 3182; x_wconf 75' lang='grc' dir='ltr'>ἔφασαν</span> <span class='ocrx_word' id='word_1_324' title='bbox 1153 3114 1543 3184; x_wconf 74' lang='grc' dir='ltr'>πεποιηκέναι,</span> <span class='ocrx_word' id='word_1_325' title='bbox 1600 3115 1949 3185; x_wconf 73' lang='grc' dir='ltr'>ὀμωμοκέναι</span> 
     </span>
    </p>
   </div>
   <div class='ocr_carea' id='block_1_50' title="bbox 370 3199 1949 3274">
    <p class='ocr_par' dir='ltr' id='par_1_50' title="bbox 370 3199 1949 3274">
     <span class='ocr_line' id='line_1_50' title="bbox 370 3199 1949 3274; baseline 0.003 -20"><span class='ocrx_word' id='word_1_326' title='bbox 370 3203 480 3268; x_wconf 75' lang='grc' dir='ltr'><strong>γάρ</strong></span> <span class='ocrx_word' id='word_1_327' title='bbox 531 3199 700 3270; x_wconf 82' lang='grc' dir='ltr'>ὀλίγῳ</span> <span class='ocrx_word' id='word_1_328' title='bbox 734 3202 1003 3270; x_wconf 68' lang='grc' dir='ltr'>πρότερον</span> <span class='ocrx_word' id='word_1_329' title='bbox 1058 3203 1481 3274; x_wconf 83' lang='grc' dir='ltr'>ἀντιστήσεσθαι</span> <span class='ocrx_word' id='word_1_330' title='bbox 1542 3205 1656 3265; x_wconf 80' lang='grc' dir='ltr'>τοῖς</span> <span class='ocrx_word' id='word_1_331' title='bbox 1715 3203 1949 3273; x_wconf 85' lang='grc' dir='ltr'>βασιλίδι</span> 
     </span>
    </p>
   </div>
   <div class='ocr_carea' id='block_1_51' title="bbox 368 3293 1950 3365">
    <p class='ocr_par' dir='ltr' id='par_1_51' title="bbox 368 3293 1950 3365">
     <span class='ocr_line' id='line_1_51' title="bbox 368 3293 1950 3365; baseline 0.001 -19"><span class='ocrx_word' id='word_1_332' title='bbox 368 3293 674 3364; x_wconf 78' lang='grc' dir='ltr'>πολεμοῦσι</span> <span class='ocrx_word' id='word_1_333' title='bbox 709 3293 874 3364; x_wconf 80' lang='grc' dir='ltr'>μέχρι</span> <span class='ocrx_word' id='word_1_334' title='bbox 932 3295 1022 3347; x_wconf 73' lang='grc' dir='ltr'>καὶ</span> <span class='ocrx_word' id='word_1_335' title='bbox 1052 3294 1148 3348; x_wconf 82' lang='grc' dir='ltr'>τοῦ</span> <span class='ocrx_word' id='word_1_336' title='bbox 1197 3295 1452 3351; x_wconf 69' lang='grc' dir='ltr'>δυνατοῦ.</span> <span class='ocrx_word' id='word_1_337' title='bbox 1485 3295 1624 3358; x_wconf 88' lang='grc' dir='ltr'>Τούς</span> <span class='ocrx_word' id='word_1_338' title='bbox 1654 3311 1718 3347; x_wconf 79' lang='grc' dir='ltr'><strong>τε</strong></span> <span class='ocrx_word' id='word_1_339' title='bbox 1749 3296 1950 3365; x_wconf 84' lang='grc' dir='ltr'>ὅρκους</span> 
     </span>
    </p>
   </div>
   <div class='ocr_carea' id='block_1_52' title="bbox 369 3385 1952 3455">
    <p class='ocr_par' dir='ltr' id='par_1_52' title="bbox 369 3385 1952 3455">
     <span class='ocr_line' id='line_1_52' title="bbox 369 3385 1952 3455; baseline 0 -15"><span class='ocrx_word' id='word_1_340' title='bbox 369 3385 668 3454; x_wconf 77' lang='grc' dir='ltr'>τοιγαροῦν</span> <span class='ocrx_word' id='word_1_341' title='bbox 699 3386 1068 3455; x_wconf 73' lang='grc' dir='ltr'>τετηρηκέναι</span> <span class='ocrx_word' id='word_1_342' title='bbox 1115 3386 1401 3455; x_wconf 78' lang='grc' dir='ltr'>ἀσφαλῶς,</span> <span class='ocrx_word' id='word_1_343' title='bbox 1452 3387 1550 3440; x_wconf 76' lang='grc' dir='ltr'>καὶ</span> <span class='ocrx_word' id='word_1_344' title='bbox 1582 3388 1645 3439; x_wconf 85' lang='grc' dir='ltr'><strong>τὸ</strong></span> <span class='ocrx_word' id='word_1_345' title='bbox 1680 3385 1774 3439; x_wconf 83' lang='grc' dir='ltr'>νῦν</span> <span class='ocrx_word' id='word_1_346' title='bbox 1802 3387 1952 3441; x_wconf 89' lang='grc' dir='ltr'>λυσι-</span> 
     </span>
    </p>
   </div>
   <div class='ocr_carea' id='block_1_53' title="bbox 366 3478 1951 3549">
    <p class='ocr_par' dir='ltr' id='par_1_53' title="bbox 366 3478 1951 3549">
     <span class='ocr_line' id='line_1_53' title="bbox 366 3478 1951 3549; baseline -0.003 -15"><span class='ocrx_word' id='word_1_347' title='bbox 366 3480 547 3534; x_wconf 71' lang='grc' dir='ltr'>τελεῖν</span> <span class='ocrx_word' id='word_1_348' title='bbox 574 3478 907 3549; x_wconf 83' lang='grc' dir='ltr'>φαινόμενον</span> <span class='ocrx_word' id='word_1_349' title='bbox 930 3480 993 3531; x_wconf 82' lang='grc' dir='ltr'>ὲκ</span> <span class='ocrx_word' id='word_1_350' title='bbox 1023 3479 1134 3531; x_wconf 85' lang='grc' dir='ltr'><strong>τῶν</strong></span> <span class='ocrx_word' id='word_1_351' title='bbox 1164 3482 1511 3547; x_wconf 77' lang='grc' dir='ltr'>πραγμάτων</span> <span class='ocrx_word' id='word_1_352' title='bbox 1540 3479 1805 3549; x_wconf 77' lang='grc' dir='ltr'>πράττειν</span> <span class='ocrx_word' id='word_1_353' title='bbox 1835 3478 1951 3548; x_wconf 86' lang='grc' dir='ltr'>μετ’</span> 
     </span>
    </p>
   </div>
   <div class='ocr_carea' id='block_1_54' title="bbox 370 3564 1952 3638">
    <p class='ocr_par' dir='ltr' id='par_1_54' title="bbox 370 3564 1952 3638">
     <span class='ocr_line' id='line_1_54' title="bbox 370 3564 1952 3638; baseline 0.001 -18"><span class='ocrx_word' id='word_1_354' title='bbox 370 3566 827 3637; x_wconf 81' lang='grc' dir='ltr'>εὐγνωμοσύνης.</span> <span class='ocrx_word' id='word_1_355' title='bbox 891 3566 1053 3619; x_wconf 85' lang='grc' dir='ltr'>Ὅθεν</span> <span class='ocrx_word' id='word_1_356' title='bbox 1113 3564 1258 3631; x_wconf 76' lang='grc' dir='ltr'>ἄξιοι</span> <span class='ocrx_word' id='word_1_357' title='bbox 1316 3566 1652 3638; x_wconf 81' lang='grc' dir='ltr'>συγγνώμης</span> <span class='ocrx_word' id='word_1_358' title='bbox 1708 3569 1952 3636; x_wconf 74' lang='grc' dir='ltr'>νομίζειν</span> 
     </span>
    </p>
   </div>
   <div class='ocr_carea' id='block_1_55' title="bbox 372 3653 1952 3729">
    <p class='ocr_par' dir='ltr' id='par_1_55' title="bbox 372 3653 1952 3729">
     <span class='ocr_line' id='line_1_55' title="bbox 372 3653 1952 3729; baseline -0.002 -16"><span class='ocrx_word' id='word_1_359' title='bbox 372 3653 519 3713; x_wconf 84' lang='grc' dir='ltr'>εἶναι</span> <span class='ocrx_word' id='word_1_360' title='bbox 545 3657 677 3729; x_wconf 85' lang='grc' dir='ltr'>παρ’</span> <span class='ocrx_word' id='word_1_361' title='bbox 710 3656 883 3729; x_wconf 75' lang='grc' dir='ltr'>αὑτῷι</span> <span class='ocrx_word' id='word_1_362' title='bbox 921 3657 1142 3710; x_wconf 83' lang='grc' dir='ltr'>Δεῖσθαι</span> <span class='ocrx_word' id='word_1_363' title='bbox 1177 3658 1362 3727; x_wconf 70' lang='grc' dir='ltr'>μέντοι</span> <span class='ocrx_word' id='word_1_364' title='bbox 1397 3659 1618 3727; x_wconf 75' lang='grc' dir='ltr'>καὶτῆς</span> <span class='ocrx_word' id='word_1_365' title='bbox 1658 3658 1726 3711; x_wconf 84' lang='grc' dir='ltr'>δι’</span> <span class='ocrx_word' id='word_1_366' title='bbox 1770 3658 1952 3726; x_wconf 80' lang='grc' dir='ltr'>ὅρκων</span> 
     </span>
    </p>
   </div>
   <div class='ocr_carea' id='block_1_56' title="bbox 372 3750 1950 3822">
    <p class='ocr_par' dir='ltr' id='par_1_56' title="bbox 372 3750 1950 3822">
     <span class='ocr_line' id='line_1_56' title="bbox 372 3750 1950 3822; baseline 0 -18"><span class='ocrx_word' id='word_1_367' title='bbox 372 3753 701 3822; x_wconf 75' lang='grc' dir='ltr'>ἀσφαλείας,</span> <span class='ocrx_word' id='word_1_368' title='bbox 729 3751 804 3812; x_wconf 75' lang='grc' dir='ltr'><strong>ὡς</strong></span> <span class='ocrx_word' id='word_1_369' title='bbox 835 3750 990 3804; x_wconf 64' lang='grc' dir='ltr'>οὐδὲν</span> <span class='ocrx_word' id='word_1_370' title='bbox 1033 3750 1314 3805; x_wconf 84' lang='grc' dir='ltr'>πείσονται</span> <span class='ocrx_word' id='word_1_371' title='bbox 1346 3750 1456 3804; x_wconf 89' lang='grc' dir='ltr'><strong>τῶν</strong></span> <span class='ocrx_word' id='word_1_372' title='bbox 1491 3751 1633 3805; x_wconf 84' lang='grc' dir='ltr'><strong>κατά</strong></span> <span class='ocrx_word' id='word_1_373' title='bbox 1662 3750 1753 3804; x_wconf 80' lang='grc' dir='ltr'><strong>τὸν</strong></span> <span class='ocrx_word' id='word_1_374' title='bbox 1782 3752 1950 3804; x_wconf 84' lang='grc' dir='ltr'>πόλε-</span> 
     </span>
    </p>
   </div>
   <div class='ocr_carea' id='block_1_57' title="bbox 369 3843 1949 3919">
    <p class='ocr_par' dir='ltr' id='par_1_57' title="bbox 369 3843 1949 3919">
     <span class='ocr_line' id='line_1_57' title="bbox 369 3843 1949 3919; baseline -0.001 -20"><span class='ocrx_word' id='word_1_375' title='bbox 369 3863 473 3917; x_wconf 82' lang='grc' dir='ltr'><strong>μον</strong></span> <span class='ocrx_word' id='word_1_376' title='bbox 507 3847 696 3909; x_wconf 85' lang='grc' dir='ltr'>αὐτοῖς</span> <span class='ocrx_word' id='word_1_377' title='bbox 722 3845 1100 3917; x_wconf 82' lang='grc' dir='ltr'>εἰργασμένων</span> <span class='ocrx_word' id='word_1_378' title='bbox 1130 3844 1318 3919; x_wconf 71' lang='grc' dir='ltr'>ἕνεκα,</span> <span class='ocrx_word' id='word_1_379' title='bbox 1361 3846 1457 3897; x_wconf 76' lang='grc' dir='ltr'><strong>καὶ</strong></span> <span class='ocrx_word' id='word_1_380' title='bbox 1483 3844 1590 3898; x_wconf 85' lang='grc' dir='ltr'><strong>τῶν</strong></span> <span class='ocrx_word' id='word_1_381' title='bbox 1631 3843 1862 3915; x_wconf 75' lang='grc' dir='ltr'>ὕϐρεων,</span> <span class='ocrx_word' id='word_1_382' title='bbox 1892 3844 1949 3899; x_wconf 80' lang='grc' dir='ltr'><strong>αἶ</strong></span> 
     </span>
    </p>
   </div>
   <div class='ocr_carea' id='block_1_58' title="bbox 367 3936 1951 4009">
    <p class='ocr_par' dir='ltr' id='par_1_58' title="bbox 367 3936 1951 4009">
     <span class='ocr_line' id='line_1_58' title="bbox 367 3936 1951 4009; baseline -0.001 -16"><span class='ocrx_word' id='word_1_383' title='bbox 367 3941 523 4009; x_wconf 69' lang='grc' dir='ltr'>παρὰ</span> <span class='ocrx_word' id='word_1_384' title='bbox 577 3939 801 4007; x_wconf 83' lang='grc' dir='ltr'>φαύλων</span> <span class='ocrx_word' id='word_1_385' title='bbox 837 3941 931 3991; x_wconf 76' lang='grc' dir='ltr'>καὶ</span> <span class='ocrx_word' id='word_1_386' title='bbox 987 3937 1081 3991; x_wconf 84' lang='grc' dir='ltr'><strong>τοῦ</strong></span> <span class='ocrx_word' id='word_1_387' title='bbox 1117 3938 1353 4007; x_wconf 78' lang='grc' dir='ltr'>μηδενὸς</span> <span class='ocrx_word' id='word_1_388' title='bbox 1402 3936 1571 4003; x_wconf 83' lang='grc' dir='ltr'>ἀξίων</span> <span class='ocrx_word' id='word_1_389' title='bbox 1638 3938 1951 4009; x_wconf 82' lang='grc' dir='ltr'>ἀνθρώπων</span> 
     </span>
    </p>
   </div>
   <div class='ocr_carea' id='block_1_59' title="bbox 364 4028 1950 4105">
    <p class='ocr_par' dir='ltr' id='par_1_59' title="bbox 364 4028 1950 4105">
     <span class='ocr_line' id='line_1_59' title="bbox 364 4028 1950 4105; baseline -0.001 -20"><span class='ocrx_word' id='word_1_390' title='bbox 364 4033 620 4105; x_wconf 77' lang='grc' dir='ltr'>εἴρηνται</span> <span class='ocrx_word' id='word_1_391' title='bbox 651 4032 787 4105; x_wconf 72' lang='grc' dir='ltr'>πρὸς</span> <span class='ocrx_word' id='word_1_392' title='bbox 819 4032 982 4085; x_wconf 79' lang='grc' dir='ltr'>αὑτὸν</span> <span class='ocrx_word' id='word_1_393' title='bbox 1015 4033 1123 4085; x_wconf 85' lang='grc' dir='ltr'><strong>τῶν</strong></span> <span class='ocrx_word' id='word_1_394' title='bbox 1160 4028 1221 4085; x_wconf 75' lang='grc' dir='ltr'><strong>ὲν</strong></span> <span class='ocrx_word' id='word_1_395' title='bbox 1269 4032 1414 4101; x_wconf 86' lang='grc' dir='ltr'>λόγῳ</span> <span class='ocrx_word' id='word_1_396' title='bbox 1438 4031 1658 4085; x_wconf 84' lang='grc' dir='ltr'>πάντων</span> <span class='ocrx_word' id='word_1_397' title='bbox 1711 4031 1950 4098; x_wconf 83' lang='grc' dir='ltr'>μάλιστα</span> 
     </span>
    </p>
   </div>
   <div class='ocr_carea' id='block_1_60' title="bbox 367 4123 1948 4195">
    <p class='ocr_par' dir='ltr' id='par_1_60' title="bbox 367 4123 1948 4195">
     <span class='ocr_line' id='line_1_60' title="bbox 367 4123 1948 4195; baseline -0.004 -15"><span class='ocrx_word' id='word_1_398' title='bbox 367 4126 719 4195; x_wconf 83' lang='grc' dir='ltr'>ἀνιωμένων,</span> <span class='ocrx_word' id='word_1_399' title='bbox 758 4126 853 4179; x_wconf 76' lang='grc' dir='ltr'><strong>καὶ</strong></span> <span class='ocrx_word' id='word_1_400' title='bbox 881 4125 980 4193; x_wconf 79' lang='grc' dir='ltr'><strong>τὴν</strong></span> <span class='ocrx_word' id='word_1_401' title='bbox 1018 4123 1322 4177; x_wconf 83' lang='grc' dir='ltr'>ἀκολασίαν</span> <span class='ocrx_word' id='word_1_402' title='bbox 1369 4125 1468 4194; x_wconf 74' lang='grc' dir='ltr'><strong>τῆς</strong></span> <span class='ocrx_word' id='word_1_403' title='bbox 1515 4124 1765 4192; x_wconf 67' lang='grc' dir='ltr'>γλώττης</span> <span class='ocrx_word' id='word_1_404' title='bbox 1800 4123 1948 4175; x_wconf 73' lang='grc' dir='ltr'>τιθε-</span> 
     </span>
    </p>
   </div>
   <div class='ocr_carea' id='block_1_61' title="bbox 286 4214 1950 4289">
    <p class='ocr_par' dir='ltr' id='par_1_61' title="bbox 286 4214 1950 4289">
     <span class='ocr_line' id='line_1_61' title="bbox 286 4214 1950 4289; baseline -0.003 -18"><span class='ocrx_word' id='word_1_405' title='bbox 286 4248 293 4253; x_wconf 73' lang='grc' dir='ltr'><strong><em>ο</em></strong></span> <span class='ocrx_word' id='word_1_406' title='bbox 372 4220 553 4289; x_wconf 87' lang='grc' dir='ltr'>μένων</span> <span class='ocrx_word' id='word_1_407' title='bbox 606 4220 665 4270; x_wconf 83' lang='grc' dir='ltr'><strong>ὲν</strong></span> <span class='ocrx_word' id='word_1_408' title='bbox 714 4216 898 4287; x_wconf 84' lang='grc' dir='ltr'>δεινῷ.</span> <span class='ocrx_word' id='word_1_409' title='bbox 951 4215 1240 4287; x_wconf 60' lang='grc' dir='ltr'>Οὑδεμιᾶςι</span> <span class='ocrx_word' id='word_1_410' title='bbox 1279 4215 1388 4286; x_wconf 78' lang='grc' dir='ltr'><strong>γάρ</strong></span> <span class='ocrx_word' id='word_1_411' title='bbox 1421 4215 1635 4285; x_wconf 74' lang='grc' dir='ltr'>ὕϐρεως</span> <span class='ocrx_word' id='word_1_412' title='bbox 1669 4214 1950 4283; x_wconf 70' lang='grc' dir='ltr'>ἐφείδοντο</span> 
     </span>
    </p>
   </div>
   <div class='ocr_carea' id='block_1_62' title="bbox 367 4306 1947 4378">
    <p class='ocr_par' dir='ltr' id='par_1_62' title="bbox 367 4306 1947 4378">
     <span class='ocr_line' id='line_1_62' title="bbox 367 4306 1947 4378; baseline -0.004 -14"><span class='ocrx_word' id='word_1_413' title='bbox 367 4311 607 4375; x_wconf 79' lang='grc' dir='ltr'>ἑστῶτες</span> <span class='ocrx_word' id='word_1_414' title='bbox 645 4310 739 4363; x_wconf 74' lang='grc' dir='ltr'>ἐπὶ</span> <span class='ocrx_word' id='word_1_415' title='bbox 772 4309 881 4363; x_wconf 88' lang='grc' dir='ltr'>τῶν</span> <span class='ocrx_word' id='word_1_416' title='bbox 904 4307 1127 4378; x_wconf 86' lang='grc' dir='ltr'>τειχῶν.</span> <span class='ocrx_word' id='word_1_417' title='bbox 1171 4308 1338 4360; x_wconf 80' lang='grc' dir='ltr'>Ὅθεν</span> <span class='ocrx_word' id='word_1_418' title='bbox 1390 4308 1479 4360; x_wconf 89' lang='grc' dir='ltr'><strong>καί</strong></span> <span class='ocrx_word' id='word_1_419' title='bbox 1515 4324 1650 4360; x_wconf 85' lang='grc' dir='ltr'>ποτε</span> <span class='ocrx_word' id='word_1_420' title='bbox 1679 4306 1947 4376; x_wconf 79' lang='grc' dir='ltr'>βασιλέως</span> 
     </span>
    </p>
   </div>
   <div class='ocr_carea' id='block_1_63' title="bbox 366 4399 1949 4473">
    <p class='ocr_par' dir='ltr' id='par_1_63' title="bbox 366 4399 1949 4473">
     <span class='ocr_line' id='line_1_63' title="bbox 366 4399 1949 4473; baseline -0.005 -15"><span class='ocrx_word' id='word_1_421' title='bbox 366 4409 427 4458; x_wconf 82' lang='grc' dir='ltr'><strong>ὲν</strong></span> <span class='ocrx_word' id='word_1_422' title='bbox 482 4402 670 4466; x_wconf 85' lang='grc' dir='ltr'>ὅπλοις</span> <span class='ocrx_word' id='word_1_423' title='bbox 699 4403 990 4473; x_wconf 79' lang='grc' dir='ltr'>παριόντος</span> <span class='ocrx_word' id='word_1_424' title='bbox 1027 4400 1122 4453; x_wconf 73' lang='grc' dir='ltr'>καὶ</span> <span class='ocrx_word' id='word_1_425' title='bbox 1173 4400 1242 4453; x_wconf 86' lang='grc' dir='ltr'>τὰ</span> <span class='ocrx_word' id='word_1_426' title='bbox 1296 4400 1453 4469; x_wconf 87' lang='grc' dir='ltr'>τείχη</span> <span class='ocrx_word' id='word_1_427' title='bbox 1491 4399 1949 4469; x_wconf 71' lang='grc' dir='ltr'>κατασκεπτομέ-</span> 
     </span>
    </p>
   </div>
   <div class='ocr_carea' id='block_1_64' title="bbox 2058 1912 3649 1988">
    <p class='ocr_par' dir='ltr' id='par_1_64' title="bbox 2058 1912 3649 1988">
     <span class='ocr_line' id='line_1_64' title="bbox 2058 1912 3649 1988; baseline 0.007 -21"><span class='ocrx_word' id='word_1_428' title='bbox 2058 1912 2315 1982; x_wconf 89' lang='lat' dir='ltr'><strong>accipiat.</strong></span> <span class='ocrx_word' id='word_1_429' title='bbox 2345 1914 2439 1968; x_wconf 83' lang='lat' dir='ltr'><strong>Ille</strong></span> <span class='ocrx_word' id='word_1_430' title='bbox 2470 1914 2575 1971; x_wconf 89' lang='lat' dir='ltr'><strong>hoc</strong></span> <span class='ocrx_word' id='word_1_431' title='bbox 2599 1916 2795 1972; x_wconf 88' lang='lat' dir='ltr'><strong>nuntio</strong></span> <span class='ocrx_word' id='word_1_432' title='bbox 2819 1917 3062 1988; x_wconf 77' lang='lat' dir='ltr'><strong>gavisus,</strong></span> <span class='ocrx_word' id='word_1_433' title='bbox 3091 1931 3191 1975; x_wconf 79' lang='lat' dir='ltr'><strong>eos</strong></span> <span class='ocrx_word' id='word_1_434' title='bbox 3207 1929 3428 1985; x_wconf 84' lang='lat' dir='ltr'><strong>evocat,</strong></span> <span class='ocrx_word' id='word_1_435' title='bbox 3466 1921 3649 1977; x_wconf 80' lang='lat' dir='ltr'><strong>factu-</strong></span> 
     </span>
    </p>
   </div>
   <div class='ocr_carea' id='block_1_65' title="bbox 2059 2009 3650 2083">
    <p class='ocr_par' dir='ltr' id='par_1_65' title="bbox 2059 2009 3650 2083">
     <span class='ocr_line' id='line_1_65' title="bbox 2059 2009 3650 2083; baseline 0.005 -21"><span class='ocrx_word' id='word_1_436' title='bbox 2059 2024 2180 2064; x_wconf 91' lang='lat' dir='ltr'><strong>rum</strong></span> <span class='ocrx_word' id='word_1_437' title='bbox 2210 2024 2269 2064; x_wconf 89' lang='lat' dir='ltr'><strong>se</strong></span> <span class='ocrx_word' id='word_1_438' title='bbox 2314 2025 2439 2079; x_wconf 69' lang='lat' dir='ltr'><strong>qua:</strong></span> <span class='ocrx_word' id='word_1_439' title='bbox 2488 2018 2703 2080; x_wconf 87' lang='lat' dir='ltr'><strong>optent,</strong></span> <span class='ocrx_word' id='word_1_440' title='bbox 2731 2011 2937 2066; x_wconf 87' lang='lat' dir='ltr'><strong>omnia.</strong></span> <span class='ocrx_word' id='word_1_441' title='bbox 2974 2009 3213 2067; x_wconf 83' lang='lat' dir='ltr'><strong>Veniunt</strong></span> <span class='ocrx_word' id='word_1_442' title='bbox 3253 2012 3323 2067; x_wconf 89' lang='lat' dir='ltr'><strong>de</strong></span> <span class='ocrx_word' id='word_1_443' title='bbox 3376 2013 3559 2083; x_wconf 74' lang='lat' dir='ltr'><strong>plebe,</strong></span> <span class='ocrx_word' id='word_1_444' title='bbox 3588 2024 3650 2070; x_wconf 89' lang='lat' dir='ltr'><strong>et</strong></span> 
     </span>
    </p>
   </div>
   <div class='ocr_carea' id='block_1_66' title="bbox 2060 2102 3646 2177">
    <p class='ocr_par' dir='ltr' id='par_1_66' title="bbox 2060 2102 3646 2177">
     <span class='ocr_line' id='line_1_66' title="bbox 2060 2102 3646 2177; baseline 0.006 -21"><span class='ocrx_word' id='word_1_445' title='bbox 2060 2102 2424 2172; x_wconf 88' lang='lat' dir='ltr'><strong>optimatibus</strong></span> <span class='ocrx_word' id='word_1_446' title='bbox 2454 2103 2634 2174; x_wconf 86' lang='lat' dir='ltr'><strong>pauci,</strong></span> <span class='ocrx_word' id='word_1_447' title='bbox 2690 2104 2755 2158; x_wconf 88' lang='lat' dir='ltr'><strong>de</strong></span> <span class='ocrx_word' id='word_1_448' title='bbox 2798 2104 2946 2158; x_wconf 89' lang='lat' dir='ltr'><strong>clero</strong></span> <span class='ocrx_word' id='word_1_449' title='bbox 2976 2104 3106 2158; x_wconf 90' lang='lat' dir='ltr'><strong>item</strong></span> <span class='ocrx_word' id='word_1_450' title='bbox 3140 2106 3414 2161; x_wconf 89' lang='lat' dir='ltr'><strong>nonnulli.</strong></span> <span class='ocrx_word' id='word_1_451' title='bbox 3463 2109 3646 2177; x_wconf 81' lang='lat' dir='ltr'><strong>Atque</strong></span> 
     </span>
    </p>
   </div>
   <div class='ocr_carea' id='block_1_67' title="bbox 2060 2194 3646 2265">
    <p class='ocr_par' dir='ltr' id='par_1_67' title="bbox 2060 2194 3646 2265">
     <span class='ocr_line' id='line_1_67' title="bbox 2060 2194 3646 2265; baseline 0.006 -19"><span class='ocrx_word' id='word_1_452' title='bbox 2060 2201 2123 2247; x_wconf 93' lang='lat' dir='ltr'><strong>ut</strong></span> <span class='ocrx_word' id='word_1_453' title='bbox 2177 2207 2237 2248; x_wconf 91' lang='lat' dir='ltr'><strong>se</strong></span> <span class='ocrx_word' id='word_1_454' title='bbox 2293 2201 2598 2264; x_wconf 74' lang='lat' dir='ltr'><strong>purgarent</strong></span> <span class='ocrx_word' id='word_1_455' title='bbox 2658 2194 3097 2265; x_wconf 86' lang='lat' dir='ltr'><strong>quodammodo,</strong></span> <span class='ocrx_word' id='word_1_456' title='bbox 3137 2197 3299 2252; x_wconf 86' lang='lat' dir='ltr'><strong>aliter</strong></span> <span class='ocrx_word' id='word_1_457' title='bbox 3338 2212 3397 2253; x_wconf 86' lang='lat' dir='ltr'><strong>se</strong></span> <span class='ocrx_word' id='word_1_458' title='bbox 3463 2197 3646 2255; x_wconf 80' lang='lat' dir='ltr'><strong>facere</strong></span> 
     </span>
    </p>
   </div>
   <div class='ocr_carea' id='block_1_68' title="bbox 2060 2286 3701 2362">
    <p class='ocr_par' dir='ltr' id='par_1_68' title="bbox 2060 2286 3701 2362">
     <span class='ocr_line' id='line_1_68' title="bbox 2060 2286 3701 2362; baseline 0.006 -23"><span class='ocrx_word' id='word_1_459' title='bbox 2060 2286 2346 2356; x_wconf 85' lang='lat' dir='ltr'><strong>nequiisse</strong></span> <span class='ocrx_word' id='word_1_460' title='bbox 2396 2286 2693 2352; x_wconf 85' lang='lat' dir='ltr'><strong>dixerunt,_</strong></span> <span class='ocrx_word' id='word_1_461' title='bbox 2761 2295 3055 2357; x_wconf 87' lang='lat' dir='ltr'><strong>propterea</strong></span> <span class='ocrx_word' id='word_1_462' title='bbox 3121 2289 3269 2360; x_wconf 89' lang='lat' dir='ltr'><strong>quod</strong></span> <span class='ocrx_word' id='word_1_463' title='bbox 3324 2293 3646 2362; x_wconf 84' lang='lat' dir='ltr'><strong>nuperrime</strong></span> <span class='ocrx_word' id='word_1_464' title='bbox 3698 2306 3701 2309; x_wconf 87' lang='lat'>&#39;</span> 
     </span>
    </p>
   </div>
   <div class='ocr_carea' id='block_1_69' title="bbox 2059 2380 3638 2453">
    <p class='ocr_par' dir='ltr' id='par_1_69' title="bbox 2059 2380 3638 2453">
     <span class='ocr_line' id='line_1_69' title="bbox 2059 2380 3638 2453; baseline 0.005 -21"><span class='ocrx_word' id='word_1_465' title='bbox 2059 2387 2402 2433; x_wconf 83' lang='lat' dir='ltr'><strong>sacramento</strong></span> <span class='ocrx_word' id='word_1_466' title='bbox 2432 2387 2702 2448; x_wconf 90' lang='lat' dir='ltr'><strong>concepto</strong></span> <span class='ocrx_word' id='word_1_467' title='bbox 2732 2380 3154 2449; x_wconf 82' lang='lat' dir='ltr'><strong>spoponderim,</strong></span> <span class='ocrx_word' id='word_1_468' title='bbox 3183 2398 3240 2436; x_wconf 85' lang='lat' dir='ltr'><strong>se</strong></span> <span class='ocrx_word' id='word_1_469' title='bbox 3268 2381 3638 2453; x_wconf 82' lang='lat' dir='ltr'><strong>imperatrieis</strong></span> 
     </span>
    </p>
   </div>
   <div class='ocr_carea' id='block_1_70' title="bbox 2059 2469 3632 2546">
    <p class='ocr_par' dir='ltr' id='par_1_70' title="bbox 2059 2469 3632 2546">
     <span class='ocr_line' id='line_1_70' title="bbox 2059 2469 3632 2546; baseline 0.006 -24"><span class='ocrx_word' id='word_1_470' title='bbox 2059 2469 2313 2524; x_wconf 85' lang='lat' dir='ltr'><strong>hostibus</strong></span> <span class='ocrx_word' id='word_1_471' title='bbox 2343 2478 2606 2546; x_wconf 81' lang='lat' dir='ltr'><strong>quantum</strong></span> <span class='ocrx_word' id='word_1_472' title='bbox 2646 2469 2896 2525; x_wconf 73' lang='lat' dir='ltr'><strong>valerent</strong></span> <span class='ocrx_word' id='word_1_473' title='bbox 2932 2472 3244 2528; x_wconf 84' lang='lat' dir='ltr'><strong>restituros.</strong></span> <span class='ocrx_word' id='word_1_474' title='bbox 3269 2473 3423 2536; x_wconf 83' lang='lat' dir='ltr'><strong>Quod</strong></span> <span class='ocrx_word' id='word_1_475' title='bbox 3449 2476 3632 2546; x_wconf 78' lang='lat' dir='ltr'><strong>juras~</strong></span> 
     </span>
    </p>
   </div>
   <div class='ocr_carea' id='block_1_71' title="bbox 2060 2540 3631 2634">
    <p class='ocr_par' dir='ltr' id='par_1_71' title="bbox 2060 2540 3631 2634">
     <span class='ocr_line' id='line_1_71' title="bbox 2060 2540 3631 2634; baseline 0.007 -21"><span class='ocrx_word' id='word_1_476' title='bbox 2060 2565 2204 2623; x_wconf 86' lang='lat' dir='ltr'><strong>sent,</strong></span> <span class='ocrx_word' id='word_1_477' title='bbox 2233 2540 2556 2628; x_wconf 60' lang='lat' dir='ltr'><strong>praestitisse</strong></span> <span class='ocrx_word' id='word_1_478' title='bbox 2585 2558 2855 2615; x_wconf 89' lang='lat' dir='ltr'><strong>hactenus</strong></span> <span class='ocrx_word' id='word_1_479' title='bbox 2908 2562 3142 2616; x_wconf 76' lang='lat' dir='ltr'><strong>ﬁdeliter</strong></span> <span class='ocrx_word' id='word_1_480' title='bbox 3176 2581 3190 2617; x_wconf 92' lang='lat'>:</span> <span class='ocrx_word' id='word_1_481' title='bbox 3220 2572 3274 2618; x_wconf 89' lang='lat' dir='ltr'><strong>et</strong></span> <span class='ocrx_word' id='word_1_482' title='bbox 3297 2540 3631 2634; x_wconf 43' lang='lat' dir='ltr'><strong>quod&#39;nunc</strong></span> 
     </span>
    </p>
   </div>
   <div class='ocr_carea' id='block_1_72' title="bbox 2059 2650 3638 2727">
    <p class='ocr_par' dir='ltr' id='par_1_72' title="bbox 2059 2650 3638 2727">
     <span class='ocr_line' id='line_1_72' title="bbox 2059 2650 3638 2727; baseline 0.008 -25"><span class='ocrx_word' id='word_1_483' title='bbox 2059 2664 2149 2705; x_wconf 91' lang='lat' dir='ltr'><strong>res</strong></span> <span class='ocrx_word' id='word_1_484' title='bbox 2197 2650 2314 2720; x_wconf 86' lang='lat' dir='ltr'><strong>ipsa</strong></span> <span class='ocrx_word' id='word_1_485' title='bbox 2371 2650 2506 2705; x_wconf 90' lang='lat' dir='ltr'><strong>utile</strong></span> <span class='ocrx_word' id='word_1_486' title='bbox 2561 2651 2811 2706; x_wconf 81' lang='lat' dir='ltr'><strong>futurum</strong></span> <span class='ocrx_word' id='word_1_487' title='bbox 2849 2654 3067 2721; x_wconf 83' lang='lat' dir='ltr'><strong>doceat,</strong></span> <span class='ocrx_word' id='word_1_488' title='bbox 3120 2653 3172 2708; x_wconf 88' lang='lat' dir='ltr'><strong>id</strong></span> <span class='ocrx_word' id='word_1_489' title='bbox 3234 2671 3394 2727; x_wconf 67' lang='lat' dir='ltr'><strong>aequo</strong></span> <span class='ocrx_word' id='word_1_490' title='bbox 3449 2659 3638 2715; x_wconf 88' lang='lat' dir='ltr'><strong>animo</strong></span> 
     </span>
    </p>
   </div>
   <div class='ocr_carea' id='block_1_73' title="bbox 2060 2740 3644 2814">
    <p class='ocr_par' dir='ltr' id='par_1_73' title="bbox 2060 2740 3644 2814">
     <span class='ocr_line' id='line_1_73' title="bbox 2060 2740 3644 2814; baseline 0.007 -20"><span class='ocrx_word' id='word_1_491' title='bbox 2060 2740 2325 2795; x_wconf 68' lang='lat' dir='ltr'><strong>iac-turos.</strong></span> <span class='ocrx_word' id='word_1_492' title='bbox 2358 2743 2560 2797; x_wconf 85' lang='lat' dir='ltr'><strong>Putare</strong></span> <span class='ocrx_word' id='word_1_493' title='bbox 2601 2743 2788 2812; x_wconf 83' lang='lat' dir='ltr'><strong>igitur,</strong></span> <span class='ocrx_word' id='word_1_494' title='bbox 2837 2760 2897 2800; x_wconf 92' lang='lat' dir='ltr'><strong>se</strong></span> <span class='ocrx_word' id='word_1_495' title='bbox 2925 2744 3120 2814; x_wconf 78' lang='lat' dir='ltr'><strong>dignos</strong></span> <span class='ocrx_word' id='word_1_496' title='bbox 3151 2762 3276 2802; x_wconf 82' lang='lat' dir='ltr'><strong>esse</strong></span> <span class='ocrx_word' id='word_1_497' title='bbox 3319 2751 3502 2805; x_wconf 86' lang='lat' dir='ltr'><strong>venia.</strong></span> <span class='ocrx_word' id='word_1_498' title='bbox 3535 2750 3644 2807; x_wconf 93' lang='lat' dir='ltr'><strong>Cu-</strong></span> 
     </span>
    </p>
   </div>
   <div class='ocr_carea' id='block_1_74' title="bbox 2058 2835 3643 2912">
    <p class='ocr_par' dir='ltr' id='par_1_74' title="bbox 2058 2835 3643 2912">
     <span class='ocr_line' id='line_1_74' title="bbox 2058 2835 3643 2912; baseline 0.006 -25"><span class='ocrx_word' id='word_1_499' title='bbox 2058 2849 2190 2903; x_wconf 88' lang='lat' dir='ltr'><strong>pere</strong></span> <span class='ocrx_word' id='word_1_500' title='bbox 2250 2843 2429 2889; x_wconf 83' lang='lat' dir='ltr'><strong>tamen</strong></span> <span class='ocrx_word' id='word_1_501' title='bbox 2486 2835 2849 2906; x_wconf 83' lang='lat' dir='ltr'><strong>jurejurando</strong></span> <span class='ocrx_word' id='word_1_502' title='bbox 2904 2838 3010 2892; x_wconf 90' lang='lat' dir='ltr'><strong>sibi</strong></span> <span class='ocrx_word' id='word_1_503' title='bbox 3069 2840 3275 2905; x_wconf 85' lang='lat' dir='ltr'><strong>caveri,</strong></span> <span class='ocrx_word' id='word_1_504' title='bbox 3335 2842 3412 2896; x_wconf 88' lang='lat' dir='ltr'><strong>nii</strong></span> <span class='ocrx_word' id='word_1_505' title='bbox 3474 2858 3643 2912; x_wconf 80' lang='lat' dir='ltr'><strong>grave</strong></span> 
     </span>
    </p>
   </div>
   <div class='ocr_carea' id='block_1_75' title="bbox 2058 2926 3640 2997">
    <p class='ocr_par' dir='ltr' id='par_1_75' title="bbox 2058 2926 3640 2997">
     <span class='ocr_line' id='line_1_75' title="bbox 2058 2926 3640 2997; baseline 0.009 -22"><span class='ocrx_word' id='word_1_506' title='bbox 2058 2940 2319 2995; x_wconf 68' lang='lat' dir='ltr'><strong>passuros</strong></span> <span class='ocrx_word' id='word_1_507' title='bbox 2334 2926 2405 2981; x_wconf 90' lang='lat' dir='ltr'><strong>ob</strong></span> <span class='ocrx_word' id='word_1_508' title='bbox 2428 2942 2490 2981; x_wconf 86' lang='lat' dir='ltr'><strong>ea</strong></span> <span class='ocrx_word' id='word_1_509' title='bbox 2512 2942 2633 2997; x_wconf 76' lang='lat' dir='ltr'><strong>qua:</strong></span> <span class='ocrx_word' id='word_1_510' title='bbox 2647 2928 2980 2985; x_wconf 88' lang='lat' dir='ltr'><strong>durantibus</strong></span> <span class='ocrx_word' id='word_1_511' title='bbox 3010 2933 3182 2986; x_wconf 86' lang='lat' dir='ltr'><strong>armis</strong></span> <span class='ocrx_word' id='word_1_512' title='bbox 3205 2935 3640 2996; x_wconf 81' lang='lat' dir='ltr'><strong>commisissent.</strong></span> 
     </span>
    </p>
   </div>
   <div class='ocr_carea' id='block_1_76' title="bbox 2054 3017 3640 3090">
    <p class='ocr_par' dir='ltr' id='par_1_76' title="bbox 2054 3017 3640 3090">
     <span class='ocr_line' id='line_1_76' title="bbox 2054 3017 3640 3090; baseline 0.008 -19"><span class='ocrx_word' id='word_1_513' title='bbox 2054 3017 2125 3072; x_wconf 78' lang='grc' dir='ltr'><strong>οι)</strong></span> <span class='ocrx_word' id='word_1_514' title='bbox 2154 3018 2404 3072; x_wconf 82' lang='lat' dir='ltr'><strong>convicia</strong></span> <span class='ocrx_word' id='word_1_515' title='bbox 2440 3019 2673 3087; x_wconf 82' lang='lat' dir='ltr'><strong>scilicet,</strong></span> <span class='ocrx_word' id='word_1_516' title='bbox 2724 3036 2847 3090; x_wconf 76' lang='lat' dir='ltr'><strong>quae</strong></span> <span class='ocrx_word' id='word_1_517' title='bbox 2876 3037 2984 3075; x_wconf 91' lang='lat' dir='ltr'><strong>non</strong></span> <span class='ocrx_word' id='word_1_518' title='bbox 3034 3023 3156 3078; x_wconf 86' lang='lat' dir='ltr'><strong>sine</strong></span> <span class='ocrx_word' id='word_1_519' title='bbox 3187 3039 3405 3081; x_wconf 89' lang='lat' dir='ltr'><strong>summo</strong></span> <span class='ocrx_word' id='word_1_520' title='bbox 3449 3027 3640 3084; x_wconf 87' lang='lat' dir='ltr'><strong>dolore</strong></span> 
     </span>
    </p>
   </div>
   <div class='ocr_carea' id='block_1_77' title="bbox 2056 3109 3638 3183">
    <p class='ocr_par' dir='ltr' id='par_1_77' title="bbox 2056 3109 3638 3183">
     <span class='ocr_line' id='line_1_77' title="bbox 2056 3109 3638 3183; baseline 0.009 -21"><span class='ocrx_word' id='word_1_521' title='bbox 2056 3109 2298 3163; x_wconf 78' lang='lat' dir='ltr'><strong>virorUm</strong></span> <span class='ocrx_word' id='word_1_522' title='bbox 2372 3111 2621 3181; x_wconf 80' lang='lat' dir='ltr'><strong>gravium</strong></span> <span class='ocrx_word' id='word_1_523' title='bbox 2657 3153 2672 3178; x_wconf 90' lang='lat'><strong>,</strong></span> <span class='ocrx_word' id='word_1_524' title='bbox 2736 3113 2934 3183; x_wconf 74' lang='lat' dir='ltr'><strong>objecti</strong></span> <span class='ocrx_word' id='word_1_525' title='bbox 2969 3156 2982 3178; x_wconf 92' lang='lat'><strong>,</strong></span> <span class='ocrx_word' id='word_1_526' title='bbox 3044 3126 3100 3170; x_wconf 91' lang='lat' dir='ltr'><strong>et</strong></span> <span class='ocrx_word' id='word_1_527' title='bbox 3160 3118 3323 3172; x_wconf 89' lang='lat' dir='ltr'><strong>nauci</strong></span> <span class='ocrx_word' id='word_1_528' title='bbox 3384 3118 3638 3176; x_wconf 76' lang='lat' dir='ltr'><strong>homines</strong></span> 
     </span>
    </p>
   </div>
   <div class='ocr_carea' id='block_1_78' title="bbox 2056 3199 3638 3281">
    <p class='ocr_par' dir='ltr' id='par_1_78' title="bbox 2056 3199 3638 3281">
     <span class='ocr_line' id='line_1_78' title="bbox 2056 3199 3638 3281; baseline 0.01 -29"><span class='ocrx_word' id='word_1_529' title='bbox 2056 3199 2275 3269; x_wconf 87' lang='lat' dir='ltr'><strong>procaci</strong></span> <span class='ocrx_word' id='word_1_530' title='bbox 2295 3201 2479 3270; x_wconf 77' lang='lat' dir='ltr'><strong>lingua</strong></span> <span class='ocrx_word' id='word_1_531' title='bbox 2510 3201 2564 3256; x_wconf 92' lang='lat' dir='ltr'><strong>in</strong></span> <span class='ocrx_word' id='word_1_532' title='bbox 2583 3217 2709 3257; x_wconf 91' lang='lat' dir='ltr'><strong>eum</strong></span> <span class='ocrx_word' id='word_1_533' title='bbox 2739 3205 3131 3266; x_wconf 80' lang='lat' dir='ltr'><strong>contorserint.</strong></span> <span class='ocrx_word' id='word_1_534' title='bbox 3160 3207 3336 3263; x_wconf 84' lang='lat' dir='ltr'><strong>Nullis</strong></span> <span class='ocrx_word' id='word_1_535' title='bbox 3361 3210 3638 3281; x_wconf 84' lang='lat' dir='ltr'><strong>siquidem</strong></span> 
     </span>
    </p>
   </div>
   <div class='ocr_carea' id='block_1_79' title="bbox 2055 3290 3637 3364">
    <p class='ocr_par' dir='ltr' id='par_1_79' title="bbox 2055 3290 3637 3364">
     <span class='ocr_line' id='line_1_79' title="bbox 2055 3290 3637 3364; baseline 0.008 -24"><span class='ocrx_word' id='word_1_536' title='bbox 2055 3290 2279 3358; x_wconf 86' lang='lat' dir='ltr'><strong>probris</strong></span> <span class='ocrx_word' id='word_1_537' title='bbox 2335 3299 2547 3345; x_wconf 85' lang='lat' dir='ltr'><strong>stantes</strong></span> <span class='ocrx_word' id='word_1_538' title='bbox 2588 3291 2646 3345; x_wconf 89' lang='lat' dir='ltr'><strong>in</strong></span> <span class='ocrx_word' id='word_1_539' title='bbox 2720 3292 2897 3345; x_wconf 90' lang='lat' dir='ltr'><strong>muris</strong></span> <span class='ocrx_word' id='word_1_540' title='bbox 2956 3294 3255 3364; x_wconf 86' lang='lat' dir='ltr'><strong>parcebant</strong></span> <span class='ocrx_word' id='word_1_541' title='bbox 3302 3314 3314 3348; x_wconf 92' lang='lat'>:</span> <span class='ocrx_word' id='word_1_542' title='bbox 3362 3307 3419 3350; x_wconf 90' lang='lat' dir='ltr'><strong>ut</strong></span> <span class='ocrx_word' id='word_1_543' title='bbox 3468 3299 3637 3353; x_wconf 86' lang='lat' dir='ltr'><strong>etiam</strong></span> 
     </span>
    </p>
   </div>
   <div class='ocr_carea' id='block_1_80' title="bbox 2055 3382 3638 3453">
    <p class='ocr_par' dir='ltr' id='par_1_80' title="bbox 2055 3382 3638 3453">
     <span class='ocr_line' id='line_1_80' title="bbox 2055 3382 3638 3453; baseline 0.007 -19"><span class='ocrx_word' id='word_1_544' title='bbox 2055 3382 2353 3451; x_wconf 85' lang='lat' dir='ltr'><strong>aliquando</strong></span> <span class='ocrx_word' id='word_1_545' title='bbox 2373 3391 2589 3436; x_wconf 88' lang='lat' dir='ltr'><strong>armato</strong></span> <span class='ocrx_word' id='word_1_546' title='bbox 2620 3382 2957 3453; x_wconf 82' lang='lat' dir='ltr'><strong>imperatore</strong></span> <span class='ocrx_word' id='word_1_547' title='bbox 2995 3386 3318 3452; x_wconf 84' lang='lat' dir='ltr'><strong>accedente,</strong></span> <span class='ocrx_word' id='word_1_548' title='bbox 3343 3396 3397 3441; x_wconf 91' lang='lat' dir='ltr'><strong>et</strong></span> <span class='ocrx_word' id='word_1_549' title='bbox 3431 3390 3638 3444; x_wconf 72' lang='lat' dir='ltr'><strong>mtenia</strong></span> 
     </span>
    </p>
   </div>
   <div class='ocr_carea' id='block_1_81' title="bbox 2054 3460 3636 3550">
    <p class='ocr_par' dir='ltr' id='par_1_81' title="bbox 2054 3460 3636 3550">
     <span class='ocr_line' id='line_1_81' title="bbox 2054 3460 3636 3550; baseline 0.006 -24"><span class='ocrx_word' id='word_1_550' title='bbox 2054 3483 2284 3543; x_wconf 87' lang='lat' dir='ltr'><strong>propter</strong></span> <span class='ocrx_word' id='word_1_551' title='bbox 2310 3474 2774 3545; x_wconf 77' lang='lat' dir='ltr'><strong>Oppugnationem</strong></span> <span class='ocrx_word' id='word_1_552' title='bbox 2802 3477 3233 3546; x_wconf 89' lang='lat' dir='ltr'><strong>contemplante,</strong></span> <span class='ocrx_word' id='word_1_553' title='bbox 3281 3460 3392 3534; x_wconf 73' lang='lat' dir='ltr'><strong>tres</strong></span> <span class='ocrx_word' id='word_1_554' title='bbox 3412 3480 3636 3550; x_wconf 88' lang='lat' dir='ltr'><strong>quidam</strong></span> 
     </span>
    </p>
   </div>
   <div class='ocr_carea' id='block_1_82' title="bbox 2055 3568 3637 3642">
    <p class='ocr_par' dir='ltr' id='par_1_82' title="bbox 2055 3568 3637 3642">
     <span class='ocr_line' id='line_1_82' title="bbox 2055 3568 3637 3642; baseline 0.007 -22"><span class='ocrx_word' id='word_1_555' title='bbox 2055 3582 2120 3622; x_wconf 90' lang='lat' dir='ltr'><strong>co</strong></span> <span class='ocrx_word' id='word_1_556' title='bbox 2145 3568 2368 3638; x_wconf 77' lang='lat' dir='ltr'><strong>cognito</strong></span> <span class='ocrx_word' id='word_1_557' title='bbox 2389 3568 2620 3623; x_wconf 76' lang='lat' dir='ltr'><strong>eﬂ&#39;usius</strong></span> <span class='ocrx_word' id='word_1_558' title='bbox 2650 3570 3060 3624; x_wconf 85' lang='lat' dir='ltr'><strong>maledicerent.</strong></span> <span class='ocrx_word' id='word_1_559' title='bbox 3092 3568 3197 3635; x_wconf 85' lang='lat' dir='ltr'><strong>Qui</strong></span> <span class='ocrx_word' id='word_1_560' title='bbox 3224 3573 3451 3642; x_wconf 87' lang='lat' dir='ltr'><strong>propius</strong></span> <span class='ocrx_word' id='word_1_561' title='bbox 3476 3588 3637 3631; x_wconf 89' lang='lat' dir='ltr'><strong>acce-</strong></span> 
     </span>
    </p>
   </div>
   <div class='ocr_carea' id='block_1_83' title="bbox 2064 3659 3639 3734">
    <p class='ocr_par' dir='ltr' id='par_1_83' title="bbox 2064 3659 3639 3734">
     <span class='ocr_line' id='line_1_83' title="bbox 2064 3659 3639 3734; baseline 0.007 -21"><span class='ocrx_word' id='word_1_562' title='bbox 2064 3659 2203 3715; x_wconf 88' lang='lat' dir='ltr'><strong>dens</strong></span> <span class='ocrx_word' id='word_1_563' title='bbox 2261 3661 2567 3730; x_wconf 73' lang='lat' dir='ltr'><strong>quaesivit,</strong></span> <span class='ocrx_word' id='word_1_564' title='bbox 2626 3677 2759 3716; x_wconf 88' lang='lat' dir='ltr'><strong>num</strong></span> <span class='ocrx_word' id='word_1_565' title='bbox 2810 3663 3048 3718; x_wconf 87' lang='lat' dir='ltr'><strong>scientes</strong></span> <span class='ocrx_word' id='word_1_566' title='bbox 3091 3664 3219 3734; x_wconf 86' lang='lat' dir='ltr'><strong>quis</strong></span> <span class='ocrx_word' id='word_1_567' title='bbox 3271 3675 3436 3731; x_wconf 88' lang='lat' dir='ltr'><strong>esset,</strong></span> <span class='ocrx_word' id='word_1_568' title='bbox 3499 3668 3639 3724; x_wconf 87' lang='lat' dir='ltr'><strong>adeo</strong></span> 
     </span>
    </p>
   </div>
   <div class='ocr_carea' id='block_1_84' title="bbox 2055 3735 3640 3816">
    <p class='ocr_par' dir='ltr' id='par_1_84' title="bbox 2055 3735 3640 3816">
     <span class='ocr_line' id='line_1_84' title="bbox 2055 3735 3640 3816; baseline 0.006 -10"><span class='ocrx_word' id='word_1_569' title='bbox 2055 3753 2360 3808; x_wconf 83' lang='lat' dir='ltr'><strong>liberaliter</strong></span> <span class='ocrx_word' id='word_1_570' title='bbox 2394 3735 2760 3809; x_wconf 69' lang='lat' dir='ltr'><strong>contumelias</strong></span> <span class='ocrx_word' id='word_1_571' title='bbox 2816 3755 3088 3810; x_wconf 85' lang='lat' dir='ltr'><strong>dicerent.</strong></span> <span class='ocrx_word' id='word_1_572' title='bbox 3144 3755 3349 3811; x_wconf 84' lang='lat' dir='ltr'><strong>Eorum</strong></span> <span class='ocrx_word' id='word_1_573' title='bbox 3389 3774 3500 3813; x_wconf 91' lang='lat' dir='ltr'><strong>uno</strong></span> <span class='ocrx_word' id='word_1_574' title='bbox 3549 3777 3640 3816; x_wconf 86' lang='lat' dir='ltr'><strong>re-</strong></span> 
     </span>
    </p>
   </div>
   <div class='ocr_carea' id='block_1_85' title="bbox 2053 3846 3630 3919">
    <p class='ocr_par' dir='ltr' id='par_1_85' title="bbox 2053 3846 3630 3919">
     <span class='ocr_line' id='line_1_85' title="bbox 2053 3846 3630 3919; baseline 0.006 -21"><span class='ocrx_word' id='word_1_575' title='bbox 2053 3846 2383 3916; x_wconf 83' lang='lat' dir='ltr'><strong>spondente,</strong></span> <span class='ocrx_word' id='word_1_576' title='bbox 2451 3849 2688 3903; x_wconf 76' lang='lat' dir='ltr'><strong>maxime</strong></span> <span class='ocrx_word' id='word_1_577' title='bbox 2727 3857 2783 3902; x_wconf 83' lang='lat' dir='ltr'><strong>et</strong></span> <span class='ocrx_word' id='word_1_578' title='bbox 2844 3848 3053 3902; x_wconf 68' lang='lat' dir='ltr'><strong>idcirco</strong></span> <span class='ocrx_word' id='word_1_579' title='bbox 3107 3850 3307 3919; x_wconf 88' lang='lat' dir='ltr'><strong>probra</strong></span> <span class='ocrx_word' id='word_1_580' title='bbox 3373 3850 3630 3918; x_wconf 79' lang='lat' dir='ltr'><strong>fundere,</strong></span> 
     </span>
    </p>
   </div>
   <div class='ocr_carea' id='block_1_86' title="bbox 2054 3938 3632 4013">
    <p class='ocr_par' dir='ltr' id='par_1_86' title="bbox 2054 3938 3632 4013">
     <span class='ocr_line' id='line_1_86' title="bbox 2054 3938 3632 4013; baseline 0.005 -20"><span class='ocrx_word' id='word_1_581' title='bbox 2054 3939 2260 4008; x_wconf 84' lang='lat' dir='ltr'><strong>quibus</strong></span> <span class='ocrx_word' id='word_1_582' title='bbox 2284 3938 2399 4009; x_wconf 88' lang='lat' dir='ltr'><strong>ipse</strong></span> <span class='ocrx_word' id='word_1_583' title='bbox 2447 3942 2635 3995; x_wconf 86' lang='lat' dir='ltr'><strong>multis</strong></span> <span class='ocrx_word' id='word_1_584' title='bbox 2668 3941 2862 4011; x_wconf 79' lang='lat' dir='ltr'><strong>dignus</strong></span> <span class='ocrx_word' id='word_1_585' title='bbox 2910 3951 3078 4007; x_wconf 80' lang='lat' dir='ltr'><strong>esset,</strong></span> <span class='ocrx_word' id='word_1_586' title='bbox 3122 3944 3271 4012; x_wconf 88' lang='lat' dir='ltr'><strong>quod</strong></span> <span class='ocrx_word' id='word_1_587' title='bbox 3299 3943 3473 4000; x_wconf 84' lang='lat' dir='ltr'><strong>fracta</strong></span> <span class='ocrx_word' id='word_1_588' title='bbox 3504 3945 3632 4013; x_wconf 77' lang='lat' dir='ltr'><strong>(ide,</strong></span> 
     </span>
    </p>
   </div>
   <div class='ocr_carea' id='block_1_87' title="bbox 2054 4031 3634 4107">
    <p class='ocr_par' dir='ltr' id='par_1_87' title="bbox 2054 4031 3634 4107">
     <span class='ocr_line' id='line_1_87' title="bbox 2054 4031 3634 4107; baseline 0.005 -22"><span class='ocrx_word' id='word_1_589' title='bbox 2054 4032 2407 4101; x_wconf 82' lang='lat' dir='ltr'><strong>imperatoris</strong></span> <span class='ocrx_word' id='word_1_590' title='bbox 2463 4031 2656 4088; x_wconf 88' lang='lat' dir='ltr'><strong>liberis</strong></span> <span class='ocrx_word' id='word_1_591' title='bbox 2707 4033 3109 4099; x_wconf 75' lang='lat' dir='ltr'><strong>insidiaretur,</strong></span> <span class='ocrx_word' id='word_1_592' title='bbox 3162 4050 3466 4107; x_wconf 83' lang='lat' dir='ltr'><strong>omnesque</strong></span> <span class='ocrx_word' id='word_1_593' title='bbox 3513 4041 3634 4094; x_wconf 82' lang='lat' dir='ltr'><strong>vias</strong></span> 
     </span>
    </p>
   </div>
   <div class='ocr_carea' id='block_1_88' title="bbox 2055 4124 3630 4195">
    <p class='ocr_par' dir='ltr' id='par_1_88' title="bbox 2055 4124 3630 4195">
     <span class='ocr_line' id='line_1_88' title="bbox 2055 4124 3630 4195; baseline 0.004 -17"><span class='ocrx_word' id='word_1_594' title='bbox 2055 4124 2361 4194; x_wconf 78' lang='lat' dir='ltr'><strong>indagaret,</strong></span> <span class='ocrx_word' id='word_1_595' title='bbox 2386 4140 2496 4194; x_wconf 79' lang='lat' dir='ltr'><strong>quo</strong></span> <span class='ocrx_word' id='word_1_596' title='bbox 2531 4124 2655 4179; x_wconf 90' lang='lat' dir='ltr'><strong>illos</strong></span> <span class='ocrx_word' id='word_1_597' title='bbox 2683 4125 2965 4180; x_wconf 79' lang='lat' dir='ltr'><strong>meditatae</strong></span> <span class='ocrx_word' id='word_1_598' title='bbox 2997 4126 3063 4179; x_wconf 88' lang='lat' dir='ltr'><strong>ab</strong></span> <span class='ocrx_word' id='word_1_599' title='bbox 3094 4142 3151 4180; x_wconf 88' lang='lat' dir='ltr'><strong>se</strong></span> <span class='ocrx_word' id='word_1_600' title='bbox 3185 4129 3352 4183; x_wconf 90' lang='lat' dir='ltr'><strong>morti</strong></span> <span class='ocrx_word' id='word_1_601' title='bbox 3380 4128 3630 4195; x_wconf 75' lang='lat' dir='ltr'><strong>oﬂ‘erret,</strong></span> 
     </span>
    </p>
   </div>
   <div class='ocr_carea' id='block_1_89' title="bbox 2053 4214 3629 4291">
    <p class='ocr_par' dir='ltr' id='par_1_89' title="bbox 2053 4214 3629 4291">
     <span class='ocr_line' id='line_1_89' title="bbox 2053 4214 3629 4291; baseline 0.007 -24"><span class='ocrx_word' id='word_1_602' title='bbox 2053 4229 2083 4267; x_wconf 91' lang='lat' dir='ltr'><strong>a</strong></span> <span class='ocrx_word' id='word_1_603' title='bbox 2160 4214 2361 4283; x_wconf 88' lang='lat' dir='ltr'><strong>quibus</strong></span> <span class='ocrx_word' id='word_1_604' title='bbox 2427 4215 2632 4268; x_wconf 85' lang='lat' dir='ltr'><strong>nullam</strong></span> <span class='ocrx_word' id='word_1_605' title='bbox 2692 4231 2937 4285; x_wconf 86' lang='lat' dir='ltr'><strong>unquam</strong></span> <span class='ocrx_word' id='word_1_606' title='bbox 3003 4218 3271 4274; x_wconf 80' lang='lat' dir='ltr'><strong>sensisset</strong></span> <span class='ocrx_word' id='word_1_607' title='bbox 3336 4220 3629 4291; x_wconf 86' lang='lat' dir='ltr'><strong>injuriam,</strong></span> 
     </span>
    </p>
   </div>
   <div class='ocr_carea' id='block_1_90' title="bbox 2052 4305 3630 4380">
    <p class='ocr_par' dir='ltr' id='par_1_90' title="bbox 2052 4305 3630 4380">
     <span class='ocr_line' id='line_1_90' title="bbox 2052 4305 3630 4380; baseline 0.007 -21"><span class='ocrx_word' id='word_1_608' title='bbox 2052 4305 2284 4373; x_wconf 82' lang='lat' dir='ltr'><strong>Quando</strong></span> <span class='ocrx_word' id='word_1_609' title='bbox 2307 4315 2515 4372; x_wconf 86' lang='lat' dir='ltr'><strong>autem,</strong></span> <span class='ocrx_word' id='word_1_610' title='bbox 2550 4309 2759 4377; x_wconf 82' lang='lat' dir='ltr'><strong>excepit</strong></span> <span class='ocrx_word' id='word_1_611' title='bbox 2786 4308 3228 4373; x_wconf 78' lang='lat' dir='ltr'><strong>Cantacuzenus,</strong></span> <span class='ocrx_word' id='word_1_612' title='bbox 3276 4312 3328 4365; x_wconf 91' lang='lat' dir='ltr'><strong>in</strong></span> <span class='ocrx_word' id='word_1_613' title='bbox 3355 4312 3630 4380; x_wconf 75' lang='lat' dir='ltr'><strong>iudicium</strong></span> 
     </span>
    </p>
   </div>
   <div class='ocr_carea' id='block_1_91' title="bbox 2052 4400 3628 4477">
    <p class='ocr_par' dir='ltr' id='par_1_91' title="bbox 2052 4400 3628 4477">
     <span class='ocr_line' id='line_1_91' title="bbox 2052 4400 3628 4477; baseline 0.008 -27"><span class='ocrx_word' id='word_1_614' title='bbox 2052 4414 2140 4452; x_wconf 89' lang='lat' dir='ltr'><strong>me</strong></span> <span class='ocrx_word' id='word_1_615' title='bbox 2181 4401 2607 4469; x_wconf 80' lang='lat' dir='ltr'><strong>vocatum,un</strong></span> <span class='ocrx_word' id='word_1_616' title='bbox 2656 4400 2958 4456; x_wconf 87' lang='lat' dir='ltr'><strong>dissolvere</strong></span> <span class='ocrx_word' id='word_1_617' title='bbox 3003 4403 3236 4457; x_wconf 86' lang='lat' dir='ltr'><strong>crimina</strong></span> <span class='ocrx_word' id='word_1_618' title='bbox 3289 4422 3397 4460; x_wconf 78' lang='lat' dir='ltr'><strong>non</strong></span> <span class='ocrx_word' id='word_1_619' title='bbox 3447 4412 3628 4477; x_wconf 80' lang='lat' dir='ltr'><strong>potui.</strong></span> 
     </span>
    </p>
   </div>
   <div class='ocr_carea' id='block_1_92' title="bbox 369 4490 1949 4573">
    <p class='ocr_par' dir='ltr' id='par_1_92' title="bbox 369 4490 1947 4568">
     <span class='ocr_line' id='line_1_92' title="bbox 369 4490 1947 4568; baseline -0.004 -16"><span class='ocrx_word' id='word_1_620' title='bbox 369 4517 464 4552; x_wconf 79' lang='grc' dir='ltr'><strong>νου</strong></span> <span class='ocrx_word' id='word_1_621' title='bbox 507 4498 597 4551; x_wconf 79' lang='grc' dir='ltr'>διὰ</span> <span class='ocrx_word' id='word_1_622' title='bbox 645 4497 743 4568; x_wconf 85' lang='grc' dir='ltr'>τὴν</span> <span class='ocrx_word' id='word_1_623' title='bbox 790 4496 1175 4566; x_wconf 87' lang='grc' dir='ltr'>τειχομαχίαν,</span> <span class='ocrx_word' id='word_1_624' title='bbox 1221 4496 1370 4566; x_wconf 79' lang='grc' dir='ltr'>τρεῖ,</span> <span class='ocrx_word' id='word_1_625' title='bbox 1397 4492 1543 4555; x_wconf 76' lang='grc' dir='ltr'>τινὲς</span> <span class='ocrx_word' id='word_1_626' title='bbox 1585 4490 1819 4554; x_wconf 79' lang='grc' dir='ltr'>ἑστῶτες</span> <span class='ocrx_word' id='word_1_627' title='bbox 1854 4493 1947 4545; x_wconf 68' lang='grc' dir='ltr'>ἐπὶ</span> 
     </span>
    </p>
   </div>
   <div class='ocr_carea' id='block_1_93' title="bbox 2057 4490 3628 4573">
    <p class='ocr_par' dir='ltr' id='par_1_93' title="bbox 2057 4491 3628 4570">
     <span class='ocr_line' id='line_1_93' title="bbox 2057 4491 3628 4570; baseline 0.008 -26"><span class='ocrx_word' id='word_1_628' title='bbox 2057 4500 2108 4544; x_wconf 86' lang='lat' dir='ltr'><strong>et</strong></span> <span class='ocrx_word' id='word_1_629' title='bbox 2160 4491 2395 4561; x_wconf 77' lang='lat' dir='ltr'><strong>injuriae,</strong></span> <span class='ocrx_word' id='word_1_630' title='bbox 2448 4502 2503 4547; x_wconf 90' lang='lat' dir='ltr'><strong>ct</strong></span> <span class='ocrx_word' id='word_1_631' title='bbox 2568 4493 2839 4563; x_wconf 74' lang='lat' dir='ltr'><strong>periurii,</strong></span> <span class='ocrx_word' id='word_1_632' title='bbox 2907 4503 2961 4550; x_wconf 88' lang='lat' dir='ltr'><strong>et</strong></span> <span class='ocrx_word' id='word_1_633' title='bbox 3012 4495 3175 4565; x_wconf 84' lang='lat' dir='ltr'><strong>hujus</strong></span> <span class='ocrx_word' id='word_1_634' title='bbox 3198 4498 3424 4555; x_wconf 83' lang='lat' dir='ltr'><strong>sceleris</strong></span> <span class='ocrx_word' id='word_1_635' title='bbox 3482 4503 3628 4570; x_wconf 92' lang='lat' dir='ltr'><strong>quod</strong></span> 
     </span>
    </p>
   </div>
   <div class='ocr_carea' id='block_1_94' title="bbox 362 4580 1946 4659">
    <p class='ocr_par' dir='ltr' id='par_1_94' title="bbox 362 4580 1946 4659">
     <span class='ocr_line' id='line_1_94' title="bbox 362 4580 1946 4659; baseline -0.006 -17"><span class='ocrx_word' id='word_1_636' title='bbox 362 4590 476 4642; x_wconf 82' lang='grc' dir='ltr'><strong>τῶν</strong></span> <span class='ocrx_word' id='word_1_637' title='bbox 505 4587 722 4659; x_wconf 88' lang='grc' dir='ltr'>τειχῶν,</span> <span class='ocrx_word' id='word_1_638' title='bbox 761 4584 965 4657; x_wconf 83' lang='grc' dir='ltr'>μᾶλλον</span> <span class='ocrx_word' id='word_1_639' title='bbox 1009 4583 1117 4637; x_wconf 89' lang='grc' dir='ltr'><strong>τῶν</strong></span> <span class='ocrx_word' id='word_1_640' title='bbox 1174 4582 1391 4650; x_wconf 81' lang='grc' dir='ltr'>ὕϐρεων</span> <span class='ocrx_word' id='word_1_641' title='bbox 1444 4581 1703 4652; x_wconf 72' lang='grc' dir='ltr'>ἠφείδουν</span> <span class='ocrx_word' id='word_1_642' title='bbox 1745 4580 1946 4651; x_wconf 84' lang='grc' dir='ltr'>γνωρί-</span> 
     </span>
    </p>
   </div>
   <div class='ocr_carea' id='block_1_95' title="bbox 367 4673 1944 4752">
    <p class='ocr_par' dir='ltr' id='par_1_95' title="bbox 367 4673 1944 4752">
     <span class='ocr_line' id='line_1_95' title="bbox 367 4673 1944 4752; baseline -0.007 -16"><span class='ocrx_word' id='word_1_643' title='bbox 367 4676 477 4751; x_wconf 84' lang='grc' dir='ltr'><strong>μου</strong></span> <span class='ocrx_word' id='word_1_644' title='bbox 529 4682 841 4752; x_wconf 73' lang='grc' dir='ltr'>γινομένου.</span> <span class='ocrx_word' id='word_1_645' title='bbox 886 4679 947 4734; x_wconf 83' lang='lat'><strong>&#39;0</strong></span> <span class='ocrx_word' id='word_1_646' title='bbox 979 4681 1035 4733; x_wconf 77' lang='grc' dir='ltr'>δὲ</span> <span class='ocrx_word' id='word_1_647' title='bbox 1090 4680 1258 4747; x_wconf 74' lang='grc' dir='ltr'>ἐγγὺς</span> <span class='ocrx_word' id='word_1_648' title='bbox 1304 4677 1626 4746; x_wconf 86' lang='grc' dir='ltr'>γενόμενος,</span> <span class='ocrx_word' id='word_1_649' title='bbox 1669 4674 1864 4746; x_wconf 64' lang='grc' dir='ltr'><strong>¹Ιιιρώτα</strong></span> <span class='ocrx_word' id='word_1_650' title='bbox 1893 4673 1944 4725; x_wconf 88' lang='grc' dir='ltr'><strong>εί</strong></span> 
     </span>
    </p>
   </div>
   <div class='ocr_carea' id='block_1_96' title="bbox 363 4765 1944 4843">
    <p class='ocr_par' dir='ltr' id='par_1_96' title="bbox 363 4765 1944 4843">
     <span class='ocr_line' id='line_1_96' title="bbox 363 4765 1944 4843; baseline -0.005 -15"><span class='ocrx_word' id='word_1_651' title='bbox 363 4775 565 4836; x_wconf 78' lang='grc' dir='ltr'>εἰδότες</span> <span class='ocrx_word' id='word_1_652' title='bbox 594 4775 651 4837; x_wconf 81' lang='grc' dir='ltr'>ὃς</span> <span class='ocrx_word' id='word_1_653' title='bbox 684 4790 770 4836; x_wconf 87' lang='grc' dir='ltr'><strong>τις</strong></span> <span class='ocrx_word' id='word_1_654' title='bbox 801 4771 887 4840; x_wconf 75' lang='grc' dir='ltr'><strong>εἴη</strong></span> <span class='ocrx_word' id='word_1_655' title='bbox 921 4772 1243 4843; x_wconf 76' lang='grc' dir='ltr'>ὑϐρίζουσιν</span> <span class='ocrx_word' id='word_1_656' title='bbox 1286 4772 1459 4833; x_wconf 76' lang='grc' dir='ltr'>οὕτως</span> <span class='ocrx_word' id='word_1_657' title='bbox 1484 4767 1742 4838; x_wconf 83' lang='grc' dir='ltr'>ἀφειδῶς.</span> <span class='ocrx_word' id='word_1_658' title='bbox 1792 4765 1944 4826; x_wconf 79' lang='grc' dir='ltr'>Ἐνὸς</span> 
     </span>
    </p>
   </div>
   <div class='ocr_carea' id='block_1_97' title="bbox 360 4859 1944 4937">
    <p class='ocr_par' dir='ltr' id='par_1_97' title="bbox 360 4859 1944 4937">
     <span class='ocr_line' id='line_1_97' title="bbox 360 4859 1944 4937; baseline -0.005 -19"><span class='ocrx_word' id='word_1_659' title='bbox 360 4868 421 4920; x_wconf 80' lang='grc' dir='ltr'>δὲ</span> <span class='ocrx_word' id='word_1_660' title='bbox 475 4865 964 4937; x_wconf 59' lang='grc' dir='ltr'>ἀποκριναμένουέ</span> <span class='ocrx_word' id='word_1_661' title='bbox 1021 4865 1099 4927; x_wconf 83' lang='grc' dir='ltr'>ὡς</span> <span class='ocrx_word' id='word_1_662' title='bbox 1159 4864 1400 4934; x_wconf 85' lang='grc' dir='ltr'>μάλιστα</span> <span class='ocrx_word' id='word_1_663' title='bbox 1466 4859 1827 4925; x_wconf 75' lang='grc' dir='ltr'>εἰδεῖεν,’καὶ</span> <span class='ocrx_word' id='word_1_664' title='bbox 1855 4860 1944 4911; x_wconf 73' lang='grc' dir='ltr'>διὰ.</span> 
     </span>
    </p>
   </div>
   <div class='ocr_carea' id='block_1_98' title="bbox 359 4953 1945 5029">
    <p class='ocr_par' dir='ltr' id='par_1_98' title="bbox 359 4953 1945 5029">
     <span class='ocr_line' id='line_1_98' title="bbox 359 4953 1945 5029; baseline -0.005 -17"><span class='ocrx_word' id='word_1_665' title='bbox 359 4956 525 5012; x_wconf 79' lang='grc' dir='ltr'>τοῦτο</span> <span class='ocrx_word' id='word_1_666' title='bbox 554 4962 647 5013; x_wconf 69' lang='grc' dir='ltr'><strong>καὶ</strong></span> <span class='ocrx_word' id='word_1_667' title='bbox 668 4957 912 5029; x_wconf 77' lang='grc' dir='ltr'>ὑϐρίζειν</span> <span class='ocrx_word' id='word_1_668' title='bbox 932 4957 1147 5011; x_wconf 86' lang='grc' dir='ltr'>πολλῶν</span> <span class='ocrx_word' id='word_1_669' title='bbox 1176 4957 1303 5009; x_wconf 77' lang='grc' dir='ltr'>ὄντα</span> <span class='ocrx_word' id='word_1_670' title='bbox 1337 4955 1490 5021; x_wconf 79' lang='grc' dir='ltr'>ἄξιον</span> <span class='ocrx_word' id='word_1_671' title='bbox 1536 4954 1837 5025; x_wconf 88' lang='grc' dir='ltr'>λοιδοριῶν,</span> <span class='ocrx_word' id='word_1_672' title='bbox 1862 4953 1945 5005; x_wconf 84' lang='grc' dir='ltr'>ὅτι</span> 
     </span>
    </p>
   </div>
   <div class='ocr_carea' id='block_1_99' title="bbox 362 5045 1941 5121">
    <p class='ocr_par' dir='ltr' id='par_1_99' title="bbox 362 5045 1941 5121">
     <span class='ocr_line' id='line_1_99' title="bbox 362 5045 1941 5121; baseline -0.005 -17"><span class='ocrx_word' id='word_1_673' title='bbox 362 5050 689 5121; x_wconf 80' lang='grc' dir='ltr'>ἀποστάτης</span> <span class='ocrx_word' id='word_1_674' title='bbox 768 5048 1013 5119; x_wconf 69' lang='grc' dir='ltr'>γεγονὼς</span> <span class='ocrx_word' id='word_1_675' title='bbox 1069 5051 1182 5112; x_wconf 83' lang='grc' dir='ltr'>τοῖς</span> <span class='ocrx_word' id='word_1_676' title='bbox 1237 5048 1508 5118; x_wconf 82' lang='grc' dir='ltr'>βασιλέως</span> <span class='ocrx_word' id='word_1_677' title='bbox 1572 5045 1941 5101; x_wconf 75' lang='grc' dir='ltr'>ἐπεϐούλευσε</span> 
     </span>
    </p>
   </div>
   <div class='ocr_carea' id='block_1_100' title="bbox 356 5140 1942 5223">
    <p class='ocr_par' dir='ltr' id='par_1_100' title="bbox 356 5140 1942 5223">
     <span class='ocr_line' id='line_1_100' title="bbox 356 5140 1942 5223; baseline -0.004 -28"><span class='ocrx_word' id='word_1_678' title='bbox 356 5145 541 5205; x_wconf 79' lang='grc' dir='ltr'>παισὶ,</span> <span class='ocrx_word' id='word_1_679' title='bbox 592 5145 689 5195; x_wconf 82' lang='grc' dir='ltr'><strong>καὶ</strong></span> <span class='ocrx_word' id='word_1_680' title='bbox 746 5142 1009 5211; x_wconf 80' lang='grc' dir='ltr'>οὐδεμιᾶς</span> <span class='ocrx_word' id='word_1_681' title='bbox 1067 5143 1346 5211; x_wconf 74' lang='grc' dir='ltr'>ἀπεσχετο</span> <span class='ocrx_word' id='word_1_682' title='bbox 1394 5140 1595 5211; x_wconf 83' lang='grc' dir='ltr'>πείρας</span> <span class='ocrx_word' id='word_1_683' title='bbox 1622 5140 1942 5223; x_wconf 73' lang='grc' dir='ltr'>άποκτεῖναι</span> 
     </span>
    </p>
   </div>
   <div class='ocr_carea' id='block_1_101' title="bbox 358 5230 1945 5306">
    <p class='ocr_par' dir='ltr' id='par_1_101' title="bbox 358 5230 1945 5306">
     <span class='ocr_line' id='line_1_101' title="bbox 358 5230 1945 5306; baseline -0.004 -19"><span class='ocrx_word' id='word_1_684' title='bbox 358 5235 485 5298; x_wconf 79' lang='grc' dir='ltr'>τοὺς</span> <span class='ocrx_word' id='word_1_685' title='bbox 506 5235 662 5303; x_wconf 71' lang='grc' dir='ltr'>οὐδὲν</span> <span class='ocrx_word' id='word_1_686' title='bbox 680 5235 1010 5306; x_wconf 80' lang='grc' dir='ltr'>ἠδικηκότας</span> <span class='ocrx_word' id='word_1_687' title='bbox 1030 5236 1448 5305; x_wconf 86' lang='grc' dir='ltr'>μηχανώμενος,</span> <span class='ocrx_word' id='word_1_688' title='bbox 1467 5233 1603 5286; x_wconf 86' lang='grc' dir='ltr'>Πότε</span> <span class='ocrx_word' id='word_1_689' title='bbox 1624 5230 1702 5295; x_wconf 80' lang='grc' dir='ltr'>δὲ,</span> <span class='ocrx_word' id='word_1_690' title='bbox 1720 5230 1945 5301; x_wconf 74' lang='grc' dir='ltr'>εἴρηκεν</span> 
     </span>
    </p>
   </div>
   <div class='ocr_carea' id='block_1_102' title="bbox 360 5324 1944 5397">
    <p class='ocr_par' dir='ltr' id='par_1_102' title="bbox 360 5324 1944 5397">
     <span class='ocr_line' id='line_1_102' title="bbox 360 5324 1944 5397; baseline -0.004 -16"><span class='ocrx_word' id='word_1_691' title='bbox 360 5330 392 5381; x_wconf 87' lang='grc' dir='ltr'>ὀ</span> <span class='ocrx_word' id='word_1_692' title='bbox 426 5327 707 5397; x_wconf 81' lang='grc' dir='ltr'>βασιλεὺς,</span> <span class='ocrx_word' id='word_1_693' title='bbox 736 5330 829 5381; x_wconf 76' lang='grc' dir='ltr'><strong>ἐπὶ</strong></span> <span class='ocrx_word' id='word_1_694' title='bbox 874 5328 1034 5397; x_wconf 85' lang='grc' dir='ltr'>δίκην</span> <span class='ocrx_word' id='word_1_695' title='bbox 1091 5327 1469 5388; x_wconf 84' lang='grc' dir='ltr'>καταστάντα,</span> <span class='ocrx_word' id='word_1_696' title='bbox 1497 5325 1581 5377; x_wconf 85' lang='grc' dir='ltr'>ὃτι</span> <span class='ocrx_word' id='word_1_697' title='bbox 1638 5324 1713 5393; x_wconf 85' lang='grc' dir='ltr'><strong>μὴ</strong></span> <span class='ocrx_word' id='word_1_698' title='bbox 1753 5325 1822 5377; x_wconf 78' lang='grc' dir='ltr'>τὰ</span> <span class='ocrx_word' id='word_1_699' title='bbox 1851 5326 1944 5389; x_wconf 75' lang='grc' dir='ltr'>έγ-</span> 
     </span>
    </p>
   </div>
   <div class='ocr_carea' id='block_1_103' title="bbox 359 5414 1943 5491">
    <p class='ocr_par' dir='ltr' id='par_1_103' title="bbox 359 5414 1943 5491">
     <span class='ocr_line' id='line_1_103' title="bbox 359 5414 1943 5491; baseline -0.006 -16"><span class='ocrx_word' id='word_1_700' title='bbox 359 5421 621 5491; x_wconf 83' lang='grc' dir='ltr'>κλήματα</span> <span class='ocrx_word' id='word_1_701' title='bbox 680 5419 957 5491; x_wconf 72' lang='grc' dir='ltr'>ἠδυνήθην</span> <span class='ocrx_word' id='word_1_702' title='bbox 1028 5418 1448 5481; x_wconf 86' lang='grc' dir='ltr'>ἀπολύσασθαι,</span> <span class='ocrx_word' id='word_1_703' title='bbox 1492 5414 1943 5486; x_wconf 80' lang='grc' dir='ltr'>κατεψηφίσασθε</span> 
     </span>
    </p>
   </div>
   <div class='ocr_carea' id='block_1_104' title="bbox 356 5503 1938 5586">
    <p class='ocr_par' dir='ltr' id='par_1_104' title="bbox 356 5503 1938 5586">
     <span class='ocr_line' id='line_1_104' title="bbox 356 5503 1938 5586; baseline -0.006 -20"><span class='ocrx_word' id='word_1_704' title='bbox 356 5514 570 5566; x_wconf 83' lang='grc' dir='ltr'>ἀδικεῖν</span> <span class='ocrx_word' id='word_1_705' title='bbox 604 5513 758 5565; x_wconf 70' lang='grc' dir='ltr'>αὐτοὶ</span> <span class='ocrx_word' id='word_1_706' title='bbox 789 5514 1214 5586; x_wconf 59' lang='grc' dir='ltr'>καὶὲπιορξιεῖν,</span> <span class='ocrx_word' id='word_1_707' title='bbox 1247 5511 1344 5564; x_wconf 77' lang='grc' dir='ltr'>καὶ</span> <span class='ocrx_word' id='word_1_708' title='bbox 1378 5509 1606 5564; x_wconf 85' lang='grc' dir='ltr'>τοιαῦτα</span> <span class='ocrx_word' id='word_1_709' title='bbox 1635 5503 1723 5562; x_wconf 80' lang='grc' dir='ltr'>οἷα</span> <span class='ocrx_word' id='word_1_710' title='bbox 1750 5507 1938 5574; x_wconf 87' lang='grc' dir='ltr'>λέγετε</span> 
     </span>
    </p>
   </div>
   <div class='ocr_carea' id='block_1_105' title="bbox 361 5601 1942 5676">
    <p class='ocr_par' dir='ltr' id='par_1_105' title="bbox 361 5601 1942 5676">
     <span class='ocr_line' id='line_1_105' title="bbox 361 5601 1942 5676; baseline -0.004 -18"><span class='ocrx_word' id='word_1_711' title='bbox 361 5606 591 5676; x_wconf 78' lang='grc' dir='ltr'>τολμᾷν.</span> <span class='ocrx_word' id='word_1_712' title='bbox 645 5607 767 5658; x_wconf 83' lang='grc' dir='ltr'>Τῶν</span> <span class='ocrx_word' id='word_1_713' title='bbox 812 5606 868 5658; x_wconf 76' lang='grc' dir='ltr'>δὲ</span> <span class='ocrx_word' id='word_1_714' title='bbox 917 5604 1145 5674; x_wconf 77' lang='grc' dir='ltr'>ἔναγχος</span> <span class='ocrx_word' id='word_1_715' title='bbox 1196 5605 1259 5657; x_wconf 85' lang='grc' dir='ltr'>ὲκ</span> <span class='ocrx_word' id='word_1_716' title='bbox 1308 5604 1610 5669; x_wconf 78' lang='grc' dir='ltr'>Βυζαντίου</span> <span class='ocrx_word' id='word_1_717' title='bbox 1673 5601 1942 5655; x_wconf 79' lang='grc' dir='ltr'>εἰπόντων</span> 
     </span>
    </p>
   </div>
   <div class='ocr_carea' id='block_1_106' title="bbox 359 5690 1943 5769">
    <p class='ocr_par' dir='ltr' id='par_1_106' title="bbox 359 5690 1943 5769">
     <span class='ocr_line' id='line_1_106' title="bbox 359 5690 1943 5769; baseline -0.004 -17"><span class='ocrx_word' id='word_1_718' title='bbox 359 5700 520 5768; x_wconf 78' lang='grc' dir='ltr'>ἣκειν</span> <span class='ocrx_word' id='word_1_719' title='bbox 547 5701 604 5751; x_wconf 78' lang='grc' dir='ltr'>ἐν</span> <span class='ocrx_word' id='word_1_720' title='bbox 701 5698 770 5751; x_wconf 79' lang='grc' dir='ltr'><strong>τά</strong></span> <span class='ocrx_word' id='word_1_721' title='bbox 797 5700 941 5750; x_wconf 82' lang='grc' dir='ltr'>κατὰ</span> <span class='ocrx_word' id='word_1_722' title='bbox 967 5696 1239 5769; x_wconf 84' lang='grc' dir='ltr'>βασιλέως</span> <span class='ocrx_word' id='word_1_723' title='bbox 1287 5692 1378 5750; x_wconf 77' lang='grc' dir='ltr'>ὑπ’</span> <span class='ocrx_word' id='word_1_724' title='bbox 1409 5696 1576 5750; x_wconf 82' lang='grc' dir='ltr'>αὑτοῦ</span> <span class='ocrx_word' id='word_1_725' title='bbox 1633 5695 1943 5762; x_wconf 81' lang='grc' dir='ltr'>ἑσκαιωρη-</span> 
     </span>
    </p>
   </div>
   <div class='ocr_carea' id='block_1_107' title="bbox 361 5782 1943 5860">
    <p class='ocr_par' dir='ltr' id='par_1_107' title="bbox 361 5782 1943 5860">
     <span class='ocr_line' id='line_1_107' title="bbox 361 5782 1943 5860; baseline -0.005 -18"><span class='ocrx_word' id='word_1_726' title='bbox 361 5791 504 5860; x_wconf 63' lang='grc' dir='ltr'><strong>μὲν]</strong></span> <span class='ocrx_word' id='word_1_727' title='bbox 558 5792 828 5860; x_wconf 75' lang='grc' dir='ltr'>ἐκμαθεῖν</span> <span class='ocrx_word' id='word_1_728' title='bbox 864 5806 877 5820; x_wconf 82' lang='grc'><em>’</em></span> <span class='ocrx_word' id='word_1_729' title='bbox 910 5787 975 5843; x_wconf 81' lang='grc' dir='ltr'>δι’</span> <span class='ocrx_word' id='word_1_730' title='bbox 1027 5796 1063 5844; x_wconf 76' lang='grc' dir='ltr'>δ.</span> <span class='ocrx_word' id='word_1_731' title='bbox 1089 5791 1186 5843; x_wconf 71' lang='grc' dir='ltr'><strong>καὶ</strong></span> <span class='ocrx_word' id='word_1_732' title='bbox 1219 5790 1346 5852; x_wconf 76' lang='grc' dir='ltr'>τοὺς</span> <span class='ocrx_word' id='word_1_733' title='bbox 1398 5789 1516 5840; x_wconf 77' lang='grc' dir='ltr'>ἐκεῖ</span> <span class='ocrx_word' id='word_1_734' title='bbox 1571 5786 1640 5839; x_wconf 86' lang='grc' dir='ltr'><strong>τὰ</strong></span> <span class='ocrx_word' id='word_1_735' title='bbox 1676 5782 1943 5855; x_wconf 84' lang='grc' dir='ltr'>βασιλέως</span> 
     </span>
    </p>
   </div>
   <div class='ocr_carea' id='block_1_108' title="bbox 600 5885 1270 5948">
    <p class='ocr_par' dir='ltr' id='par_1_108' title="bbox 600 5885 1270 5948">
     <span class='ocr_line' id='line_1_108' title="bbox 600 5885 1270 5948; baseline 0 -6"><span class='ocrx_word' id='word_1_736' title='bbox 600 5885 873 5947; x_wconf 58' lang='lat' dir='ltr'><strong>Pauor&quot;</strong></span> <span class='ocrx_word' id='word_1_737' title='bbox 907 5886 1025 5946; x_wconf 79' lang='lat' dir='ltr'><strong>(in.</strong></span> <span class='ocrx_word' id='word_1_738' title='bbox 1065 5886 1270 5948; x_wconf 83' lang='lat' dir='ltr'><strong>CLlll.</strong></span> 
     </span>
    </p>
   </div>
   <div class='ocr_carea' id='block_1_109' title="bbox 1406 6054 1424 6081">
    <p class='ocr_par' dir='ltr' id='par_1_109' title="bbox 1406 6054 1424 6081">
     <span class='ocr_line' id='line_1_109' title="bbox 1406 6054 1424 6081; baseline 0 0"><span class='ocrx_word' id='word_1_739' title='bbox 1406 6054 1424 6081; x_wconf 63' lang='grc' dir='ltr'><strong>ι</strong></span> 
     </span>
    </p>
   </div>
   <div class='ocr_carea' id='block_1_110' title="bbox 2052 4584 3628 4661">
    <p class='ocr_par' dir='ltr' id='par_1_110' title="bbox 2052 4584 3628 4661">
     <span class='ocr_line' id='line_1_110' title="bbox 2052 4584 3628 4661; baseline 0.008 -26"><span class='ocrx_word' id='word_1_740' title='bbox 2052 4584 2318 4654; x_wconf 85' lang='lat' dir='ltr'><strong>objicitis,</strong></span> <span class='ocrx_word' id='word_1_741' title='bbox 2354 4600 2440 4639; x_wconf 92' lang='lat' dir='ltr'><strong>me</strong></span> <span class='ocrx_word' id='word_1_742' title='bbox 2487 4585 2936 4640; x_wconf 76' lang='lat' dir='ltr'><strong>enndemuastis?</strong></span> <span class='ocrx_word' id='word_1_743' title='bbox 2981 4587 3628 4661; x_wconf 49' lang='lat' dir='ltr'><strong>Resiiondentibusjilis,</strong></span> 
     </span>
    </p>
   </div>
   <div class='ocr_carea' id='block_1_111' title="bbox 2049 4677 3629 4754">
    <p class='ocr_par' dir='ltr' id='par_1_111' title="bbox 2049 4677 3629 4754">
     <span class='ocr_line' id='line_1_111' title="bbox 2049 4677 3629 4754; baseline 0.006 -24"><span class='ocrx_word' id='word_1_744' title='bbox 2049 4678 2214 4746; x_wconf 84' lang='lat' dir='ltr'><strong>paulo</strong></span> <span class='ocrx_word' id='word_1_745' title='bbox 2245 4685 2371 4731; x_wconf 88' lang='lat' dir='ltr'><strong>ante</strong></span> <span class='ocrx_word' id='word_1_746' title='bbox 2427 4677 2689 4748; x_wconf 77' lang='lat' dir='ltr'><strong>Byzantio</strong></span> <span class='ocrx_word' id='word_1_747' title='bbox 2732 4678 2978 4744; x_wconf 87' lang='lat' dir='ltr'><strong>venisse,</strong></span> <span class='ocrx_word' id='word_1_748' title='bbox 3027 4694 3057 4733; x_wconf 90' lang='lat' dir='ltr'><strong>a</strong></span> <span class='ocrx_word' id='word_1_749' title='bbox 3099 4695 3210 4750; x_wconf 92' lang='lat' dir='ltr'><strong>quo</strong></span> <span class='ocrx_word' id='word_1_750' title='bbox 3241 4697 3364 4752; x_wconf 60' lang='lat' dir='ltr'><strong>quae</strong></span> <span class='ocrx_word' id='word_1_751' title='bbox 3418 4684 3535 4754; x_wconf 87' lang='lat' dir='ltr'><strong>ipse</strong></span> <span class='ocrx_word' id='word_1_752' title='bbox 3571 4685 3629 4740; x_wconf 90' lang='lat' dir='ltr'><strong>in</strong></span> 
     </span>
    </p>
   </div>
   <div class='ocr_carea' id='block_1_112' title="bbox 2050 4768 3627 4841">
    <p class='ocr_par' dir='ltr' id='par_1_112' title="bbox 2050 4768 3627 4841">
     <span class='ocr_line' id='line_1_112' title="bbox 2050 4768 3627 4841; baseline 0.006 -19"><span class='ocrx_word' id='word_1_753' title='bbox 2050 4768 2440 4837; x_wconf 88' lang='lat' dir='ltr'><strong>imperatorem</strong></span> <span class='ocrx_word' id='word_1_754' title='bbox 2486 4769 2889 4825; x_wconf 88' lang='lat' dir='ltr'><strong>adolescentem</strong></span> <span class='ocrx_word' id='word_1_755' title='bbox 2952 4786 3210 4841; x_wconf 81' lang='lat' dir='ltr'><strong>perverse</strong></span> <span class='ocrx_word' id='word_1_756' title='bbox 3276 4775 3627 4833; x_wconf 87' lang='lat' dir='ltr'><strong>machinatus</strong></span> 
     </span>
    </p>
   </div>
   <div class='ocr_carea' id='block_1_113' title="bbox 2049 4862 3631 4936">
    <p class='ocr_par' dir='ltr' id='par_1_113' title="bbox 2049 4862 3631 4936">
     <span class='ocr_line' id='line_1_113' title="bbox 2049 4862 3631 4936; baseline 0.006 -20"><span class='ocrx_word' id='word_1_757' title='bbox 2049 4870 2214 4928; x_wconf 80' lang='lat' dir='ltr'><strong>esset,</strong></span> <span class='ocrx_word' id='word_1_758' title='bbox 2253 4862 2581 4918; x_wconf 80' lang='lat' dir='ltr'><strong>didicissent</strong></span> <span class='ocrx_word' id='word_1_759' title='bbox 2616 4880 2630 4917; x_wconf 89' lang='lat'><strong>:</strong></span> <span class='ocrx_word' id='word_1_760' title='bbox 2658 4872 2714 4917; x_wconf 91' lang='lat' dir='ltr'><strong>et</strong></span> <span class='ocrx_word' id='word_1_761' title='bbox 2745 4862 2955 4918; x_wconf 90' lang='lat' dir='ltr'><strong>ideirco</strong></span> <span class='ocrx_word' id='word_1_762' title='bbox 2985 4865 3077 4932; x_wconf 90' lang='lat' dir='ltr'><strong>qui</strong></span> <span class='ocrx_word' id='word_1_763' title='bbox 3104 4864 3218 4919; x_wconf 91' lang='lat' dir='ltr'><strong>illic</strong></span> <span class='ocrx_word' id='word_1_764' title='bbox 3241 4866 3631 4936; x_wconf 87' lang='lat' dir='ltr'><strong>imperatorem</strong></span> 
     </span>
    </p>
   </div>
   <div class='ocr_carea' id='block_1_114' title="bbox 2054 4956 3632 5028">
    <p class='ocr_par' dir='ltr' id='par_1_114' title="bbox 2054 4956 3632 5028">
     <span class='ocr_line' id='line_1_114' title="bbox 2054 4956 3632 5028; baseline 0.006 -19"><span class='ocrx_word' id='word_1_765' title='bbox 2054 4965 2364 5022; x_wconf 85' lang='lat' dir='ltr'><strong>tuerentur,</strong></span> <span class='ocrx_word' id='word_1_766' title='bbox 2413 4956 2589 5026; x_wconf 88' lang='lat' dir='ltr'><strong>ipsum</strong></span> <span class='ocrx_word' id='word_1_767' title='bbox 2621 4957 2922 5027; x_wconf 83' lang='lat' dir='ltr'><strong>expulisse,</strong></span> <span class='ocrx_word' id='word_1_768' title='bbox 2965 4959 3323 5028; x_wconf 86' lang='lat' dir='ltr'><strong>quibuscum</strong></span> <span class='ocrx_word' id='word_1_769' title='bbox 3370 4961 3632 5018; x_wconf 88' lang='lat' dir='ltr'><strong>resistere</strong></span> 
     </span>
    </p>
   </div>
   <div class='ocr_carea' id='block_1_115' title="bbox 2049 5048 3632 5130">
    <p class='ocr_par' dir='ltr' id='par_1_115' title="bbox 2049 5048 3632 5130">
     <span class='ocr_line' id='line_1_115' title="bbox 2049 5048 3632 5130; baseline 0.006 -29"><span class='ocrx_word' id='word_1_770' title='bbox 2049 5058 2290 5117; x_wconf 87' lang='lat' dir='ltr'><strong>nequeat</strong></span> <span class='ocrx_word' id='word_1_771' title='bbox 2347 5048 2455 5103; x_wconf 90' lang='lat' dir='ltr'><strong>huc</strong></span> <span class='ocrx_word' id='word_1_772' title='bbox 2517 5050 2727 5115; x_wconf 83' lang='lat' dir='ltr'><strong>venire,</strong></span> <span class='ocrx_word' id='word_1_773' title='bbox 2789 5051 2980 5115; x_wconf 82' lang='lat' dir='ltr'><strong>Recte,</strong></span> <span class='ocrx_word' id='word_1_774' title='bbox 3040 5051 3111 5105; x_wconf 89' lang='lat' dir='ltr'><strong>mi</strong></span> <span class='ocrx_word' id='word_1_775' title='bbox 3162 5051 3632 5130; x_wconf 83' lang='lat' dir='ltr'><strong>hom0,_occurrit</strong></span> 
     </span>
    </p>
   </div>
   <div class='ocr_carea' id='block_1_116' title="bbox 2048 5139 3627 5218">
    <p class='ocr_par' dir='ltr' id='par_1_116' title="bbox 2048 5139 3627 5218">
     <span class='ocr_line' id='line_1_116' title="bbox 2048 5139 3627 5218; baseline 0.005 -23"><span class='ocrx_word' id='word_1_776' title='bbox 2048 5139 2486 5203; x_wconf 85' lang='lat' dir='ltr'><strong>Cantacuzenus.</strong></span> <span class='ocrx_word' id='word_1_777' title='bbox 2525 5142 2640 5197; x_wconf 65' lang='lat' dir='ltr'><strong>haec</strong></span> <span class='ocrx_word' id='word_1_778' title='bbox 2662 5157 2760 5196; x_wconf 85' lang='lat' dir='ltr'><strong>vos</strong></span> <span class='ocrx_word' id='word_1_779' title='bbox 2785 5142 3050 5213; x_wconf 72' lang='lat' dir='ltr'><strong>Byzantio</strong></span> <span class='ocrx_word' id='word_1_780' title='bbox 3082 5143 3347 5200; x_wconf 83' lang='lat' dir='ltr'><strong>didicisse</strong></span> <span class='ocrx_word' id='word_1_781' title='bbox 3372 5147 3475 5201; x_wconf 88' lang='lat' dir='ltr'><strong>ais.</strong></span> <span class='ocrx_word' id='word_1_782' title='bbox 3512 5148 3627 5218; x_wconf 78' lang='lat' dir='ltr'><strong>Ego</strong></span> 
     </span>
    </p>
   </div>
   <div class='ocr_carea' id='block_1_117' title="bbox 2052 5233 3628 5309">
    <p class='ocr_par' dir='ltr' id='par_1_117' title="bbox 2052 5233 3628 5309">
     <span class='ocr_line' id='line_1_117' title="bbox 2052 5233 3628 5309; baseline 0.006 -23"><span class='ocrx_word' id='word_1_783' title='bbox 2052 5246 2183 5288; x_wconf 86' lang='lat' dir='ltr'><strong>vero</strong></span> <span class='ocrx_word' id='word_1_784' title='bbox 2212 5233 2319 5287; x_wconf 91' lang='lat' dir='ltr'><strong>huc</strong></span> <span class='ocrx_word' id='word_1_785' title='bbox 2336 5233 2521 5299; x_wconf 88' lang='lat' dir='ltr'><strong>venio,</strong></span> <span class='ocrx_word' id='word_1_786' title='bbox 2551 5241 2610 5287; x_wconf 87' lang='lat' dir='ltr'><strong>ut</strong></span> <span class='ocrx_word' id='word_1_787' title='bbox 2641 5249 2767 5287; x_wconf 90' lang='lat' dir='ltr'><strong>cum</strong></span> <span class='ocrx_word' id='word_1_788' title='bbox 2794 5242 2845 5289; x_wconf 89' lang='lat' dir='ltr'><strong>te</strong></span> <span class='ocrx_word' id='word_1_789' title='bbox 2870 5235 2939 5289; x_wconf 87' lang='lat' dir='ltr'><strong>0h</strong></span> <span class='ocrx_word' id='word_1_790' title='bbox 2967 5234 3289 5290; x_wconf 89' lang='lat' dir='ltr'><strong>maledicam</strong></span> <span class='ocrx_word' id='word_1_791' title='bbox 3325 5238 3628 5309; x_wconf 58' lang='lat' dir='ltr'><strong>loquacitate</strong></span> 
     </span>
    </p>
   </div>
   <div class='ocr_carea' id='block_1_118' title="bbox 2054 5325 3630 5398">
    <p class='ocr_par' dir='ltr' id='par_1_118' title="bbox 2054 5325 3630 5398">
     <span class='ocr_line' id='line_1_118' title="bbox 2054 5325 3630 5398; baseline 0.006 -21"><span class='ocrx_word' id='word_1_792' title='bbox 2054 5333 2163 5378; x_wconf 90' lang='lat' dir='ltr'><strong>tem</strong></span> <span class='ocrx_word' id='word_1_793' title='bbox 2197 5325 2491 5395; x_wconf 73' lang='lat' dir='ltr'><strong>punivero,</strong></span> <span class='ocrx_word' id='word_1_794' title='bbox 2549 5335 2642 5380; x_wconf 88' lang='lat' dir='ltr'><strong>tuo</strong></span> <span class='ocrx_word' id='word_1_795' title='bbox 2671 5328 2928 5397; x_wconf 85' lang='lat' dir='ltr'><strong>exemplo</strong></span> <span class='ocrx_word' id='word_1_796' title='bbox 2983 5326 3086 5398; x_wconf 88' lang='lat' dir='ltr'><strong>ipsi</strong></span> <span class='ocrx_word' id='word_1_797' title='bbox 3140 5330 3447 5398; x_wconf 75' lang='lat' dir='ltr'><strong>protervire</strong></span> <span class='ocrx_word' id='word_1_798' title='bbox 3479 5333 3630 5386; x_wconf 67' lang='lat' dir='ltr'><strong>desi-</strong></span> 
     </span>
    </p>
   </div>
   <div class='ocr_carea' id='block_1_119' title="bbox 2048 5416 3630 5489">
    <p class='ocr_par' dir='ltr' id='par_1_119' title="bbox 2048 5416 3630 5489">
     <span class='ocr_line' id='line_1_119' title="bbox 2048 5416 3630 5489; baseline 0.007 -19"><span class='ocrx_word' id='word_1_799' title='bbox 2048 5429 2199 5472; x_wconf 86' lang='lat' dir='ltr'><strong>nant.</strong></span> <span class='ocrx_word' id='word_1_800' title='bbox 2240 5416 2335 5472; x_wconf 85' lang='lat' dir='ltr'><strong>His</strong></span> <span class='ocrx_word' id='word_1_801' title='bbox 2369 5434 2466 5487; x_wconf 88' lang='lat' dir='ltr'><strong>per</strong></span> <span class='ocrx_word' id='word_1_802' title='bbox 2491 5419 2682 5472; x_wconf 83' lang='lat' dir='ltr'><strong>ludum</strong></span> <span class='ocrx_word' id='word_1_803' title='bbox 2708 5419 2892 5485; x_wconf 84' lang='lat' dir='ltr'><strong>dictis,</strong></span> <span class='ocrx_word' id='word_1_804' title='bbox 2921 5420 3207 5489; x_wconf 60' lang='lat' dir='ltr'><strong>pra‘teriit.</strong></span> <span class='ocrx_word' id='word_1_805' title='bbox 3235 5421 3436 5476; x_wconf 86' lang='lat' dir='ltr'><strong>Eadem</strong></span> <span class='ocrx_word' id='word_1_806' title='bbox 3468 5434 3630 5481; x_wconf 85' lang='lat' dir='ltr'><strong>nocte</strong></span> 
     </span>
    </p>
   </div>
   <div class='ocr_carea' id='block_1_120' title="bbox 2051 5509 3632 5582">
    <p class='ocr_par' dir='ltr' id='par_1_120' title="bbox 2051 5509 3632 5582">
     <span class='ocr_line' id='line_1_120' title="bbox 2051 5509 3632 5582; baseline 0.006 -21"><span class='ocrx_word' id='word_1_807' title='bbox 2051 5509 2433 5580; x_wconf 85' lang='lat' dir='ltr'><strong>militesjussu</strong></span> <span class='ocrx_word' id='word_1_808' title='bbox 2467 5509 2820 5579; x_wconf 86' lang='lat' dir='ltr'><strong>imperatoris</strong></span> <span class='ocrx_word' id='word_1_809' title='bbox 2843 5512 3074 5568; x_wconf 89' lang='lat' dir='ltr'><strong>insidias</strong></span> <span class='ocrx_word' id='word_1_810' title='bbox 3090 5512 3155 5567; x_wconf 88' lang='lat' dir='ltr'><strong>ad</strong></span> <span class='ocrx_word' id='word_1_811' title='bbox 3186 5522 3372 5582; x_wconf 85' lang='lat' dir='ltr'><strong>portas</strong></span> <span class='ocrx_word' id='word_1_812' title='bbox 3402 5514 3632 5570; x_wconf 85' lang='lat' dir='ltr'><strong>tenden-</strong></span> 
     </span>
    </p>
   </div>
   <div class='ocr_carea' id='block_1_121' title="bbox 2051 5599 3629 5676">
    <p class='ocr_par' dir='ltr' id='par_1_121' title="bbox 2051 5599 3629 5676">
     <span class='ocr_line' id='line_1_121' title="bbox 2051 5599 3629 5676; baseline 0.004 -22"><span class='ocrx_word' id='word_1_813' title='bbox 2051 5610 2155 5665; x_wconf 85' lang='lat' dir='ltr'><strong>tes,</strong></span> <span class='ocrx_word' id='word_1_814' title='bbox 2192 5610 2249 5654; x_wconf 91' lang='lat' dir='ltr'><strong>ut</strong></span> <span class='ocrx_word' id='word_1_815' title='bbox 2274 5599 2612 5670; x_wconf 78' lang='lat' dir='ltr'><strong>Oppidauum</strong></span> <span class='ocrx_word' id='word_1_816' title='bbox 2642 5601 2884 5670; x_wconf 86' lang='lat' dir='ltr'><strong>aliquem</strong></span> <span class='ocrx_word' id='word_1_817' title='bbox 2917 5614 3201 5672; x_wconf 87' lang='lat' dir='ltr'><strong>caperent,</strong></span> <span class='ocrx_word' id='word_1_818' title='bbox 3232 5618 3297 5658; x_wconf 77' lang='lat' dir='ltr'><strong>ex</strong></span> <span class='ocrx_word' id='word_1_819' title='bbox 3343 5620 3455 5674; x_wconf 89' lang='lat' dir='ltr'><strong>quo</strong></span> <span class='ocrx_word' id='word_1_820' title='bbox 3498 5606 3629 5676; x_wconf 90' lang='lat' dir='ltr'><strong>quid</strong></span> 
     </span>
    </p>
   </div>
   <div class='ocr_carea' id='block_1_122' title="bbox 2048 5691 3623 5767">
    <p class='ocr_par' dir='ltr' id='par_1_122' title="bbox 2048 5691 3623 5767">
     <span class='ocr_line' id='line_1_122' title="bbox 2048 5691 3623 5767; baseline 0.006 -23"><span class='ocrx_word' id='word_1_821' title='bbox 2048 5691 2198 5746; x_wconf 89' lang='lat' dir='ltr'><strong>intus</strong></span> <span class='ocrx_word' id='word_1_822' title='bbox 2253 5699 2579 5762; x_wconf 77' lang='lat' dir='ltr'><strong>gereretur,</strong></span> <span class='ocrx_word' id='word_1_823' title='bbox 2614 5693 3026 5764; x_wconf 82' lang='lat' dir='ltr'><strong>exprimerent,</strong></span> <span class='ocrx_word' id='word_1_824' title='bbox 3091 5711 3220 5751; x_wconf 86' lang='lat' dir='ltr'><strong>casu</strong></span> <span class='ocrx_word' id='word_1_825' title='bbox 3280 5697 3623 5767; x_wconf 85' lang='lat' dir='ltr'><strong>ipsissimum</strong></span> 
     </span>
    </p>
   </div>
   <div class='ocr_carea' id='block_1_123' title="bbox 2048 5784 3618 5859">
    <p class='ocr_par' dir='ltr' id='par_1_123' title="bbox 2048 5784 3618 5859">
     <span class='ocr_line' id='line_1_123' title="bbox 2048 5784 3618 5859; baseline 0.006 -20"><span class='ocrx_word' id='word_1_826' title='bbox 2048 5784 2478 5841; x_wconf 87' lang='lat' dir='ltr'><strong>conviciatorem</strong></span> <span class='ocrx_word' id='word_1_827' title='bbox 2514 5784 2688 5841; x_wconf 90' lang='lat' dir='ltr'><strong>multo</strong></span> <span class='ocrx_word' id='word_1_828' title='bbox 2720 5801 2901 5856; x_wconf 83' lang='lat' dir='ltr'><strong>mane,</strong></span> <span class='ocrx_word' id='word_1_829' title='bbox 2934 5788 3122 5843; x_wconf 76' lang='lat' dir='ltr'><strong>nescio</strong></span> <span class='ocrx_word' id='word_1_830' title='bbox 3158 5790 3315 5859; x_wconf 81' lang='lat' dir='ltr'><strong>cujus</strong></span> <span class='ocrx_word' id='word_1_831' title='bbox 3343 5790 3422 5846; x_wconf 86' lang='lat' dir='ltr'><strong>rei</strong></span> <span class='ocrx_word' id='word_1_832' title='bbox 3457 5806 3618 5849; x_wconf 60' lang='lat' dir='ltr'><strong>causa</strong></span> 
     </span>
    </p>
   </div>
   <div class='ocr_carea' id='block_1_124' title="bbox 3225 5881 3300 5942">
    <p class='ocr_par' dir='ltr' id='par_1_124' title="bbox 3225 5881 3300 5942">
     <span class='ocr_line' id='line_1_124' title="bbox 3225 5881 3300 5942; baseline -0.013 0"><span class='ocrx_word' id='word_1_833' title='bbox 3225 5881 3300 5942; x_wconf 77' lang='grc'><strong>29</strong></span> 
     </span>
    </p>
   </div>
  </div>
