4054 6418
384 334 493 397 ςιι

1472 370 1479 375 -
1590 331 1912 393 JOANNIS
1952 329 2484 392 CANTACUZENI

3547 324 3659 388 912

390 448 670 504 conditam
703 448 771 503 de
805 447 1077 503 industria
1108 462 1310 503 vexare
1346 445 1610 509 instabat,
1639 464 1741 503 nec
1792 432 1966 501 ullum

2075 464 2258 517 μενος.
2315 447 2391 501 Τὸ
2439 446 2622 501 δοκεῖν
2661 445 2798 517 μὲν,
2846 446 2928 502 ὅτι
2968 444 3133 515 ψήφῳ
3196 443 3295 513 τῆς
3349 443 3652 514 συγκλήτου

390 555 566 608 genus
600 539 869 595 molestia:
886 540 938 595 ei
971 555 1081 595 non
1118 539 1437 595 adhibebat.
1469 540 1606 595 Nam
1628 549 1684 595 et
1714 539 1973 595 custodes

397 631 480 685 illi
546 630 751 696 dedit,
818 631 1075 686 homines
1139 630 1533 701 impudentes,
1611 632 1973 701 moribusque

388 722 697 785 barbaros,
759 712 963 792 quibus
1050 723 1365 792 pracepit,
1419 738 1640 779 omnem
1702 725 1754 777 in
1822 724 1970 778 illam

363 792 673 869 .diritatem
750 829 1125 885 expromere,
1189 823 1244 867 et
1312 829 1477 884 quam
1545 815 1970 886 indignissime,

388 906 981 976 contemptissimeque
1040 917 1297 962 tractare.
1346 908 1485 962 Hinc
1515 907 1768 978 quamvis
1810 916 1973 964 antea

388 1013 612 1068 quoque
648 999 829 1054 victus
877 999 929 1053 ei
988 999 1228 1069 maligne
1277 1001 1639 1069 prazberetur,
1693 1009 1873 1055 tamen
1895 999 1971 1069 illi

390 1093 700 1146 tenuiorem
728 1092 913 1147 adhuc
942 1081 1393 1163 suppeditaball.
1426 1090 1582 1159 Quod
1644 1093 1688 1147 si
1724 1093 1968 1163 quand",

387 1183 569 1238 oflicio
630 1185 991 1240 humanitatis
1059 1184 1333 1247 videlicet,
1388 1186 1479 1254 jus
1576 1186 1970 1257 porrigendum

385 1284 552 1340 esset,
588 1289 714 1329 cum
762 1276 912 1331 laute
966 1291 1032 1329 ac
1067 1276 1300 1331 delicate
1349 1275 1674 1340 educatam,
1725 1278 1971 1347 nihilque

390 1380 554 1431 posse
582 1366 957 1425 immundum.
996 1382 1062 1422 ac
1111 1366 1400 1421 sordidum
1436 1377 1660 1438 tangere
1715 1384 1823 1422 non
1875 1385 1972 1425 ne-

387 1458 621 1525 scirent.
655 1473 856 1512 manus
890 1457 1072 1512 illotas
1097 1458 1464 1514 imminentes
1500 1460 1968 1531 pervestigabant,

386 1549 585 1615 ecquid
615 1550 764 1605 intus
795 1550 1031 1608 laterent
1076 1567 1105 1604 a
1147 1552 1260 1606 filio
1294 1553 1514 1613 littera),
1551 1553 1766 1608 tametsi
1824 1554 1972 1624 quod

386 1640 723 1705 offerebant,
755 1642 982 1711 ipsimet
1017 1654 1304 1699 coxerant.
1335 1645 1489 1711 Quod
1521 1661 1644 1700 cum
1683 1646 1770 1701 illa
1822 1647 1973 1702 vide-

387 1742 494 1800 ret,
529 1736 725 1791 misera
757 1734 903 1790 fame
934 1736 1130 1803 emori,
1165 1753 1329 1807 quam
1373 1739 1689 1808 spurcitiem
1717 1739 1972 1809 hujusce—

2081 537 2278 610 βουλῆς
2308 542 2406 594 καὶ
2436 538 2738 609 βασιλίδος,
2775 538 2871 593 καὶ
2915 537 3150 607 μάλιστα
3177 536 3520 606 πατριάρχου
3553 535 3654 598 τάς

2077 632 2356 703 τιμωρίας
2396 626 2480 695 οἷς
2508 630 2576 685 ἂν
2602 630 2914 703 ἐθελήσειεν
2949 630 3192 697 ἐπάγων.
3223 628 3302 700 Τῇ
3329 628 3374 681 δ’
3405 627 3653 699 ἀληθείᾳ,

2077 723 2146 776 τὰ
2178 723 2443 778 δοκοῦντα
2470 723 2652 796 ἐαυτῷ
2678 724 2872 779 ποιῶν.
2901 724 3015 795 Τὴν
3040 724 3096 777 δὲ
3142 723 3411 795 βασιλέως
3444 722 3655 794 μητέρα

2077 817 2542 889 Καντακουζηνοῦ
2578 859 2592 884 ,
2651 821 2749 874 καὶ
2818 820 3091 890 πρότερον
3162 820 3220 871 ἐν
3285 814 3653 886 δεσμωτηρίῳ

2077 909 2669 980 κατακεκλεισμένην,
2728 910 2932 980 μᾶλλον
3004 910 3244 964 ἐκάκουν
3299 906 3653 977 ἐξεπίτηδες,

2076 1001 2173 1053 καὶ
2241 999 2397 1054 οὐδὲν
2447 994 2594 1064 εἶδος
2658 1001 2861 1077 λύπης
2896 999 3167 1054 ἀπέλιπον
3226 996 3655 1067 ἐπιδεδειγμένοι

2077 1093 2214 1160 πρὸς
2264 1092 2507 1163 ἐκείνην.
2538 1093 2796 1157 Φύλακάς
2833 1110 2894 1146 τε
2945 1093 3057 1163 γὰρ
3096 1092 3411 1159 ἐπέστησαν
3439 1088 3657 1159 ἀνθρὼ-

2077 1200 2213 1245 πους
2243 1183 2486 1248 ἀναιδεῖς
2509 1185 2722 1241 καὶτὸν
2749 1185 2952 1256 τρόπιν
2980 1183 3319 1255 βαρϐάρους,
3351 1184 3447 1237 καὶ
3473 1183 3656 1234 πᾶσαν

2073 1274 2487 1329 ἐπιδείκνυσθαι
2540 1278 2918 1345 προσέταττον
2977 1275 3207 1343 πικρίαν
3262 1273 3403 1344 πρὸς
3460 1273 3654 1340 αὐτήν.

2075 1366 2187 1418 Καὶ
2228 1367 2407 1421 πάντα
2452 1370 2633 1421 ποιεῖν
2678 1366 3068 1437 ἐφ⁹ὖ6ρεικαὶ
3091 1365 3528 1437 καταφρονήσει.
3575 1364 3657 1418 Τά

2069 1464 2133 1505 τε
2178 1454 2457 1523 ἀναγκαῖα
2510 1456 2650 1527 πρὸς
2704 1456 2932 1527 τροφὴν,
2987 1455 3085 1511 καί
3131 1474 3216 1508 τοι
3266 1458 3362 1510 καὶ
3390 1454 3654 1526 πρότερον

2075 1545 2273 1607 ἐνδεῶς
2302 1546 2667 1616 παρέχοντες,
2691 1547 2772 1601 ἔτι
2797 1548 3000 1619 μᾶλλον
3027 1547 3303 1618 γλίσχρως
3330 1538 3649 1618 ἐχορήγουν.

2075 1637 2139 1690 Εἰ
2168 1636 2224 1690 δέ
2260 1655 2392 1691 ποτε
2449 1640 2555 1691 ἔδει
2594 1641 2691 1694 καὶ
2737 1637 2921 1709 ζωμόν
2967 1656 3091 1692 τινα
3140 1638 3428 1708 παρέχειν,
3456 1637 3649 1706 φιλαν-

2075 1729 2580 1800 θρωπευσαμένους
2656 1731 2822 1800 δῆθεν
2849 1770 2865 1796 ,
2922 1731 3128 1795 εἰδότες
3196 1732 3275 1794 ὠς
3334 1730 3652 1801 πολυτελείᾳ

482 1789 493 1800 ,
646 1789 654 1791 ε
886 1789 893 1790 κ
947 1789 955 1790 κ
1301 1789 1309 1790 κ
1376 1789 1941 1809 πνρ-

384 1823 536 1878 modi
573 1834 796 1894 gustare
837 1824 1057 1879 maluit.
1126 1825 1318 1880 llieme
1364 1836 1548 1881 autem
1588 1828 1854 1882 acerrima
1905 1844 1969 1886 ac

2074 1789 2498 1892 ἐντραφείτίκαὶ
2530 1789 2740 1894 τνρυιρῇι,
2774 1789 2871 1876 καί.
2901 1789 3124 1887 οὐδενὸς
3143 1823 3211 1877 ἂν
3250 1789 3452 1891 ἀψαιτο
3485 1789 3652 1892 μεμοί

276 1947 281 1952 -
379 1915 684 1988 perfrigida
718 1930 820 1972 nec
850 1932 915 1972 ex
950 1925 1104 1973 veste
1150 1919 1392 1988 stragula
1425 1919 1492 1974 ad
1540 1936 1743 1991 corpus
1772 1937 1971 1993 coope-

383 2008 663 2073 riendum,
698 2024 798 2065 nec
828 2024 893 2064 ex
944 2025 1176 2066 accenso
1228 2010 1351 2065 foco
1397 2011 1572 2066 ullum
1608 2012 1659 2067 ei
1705 2013 1966 2070 solatium

382 2100 792 2172 impertiebant,
836 2102 1092 2172 quamvis
1136 2102 1378 2173 Augusta
1415 2103 1766 2173 mandasset,
1800 2118 1863 2162 ut
1912 2109 1968 2162 in

379 2207 443 2246 ea
471 2192 716 2248 curanda
750 2192 887 2248 nihil
918 2194 1459 2264 praetermitteretur.
1487 2195 1632 2264 Quin
1660 2198 1827 2254 etiam
1853 2207 1969 2256 toto

380 2286 469 2339 die
496 2285 777 2344 custodes.
815 2286 932 2356 ipsa
989 2285 1277 2349 audiente,
1336 2286 1393 2341 in
1450 2287 1621 2342 filium
1675 2290 1967 2349 maledicta

379 2380 498 2432 sine
531 2375 715 2432 fronte
752 2377 964 2449 jactare
1011 2392 1122 2431 non
1169 2377 1488 2444 cessabant,
1536 2388 1590 2434 et
1623 2390 1882 2450 tauquam
1921 2383 1967 2439 si

382 2470 609 2525 nuntios
658 2470 1030 2541 accepissent,
1066 2472 1143 2526 illi
1180 2472 1521 2528 narrabant:
1557 2474 1697 2529 alias
1719 2476 1964 2545 quidem,

382 2570 603 2632 captum
664 2576 810 2623 esse,
873 2569 929 2616 et
976 2561 1189 2617 catenis
1246 2561 1469 2632 injectis
1530 2561 1675 2617 foede
1727 2564 1967 2634 raptari;

382 2654 540 2715 alias,
592 2652 896 2708 commisso
948 2650 1141 2722 prarlio
1201 2650 1467 2718 occisum,
1523 2652 1747 2722 jamque
1804 2661 1969 2723 caput

381 2741 567 2798 afferri
609 2741 754 2815 quod
782 2740 1181 2797 consolationis
1208 2754 1373 2796 causa
1404 2739 1471 2793 ad
1501 2755 1621 2795 eam
1661 2732 1881 2810 quoque
1907 2758 1967 2798 se

384 2835 647 2891 :dlaturos
678 2832 1119 2904 pollicebantur;
1155 2831 1372 2900 aliaque
1392 2829 1616 2885 demum
1630 2832 1966 2897 crudeliora,

381 2925 794 2982 etimmaniora
840 2923 1037 2978 multo.
1091 2921 1251 2978 Unde
1305 2937 1472 2992 supra
1527 2923 1748 2980 modum
1800 2925 1966 2982 corde

381 3018 722 3073 inflammata
756 3056 775 3082 ,
834 3022 892 3071 et
949 3013 1331 3070 conlabefacta
1365 3057 1381 3080 ,
1433 3015 1506 3084 εἰη
1558 3007 1964 3086 rapidissimam

382 3111 585 3166 febrim
610 3108 826 3164 incidit.
848 3105 1089 3162 Femina
1110 3106 1272 3162 sociae
1292 3106 1588 3162 archontas
1610 3109 1962 3177 saevissimos,
1994 3142 2036 3198 ε

383 3207 460 3261 uti
522 3205 798 3261 medicum
853 3202 1001 3256 illam
1039 3201 1266 3256 visitare
1301 3209 1651 3271 paterentur,
1709 3205 1965 3274 quamvis

376 3300 745 3361 obtestantes,
780 3294 1061 3351 inflectere
1116 3310 1225 3350 non
1277 3303 1553 3366 poterant.
1590 3311 1768 3365 usque
1826 3298 1965 3353 adeo

376 3387 775 3458 improborum
849 3383 1072 3438 illorum
1098 3425 1114 3447 ,
1168 3392 1226 3437 et
1268 3380 1683 3439 consuetorum'
1715 3385 1965 3452 quotidie

370 3480 622 3532 'humana
696 3474 969 3529 devorare
1032 3474 1244 3529 viscera
1319 3473 1531 3544 (89),
1606 3472 1674 3527 ad
1739 3476 1967 3529 misera—

365 3571 588 3625 tionem
644 3570 859 3624 viscera
919 3566 1333 3622 obduruerant.
1365 3564 1600 3622 Omnem
1634 3567 1685 3621 ei
1721 3570 1966 3624 curatio-

380 3676 505 3717 nem
539 3668 829 3732 negarunt,
854 3660 1010 3729 quasi
1044 3658 1302 3714 manibus
1327 3658 1445 3715 suis
1471 3673 1592 3713 eam
1618 3660 1962 3731 jugulantes.

378 3755 546 3827 469
587 3749 908 3822 lmperatrix
945 3750 1038 3806 ubi
1070 3766 1168 3821 per
1193 3751 1380 3806 nescio
1411 3766 1575 3821 quem
1604 3752 1753 3808 illam
1786 3769 1967 3825 aegro-

366 3859 519 3906 .tarc.
552 3860 658 3899 nec
697 3844 767 3898 ab
807 3843 1197 3909 archontibus,
1228 3850 1290 3897 et
1318 3857 1347 3897 a
1383 3844 1648 3914 magistro
1673 3829 1847 3911 orbis,
1879 3857 1965 3901 at-

360 3955 489 4009 'qtte
533 3936 808 4007 discipulo
852 3936 1001 3991 mitis
1032 3935 1180 3990 illius
1218 3950 1285 3990 ac
1352 3934 1573 4006 benigni
1606 3938 1966 4008 przeceptoris

364 4030 660 4097 medicum
708 4027 774 4082 ad
795 4026 1046 4082 eamdem
1087 4027 1419 4096 permissum
1448 4027 1657 4097 ingredi
1712 4029 1962 4097 rescivit,

372 4095 593 4176 tantam
642 4119 912 4174 feritatem
940 4162 955 4184 ,
990 4095 1211 4187 tamque
1242 4117 1457 4174 alienos
1484 4116 1553 4171 ab
1587 4117 1737 4172 omni
1769 4118 1966 4174 huma.

384 4214 558 4269 nitate
607 4211 843 4277 animos,
884 4210 1072 4264 verbis
1095 4208 1473 4278 asperioribus
1504 4209 1636 4279 ipsis
1661 4211 1964 4279 exprobra-
2008 4263 2013 4269 .

302 4302 317 4315 '
366 4305 481 4367 *vit,
507 4314 559 4359 et
592 4304 868 4358 medicum
902 4315 1065 4356 suum
1096 4299 1266 4362 misit,
1291 4298 1383 4367 qui
1414 4313 1514 4367 pro
1543 4300 1739 4353 morbo
1765 4299 1817 4354 ei
1851 4315 1966 4355 me-

375 4400 618 4454 dicinam
686 4398 909 4452 faceret.
967 4393 1035 4446 At
1078 4390 1418 4459 patriarcha,
1467 4398 1522 4444 et
1580 4392 1827 4461 reliquus
1873 4392 1965 4448 ille

2028 4114 2377 4190 ’ἀνθρώπων
2429 4121 2759 4190 εἰθισμένων
2835 4123 3134 4194 ὁσημέραι.

2071 1914 2361 1983 λυομένου
2407 1914 2507 1978 τὰς
2536 1916 2729 1985 χεῖρας
2770 1916 3033 1981 ἀνίπτους
3083 1916 3386 1981 καθιέντες,
3437 1916 3654 1988 διηρεύ-

2071 2024 2181 2060 νων
2209 2007 2371 2078 δῆθεν
2408 2008 2500 2062 τὸν
2535 2008 2723 2079 ζωμὸν
2751 2049 2766 2077 ,
2803 2009 2852 2062 εί
2907 2010 2982 2079 μή
3037 2026 3119 2062 τοι
3168 2009 3319 2087 ἔνδον
3357 2008 3652 2078 κρύπτοιτο

2071 2101 2378 2172 γράμματα
2412 2101 2563 2172 παρὰ
2593 2100 2690 2156 τοῦ
2740 2101 2862 2156 υἱοῦ
2912 2101 3327 2171 ἀπεσταλμένα,
3361 2101 3453 2154 καί
3480 2101 3654 2170 τοίγε

2072 2194 2229 2246 αὐτοὶ
2258 2194 2366 2249 τῶν
2392 2193 2830 2266 προσαγομένων
2859 2197 3019 2259 ὅντες
3046 2194 3325 2265 μάγειροι.
3360 2196 3428 2249 Ἃ
3448 2194 3650 2265 ὁρῶσα,

2075 2285 2277 2357 μᾶλλον
2308 2288 2492 2357 ᾑρεῖτο
2514 2286 2659 2357 λιμῷ
2687 2286 2878 2356 βιαίως
2909 2286 3302 2356 ἀποθνήσκειν,
3335 2285 3652 2356 ῆτοιούτων

2071 2378 2348 2445 γενέσθαι.
2394 2378 2483 2431 Ἐν
2508 2377 2739 2449 χειμῶνί
2769 2394 2829 2430 τε
2867 2376 3219 2448 σφοδροτάτῳ
3248 2377 3346 2432 καὶ
3374 2378 3652 2447 κρυμὼδει

2070 2469 2349 2538 οὐδεμίαν,
2382 2468 2498 2522 οὔτ’
2546 2471 2613 2523 ἐκ
2659 2469 2772 2523 τῶν
2835 2469 3013 2524 ἄλλων
3042 2469 3391 2539 ἐπιτηδείων,
3422 2468 3547 2522 οὒτε
3577 2472 3643 2523 ἐκ

2072 2559 2244 2627 πυρὸς
2304 2560 2631 2631 παρείχοντο
2676 2561 3055 2634 παραμυθίαν.
3114 2561 3225 2615 Καί
3255 2578 3339 2615 τοι
3372 2559 3647 2630 βασιλίδος

2074 2650 2345 2721 μηδεμιᾶς
2405 2653 2548 2707 κατά
2597 2654 2657 2706 τὸ
2715 2654 2879 2723 σῶμα
2942 2653 3253 2723 θεραπείας
3316 2652 3649 2723 κελευούσης

2070 2740 2417 2811 ἀποστερεῖν.
2459 2742 2618 2813 Παρά
2682 2742 2867 2797 πᾶσαν
2904 2759 2963 2796 τε
3017 2742 3240 2812 ἡμέραν
3272 2744 3374 2797 οὐκ
3404 2742 3647 2796 ἐνέλιπον

2069 2834 2117 2887 οί
2156 2832 2396 2902 φύλακες
2436 2834 2529 2887 τὸν
2581 2834 2696 2887 υίδν
2728 2834 2988 2906 ἀσέμνως
3043 2833 3292 2905 ὑϐρίζειν
3324 2836 3416 2887 ἐπ’
3448 2836 3645 2904 αὐτῆς*

2070 2925 2165 2976 καί
2227 2924 2303 2985 ὡς
2356 2925 2622 2992 ἀγγελίας
2672 2924 2834 2996 δῆθεν
2867 2929 3214 2998 πεπυσμένοι
3264 2928 3642 2997 ἀπήγγελλον,

2070 3014 2204 3069 ποτὲ
2240 3017 2341 3086 μὲν
2368 3016 2444 3079 ὡς
2476 3016 2814 3087 συλληφθείη
2848 3018 2875 3071 ὁ
2909 3019 3045 3081 υίὸς,
3081 3021 3176 3073 καὶ
3214 3019 3431 3089 ἀτίμως
3461 3020 3645 3086 ἄγοιτο

2072 3110 2465 3181 περικείμενος
2496 3110 2682 3164 κλοιά’
2713 3111 2906 3165 ἄλλοτε
2938 3112 2995 3166 δὲ
3022 3112 3098 3176 ὡς
3125 3114 3301 3184 μάχης
3320 3113 3646 3183 γενομένης,

2069 3199 2160 3253 ἐπ’
2199 3201 2371 3271 αὐτῆς
2423 3202 2820 3272 ἀποκτανθείη,
2852 3203 2951 3256 καὶ
3005 3202 3194 3272 ἄγοιτο
3242 3206 3275 3276 ὴ
3315 3204 3545 3274 κεφαλὴ,
3580 3206 3647 3276 ῆν

2069 3292 2429 3361 παραμυθίας
2466 3292 2631 3346 ἕνεκα
2693 3296 2788 3347 καὶ
2840 3295 2977 3364 πρὸς
3032 3295 3206 3367 αὐτὴν
3260 3297 3417 3366 ἄγειν
3450 3288 3641 3368 ὑπεριὲ

2070 3383 2347 3453 σχνοῢντο.
2391 3384 2501 3438 Καὶ
2546 3385 2711 3458 ἔτερα
2739 3386 3001 3458 ὠμότερα
3036 3389 3134 3441 καὶ
3168 3379 3643 3459 ἀπανθρωπῦτερα

2069 3476 2270 3547 πολλῷ,
2309 3477 2370 3543 ἐξ
2412 3471 2488 3533 ὧν
2538 3478 2723 3550 ἐκείνη
2759 3481 2860 3550 τὴν
2903 3481 3132 3553 καρδίαν
3162 3482 3516 3552 ὑπερζέσασα
3551 3483 3648 3537 καὶ

2069 3573 2464 3634 κατατακεῖσα,
2496 3573 2755 3644 πυρετοῖς
2790 3572 3002 3644 ἐλήφθη
3049 3573 3460 3643 σφοδροτάταις.
3491 3575 3556 3627 Ai
3590 3574 3649 3628 δέ

2069 3682 2134 3717 πε
2146 3665 2199 3733 ρ).
2230 3663 2402 3734 αὐτὴν
2437 3668 2723 3734 γυναῖκες,
2756 3664 2922 3719 πολλά
2949 3665 3057 3718 τῶν
3086 3664 3392 3735 ὼμοτάτων
3420 3668 3646 3720 ἐκείνων

2068 3755 2346 3825 ἀρχόντων
2372 3754 2676 3825 δεηθεῖσαι,
2706 3754 2835 3808 ὥστ’
2863 3744 3159 3826 ἐπιτρέψαι
3189 3756 3373 3827 ἰατρὸν
3402 3756 3536 3827 πρὸς
3555 3758 3642 3810 αὐ-

2068 3847 2168 3919 τὴν
2187 3848 2432 3917 εἰσάγειν
2462 3849 2558 3901 καὶ
2589 3848 2844 3919 προνοίας
2874 3848 3109 3914 ἀξιῶσαι
3137 3851 3342 3920 μικρᾶς
3363 3849 3530 3911 τινὸς,
3551 3850 3649 3902 οἰκ

2066 3939 2418 4011 ἠδυνήθησαν
2469 3938 2609 4009 πρὸς
2641 3939 2791 3993 ἔλεον
2824 3939 3230 3994 ἐκκαλέσασθαι
3264 3940 3332 3994 τὰ
3370 3941 3648 4011 σπλάγχνα

2067 4031 2178 4084 τῶν
2240 4029 2580 4101 ἀγνωμόνων
2642 4030 2900 4099 ἐκείνων,
2940 4029 3064 4087 καὶ⁶
3090 4032 3377 4103 σπλάγχνα
3449 4034 3647 4088 ἐσθίειν

3211 4124 3353 4177 ’Δ).λ⁹
3414 4125 3645 4180 ἀπεῖπον

2068 4212 2208 4282 αὐτῇ
2267 4211 2449 4263 πᾶσαν
2488 4210 2809 4278 θεραπείαν,
2864 4209 3053 4281 ὥσπερ
3108 4210 3427 4283 αὐτοχειρίᾳ
3482 4229 3648 4266 κατα-

2072 4302 2538 4371 σφάττοντεςτίι
2577 4302 2794 4370 βασιλὶς
2825 4305 2921 4357 καὶ
2971 4303 3079 4355 ὑπό
3112 4320 3208 4356 του
3252 4303 3533 4375 πυθομένη
3567 4307 3647 4360 ὅτι

2070 4396 2252 4464 νοσοίη
2290 4397 2322 4466 ἠ
2356 4394 2452 4448 τοῦ
2496 4394 2765 4465 βασιλέως
2803 4398 3010 4467 μήτηρ,
3043 4396 3140 4449 καὶ
3171 4395 3248 4458 ὡς
3286 4399 3385 4450 οὐκ
3414 4399 3647 4469 ἐπιτρα-

379 4496 655 4553 bonorum
684 4492 929 4545 virorum
959 4494 1138 4540 cretus
1166 4492 1514 4539 sacramento
1539 4483 1821 4540 hominem
1848 4486 1965 4540 adi-

2074 4490 2200 4561 πείη
2231 4489 2389 4560 παρὰ
2439 4488 2554 4541 τῶν
2605 4489 2886 4560 ἀρχόντων
2936 4487 3034 4542 καὶ
3072 4486 3168 4540 τοῦ
3203 4488 3523 4543 διδασκάλου
3553 4490 3650 4557 τῆς

380 4602 535 4660 gere,
568 4585 877 4654 ingressum
894 4576 1047 4631 nihil
1076 4576 1142 4631 ad
1176 4575 1559 4646 depellendam
1581 4575 1963 4645 aegritudinem

380 4677 860 4751 przescripturum.
920 4668 1104 4736 Quem
1152 4682 1439 4723 accessum
1485 4666 1869 4734 reéusantem,
1918 4669 1965 4724 si

372 4769 580 4842 iacenti
617 4781 687 4821 ac
720 4761 994 4819 laboranti
1039 4778 1103 4816 ex
1163 4771 1285 4815 arte
1319 4774 1440 4821 sua,
1470 4759 1611 4814 nihil
1641 4760 1965 4829 profuturus

376 4860 556 4927 esset,
590 4864 893 4928 coegerunt
946 4852 1282 4923 imperatrici
1323 4849 1578 4914 obedire,
1612 4860 1674 4905 ut
1727 4859 1786 4907 et
1840 4866 1967 4907 cru-

377 4955 663 5011 delitatem
700 4964 856 5005 suazu
911 4961 1089 5016 usque
1121 4946 1191 4999 ab
1226 4942 1387 4997 initio
1428 4950 1739 5006 servarent,
1779 4953 1836 4999 et
1869 4960 1969 4998 au-

380 5048 699 5106 ctoritatem
745 5045 1006 5113 Augusta:
1060 5035 1463 5105 contempsisse
1509 5048 1579 5089 ne
1622 5035 1967 5103 viderentur,

381 5143 428 5198 si
459 5153 683 5196 accessu
728 5135 881 5190 illum
904 5132 975 5188 ad
1009 5141 1267 5201 aegrotam
1292 5124 1729 5197 prohibuissent.
1754 5127 1809 5184 Si
1839 5146 1966 5199 per-

382 5236 679 5297 tenderet,
720 5244 778 5287 et
823 5227 1107 5300 quidpiam
1128 5224 1206 5279 ad
1241 5223 1472 5277 salutem
1511 5220 1653 5283 male
1710 5222 1967 5280 habentis

380 5314 615 5391 diceret,
676 5342 745 5381 ne
789 5326 937 5391 ipsos
971 5328 1160 5389 postea
1197 5325 1508 5379 accusaret,
1539 5330 1667 5369 cum
1702 5329 1872 5372 semel
1907 5319 1967 5373 in

372 5423 745 5483 calamitatem
793 5411 1233 5485 praecipitasset;
1288 5408 1770 5485 Cantacuzeuismi
1813 5413 1963 5467 enim

2072 4582 2400 4651 οἰκουμένης
2425 4583 2523 4632 καὶ
2555 4578 2800 4649 μαθητοῦ
2826 4579 2920 4632 τοῦ
2938 4581 3118 4650 πρᾴου
3149 4583 3242 4635 καὶ
3264 4580 3649 4652 φιλανθρώπου

2078 4674 2259 4744 ἰατρὸς
2288 4673 2424 4742 πρὸς
2473 4672 2644 4741 αὐτὴν
2687 4671 2978 4738 εἰσελθεῖν,
3030 4672 3278 4725 ὠνείδισε
3314 4673 3415 4742 μὲν
3472 4673 3652 4737 αὐτοῖς

2075 4764 2291 4831 πικρῶς
2312 4763 2411 4834 τὴν
2441 4762 2703 4831 ὠμότητα
2758 4762 2858 4815 καὶ
2905 4762 3006 4831 τὴν
3060 4763 3401 4834 ἀναλγησίαν
3431 4781 3446 4795 ο
3478 4765 3568 4817 τὸν
3595 4764 3652 4816 δὲ

2078 4857 2260 4928 ἰατρὸν
2281 4854 2534 4909 ἐκέλευεν
2552 4853 2611 4917 ὃς
2637 4854 2776 4923 αὐτῇ
2803 4853 2941 4923 προς
2966 4853 3065 4917 τὰς
3083 4854 3273 4916 νόσους
3302 4854 3541 4926 συνήθης
3561 4852 3651 4926 ἦν,

2076 4951 2214 5022 πρὸς
2245 4948 2463 5018 ἐκείνην
2506 4964 2579 5001 κτε
2634 4947 2832 5013 ἐλθεῖν,
2879 4947 2973 5001 καὶ
3011 4947 3266 5017 προνοίας
3295 4946 3526 5012 ἀξιῶσαι
3555 4949 3651 5019 τῆς

2078 5042 2329 5111 δεούσης.
2369 5040 2728 5111 Πατριάρχης
2756 5040 2814 5093 δὲ
2864 5041 3021 5109 καὶὴ
3065 5040 3229 5110 λοιπὴ
3275 5039 3385 5094 τῶν
3430 5040 3653 5108 ἀγαθῶν

2075 5137 2299 5206 ἐκείνων
2330 5133 2540 5205 ἀνδρῶν
2587 5133 2794 5203 φατρία
2842 5133 2936 5186 τὸν
2983 5132 3170 5203 ἰατρὸν
3223 5133 3652 5202 παραλαϐόντες,

2073 5226 2272 5296 ὅρκους
2301 5223 2568 5295 ἀπῄτουν,
2603 5221 2747 5275 ὥστε
2786 5220 3010 5275 ἐλθόντα
3037 5223 3174 5293 πρὸς
3205 5223 3445 5295 ἐκείνην,
3484 5224 3651 5293 μηδὲν

2078 5320 2210 5389 περὶ
2246 5321 2344 5389 τῆς
2380 5318 2538 5370 νόσου
2586 5314 2969 5379 διατάξασθαι.
3019 5314 3126 5368 Τοῦ
3177 5314 3235 5368 δὲ
3265 5317 3360 5370 καὶ
3395 5314 3497 5386 τὴν
3525 5315 3653 5368 ἐπι-

2074 5410 2279 5482 δημίαν
2340 5405 2805 5481 ἀπαγορεύοντος,
2865 5407 2914 5459 εί
2972 5406 3157 5477 μέλλοι
3210 5406 3383 5485 μηδὲν
3443 5408 3508 5459 ἐκ
3555 5405 3654 5473 τῆς

1666 5525 1887 5587 Jacobi
1923 5527 2187 5590 Pontani
2223 5534 2410 5588 notae.

450 5642 564 5712 (89)
595 5637 835 5712 Pulchra
861 5627 1218 5700 amplificatio
1242 5624 1334 5712 lilii
1372 5627 1427 5679 in
1462 5642 1624 5708 causa
1658 5631 1869 5712 matris:
1897 5632 1962 5685 Et

378 5697 609 5768 miratur
664 5707 799 5762 satis
849 5697 1062 5771 argute,
1094 5697 1387 5767 quomodo,
1422 5698 1512 5771 qui
1566 5700 1810 5767 quotidie
1855 5702 1959 5754 hu-

370 5796 541 5837 mana
600 5779 815 5834 viscera
874 5768 1250 5833 coiticderent,
1306 5776 1418 5821 tam
1476 5768 1626 5824 duris
1676 5775 1959 5839 potuerint

2062 5646 2186 5685 esse
2215 5629 2521 5683 visceribus
2552 5645 2565 5681 :
2607 5627 2877 5698 siquidem
2913 5628 3061 5681 omni
3107 5642 3269 5683 sensu
3297 5627 3653 5686 humanitatis

2060 5709 2336 5757 carerent.
2368 5710 2425 5752 et
2467 5700 2519 5751 in
2553 5700 2724 5769 ﬁgura
2767 5698 3005 5751 humana
3048 5698 3351 5753 belluarum
3388 5700 3649 5756 saeviitem

2062 5774 2426 5824 irritarentur.
