4054 6422
404 450 510 517 915

1579 459 1913 522 JOANNIS
1951 463 2482 527 CANTACUZENI

3564 467 3668 538 916

405 565 715 628 consultum
777 566 918 622 velle
971 567 1443 633 existimarentur,
1485 575 1865 643 exploratores
1915 574 1982 630 ad

2093 576 2232 630 ὥστε
2274 579 2374 632 καί
2397 595 2484 632 τοι
2531 579 2744 634 πολλῶν
2787 581 2926 636 αύτὰ
2957 583 3230 654 πρότερον
3259 583 3670 652 συμμεριζομέ-

401 653 848 712 ϐαηιιιιτιιῑεηιιιη
881 667 1128 720 mittunt.
1157 674 1365 731 eosque
1398 677 1649 718 reversos
1677 665 1984 734 excipiunt,

403 746 471 802 ad
517 748 820 818 Augustam
869 749 1248 818 introducunt,
1281 769 1406 808 cum
1433 755 1540 810 alia
1571 756 1744 812 multa
1775 756 1831 810 in
1859 771 1986 812 eum

404 839 759 903 mentientes.
800 849 914 894 tum
959 843 1106 911 quod
1147 845 1323 914 palam
1345 845 1490 900 inter
1517 862 1648 902 suos
1681 862 1747 903 ac
1778 848 1988 918 magni-

401 928 505 983 f-ce
527 932 789 1001 jurassct.
817 933 863 990 si
895 931 1136 1000 vicisset,
1165 937 1314 992 illam
1351 953 1475 992 cum
1507 939 1620 994 lilio
1653 939 1988 1010 imperatore

402 1027 556 1074 extra
587 1036 752 1077 omne
783 1023 1025 1081 dedecus
1046 1025 1193 1080 aliud
1220 1028 1534 1084 occisurum
1559 1033 1944 1087 tantummodo
1971 1050 1984 1088 :

402 1114 779 1184 patriarcbam
850 1133 976 1172 cum
1029 1121 1420 1186 consortibus,
1467 1123 1563 1192 qui
1620 1121 1729 1178 hoc
1780 1124 1986 1180 bellum

400 1213 595 1262 contra
644 1222 704 1263 se
755 1209 1117 1277 conﬂassent,
1172 1211 1412 1267 fustibus
1439 1213 1591 1283 prius
1625 1214 1990 1285 ignominiose

399 1306 718 1366 coopertos,
791 1302 1189 1358 contumeliosa
1228 1314 1286 1358 et
1319 1305 1662 1362 atrocissima
1696 1318 1871 1362 morte
1907 1308 1992 1362 in-

402 1397 830 1458 terempturum.
877 1391 982 1459 Qui
1030 1395 1334 1450 narrationi
1384 1397 1515 1454 huic
1565 1415 1633 1454 ex
1681 1403 1990 1471 composito

401 1481 588 1533 statim
639 1494 962 1551 praesentes,
997 1484 1124 1540 inde
1153 1487 1404 1543 velamen
1437 1491 1733 1546 maximum
1758 1494 1991 1564 arripie—

403 1569 557 1634 bant,
593 1587 695 1625 cur
731 1588 840 1630 non
872 1587 1102 1644 possent
1136 1578 1189 1632 in
1237 1586 1391 1633 tanto
1420 1579 1742 1638 discrimine
1794 1593 1991 1653 sponte

403 1657 456 1710 in
512 1658 662 1728 ipsos
706 1662 843 1716 adeo
869 1663 1166 1721 insanienti
1199 1682 1258 1724 se
1293 1666 1554 1734 subdere,
1583 1678 1640 1724 et
1669 1687 1771 1742 per
1795 1687 1988 1742 pacem

402 1748 644 1806 tradere.
692 1751 887 1808 Statim
921 1755 1085 1826 :onmi
1148 1769 1350 1815 conatu
1415 1777 1482 1816 ac
1529 1761 1758 1819 libentia
1797 1765 1874 1820 illi
1903 1781 1992 1822 ar-

401 1843 507 1896 mis
533 1848 964 1915 occnrrendum,
993 1859 1047 1904 et
1069 1851 1114 1905 si
1136 1855 1262 1921 quis
1281 1852 1350 1909 de
1370 1869 1506 1924 pace
1533 1857 1762 1912 verbum
1779 1859 1988 1924 ederet,

399 1934 656 1989 similiter
695 1937 749 1994 in
800 1938 978 1996 hostis
1021 1941 1144 1996 loco
1177 1943 1494 2000 habendum
1535 1947 1848 2004 edixerunt.
1877 1949 1986 2006 Sed
2024 1929 2064 1984 Β

397 2022 787 2084 Cantacuzeno
815 2046 940 2085 cum
973 2035 1221 2089 exercitu
1248 2035 1304 2090 in
1335 2037 1693 2095 Occidentem
1719 2041 1987 2110 profecto,

399 2119 770 2186 Apocauchus
821 2137 1056 2194 magnus
1087 2124 1195 2180 dux
1224 2127 1396 2190 totius
1433 2129 1652 2199 imperii
1684 2141 1889 2197 rector,
1921 2147 1987 2186 cx

397 2209 710 2266 continenti
746 2228 806 2268 se
833 2229 996 2284 posse
1031 2216 1294 2274 resistere
1319 2219 1654 2290 desperabat
1686 2239 1700 2276 :
1739 2223 1889 2294 quod
1933 2233 1993 2278 ut

400 2299 494 2356 tali
544 2302 864 2360 adversario
903 2320 962 2360 se
993 2308 1223 2364 minime
1257 2325 1470 2380 parem,
1502 2311 1577 2368 ita
1605 2313 1818 2369 nullum
1849 2331 1994 2384 quo-

397 2407 506 2460 que
555 2409 739 2464 operae
779 2398 1021 2468 pretium
1052 2399 1330 2458 facturum
1361 2403 1549 2460 sciret.
1583 2402 1771 2474 C0piis
1805 2416 1991 2464 autem

397 2483 716 2553 Byzantinis
782 2495 838 2542 et
923 2487 1196 2545 Threiciis
1250 2505 1363 2548 non
1408 2490 1783 2550 mediocribus
1827 2493 1988 2564 471

397 2591 526 2633 cum
577 2576 956 2640 Andronicum
1003 2581 1373 2654 Palaeologum
1423 2599 1716 2654 generum,
1764 2586 1992 2641 etTho-

401 2685 544 2724 mam
595 2670 962 2742 Palaaologum
1017 2673 1189 2730 duces
1250 2675 1533 2744 dedisset,
1585 2677 1866 2732 mandavit
1931 2689 1994 2734 ut

399 2760 556 2816 illum
627 2763 983 2836 insequentes
1039 2767 1537 2834 incommodarent,
1563 2770 1606 2824 si
1670 2769 1806 2840 quid
1860 2786 1987 2840 pos-

408 2863 557 2918 sent,
627 2865 890 2912 caventcs
921 2860 1114 2929 magis,
1148 2875 1217 2914 ne
1249 2861 1380 2930 quid
1413 2862 1514 2930 ipsi
1541 2863 1862 2920 detrimenti
1895 2881 1989 2918 ac-

411 2950 685 3019 ciperent.
718 2951 838 3020 Ipse
880 2967 1010 3006 vero
1065 2968 1135 3008 ne
1177 2954 1373 3010 sedere
1424 2955 1704 3016 videretur
1743 2971 1994 3010 summus

399 3058 586 3099 rerum
647 3043 937 3112 princeps,
967 3045 1254 3115 sexaginta
1299 3046 1520 3100 navium
1555 3047 1808 3110 classem,
1850 3049 1998 3102 velut

398 3152 430 3191 e
479 3137 614 3190 mari
665 3146 1017 3208 pugnaturus
1052 3139 1366 3201 adornavit.
1406 3140 1461 3194 in
1500 3155 1640 3210 quas
1661 3141 1730 3198 de
1758 3140 1994 3212 pecunia

399 3228 771 3284 Cantacuzeni
827 3230 1075 3302 Byzantii
1127 3233 1406 3288 occultata
1451 3241 1733 3302 sumptum
1783 3231 1918 3287 fecit
1975 3250 1990 3286 :
2015 3265 2064 3327 Ο

403 3322 620 3376 tametsi
663 3321 818 3380 illum
853 3337 1068 3386 omnes,
1110 3332 1169 3378 ut
1197 3323 1358 3380 valde
1388 3337 1652 3383 vesanum
1685 3322 1993 3393 reprehen-

401 3412 618 3478 derent,
668 3413 762 3482 qui
816 3413 1066 3468 terrestri
1103 3413 1374 3474 exercitui
1419 3413 1669 3468 navalem
1707 3427 1989 3482 opponere

404 3505 762 3566 institueret,
811 3512 1130 3574 tantamque
1165 3505 1458 3574 pecuniam
1498 3506 1652 3563 nullo
1685 3505 1870 3562 fructu
1902 3503 1989 3561 in-

404 3605 668 3656 sumeret.
711 3596 884 3652 Aliter
938 3611 1124 3666 porro,
1165 3612 1330 3667 quam
1373 3597 1498 3667 quis
1527 3597 1693 3656 ducta
1715 3613 1783 3656 ex
1823 3597 1988 3652 rebus

405 3689 726 3759 conjectura
774 3690 1101 3758 putavisset.
1149 3688 1373 3754 evenit;
1401 3689 1699 3758 plurimum
1729 3689 1876 3746 enim
1909 3689 1990 3746 rei

403 3782 860 3838 Cantacuzenica:
898 3783 1102 3846 obfuit,
1159 3782 1609 3839 Thessalonicam
1664 3798 1775 3839 non
1803 3782 1991 3838 dedita

405 3875 476 3928 ab
516 3889 576 3929 se
625 3889 816 3944 opera,
868 3873 964 3929 sed
1015 3882 1167 3930 sorte
1216 3873 1453 3945 quadam
1497 3875 1748 3941 delatus,
1784 3875 1851 3930 de
1880 3887 1992 3943 quo

405 3975 596 4037 postea
623 3965 949 4022 disseretur.

2093 684 2222 734 νων,
2257 671 2353 724 καὶ
2401 669 2471 722 τὰ
2516 671 2618 740 μὲν
2661 673 3006 745 ’Δποκαύχου
3049 673 3147 727 τοῦ
3200 674 3438 744 μεγάλου
3481 675 3670 740 δουκδς

2096 760 2606 832 παρακατέχοντος,
2637 764 2802 834 ἔτερα
2851 767 2908 820 δὲ
2962 767 3185 820 Γαδαλᾶ
3235 765 3332 820 τοῦ
3390 783 3672 836 πρωτοσε-

2092 851 2329 916 δαστοῦ,
2367 855 2624 918 κακεῖνος
2669 857 2782 927 γάρ
2816 859 3107 929 συνάρχων
3135 857 3214 929 τῷ
3264 859 3488 929 μεγάλῳ
3521 858 3674 911 δουκὶ

2093 943 2163 996 τὰ
2195 943 2353 996 κοινά
2410 943 2621 1014 διῴκει,
2677 948 2776 1000 καὶ
2837 949 3096 1018 μεσάζων
3143 949 3379 1020 βασιλίδι
3435 945 3524 1020 ἦν,
3580 949 3674 1003 καὶ

2093 1030 2378 1101 Κιννάμου
2432 1032 2528 1086 τοῦ
2578 1035 2846 1105 μυστικοῦ
2894 1037 3006 1091 τῶν
3037 1037 3338 1108 βασιλικῶν
3373 1037 3673 1108 χρημάτων

2092 1122 2216 1176 τότε
2263 1124 2464 1194 ταμίου
2514 1125 2707 1194 δντος,
2761 1127 2858 1182 καὶ
2896 1129 3110 1183 πολλῶν
3141 1130 3346 1200 ἐτέρων
3379 1128 3674 1199 εὐνούχων,

2093 1215 2144 1269 οἳ
2179 1216 2695 1286 παρεδυνάστευον,
2745 1219 2896 1290 ὅμως
2947 1223 3012 1274 ἐκ
3061 1219 3170 1275 τῶν
3226 1202 3673 1289 ὑπολειπομένων

2091 1307 2510 1372 ἀναλίσκοντες,
2547 1309 2641 1362 τὸν
2678 1309 2818 1380 πρὸς
2865 1311 3092 1381 βασιλέα
3131 1313 3371 1380 πόλεμον
3407 1310 3670 1380 συνεκρό-

2093 1415 2241 1452 τουψ
2284 1396 2460 1460 οὕτως
2492 1395 2634 1469 ἦσαν
2659 1401 2866 1470 ἄπειρα
2911 1403 2988 1472 τῷ
3019 1403 3240 1472 πλήθει.
3275 1403 3339 1456 Ἡ
3371 1401 3581 1472 βασιλὶς
3613 1401 3668 1454 δέ

2096 1490 2271 1544 πολλὰ
2307 1490 2574 1554 πολλάκις
2604 1493 2734 1563 περὶ
2773 1495 3000 1566 εἰρήνης
3033 1496 3168 1566 πρὸς
3199 1500 3550 1564 πατριάρχην
3580 1494 3673 1546 καὶ

2093 1585 2221 1646 τοῦς
2256 1581 2456 1646 ἄλλους
2479 1582 2591 1636 τῶν
2621 1588 2970 1654 πραγμάτων
3004 1588 3272 1657 ἄρχοντας
3308 1587 3670 1656 διαλεχθεῖσα,

2093 1676 2249 1732 οὐδὲν
2300 1675 2500 1730 άνῦσαι
2559 1676 2666 1729 τῶν
2711 1677 2945 1730 δεόντων
2995 1677 3279 1749 ἠδυνήθη,
3313 1678 3541 1730 ἐκείνων
3569 1677 3668 1749 ήδη

2094 1765 2239 1819 κατὰ
2288 1766 2493 1835 κράτος
2554 1765 2778 1819 πάντων
2823 1766 3142 1836 ἐσχηκότων
3189 1764 3290 1836 τὴν
3344 1764 3541 1836 ἀρχὴν,
3578 1763 3672 1817 καὶ

2092 1857 2204 1912 οὐδ’
2238 1857 2436 1930 ἄκροις
2487 1858 2593 1910 ὠσὶ
2637 1859 2737 1930 τὴν
2783 1859 3009 1929 εἰρήνην
3037 1852 3538 1928 παραδεχομένων.
3567 1855 3674 1908 Τοῦ

2091 1950 2269 2004 δοκεῖν
2307 1951 2365 2004 δὲ
2395 1949 2586 2004 δίκαιά
2636 1966 2699 2004 τε
2755 1949 2893 2018 ὁμοῦ
2953 1950 3048 2004 καὶ
3095 1950 3330 2021 βασιλίδι
3361 1951 3458 2004 καὶ
3491 1950 3673 2020 σφίσιν

2093 2045 2280 2106 αὐτοῖς
2341 2044 2695 2114 συμφέροντα
2744 2042 3046 2113 αίρεῑσθαι,
3094 2043 3486 2107 κατασκόπους
3516 2043 3674 2114 δῆθεν

2093 2136 2522 2206 προπέμποντες
2574 2134 2713 2205 πρὸς
2773 2133 3236 2206 Καντακουζηνδν
3291 2136 3384 2187 τὸν
3425 2135 3672 2206 βασιλέα,

2091 2228 2287 2283 ἔπειτα
2341 2227 2732 2298 ὑποδεχόμενοι
2794 2227 3124 2290 ἐπανιόντας
3157 2267 3173 2292 ,
3250 2227 3472 2298 εἰσῆγον
3539 2228 3677 2298 πρὸς

2095 2321 2365 2392 βασιλίδαο
2394 2321 2532 2376 ἄλλα
2563 2337 2626 2374 τε
2665 2319 2838 2374 πολλὰ
2888 2320 3105 2374 ἐκείνου
3135 2319 3675 2390 καταψευδομένους,

2094 2415 2188 2470 καὶ
2233 2414 2310 2477 ὡς
2367 2411 2678 2481 ἀναφανδὸν
2728 2413 2867 2482 πρὸς
2909 2412 3037 2476 τοὺς
3071 2413 3332 2474 συνόντας
3370 2412 3681 2482 μεγαληγο-

2095 2506 2243 2577 ροίη,
2297 2505 2374 2568 ῶς
2423 2505 2474 2557 εἰ
2525 2503 2876 2575 περιγένοιτο
2925 2505 2986 2557 ἐν
3023 2503 3102 2573 τῷ
3133 2503 3382 2574 πολέμῳ,
3437 2503 3681 2574 βασιλίδα

2096 2599 2197 2666 μὲν
2251 2598 2342 2650 καὶ
2374 2596 2600 2667 βασιλέα
2631 2597 2723 2650 τὸν
2759 2597 2877 2650 υἱὸν
2917 2597 3218 2649 ἀποκτενεῖ
3277 2596 3440 2666 μόνον
3479 2596 3680 2664 ἀτιμά-

2093 2702 2195 2747 σας
2241 2685 2410 2755 μηδέν
2435 2701 2451 2716 ο
2489 2686 2824 2757 πατριάρχῃ
2878 2683 2937 2738 δὲ
2989 2686 3086 2738 καὶ
3140 2687 3256 2748 τοῖς
3297 2683 3479 2746 ἄλλοις
3508 2683 3559 2736 οἳ
3585 2682 3678 2735 τὸν

2049 2775 2349 2848 ,παρόντα
2411 2776 2652 2847 πόλεμον
2714 2777 2950 2848 ήγειραν
3027 2775 3220 2847 αὐτῷ,
3276 2775 3420 2847 μετὰ
3475 2774 3676 2838 πολλὰς

2094 2865 2302 2931 αἰκίας,
2331 2863 2666 2935 ἐφύόριστον
2719 2867 2814 2918 καὶ
2857 2863 3172 2935 βιαιότατον
3201 2863 3436 2918 θάνατον
3463 2859 3675 2924 ἐπάξει.

2096 2958 2160 3010 Οἳ
2188 2959 2284 3011 καὶ
2315 2959 2427 3020 τοὶς
2450 2957 2768 3028 λεγομένοις
2803 2960 2868 3011 ἐκ
2899 2958 3248 3027 συνθήματος
3281 2955 3445 3018 εὐθὺς
3480 2953 3680 3023 παρόν-

2094 3065 2210 3112 τες,
2249 3049 2523 3118 μεγίστην
2578 3049 2856 3118 πρόφασιν
2895 3047 3184 3100 ἐποιοῦντο
3218 3046 3278 3099 τὸ
3311 3043 3677 3115 μὴδύνασθαι

2099 3139 2238 3210 πρὸς
2272 3139 2521 3194 κίνδυνον
2545 3138 2803 3192 τοσοῦτον
2830 3140 2972 3208 σφᾶς
2998 3139 3200 3201 αὐτοὺς
3229 3137 3468 3206 ὑπάγειν
3498 3135 3679 3189 ἑκοντὶ

2095 3232 2174 3302 τῷ
2208 3233 2329 3286 κατ’
2353 3231 2584 3285 ἐκείνων
2609 3230 2755 3284 οὕτω
2787 3231 3108 3302 μαινομένῳ
3156 3231 3244 3286 διὰ
3280 3233 3382 3300 τῆς
3413 3229 3678 3298 δοκούσης

2099 3323 2322 3394 εἰρήνης
2377 3320 2821 3392 ἐγχειρίζοντες,
2877 3323 3079 3375 αὐτίκα
3133 3338 3193 3374 τε
3243 3320 3570 3390 ἐψηφίζοντο
3612 3321 3679 3370 τὸ

2097 3414 2210 3468 δεῖν
2245 3413 2440 3484 ἐκείνῳ
2482 3413 2632 3483 πάσῃ
2664 3413 2873 3487 σπουδῇ
2904 3415 2998 3467 καὶ
3053 3413 3336 3484 προθυμίᾳ
3395 3411 3674 3476 πολεμεῖν.

2097 3506 2206 3559 Καὶ
2233 3505 2288 3558 ετ
2311 3521 2395 3567 τις
2441 3505 2497 3558 τὶ
2529 3505 2663 3572 περὶ
2691 3506 2796 3572 τῆς
2831 3504 2970 3573 πρὸς
2993 3505 3205 3557 ἐκεῖνον
3235 3504 3462 3573 είρήνης
3496 3500 3677 3570 φθέγ-

2098 3597 2253 3664 ξαιτο
2283 3635 2298 3660 ,
2359 3596 2622 3666 πολέμιον
2700 3597 2954 3665 ἡγεῖσθαι
3016 3597 3114 3651 καὶ
3170 3596 3354 3651 αὐτόν.
3411 3595 3566 3650 Ἐπεὶ
3617 3595 3678 3648 δὲ

2103 3690 2362 3762 βασιλεύς
2421 3707 2482 3743 τε
2535 3693 2564 3744 ό
2608 3689 3067 3760 Καντακουζηνὸς
3109 3689 3507 3760 ἐξεστράτευσε
3539 3687 3678 3757 πρὸς

2099 3784 2200 3852 τὴν
2251 3782 2534 3852 ἑσπέραν,
2593 3783 2690 3836 καὶ
2731 3783 3073 3852 Ἀπόκαυχος
3127 3783 3156 3835 ὁ
3197 3783 3372 3853 μέγας
3415 3780 3542 3845 δοὺξ
3577 3779 3679 3848 τὴν

2103 3875 2285 3928 πᾶσαν
2339 3869 2444 3944 ἦγε
2513 3872 2804 3941 Ῥωμαίων
2865 3874 3188 3944 ἡγεμονίαν,
3237 3874 3299 3927 τὸ
3345 3873 3442 3943 μέν
3483 3875 3548 3926 ἐκ
3574 3871 3676 3940 τῆς

2105 3964 2338 4035 ἠπείρου
2368 3963 2464 4017 καὶ
2495 3964 2662 4025 αὐτὸς
2692 3965 3221 4036 άντιστρατεύεσθαι
3251 3966 3447 4035 ἐκείνῳ
3480 3965 3642 4032 άπεγί
3661 3995 3677 4005 -

405 4074 654 4114 νωσκεν’
724 4060 841 4130 ᾔδει
883 4059 994 4133 γάρ
1053 4059 1217 4129 λόγου
1270 4058 1422 4125 άξιον
1469 4059 1908 4132 διαπραξόμενος
1970 4058 2126 4113 οὐδὲν
2155 4099 2170 4124 ,
2223 4058 2346 4111 οὐδὲ
2402 4057 2543 4128 πρὸς
2600 4057 2844 4112 τοιοῦτον
2909 4059 3323 4128 ἀνταγωνιστὴν
3382 4056 3680 4128 ἀξιόχρεως

405 4153 666 4223 ἐσόμενος
717 4153 901 4217 αὐτός.
941 4155 1023 4225 Τῇ
1068 4153 1128 4208 δέ
1175 4156 1242 4208 ἐκ
1271 4153 1606 4219 ⁸Βυζαντίου
1644 4153 1742 4211 καὶ
1803 4153 2027 4226 Θρᾴκης
2068 4153 2301 4224 στρατιᾷ
2343 4151 2450 4205 οὐκ
2489 4151 2648 4224 ὀλίγῃ
2689 4151 2828 4224 οὔσῃ
2872 4152 3213 4222 Ἀνδρόνικόν
3253 4169 3314 4204 τε
3378 4151 3676 4205 Παλαιολό-

409 4263 507 4313 γον
555 4247 652 4301 τὸν
706 4247 999 4319 γαμϐρὸν,
1049 4250 1147 4301 καὶ
1201 4247 1408 4318 Θωμᾶν
1465 4249 1558 4302 τὸν
1607 4247 1985 4314 Παλαιολόγον
2053 4247 2357 4315 ἐπιστήσας
2419 4247 2788 4318 στρατηγοὺς,
2846 4245 3102 4299 ἐκέλευεν
3137 4245 3333 4315 ἐκείνῳ
3376 4245 3675 4314 ἑπομένους

411 4340 694 4410 βλάπτειν,
721 4340 776 4394 εί
803 4359 858 4394 τι
920 4340 1198 4407 δύναιντο,
1228 4341 1673 4412 φυλαττομένους
1743 4339 1948 4411 μᾶλλον
1995 4339 2072 4410 μὴ
2112 4339 2302 4402 κακῶς
2331 4339 2488 4392 αὐτοὶ
2516 4339 2729 4392 παθεῖν.
2761 4339 2935 4403 Αύτδς
2967 4339 3024 4392 δέ
3055 4338 3150 4392 τοῦ
3202 4339 3278 4410 μὴ
3303 4338 3482 4393 δοκεῖν
3511 4338 3677 4409 ἀργὸς

410 4437 686 4508 καθῆσθαι
724 4439 834 4493 τῶν
883 4438 1024 4492 ὅλων
1078 4438 1220 4509 ἔχων
1247 4439 1350 4510 τήν
1383 4438 1578 4510 ἀρχὴν,
1609 4437 1987 4509 ἐϐδομήκοντα
2026 4437 2164 4490 νεῶν
2197 4435 2390 4489 στόλον
2419 4435 2715 4506 ἐξηρτύετο
2777 4435 2854 4499 ὡς
2917 4437 2983 4488 ἐκ
3014 4435 3288 4507 Θαλάσσης
3323 4435 3671 4507 πολεμήσων.

409 4532 636 4604 Δαπάνη
681 4531 740 4586 δὲ
767 4527 838 4604 ἦν
865 4531 1017 4602 αύτῷ
1049 4532 1188 4603 πρὸς
1225 4533 1325 4596 τὰς
1349 4533 1603 4604 τριήρεις
1653 4532 1722 4584 τὰ
1784 4531 2056 4601 βασιλέως
2100 4531 2380 4600 χρήματα,
2427 4529 2464 4581 ἃ.
2501 4527 2810 4597 ἐκρύπτετο
2887 4530 2945 4581 ἐν
2990 4529 3271 4600 Βυζαντίῳ
3298 4544 3312 4560 ο
3355 4529 3453 4582 καί
3499 4527 3581 4581 τοί
3613 4543 3674 4595 γε

411 4624 578 4680 αὐτοῦ
621 4625 823 4689 πάντες
877 4625 1080 4695 Ιτιιολλίιιν
1120 4625 1534 4694 κατεγίνωσκον
1575 4625 1909 4696 ἀδελτηρίαν
1945 4625 1994 4676 εί
2035 4623 2172 4694 πρὸς
2203 4621 2508 4692 ήπειρῶτιν
2554 4622 2816 4690 στρατιὰν
2865 4623 2930 4674 ἐκ
2995 4621 3272 4692 θαλάττης
3337 4622 3500 4685 αὐτὸς
3529 4622 3676 4674 ἀντι-

409 4715 706 4770 τάττεσθαι
752 4716 1253 4787 παρασκευάζοιτο,
1275 4719 1372 4772 καὶ
1409 4717 1674 4789 χρήματα
1728 4717 1975 4770 τοσαῦτα
2012 4717 2114 4770 οὐκ
2165 4718 2247 4780 είς
2288 4715 2409 4768 δέον
2443 4713 2755 4770 ἁναλίσκοι.
2827 4714 2902 4767 'l‘b
2963 4715 3009 4767 δ’
3041 4715 3346 4768 ἀπέϐαινεν
3391 4713 3665 4777 ἐναντίως,

409 4810 443 4879 ἢ
483 4808 551 4863 άν
584 4825 670 4870 τις
719 4811 784 4862 ἐκ
834 4808 943 4864 τῶν
989 4811 1335 4882 πραγμάτων
1380 4811 1780 4882 στοχαζόμενος
1843 4809 2022 4882 ᾠήθη.
2065 4810 2302 4864 Πλεῖστα
2345 4809 2457 4879 γάρ
2495 4808 2698 4877 ἐσλαψε
2771 4809 2843 4861 τά
2897 4805 3358 4878 Καντακουζηνοῦ
3393 4806 3488 4860 τοῦ
3521 4806 3671 4876 βασι-

411 4902 549 4964 λέως
578 4903 906 4974 πράγματα,
937 4905 1018 4970 είς
1060 4904 1468 4975 Θεσσαλονίκην
1493 4904 1596 4958 ούκ
1629 4904 1695 4958 ἐκ
1729 4905 1991 4974 προνοίας
2030 4904 2188 4968 ἰδίας,
2227 4901 2364 4957 ἀλλὰ
2415 4903 2558 4957 κατὰ
2586 4901 2758 4974 τύχην
2820 4901 3150 4974 ἀφιγμένος.
3213 4901 3404 4955 Ταῦτα
3449 4901 3550 4973 μὲν
3579 4895 3670 4954 οὖν

412 4996 639 5068 ὕστερον
666 4998 970 5069 εἰρήσεται.

1775 5111 2004 5171 CAPUT
2045 5112 2311 5169 XXXVII.

412 5279 614 5336 Contra
645 5275 852 5348 Syrgen
891 5280 1003 5332 vias
1065 5276 1385 5331 obsidentem
1422 5275 1716 5348 exagitata
1767 5277 1937 5348 fraus.
1990 5275 2292 5346 Polystylos
2331 5276 2610 5348 ‘munitur.
2636 5345 2640 5348 .
2664 5271 2815 5348 Missi
2842 5274 2938 5348 ‘ad
2979 5283 3435 5341 pretostratorem,
3471 5276 3669 5330 litteras

482 5343 1122 5419 referun't,’prohieentes
1175 5362 1314 5400 nunc
1359 5343 1559 5419 venire,
1611 5347 1714 5419 uisi
1748 5343 1934 5400 Cirrata
1988 5343 2259 5417 adjuncto.
2315 5345 2453 5411 Quid
2479 5345 2692 5419 Chret'es
2727 5343 3000 5419 invitatus
3043 5348 3405 5419 responderit;
3437 5348 3575 5419 unde
3616 5349 3670 5401 in

485 5414 760 5490 angustias
789 5414 1072 5490 conjicitur
1106 5414 1646 5490 imperatorsl’lteris
1676 5414 2389 5490 exploratores—mittuntur,
2420 5417 2673 5490 captique
2716 5416 3019 5490 humaniter
3068 5415 3428 5490 dimittuntur.
3465 5417 3670 5490 Litteris

484 5509 540 5544 se
559 5484 757 5559 purgat
786 5484 1211 5559 Caritacuzentts.
1239 5485 1564 5540 Rescribitur
1596 5505 1628 5540 a
1665 5484 1850 5559 Syrge,
1877 5497 1927 5542 et
1955 5490 2140 5554 sociis;
2167 5489 2296 5559 fides
2320 5489 2366 5540 ei
2393 5484 2705 5555 denegatur.
2738 5484 3121 5555 Respondetur,
3141 5490 3189 5539 et
3219 5487 3282 5541 de
3311 5489 3359 5542 vi
3375 5488 3671 5557 jar-amenti

480 5555 576 5632 per
599 5555 838 5627 exempla
855 5558 1148 5622 disseritur,
1173 5557 1465 5628 iterumque
1488 5555 1786 5613 innocentia
1813 5561 2124 5631 juramento
2154 5558 2524 5628 conﬁrmatur.

483 5699 906 5754 Cantacuzenus
927 5694 1245 5766 imperator,
1277 5695 1368 5751 ubi
1395 5697 1801 5754 Peritheorium
1817 5699 1992 5754 addu-

2172 5695 2439 5757 Βασιλεὺς
2469 5692 2527 5746 δέ
2575 5693 2605 5746 ό
2656 5692 3115 5765 Καντακουζηνδς
3146 5693 3272 5747 ἐπεὶ
3305 5694 3671 5766 Περιοεὼριον

413 5804 540 5842 cere
572 5786 624 5840 in
654 5793 982 5855 potestatem
1042 5785 1310 5857 nequivit,
1335 5793 1391 5839 et
1412 5784 1858 5843 Thessalonicam
1886 5784 1992 5842 sibi

2105 5789 2246 5844 ἐλεῖν
2272 5787 2374 5840 ούκ
2423 5784 2689 5856 ἠδυνήθη,
2720 5785 3018 5854 ἀναγκαῖον
3050 5785 3114 5855 δὴ
3153 5786 3340 5856 ήγεῖτο
3375 5788 3511 5858 πρὸς
3539 5789 3674 5844 Θεσ-

421 5877 730 5933 necessario
758 5875 1127 5932 festinandum
1153 5877 1386 5943 censuit,
1411 5877 1477 5933 de
1497 5876 1734 5934 adventu
1753 5893 1855 5936 suo
1872 5893 1994 5948 pro-

2111 5875 2411 5947 σαλονίκην
2435 5875 2535 5947 τήν
2568 5872 2835 5944 ταχίστην
2865 5873 3201 5943 ἀφικέσθαι,
3223 5875 3337 5930 δεῖν
3362 5874 3506 5945 ἔγνω
3537 5879 3670 5948 πρό-
