4054 6422
403 426 513 490 919
1586 436 1906 497 JOANNIS
1943 438 2473 507 CANTACUZENI
3573 451 3685 515 920

403 542 681 605 texuisse,
720 551 779 597 ut
827 542 1037 599 interea
1078 543 1184 598 loci
1219 546 1364 615 quod
1400 546 1450 600 in
1491 563 1604 602 rem
1637 565 1791 604 suam
1820 551 1992 621 potis-

2106 557 2335 612 παύοιτο
2364 557 2590 613 τοιαῦτα
2619 560 2952 630 κακουργῶν
2975 579 2990 594 ο
3017 561 3053 616 ὃ,
3101 562 3470 630 φυλάττεσθαι
3502 567 3681 622 ἐδεῖτο

402 634 605 688 simum
660 634 787 698 fiet,
836 637 1192 693 considerare
1242 640 1438 707 possit.
1474 642 1610 696 Dum
1657 643 1992 702 Codoniante

2100 649 2179 719 μὴ
2208 650 2395 703 κακῶν
2447 651 2632 715 αὐτοῖς
2685 653 3010 723 ἀνηκέστων
3038 654 3213 719 αῐτιος
3251 662 3519 729 καταστῇ.
3574 654 3681 713 Ἦν

401 736 717 782 moraretur
749 728 1073 798 imperator,
1104 729 1359 786 Chrelem
1396 733 1463 787 ad
1496 749 1578 800 se,
1619 735 1711 804 qui
1740 752 1806 790 ex
1834 746 1993 803 pacto

2098 741 2259 795 ἕνεκα
2288 743 2383 803 καὶ
2414 744 2579 808 αὐτὸς
2616 746 2722 814 τὴν
2753 738 2942 813 ἄφιξιν
2984 748 3302 818 ἀπηγόρευε
3336 750 3416 820 τῷ
3469 728 3684 821 βασιλεῖ

397 822 511 891 μη
563 821 802 890 adesset,
833 826 1144 882 accersivit.
1185 827 1234 881 Is
1269 837 1325 882 et
1349 838 1477 884 ante
1504 845 1565 886 se
1602 830 1677 884 illi
1712 830 1884 887 fuisse
1937 842 1993 887 et

2098 834 2192 905 τὴν
2239 834 2425 904 Χρέλη
2482 836 2962 908 προφασιζόμενος
3021 840 3323 911 ἑταιρείαν,
3357 841 3433 905 ὼς
3487 846 3543 895 ἐν
3599 844 3683 915 τῷ

403 913 711 969 modoesse-
733 916 1130 972 amicissimum
1162 919 1552 987 conﬁtebatur,
1584 923 1777 979 timere
1805 934 1990 982 autem

2099 926 2308 997 μεταξὺ
2333 926 2515 997 χρόνῳ
2554 927 2622 981 τὰ
2656 931 2896 996 μάλιστα
2917 932 3306 987 λυσιτελοῦντα
3334 932 3515 1002 ἑαυτῷ
3551 913 3683 986 σκεήο

402 1020 473 1061 ne
513 1006 783 1076 Romani,
814 1011 1146 1080 quibuscum
1169 1012 1375 1068 bellum
1410 1014 1658 1079 haberet,
1699 1016 1993 1074 facultates

2098 1018 2355 1087 ψάμενος.
2396 1018 2487 1074 Ἑν
2516 1011 2561 1086 ᾧ
2594 1019 2651 1072 δὲ
2712 1024 2738 1073 ὁ
2773 1020 3035 1088 βασιλεὺς
3098 1025 3567 1095 ἐστρατοπέδευεν
3621 1025 3683 1077 έν

402 1114 532 1154 suas
554 1099 610 1154 in
644 1100 781 1156 locis
818 1102 971 1160 nullo
1000 1119 1233 1173 prorsus
1263 1106 1572 1188 munimine
1610 1109 1744 1164 tutis
1769 1110 1991 1180 disper-

403 1206 494 1245 sas
540 1191 823 1263 diripiant.
869 1195 1044 1251 Urbes
1092 1197 1265 1266 enim,
1303 1198 1506 1267 quibus
1539 1200 1722 1257 adhuc
1751 1203 1990 1274 principi

401 1281 779 1340 Triballorum
824 1301 1027 1358 parens
1057 1288 1401 1357 imperasset,
1438 1291 1730 1348 demortuo
1759 1294 1995 1364 impera-

401 1375 532 1439 tori,
591 1375 741 1445 quod
788 1380 995 1447 optime
1036 1392 1243 1443 cesset,
1288 1383 1674 1449 transdidisse,
1727 1395 1782 1439 et
1815 1385 1992 1440 fortu-

404 1481 507 1520 nas
552 1482 681 1521 suas
735 1469 790 1522 in
842 1470 1162 1525 suburbano
1202 1473 1454 1530 Melcnici
1501 1474 1735 1531 habere.
1782 1477 1987 1544 Quare,

402 1558 512 1631 nisi
568 1558 894 1614 Melenicum
942 1563 1056 1629 ipse
1100 1564 1401 1635 subegerit,
1452 1569 1719 1622 accedere
1760 1569 1826 1623 ad
1861 1586 1986 1624 eum

401 1664 515 1701 non
559 1665 719 1719 posse
758 1668 770 1703 :
809 1651 891 1706 sic
942 1652 1090 1707 enim
1121 1663 1175 1708 ct
1206 1670 1263 1709 se
1287 1657 1557 1713 confisum
1594 1657 1662 1712 de
1695 1659 1811 1713 suis
1848 1660 1989 1714 nihil

405 1739 761 1806 amissurum,
815 1742 1071 1798 alacriter
1104 1748 1622 1817 armajuncturum.
1667 1750 1991 1820 imperatori

405 1831 554 1887 illico
602 1834 716 1889 visa
747 1836 933 1892 omnia
969 1838 1409 1908 impeditissima.
1454 1843 1588 1898 Nam
1622 1852 1678 1899 et
1708 1860 1774 1899 ex
1809 1846 1992 1902 Mace-

2097 1109 2459 1181 Κωδωνιανῇ,
2488 1110 2717 1180 πέμψας
2778 1115 2915 1184 πρὸς
2959 1114 3201 1185 Χρέλην,
3238 1113 3492 1169 ἐκέλευεν
3522 1117 3684 1183 ἥκειν

2100 1200 2237 1270 πρὸς
2259 1201 2426 1256 αὐτὸν
2455 1203 2600 1255 κατὰ
2622 1203 2683 1256 τὸ
2703 1204 2956 1275 σύνθημα
2980 1207 3230 1261 ἐλθόντα.
3267 1206 3328 1261 '0
3344 1207 3389 1260 δ’
3413 1207 3682 1278 ὡμολόγει

2099 1291 2367 1361 πρότερόν
2394 1309 2454 1344 τε
2481 1293 2576 1346 καὶ
2608 1292 2703 1347 νῦν
2735 1295 2833 1365 οὐχ
2891 1295 3094 1366 ἥκιστα
3144 1295 3340 1361 εὔνους
3375 1291 3516 1351 εἶναι
3546 1298 3683 1367 πρὸς

2097 1383 2297 1455 αὐτόν·
2355 1383 2655 1438 δεδοικέναι
2687 1386 2743 1439 δὲ
2793 1387 3105 1457 Ῥωμαίους
3156 1391 3284 1453 τοὺς
3341 1389 3488 1459 αὐτῷ
3521 1389 3682 1442 πολε-

2101 1473 2364 1541 μοῦντας,
2433 1474 2511 1546 μὴ
2579 1477 2931 1547 διαρπάσωσι
3002 1481 3071 1534 τὰ
3127 1480 3263 1534 ὄντα
3331 1483 3389 1534 έν
3457 1481 3680 1551 χωρίοις

2098 1566 2433 1638 ἀτειχίστοις
2487 1569 2949 1641 διεσκεδασμένα.
3009 1573 3122 1635 Τάς
3193 1574 3303 1645 γὰρ
3372 1574 3556 1635 πόλεις
3605 1568 3681 1628 ὧν

2096 1653 2236 1729 ἦρχε
2291 1660 2561 1731 πρότερον
2588 1663 2695 1715 ὑπὸ
2724 1664 2803 1732 τῷ
2857 1665 3182 1734 Τριϐαλλῶν
3232 1666 3458 1737 ἄρχοντι
3510 1668 3679 1721 τελῶν

2098 1749 2545 1817 παραδεδωκέναι
2572 1746 2833 1823 βασιλεῖ,
2872 1756 2948 1819 ὡς
3007 1757 3107 1811 καὶ
3171 1758 3337 1821 αὐτὸς
3368 1758 3479 1812 τῶν
3506 1758 3681 1812 ἄλλων

2101 1844 2305 1913 μᾶλλον
2335 1845 2582 1901 σύνοιδεν
2605 1865 2618 1878 ·
2650 1847 2816 1911 αὐτὸς
2845 1848 2903 1901 δὲ
2954 1850 3277 1918 τὴνούσίαν
3307 1853 3367 1904 ὲν
3393 1852 3473 1922 τῷ
3505 1852 3679 1905 Μελε-

404 1926 571 1981 donia
603 1930 805 1984 reverti
840 1931 983 1985 haud
1017 1933 1123 1987 sibi
1154 1933 1441 2000 decorum,
1474 1946 1529 1991 et
1554 1954 1785 2010 pergere
1820 1954 1990 2008 porro

2098 1937 2248 1990 νίκου
2316 1939 2633 2009 προαστείῳ
2694 1942 2881 1994 πᾶσαν
2943 1940 3114 2010 ἔχειν.
3169 1941 3252 1995 Δι’
3301 1942 3339 1997 ἃ
3398 1944 3458 1997 οὐ
3519 1942 3678 1997 δύνα-

403 2017 461 2071 in
519 2020 890 2088 occidentem,
918 2023 1131 2080 Chrelze
1170 2043 1233 2080 ae
1271 2031 1689 2096 protostratoris
1727 2032 1996 2087 societate

404 2110 753 2181 destitutum,
795 2131 988 2185 parum
1021 2117 1346 2187 frugiferum
1374 2122 1670 2177 sentiebat.
1703 2123 1866 2195 473
1899 2123 1994 2179 Li-

402 2201 527 2263 buit
558 2203 725 2274 igitur
748 2206 1009 2275 experiri,
1038 2223 1170 2262 num
1197 2207 1524 2266 Meleuicum
1553 2212 1621 2267 ad
1654 2212 1993 2270 deditionem

404 2284 769 2350 voluntariam
795 2298 1321 2367 possetadducere;
1355 2317 1521 2371 quam
1549 2304 1721 2359 armis
1768 2315 1883 2358 tum
1919 2304 1992 2360 ob

401 2383 511 2443 loci
531 2385 722 2449 situm,
763 2397 869 2439 unu
888 2389 959 2442 ob
986 2391 1351 2447 munitionem
1376 2394 1773 2450 validissimam
1798 2411 1995 2466 cogere

405 2477 695 2545 nequibat.
721 2478 1299 2555 Itaqueclandcstiuis
1325 2486 1688 2543 internuntiis
1706 2503 1833 2543 cum
1857 2490 1995 2541 ami-

401 2568 506 2632 cis,
547 2582 687 2636 quos
724 2568 799 2624 ibi
838 2571 1098 2637 habebat,
1142 2576 1211 2628 de
1242 2576 1559 2644 proditione
1588 2579 1721 2649 agit.
1748 2580 1821 2639 At
1849 2579 1995 2633 Phe-

404 2659 481 2712 ris
510 2659 709 2730 Syrges
746 2671 802 2717 et
845 2666 1309 2736 metropolitanus
1343 2670 1516 2734 urbis,
1552 2672 1649 2741 qui
1708 2672 1906 2743 aequali
1935 2673 1992 2727 in

400 2753 798 2822 imperatorem
847 2757 1096 2815 fervebat
1134 2761 1285 2828 odio,
1309 2771 1367 2818 et
1397 2760 1791 2821 Monomaehus
1823 2765 1997 2820 Thes-

399 2844 553 2898 saliae
583 2855 808 2915 praeter,
839 2849 933 2919 qui
966 2851 1032 2906 ad
1066 2851 1275 2924 Syrgen
1308 2866 1559 2921 venerat,
1588 2856 1656 2912 ad
1681 2857 1990 2912 exercitum

402 2938 785 3007 exploratores
830 2943 1095 3014 mittunt,
1139 2963 1237 3017 per
1275 2964 1415 3017 quos
1446 2959 1503 3005 et
1530 2963 1771 3021 quantus
1805 2957 1990 3014 esset,

401 3040 458 3086 ct
489 3032 621 3102 quid
664 3035 941 3105 actitaret,
986 3040 1291 3098 discerent.
1323 3044 1473 3109 Quos
1501 3043 1592 3099 ille
1629 3054 1841 3115 captos,
1879 3046 1990 3104 cir-

401 3140 529 3179 cum
574 3128 881 3186 exercitum
909 3132 1061 3196 duci,
1096 3144 1154 3189 et
1185 3124 1370 3193 moras
1397 3138 1466 3192 ad
1502 3139 1990 3209 contemplandum

400 3217 519 3273 dari
545 3219 742 3291 jussit;
766 3222 982 3280 litteras
1009 3225 1239 3296 insuper
1268 3228 1515 3295 tradidit,
1538 3229 1763 3298 quasiis
1791 3229 1990 3284 redde-

401 3318 547 3377 rent,
570 3327 807 3381 quorum
838 3317 1009 3370 missu
1030 3328 1322 3373 venerant.
1344 3320 1441 3374 His
1458 3320 1685 3387 litteris,
1709 3336 1873 3390 quam
1891 3320 1995 3390 By.

400 3399 567 3455 acntii
587 3402 755 3473 impie
771 3415 828 3460 et
849 3406 1116 3462 malevole
1132 3422 1317 3463 secum
1331 3416 1483 3463 esset
1499 3416 1704 3473 actum,
1723 3424 1995 3464 enarrans

402 3509 527 3549 sese
550 3496 817 3550 tuebatur
840 3513 856 3551 :
877 3511 989 3552 non
1008 3497 1306 3567 imperator
1325 3501 1369 3554 is
1391 3498 1582 3554 liberis
1610 3500 1989 3566 insidiantem,

404 3603 509 3643 nec
540 3589 835 3658 imperium
860 3591 1373 3660 concupiscentem,
1404 3592 1499 3647 sed
1542 3593 1873 3649 necessitate
1917 3594 1996 3649 sic

406 3690 639 3752 urgente
659 3691 716 3738 et
739 3698 839 3753 spe
866 3684 1056 3754 potius
1083 3685 1210 3740 belli
1233 3687 1601 3756 componendi
1650 3690 1996 3744 communia-

404 3790 515 3844 que
531 3772 1209 3847 commodaampliticandi
1229 3777 1297 3833 ad
1320 3780 1437 3836 haec
1453 3795 1789 3851 aggressum.
1808 3781 1995 3835 Adde-

406 3873 500 3922 bat
550 3867 716 3923 etiam
759 3870 1164 3939 juramentum,
1214 3871 1354 3926 nihil
1388 3888 1448 3928 se
1478 3872 1794 3942 decipiendi
1823 3889 1992 3929 causa

404 3960 633 4017 dixisse.
673 3960 841 4016 Lecta
875 3961 1107 4031 epistola
1150 3963 1224 4018 illi
1261 3963 1599 4027 rescribunt,
1630 3981 1738 4020 non
1767 3966 1994 4021 aliunde

405 4053 616 4123 magis,
670 4067 836 4123 quam
891 4051 1038 4108 unde
1078 4053 1127 4109 is
1154 4056 1355 4110 merito
1381 4054 1488 4112 sibi
1523 4057 1865 4112 credendum
1892 4072 1994 4127 pu-

405 4158 507 4215 tet,
557 4148 631 4205 ob
669 4150 1050 4221 juramentum
1090 4150 1351 4207 videlicet
1395 4167 1456 4207 se
1485 4151 1820 4222 conjectare,
1857 4150 1993 4206 falsa

403 4255 528 4297 esse
548 4257 671 4311 quae
685 4241 908 4298 dixerit.
939 4242 1416 4309 Quemadmodum
1434 4246 1583 4300 enim
1609 4253 1795 4310 antea,
1813 4260 1995 4315 quan-

403 4335 478 4390 do
529 4336 584 4390 iu
630 4343 783 4393 veste
829 4335 1043 4406 privata
1078 4337 1379 4392 Romanam
1416 4352 1534 4391 rem
1565 4336 1991 4402 administrarit,

399 4425 732 4496 iuramentis
780 4424 849 4479 ad
902 4426 1334 4481 asseverantium
1376 4441 1488 4479 non
1537 4426 1859 4494 indiguerit,
1894 4426 1989 4482 sed

404 4526 619 4572 tantum
668 4517 858 4574 dicere
892 4516 1198 4581 suffecerit,
1239 4527 1297 4572 et
1339 4518 1464 4587 ejus
1490 4517 1639 4573 dicta
1669 4518 1822 4573 omni
1862 4534 1992 4589 pro-

2019 3272 2067 3331 σ

2104 2027 2228 2080 σθαι
2254 2029 2413 2098 ἥκειν
2468 2031 2606 2101 πρὸς
2665 2031 2851 2095 αὑτὸν,
2885 2032 2935 2086 εί
2969 2033 3044 2103 μὴ
3075 2034 3388 2089 Μελένικον
3415 2035 3680 2103 πρότερον

2102 2122 2522 2193 ὑποποιήσαιτο.
2557 2123 2718 2203 Οὕτω
2741 2124 2849 2194 γὰρ
2876 2127 2971 2179 καὶ
2993 2126 3158 2179 αὐτὸν
3206 2126 3557 2197 θαρσήσαντα
3605 2126 3682 2190 ὡς

2099 2215 2253 2268 οὐδὲν
2313 2215 2423 2269 τῶν
2480 2216 2652 2271 ὄντων
2705 2219 2920 2284 ἀπολεῖ,
2974 2219 3307 2289 συνέψεσθαι
3362 2218 3678 2289 προθύμως.

2082 2307 2321 2359 -Βχσιλεί
2345 2309 2444 2377 μὲν
2462 2304 2555 2363 οὖν
2570 2308 2736 2372 εὐθὺς
2759 2311 3131 2366 ὲδόκειπάντα
3154 2313 3358 2382 ἄπορα⁹
3385 2313 3445 2364 τό
3470 2328 3529 2364 τε
3571 2311 3682 2381 γὰρ

2098 2398 2464 2467 ἀναστρέφειν
2499 2402 2565 2455 ὲκ
2599 2403 2967 2468 Μακεδονίας,
2999 2405 3061 2457 οὐ
3091 2404 3230 2475 πρὸς
3273 2403 3437 2458 αὐτοῦ
3464 2403 3682 2456 ἔσεσθαι

2098 2492 2342 2561 ἐνόμιζε,
2366 2495 2458 2546 καὶ
2477 2494 2537 2546 τὸ
2561 2497 2813 2565 προϊέναι
2835 2497 2970 2566 πρὸς
2987 2498 3229 2569 ἑσπέραν
3245 2498 3346 2567 τὴν
3362 2496 3567 2566 Χρέλη,
3587 2496 3684 2548 καὶ

2098 2586 2588 2656 πρωτοστράτορος
2607 2588 2978 2641 καταλιπόντα
2997 2590 3321 2659 συμμαχίαν
3338 2589 3438 2641 οὐκ
3457 2585 3675 2656 ἀγαθόν.

2110 2676 2319 2729 Ἐδόκει
2364 2676 2421 2729 δὲ
2467 2676 2670 2746 μᾶλλον
2702 2678 3012 2731 Μελενίκου
3042 2680 3353 2749 ἁποπειρᾷν
3384 2680 3432 2731 εί
3462 2677 3679 2731 δύναιτο

2098 2771 2475 2839 προσάγεσθαι
2500 2770 2786 2842 ὁμολογίᾳ.
2816 2772 3044 2837 Ὂπλοις
3078 2772 3186 2841 γὰρ
3223 2769 3529 2841 βιάζεσθαι,
3557 2768 3681 2822 ἁδύ-

2096 2880 2233 2915 νατα
2268 2857 2358 2931 ἧν,
2391 2860 2455 2915 εκ
2491 2879 2552 2914 τε
2589 2862 2797 2926 θέσεως
2838 2862 2932 2917 τοῦ
2963 2867 3156 2929 τόπου,
3193 2865 3289 2917 καὶ
3334 2861 3679 2930 κατασκευῆς

2096 2951 2198 3019 τῆς
2232 2950 2444 3014 πόλεως
2470 2950 2831 3021 ὀχυρωτάτης
2869 2951 3061 3023 οὔσης.
3100 2955 3213 3008 Καὶ
3237 2954 3485 3023 πέμψας,
3514 2950 3685 3004 διελέ-

2096 3059 2225 3109 γετο
2256 3040 2443 3112 κρύφα
2468 3044 2582 3106 τοῖς
2608 3036 2762 3096 οὖσιν
2801 3043 3039 3099 ἐνταῦθα
3070 3042 3249 3113 φίλοις
3276 3043 3405 3113 περὶ
3440 3040 3680 3110 παραδό-

2098 3150 2259 3197 σεως.
2289 3134 2510 3202 Συργὴς
2556 3135 2657 3203 μέν
2685 3152 2768 3188 τοι
2803 3137 2867 3189 ὲκ
2914 3136 3104 3205 Φερῶν
3139 3136 3258 3207 ἅμα
3308 3132 3682 3206 μητροπολίτῃ

2096 3227 2198 3292 τῆς
2228 3225 2400 3295 αὐτῆς
2435 3225 2647 3290 πόλεως
2674 3227 2775 3297 τὴν
2801 3229 2926 3299 ίσην
2955 3227 3255 3298 ἀπέχθειαν
3284 3228 3421 3299 πρὸς
3458 3224 3681 3295 βασιλέα

2100 3318 2560 3389 ἐπιδεικνυμένῳ,
2587 3319 2680 3372 καὶ
2705 3319 3037 3390 Μονομάχῳ,
3068 3320 3146 3390 τῷ
3175 3321 3424 3391 ἐπάρχῳ·
3449 3316 3551 3391 ἧκε
3572 3317 3685 3386 γὰρ

2099 3411 2164 3462 ὲκ
2197 3409 2501 3474 Θετταλίας
2535 3411 2791 3474 κάκεῖνος
2830 3412 2967 3481 πρὸς
3014 3412 3203 3478 αὐτὸν,
3257 3414 3569 3482 πέμπουσιν
3597 3412 3685 3472 εἰς

2097 3503 2159 3555 τὸ
2185 3502 2550 3573 στρατόπεδον
2572 3504 2978 3569 κατασκόπους,
3009 3505 3111 3576 τήν
3134 3522 3195 3558 τε
3218 3504 3483 3575 βασιλέως
3513 3518 3685 3571 στραο

2098 3596 2223 3649 τιάν
2258 3597 2736 3668 κατασκεψόμενοι
2763 3599 2938 3668 ὁπόση
2972 3599 3085 3669 εἴη,
3115 3601 3213 3652 καὶ
3245 3598 3275 3653 ὃ
3319 3616 3371 3651 τι
3398 3597 3549 3670 δρῴη
3588 3596 3681 3649 θέο

2098 3687 2286 3751 λοντες
2334 3689 2551 3757 μαθεῖν.
2598 3688 2753 3742 Ἐπεὶ
2782 3690 2841 3743 δὲ
2871 3690 3144 3756 ἑάλωσαν,
3173 3693 3274 3759 τήν
3319 3705 3379 3743 τε
3421 3689 3685 3760 στρατιὰν

2097 3776 2321 3831 ἐκέλευε
2348 3779 2712 3849 περιάγοντας
2738 3779 2883 3833 κατὰ
2907 3778 3103 3851 σχολὴν
3128 3780 3391 3851 παρέχειν
3412 3780 3686 3834 κατασκέ-

2099 3869 2354 3937 πτεσθαι,
2386 3871 2483 3923 καὶ
2505 3873 2816 3942 γράμματα
2842 3873 2981 3943 πρδς
3010 3871 3139 3936 τοὺς
3168 3873 3493 3943 πέμψαντας
3520 3871 3686 3940 παρέ-

2099 3978 2233 4032 χων,
2265 3962 2519 4018 ἐκέλευεν
2551 3966 2942 4035 ἀναστρέφειν,
2973 3966 3032 4017 ἐν
3065 3959 3147 4028 οἷς
3183 3965 3315 4036 περὶ
3346 3965 3455 4018 τῶν
3487 3967 3544 4017 έν
3578 3966 3685 4017 Βυ-

2099 4052 2303 4127 ζαντίῳ
2360 4057 2756 4126 γεγενημένων
2803 4057 2881 4119 ὡς
2928 4057 3106 4127 ἀδίκῳ
3163 4062 3257 4111 καὶ
3309 4061 3679 4128 συκοφαντικῇ

2099 4145 2298 4217 γνώμῃ
2354 4148 2632 4219 πραχθείη
2704 4150 2824 4202 κατ’
2887 4150 3058 4204 αὐτοῦ
3117 4149 3333 4217 διεξιὼν
3384 4149 3717 4217 ἀπολογίαν-

2097 4242 2338 4294 ὲποιείτο
2367 4242 2462 4295 καὶ
2489 4241 2621 4310 περὶ
2647 4239 2869 4304 ἑαυτοῦ,
2904 4241 2981 4303 ὡς
3014 4241 3078 4294 οὐ
3113 4240 3384 4311 βασιλέως
3412 4242 3525 4304 τοῖς
3555 4256 3684 4293 παι-

2097 4334 2185 4386 σὶν
2214 4332 2607 4399 ἐπιϐουλεύων,
2644 4333 2765 4387 οὐδὲ
2793 4333 3076 4405 βασιλείας
3105 4335 3249 4403 ἐρῶν
3276 4334 3537 4396 τοιούτοις
3565 4333 3686 4383 ὲπι-

2097 4424 2334 4494 χειροίη,
2367 4423 2482 4477 ἀλλ’
2526 4425 2747 4496 ἀνάγκῃ
2797 4424 3111 4489 συνελαθεὶς
3157 4426 3334 4479 ἐλπίδι
3383 4425 3478 4478 τοῦ
3508 4442 3679 4478 κατα-

2097 4515 2247 4569 λύειν
2277 4516 2482 4587 μᾶλλον
2510 4518 2604 4571 τὸν
2626 4516 2885 4585 πόλεμον,
2916 4519 3008 4571 καὶ
3032 4518 3099 4572 τὰ
3127 4518 3511 4573 λυσιτελοῦντα
3545 4519 3679 4571 πᾶσι

404 4610 630 4666 batione
687 4609 931 4665 ﬁrmiora
985 4610 1231 4672 fuerint,
1280 4611 1430 4679 quod
1480 4625 1593 4665 non
1636 4611 1804 4667 modo
1848 4612 1990 4683 ipsi,

2104 4612 2258 4679 κοινῇ
2304 4612 2501 4663 ποιεῖν.
2539 4609 2867 4679 Προσετίθει
2898 4627 2958 4662 τε
3005 4612 3102 4664 καὶ
3136 4613 3334 4683 ὅρκους
3380 4614 3492 4672 τοῖς
3523 4612 3676 4677 λεγο-

407 4702 506 4757 sed
545 4711 603 4757 et
637 4703 732 4772 qui
760 4702 921 4772 longe
953 4710 1107 4756 extra
1142 4699 1334 4757 urbem
1368 4700 1674 4757 Romanam
1716 4703 1992 4769 incolunt,

407 4793 555 4850 haud
605 4794 863 4856 nesciant
910 4811 925 4848 :
973 4793 1049 4848 ita
1095 4808 1265 4859 nunc,
1292 4792 1338 4849 si
1375 4808 1435 4849 se
1470 4793 1576 4849 [ide
1605 4793 1837 4866 dignum
1863 4812 1996 4853 con-

405 4891 600 4953 sciret,
652 4904 763 4942 non
817 4887 883 4943 ad
925 4887 1260 4958 iuramenta,
1303 4904 1425 4958 quae
1464 4886 1649 4944 verbis
1679 4891 1799 4961 ejus
1831 4890 1993 4947 tidem

404 4981 697 5047 adderent,
738 4979 1149 5052 confugiturum
1177 4980 1367 5036 fuisse.
1410 4980 1547 5034 llinc
1574 4996 1796 5051 quoque
1828 4982 1995 5039 intel-

408 5072 526 5142 ligi,
577 5088 643 5126 ex
684 5081 887 5142 quanta
935 5072 1110 5142 gloria
1149 5074 1203 5127 in
1238 5083 1500 5143 quautam
1535 5072 1895 5143 ignominiam
1925 5076 1995 5131 ob

409 5177 573 5217 suum
629 5163 811 5223 scelus
859 5179 989 5235 erga
1053 5163 1419 5235 imperatores
1474 5164 1767 5223 deciderit.
1819 5168 1995 5223 Hasce

406 5255 624 5311 litteras
670 5255 863 5312 iisdem
917 5258 1368 5328 exploratoribus
1417 5258 1487 5312 ad
1537 5274 1664 5313 eum
1697 5261 1995 5329 portandas

409 5349 787 5406 committunt.
848 5352 927 5406 Ad
968 5367 1064 5406 eas
1112 5356 1459 5419 respondens
1519 5351 1989 5418 Cantatuzenus,

404 5440 597 5496 mirari
642 5455 701 5495 se
744 5441 906 5507 dixit,
944 5457 1070 5497 cum
1102 5440 1305 5495 docere
1334 5442 1490 5511 prius
1515 5441 1833 5504 debuerint,
1865 5459 1989 5497 vera
2015 5484 2029 5502 κ

410 5545 524 5588 non
547 5546 669 5587 esse
710 5548 831 5602 quae
862 5533 1168 5605 scripserit,
1201 5532 1399 5588 deinde
1432 5533 1495 5586 de
1519 5533 1850 5603 juramentis
1881 5536 1996 5589 dis-

413 5634 657 5695 putare:
700 5623 780 5680 illi
818 5640 1009 5680 eorum
1045 5626 1179 5680 nihil
1228 5625 1606 5689 contutantes,
1658 5627 1814 5696 quasi
1853 5645 1995 5698 pra:-

415 5716 563 5770 clare
606 5731 832 5787 operam
888 5717 1166 5785 posituri,
1220 5708 1595 5787 juramentum
1659 5721 1990 5787 carpscrint.

413 5805 683 5871 Quoniam
711 5816 894 5861 autem
925 5806 993 5862 de
1016 5807 1141 5862 aliis
1169 5807 1342 5876 loqui,
1376 5806 1582 5876 illaque
1609 5822 1704 5862 seu
1732 5818 1991 5878 tanquam

413 5911 543 5954 Vera
586 5899 846 5965 credere,
902 5904 998 5954 seu
1048 5910 1305 5970 tauquam
1340 5900 1474 5955 falsa
1513 5901 1768 5955 refellere
1799 5902 1995 5957 noluei

2105 4700 2314 4777 μένοις,
2341 4700 2417 4765 ὡς
2449 4700 2606 4755 οὐδὲν
2629 4702 2715 4772 είη
2749 4706 2886 4775 πρὸς
2912 4704 3133 4773 ἀπάτην
3164 4703 3480 4774 εἰρημένον.
3509 4704 3571 4757 Οί
3598 4702 3676 4768 δὲ,

2102 4790 2226 4843 ἐπεὶ
2256 4791 2326 4845 τὰ
2350 4791 2660 4863 γράμματα
2692 4793 2958 4862 ἀνέγνων,
2996 4793 3341 4863 ἀντέγραφον
3378 4794 3471 4846 καὶ
3500 4792 3676 4854 αὐτοὶ,

2100 4882 2176 4946 ὼς
2205 4883 2306 4935 οὐκ
2336 4883 2559 4938 ἄλλοθέν
2584 4884 2751 4938 ποθεν
2803 4884 3025 4954 μᾶλλον,
3065 4885 3098 4955 ἢ
3134 4882 3194 4949 ἐξ
3226 4880 3302 4939 ὧν
3333 4885 3494 4948 αὐτὸς
3543 4884 3679 4937 ἵεται

2101 4970 2241 5028 εἶναι
2288 4975 2499 5040 δίκαιος
2526 4978 2881 5032 πιστεύεσθαι
2913 4977 3022 5030 τῶν
3058 4979 3240 5048 ὅρκων
3272 4977 3433 5045 δῆθεν
3481 4976 3677 5063 αιζτοὺς

2101 5069 2632 5137 καταστοχάζεσθαι,
2656 5066 2732 5133 ὡς
2757 5070 2858 5135 οὐκ
2893 5070 2959 5123 ἂν
2982 5071 3067 5139 εῖη
3094 5069 3161 5122 τὰ
3184 5069 3453 5140 εἰρημένα
3477 5060 3675 5139 ἀληθῆ.

2101 5161 2163 5212 Εἰ
2193 5159 2303 5231 γὰρ
2333 5158 2524 5233 ὥσπερ
2556 5162 2649 5215 καὶ
2674 5163 2946 5235 πρότερον
2974 5163 3136 5234 ἡνίκα
3163 5163 3442 5232 ίδιωτικὴν
3474 5162 3677 5231 ἐσθῆτα

2099 5251 2262 5323 ἔχων,
2293 5254 2359 5308 τά
2416 5254 2720 5326 πράγματα
2774 5255 3071 5325 Ῥωμαίοις
3114 5254 3322 5325 διῴκει,
3352 5256 3531 5325 ὅρκων
3579 5256 3678 5309 οὐκ

2098 5344 2288 5411 ὲδείτο,
2322 5347 2382 5400 έν
2418 5342 2500 5409 οἷς
2540 5347 2919 5417 ἰσχυρίζεσθαι
2947 5347 3136 5420 ἐχρῆν,
3169 5348 3288 5403 ἀλλ’
3321 5339 3481 5418 ἧρκεὶ
3517 5348 3675 5415 μόνον

2101 5438 2434 5508 είπεῖνικαὶ
2461 5439 2646 5509 πάσης
2676 5438 3007 5507 ἀποδείξεως
3044 5442 3374 5511 ἰσχυρότερα
3419 5440 3486 5493 τὰ
3529 5441 3677 5508 εἰρη-

2102 5531 2241 5600 μένα
2268 5527 2430 5598 εἵναι,
2469 5532 2659 5603 ὥσπερ
2707 5533 2769 5585 οὐ
2802 5533 2963 5601 μόνον
2990 5533 3146 5586 αὐτοὶ
3192 5533 3498 5596 συνίσασιν,
3540 5529 3678 5589 ἀλλὰ

2101 5622 2195 5674 καὶ
2211 5625 2259 5675 οἱ
2295 5625 2482 5694 πόρρω
2505 5626 2604 5694 τῆς
2642 5622 2930 5691 Ῥωμαίων
2954 5625 3057 5691 γῆς
3087 5624 3511 5694 κατῳκισμένοι·
3535 5622 3674 5675 οὕτω

2101 5714 2194 5766 καὶ
2225 5713 2340 5774 νῦν,
2374 5716 2424 5767 εί
2454 5715 2801 5779 ἀξιοπιστίαν
2832 5716 2980 5787 αὐτῷ
3013 5716 3254 5787 συνῄδει,
3276 5718 3376 5769 οὐκ
3406 5717 3470 5770 ἂν
3497 5716 3675 5788 ὅρκων

2100 5805 2298 5877 ἐδεήθη
2356 5807 2492 5876 πρὸς
2548 5806 2611 5860 τὸ
2650 5808 3001 5861 πιστεύεσθαι
3056 5806 3480 5877 συναιρομένων.
3514 5806 3674 5861 Ὅθεν

2102 5906 2193 5953 καὶ
2227 5900 2331 5971 χρὴ
2365 5901 2599 5971 συνορᾷν
2631 5900 2827 5966 ἐξοῖας
2860 5900 3021 5971 δόξης
3052 5903 3131 5964 είς
3154 5900 3273 5954 οίειν
3300 5901 3364 5953 ἐκ
3395 5899 3488 5954 τοῦ
3515 5899 3672 5970 βασι-
