4054 6428
324 466 425 531 921

1459 466 2011 528 HISTORIARUM
2048 465 2280 527 LlBER
2325 466 2433 529 Ill.

3496 426 3701 535 ρξε’

326 586 515 641 λεῦσιν
548 587 827 656 ἀγνώμων
858 585 1150 654 φαίνεσθαι
1188 583 1405 652 ἀδοξίαν
1438 586 1779 656 κατηνέχθη,
1817 586 1913 639 καὶ

2018 585 2150 650 rint,
2192 585 2288 640 sed
2317 585 2386 640 de
2412 585 2743 656 juramentis
2775 587 3044 645 duntaxat
3071 590 3279 662 aliquid
3308 593 3605 649 verborum

325 682 441 743 τοῖς
458 679 650 758 ἒὺτοῖς
680 680 1060 743 κατασκόποις
1093 681 1528 749 παρασχόμενοι,
1564 679 1722 747 ἄγειν
1752 675 1913 742 αὖθις

328 772 466 844 πρὸς
500 772 665 824 αὐτὸν
699 773 974 826 ἐκέλευον.
1008 772 1149 841 Πρὸς
1179 771 1234 837 ἃ,
1271 771 1578 842 θαυμάζειν
1605 772 1787 826 αὐτῶν
1819 773 1915 825 ἀν-

325 869 603 937 τέγραφεν
635 867 665 918 6
700 865 976 935 βασιλεὺς,
1006 867 1055 919 εἰ
1083 864 1205 918 δέον
1230 867 1499 936 πρότερον
1521 866 1592 919 τὰ
1619 867 1912 936 εἰρημένα,

326 960 376 1013 εξ
425 960 527 1013 οὐκ
575 959 753 1027 ἁληθῆ
792 959 1216 1024 ἀποδεικνύναι,
1254 958 1445 1011 ἔπειτα
1494 960 1590 1012 καὶ
1625 961 1754 1029 περὶ
1803 958 1915 1011 τῶν

324 1054 505 1123 ὅρκων
552 1050 919 1117 διαλέγεσθαν
955 1053 1007 1104 ot
1048 1051 1094 1103 δ’
1143 1053 1369 1105 ἐκείνων
1414 1052 1783 1122 ἀποσχόμενοι
1815 1051 1914 1106 καὶ

324 1141 675 1203 ἀντειπόντες
708 1141 845 1211 πρὸς
885 1141 1074 1210 μηδὲν,
1107 1142 1201 1193 ἐπὶ
1226 1144 1353 1204 τοὺς
1385 1143 1583 1210 ὅρκους
1633 1142 1912 1210 καταφεύο

324 1247 537 1298 γουσιν,
584 1229 780 1299 ὥσπερ
813 1248 864 1283 τι
914 1229 1196 1301 προῦργου
1238 1230 1555 1299 νομίζοντες
1590 1233 1786 1283 ποιεῖν’
1832 1231 1915 1284 ὅτι

325 1323 372 1376 δ’
397 1324 584 1386 αὐτοῖς
619 1326 751 1392 περὶ
784 1322 892 1376 τῶν
926 1323 1104 1377 ἄλλων
1132 1323 1480 1390 διαλέγεσθαι
1516 1322 1912 1398 καταλιποῦσι,

327 1416 427 1471 καὶ
455 1416 489 1487 ἢ
519 1416 805 1469 πείθεσθαι
835 1417 909 1478 ὡς
939 1416 1217 1485 ἀληθέσιν,
1252 1417 1284 1488 ἦ
1325 1417 1400 1480 ὡς
1430 1416 1646 1470 ἐναντία
1670 1416 1912 1483 ἔχουσιν,

329 1509 594 1579 ἐλέγχειν,
626 1510 895 1580 περὶτῶν
930 1510 1110 1578 ὅρκων
1152 1509 1333 1579 μόνων
1379 1510 1557 1562 εἰπεῖν
1604 1527 1656 1561 τι
1704 1509 1915 1578 βέλτιον

326 1601 608 1671 ἐνομίσθη.
632 1602 762 1672 περὶ
783 1601 962 1654 αὐτῶν
985 1601 1421 1671 ἀποκρινεῖσθαι,
1444 1602 1538 1654 καὶ
1561 1601 1725 1655 αὐτὸν
1746 1601 1916 1655 τᾶλλα
1956 1620 1957 1623 ‘

325 1696 661 1765 ὑπερϐάντα.
681 1696 819 1763 Ἐγὼ
842 1695 1040 1759 τοίνυν,
1058 1694 1292 1764 ἔγραφε,
1312 1696 1521 1765 νομίζω
1548 1695 1676 1758 τοὺς
1692 1698 1912 1773 ὅρκους,

321 1787 355 1856 ἢ
392 1787 482 1840 διὰ
521 1787 579 1840 1:6
618 1787 694 1858 μὴ
723 1789 849 1849 τοὺς
878 1786 1184 1856 ὀμνύοντας
1214 1787 1518 1858 ἀξιόχρεως
1554 1788 1695 1859 πρὸς
1724 1791 1914 1842 πίστιν

324 1874 469 1933 εἶναι
497 1879 774 1944 γίνεσθαι,
807 1879 839 1949 ἢ
870 1879 958 1933 διὰ
990 1880 1052 1932 τὸ
1084 1882 1211 1942 τοὺς
1244 1880 1570 1950 δεχομένους
1604 1881 1634 1948 ἢ
1673 1880 1912 1949 φαύλους

321 1972 452 2034 τοὺς
496 1972 731 2043 τρόπους
765 1966 927 2034 εἶναι,
975 1972 1008 2042 ἢ
1041 1971 1131 2024 διὰ
1169 1972 1401 2041 μέγεθος
1431 1971 1542 2025 τῶν
1576 1971 1911 2041 ἐπαγγελλο-

330 2065 511 2132 μένων
569 2062 848 2124 ἀδυνάτως
907 2062 1053 2134 ἐχειν
1116 2063 1404 2117 πείθεσθαι
1463 2064 1646 2134 ὅρκων
1702 2064 1911 2133 χωρίς.

326 2158 459 2211 Ὅτε
495 2156 677 2211 τοίνυν
714 2158 838 2226 ἐμοὶ
865 2155 965 2226 τὴν
996 2157 1340 2223 ἀξιοπιστίαν
1362 2157 1422 2210 o6
1456 2157 1619 2228 μόνον
1647 2158 1676 2209 6
1708 2157 1911 2226 παρελ-

331 2252 441 2303 θὼν
462 2235 652 2322 χρόνος
671 2250 926 2313 τοσοῦτος
950 2252 1015 2304 ἂν
1043 2253 1100 2303 ἐν
1193 2254 1259 2305 τὰ
1290 2250 1582 2322 Ῥωμαίων
1605 2253 1914 2323 πράγματα

333 2343 585 2414 διῴκουνο
635 2344 755 2397 οὐδὲ
799 2345 910 2414 γάρ
946 2345 1067 2397 οὐδὲ
1112 2346 1199 2397 διὰ
1219 2345 1450 2415 ,ταύτην
1486 2346 1668 2415 ὅρκων
1717 2343 1914 2414 ἐδεήθη

331 2435 466 2487 ποτὲ
497 2438 931 2505 συμμαρτυρεῖν⁶
962 2436 1095 2488 ἀλλὰ
1129 2438 1220 2489 καὶ
1252 2437 1408 2490 αὐτοὶ
1439 2436 1491 2489 οί
1532 2437 1769 2507 μάλιστα
1800 2455 1917 2491 πει-

331 2524 571 2596 ρώμενοι
601 2528 936 2592 διαϐάλλειν,
970 2529 1032 2579 οὐ
1069 2529 1302 2582 δύνασθε
1339 2530 1708 2598 συγκρύπτειν
1738 2528 1916 2592 οὕτως

327 2616 498 2673 οὖσαν
547 2620 863 2690 καταφανῆ,
909 2621 1062 2673 οὐδὲν
1111 2620 1241 2675 ἀλλο
1285 2621 1622 2693 λείπεται,ἢ
1669 2621 1737 2674 δι’
1769 2622 1915 2690 ὑμᾶς

323 2711 455 2773 τοὺς
494 2711 786 2781 χαίροντας
820 2712 878 2765 ἐν
926 2714 1046 2771 ταῖς
1083 2714 1473 2783 συκοφαντίαις
1514 2712 1786 2779 γίνεσθαι,
1820 2713 1915 2763 καὶ

324 2801 415 2856 διὰ
459 2804 620 2857 τοῦτο
671 2802 795 2873 μηδ’
843 2806 1029 2865 αὐτοῖς
1081 2804 1359 2858 πιστεύειν
1425 2804 1794 2874 δυναμένους.
1832 2797 1914 2867 οἷς

328 2895 485 2949 αυτοὶ
540 2900 990 2966 συμμαρτυρετιε
1020 2897 1079 2949 τὸ
1118 2898 1255 2966 μηδέ
1297 2913 1426 2949 ποτε
1476 2895 1758 2965 ἐψεῦσθαι.
1789 2896 1915 2950 Ὀτι

330 2986 379 3038 δ’
409 2987 435 3036 6
471 2987 604 3056 περὶ
638 2986 749 3038 τῶν
774 2987 954 3055 ὅρκων
991 2988 1150 3055 λόγος
1183 2987 1373 3041 τοῦτον
1404 2989 1519 3058 ἐχει
1564 2988 1656 3039 τὸν
1684 2988 1910 3055 τρόπον,

328 3076 521 3147 ὥσπερ
553 3078 796 3150 εἴρηται.
832 3082 923 3133 καί
954 3080 1180 3134 αὐτόθεν
1208 3081 1307 3148 μὲν
1343 3081 1683 3147 καταφανές·
1717 3078 1913 3148 πειρά-

329 3186 500 3239 σομαι
528 3170 709 3223 δὲκαὶ
747 3172 811 3223 ἐκ
845 3173 1294 3241 παραδείγματος
1329 3171 1564 3239 μάλιστα
1609 3171 1911 3242 ἀληθεστά-

2017 674 2199 730 facere
2224 676 2423 732 melius
2448 678 2845 741 existimarint.
2888 697 2947 736 se
2974 698 3198 752 quoque
3224 687 3441 739 caeteris
3468 702 3607 755 pra:-

2020 770 2311 833 termissis,
2339 771 2409 826 de
2432 772 2567 841 ipsis
2589 788 3014 843 responsurum.
3040 778 3152 846 Ego
3178 779 3364 847 igitur,
3392 779 3597 848 inquit,

2010 863 2323 934 juramenta
2369 866 2583 935 concipi
2641 867 2906 931 arbitror,
2954 878 3051 923 aut
3085 872 3215 938 quia
3250 872 3342 940 qui
3380 872 3601 938 iurant,

2017 955 2223 1024 alioqui
2271 955 2433 1010 ﬁdem
2490 973 2596 1011 non
2646 968 2954 1021 merentur,
2999 970 3095 1014 aut
3129 961 3258 1030 quia
3291 964 3493 1029 quibus
3515 965 3609 1034 ju-

2018 1058 2172 1100 ratur
2212 1048 2293 1101 vel
2345 1048 2577 1117 improbi
2615 1060 2765 1114 sunt,
2816 1050 2985 1123 474
3019 1052 3101 1106 vel
3132 1064 3358 1123 pr0pler
3385 1058 3607 1123 magni-

2018 1139 2265 1194 tudinem
2298 1142 2719 1209 promissorum,
2748 1145 2850 1198 nisi
2877 1144 3254 1212 jurameutum
3281 1147 3604 1213 accesserit,

2018 1230 2243 1284 credere
2289 1248 2396 1284 non
2442 1241 2695 1301 possunt.
2728 1231 2865 1287 Cum
2901 1234 3085 1304 itaque
3132 1250 3218 1289 me
3254 1238 3394 1290 citra
3418 1237 3605 1306 jusju-

2020 1325 2248 1376 randum
2284 1323 2387 1377 [ide
2429 1325 2649 1392 dignum
2690 1340 2835 1386 esse,
2869 1342 2979 1379 non
3011 1326 3187 1380 solum
3228 1329 3593 1396 przeteritum,

2020 1428 2239 1483 tempus
2284 1425 2391 1468 tam
2443 1417 2687 1485 longum,
2732 1432 2842 1486 quo
2882 1418 3051 1472 rebus
3082 1419 3349 1474 Romanis
3384 1421 3601 1491 praefui,

2022 1517 2276 1572 testetur,
2322 1508 2414 1561 sed
2454 1510 2621 1561 etiam
2646 1525 2746 1563 vos
2780 1509 2905 1579 ipsi,
2939 1510 3033 1581 qui
3068 1513 3123 1565 in
3160 1513 3353 1581 primis
3392 1514 3603 1567 calum-

2020 1599 2160 1679 niari
2190 1614 2274 1652 me
2298 1600 2598 1663 conamini,
2632 1600 2809 1654 celare
2834 1600 2908 1664 id,
2935 1602 3064 1671 quia
3090 1603 3604 1658 manifestissimum

2016 1707 2129 1746 non
2178 1693 2419 1758 possitis,
2454 1692 2793 1761 relinquitur
2823 1694 2978 1748 aliud
3017 1694 3181 1760 nihil,
3213 1711 3376 1764 quam
3410 1712 3497 1751 me
3519 1697 3608 1764 ju-

2021 1800 2171 1838 rasse
2205 1793 2430 1852 propter
2460 1800 2556 1838 vos
2586 1787 2680 1853 qui
2703 1785 3081 1855 sycophantiis
3106 1787 3362 1856 gaudetis
3395 1805 3409 1842 :
3445 1788 3605 1842 ideo-

2021 1893 2127 1943 que
2176 1892 2278 1929 nec
2308 1878 2376 1930 iis
2426 1873 2588 1931 ﬁdem
2619 1877 2970 1931 commodare
3001 1878 3255 1947 potestis,
3290 1896 3429 1950 quos
3459 1880 3605 1951 ipse-

2015 1980 2128 2023 met
2188 1985 2469 2039 nunquam
2533 1984 2654 2024 esse
2713 1973 2976 2029 mentitos
3039 1973 3436 2030 testiﬁcamini.
3513 1976 3606 2033 Sic

2015 2071 2199 2116 autem
2237 2077 2295 2116 se
2343 2062 2546 2117 habere
2576 2077 2701 2132 qua!
2740 2064 2807 2117 de
2830 2064 3164 2135 iuramentis
3186 2066 3446 2132 diximus,
3474 2082 3603 2123 eum

2014 2167 2070 2211 et
2120 2156 2248 2210 hinc
2295 2155 2531 2224 liqueat,
2586 2157 2732 2209 nitar
2778 2165 2961 2210 tamen
3005 2157 3260 2227 exemplo
3306 2160 3601 2215 verissimo

2018 2248 2249 2302 reddi-re
2300 2247 2585 2315 liquidius.
2613 2247 2670 2301 Si
2718 2247 2870 2301 enim
2925 2248 3073 2303 Deus
3110 2260 3300 2304 noster
3347 2263 3436 2305 est
3460 2252 3605 2306 Deus

2017 2356 2202 2402 verax,
2242 2347 2294 2392 et
2343 2339 2459 2406 ipsa
2526 2340 2729 2393 veritas
2763 2348 2991 2395 vocatur
3026 2350 3082 2395 et
3111 2349 3217 2407 est,
3250 2352 3604 2412 mereturque

2018 2431 2178 2484 ﬁdem
2219 2431 2387 2484 etiam
2439 2432 2733 2500 injuratus,
2773 2442 2823 2486 et
2858 2442 3041 2486 tamen
3074 2448 3184 2486 non
3214 2435 3391 2486 solum
3422 2433 3603 2488 'Abra-

2002 2524 2179 2579 .hamo
2234 2539 2333 2592 per
2386 2524 2747 2593 semetipsum
2794 2525 3044 2594 juravit,
3100 2525 3602 2593 multiplicaturum

2014 2622 2135 2685 ejus
2187 2629 2376 2669 semen
2419 2616 2551 2671 :sed
2602 2616 2790 2668 Davitli
2818 2632 3038 2686 quoque
3088 2625 3297 2686 postea,
3340 2635 3358 2667 ι
3390 2615 3605 2672 Juravit

2015 2704 2184 2767 enim,
2239 2703 2438 2769 inquit,
2493 2703 2754 2756 Dominu~
2809 2703 2976 2757 David
3021 2705 3331 2765 veritatem.
3383 2714 3441 2759 et
3492 2721 3605 2759 non

2015 2794 2373 2849 frustrabitur
2393 2810 2514 2849 eam
2548 2814 2561 2849 :
2598 2815 2616 2847 ι
2652 2805 2820 2865 patet,
2856 2812 2966 2849 non
3002 2808 3228 2867 propter
3258 2796 3447 2861 se,sed
3483 2813 3608 2867 pro—

2012 2896 2138 2956 pter
2188 2887 2620 2942 imbecillitatem
2704 2888 3091 2954 audientium,
3146 2905 3452 2957 eorumque
3503 2903 3607 2942 nu-

1966 3012 1975 3021 ε
2026 2988 2230 3033 tantem
2270 2979 2415 3033 circa
2460 2980 2727 3047 promissa
2760 2979 2946 3043 lldem,
2975 2978 3274 3051 juravisse.
3301 2979 3369 3033 Et
3398 2980 3605 3033 Paulus

2015 3070 2365 3142 postmodum
2419 3071 2704 3138 apostolus
2763 3081 2819 3125 et
2866 3085 3046 3140 pratco
3085 3072 3375 3134 veritatis,
3427 3074 3495 3125 de
3538 3071 3606 3127 iis

2016 3178 2137 3234 qua:
2181 3164 2236 3217 in
2286 3163 2508 3217 tertium
2552 3161 2752 3216 caelum
2796 3172 2988 3231 raptus
3041 3162 3201 3227 vidit,
3242 3172 3600 3227 narraturus,

324 3276 424 3314 του
473 3262 956 3333 καταφανέστερον
1004 3268 1197 3319 ποιεῖν.
1250 3264 1313 3318 Εί
1363 3265 1469 3334 γὰρ
1505 3265 1533 3317 6
1567 3265 1697 3326 Θεὸς
1730 3265 1909 3333 ἡμῶν,

2019 3257 2233 3312 tametsi
2277 3256 2695 3311 veraeissimum
2723 3272 2781 3310 se
2808 3271 2929 3310 esse
2956 3265 3166 3321 nosset,
3229 3254 3604 3309 nihilominus

326 3351 465 3416 Θεός
492 3353 642 3407 ἐστιν
669 3354 945 3424 ἀληθινὸς,
979 3358 1071 3409 καὶ
1104 3355 1469 3421 αὐτοαλήθεια
1508 3359 1602 3410 καὶ
1644 3358 1910 3421 καλεῖται,

327 3443 431 3494 καὶ
467 3442 603 3506 ἐστὶ,
659 3442 756 3497 καὶ
789 3443 1000 3506 δίκαιός
1032 3448 1149 3496 ἐστι
1182 3444 1544 3499 πιστεύεσθαι
1593 3447 1687 3498 καὶ
1735 3446 1916 3513 ὅρκων

326 3534 522 3605 χωρίς*
558 3535 587 3586 6
613 3534 694 3596 δὲ,
728 3535 790 3587 οὐ
808 3534 887 3604 τῷ
928 3536 1183 3605 Ἀϐραάμ
1218 3533 1379 3604 μόνον
1410 3530 1593 3605 ὤμοσε
1622 3536 1748 3591 καθ’
1784 3538 1912 3589 ἐαυ-

325 3623 426 3676 τοῦ
454 3619 606 3695 ἦμὴν
641 3626 941 3696 πληθυνεῖν
973 3626 1139 3680 αὐτοῦ
1173 3628 1231 3679 τδ
1261 3629 1505 3698 σπέρμα”
1539 3627 1676 3681 ἀλλά
1715 3629 1811 3681 καὶ
1837 3628 1915 3700 τῷ

332 3715 500 3768 Δαυὶδ
528 3715 779 3787 ὕστερον,
803 3736 822 3766 ι
852 3716 1054 3787 Ὠμοσε
1081 3717 1209 3785 γὰρ,
1228 3718 1383 3788 φησι,
1408 3717 1613 3787 Κύριος
1641 3715 1719 3787 τῷ
1752 3718 1916 3770 Δαυὶδ

328 3805 612 3876 ἀλήθειαν,
642 3808 737 3859 καὶ
760 3804 931 3876 οὒιμὴ
956 3807 1120 3877 ἀθετή
1133 3823 1197 3877 σῃ
1228 3805 1419 3875 αὑτηί,
1448 3822 1470 3859 ι
1503 3805 1664 3876 δῆλον
1692 3805 1768 3869 ὡς
1813 3807 1913 3877 οὐχ

331 3895 552 3960 ἑαυτοῦ,
586 3897 687 3960 τῆς
724 3895 1094 3965 μικροψυχίας
1135 3894 1192 3947 δὲ
1218 3893 1327 3947 τῶν
1362 3893 1676 3949 ἀκουόντων
1724 3895 1913 3960 ἕνεκα,

331 3989 426 4041 καὶ
484 3987 585 4058 τῆς
636 3987 859 4058 περὶτὰ
906 3985 1358 4056 ἐπαγγελλόμενα
1405 3985 1740 4055 ἀμφιϐολίας
1786 3988 1915 4049 τοὺς

330 4081 530 4150 ὅρκους
567 4081 827 4133 ἐποιεῖτο.
856 4078 966 4131 Καὶ
1003 4077 1215 4139 Παῦλος
1238 4077 1294 4130 δὲ
1328 4077 1558 4147 ὕστερον
1588 4080 1614 4131 6
1646 4079 1746 4149 τῆς
1776 4079 1914 4150 ἀλη-

332 4169 481 4231 θείας
508 4170 757 4241 μαθητὴς
788 4172 885 4222 καὶ
917 4169 1097 4239 κῆρυξ
1126 4170 1257 4239 περὶ
1300 4162 1377 4222 ὧν
1417 4170 1499 4233 εἰς
1527 4170 1713 4239 τρίτον
1744 4171 1916 4239 οὐρα-

330 4262 424 4315 νὸν
475 4262 750 4331 ἀρπαγεὶς
792 4255 926 4326 εἶδε,
972 4262 1185 4331 μέλλων
1206 4261 1536 4330 διηγεῖσθαι,
1584 4260 1680 4314 καί
1733 4261 1818 4314 τοί
1849 4278 1913 4328 γε

328 4353 511 4422 ἐαυτῷ
533 4353 738 4424 πολλὴν
765 4352 1023 4416 συνειδὼς
1051 4354 1333 4424 ἀλήθειαν,
1356 4348 1506 4423 ὅμως
1518 4355 1616 4423 τῆς
1641 4354 1915 4423 ὠφελείας

328 4444 495 4497 ἕνεκα
542 4445 650 4496 τῶν
704 4443 1015 4496 ἀκουόντων
1051 4458 1064 4473 ο
1097 4461 1115 4494 ι
1157 4444 1482 4514 Εὐλογητὸς,
1512 4440 1687 4510 εἶπεν,
1721 4446 1749 4498 6
1782 4445 1915 4510 056g

324 4538 414 4590 ὅτι
443 4538 505 4590 οὐ
532 4536 860 4606 ψεύδομαι,›
881 4536 958 4592 ὡς
990 4535 1057 4589 ἂν
1092 4535 1198 4588 61:6
1232 4536 1474 4607 μάρτυρι
1497 4536 1615 4606 Θεῷ
1640 4538 1916 4609 ἰσχυριζό-

330 4643 498 4700 μενος
525 4629 705 4695 λέγειν
737 4620 785 4680 Ε
806 4628 943 4697 ἐρεῖ,
979 4627 1073 4679 καὶ
1112 4626 1200 4680 διὰ
1237 4627 1398 4679 τοῦτο
1444 4627 1614 4690 ἀξιῶν
1660 4627 1916 4681 πιστεύε-

328 4722 481 4775 σθαι.
510 4722 674 4784 ,Ἔθος
704 4721 812 4789 γὰρ
852 4720 941 4772 ἀεὶ
971 4721 1037 4791 τῇ
1089 4720 1322 4788 ἀπιστία
1358 4721 1574 4787 μεγάλα
1624 4722 1739 4783 τοῖς
1775 4722 1914 4792 πρά-

2019 3359 2248 3422 propter
2277 3350 2622 3404 audientium
2678 3349 2992 3412 utilitatem,
3026 3366 3045 3399 ι
3084 3348 3252 3416 Deus,
3279 3346 3482 3418 inquit,
3508 3347 3603 3417 qui

2016 3453 2101 3500 est
2128 3442 2455 3498 benedictus
2479 3443 2531 3496 in
2558 3442 2779 3507 saecnla,
2810 3442 2934 3505 scit,
2964 3441 3093 3511 quia
3128 3456 3236 3495 non
3266 3439 3504 3495 mentior
3524 3480 3537 3505 ,
3578 3457 3598 3491 ι

2018 3537 2171 3592 velut
2204 3534 2314 3588 Deo
2341 3543 2477 3588 teste
2504 3532 2838 3589 confirmans
2871 3546 2929 3586 se
2954 3531 3165 3595 dicere,
3188 3547 3309 3602 quae
3336 3530 3561 3585 dicebat
3586 3571 3602 3595 ,

2016 3636 2074 3684 et
2119 3627 2246 3682 ideo
2289 3641 2507 3696 :equum
2542 3640 2796 3687 censens,
2833 3624 2939 3679 sibi
2971 3625 3148 3679 credi.
3185 3623 3415 3693 Semper
3448 3622 3604 3676 enim

2017 3719 2395 3775 incredulitaii
2437 3716 2645 3787 iiiagnm
2708 3733 2795 3772 res
2820 3717 3041 3772 elevare
3064 3723 3120 3771 et
3144 3725 3451 3771 extenuare
3487 3729 3607 3769 mos

2017 3820 2123 3866 est.
2156 3810 2301 3881 Ergo
2329 3809 2501 3880 magis
2529 3824 2630 3862 vos
2682 3809 2856 3877 ipsos,
2890 3822 3054 3877 quam
3087 3821 3174 3861 me
3208 3805 3608 3876 propterjura-

2018 3910 2265 3958 mentum
2323 3900 2814 3971 reprehendendos
2857 3899 3027 3954 fuisse
3054 3899 3406 3969 perspiciatis
3439 3897 3604 3952 licet.

2019 3994 2131 4049 Vos
2175 4006 2326 4059 vero,
2377 3990 2655 4060 quomodo
2692 3989 2750 4044 in
2784 3989 2930 4055 aliis,
2962 3987 3180 4059 jus1itia
3225 3988 3482 4042 damnata
3547 3997 3608 4041 et

2017 4097 2084 4138 ex
2138 4082 2373 4150 imperio
2423 4080 2674 4135 Romano
2730 4080 2926 4150 ejecta,
2981 4090 3252 4147 consueto
3304 4087 3362 4134 et
3430 4078 3609 4131 amico

2019 4172 2309 4227 mendacio
2339 4186 2404 4225 ac
2439 4169 2819 4240 sycophantiis
2849 4160 3169 4233 adlimretis,
3228 4180 3329 4220 nec
3361 4167 3465 4219 hoc
3498 4166 3610 4219 sal-

2019 4274 2129 4318 tem
2169 4262 2559 4326 recordamini,
2591 4276 2717 4331 quae
2759 4260 2813 4314 in
2847 4259 2950 4313 hac
2975 4259 3086 4313 vita
3119 4258 3473 4328 gesserimus,
3506 4272 3608 4311 eo-

2017 4371 2142 4409 rum
2200 4369 2300 4409 nos
2323 4354 2570 4408 omnium
2608 4362 2733 4422 post
2769 4352 2934 4406 tinem
2966 4350 3132 4421 hujus
3159 4349 3298 4403 lueis
3330 4348 3604 4402 rationem

2020 4448 2238 4503 redditu
2249 4445 2458 4501 ros.Ast
2473 4454 2661 4514 egomt
2680 4452 2862 4507 antea,
2879 4443 2962 4496 sic
2978 4440 3143 4495 hodie
3159 4441 3329 4494 Deum
3350 4448 3603 4502 testatus,

2020 4543 2108 4595 aio
2147 4555 2230 4594 me
2289 4538 2424 4593 nihil
2472 4539 2615 4591 aliud
2663 4537 2849 4591 statim
2902 4535 2973 4590 ab
3020 4522 3179 4589 ii‘iitio
3220 4543 3341 4603 post
3392 4532 3604 4585 obitum

2023 4632 2395 4703 imperatoris,
2427 4646 2593 4699 quam
2620 4643 2742 4700 quae
2762 4625 3103 4698 imperatriei
3133 4639 3190 4680 et
3236 4624 3428 4681 liberis
3456 4624 3601 4693 ejus,

2021 4733 2078 4778 et
2116 4722 2400 4778 communi
2453 4722 2831 4776 Romanorum
2860 4718 3240 4775 conducerent
3265 4757 3282 4781 ,
3307 4715 3603 4785 cogitasse,

327 4831 508 4883 γμασι
549 4810 937 4883 λυμαίνεσθαι.
976 4811 1232 4877 Ἔξεστιν
1266 4809 1363 4864 οὖν
1411 4813 1542 4882 ὑμῖν
1577 4814 1804 4866 σκοπεῖν
1838 4815 1914 4879 ὡς

2017 4816 2313 4886 facereque
2354 4811 2735 4870 contendisse.
2767 4813 2970 4868 Verqu
3012 4813 3102 4866 ubi
3129 4811 3206 4865 illi
3256 4809 3407 4864 nulla
3439 4822 3604 4861 causa

333 4911 522 4976 σφίσιν
572 4909 759 4970 αὐτοῖς
813 4906 1037 4976 μᾶλλον.
1090 4905 1123 4977 ἢ
1172 4906 1296 4974 ἐμοὶ
1348 4905 1459 4958 τῶν
1517 4907 1699 4975 ὅρκων
1753 4906 1914 4961 ἕνεκα

2016 4908 2287 4979 legitima,
2315 4908 2411 4962 sed
2443 4907 2739 4962 calumniis
2763 4916 2975 4961 tantum
3001 4919 3068 4959 eo
3098 4903 3318 4973 impulsi
3340 4909 3488 4964 sunt,
3542 4909 3605 4953 ut

334 5001 655 5074 μέμφεσθαι
695 4999 995 5070 προσῆκεν.
1037 4997 1231 5067 Ὑμεῖς
1275 4997 1465 5067 ὥσπερ
1499 5001 1557 5051 ἐν
1588 5003 1702 5063 τοῖς
1735 5000 1914 5063 ἀῖιλοις

2019 5015 2110 5053 me
2161 4998 2327 5053 armis
2353 4994 2847 5069 persequerentur,
2874 4996 3192 5053 necessario
3219 5003 3277 5049 et
3328 4993 3446 5063 ipse
3478 5008 3602 5062 ago,

328 5093 596 5162 ἀειφυγίᾳ
629 5091 690 5142 τὸ
731 5088 942 5143 δίκαιον
991 5087 1481 5150 καταδικάσαντες,
1513 5090 1609 5140 καὶ
1643 5089 1741 5158 τῆς
1785 5088 1914 5143 Ῥω.

2026 5089 2173 5143 unde
2202 5082 2353 5142 mihi
2399 5097 2456 5143 et
2485 5088 2959 5143 commilitonibus
2991 5087 3132 5141 meis
3160 5087 3308 5140 salus
3339 5084 3607 5153 pariatur.

335 5188 513 5259 μαίων
576 5183 952 5245 ἀπελάσαντες
991 5181 1167 5252 ἀρχῆς
1205 5182 1303 5250 τῷι
1332 5180 1471 5250 φίλῳ
1508 5182 1693 5250 ψεύδει
1735 5180 2011 5251 κέχρησθε
2077 5182 2188 5247 ἀεὶ,
2258 5184 2352 5237 καὶ
2417 5184 2542 5245 ταῖς
2593 5181 3007 5251 συκοφαντίαιςο
3040 5179 3161 5234 οὐδὲ
3195 5178 3353 5232 τοῦτο
3395 5193 3610 5247 μεμνη-

334 5283 487 5351 μένοι
541 5277 672 5346 γοῦν
730 5278 811 5330 ὅτι
883 5275 994 5328 τῶν
1067 5275 1198 5345 τῇδε
1264 5273 1617 5344 βεϐιωμένων
1674 5274 1915 5337 ἅπαντες
1993 5275 2269 5345 ὑφέξομεν
2327 5274 2561 5339 εὐθύνας
2622 5275 2762 5345 μετά
2843 5273 2942 5344 τὴν
2993 5273 3204 5326 ἐνθένδε
3257 5269 3604 5338 ἀπαλλαγήν.

343 5373 487 5442 Ἐγὼ
511 5371 556 5425 δ’
620 5370 811 5441 ὥσπερ
856 5370 951 5423 καὶ
1021 5368 1311 5439 πρότερον,
1359 5365 1504 5419 οὕτω
1552 5368 1647 5419 καὶ
1694 5367 1813 5431 νῦν,
1870 5369 1977 5421 ὑπὸ
2018 5369 2260 5441 μάρτυρι
2294 5367 2372 5438 τῷ
2401 5366 2519 5438 Θεῷ
2552 5368 2719 5437 λέγω,
2751 5367 2826 5431 ὡς
2861 5367 3014 5422 οὐδὲν
3044 5366 3232 5436 ἕτερον
3256 5363 3414 5421 εὐθὺς
3447 5360 3609 5429 ἐξαρ-
3695 5389 3703 5397 -

329 5472 433 5544 χῆς
470 5470 607 5541 μετά
650 5469 750 5538 τὴν
798 5464 1065 5537 βασιλέως
1107 5464 1387 5535 τελευτὴν,
1436 5464 1469 5534 ἢ
1505 5465 1607 5518 ὅσα
1640 5464 1899 5534 βασιλίδι,
1942 5466 2039 5519 καὶ
2071 5466 2236 5520 παισὶ
2273 5466 2568 5537 συμφέρει,
2637 5468 2732 5521 καὶ
2780 5468 2914 5517 πᾶσι
2954 5467 3107 5534 κοινῇ
3170 5460 3467 5531 Ῥωμαίοις
3496 5457 3605 5508 διε-

330 5565 573 5634 νοούμην
602 5581 662 5615 τε
704 5565 796 5614 καὶ
828 5562 1092 5631 πράττειν
1128 5557 1274 5629 εἶχον
1303 5559 1393 5612 διὰ
1431 5558 1685 5630 σπουδῆς.
1734 5559 1992 5612 Ἐκείνων
2049 5560 2107 5613 δὲ
2168 5559 2229 5624 ἐξ
2290 5560 2554 5635 ,οὐδεμιᾶς
2619 5560 2798 5622 αίτίας
2838 5558 3098 5628 ἀληθοῦς,
3138 5556 3255 5610 ἀλλ’
3289 5555 3394 5608 61:6
3443 5566 3606 5603 coxo-

334 5659 566 5725 φαντίας
605 5654 740 5724 πρὸς
783 5656 875 5707 τὶν
905 5652 1028 5706 κατ’
1055 5649 1190 5722 ἐμοῦ
1234 5653 1615 5724 κεκινημένων
1682 5651 1945 5721 πόλεμον,
1993 5653 2309 5722 ἀναγκαίως
2338 5654 2434 5707 καὶ
2468 5653 2633 5717 αὐτὸς
2678 5653 2736 5719 ἐξ
2772 5645 2847 5706 ὧν
2889 5651 3099 5722 νομίζω
3161 5648 3383 5720 ἐμαυτῷ
3413 5642 3605 5700 τεκαὶ

326 5758 445 5817 τοῖς
478 5749 696 5807 συνοῦσι
741 5748 840 5821 τὴν
874 5750 1151 5819 σωτηρίαν
1184 5749 1498 5820 ἐκπορίζειν
1537 5750 1782 5820 πράττω.

1919 5900 1999 5914 .—
