4054 6468
335 437 352 453 ³
461 461 573 523 923

1627 464 1950 525 JOANNIS
1985 462 2523 525 CANTACUZENI

3628 462 3754 528 92&

1712 593 1877 668 475
1917 593 2145 650 CAPUT
2187 593 2480 650 xxxvnt.

466 717 751 773 Melcnicus
787 734 845 770 oc
863 726 1076 786 'upatur
1114 735 1144 771 a
1187 717 1576 771 Cautacuzetto.
1610 712 1825 770 CItreles
1861 723 2163 786 cunctatur,
2203 715 2497 786 periculum
2546 715 2771 786 fugiens.
2814 713 2946 785 Ejus
2973 714 3203 786 adventu
3251 713 3305 766 iu
3338 723 3537 786 castra,
3582 715 3740 786 miles

544 787 815 842 Romanus
848 783 1084 842 la'tatur.
1139 787 1448 840 Fluctuatio
1497 789 1896 853 protostratoris
1931 783 2331 839 Thessalonica.
2387 783 2970 847 Seditio'zelotarum;
3017 783 3261 853 expulsio
3315 785 3502 853 civium
3528 793 3576 837 et
3620 784 3740 838 alia

542 867 679 910 tetra
717 859 976 921 facinora.
1025 857 1389 911 Protostrator
1417 851 1534 925 cum
1567 858 1908 922 optimatibus
1938 853 2139 925 pulsusj
2173 853 2692 925 Thessalonicensem
2720 872 2908 924 agrum
2940 851 3301 925 deprirdatur.
3332 851 3740 925 antacuzemts

539 927 781 997 aﬁlictus,
812 945 866 1000 tu
896 928 1001 982 Deo
1030 946 1176 1000 spem
1208 927 1369 982 locat.
1406 924 1700 998 Byzantini
1741 945 1862 983 cum
1895 925 2052 982 sociis
2098 923 2526 979 Thessalonicam
2567 923 2969 997 ingrediuntur.
3008 923 3336 978 'Delt'beratio
3375 923 3742 978 Cantacuzeni

536 1013 656 1050 cum
700 998 986 1053 exsulibus.

541 1111 676 1166 Cum
707 1111 789 1167 sic
819 1112 1254 1170 demonstrasset
1277 1153 1293 1178 ,
1312 1114 1436 1170 illos
1460 1129 1654 1184 parum
1691 1113 1866 1184 probe
1903 1113 1968 1165 de
1993 1126 2055 1167 se
2085 1113 2128 1169 Α

465 1200 774 1271 iudicasse,
807 1205 1108 1259 amicorum
1157 1205 1252 1274 qui
1283 1203 1537 1260 Melenici
1567 1213 1728 1258 erant
1751 1202 2044 1268 accersito,

472 1309 696 1347 manum
730 1293 923 1359 misit,
961 1295 1270 1367 urbemque
1323 1295 1652 1366 occupavit,
1685 1305 1741 1350 et
1784 1293 2050 1349 Joannem

336 1424 360 1446 .
470 1384 708 1440 Asanem
747 1387 937 1441 uxoris
966 1386 1190 1442 fratrem
1221 1386 1536 1456 praefectum
1573 1385 1896 1441 declaravit.
1922 1384 2052 1451 Quae

482 1493 573 1532 res
609 1478 696 1532 vix
730 1480 938 1549 sperari
976 1489 1192 1549 poterat
1219 1489 1514 1549 antequam
1551 1478 1705 1538 fieret
1730 1517 1747 1544 ,
1777 1477 1921 1532 facta
1952 1493 2054 1532 au-

477 1579 587 1621 tem
643 1585 751 1622 non
820 1569 1102 1624 mediocre
1155 1569 1321 1625 dabat
1369 1571 1660 1635 solatium;
1725 1585 1850 1623 mox
1902 1568 2052 1624 enim

475 1660 734 1716 Chrelcm
765 1670 958 1730 utpote
985 1661 1232 1731 perfecto
1259 1703 1275 1728 ,
1303 1661 1450 1730 quod
1483 1661 1925 1723 desiderabatur.
1959 1662 2056 1716 ad-

469 1736 658 1808 ‘vocat.
693 1751 796 1819 Qui
829 1751 1158 1808 Melenicum
1183 1751 1252 1808 ab
1273 1753 1606 1822 imperatore
1634 1753 1874 1808 obtineri
1897 1753 2056 1809 laetus

471 1845 784 1909 videbatur,
801 1844 1016 1916 sibique
1040 1858 1258 1900 omnem
1283 1847 1692 1902 excusationem
1716 1853 2054 1916 amputatum

473 1936 807 1992 aftlrmabat.
862 1938 1250 1994 Verumtamen
1301 1938 1520 2006 adhuc,
1555 1938 1710 2006 quasi
1765 1953 1855 1992 res
1905 1953 2054 2004 suas,

471 2037 768 2098 antequam
800 2029 947 2085 bello
980 2046 1038 2086 se
1071 2029 1331 2086 crederet
1355 2072 1372 2095 ,
1427 2030 1840 2100 compositurus
1865 2028 2055 2098 [diffe-

474 2121 632 2177 rebat
657 2140 672 2176 :
714 2122 809 2177 sed
840 2138 1030 2178 revera
1061 2123 1310 2179 laborem
1339 2124 1653 2178 detrectans
1681 2165 1696 2190 ,
1745 2122 1897 2176 nullo
1927 2138 2056 2176 cunt

474 2212 724 2282 periculo
762 2229 864 2269 suo
914 2214 1221 2284 imperator
1249 2215 1496 2270 amicitia
1525 2215 1736 2286 perfrui
1769 2215 2057 2286 cupiebat.

472 2303 524 2360 Is
561 2313 621 2358 ut
655 2305 934 2361 hominem
965 2317 1182 2378 tempus
1212 2307 1417 2366 ducere
1447 2308 1622 2373 vidit,
1657 2319 1898 2364 mentem
1938 2311 2060 2382 ejus

471 2412 539 2451 ex
574 2397 738 2454 dictis
777 2409 1100 2470 auguratus,
1132 2399 1384 2454 Melenici
1426 2401 1749 2471 praefectum
1783 2400 2055 2458 Joannem

471 2489 710 2544 Asanem
738 2466 876 2545 θυιιῖ
895 2503 1050 2561 parte
1086 2491 1372 2562 c0piarunt
1398 2466 1664 2561 [quanta
1699 2494 1832 2549 urbs
1860 2494 2057 2549 defen-
2084 2466 2134 2528 Β

473 2582 648 2637 sanda
680 2581 981 2652 indigeret,
1001 2583 1291 2654 relinquit,
1313 2593 1369 2638 et
1393 2583 1564 2637 altera
1597 2595 1754 2654 parte
1783 2586 1838 2639 in
1864 2584 2060 2640 castris

476 2689 701 2729 manere
723 2675 877 2746 jttSsa
901 2713 917 2740 ,
948 2673 1205 2729 Matthaso
1242 2683 1301 2730 et
1346 2672 1599 2728 Manuele
1633 2675 1762 2728 ﬁliis
1784 2716 1799 2741 ,
1837 2684 2060 2729 trecen-

477 2766 658 2836 tisque
705 2768 1092 2823 tantummodo
1144 2767 1473 2845 comitatus,
1518 2768 1731 2838 magnis
1764 2767 2063 2824 itineribus

475 2860 746 2931 postridie
778 2860 846 2915 ad
883 2861 1065 2915 locum
1098 2859 1275 2924 venit,
1327 2858 1420 2914 ubi
1461 2858 1691 2915 Chreles
1721 2860 2060 2916 morabatur.

475 2955 523 3007 Α
575 2968 690 3023 quo
718 2953 1040 3007 humaniter
1075 2962 1359 3022 acceptus,
1393 2952 1539 3007 diem
1571 2961 1628 3007 et
1677 2961 1900 3008 noctem
1932 2967 2060 3008 cum

475 3060 543 3098 eo
575 3046 866 3114 transegit,
931 3043 1310 3114 postridieque
1359 3043 1416 3098 in
1472 3052 1652 3099 castra
1691 3058 1879 3099 secum
1934 3059 2060 3114 per-

476 3137 672 3200 duxit,
733 3137 968 3204 ejusque
1026 3146 1328 3206 conspectu
1376 3137 1683 3191 exercitum
1735 3136 2065 3192 mirabiliter

477 3227 775 3281 recreavit.
810 3225 1022 3295 Quippe
1055 3242 1165 3281 non
1194 3227 1364 3282 armis
1411 3228 1589 3281 solum
1612 3267 1629 3293 ,
1666 3227 1827 3297 equis
1877 3234 1934 3282 et
1973 3241 2068 3297 pe-

480 3317 645 3372 cunia
682 3316 902 3372 valebat
923 3357 942 3380 ,
993 3316 1091 3372 sed
1123 3326 1242 3372 erat
1275 3328 1540 3389 praeterea
1576 3319 1793 3376 artibus
1823 3320 2067 3389 impera-

479 3409 640 3463 toriis
689 3408 1204 3465 exercitatissimus
1235 3451 1250 3476 ,
1313 3418 1652 3480 noveratque
1687 3425 1812 3464 cum
1872 3410 2068 3466 amicis

478 3498 855 3565 commodare,
884 3508 998 3554 tttm
1025 3499 1269 3555 inimicis
1305 3499 1717 3555 incommodare
1745 3499 2065 3570 plurimum.

481 3591 758 3657 Quocirca
808 3592 976 3646 etiam
1032 3592 1271 3646 societas
1323 3592 1448 3663 ejus
1487 3590 1863 3662 maximopere
1900 3607 2069 3662 expe-

483 3683 650 3738 tenda
685 3684 1038 3738 censebatur.
1074 3683 1485 3739 Thessalonicae
1535 3692 1720 3738 autem
1769 3692 2071 3752 protostra-

481 3785 594 3840 tor,
629 3787 692 3829 ut
727 3778 1021 3834 docuimus
1050 3820 1065 3844 ,
1109 3781 1354 3834 animum
1408 3767 1683 3836 huc’illnc
1711 3795 1940 3835 versans
1967 3820 1983 3843 .
2013 3785 2070 3834 et

485 3869 560 3922 ab
612 3877 739 3923 utro
800 3870 1202 3942 imperatorum
1257 3873 1435 3943 palam
1487 3880 1660 3927 staret
1717 3871 2069 3940 deliberans,

479 3959 773 4015 remissius
837 3976 904 4017 ac
955 3963 1244 4018 socordius
1324 3963 1564 4034 agebat,
1618 3963 1930 4034 zelotasque
1976 3962 2073 4032 qui

479 4067 584 4120 pro
634 4053 973 4123 imperatore
1014 4054 1304 4128 Palaeologi
1356 4055 1470 4112 ﬁlio
1518 4057 1576 4112 itt
1627 4054 2072 4112 Cantacuzenum

481 4158 545 4198 se
577 4145 890 4212 armabant,
922 4149 1128 4204 sensim
1159 4164 1458 4220 augescere
1491 4149 1844 4220 patiebatur:
1873 4148 2073 4219 partim

481 4247 776 4303 metuens,
841 4256 908 4294 ne
963 4241 1086 4311 ejus
1131 4242 1413 4297 studiosus
1476 4241 1700 4312 publice
1752 4240 2072 4308 haberetur,

481 4344 606 4383 cum
645 4327 756 4384 filia
814 4339 872 4386 et
928 4333 1130 4404 conqu
1155 4333 1402 4404 Byzantii
1440 4333 1773 4397 habitantes,
1797 4339 1852 4387 et
1883 4327 2077 4400 amplae

484 4417 695 4474 ibidem
752 4419 1044 4477 facultates
1102 4423 1158 4476 id
1215 4437 1326 4477 non
1383 4423 1809 4493 permitterent,
1871 4421 2079 4477 sollici-

483 4523 710 4577 tumque
753 4522 809 4568 et
866 4515 1090 4570 anxium
1127 4514 1411 4580 facerent,
1449 4529 1516 4568 ne
1563 4529 1662 4569 sua
1709 4513 1875 4585 476
1909 4529 2075 4568 causa

483 4604 672 4660 multis
722 4604 989 4658 arumnis
1019 4603 1400 4674 objicerentur
1421 4645 1434 4669 ,
1468 4603 1666 4671 partim
1699 4603 1870 4657 fretus
1899 4603 2078 4658 Thes-

480 4695 823 4751 salOnicensi
858 4711 967 4749 non
1019 4710 1189 4765 parvo
1225 4695 1507 4764 praesidio,
1539 4709 1604 4748 ac
1640 4694 1857 4749 civibus
1889 4696 2079 4765 copio-

478 4787 757 4849 sioribus,
787 4786 991 4854 quibus
1025 4783 1246 4852 quando
1277 4785 1443 4839 vellet
1482 4783 1694 4838 zelotas
1751 4797 1813 4838 se
1851 4799 2081 4854 oppres-

483 4892 674 4931 surum
723 4874 1064 4931 contidebat.
1114 4875 1183 4930 At
1215 4883 1504 4946 postquam
1551 4875 1631 4930 illi
1658 4875 1779 4946 ejus
1813 4875 2078 4932 dilatione

487 4969 883 5030 corroborati,
938 4967 1156 5037 plebem
1215 4968 1272 5021 in
1333 4967 1608 5038 primores
1679 4968 2075 5036 concitarunt,

486 5071 886 5130 protostratore
899 5061 1012 5132 jam
1032 5060 1085 5114 in
1100 5059 1555 5117 Cantaeuzenicis
1571 5072 1883 5128 numerato,
1902 5062 2076 5135 agmi-

2257 1109 2534 1174 Ἐκείνους
2567 1109 2667 1180 μὲν
2693 1111 2787 1166 οὖν
2813 1111 2988 1174 οὕτως
3021 1109 3348 1165 ἀπεδείκνυε
3389 1108 3556 1179 μηδὲν
3586 1109 3746 1178 ὑγιὲς

2159 1203 2328 1257 αὑτοῦ
2364 1204 2806 1274 κατεγνωκότας.
2840 1203 3014 1268 Αὐτὸς
3047 1203 3104 1258 δὲ
3140 1201 3268 1256 Επεὶ
3297 1203 3346 1256 oi
3371 1203 3430 1255 έν
3454 1202 3742 1274 Μελενίκῳ

2159 1294 2306 1366 φίλοι
2337 1296 2566 1350 ὲκάλουν
2591 1295 2669 1358 ὡς
2690 1295 3156 1368 παραληψόμενον
3185 1294 3285 1364 τὴν
3309 1293 3491 1357 πόλιν,
3516 1293 3740 1363 πέμψας

2161 1389 2428 1454 στρατιάν
2468 1387 2761 1456 κατέσχεν.
2792 1388 3030 1442 Ἔπειτα
3064 1387 3162 1442 καὶ
3191 1387 3285 1440 τὸν
3313 1383 3572 1455 γυναικὸς
3589 1386 3741 1439 ἀδελ-

2162 1482 2261 1551 φὺν
2290 1480 2550 1553 Ἰωάννην
2576 1481 2671 1537 τὸν
2708 1482 2946 1550 ’Δσάνην
2990 1482 3232 1553 ἄρχοντα
3257 1482 3360 1552 τῆς
3394 1478 3601 1542 πόλεως
3632 1496 3738 1532 ua-

2162 1575 2344 1645 θίστη.
2392 1576 2630 1648 πρᾶγμα
2676 1575 3037 1628 δυσέλπιστον
3087 1573 3222 1644 πρὶν
3261 1571 3516 1641 γενέσθαι
3540 1587 3555 1604 ’
3586 1571 3740 1639 γενόδ

2165 1681 2327 1734 μενον
2383 1665 2442 1719 δὲ
2480 1664 2633 1736 ὅμως
2666 1665 2729 1718 οὐ
2793 1664 3026 1734 μετρίαν
3083 1662 3328 1734 παρέσχε
3386 1661 3740 1733 παραψυχήν.

2161 1755 2372 1811 Αὐτίκα
2400 1757 2511 1827 γὰρ
2537 1755 2675 1827 πρὸς
2721 1755 2939 1827 Χρέλην
3001 1755 3245 1826 πέμψας,
3289 1753 3539 1809 ἐκέλευεν
3584 1754 3744 1824 ἥκειν

2165 1847 2302 1918 πρὸς
2332 1849 2520 1916 αὐτὸν,
2556 1848 2633 1912 ὡς
2659 1845 2760 1920 ἤδη
2795 1847 2890 1902 τοῦ
2935 1846 3277 1917 ζητουμένου
3308 1845 3635 1916 ἠνυσμένου.
3680 1846 3742 1900 ’0

2162 1940 2206 1996 δ’
2233 1941 2413 1996 ἐδόκει
2449 1940 2551 2011 μὲν
2574 1940 2804 2012 ἥδεσθαι
2841 1939 2937 1994 τοῦ
2983 1939 3214 2012 βασιλέα
3245 1939 3542 1994 Μελενίκον
3571 1937 3744 2009 ἔχειν,

2164 2034 2262 2087 καὶ
2288 2033 2475 2087 πᾶσαν
2509 2032 2665 2100 ἔλεγε
2695 2027 2973 2103 πρόφασιν
3003 2031 3155 2104 αὐτῷ
3191 2031 3583 2106 περιῃρῆσθαι.
3621 2030 3746 2084 Ἔτι

2164 2125 2211 2178 δ’
2245 2126 2396 2196 ὅμως
2436 2124 2768 2180 ἀνεϐάλλετο
2796 2124 2859 2179 τὸ
2903 2125 3084 2179 δοκεῖν
3124 2123 3224 2196 μὲν
3249 2123 3326 2188 ὥς
3359 2124 3430 2177 τὰ
3457 2123 3592 2178 ὄντα
3625 2123 3748 2176 δια-

2167 2219 2475 2290 θησόμενος
2516 2217 2716 2288 μέλλον
2749 2219 2852 2290 ἤδη
2884 2217 3156 2273 ἅπτεσθαι
3188 2215 3428 2286 πολέμου
3455 2217 3549 2270 καὶ
3580 2233 3747 2288 στρα-

2164 2312 2318 2375 τείας
2344 2327 2359 2342 ·
2389 2313 2456 2379 τῇ
2484 2309 2530 2364 δ’
2552 2309 2945 2398 ἀληθείᾳ.,οὒκ
2976 2308 3180 2364 ἐθέλων
3210 2311 3292 2374 είς
3313 2309 3441 2372 τοὺς
3469 2307 3750 2371 κινδύνους

2168 2402 2459 2472 ἐμϐάλλειν
2491 2403 2711 2468 ἑαυτὸν,
2739 2401 2884 2457 ’ἀλλ’
2914 2402 3045 2458 ἄνευ
3080 2401 3261 2456 πόνων
3312 2400 3410 2472 τὴν
3479 2399 3749 2470 βασιλέως

2162 2494 2383 2551 εὔνοιαν
2410 2495 2784 2563 καρποῦσθαι.
2819 2494 3088 2557 Βασιλεὺς
3117 2494 3175 2548 δὲ
3209 2493 3284 2557 ὡς
3313 2489 3425 2547 εἶδε
3466 2490 3750 2563 χωροῦντα

2161 2587 2302 2658 πρὸς
2332 2586 2628 2651 ἀναϐολὰς,
2653 2587 2754 2657 τῆς
2778 2586 3025 2649 διανοίας
3059 2587 3125 2640 ἐκ
3153 2585 3263 2639 τῶν
3285 2585 3594 2656 εἰρημένων
3628 2600 3748 2638 στο-

2161 2677 2496 2749 χασάμενος,
2545 2677 2853 2733 Μελενίκου
2898 2678 2999 2748 μὲν
3053 2676 3298 2749 ἄρχοντα
3345 2677 3438 2732 τὸν
3491 2675 3748 2744 γυναικὸς
3807 2687 3818 2694 ·

2163 2768 2462 2824 κατέλιπεν
2493 2768 2975 2841 άδελφὺνἈσάνην
3003 2769 3095 2824 τὸν
3134 2769 3390 2840 Ἰωάννην
3419 2766 3561 2840 μετὰ
3577 2784 3746 2838 στρα-

2162 2864 2287 2927 τιᾶς
2312 2863 2446 2934 ὅσης
2477 2859 2618 2934 ᾤετο
2676 2861 2945 2933 ἀρκέσειν
2998 2863 3080 2925 είς
3135 2860 3385 2932 φρουρὰν
3435 2863 3504 2932 τῇ
3562 2859 3746 2914 πόλει·

2163 2957 2331 3021 αὐτὸς
2399 2956 2457 3010 δὲ
2506 2957 2606 3023 τὴν
2680 2955 2852 3025 ἄλλην
2902 2954 3173 3026 στρατιὰν
3237 2957 3296 3009 ὲν
3367 2953 3448 3024 τῷ
3521 2969 3748 3024 στρατο-

2165 3045 2313 3116 πέδῳ
2344 3042 2613 3108 κελεύσας
2647 3044 2859 3115 μένειν,
2895 3043 3012 3113 ἅμα
3040 3045 3152 3107 τοῖς
3176 3042 3321 3096 υἱέσι
3355 3042 3614 3112 Ματθαίφ
3647 3041 3749 3094 uel

2164 3132 2429 3203 Μανουὴλ
2472 3133 2827 3204 τριακοσίους
2876 3132 3038 3203 μόνον
3087 3131 3448 3203 παραλαϐὼν,
3479 3133 3750 3194 συντόνως

2164 3241 2226 3280 τε
2252 3224 2504 3288 ὁδεύσας,
2531 3226 2611 3287 εὶς
2640 3223 2742 3296 τὴν
2782 3225 3106 3294 ὑστεραίαν,
3149 3225 3285 3280 ἔνθα
3317 3227 3344 3279 ὁ
3375 3225 3591 3297 Χρέλης
3630 3225 3752 3280 δια-

2166 3317 2374 3391 τρίϐων
2398 3312 2468 3390 ἦν
2502 3317 2756 3386 ἀφίκετο.
2802 3318 3048 3372 Ἐκείνου
3081 3319 3139 3372 δὲ
3191 3319 3445 3390 ἀσμένως
3493 3318 3754 3384 ὑποδεξα-

2171 3413 2336 3483 μένου
2369 3410 2846 3482 συνδιημερεύσας
2871 3411 3021 3483 αὒτῷ
3045 3411 3142 3466 καὶ
3166 3411 3753 3478 συνδιανυκτερεύσας,

2169 3506 2234 3574 τῇ
2269 3502 2389 3575 μετ’
2437 3503 2614 3574 αὐτὴν
2643 3502 2784 3574 ἔχων
2818 3505 2913 3558 καὶ
2945 3503 3064 3558 non
3090 3521 3110 3558 ι
3153 3504 3294 3574 μετὰ
3339 3504 3440 3571 τῆς
3470 3503 3752 3574 στρατιᾶς,

2171 3590 2326 3658 αὖθις
2363 3595 2448 3659 εῑς
2473 3595 2535 3648 τὸ
2564 3594 2934 3666 στρατόπεδον
2964 3595 3236 3666 ἐπανῆκε,
3268 3595 3367 3650 καὶ
3405 3594 3605 3666 πολλῆς
3637 3595 3756 3649 ἐνέ-

2173 3682 2354 3755 πλησε
2381 3683 2482 3756 τὴν
2515 3673 2785 3755 στρατιὰν
2814 3684 3009 3756 ἡδονῆς
3041 3684 3183 3753 μετὰ
3213 3683 3398 3756 Χρέλη
3423 3685 3749 3754 ἀφιγμένος.

2173 3772 2284 3831 Ἦν
2306 3777 2412 3846 γὰρ
2445 3777 2506 3830 οὐ
2540 3777 2769 3841 δυνατὸς
2794 3777 2960 3848 μόνον
2989 3780 3084 3830 καὶ
3111 3777 3302 3841 ὅπλοις
3335 3778 3431 3830 καὶ
3459 3777 3638 3838 ἵπποις
3663 3777 3755 3829 καὶ

2175 3869 2480 3940 χρήμασιν,
2512 3868 2653 3923 ἀλλὰ
2676 3869 2771 3922 καὶ
2803 3869 2936 3939 περὶ
2966 3869 3304 3940 στρατηγίας
3342 3868 3602 3923 κάλλιστα
3626 3866 3758 3936 ἐξη-

2176 3960 2479 4032 σκημένος,
2509 3961 2604 4014 καὶ
2642 3957 2754 4024 οἷος
2781 3960 2910 4024 τούς
2940 3977 3001 4014 τε
3029 3959 3217 4031 φίλους
3247 3960 3482 4032 ὠφελεῖν
3510 3962 3603 4016 καὶ
3627 3960 3756 4023 τοὺς

2175 4053 2476 4124 πολεμίους
2504 4052 2766 4125 βλάπτειν
2799 4052 3040 4124 μάλιστα
3070 4053 3296 4108 εἰδέναι.
3337 4053 3418 4106 Δι’
3446 4051 3484 4107 ἃ
3536 4052 3628 4107 καὶ
3655 4067 3757 4104 πε·-

2180 4145 2486 4218 ριμάχητος
2535 4145 2724 4211 αὐτοῖς
2757 4145 2942 4200 eadm
2994 4148 3028 4217 ἡ
3073 4146 3287 4201 ἐκείνου
3318 4143 3625 4217 συμμαχία.
3665 4143 3758 4198 Ἐν

2177 4237 2553 4310 Θεσσαλονίκῃ
2571 4238 2630 4291 δὲ
2647 4239 2676 4291 ό
2703 4239 3152 4310 πρωτοστράτωρ
3178 4236 3368 4309 ὥσπερ
3397 4237 3628 4308 ἔφημεν,
3652 4235 3760 4306 άμ-

2179 4329 2402 4402 φίσολος
2433 4329 2530 4397 ὢν,
2561 4331 2657 4382 καὶ
2709 4328 2844 4399 περὶ
2871 4328 2982 4382 τῶν
3014 4327 3282 4398 βασιλέων
3309 4328 3420 4397 δτῳ
3451 4325 3759 4399 πρόσθηται

2178 4422 2432 4494 φανερῶς
2487 4421 2958 4491 διασκεπτόμενος
2984 4460 3000 4487 ,
3060 4418 3453 4491 μαλακώτερόν
3520 4435 3582 4472 τε
3646 4416 3757 4470 τῶν

2181 4515 2527 4585 πραγμάτων
2559 4513 2788 4584 ἥπτετο,
2818 4513 2914 4568 καὶ
2947 4513 3076 4576 τοὺς
3115 4511 3447 4582 λεγομένους
3478 4509 3755 4581 Ζηλωτάς,

2178 4606 2228 4660 οἳ
2268 4605 2410 4674 ὑπὲρ
2438 4603 2708 4675 βασιλέως
2742 4604 2838 4658 τοῦ
2874 4603 3247 4674 Παλαιολόγου
3278 4602 3493 4674 βασιλεῖ
3513 4602 3592 4672 τῷ
3616 4603 3756 4655 Καν-

2178 4693 2500 4764 τακουζηνῷ
2530 4691 2766 4764 ᾑροῦντο
2812 4694 3098 4762 πολεμεῖν,
3154 4689 3564 4760 αὐξανομένους
3615 4687 3753 4742 κατὰ

2183 4786 2382 4858 μικρὸν
2427 4784 2745 4858 περιεώρα⁶
2776 4786 2940 4839 τοῦτο
2979 4786 3101 4856 μὲν,
3151 4786 3228 4857 μὴ
3265 4785 3502 4858 φανερὸς
3549 4785 3752 4854 γένοιτο

2180 4873 2639 4950 Καντακουζηνοῦ
2663 4880 2733 4934 τά
2755 4877 2850 4932 τοῦ
2879 4863 3144 4948 βασιλέως
3175 4878 3452 4950 ᾑρημένος
3477 4877 3721 4942 δεδοικώς
3738 4894 3752 4910 ·

2179 4970 2214 5042 ἡ
2231 4970 2342 5040 γὰρ
2367 4970 2616 5041 θυγάτηρ
2642 4970 2794 5042 αὑτῷ
2818 4971 2960 5042 καὶὴ
2985 4971 3124 5042 γυνὴ
3141 4967 3352 5042 αἳῆσαν
3378 4969 3436 5023 ἐν
3464 4969 3752 5039 Βυζαντίῳ,

2180 5063 2276 5120 καὶ
2308 5065 2342 5135 ἡ
2373 5063 2510 5135 άλλη
2546 5062 2841 5135 περιουσία
2871 5063 2973 5117 οὐκ
3004 5064 3136 5117 εἴων
3172 5062 3438 5131 πράττειν
3475 5061 3511 5115 ἃ
3556 5061 3753 5134 ᾑρεῖτο,

486 5167 556 5208 ne
575 5151 722 5207 faeto
748 5152 1092 5218 invadentes,
1109 5152 1331 5208 civitate
1348 5153 1571 5209 circiter
1602 5154 1856 5210 tnillenos
1883 5154 2069 5224 expel-

2185 5156 2560 5227 ὲμϐάλλουσαι
2598 5157 2680 5220 είς
2739 5155 3005 5224 ἀγωνίαν,
3066 5154 3144 5226 μὴ
3209 5154 3278 5208 δι’
3331 5153 3495 5208 αὑτὸν
3548 5151 3750 5215 πολλοῖς

487 5246 610 5301 lunt
637 5284 651 5306 ,
683 5244 902 5314 levique
933 5245 1258 5315 sagittarum
1305 5247 1608 5302 certamine
1641 5247 1931 5318 congressi
1959 5289 1975 5312 ,
2007 5246 2079 5301 de

490 5336 712 5393 famulis
747 5338 1165 5405 protostratoris
1211 5338 1423 5409 aliquot
1468 5339 1910 5403 convulnerant,
1962 5337 2079 5408 pri-

493 5445 711 5484 morum
750 5430 1052 5485 nonnullos
1110 5433 1383 5502 capiunt,
1417 5430 1512 5501 qui
1552 5447 1677 5486 cum
1728 5431 1853 5484 aliis
1900 5430 2078 5499 primo

491 5522 701 5592 impetu
749 5523 950 5594 ejicere
1005 5539 1127 5578 sese
1176 5540 1284 5577 non
1339 5532 1651 5593 potuerant.
1685 5521 1887 5575 Zelota:
1939 5521 2076 5575 urbe

490 5631 596 5671 suo
626 5631 684 5670 se
718 5617 935 5671 tetlacta
965 5658 980 5682 ,
1037 5617 1103 5670 ad
1155 5618 1301 5670 aedes
1343 5615 1596 5669 casulum
1632 5614 1880 5667 conversi
1911 5655 1925 5678 ,
1983 5628 2078 5668 eas

493 5710 707 5780 direpta
773 5709 1102 5780 supellectili
1158 5717 1445 5770 evertunt;
1499 5707 1604 5761 alia
1653 5708 1783 5760 item
1818 5721 1942 5760 cum
1998 5706 2081 5759 itt-

496 5804 634 5868 tnria
703 5810 760 5857 et
821 5803 1156 5859 contumelia
1243 5808 1602 5869 perpetrant,
1661 5815 1782 5870 qua:
1828 5798 2082 5853 homines

495 5904 741 5963 egestate
797 5903 1061 5961 coactos,
1113 5903 1163 5950 et
1209 5893 1547 5949 abundantia
1594 5894 1916 5950 facultatum
1950 5893 2083 5948 alie-

2188 5246 2646 5318 προσομιλήσωσι
2676 5247 2870 5309 κακοῖς
2896 5261 2911 5276 ’
2943 5245 3105 5298 τοῦτο
3133 5244 3179 5298 δ’
3212 5245 3297 5298 ὅτι
3322 5246 3417 5298 καὶ
3439 5243 3753 5296 Θεσσαλονι-

2185 5337 2351 5401 κέων,
2388 5336 2450 5389 οὺ
2485 5337 2648 5408 μόνον
2679 5336 2714 5406 ή
2743 5334 2995 5406 στρατιὰ,
3024 5336 3074 5388 οἳ
3104 5330 3250 5406 ἦσαν
3278 5334 3381 5388 οὐκ
3409 5332 3600 5400 ὀλίγοι,
3625 5325 3755 5384 ἀλλὰ

2187 5429 2283 5482 καὶ
2314 5427 2426 5481 τῶν
2469 5424 2708 5480 πολιτῶν
2733 5427 2784 5480 ot
2831 5425 3048 5480 δυνατοὶ
3086 5425 3155 5479 τὰ
3190 5423 3457 5496 βασιλέως
3483 5415 3577 5475 τοῦ
3618 5422 3753 5474 Καν-

2185 5515 2522 5588 τακουξηνοῦ
2547 5517 2816 5589 ᾑρημένοι
2845 5519 2982 5588 πρὶς
2998 5515 3264 5588 ἀμέλειαν
3291 5516 3484 5587 ἐνῆγον
3503 5509 3583 5577 οἷς
3605 5510 3752 5582 έθάῤ·

2187 5615 2269 5685 ῥει
2297 5613 2386 5666 ὅτε
2427 5610 2673 5681 βούλοιτο
2724 5611 3088 5682 περιέσεσθαι
3135 5607 3245 5662 τῶν
3277 5605 3564 5681 Ζηλωτῶν.
3606 5601 3752 5657 Ἐπεὶ

2186 5707 2242 5760 δὲ
2270 5707 2469 5760 ἐκεῖνοι
2497 5705 2584 5760 διὰ
2619 5708 2719 5776 τὴν
2755 5703 3015 5776 μέλλησιν
3049 5701 3263 5757 ἐκείνου
3293 5699 3436 5774 ἦσαν
3466 5698 3566 5752 οὐκ
3593 5694 3752 5748 εὐκα-

2189 5801 2549 5870 ταφρόνητοι,
2597 5799 2693 5853 καὶ
2730 5799 2822 5851 τὸν
2871 5797 3044 5868 δῆμον
3086 5796 3420 5868 άνηρέθισαν
3465 5789 3602 5845 κατὰ
3655 5785 3756 5840 τῶν

2191 5890 2460 5957 δυνατῶν,
2491 5891 2583 5946 τοῦ
2617 5890 3112 5963 πρωτοστράτορος
3160 5889 3260 5956 ήδη
3321 5882 3663 5956 ἐγνωσμένου
3694 5878 3756 5933 τὰ
