4054 6436
306 464 414 529 925

1438 470 1721 532 IIISTOB
1735 467 1982 528 IARUM
2025 467 2258 528 LIBER
2305 467 2413 530 lIl.

3447 460 3558 521 9&6

305 574 772 644 Καντακουζηνοῦ
802 575 896 628 τοῦ
951 576 1218 646 βασιλέως
1260 578 1416 650 δρᾷν,
1465 579 1787 646 ἐπιθέμενοι
1815 580 1879 633 ἀ·

1991 588 2186 628 narum
2215 573 2464 630 irritatos
2487 582 2902 645 perpetraturos
2926 585 3070 634 esse,
3102 569 3207 625 fuit
3235 567 3555 623 verisimile.

306 668 490 739 θρόον,
507 666 856 733 ἐξελαύνουσι
884 668 984 737 τῆς
1026 668 1238 732 πόλεως
1273 673 1404 740 περὶ
1433 670 1639 740 χιλίους
1669 670 1831 734 ὄντας
1857 687 1873 702 ο

305 758 585 829 συμϐολῆς
623 758 810 830 ὀλίγης
846 761 1148 836 γενομένης
1183 762 1253 815 δι’
1284 763 1726 834 ἀκροδολισμῶν,
1763 759 1877 837 ἓ.νῇ

307 845 540 930 καὶτῶν
592 847 1082 918 πρωτοστράτορος
1128 849 1357 903 οἰκετῶν
1411 851 1660 918 ὲγένοντο
1708 852 1879 920 ὀλίγοι

307 933 648 1017 τραυματίαι
676 951 691 967 ·
719 934 972 989 ἑάλωσαν
993 935 1050 990 δὲ
1080 938 1176 992 καὶ
1217 938 1326 991 τῶν
1356 939 1598 993 δυνατῶν
1636 941 1802 1000 τινὲς.
1829 938 1879 992 οἳ

305 1029 408 1080 υύκ
437 1027 789 1098 ἠδυνήθησαν
823 1033 942 1094 τοῖς
969 1030 1148 1093 ἄλλοις
1179 1033 1246 1101 τῇ
1292 1031 1485 1104 πρώτῃ
1524 1035 1880 1087 συνεκπεσεῖν

307 1119 456 1187 ὁρμῇ
482 1135 496 1149 ο
529 1119 619 1186 ὑφ’
646 1120 860 1184 ἑαυτοῖς
886 1120 942 1174 δὲ
970 1122 1022 1174 οί
1061 1123 1308 1193 Ζηλωταὶ
1341 1124 1440 1194 τὴν
1470 1125 1626 1179 πόλιν
1649 1124 1883 1196 ποιησάυ

309 1227 492 1281 μενοι,
528 1210 848 1280 ἐτράπησαν
877 1215 960 1276 είς
986 1214 1086 1278 τάς
1111 1217 1291 1279 οίκίας
1320 1216 1429 1270 τῶν
1469 1217 1748 1285 φυγάδων,
1785 1215 1882 1269 καὶ

307 1300 478 1362 αὐτάς
501 1317 560 1375 τε
593 1300 888 1372 καθῄρουν,
921 1306 1017 1359 καὶ
1062 1307 1162 1370 τὰς
1193 1307 1382 1370 ούσίας
1427 1309 1750 1379 διήρπαζον,
1785 1308 1884 1361 καὶ

309 1391 480 1446 τᾶλλα
533 1391 960 1460 ἒπραττον,ὅσα
991 1393 1060 1466 ἦν
1113 1399 1261 1463 είκδς
1310 1401 1506 1464 αὐτοὺς
1558 1400 1882 1470 ἀνθρώπους

312 1483 421 1536 ὑπὸ
451 1484 639 1547 πενίας
668 1486 1182 1557 συνελαυνομένους,
1214 1493 1307 1544 καὶ
1334 1496 1416 1555 είς
1450 1492 1608 1562 ὕϐριν
1635 1492 1885 1561 ὲξενηνευ

305 1575 550 1654 ¹γμένους
573 1576 661 1630 διά
685 1576 784 1648 τὴν
844 1577 1054 1650 ἀθρόαν
1099 1583 1374 1650 εὐπορίαν.
1407 1583 1503 1644 Είς
1540 1583 1795 1636 τοσοῦτον
1824 1582 1882 1636 δὲ

308 1668 569 1729 ἀπονοίας
597 1671 693 1722 καὶ
720 1670 926 1740 τόλμης
972 1666 1157 1741 ἦλθον,
1187 1671 1330 1726 ὥστε
1359 1674 1455 1729 καί
1501 1690 1585 1727 τοι
1614 1673 1682 1727 τὰ
1710 1674 1883 1728 δεινός

219 1769 228 1776 ‘
308 1776 448 1814 τατα
472 1760 802 1830 τολμῶντες,
837 1763 1072 1833 σταυρὸν
1112 1766 1178 1819 ἐκ
1206 1764 1320 1818 τῶν
1349 1766 1514 1835 ἱερῶν
1548 1765 1758 1820 ἀδύτων
1785 1767 1884 1839 άρ-

1992 665 2073 719 Εο
2127 673 2314 720 autem
2365 666 2619 721 audaciae
2656 663 3024 732 amentiaque
3078 661 3407 731 prodierunt
3436 699 3452 724 ,
3502 670 3562 714 ut

1983 757 2150 814 etiam
2201 757 2260 811 in
2315 757 2512 828 primis
2555 755 2790 810 nefanda
2836 754 3285 817 committerent,
3337 765 3560 804 crucem

1985 865 2051 905 ex
2083 837 2267 906 sacris
2295 848 2472 920 adytis
2504 857 2786 918 raperent,
2815 861 2990 916 eaque
3023 859 3122 914 pro
3151 843 3308 912 signo
3339 841 3560 896 militari

1987 947 2276 995 uterentur
2301 979 2316 1002 ,
2368 938 2472 992 sub
2502 953 2613 1008 quo
2647 953 2704 992 se
2741 936 2980 990 militare
3031 933 3430 996 autumabant,
3465 931 3560 1000 qui

1987 1029 2169 1098 potius
2220 1029 2290 1083 ab
2347 1028 2572 1082 inimico
2629 1027 2812 1082 crucis
2876 1025 3115 1096 possessi
3187 1023 3563 1094 agitabantur.

1986 1118 2141 1185 Quod
2177 1119 2223 1173 si
2263 1119 2350 1174 cui
2395 1133 2520 1173 cum
2554 1118 2739 1186 aliquo
2769 1117 2981 1185 privata
3011 1116 3083 1170 lis
3134 1123 3192 1170 et
3247 1119 3564 1168 controveré

1986 1211 2069 1266 sia
2109 1209 2484 1264 intercederet
2512 1251 2526 1272 ,
2579 1217 2733 1274 rapta
2769 1223 2933 1263 cruce
2959 1247 2976 1269 ,
3028 1206 3180 1262 velut
3208 1220 3270 1259 ea
3294 1203 3524 1274 iubente
3544 1243 3560 1267 ,

1993 1301 2310 1369 populoque
2341 1299 2751 1354 inconsiderato
2779 1299 2988 1367 impetu
3039 1304 3096 1352 et
3127 1295 3267 1350 lucri
3287 1294 3562 1348 desiderio

1989 1397 2361 1458 prosequente
2390 1425 2407 1450 .
2441 1389 2508 1442 ad
2540 1388 2762 1442 domum
2793 1389 2918 1457 ejus
2953 1385 3250 1449 tendebat,
3283 1398 3446 1452 quam
3476 1396 3564 1435 re-

1990 1487 2153 1550 pente
2186 1479 2336 1534 dirui
2368 1495 2398 1532 a
2431 1478 2810 1533 fundamentis
2851 1478 3163 1546 oportebat.
3193 1475 3276 1530 Ad
3333 1475 3560 1528 biduum

1986 1570 2171 1640 itaque
2226 1571 2536 1626 triduumve
2583 1569 2974 1625 Thessalonica
3018 1583 3126 1622 non
3169 1581 3330 1622 secus
3396 1579 3562 1634 quam

1989 1663 2057 1718 ab
2093 1662 2357 1718 hostibus
2409 1661 2753 1726 vastabatur,
2816 1660 3066 1728 nihilque
3090 1657 3234 1726 quod
3265 1655 3440 1725 captis
3473 1671 3567 1708 ur-

1989 1753 2153 1808 bibus
2181 1753 2341 1816 solet.
2372 1767 2484 1808 non
2524 1752 2692 1807 etiam
2741 1751 2858 1806 illic
2893 1750 3009 1805 fieri
3049 1747 3398 1803 cernebatur.
3429 1746 3564 1801 Nam

307 1853 602 1918 πάζοντες,
637 1853 880 1924 ἐχρῶντο
917 1854 1111 1927 ὥσπερ
1163 1857 1400 1927 σημαία,
1430 1858 1526 1912 καὶ
1565 1857 1673 1910 ὑπὸ
1708 1838 1883 1928 τούτῳ

1991 1843 2230 1899 victores
2279 1851 2446 1898 noctu
2517 1851 2575 1896 et
2625 1841 2862 1896 interdiu
2941 1841 3204 1911 gregatim
3241 1838 3566 1894 obambula-

307 1943 498 2012 ἔλεγον
529 1946 980 2016 στρατηγεῖσθαι,
1025 1924 1090 2001 οί-
1120 1924 1486 2019 τῷήπολεμίῳ
1538 1949 1741 2018 μᾶλλον
1785 1924 1880 2003 τού

1991 1935 2119 1990 bant
2145 1975 2160 2001 ,
2194 1944 2251 1990 et
2281 1932 2620 1987 clamoribus
2673 1946 2773 1986 sua
2815 1930 3016 2001 gaudia
3069 1928 3434 1987 testabantur,
3472 1941 3565 1980 ca-

310 2035 550 2106 σταυροῦ
600 2037 868 2108 ἀγόμενοι
891 2054 904 2070 ·
939 2040 1037 2092 καὶ
1079 2040 1133 2093 εί
1177 2056 1262 2102 τις
1297 2041 1435 2110 πρός
1471 2057 1594 2093 τινα
1624 2040 1688 2094 ἐκ
1721 2057 1886 2096 τινων

199 2123 224 2136 ”
313 2127 461 2184 ίδίων
489 2128 854 2197 ἐγκλημάτων
879 2128 1184 2200 διεφέρετο,
1213 2133 1306 2185 τὸν
1337 2132 1572 2201 σταυρὸν
1599 2133 1884 2203 ἁρπάζων,

315 2218 512 2288 ἐχώρει
543 2219 684 2274 κατά
714 2221 816 2291 τῆς
845 2222 1045 2286 οἰκίας,
1079 2221 1156 2285 ὡς
1183 2222 1248 2292 δὴ
1282 2221 1372 2276 τοῦ
1415 2225 1652 2293 σταυροῦ
1699 2223 1888 2277 κελεύ-

316 2327 505 2375 οντος’
546 2315 640 2368 καὶ
667 2309 736 2384 ἦν
765 2314 934 2378 εὐθὺς
966 2316 1184 2385 ἀνάγκη
1225 2317 1290 2369 ὲκ
1330 2316 1595 2385 θεμελίων
1641 2317 1888 2371 ἀνασπᾶ-

316 2405 467 2469 σθαι,
501 2403 643 2474 ὁρμῇ
677 2422 738 2458 τε
787 2405 1061 2476 ἀλογίστῳ
1097 2407 1193 2459 καὶ
1224 2406 1449 2476 κέρδους
1483 2409 1752 2478 ἐπιθυμίᾳ
1792 2407 1886 2461 τοῦ

312 2491 491 2562 δήμου
536 2493 804 2563 ἑπομένου
826 2510 842 2529 ο
893 2497 990 2548 ἐπὶ
1021 2495 1116 2550 δύο
1145 2497 1245 2565 μὲν
1288 2492 1381 2550 οὖν
1415 2497 1510 2551 καὶ¹
1531 2499 1710 2566 τρισὶν
1750 2497 1888 2568 ἠμέ-

311 2598 436 2651 ραις
461 2583 496 2654 ή
527 2583 899 2654 Θεσσαλονίκη
928 2585 1120 2657 ῶσπερ
1159 2587 1266 2642 ὑπὸ
1314 2588 1592 2657 πολεμίων
1623 2589 1847 2661 ὲδῃοῦτο
1867 2605 1884 2622 ο

307 2674 407 2728 καὶ
446 2675 600 2732 οὐδὲν
631 2671 700 2746 ἦν
749 2678 778 2730 ὅ
811 2695 865 2732 τι
919 2679 992 2749 μὴ
1041 2679 1370 2752 τελούμενον
1397 2683 1586 2753 ὼρᾷτο
1635 2684 1745 2736 τῶν
1794 2683 1891 2738 ἐπὶ

311 2763 514 2817 ἁλώσει
547 2769 853 2834 γινομένων
893 2769 1105 2823 πόλεων
1126 2787 1142 2805 ο
1193 2771 1248 2825 οἵ
1281 2789 1342 2826 τε
1371 2772 1483 2844 γὰρ
1513 2773 1890 2843 κρατήσαντες

315 2855 534 2926 νύκτωρ
577 2858 674 2911 καὶ
702 2858 826 2926 μεθ’
873 2861 1091 2930 ἡμέραν
1123 2862 1268 2916 κατά
1298 2864 1594 2927 συστάσεις
1636 2863 1886 2929 διιόντες,

319 2947 467 3018 βοαῖς
491 2950 733 3020 ἐχρῶντο
759 2953 852 3004 καὶ
885 2953 1246 3024 ἀλαλαγμοῖς,
1280 2955 1376 3008 καὶ
1419 2955 1489 3008 τὰ
1519 2956 1629 3010 τῶν
1658 2957 1891 3009 ἑαλωκό-

315 3056 424 3092 των
451 3035 587 3109 ἦγόν
620 3057 681 3093 τε
735 3041 832 3094 καὶ
869 3042 1066 3111 ἔφερον
1089 3057 1105 3073 ⁸
1144 3044 1236 3097 καὶ
1269 3045 1320 3097 οί
1364 3045 1736 3115 νενικημένοι,
1771 3045 1892 3098 στέ-

314 3146 499 3190 νοντες
528 3131 586 3182 ὲν
640 3130 858 3194 ἀδύτοις
895 3132 1365 3201 κατεκρύπτοντο,
1400 3132 1682 3202 ἀγαπητὸν
1711 3132 1888 3203 ἡγού-

313 3238 469 3290 μενοι
500 3223 581 3276 ὅτι
613 3223 689 3293 μὴ
718 3223 914 3276 αὐτίκα
947 3223 1376 3293 ἀποθνήσκοιεν.
1413 3226 1570 3278 Ἐπεὶ
1599 3225 1656 3278 δὲ
1682 3217 1756 3278 ὧν
1776 3223 1888 3277 ἔδει

1988 2036 2322 2098 ptorumque
2376 2040 2465 2078 res
2497 2023 2733 2092 agebant
2781 2023 3137 2089 ferebantque
3170 2036 3186 2084 ;
3219 2027 3274 2072 et
3306 2017 3432 2070 victi
3467 2031 3562 2082 ge-

1991 2126 2205 2172 mentes
2258 2117 2313 2170 in
2371 2115 2626 2170 abstrusa
2679 2115 2801 2168 loca
2854 2127 2914 2167 se
2959 2111 3274 2174 abdebant,
3314 2109 3421 2162 hoc
3454 2122 3565 2161 uno

1995 2208 2284 2271 contenti,
2350 2206 2499 2277 quod
2540 2221 2651 2260 non
2703 2205 2822 2260 sine
2871 2219 3024 2258 mora
3074 2211 3260 2258 essent
3302 2199 3564 2270 jugulati.

1989 2298 2300 2355 interfectis
2345 2298 2514 2354 etiam
2546 2338 2560 2357 .
2593 2313 2734 2366 quos
2783 2295 2964 2352 visutn
2993 2301 3082 2349 est
3109 2291 3369 2356 interfici,
3405 2299 3566 2360 post-

1989 2406 2154 2460 quam
2201 2389 2472 2444 tumultus
2521 2388 2879 2458 conquievit,
2913 2385 3103 2441 zelota:
3123 2399 3190 2440 ex
3215 2381 3480 2437 mendicis
3510 2391 3568 2437 et

1989 2481 2241 2537 obscuris
2262 2479 2484 2546 divites,
2506 2488 2671 2550 atque
2691 2479 2934 2532 illustres
2969 2483 3198 2545 repente
3215 2472 3367 2538 facti,
3385 2472 3568 2527 omnia

1989 2590 2090 2645 per
2119 2588 2179 2629 se
2209 2572 2518 2628 curabant:
2551 2579 2608 2625 et
2655 2571 2936 2624 tenuiores
2978 2568 3134 2621 cives
3182 2565 3568 2623 sollicitantes.

1991 2675 2086 2722 aut
2118 2679 2306 2720 secum
2336 2663 2631 2717 inhoneste
2666 2661 2853 2715 vivere
2887 2657 3158 2729 cogebant
3186 2697 3200 2720 ,
3252 2665 3348 2710 aut
3375 2669 3568 2710 eorum

1991 2755 2453 2815 moderationem,
2483 2752 2910 2822 aequitatemque
2938 2763 3036 2817 pro
3067 2745 3570 2802 Cantacuzenismo

1997 2847 2356 2906 accusabant.
2385 2846 2567 2914 Atque
2597 2844 2711 2898 haec
2741 2838 3168 2896 Thessalonicae.
3192 2837 3572 2891 Protostrator

1990 2953 2126 2993 vero
2160 2952 2286 2994 cum
2357 2935 2532 2990 milite
2598 2943 2653 2987 et
2690 2931 3047 3002 optimatibus
3092 2929 3320 2998 pulsus,
3373 2925 3572 2995 Gyna-

1991 3039 2307 3085 cocastrum
2341 3027 2494 3080 venit
2532 3023 2702 3094 (quod
2737 3023 2916 3092 ipsum
2973 3020 3128 3090 prius
3161 3019 3425 3073 collocato
3459 3016 3566 3070 ibi-

1991 3118 2116 3171 dem
2167 3115 2426 3186 praesidio
2456 3153 2469 3171 .
2523 3123 2585 3166 ut
2613 3111 3021 3167 Thessalonicae
3072 3107 3330 3176 praefecto
3380 3106 3565 3176 subje-

1992 3218 2140 3264 ctum
2179 3207 2421 3271 tenebat)
2455 3205 2641 3274 ibique
2669 3217 2896 3256 manens
2917 3243 2932 3264 ,
2952 3197 3395 3253 Thessalonicam
3432 3211 3570 3263 prm-

313 3257 469 3290 μςνιυδ
501 3257 581 3276 Vbi
613 3257 689 3293 μη
718 3257 914 3276 “Usen;
947 3257 1376 3293 υιιυιυνιισδυιῦνι
1431 3257 1570 3278 ιυιιςι
1599 3257 1656 3278 υς
1682 3257 1756 3278 ων
1776 3257 1888 3277 θυι-ιι

311 3315 728 3386 διεφθαρμένων
759 3314 1030 3369 παύσαιτο
1059 3318 1090 3386 ἠ
1133 3317 1372 3388 ταραχὴ,
1401 3319 1450 3370 οξ
1493 3317 1741 3388 Ζηλωταὶ
1785 3315 1888 3370 αὐ.

1996 3297 2085 3353 dis
2133 3294 2366 3371 agundis
2403 3257 2676 3356 vexabat,
2729 3300 2787 3346 et
2817 3257 3085 3359 quantum
3131 3294 3252 3342 erat
3302 3257 3570 3356 agri-ejus

308 3378 442 3460 τίκα
461 3378 527 3458 tx-
552 3378 904 3460 πενεστάτων
927 3408 1021 3460 καὶ
1057 3378 1569 3476 άτίμῶνηπλούσιοι
1601 3409 1692 3462 καὶ
1737 3424 1888 3479 περι-

1991 3399 2146 3446 extra
2200 3401 2392 3442 muros
2418 3425 2434 3452 ,
2481 3385 2742 3440 infestum
2775 3382 3054 3447 habebat;
3087 3378 3155 3434 ad
3193 3378 3567 3432 resistendum

313 3500 507 3568 φανεῖς
553 3500 912 3569 γεγενημένοι
967 3468 1169 3553 πάντα.
1208 3497 1342 3570 ἦγον
1380 3501 1449 3554 δι⁹
1501 3501 1731 3563 ἑαυτῶν,
1793 3468 1888 3555 καὶ

1991 3483 2142 3538 enim
2199 3479 2396 3534 incolae
2452 3489 2797 3545 nequaquam
2818 3487 2976 3544 pares
3027 3481 3205 3526 erant.
3239 3468 3571 3541 4776³1]-

311 3591 444 3652 τοὺς
482 3590 680 3660 μέσους
723 3590 993 3662 μετῄεσαν
1023 3591 1131 3644 τῶν
1173 3558 1491 3664 πολιτῶν,ἢ
1544 3558 1888 3662 συνασγημο-

1993 3581 2259 3627 tacuzeno
2317 3577 2504 3624 autem
2554 3567 2736 3621 adhuc
2813 3578 2985 3634 prope
3040 3560 3390 3617 Chalcidicen
3454 3558 3572 3613 ha:-

309 3684 429 3735 νεῖν
474 3649 881 3750 ἀναγκάζοντες
927 3683 1137 3745 αὐτοῖς,
1170 3683 1203 3752 ἢ
1239 3683 1341 3752 τὴν
1375 3649 1888 3752 σῶςρροσύνηνϊκαῖ

1991 3665 2137 3721 renti
2167 3662 2478 3733 significat,
2523 3675 2582 3714 se
2641 3657 2803 3728 plebe
2827 3665 2884 3710 et
2917 3655 3137 3708 .zelotis
3192 3649 3574 3721 compellenti-

308 3773 417 3843 τὴν
446 3773 753 3827 ἐπιείκειαν
785 3775 860 3838 ὼς
889 3741 1888 3844 Καντακουξηνισμδν’ὲιπικαλοῦντεςε

1993 3757 2100 3811 bus
2172 3751 2562 3810 Thessalonica
2649 3749 2886 3820 ejectum
2941 3761 3107 3810 esse;
3187 3743 3351 3798 simul
3404 3741 3571 3794 etiam

327 3832 419 3914 ’έν
447 3861 818 3935 Θεσσαλονίκῃ
841 3832 953 3933 -μὲν
980 3859 1076 3918 οὖν
1109 3832 1336 3917 τοιαύτα
1357 3832 1630 3918 έτελεῖτο.
1678 3832 1888 3934 Πρωτο-

1999 3861 2155 3916 spem
2205 3859 2317 3898 non
2354 3841 2638 3896 minimam
2689 3837 3080 3899 subostenilit,
3137 3835 3182 3888 si
3219 3832 3571 3894 acceleraret,

311 3954 572 4025 στράτωρ
597 3954 654 4007 δὲ
676 3924 964 4024 έπείμετά
986 3955 1086 4026 τῆς
1113 3957 1381 4026 στρατιᾶς
1406 3955 1506 4009 καὶ
1529 3955 1637 4009 τῶν
1659 3924 1888 4026 ἀρίστων

2000 3937 2281 4008 indigenis
2322 3934 2562 3990 necdum
2585 3931 2846 3986 omnibus
2873 3927 3120 3984 efferatis
3145 3929 3326 3996 (erant
3346 3924 3572 3992 quippe,

313 4016 660 4116 ἐξηλαύνετο,
703 4047 785 4109 είς
827 4016 1319 4119 Τυναικύκαστρον
1362 4016 1738 4118 ’ἀφικόμενος-ν
1795 4064 1888 4100 κα·

2003 4029 2098 4099 qui
2153 4028 2274 4099 ejus
2307 4026 2544 4096 partium
2591 4021 2871 4087 studiosi,
2919 4026 3126 4074 zeiotas
3153 4016 3574 4078 aversabantur,

313 4106 465 4207 τεῖγε
501 4141 610 4207 γὰρ
637 4106 896 4191 αὐτὸ-καὶ
941 4106 1240 4207 πρότερον.
1273 4106 1516 4208 φρουρᾷ,
1547 4106 1642 4192 οἷα
1685 4106 1751 4206 δὴ
1791 4136 1888 4189 ὑπὸ

1997 4129 2054 4175 et
2083 4117 2332 4189 potentia
2377 4131 2573 4171 eorum
2621 4113 2714 4184 qui
2763 4112 2895 4166 foris
2949 4119 3156 4173 essent,
3192 4109 3299 4162 levi
3354 4106 3577 4175 negotio

311 4197 436 4299 tif)"
469 4197 876 4298 Θεσσαλονίκης
912 4197 1135 4300 apio“;
1176 4197 1367 4293 σίωθδς
1412 4197 1614 4293 τελεῖν,
1648 4197 1888 4298 ηύλίζετι

2001 4212 2284 4268 civitatem
2341 4207 2726 4263 subacturum.
2775 4204 3077 4272 Imperator
3117 4199 3283 4269 igitur
3339 4197 3578 4251 infortu-

314 4287 460 4384 ἐκεῖ,
483 4324 582 4376 καὶ
602 4321 789 4382 κακῶς
817 4287 1418 4390 ἐποίέιηθεσσαλονίκην
1439 4287 1888 4389 ληϊζόμενοςίκαῒ

2002 4305 2115 4359 niis
2136 4302 2372 4356 obrutus
2418 4297 2732 4352 videbatur.
2789 4293 3199 4346 Verumtamen
3235 4288 3288 4342 in
3329 4287 3578 4342 omnium

315 4409 502 4478 πάσης
524 4378 865 4477 ἑκράτεάῆς
891 4407 998 4471 ἔξω
1035 4406 1234 4477 τειχῶν
1269 4378 1409 4477 γῆς’·
1429 4378 1888 4474 ἀντικαταστῆναι

2002 4393 2352 4450 moderatore
2390 4389 2503 4442 Deo
2578 4385 2771 4440 salutis
2838 4391 2894 4437 et
2941 4381 3188 4434 victoriae
3238 4394 3336 4448 spe
3373 4378 3580 4443 deﬁxa,

315 4503 432 4574 γὰρ
459 4465 608 4572 ’πρὸς
640 4465 904 4565 coite/{Em
934 4465 1154 4568 ὀὐδαμῇ
1195 4500 1244 4550 oi
1280 4465 1449 4550 ’ἔνδον
1484 4493 1626 4568 ἦσαν
1657 4465 1888 4551 δυνατοί.

2002 4501 2128 4541 cum
2159 4482 2361 4539 Chrele
2408 4494 2507 4550 pro
2559 4486 2806 4546 tempore
2853 4465 3198 4536 collocutus,
3244 4479 3302 4525 et
3349 4483 3475 4523 cum
3507 4483 3584 4522 eo

319 4561 668 4663 έεέτεμὲτέδι
701 4561 956 4661 καὶπρὸς
1012 4561 1468 4660 xcv-raucoquva
1508 4561 1622 4642 ,τὸν
1669 4588 1888 4659 βασιλέα

2002 4578 2151 4633 diem
2207 4581 2444 4646 pactus,
2508 4586 2617 4641 quo
2665 4568 2832 4623 rebus
2883 4565 3034 4620 domi
3079 4561 3365 4632 dispositis
3394 4571 3578 4644 atque

315 4683 452 4752 περὶ
472 4652 839 4750 ’Χαλκηδίκην
983 4652 1508 4748 διατρίδονταίᾶμα
1544 4679 1643 4748 μὲν
1669 4652 1888 4749 ’μηνύων

2003 4667 2276 4724 ordinatis
2337 4664 2402 4719 ad
2474 4678 2535 4718 se
2589 4661 2804 4716 veniret
2851 4675 2867 4712 :
2925 4653 3125 4711 deinde
3159 4669 3230 4716 ex
3283 4652 3581 4722 manipulis

309 4743 709 4842 ὡίὲκῦληθείη
743 4743 1152 4838 Θέσσαλονίκης
1186 4768 1283 4822 τοῦ
1311 4743 1484 4840 δήμου
1530 4743 1624 4824 καὶ
1798 4771 1888 4838 Ζη·

2005 4761 2158 4816 illius
2191 4774 2300 4812 non
2332 4755 2528 4826 paucis
2557 4749 2858 4819 assumptis
2883 4787 2899 4813 ,
2939 4746 3145 4817 quibus
3174 4760 3335 4800 suum
3363 4743 3576 4799 exerci-

312 4835 508 4918 λωτῶν
561 4835 712 4931 ἀὺτῷ
765 4835 1128 4929 ἐπιθεμένων,
1176 4859 1294 4929 ἅμα
1331 4835 1396 4913 δέ
1441 4860 1538 4913 καὶ
1580 4858 1806 4921 ἐλπίδας
1837 4835 1888 4910 οι

2004 4862 2122 4907 ιιιιιι
2169 4855 2396 4920 augeret
2433 4888 2449 4912 ,
2526 4844 2594 4900 ad
2651 4849 3111 4914 protostratorem
3166 4837 3466 4892 festinavit.
3519 4835 3580 4889 lu

315 4954 532 5025 φαύλας
581 4952 919 5020 ὑποφαίνων,
939 4951 1016 5013 ὡς
1045 4951 1094 5002 εἰ
1123 4949 1492 5018 παραγένοιτο
1519 4949 1754 5019 ταχέως,
1788 4948 1901 5002 τῶν

315 5064 382 5102 τε
404 5046 549 5100 ἔνδον
573 5045 759 5098 οὐκέτι
790 5042 1138 5095 παντάπασιν
1162 5040 1730 5107 ἐκπεπολεμωμένων
1758 5036 1900 5110 ἦσαν

315 5141 433 5208 γὰρ
450 5139 532 5192 ἔτι
552 5137 600 5192 οἳ
632 5137 700 5191 τά
731 5136 994 5207 βασιλέως
1020 5134 1286 5206 ᾑρημένοι
1311 5133 1426 5186 δέει
1453 5133 1770 5187 συνείποντο
1786 5135 1902 5195 τοῖς

317 5233 608 5302 Ζηλωταῖς
634 5228 853 5284 καὶτῶν
891 5227 996 5292 ἔξω
1034 5229 1178 5296 μέγα
1209 5226 1524 5294 δυναμένων
1557 5227 1759 5295 ῥαδίως
1794 5243 1900 5280 πα-

321 5325 658 5397 ραστήσαιτο
690 5322 789 5391 τὴν
825 5321 1001 5374 πόλιν.
1047 5319 1271 5373 Βασιλεῖ
1306 5317 1407 5388 μὲν
1430 5317 1526 5370 οὖν
1550 5318 1725 5371 ἐδόκει
1759 5319 1898 5374 πάν-

317 5417 477 5472 τοθεν
533 5413 919 5486 περιΐστασθαι
975 5413 1165 5477 δεινά,
1215 5413 1368 5482 ὅμως
1424 5411 1519 5464 ἐπὶ
1572 5412 1664 5464 τὴν
1718 5411 1899 5466 πάντα

317 5509 524 5574 ἄγοντα
555 5505 689 5560 Θεὸν
737 5505 835 5567 τάς
884 5504 1106 5566 ἐλπίδας
1139 5503 1240 5573 τῆς
1267 5503 1542 5574 σωτηρίας
1573 5502 1667 5556 καὶ
1695 5503 1794 5572 τῆς
1818 5501 1900 5554 νί-

318 5617 426 5670 κης
461 5599 732 5661 ἀνατιθεὶς
761 5597 897 5667 πρὸς
927 5597 1146 5666 Χρέλην
1187 5598 1288 5649 ὅσα
1312 5596 1424 5649 ἔδει
1455 5593 1761 5666 διαλεχθεὶς
1802 5594 1899 5648 καὶ

316 5693 667 5762 προθεσμίαν
714 5691 1061 5762 συνθέμενος,
1095 5690 1216 5743 καθ’
1256 5689 1324 5761 ἢν
1355 5689 1463 5742 ἔδει
1492 5688 1562 5741 τὰ
1591 5687 1730 5740 οῐκοι
1777 5686 1896 5739 δια-

321 5785 553 5853 θέμενον
586 5781 882 5850 ἀφικέσθαι
929 5779 1065 5848 πρὸς
1113 5777 1276 5831 αὐτόν
1300 5791 1318 5810 ο
1370 5793 1531 5828 πειτα
1568 5774 1664 5828 καὶ
1694 5775 1757 5826 ὲκ
1796 5774 1896 5842 τῆς

320 5876 535 5932 ἐκείνου
594 5874 855 5945 στρατιᾶς
909 5873 1009 5927 ούκ
1042 5871 1233 5943 ὀλίγην
1267 5869 1599 5942 παραλαὸὼν
1632 5869 1748 5940 ἅμα
1780 5869 1893 5930 τοῖς

2001 4943 2236 4996 transitu
2268 4936 2595 5007 oppidulum
2643 4933 2924 5003 quoddam
2951 4928 3250 4992 Rhentina,
3288 4926 3583 4982 Thessalo-

2001 5031 2126 5086 nica
2177 5029 2344 5083 unius
2375 5027 2484 5080 diei
2518 5025 2717 5080 itinere
2745 5021 2976 5086 distans,
2997 5020 3144 5074 ultro
3175 5020 3229 5073 iu
3265 5018 3383 5089 ejus
3413 5017 3580 5072 ditio-

2001 5139 2128 5178 nem
2176 5120 2364 5186 venit;
2407 5118 2500 5173 ubi
2555 5115 2814 5186 praefecto
2865 5123 2992 5168 cum
3028 5111 3280 5166 ducentis
3312 5110 3587 5164 militibus

2001 5213 2243 5285 priesidii
2291 5225 2455 5266 causa
2507 5208 2756 5272 relictis.
2810 5219 3045 5277 pergens
3103 5202 3370 5272 Laugadze
3433 5201 3589 5255 haud

1999 5307 2191 5379 procul
2240 5302 2634 5361 Thessalonica
2693 5299 2951 5354 tetendit.
3005 5296 3201 5352 Manus
3253 5307 3420 5363 porro
3482 5293 3583 5361 By-

2003 5404 2247 5466 zantina,
2325 5398 2643 5455 Andronico
2688 5405 2745 5450 et
2802 5394 3016 5449 Thema
3086 5390 3410 5459 Pala'ologis
3472 5389 3590 5441 dus

1999 5497 2164 5551 cibus
2213 5509 2338 5549 cum
2380 5493 2590 5549 Pheras
2635 5489 2918 5550 venisset,
2973 5485 3237 5554 adjuncto
3286 5481 3454 5551 Syrge
3485 5479 3591 5549 qui-

1997 5588 2326 5644 Macedonas
2346 5584 2582 5640 ducebat
2605 5623 2624 5648 ,
2660 5592 2716 5638 et
2745 5580 3005 5651 praefecto
3042 5574 3410 5632 llonomaeho
3443 5585 3573 5624 cum

1954 5697 1958 5702 ‘
1997 5680 2278 5736 Thessalis
2307 5718 2322 5742 ,
2375 5674 2671 5747 praeteritis
2699 5666 3067 5727 Cautacuzeui
3116 5664 3333 5720 stativis
3353 5703 3368 5728 ,
3395 5661 3574 5715 Thes-

1997 5771 2295 5828 salonicam
2333 5769 2513 5823 inivit.
2575 5766 2875 5834 Imperator
2923 5768 3085 5814 nocte.
3121 5756 3197 5811 ibi
3231 5763 3421 5810 exacta
3449 5789 3464 5814 ,
3503 5766 3586 5806 ne

1997 5867 2216 5923 illorum
2249 5874 2393 5921 metu
2431 5863 2560 5918 inde
2605 5865 2893 5931 putaretur
2922 5849 3211 5909 discedere
3237 5891 3254 5920 ,
3289 5845 3578 5922 postridie
