4054 6436
229 335 337 398 93'.)

1381 332 1433 390 Il
1449 326 1938 390 lSTORlABUM
1982 325 2215 386 LIBER
2252 324 2370 384 III».

3401 319 3514 384 930

233 450 379 504 κέων
423 446 475 498 οῖ
515 445 587 498 τὰ
629 442 878 513 ἡμέτερα
924 441 1216 512 ᾑρημένοι,
1268 438 1359 504 οὓς
1410 438 1517 493 ἔδει
1542 439 1642 508 τὴν
1671 436 1830 490 πόλιν

1941 442 2064 496 tur,
2120 440 2174 486 et
2225 430 2322 500 qui
2375 427 2661 483 nubiseum
2715 424 2929 482 faciunt
2967 426 3514 492 Thessalonicenses.

229 540 458 612 ἔχοντας
495 538 697 608 εὑρεῖν,
727 535 917 589 καὶτὰ
962 535 1194 605 μέγιστα
1231 532 1561 603 ὠφελεῖσθαι
1611 531 1704 584 ὑπ’
1734 531 1832 584 αὐ-

226 631 366 696 τῶν,
411 629 655 700 δυσκόλῳ
694 627 834 702 τύχῃ
865 626 1225 698 χρησάμενοι,
1257 626 1646 696 ἐξελήλανται·
1679 625 1707 677 ὅ
1766 639 1830 676 τε

226 723 428 793 δῆμος,
446 723 541 775 καὶ
562 722 611 774 οί
647 720 1154 787 ὲναπολειφθέντες,
1183 718 1277 780 οὓς
1306 718 1612 789 ἠλπίζομεν
1643 719 1677 789 ἢ
1707 733 1830 769 πειο

232 818 321 870 θοῖ
342 813 738 887 προσάξεσθαι,
765 812 798 883 ἢ
830 813 1119 881 βιάσεσθαι
1147 814 1259 876 τοῖς
1292 813 1499 875 ὅπλοις,
1531 811 1620 864 διά
1641 828 1702 863 τε
1731 812 1831 873 τὰς

235 908 496 979 ἁρπαγὰς
516 908 649 978 ἡμῖν
673 907 737 958 ὲκ
773 904 1227 974 πεπολεμωμένοι
1276 904 1370 957 καὶ
1403 903 1735 974 θαρροῦντες
1761 905 1827 973 τῇ

231 1002 305 1053 ὲκ
341 996 639 1063 Βυζαντίου
671 997 921 1067 στρατιᾷ.
954 997 1015 1049 οὐ
1045 997 1543 1066 προσχωρήσουσιν
1566 996 1722 1064 ἡμῖν.
1764 995 1826 1047 Εἰ

233 1092 351 1164 γὰρ
378 1090 629 1160 ἔμελλον,
682 1090 784 1141 οὐκ
843 1088 910 1142 ἂν
953 1088 1047 1141 ἐπὶ
1095 1091 1195 1160 τῆς
1226 1087 1404 1158 πύλης
1429 1086 1608 1141 αὐτῶν
1642 1087 1829 1157 σχεδὸν

228 1179 813 1251 ἑστρατοπεδευμένου
876 1178 1150 1249 ἡσύχαζον
1208 1178 1395 1233 αὐτοί·
1460 1178 1641 1249 ἀλλ’ἢ
1690 1196 1830 1248 πρε-

236 1272 431 1327 σϐείαν
461 1263 782 1341 ποῗούμενοι
816 1273 993 1340 κοινῇ,
1028 1271 1061 1341 ἦ
1102 1271 1210 1341 ἰδίᾳ
1240 1270 1428 1341 κρύφα
1470 1270 1614 1333 τινὲς
1648 1270 1830 1323 αὐτῶν

229 1363 631 1432 διαλεγόμενοι,
678 1362 937 1433 παρῆσαν
978 1362 1067 1416 ἄν.
1121 1363 1196 1415 Τὸ
1229 1363 1286 1416 δὲ
1319 1363 1529 1434 μηδένα
1566 1362 1827 1429 ἐξελθεῖν,

234 1453 544 1523 τεκμήριον
581 1450 676 1504 τοῦ
721 1468 782 1504 τε
810 1451 938 1516 τοὺς
975 1451 1207 1516 πολλοὺς
1235 1453 1538 1522 ἐγνωκέναι
1570 1453 1830 1523 πολεμεῖν

237 1546 403 1616 ἡμῖν,
441 1545 537 1599 καὶ
569 1544 661 1597 τοῦ
691 1545 745 1598 εῖ
774 1561 918 1605 τινες
946 1544 1042 1598 καὶ
1074 1542 1184 1600 εἷεν
1214 1532 1483 1618 ᾑρημένοί
1528 1546 1598 1600 τὰ
1624 1546 1831 1618 ἡμέτε-

240 1653 339 1706 ρα,
374 1634 484 1688 δέει
512 1634 607 1688 τοῦ
667 1634 742 1706 μὴ
796 1635 984 1698 κακῶς
1035 1633 1231 1689 παθεῖν
1284 1635 1669 1706 συμφέρεσθαι
1714 1639 1832 1700 τοῖς

233 1725 445 1788 ἄλλοις.
489 1724 654 1777 Ὅθεν
676 1724 800 1779 οὐδὲ
825 1724 1054 1779 ἐλπίδων
1085 1726 1366 1797 ἀνονήτων
1400 1727 1562 1780 ἕνεκα
1592 1712 1832 1782 ἐνταῦθα

232 1815 423 1885 οἴομαι
456 1815 798 1885 παραμένειν
842 1815 977 1869 δεῖν.
1010 1818 1085 1870 Οὐ
1135 1818 1243 1887 μὴν
1272 1818 1364 1871 διὰ
1384 1820 1444 1872 τὸ
1487 1819 1591 1888 τῆς
1622 1820 1831 1884 πόλεως

233 1903 738 1971 ἀποτετυχηκέναι,
769 1901 864 1954 καὶ
897 1902 1037 1973 πρὸς
1062 1905 1130 1956 τὰ
1177 1905 1450 1975 λείποντα⁰
1474 1906 1683 1961 δίκαιον
1733 1908 1830 1962 τοῦ

235 1993 484 2060 πολέμου
526 1992 942 2063 μαλακίζεσθαι.
980 1994 1117 2050 Οὐδὲ
1151 1996 1259 2066 γὰρ
1311 1999 1431 2051 οὐδὲ
1486 1998 1623 2069 πρὸς
1652 1998 1831 2054 πάντα

237 2088 620 2157 εὐτυχήσομεν
649 2087 753 2141 ἀεί.
793 2087 1097 2158 Σωφρόνων
1126 2090 1182 2142 δέ
1227 2092 1374 2144 ἐστιν
1405 2089 1713 2161 ἀνθρώπων
1736 2092 1833 2146 καὶ

241 2178 512 2246 γενναίοις
542 2179 845 2249 χρωμένων
890 2180 1196 2250 λογισμοῖς,
1239 2183 1379 2251 μήτε
1416 2181 1473 2233 ἐν
1503 2183 1625 2244 ταῖς
1672 2182 1833 2235 εὐτυ-

244 2269 392 2341 χίαις
420 2269 512 2323 τοῦ
549 2272 774 2341 μετρίου
824 2271 1115 2340 φαίνεσθαι
1176 2274 1569 2339 ἐκπίπτοντας,
1613 2274 1740 2342 μήτ’
1775 2275 1834 2327 ἐν

245 2350 370 2423 ’ἑαῖς
425 2361 783 2430 δυσπραγίαις
843 2362 1217 2416 καταπίπτειν
1284 2363 1734 2433 ἀπαγορεύοντας
1770 2365 1833 2417 τὸ

239 2450 601 2520 ἀνορθοῦσθαι
627 2452 784 2514 αὖθις
806 2467 819 2481 ·
854 2452 991 2506 ἀλλά
1019 2452 1139 2507 δέον
1166 2453 1233 2506 τὰ
1265 2454 1499 2508 ἐνταῦθα
1523 2453 1599 2519 ὡς
1627 2456 1836 2527 προσῆ-

238 2562 338 2597 κον
360 2544 833 2615 διοικησαμένους,
869 2549 1071 2617 χωρεῖν
1124 2547 1218 2599 ἐπὶ
1260 2548 1328 2600 τὰ
1359 2549 1548 2618 πρόσω
1597 2566 1833 2619 χρηστοο

236 2638 409 2709 τέρας
434 2639 588 2708 ἡμῖν,
617 2638 709 2691 καὶ
739 2637 813 2701 ὡς
852 2639 1091 2708 μάλιστα
1144 2638 1411 2704 ἀσφαλεῖς
1465 2641 1833 2707 ὑποφαίνοντα

239 2731 487 2794 ἐλπίδας.
516 2731 649 2784 Δέον
666 2729 759 2785 οὖν
798 2731 910 2797 ἐγὼ
934 2732 1143 2801 νομίζω
1172 2735 1237 2803 τῇ
1284 2733 1366 2796 είς
1420 2733 1518 2802 τὴν
1552 2730 1833 2788 Ῥεντίναν

242 2822 711 2894 καταλελειγμένῃ
734 2824 951 2894 φρουρᾷ
971 2823 1202 2892 δύναμιν
1218 2823 1561 2890 προσθέντας
1580 2825 1832 2894 μείζονα,

246 2917 325 2977 ὼς
348 2916 704 2986 κατατρέχειν
752 2916 1156 2984 Θεσσαλονίκης
1211 2915 1486 2970 δύναιντο.
1528 2916 1590 2969 Ἢ
1627 2917 1738 2987 γὰρ
1767 2920 1833 2970 ὲκ

245 3006 544 3071 Βυζαντίου
575 3009 826 3077 στρατιὰ,
886 3009 947 3060 οὔ
982 3006 1161 3078 πολλῷ
1192 3007 1419 3077 ὕστερον
1454 3009 1828 3080 ἀποχωρήσει,

1934 539 2074 593 quos
2107 523 2397 593 Oportebat
2445 538 2547 577 nos
2577 521 2764 577 urbem
2802 530 3051 576 tenentes
3100 521 3387 587 invenire,
3426 538 3523 576 eo-

1933 629 2169 685 rumque
2211 614 2414 684 opibns
2466 613 2520 667 in
2572 614 2767 682 primis
2801 613 3095 683 adjuvari,
3134 612 3332 667 infesta
3388 631 3522 682 qua-

1934 706 2060 761 dant
2145 706 2371 760 l'urtuna
2445 705 2658 775 expulsi
2718 716 2887 770 sunt;
2947 713 3002 758 et
3055 705 3292 774 populus
3356 714 3522 775 atque

1932 798 2084 853 intus
2117 797 2294 851 relicti
2323 839 2336 862 ,
2370 812 2511 866 quos
2557 806 2652 850 aut
2681 795 2870 850 verbis
2905 793 3134 849 inﬂexus
3159 834 3175 859 ,
3224 804 3317 849 aut
3350 795 3520 849 armis

1933 892 2248 960 compulsos
2276 891 2344 945 ad
2377 906 2477 944 nos
2508 903 2834 944 accessuros
2872 903 2999 957 spes
3044 898 3186 952 erat,
3233 903 3358 943 cum
3393 904 3521 957 pro-

1933 990 2057 1052 pter
2087 983 2434 1053 direptiones
2471 990 2662 1036 nostra
2690 996 2855 1037 causa
2908 981 3169 1036 tuleratas
3215 980 3378 1036 nobis
3409 980 3520 1034 ini-

1932 1080 2218 1135 micissimi
2281 1088 2462 1146 sunt,
2537 1089 2650 1134 tum
2707 1079 2964 1148 praesidio
3026 1079 3327 1150 Byzantina
3387 1092 3522 1131 con-

1935 1172 2043 1230 tisi.
2074 1188 2131 1226 se
2168 1187 2519 1242 nequaquam
2553 1171 2776 1226 dedent.
2811 1171 2966 1237 Quod
2994 1172 3039 1226 si
3076 1171 3260 1226 facere
3287 1170 3519 1234 vellem,

1939 1278 2027 1316 me
2069 1272 2197 1318 ante
2232 1273 2424 1333 portas
2474 1264 2877 1333 propemodum
2931 1271 3378 1341 castrametapte,
3417 1260 3519 1330 ipsi

1932 1369 2043 1408 non
2073 1355 2468 1424 quiescerent,
2547 1354 2645 1409 sed
2698 1362 2795 1407 aut
2824 1353 3009 1407 missis
3046 1353 3244 1423 legatis
3273 1367 3521 1407 commu-

1934 1444 2080 1499 niter
2145 1455 2244 1500 aut
2306 1444 2564 1514 privatim
2600 1443 2821 1499 occulte
2868 1443 3089 1513 quidam
3131 1458 3342 1495 mecum
3378 1458 3520 1510 pra:-

1942 1545 2133 1593 sentes
2182 1545 2433 1609 agerent.
2467 1539 2609 1604 Quia
2638 1551 2772 1592 vero
2812 1536 2999 1591 nullus
3031 1535 3335 1605 egreditur,
3374 1534 3523 1588 indi—

1937 1631 2088 1686 cium
2143 1643 2269 1698 est,
2304 1632 2502 1703 vulgus
2554 1632 2844 1686 decertare
2895 1629 3183 1691 nobiscum
3214 1629 3518 1683 statuisse:

1934 1734 2030 1789 et,
2081 1725 2132 1780 si
2176 1725 2403 1795 quidam
2437 1725 2605 1780 etiam
2659 1725 2812 1787 sint,
2863 1725 3068 1793 quibus
3104 1732 3304 1777 nostra:
3342 1731 3525 1793 partes

1936 1821 2276 1890 probentur,
2329 1829 2626 1877 eos-metu
2682 1820 2989 1876 subeundae
3021 1821 3354 1877 calamitatis
3411 1836 3524 1875 uno

1936 1912 2110 1967 veluti
2145 1911 2314 1969 ﬂuctu
2365 1929 2491 1967 cum
2540 1913 2664 1967 aliis
2712 1912 2896 1983 abripi
2949 1921 3006 1966 et
3075 1912 3305 1967 involvi.
3337 1912 3523 1979 Quare

1938 2019 2065 2058 cum
2099 2020 2238 2059 vana
2270 2020 2368 2075 spe
2387 2005 2484 2059 hic
2509 2004 2847 2060 manendum
2876 2019 2986 2059 non
3014 2013 3174 2075 puto.
3202 2005 3314 2060 Nec
3337 2014 3521 2059 tamen

1943 2097 2209 2166 quoniam
2250 2113 2359 2152 una
2407 2098 2633 2152 civitate
2681 2097 3035 2162 frustrantur,
3075 2112 3296 2167 xquum
3338 2107 3420 2153 est
3452 2099 3522 2152 ad

1936 2188 2140 2244 bellum
2172 2190 2239 2245 de
2266 2200 2470 2246 castero
2511 2190 2765 2245 enervari
2786 2198 2951 2260 atque
2981 2190 3302 2245 mollescere
3331 2207 3346 2256 ;
3382 2207 3526 2245 nun-

1934 2296 2100 2351 quam
2148 2280 2317 2354 5.79
2343 2281 2492 2337 enim
2541 2281 2788 2351 profecto
2833 2297 2930 2352 per
2972 2283 3155 2337 omnia
3220 2284 3411 2338 [elices
3457 2298 3524 2337 ac

1935 2372 2204 2428 fortunati
2242 2374 2475 2429 erimus.
2515 2374 2881 2429 Prudentium
2931 2391 3097 2446 porro
3148 2387 3205 2431 et
3245 2376 3526 2430 animoso-

1939 2480 2064 2519 rum
2111 2474 2241 2530 est,
2289 2481 2394 2519 nec
2426 2468 2481 2519 in
2535 2465 2820 2536 prosperis
2870 2468 3196 2522 modestiam
3237 2469 3521 2533 deserere,

1940 2571 2043 2612 nec
2076 2556 2133 2610 in
2168 2556 2412 2612 turbidis
2444 2565 2500 2611 et
2531 2556 2783 2612 adversis
2810 2557 2886 2612 ita
2921 2557 3121 2633 cadere
3152 2566 3213 2612 ut
3241 2574 3301 2613 se
3333 2572 3525 2616 resurq

1937 2658 2188 2704 recturus
2225 2649 2544 2718 desperent.
2594 2648 2702 2704 Sed
2733 2648 2827 2702 ubi
2854 2648 2922 2703 de
2957 2649 3043 2703 his
3069 2650 3525 2707 constituerimus

1936 2742 2089 2814 quod
2119 2758 2261 2813 opus
2289 2752 2407 2808 est,
2443 2742 2717 2806 ulterius,
2765 2742 2855 2797 ubi
2888 2742 3084 2797 melior
3113 2757 3179 2798 ac
3217 2744 3524 2799 certissima

1939 2846 2066 2905 spes
2087 2835 2336 2906 all‘ulget,
2357 2836 2726 2905 procedamus
2748 2846 2988 2905 nportet.
3008 2834 3189 2900 Quare
3212 2836 3525 2906 augendum

1940 2926 2236 2981 libentium
2286 2925 2606 2996 prtesidium
2657 2926 2875 2995 opinor,
2913 2940 3023 2994 quo
3057 2942 3245 2996 agrum
3295 2926 3529 2982 Thessa-

1936 3015 2275 3100 lonicensem
2342 3016 2632 3069 incursare
2682 3024 2850 3084 queat
2903 3015 3088 3085 (miles
3136 3015 3284 3069 cnim
3324 3015 3531 3087 Byzan-

241 3100 345 3154 καὶ
371 3102 429 3154 ἐν
459 3101 915 3172 Γυναικοκάστρῳ
943 3102 1176 3171 δύναμιν
1203 3101 1397 3171 ὁμοίαν
1430 3102 1832 3166 καταλιπόντας

1941 3109 2087 3165 tinus
2137 3124 2245 3163 non
2272 3108 2447 3162 multo
2502 3118 2623 3176 post
2654 3107 2951 3177 discedet),
3008 3115 3064 3161 et
3118 3106 3522 3178 Gynaecocastri

238 3194 349 3262 τῆς
375 3195 543 3265 αὐτῆς
568 3195 754 3258 αἰτίας
782 3194 947 3248 ἕνεκα
985 3197 1051 3265 τῇ
1086 3194 1222 3267 ἄλλῃ
1274 3196 1509 3267 στρατιᾷ
1536 3195 1833 3259 διαϐάντας

237 3287 445 3351 αὐτοὺς
474 3289 568 3342 τὸν
609 3288 806 3355 Ἀξιὸν,
835 3289 915 3351 είς
943 3289 1205 3360 Βέρροιαν
1246 3289 1497 3356 γενέσθαι
1527 3290 1621 3342 καὶ
1650 3289 1835 3342 Ἔξεσ-

238 3396 351 3434 σαν
384 3378 453 3432 τὰ
490 3379 736 3450 ⁴ἡμέτερα
770 3381 1053 3452 ᾑρημένας
1097 3380 1282 3444 πόλεις
1303 3396 1317 3410 ·
1353 3381 1577 3433 ἐκείνων
1606 3380 1662 3433 δὲ
1695 3397 1833 3449 κρα-

237 3472 502 3541 τήσασιν,
535 3473 646 3526 οἵτε
674 3473 938 3526 Θεσσαλοὶ
981 3475 1467 3543 προσχωρήσουσιν
1500 3472 1701 3527 αὐτίκα
1739 3474 1834 3525 καὶ

260 3564 619 3634 Ἀκαρνανία,
668 3566 763 3619 καὶ
796 3565 856 3618 τὸ
912 3566 1041 3619 ἄλλο
1075 3566 1480 3635 ἡπειρωτικδν,
1539 3565 1709 3620 πάλαι
1737 3568 1835 3636 τὴν

250 3657 395 3728 ἐμὴν
434 3657 618 3726 ἄφιξιν
674 3657 1133 3728 προσδεχόμενον.
1183 3658 1453 3729 Τοιαύτην
1507 3659 1563 3711 δὲ
1586 3663 1828 3730 ’προσλα-

247 3750 410 3807 δοῦσι
435 3748 685 3819 δύναμιν,
709 3747 884 3811 οὐδεὶς
912 3747 1272 3802 ἀνθίστασθαι
1317 3751 1399 3802 ἔτι
1443 3749 1690 3817 ἀξιώσει,
1720 3750 1834 3803 ἀλλ’

249 3841 284 3910 ἢ
314 3841 534 3904 ἑκόντες
564 3839 665 3911 τῆς
696 3840 874 3911 ἀρχῆς
911 3842 1110 3903 πάντες
1151 3841 1649 3912 παραχωρήσουσιν
1676 3842 1834 3911 ἡμῖν,

140 3962 157 3975 ς
247 3934 284 4004 ἢ
322 3936 432 3995 τοῖς
480 3933 668 3990 ὅπλοις
716 3932 1050 4002 βιασθέντες.
1120 3930 1359 3986 Τοιαῦτα
1403 3934 1649 3996 εἰπόντος
1687 3932 1839 4003 βασι-

248 4027 415 4092 λέως,
451 4026 895 4096 πρωτοστράτωρ
944 4044 1003 4079 τε
1044 4028 1163 4097 ἅμα
1199 4028 1312 4088 τοῖς
1353 4025 1620 4092 συνοῦσι,
1662 4028 1756 4078 καὶ
1789 4025 1836 4077 οἱ

251 4120 362 4174 ἀπὸ
394 4120 688 4184 Βυζαντίου
733 4119 969 4190 μάλιστα
1019 4118 1278 4188 φυγάδες,
1328 4123 1386 4172 ὲν
1420 4117 1582 4185 δεινῷ
1607 4118 1733 4180 τοὺς
1752 4118 1839 4169 λό-

251 4230 383 4281 γους
413 4213 711 4278 ὲποιοῦντο,
737 4214 831 4266 καὶ
857 4214 1025 4281 φόϐου
1063 4208 1203 4282 ἦσαν
1234 4213 1421 4281 μεστοὶ
1453 4213 1548 4265 καὶ
1572 4211 1835 4280 ἀγωνίας,

249 4307 346 4361 τὸν
373 4304 571 4360 πλάνον
601 4305 676 4367 ὡς
709 4305 1013 4374 ἀπέραντον
1031 4303 1398 4374 λογιζόμενοι,
1416 4305 1464 4357 εί
1492 4304 1601 4356 δέοι
1635 4305 1835 4372 Ἀκαρι

251 4400 445 4455 νανίαν
475 4399 571 4453 aui.
624 4398 894 4465 Ἤπειρον
956 4398 1255 4466 περιϊέναι,
1294 4399 1407 4459 τοῖς
1440 4398 1505 4449 ὲκ
1535 4396 1633 4463 τῆς
1674 4412 1840 4463 στρα-

1936 3204 2129 3255 eadem
2161 3202 2231 3255 de
2270 3216 2436 3256 causa
2483 3200 2651 3254 simili
2705 3200 2900 3255 relicto
2928 3215 3184 3263 numero,
3237 3216 3364 3255 cum
3398 3202 3529 3257 reli-

1934 3306 2043 3360 quo
2100 3292 2316 3360 agtninc
2350 3290 2486 3344 Axio
2535 3291 2766 3360 trajectu
2822 3303 3017 3344 versus
3075 3290 3393 3346 Berrlttnam
3465 3304 3524 3347 et

1944 3383 2211 3438 Edessam
2270 3385 2439 3438 urbes
2492 3382 2701 3436 amicas
2750 3381 3218 3452 progrediendum
3261 3400 3275 3437 :
3322 3385 3526 3451 quibus

1936 3477 2200 3545 acceptis,
2233 3484 2478 3531 actutum
2514 3474 2783 3538 Thessali,
2813 3474 3128 3529 Acarnanes
3191 3486 3248 3529 et
3325 3487 3524 3532 caetera

1953 3569 2285 3630 continens,
2320 3582 2348 3621 a
2392 3582 2498 3636 qua
2556 3565 2770 3634 prid-2m
2822 3575 3150 3634 exspector,
3204 3565 3271 3619 ad
3317 3582 3420 3621 nus
3466 3584 3526 3623 se

1951 3659 2315 3713 transferent.
2351 3657 2469 3712 Tali
2519 3657 2763 3727 potentia
2804 3658 3142 3711 continuatis
3166 3697 3180 3721 ,
3213 3649 3384 3712 nemo.
3407 3674 3525 3713 am—

1945 3751 2092 3819 plius
2141 3750 2404 3804 resistere
2458 3749 2760 3818 postulabit
2803 3765 2820 3803 :
2878 3748 2975 3803 sed
3028 3748 3113 3803 vel
3155 3757 3389 3819 sponte,
3442 3752 3526 3806 vel

1945 3841 2117 3895 armis
2170 3840 2351 3894 adacti
2382 3879 2396 3899 .
2447 3855 2640 3894 omnes
2676 3840 2913 3907 imperio
2946 3840 3107 3895 nobis
3151 3841 3368 3898 cedent.
3403 3844 3531 3901 Hac

1957 3933 2051 3987 ubi
2101 3933 2407 4002 imperator
2455 3931 2759 4000 disseruit,
2808 3942 3172 4001 protostrator
3218 3950 3343 3989 cum
3386 3938 3528 4003 suis,

1950 4026 2343 4097 pra'cipucqtte
2388 4024 2653 4095 Byzantio
2719 4024 2932 4094 profugi
2979 4026 3031 4079 in
3095 4026 3527 4097 indignationem

1944 4118 2107 4182 verti,
2141 4118 2451 4185 timoreque
2485 4125 2539 4171 et
2568 4130 2775 4186 angore
2800 4117 3104 4185 compleri,
3137 4118 3210 4172 ob
3246 4119 3527 4175 inﬁnitam

1946 4204 2283 4259 errationem
2315 4203 2546 4269 scilicet,
2581 4204 2626 4257 si
2665 4202 3029 4262 Acarnaniam
3061 4214 3116 4259 et
3146 4216 3526 4266 continentem

1944 4299 2285 4366 circumire,
2347 4307 2403 4352 et
2465 4298 2835 4368 expeditionis
2886 4310 2994 4354 tam
3048 4299 3224 4372 longa:
3274 4305 3529 4360 miserias

1947 4402 2112 4460 atque
2144 4405 2421 4445 aerumnas
2447 4390 2661 4461 perpeti
2711 4405 2937 4446 necesse
2984 4393 3288 4460 haberent,
3340 4396 3532 4453 dome-

249 4490 406 4552 τείας
458 4491 653 4550 κακοῖς
712 4486 1231 4558 ταλαιπωροῦντας,
1266 4486 1375 4539 τῶν
1405 4486 1548 4541 οίκοι
1597 4484 1835 4556 μάλιστα

1952 4483 2102 4538 sticis
2140 4484 2309 4537 rebus
2360 4492 2650 4552 tantopere
2683 4480 2920 4546 amictis,
2964 4495 3019 4539 et
3054 4485 3235 4540 celere
3261 4489 3526 4544 auxilium

253 4582 446 4645 κακῶς
502 4581 879 4648 διακειμένων,
944 4582 1040 4633 καὶ
1094 4580 1320 4651 ταχείας
1356 4579 1455 4650 τῆς
1513 4578 1833 4649 ἐπικουρίας

253 4674 548 4743 δεομένων.
583 4673 836 4743 Φανερῶς
877 4672 978 4742 μὲν
1020 4667 1116 4726 οὖν
1148 4672 1445 4737 ἀντειπεῖν,
1497 4671 1595 4724 καὶ
1641 4671 1738 4740 τὴν
1765 4672 1842 4723 οἱ·

257 4764 418 4819 κείαν
446 4763 523 4827 ὡς
555 4764 739 4834 ἔχουσι
770 4767 900 4835 περὶ
928 4765 997 4818 τὰ
1045 4766 1311 4836 εἰρημένα
1347 4763 1574 4833 γνώμην
1608 4762 1844 4816 ἐκκαλύ-

255 4858 380 4928 ψαι,
430 4857 700 4910 ἐδεδίεσαν
725 4872 737 4886 ·
786 4863 847 4909 τό
870 4873 927 4910 τε
962 4858 1090 4927 περὶ
1124 4855 1348 4926 βασιλέα
1378 4856 1640 4916 δυσνοεῖν,
1668 4853 1759 4907 καὶ
1782 4852 1843 4907 τὸ

259 4950 534 5020 ἡσσῆσθαι
569 4951 855 5021 κατάκρας
882 4952 938 5003 ὲν
965 4951 1078 5010 τοῖς
1116 4948 1312 5011 δεινοῖς
1349 4946 1424 5011 ὡς
1479 4945 1686 5015 φαῦλον
1715 4947 1844 4998 ἑαυ-

255 5044 371 5104 τοῖς
403 5039 755 5112 προστρίϐειν
800 5040 902 5094 οὑκ
925 5038 1204 5101 ἐθέλοντες
1224 5053 1238 5067 ⁸
1273 5037 1577 5110 προφάσεις
1607 5035 1844 5098 δέ’τινας

261 5135 605 5204 συνείροντες
631 5134 731 5186 οὐκ
777 5130 1103 5201 ἀναγκαίας,
1139 5128 1431 5183 διεκώλυον
1459 5129 1558 5199 τὴν
1616 5128 1840 5199 πρᾶξιν.

275 5227 363 5288 Ὠς
393 5226 449 5281 δὲ
483 5228 511 5279 ὀ
542 5224 795 5297 βασιλεὺς
846 5224 1100 5278 ἐπέκειτο
1123 5222 1333 5286 ταύτην
1368 5218 1507 5276 εἶναι
1545 5220 1704 5291 μόνον
1748 5221 1845 5287 φάε

264 5336 432 5380 σκων,
462 5317 537 5380 ὡς
565 5320 624 5371 ὲν
648 5318 761 5380 τοῖς
816 5314 1056 5387 παροῦσι
1078 5313 1532 5379 λυσιτελεστάτην
1578 5312 1808 5384 γνώμην
1828 5331 1842 5344 ο

266 5409 413 5464 Ἀλλ’
441 5410 490 5462 εί
548 5410 646 5479 μὲν
683 5408 844 5462 τοῦτό
872 5424 931 5461 σε
961 5407 1208 5477 λέληθεν,
1246 5403 1423 5471 εἶπεν,
1454 5398 1500 5459 ὧ
1543 5404 1787 5476 βασιλεῦ,
1818 5407 1847 5458 ὁ

262 5503 733 5574 πρωτοστράτωρ,
785 5503 862 5565 ὡς
915 5505 1147 5573 στρατιὰ
1180 5501 1487 5574 Τριϐαλῶν,
1543 5494 1715 5554 πολὺν
1745 5501 1846 5571 ήδη

263 5594 458 5666 χρόνον
507 5595 774 5648 Ἔδεσσαν
826 5594 1194 5665 περικαθηται
1257 5585 1708 5665 πολιορκοῦσα,ᾖ
1766 5589 1848 5644 δ-ῖ

266 5686 626 5757 χωρήσαντας
664 5687 754 5741 διὰ
786 5688 964 5757 μάχης
998 5686 1372 5758 παρέρχεσθαι
1407 5688 1486 5748 είς
1533 5684 1632 5754 τὴν
1668 5685 1844 5747 πόλιν,

266 5777 431 5843 ἄλλος
457 5778 523 5834 ἂν
556 5778 642 5850 εἴη
675 5779 852 5847 λόγος.
886 5780 948 5833 Εἰ
974 5780 1021 5834 δ’
1046 5781 1143 5833 οὐκ
1171 5781 1406 5849 ἀγνοεῖς,
1445 5779 1682 5849 μάλιστα
1716 5777 1847 5831 θαυ-

1953 4575 2352 4645 ﬂagitantibus.
2410 4575 2608 4630 L'ibere
2640 4573 2813 4643 igitur
2863 4577 3247 4633 contradicere
3272 4619 3287 4642 ,
3334 4592 3389 4636 el
3418 4582 3533 4637 ani-

1951 4684 2101 4722 mum
2153 4684 2314 4722 suum
2353 4662 2629 4738 explicare
2679 4667 3014 4722 verebantur
3055 4686 3069 4722 :
3123 4670 3393 4726 nolentes
3421 4673 3528 4729 sibi

1949 4760 2095 4814 hanc
2155 4760 2426 4815 maculam
2482 4759 2745 4825 inurere,
2797 4759 2951 4828 quasi
3005 4760 3325 4830 imperatori
3389 4766 3532 4821 male

1947 4862 2237 4922 cuperent,
2281 4855 2549 4921 duraaque
2574 4860 2630 4904 et
2660 4850 2906 4905 adversas
2951 4853 3087 4906 sorti
3116 4854 3335 4922 penitus
3370 4857 3534 4911 cede-

1955 4956 2076 5000 rent
2119 4962 2132 4998 :
2191 4945 2285 4999 sed
2338 4955 2633 5014 prmtextus
2665 4944 2934 5016 quosdam
2993 4945 3136 5000 haud
3188 4952 3535 5009 necessarios

1952 5048 2394 5103 coacervantes,
2448 5037 2731 5107 negotium
2791 5036 3188 5105 impediebant.
3244 5039 3535 5100 Perstante

1955 5139 2138 5182 autem
2195 5128 2249 5181 in
2305 5131 2580 5184 sententia
2631 5129 2963 5198 imperatore
3015 5128 3385 5202 dicenteque.
3425 5135 3531 5189 huc

1949 5221 2124 5277 solum
2176 5235 2297 5276 esse
2349 5220 2405 5274 in
2472 5219 2764 5291 pra'sentia
2814 5220 3108 5275 consilium
3147 5222 3528 5289 utilissimum,

1948 5313 2156 5383 Atqui,
2186 5313 2228 5366 si
2272 5321 2324 5366 te
2377 5312 2484 5367 hoc
2534 5311 2671 5366 latet
2699 5353 2711 5370 .
2753 5311 2933 5382 inquit
2983 5324 3375 5382 protostrator,
3407 5316 3534 5373 Tri-

1950 5406 2130 5461 ballos
2174 5404 2505 5474 jampridem
2564 5404 2627 5457 ad
2675 5404 2934 5459 Edessam
2978 5405 3211 5469 sedere,
3254 5423 3353 5476 per
3387 5425 3528 5478 quos
3578 5464 3582 5470 ,

1950 5506 2207 5554 conserta
2258 5513 2422 5551 manu
2477 5497 2531 5552 in
2579 5497 2846 5568 Oppidum
2915 5497 3073 5552 nobis
3124 5501 3526 5568 penetrandum

1949 5599 2056 5652 est,
2100 5588 2238 5642 nihil
2276 5589 2418 5643 dico.
2483 5589 2577 5641 Sin
2608 5597 2792 5643 autem
2828 5603 2936 5642 non
2969 5588 3122 5653 latet,
3152 5591 3325 5644 mirur
3360 5593 3533 5647 vehe-

1942 5689 2165 5736 menter
2195 5690 2247 5735 te
2277 5679 2438 5734 talem
2471 5679 2650 5735 virum
2674 5720 2689 5745 ,
2711 5689 2766 5734 et
2800 5687 3010 5733 tantum
3045 5695 3204 5734 nsum
3237 5681 3531 5738 ductandis

1951 5771 2290 5828 exercitibus
2334 5772 2634 5844 adeptum,
2688 5772 2793 5827 hoc
2844 5769 2993 5825 civili
3045 5762 3190 5827 bello
3252 5790 3361 5827 non
3408 5789 3530 5829 esse
