4054 6428
523 320 623 384 931

1702 311 2035 373 JOANNIS
2073 308 2608 371 CANTACUZENI

3693 311 3798 376 932

521 440 865 495 contentum,
897 427 991 484 sed
1023 427 1162 483 velle
1182 441 1284 483 nos
1308 428 1476 483 etiam
1508 427 1769 483 Triballis
1800 427 2102 498 objectare,

2219 424 2414 492 μάζειν
2440 425 2574 495 ἔχω,
2611 424 2692 478 ὅτι
2739 423 2804 490 δὴ
2859 422 3099 486 τοιοῦτος
3144 421 3242 486 ὢν,
3301 423 3392 477 καὶ
3426 423 3628 493 πολλὴν
3661 426 3800 496 πρὸς

523 527 731 599 quibus
771 525 858 580 vel
914 522 1047 578 solis
1086 519 1588 576 laboriosissimum
1645 519 1784 574 foret
1829 518 2106 573 resistere.

524 619 666 672 Tum
693 616 1020 684 imperator,
1063 611 1131 665 de
1164 609 1441 664 Edessena
1480 609 1770 663 obsidione
1796 624 1866 662 ne
1899 607 2114 660 tenuis-

523 708 720 764 simam
749 704 972 774 quidem
1011 702 1353 755 auditionem
1386 699 1700 768 accepisse;
1737 696 2114 752 Tribaliorum

521 802 672 856 enim
714 799 1000 866 despotam
1029 794 1096 848 ad
1131 809 1190 847 se
1221 793 1403 846 adhuc
1428 792 1483 845 in
1518 791 1752 845 Thracia
1779 789 2109 858 legationem

523 891 594 947 de
625 890 831 946 fardere
893 900 949 942 et
977 887 1242 941 societate
1270 884 1507 938 misisse.
1565 883 1894 936 Existimare
1943 881 2114 950 igitur

527 1001 587 1037 se
618 1027 632 1044 .
693 983 850 1037 illum
882 981 1091 1035 nullam
1123 978 1502 1034 Romanorum
1537 975 1730 1030 urbem
1767 989 2112 1045 Oppugnare.

525 1075 621 1130 St-n
657 1084 924 1128 temerato
948 1071 1155 1127 foedere
1180 1069 1233 1122 in
1265 1068 1474 1122 hostem
1507 1075 1754 1122 mutatus
1780 1058 1869 1129 sit;
1890 1065 2114 1120 urbem-

527 1183 644 1238 que‘
675 1167 979 1220 Romanam
1010 1163 1286 1221 obsideat,
1316 1175 1385 1214 eo
1414 1168 1542 1214 ante
1575 1160 1762 1213 omnia
1787 1158 2112 1213 incumben-

524 1241 899 1330 dum,ﬁ.80
958 1266 1021 1310 ut
1072 1256 1179 1309 hoc
1213 1269 1334 1308 earn
1390 1253 1537 1306 malo
1586 1245 1882 1313 liberent,‘
1910 1250 2004 1320 qui
2056 1250 2109 1306 id

523 1343 769 1406 maxime
790 1357 1022 1420 possunt
1057 1367 1070 1401 :
1105 1357 1160 1400 et
1192 1363 1318 1402 cum
1349 1347 1424 1401 illi
1457 1347 1713 1409 salutem,
1747 1351 1863 1398 tum
1891 1343 2114 1398 sibimet

525 1446 934 1500 Edessenorum
991 1441 1341 1508 aliorumque
1378 1439 1558 1492 studia
1587 1451 1943 1504 amoremque
1977 1449 2114 1489 con-

525 1537 743 1594 cilient.
783 1535 899 1602 Ego
951 1550 1125 1596 vero,
1180 1533 1402 1602 inquit,
1449 1529 1702 1600 quamvis
1751 1528 1963 1583 nultum
2011 1540 2114 1581 nos

523 1629 742 1682 lucrum
780 1627 913 1679 hinc
948 1632 1237 1686 maneret,
1289 1623 1396 1678 hoc
1423 1622 1604 1677 solum
1631 1661 1647 1686 ,
1679 1620 1875 1674 urbem
1905 1620 2114 1676 Romae

523 1735 722 1775 norum
763 1718 1013 1786 periculo
1047 1716 1354 1780 exemisse,
1390 1714 1610 1770 lucrum
1652 1713 1978 1767 immensum
2007 1711 2116 1766 du-

2216 518 2560 585 στρατηγίαν
2591 517 2788 585 στεῖραν
2819 515 3094 586 ἐσχηκὼς,
3150 515 3288 585 πρὸς
3320 514 3397 584 τῷ
3428 516 3658 584 παρόντι
3681 520 3799 570 νυνὶ

2215 604 2458 674 πολέμῳ,
2499 606 2580 674 τῷ
2606 607 2670 658 ὲκ
2697 605 2808 658 τῶν
2833 606 3147 676 ὁμοφύλων,
3180 607 3276 661 καὶ⁸
3321 606 3458 677 πρὸς
3493 607 3802 676 Τριϐαλοὺς

2215 694 2669 762 παραϐάλλεσθαι
2729 697 2878 764 ἡμᾶς
2926 695 3198 760 κελεύεις-ο
3263 698 3353 750 ὅτε
3405 699 3456 750 εί
3511 699 3605 752 καὶ
3646 699 3798 769 μόνοι

2212 781 2374 853 ἦσαν,
2414 787 2522 840 τῶν
2560 788 2983 857 ὲργωδεστάτων
3016 787 3087 860 ἦν
3124 791 3540 845 ἀντιτάττεσθαι
3564 810 3700 850 τινα.
3735 794 3795 848 ὐ

2217 877 2471 947 βασιλεὺς
2498 877 2554 930 δὲ
2585 878 2822 948 μάλιστα
2869 882 2966 950 μὲν
3000 881 3154 934 οὐδὲν
3183 881 3384 934 εἰδέναι
3416 885 3546 952 περὶ
3572 886 3669 954 τῆς
3703 903 3796 940 πο-

2213 968 2459 1037 λιορκίας
2482 968 2711 1039 ἔφασκε.
2760 971 2864 1025 Τὸν
2894 973 3004 1041 γαρ
3033 972 3140 1026 τῶν
3176 971 3466 1042 Τριϐαλῶν
3520 977 3796 1048 Δεσπνῖτην

2215 1061 2514 1130 ⁸πρεσϐείαν
2542 1062 2913 1134 ποιησάμενον
2943 1065 3078 1134 προς
3097 1065 3280 1129 αὑτὸν,
3315 1066 3394 1118 ἐτι
3427 1069 3557 1137 περὶ
3578 1067 3796 1139 Θρᾴκην

2214 1157 2584 1228 διατρίϐοντα,
2636 1158 2868 1221 σπονδὰς
2903 1160 2999 1211 καὶ
3037 1159 3362 1229 συμμαχίαν
3407 1159 3634 1212 θέσθαι·
3671 1160 3736 1213 δι’
3764 1161 3796 1214 ἀ

2216 1248 2308 1300 καὶ
2342 1247 2555 1302 οἴεσθαι
2605 1250 2770 1304 αὐτὸν
2825 1251 3071 1322 μηδεμιᾷ
3135 1249 3423 1322 Ῥωμαίων
3457 1243 3611 1304 πδλει
3643 1254 3797 1305 πολε·

2219 1343 2377 1411 μεῖν·
2419 1344 2467 1394 εί
2497 1343 2542 1395 δ’
2598 1343 2808 1402 ἐκεῖνος
2868 1342 3040 1404 λύσας
3085 1342 3186 1404 τὰς
3228 1343 3483 1408 σπονδὰς,
3543 1343 3797 1412 πολέμιος

2217 1427 2338 1488 ἀντὶ
2371 1433 2660 1506 συμμάχου
2695 1435 2909 1502 γέγονε,
2945 1436 3037 1488 καὶ
3066 1435 3224 1487 πόλιν
3269 1437 3549 1505 ἡμετέραν
3577 1437 3800 1505 πέμψας

2217 1528 2517 1598 πολιορκεῖ,
2547 1528 2652 1581 τίνι
2685 1527 2960 1598 μᾶλλον,ἢ
2999 1530 3170 1597 τούτῳ
3198 1530 3489 1599 προσέχειν
3515 1530 3641 1601 χρὴ,
3661 1529 3800 1584 ὥστε

2215 1620 2316 1689 τὴν
2341 1619 2499 1680 πόλιν
2531 1619 2899 1673 ἀπαλλάττειν
2929 1621 3038 1673 τῶν
3077 1621 3266 1674 δεινῶν
3313 1623 3548 1692 μάλιστα
3575 1624 3802 1693 δυναμέ-

2219 1729 2365 1778 νους,
2390 1695 2491 1764 καὶ
2509 1710 2738 1774 ἐκείνοις
2775 1727 2837 1764 τε
2863 1712 2965 1783 τὴν
3014 1711 3291 1781 σωτηρίαν
3323 1713 3656 1782 ἐκπορίζειν,
3707 1715 3802 1768 καὶ

522 1825 733 1865 cerem.
774 1806 1150 1874 Quamobrem
1205 1820 1316 1858 non
1365 1805 1476 1875 jam
1525 1804 1802 1869 consulo,
1861 1815 2113 1858 near-ta

2221 1803 2411 1871 σφίσιν
2458 1805 2646 1866 αὐτοῖς
2695 1803 2797 1872 τήν
2854 1779 3008 1867 τενὲξ
3065 1779 3292 1857 ἐκείνων
3343 1779 3599 1857 καὶτῶν
3626 1804 3804 1860 ἄλλων

528 1903 638 1956 alio
701 1908 1139 1961 convertamus,
1198 1897 1296 1952 sed
1351 1897 1516 1964 plane
1585 1895 1847 1950 decerno.
1899 1894 1958 1949 Si
2013 1892 2113 1947 tibi

517 1993 745 2062 tuisque
781 2006 887 2060 pro
919 1988 1185 2045 Romanis
1230 1987 1474 2043 obsessis
1520 2003 1654 2043 eum
1673 1985 1945 2041 Triballis
1977 2002 2116 2041 con-

517 2085 716 2156 ﬂigere
765 2081 916 2137 haud
951 2082 1254 2152 ingenuum
1307 2079 1530 2134 videtur
1557 2096 1580 2133 :
1617 2087 1673 2132 at
1701 2093 1803 2149 ego
1840 2094 1966 2134 cum
2002 2079 2112 2146 his,

517 2178 620 2246 qui
669 2184 873 2245 sponte
911 2189 1003 2229 me
1044 2180 1370 2242 sequentur,
1429 2172 1484 2225 in
1541 2171 1667 2225 illos
1723 2169 1965 2237 irritam;
2017 2186 2114 2227 vos

525 2267 937 2340 Gynaecocastri
965 2275 1258 2319 manentes
1282 2303 1298 2327 ,
1347 2263 1592 2317 reditum
1639 2271 1894 2316 nostrum
1925 2263 2115 2332 operis

524 2360 682 2414 mini.
719 2359 846 2412 Haec
883 2358 1121 2418 locutus,
1153 2354 1428 2423 extemplo
1461 2353 1591 2406 tuba
1624 2353 1841 2423 signum
1889 2353 2006 2407 dari
2044 2353 2113 2408 ad

522 2451 928 2522 profectionem
992 2447 1184 2517 jussit.
1269 2446 1644 2500 Protostrator
1707 2453 1762 2499 et
1826 2443 2112 2514 Byzantini

521 2543 788 2605 exsules,
837 2537 1193 2608 imperatoris
1222 2536 1499 2600 comites,
1547 2545 1605 2590 et
1658 2535 1898 2602 relinqui
1953 2545 2114 2604 turpe

527 2646 694 2704 atque
737 2631 1012 2688 illiberale
1044 2627 1410 2698 judicabant,
1445 2634 1500 2680 et
1553 2627 1707 2694 sequi
1749 2634 1932 2681 tamen
1982 2642 2115 2696 pro-

528 2734 657 2794 pter
686 2721 982 2792 quamdam
1018 2716 1264 2788 vagandi.
1306 2716 1740 2785 perpetuitatem
1767 2759 1781 2779 ,
1814 2732 1980 2785 quant
2020 2732 2114 2771 suo-

522 2815 775 2884 spicione
808 2809 1248 2882 praecipiebant,
1304 2823 1413 2862 non
1461 2806 1764 2861 audebant.
1816 2807 2026 2862 Idcirco
2055 2816 2112 2862 et

526 2907 631 2976 ipsi
683 2906 790 2960 hoc
844 2903 1201 2973 imperatoris
1247 2900 1594 2955 desiderium
1645 2900 1912 2970 impedire
1967 2902 2112 2956 nite-

522 2997 729 3050 bantur
759 3012 773 3049 :
806 3002 866 3048 et
895 2991 1120 3046 furtivis
1151 2990 1508 3044 svi-monibus
1547 2989 1685 3044 alios
1738 2990 2111 3045 dehortaban-

2218 1895 2456 1950 εὖνοιαν.
2496 1893 2639 1963 Ἐγὼ
2678 1895 2724 1946 δ’
2752 1896 2802 1947 εί
2853 1896 2948 1948 καὶ
2982 1895 3152 1966 μηδὲν
3185 1898 3318 1966 ήμῖν
3353 1897 3582 1966 ἕψεσθαι
3612 1898 3802 1965 κέρδος

2217 1988 2444 2059 ἔμελλεν
2478 1991 2540 2041 ἐκ
2595 1987 2686 2042 τοῦ
2723 1989 2987 2058 πολέμου,
3021 1987 3170 2042 τοῦτ’
3204 1989 3341 2042 αὐτὸ
3390 1992 3551 2060 μόνον
3575 1992 3638 2045 τὸ
3673 1991 3804 2046 Ῥω-

2221 2079 2397 2150 μαίων
2450 2080 2604 2133 πόλιν
2634 2080 3054 2134 κινδυνεύουσαν
3099 2080 3463 2152 ἐξαιρεῖσθαι,
3495 2082 3604 2137 τῶν
3649 2083 3803 2153 μεγί‹

2220 2184 2364 2220 στων
2412 2167 2635 2237 τίθεμαι
2685 2168 2920 2238 κερδῶν.
2977 2170 3057 2220 Δι’
3098 2168 3160 2224 -ἃ
3211 2171 3334 2225 οὐδὲ
3383 2173 3523 2241 πρὸς
3578 2172 3706 2226 ἄλλο
3750 2191 3800 2228 τι

2216 2259 2512 2328 τρέπεσθαι
2559 2259 2743 2312 οὐκέτι
2809 2259 3188 2329 συμϐουλεύω,
3241 2261 3362 2316 ἀλλ’
3389 2263 3501 2332 ἢδη,
3550 2263 3801 2333 φανερῶς

2217 2351 2642 2422 ἐπιψηφίζομαι.
2676 2353 2740 2405 Ei
2762 2351 2820 2405 δὲ
2857 2353 2939 2405 σοί
2957 2369 3017 2406 τε
3058 2354 3155 2406 καί
3181 2357 3294 2416 τοῖς
3321 2357 3565 2418 συνοῦσι,
3589 2359 3650 2409 τὸ
3678 2335 3806 2429 Tm.-

2217 2445 2402 2507 ϐαλοῖς
2461 2445 2605 2514 ὑπὲρ
2667 2444 2958 2513 Ῥωμαίων
3013 2444 3496 2516 πολιορκουμένων
3537 2449 3802 2519 μάχεσθαι

2217 2538 2437 2606 ἀγεννὲς
2462 2537 2627 2602 δοκεῖ,
2653 2537 2767 2590 ἀλλ’
2793 2537 2910 2608 ἅμα
2938 2539 3050 2600 τοῖς
3073 2537 3290 2592 οἴκοθεν
3319 2541 3606 2610 ἑπομένοις
3640 2542 3798 2605 αὐτὸς

2217 2631 2305 2685 ἐπ’
2339 2632 2583 2695 ἐκείνους
2607 2630 2929 2701 βαδιοῦμαι·
2959 2633 3117 2702 ὑμεῖς
3157 2634 3204 2687 δ’
3237 2637 3295 2688 ὲν
3350 2635 3802 2706 Γυναικοκὰστρῖρ

2217 2723 2490 2791 μένοντες,
2521 2723 2624 2792 τὴν
2656 2721 2918 2776 ἐπάνοδον
2948 2725 3277 2799 περιμένετε
3325 2725 3504 2795 ἡμῶν.
3551 2723 3798 2778 Ἐκέλευέ

2213 2831 2272 2867 τε
2305 2813 2513 2866 αὐτίκα
2554 2814 2622 2883 τῇ
2671 2813 2939 2882 σάλπιγγι
2969 2813 3068 2883 τὴν
3105 2813 3418 2885 ὁδοιπορίαν
3452 2818 3517 2886 τῇ
3576 2817 3801 2886 στρατιᾷ

2215 2907 2529 2977 σημαίνειν.
2589 2906 3042 2977 Πρωτοστρὶιτωρ
3091 2907 3150 2959 δὲ
3180 2908 3275 2960 καὶ
3305 2909 3355 2962 οἱ
3407 2911 3470 2962 ὲκ
3509 2909 3802 2974 Βυζαντίου

2217 2997 2469 3061 συνόντες
2492 2997 2706 3068 βασιλεῖ
2729 2998 2998 3066 φυγάδες,
3026 2998 3155 3051 τότε
3182 2998 3580 3053 ἀπολείπεσθαι
3621 3001 3805 3070 ἐνόμι-

519 3097 653 3153 tur,
711 3085 955 3156 inopiam
1015 3097 1200 3137 rerum
1266 3081 1750 3146 necessariarum,
1829 3081 1977 3136 bella
2053 3091 2111 3138 et

2217 3087 2310 3154 ζον
2334 3089 2562 3160 αἰσχρὸν
2603 3091 2696 3142 καὶ
2743 3087 2990 3157 ἀγεννὲς,
3043 3089 3138 3143 καὶ
3177 3090 3241 3143 τὺ
3292 3091 3622 3146 συνέπεσθαι
3651 3092 3807 3145 dmi»

517 3193 737 3250 pugnas
783 3176 1014 3232 crebras
1062 3182 1400 3239 causantes,
1455 3173 1778 3243 nullamque
1830 3174 2110 3230 civitatem

517 3273 672 3327 ultro
705 3271 1096 3340 imperatorem
1133 3267 1582 3321 intromissuram
1611 3283 1626 3319 :
1660 3275 1715 3319 et
1770 3282 2117 3336 quaecunque

519 3362 752 3416 demum
813 3359 880 3414 ad
953 3357 1298 3411 alacritatem
1367 3355 1638 3424 sequendi
1709 3355 2115 3425 infringendam

517 3444 838 3515 valebant,
882 3448 1109 3503 borum
1138 3448 1277 3502 nihil
1320 3446 1655 3500 intentatum
1701 3447 1999 3502 sinebant:
2050 3461 2120 3502 ex

521 3558 639 3610 quo
673 3552 956 3594 terrorem
986 3553 1101 3592 non
1154 3539 1334 3593 levem
1370 3537 1642 3592 exercitui
1679 3539 1989 3608 iniecerunt
2012 3577 2027 3604 ,
2063 3549 2121 3596 et

524 3632 594 3687 ad
625 3631 1004 3686 defectionem
1031 3645 1157 3684 eum
1189 3629 1541 3698 pellexerunt
1589 3628 1938 3686 Coteanitzes
1965 3647 2121 3686 nam-

528 3739 663 3794 que,
699 3731 753 3777 et
783 3721 879 3776 alii
906 3733 1132 3776 centum
1165 3737 1229 3775 ex
1266 3721 1848 3778 Tltessalonicensium
1877 3723 2115 3794 agmine,

528 3828 676 3882 quos
706 3811 799 3866 ille
846 3820 1202 3881 corruperat,
1239 3811 1404 3882 primi
1438 3812 1813 3878 desciverunt,
1848 3829 1912 3868 ac
1940 3813 2118 3871 Tbes-

519 3885 834 3960 salonicam
893 3903 1183 3958 redierunt.
1231 3922 1245 3958 :
1305 3919 1415 3958 non
1473 3904 1620 3973 quod
1682 3905 2004 3974 imperatori
2057 3919 2118 3960 se

515 3998 699 4054 armis
730 4011 1020 4067 opponere
1071 3997 1527 4062 constituissent,
1579 3997 1673 4052 sed
1719 3998 1868 4068 quod
1917 4011 2119 4066 cogita»

517 4101 716 4145 ‘ttorum
755 4089 1102 4144 vexationem
1173 4098 1231 4145 et
1261 4091 1440 4145 minas
1477 4108 1504 4142 e
1540 4091 1804 4160 Byzantio
1829 4090 1977 4145 ferre
2005 4105 2117 4143 non

512 4192 778 4253 .Ipossent.
808 4183 948 4238 Nam
981 4198 1150 4252 penes
1179 4199 1318 4252 quos
1352 4182 1464 4237 illic
1493 4198 1707 4237 summa
1729 4182 1946 4253 imperii
1975 4189 2116 4246 erat,

507 4286 584 4332 -ct
631 4277 898 4332 adversus
946 4275 1399 4331 Cantaruzenutu
1456 4276 1779 4340 bellabant,
1811 4291 1923 4330 non
1956 4275 2118 4330 modo

528 4369 867 4439 legationem
926 4368 1137 4422 nullam
1198 4367 1502 4432 miserant,
1563 4381 1742 4436 neque
1793 4381 1960 4436 super
2013 4365 2120 4420 hoc

517 4461 830 4532 quidquam
876 4476 1005 4514 cum
1037 4474 1106 4513 eo
1141 4469 1367 4527 egerant
1397 4476 1411 4510 :
1444 4473 1639 4514 verum
1673 4459 1839 4512 etiam
1874 4457 1980 4522 bis,
2010 4466 2114 4526 ter,

531 4565 594 4609 ut
627 4553 1025 4615 meminimus,
1080 4551 1201 4620 ejus
1256 4548 1453 4619 legatis
1502 4549 1640 4602 nihil
1691 4549 2112 4619 responderant,

525 4660 741 4707 eosque
798 4645 965 4697 \ariis
1019 4640 1240 4712 injuriis
1292 4655 1455 4709 quam
1506 4649 1802 4710 potuerant
1833 4651 2117 4697 contume-

520 4734 828 4789 iiosissime
864 4743 1157 4795 vexatam,
1183 4744 1521 4798 carcereque
1547 4729 1941 4784 multaverant.
1973 4729 2117 4784 Pras-

518 4837 681 4883 tcrea
717 4824 1013 4896 Byzantios
1046 4822 1394 4892 imperatoris
1423 4821 1834 4878 commilitones
1868 4824 2117 4894 quotidie

519 4917 762 4973 occultis
814 4914 1178 4970 internuntiis
1219 4913 1544 4979 tentabant,
1593 4921 1654 4967 et
1693 4914 1741 4968 si
1791 4914 2114 4977 deﬁcerent.

519 5007 797 5064 beneﬁcia
854 5006 1027 5059 multa
1082 5003 1520 5075 promittebant,
1571 5016 1760 5059 contra
1810 5006 1913 5062 nisi
1955 5007 2118 5063 obse-

520 5107 838 5170 querentur
863 5137 878 5161 ,
908 5111 1020 5150 non
1071 5093 1366 5149 facultates
1416 5093 1686 5149 duntaxat
1712 5095 1997 5152 ablaturos
2017 5137 2032 5164 ,
2061 5105 2118 5152 et

531 5190 929 5264 possessiones
960 5187 1089 5242 aliis
1135 5186 1460 5242 addicturos
1487 5226 1501 5251 ,
1548 5187 1646 5241 sed
1696 5197 1752 5242 et
1781 5188 1990 5242 liberos
2023 5204 2118 5243 eo-

518 5299 651 5339 rum
719 5292 776 5339 et
820 5296 1020 5336 uxores
1059 5279 1249 5335 multis
1297 5281 1668 5337 incommodis
1743 5283 2117 5353 exagitaturos

521 5375 916 5431 minabantur.
959 5373 1092 5438 Quae
1142 5372 1510 5428 nobilioribus
1546 5383 1852 5443 praesertim
1905 5377 2116 5445 amplos

514 5484 725 5524 ct-nsus
747 5467 1150 5532 amitt‘entibus,
1173 5465 1463 5520 horribilia
1487 5465 1819 5520 videbantur
1845 5482 2115 5536 :quorum

519 5573 582 5615 et
615 5573 745 5616 tunc
770 5574 1069 5622 memores,
1099 5558 1250 5614 omni
1286 5573 1391 5628 Ope
1427 5558 1815 5627 imperatorem
1851 5560 2115 5618 cohibere

521 5655 818 5709 tentabant
846 5692 862 5717 ,
911 5669 979 5708 ne
1007 5661 1162 5708 extra
1204 5653 1342 5705 lines
1389 5665 1514 5705 cum
1568 5651 1812 5705 exercitu
1863 5668 2116 5720 prorum-

531 5757 712 5815 petet,
768 5753 1060 5814 sperantes
1086 5783 1104 5808 ,
1143 5742 1305 5813 5.8.1
1348 5742 1394 5796 si
1425 5741 1482 5796 id
1513 5741 1887 5799 obtinuissent
1918 5786 1930 5809 ,
1983 5761 2112 5802 cum

2223 3197 2424 3233 πτευον
2474 3179 2552 3243 ὡς
2605 3180 2917 3250 ἀπεράντου
2971 3179 3074 3249 τῆς
3121 3181 3334 3253 πλάνης
3395 3185 3678 3254 ἐσομένης.
3715 3185 3808 3238 Διὸ

2221 3271 2376 3327 αὐτοί
2404 3287 2466 3324 τε
2513 3269 2589 3333 ὡς
2637 3264 2784 3342 εἶχον
2821 3270 2923 3340 τὴν
2967 3269 3148 3342 ὁρμὴν
3211 3273 3520 3344 ἐπειρῶντο
3575 3274 3808 3329 κωλύειν

2223 3363 2454 3432 βασιλεῖ,
2491 3364 2735 3426 καὶτοὺς
2759 3362 2957 3426 ἄλλους
2994 3363 3184 3434 κρύφα
3230 3365 3614 3436 διαλεγόμενοι
3635 3385 3810 3438 παρε-

2221 3457 2449 3520 κάλουν,
2480 3455 2686 3509 ένδειάν
2714 3472 2775 3508 τε
2814 3455 2926 3509 τῶν
2949 3457 3268 3524 ἀναγκαίων
3292 3459 3683 3522 ὑποϐάλλοντες
3708 3460 3806 3514 καὶ

2223 3537 2404 3618 μάχας
2453 3547 2547 3600 καὶ
2579 3545 2871 3617 πολέμους,
2911 3547 3006 3600 καὶ
3053 3547 3130 3611 ὡς
3178 3549 3406 3620 οὐδεμία
3435 3551 3543 3604 τῶν
3597 3551 3805 3606 πόλεων

2222 3639 2519 3707 εἰσδέξοιτο
2570 3639 2800 3709 βασιλέα
2851 3639 3070 3692 έκοντίο
3107 3642 3202 3694 καὶ
3247 3643 3350 3694 ὅσα
3399 3643 3527 3712 ὲνῆν
3583 3645 3710 3711 πρὸς
3742 3643 3809 3698 τὸ

2225 3731 2461 3802 μάλιστα
2519 3731 2721 3795 αὐτοὺς
2795 3731 2870 3803 μὴ
2915 3732 3133 3803 βασιλεῖ
3198 3734 3515 3804 προθύμους
3574 3736 3808 3790 ἕπεσθαι

2221 3824 2455 3878 κωλύειν
2501 3823 2628 3877 εἴων
2659 3823 3081 3893 ἀνεπιχείρητον
3109 3824 3264 3879 οὐδὲν
3303 3826 3363 3890 ἐξ
3408 3820 3483 3880 ὧν
3511 3828 3572 3881 οὗ
3606 3829 3810 3900 μικράν

2219 3933 2343 3969 τινα
2375 3915 2570 3968 πτοίαν
2613 3915 2692 3976 είς
2724 3913 2786 3967 τὸ
2833 3916 3153 3985 στράτευμα
3188 3917 3446 3971 ἐνέϐαλον
3469 3959 3484 3984 ,
3519 3921 3612 3973 καὶ
3666 3921 3811 3991 πρὸς

2220 4007 2568 4059 ἀποστασίαν
2628 4006 2847 4058 ἔπειθον
2895 4013 3116 4076 χωρεῖν.
3175 4009 3547 4081 Κοτεανίτζης
3581 4012 3690 4082 γάρ
3717 4028 3808 4076 τις

2221 4099 2331 4152 τῶν
2385 4098 2826 4153 Θεσσαλονικέων
2890 4102 3112 4171 ἑτέρους
3169 4105 3368 4167 πείσας
3431 4108 3560 4175 περὶ
3611 4107 3811 4160 ἑκατὸν

2223 4187 2441 4258 πρῶτος
2497 4186 2764 4256 βασιλέως
2817 4190 3084 4257 ἀποστὰς,
3118 4192 3199 4253 είς
3230 4192 3635 4264 Θεσσαλονίκην
3665 4195 3806 4248 ἀπε-

2179 4293 2190 4322 t
2222 4278 2390 4348 χώρει
2409 4295 2423 4309 ·
2453 4279 2624 4333 ταῦτα
2655 4281 2714 4334 δὲ
2743 4281 3035 4354 ἔπραττον,
3070 4283 3130 4336 ού
3182 4283 3398 4354 βασιλεῖ
3421 4288 3808 4357 προῃρημένοι

2222 4373 2504 4443 πολεμεῖν,
2534 4373 2669 4427 ἀλλά
2708 4376 2813 4426 τῶν
2855 4375 3072 4428 οἰκείων
3099 4376 3197 4446 τὴν
3220 4377 3466 4432 κάκωσιν
3499 4381 3598 4433 καὶ
3619 4381 3714 4442 τὰς
3738 4381 3810 4433 ἐκ

2151 4463 2192 4518 D
2226 4464 2529 4527 Βυζαντίου
2561 4464 2794 4527 ἀπειλὰς
2827 4467 2890 4518 ού
2931 4468 3125 4538 φέρειν
3145 4468 3298 4532 ὄντες
3337 4471 3573 4524 δυνατοί.
3609 4473 3668 4524 Oi
3692 4473 3806 4543 γὰρ

2203 4559 2398 4609 ’ἐκεῖσε
2418 4557 2650 4624 ἄγοντες
2671 4557 2742 4609 τὰ
2773 4557 3076 4627 πράγματα
3114 4561 3210 4613 καὶ
3245 4560 3615 4630 πολεμοῦντες
3646 4561 3805 4630 βασι-

2218 4650 2322 4713 λεῖ,
2361 4649 2498 4718 πρὸς
2539 4648 2638 4717 μὲν
2671 4650 2882 4702 ἐκεῖνον
2907 4652 3006 4720 οὐχ
3031 4651 3116 4706 ὅτι
3149 4668 3213 4716 γε
3268 4652 3568 4722 πρεσϐείαν
3613 4652 3805 4721 ἐποιή-

2220 4757 2404 4802 σαντο,
2441 4740 2474 4809 ἢ
2510 4739 2889 4809 διειλέχθησαν
2949 4745 3081 4813 περὶ
3110 4742 3272 4796 τοῦτο
3309 4744 3604 4811 παράπαν·
3664 4742 3806 4798 ἀλλὰ

2221 4831 2315 4882 καὶ
2349 4829 2516 4884 αὐτοῦ
2548 4831 2645 4882 καὶ
2689 4831 2790 4894 δὶς,
2827 4831 3020 4904 ὥσπερ
3071 4833 3304 4904 ἔφημεν,
3371 4837 3466 4888 καὶ
3497 4835 3620 4905 τρὶς
3666 4852 3803 4904 πρε-

2220 4920 2411 4974 σϐείαν
2466 4923 2855 4989 πεπομφότος,
2895 4923 3021 4977 οὔτε
3066 4925 3405 4995 ἀπεκρίνατο
3443 4927 3614 4992 οὐδὲν,
3665 4927 3801 4981 ἀλλὰ

2219 5014 2312 5066 καὶ
2351 5013 2479 5078 τοὺς
2513 5015 2776 5087 πρέσϐεις
2810 5017 2982 5070 πολλά
3037 5018 3522 5089 περιυϐρίσαντες,
3568 5021 3799 5074 ἐκάκουν

2216 5105 2275 5157 ὲν
2317 5104 2712 5178 δεσμωτηρίοις
2753 5109 2856 5162 ὅσα
2883 5108 3086 5162 δυνατά
3109 5126 3122 5141 ·
3157 5110 3294 5181 πρὸς
3315 5111 3518 5174 (Strob;
3545 5111 3798 5175 συνόντας

2215 5197 2488 5271 ὁσημέραι
2543 5199 2732 5269 κρύφα
2771 5201 3091 5272 διελέγοντο,
3139 5202 3236 5257 και
3284 5203 3514 5257 πλεῖστά
3539 5220 3598 5256 τε
3624 5204 3796 5272 ιπηγ-

2217 5289 2470 5358 γέλλοντο
2498 5288 2556 5346 εὖ
2583 5295 2838 5364 ποιήσειν
2870 5295 3085 5349 ἐκείνου
3137 5296 3516 5360 ἀποστάνταςο
3548 5299 3642 5350 καὶ
3673 5296 3796 5348 τοὺ⁴

2217 5385 2433 5439 ναντίον
2452 5385 2502 5438 εί
2528 5386 2602 5456 μὴ
2628 5385 2931 5462 πείθοιντο,
2949 5389 3014 5441 οὐ
3034 5389 3103 5442 τά
3119 5389 3258 5442 ὄντα·
3277 5390 3681 5460 ἀφαιρήσεσθαι
3703 5389 3795 5440 καὶ

2217 5475 2444 5546 κτήσεις
2475 5479 2685 5548 ἑτέροις
2735 5479 3090 5550 παραδώσειν
3142 5480 3278 5534 άλλά
3335 5482 3432 5535 καὶ
3483 5482 3647 5534 τέκνα
3700 5479 3793 5534 καὶ

2217 5571 2488 5636 γυναῖκας
2546 5572 2628 5633 είς
2666 5573 2864 5641 πεῖραν
2929 5573 3080 5639 ἄξειν
3127 5573 3401 5641 ἀλγεινῶν
3457 5573 3688 5627 πολλῶν.
3724 5574 3791 5624 Ἀ

2216 5660 2394 5714 ἐδόκει
2427 5661 2637 5733 φοϐερά
2665 5665 2776 5726 τοῖς
2816 5663 3220 5736 εὐγενεστέροις
3246 5665 3484 5736 μάλιστα
3519 5663 3790 5736 προσόδων

2220 5749 2474 5819 μεγάλων
2490 5753 2986 5824 ἀποστερουμένοις
3005 5773 3020 5788 ⁸
3054 5749 3128 5811 ὧν
3155 5759 3246 5810 καὶ
3269 5756 3388 5809 τότε
3431 5755 3786 5826 μεμνημένοι,
