4054 6430
274 308 383 370 933

1416 307 1965 370 HISTORIARUM
2009 308 2248 372 LIBER
2292 311 2420 373 Ill.‘

3442 315 3550 381 93i

275 420 508 476 κωλύειν
572 419 676 494 διὰ,
731 418 952 474 πάντων
1029 418 1352 488 ἐπεχείρουν
1422 418 1650 488 βασιλέα
1731 421 1857 491 «pb;

1973 421 2040 478 ad
2085 422 2233 476 aliud
2255 420 2518 492 quiddam
2563 419 2901 478 fructuosius
2933 439 3266 480 conversum
3297 424 3385 482 iri.
3449 429 3560 485 lm-

285 511 622 582 ὑπερορίους
683 511 924 582 ἐξορμᾷν
955 512 1246 582 στρατείας
1265 527 1280 540 ⁸
1333 511 1573 580 οἰόμενοι
1604 511 1670 566 ἂν
1700 513 1874 566 κωλύ-

272 618 450 667 σωσι,
515 602 649 671 πρὸς
699 601 890 674 ἔτερόν
936 619 990 655 τι
1041 601 1344 672 τρέψεσθαι
1390 602 1870 674 λυσιτελέστερον.

273 692 539 755 Βασιλεὺς
577 693 636 746 δέ
657 695 767 756 τοῖς
794 692 891 746 ἀπ’
925 693 1106 763 ἀρχῆς
1145 693 1406 763 ἐμμένων
1449 694 1524 757 ὡς
1560 694 1746 758 καλῶς
1778 695 1869 764 βε-

268 785 679 854 ϐουλευμένοις,
731 785 872 855 ἄρας
901 786 966 839 ἐκ
995 784 1092 838 τοῦ
1137 785 1531 858 στρατοπέδου,
1584 781 1690 859 ἧκε
1727 787 1866 862 πρὸς

285 874 458 941 Ἀξιὸν
494 876 572 938 ὠς
600 875 1018 946 διαϐησόμενος,
1055 877 1456 944 συνείποντοεδέ
1484 878 1579 931 καὶ
1608 880 1658 931 oi
1689 878 1863 946 ἄλλοι,

270 967 318 1018 oi
357 965 454 1034 μὲν
502 964 743 1029 ἑκόντες,
772 965 824 1018 οἳ
853 966 898 1019 δ’
943 965 1182 1039 ἀνάγκῃ.
1215 967 1439 1036 Συμϐὰν
1465 967 1521 1020 δὲ
1563 967 1710 1023 οὕτω
1737 970 1867 1040 περὶ

267 1055 340 1111 τὰ
401 1054 591 1128 ὀρεινὰ
619 1054 854 1126 ὄμϐρων»
894 1057 1170 1128 ραγδαίων
1209 1057 1694 1130 καταρραγέντων,
1723 1059 1864 1116 ᾇπο-

207 1181 226 1199 .
269 1164 368 1218 ρος
393 1147 649 1214 ἐφαίνετο,
671 1148 699 1202 6
736 1148 1116 1218 ποταμὸςιῦπδ
1146 1149 1510 1220 πλημμύρας.
1544 1150 1863 1222 Στρατοπε-

265 1239 595 1307 δευσάμενοι
636 1238 693 1292 δὲ
739 1240 898 1306 ἐκεῖ,
949 1239 1280 1310 περιέμενον
1343 1241 1420 1305 ὡς
1481 1242 1862 1312 λωφησάντων

267 1329 709 1402 περαιωσόμενοι
757 1331 866 1383 τῶν
932 1331 1176 1386 ὑδάτων·
1228 1333 1296 1389 τὰ
1359 1333 1438 1394 δὲ,
1495 1333 1652 1385 οὐδὲν
1687 1329 1858 1404 ἦττον

265 1419 632 1490 ἐπληθύνετοο
666 1422 760 1476 καὶ
792 1422 1030 1491 ὑποψίαν
1059 1427 1326 1495 παρεῖχεν
1375 1425 1451 1486 ὡς
1482 1425 1583 1478 οὒκ
1613 1427 1670 1478 ἐν
1690 1426 1862 1496 ὀλίγῳ

265 1512 441 1566 δίοδον
486 1513 817 1583 παρέξοντα.
873 1514 1240 1570 Ἐπιλελοίπει
1279 1533 1337 1568 τε
1377 1515 1479 1588 ἤδη
1510 1519 1606 1570 καὶ
1632 1518 1660 1572 6
1710 1517 1879 1582 σίτος⁶

268 1605 376 1675 τὴν
404 1607 685 1675 στρατιάν.
721 1606 894 1677 Ὁρῶν
919 1606 974 1660 δέ
997 1609 1025 1660 6
1053 1607 1309 1679 βασιλεὺς
1337 1609 1412 1673 ὡς
1440 1610 1469 1663 ὃ
1521 1626 1580 1663 τε
1610 1609 1772 1680 πόρος
1797 1610 1858 1664 οὐ

268 1696 456 1768 ῥᾴδιος
477 1697 684 1761 αὐτοῖς,
720 1699 816 1752 καὶ
843 1699 953 1752 τῶν
979 1699 1303 1772 ἐπιτηδείων
1332 1702 1506 1756 δέοιτο
1529 1703 1566 1772 ή
1596 1701 1854 1772 στρατιὰ,

261 1883 580 1954 γενημῶιην
605 1884 876 1955 πρότερον
927 1886 1020 1938 ἐπὶ
1048 1885 1141 1937 τὸν
1173 1885 1379 1953 Ἕϐρον
1405 1885 1674 1956 κωλύμην
1698 1885 1858 1954 στρέ-

265 1993 386 2045 φων
419 1977 512 2028 ἐπὶ
567 1974 728 2029 νοῦνο
762 1975 858 2029 καὶ
898 1975 1160 2039 δεδοικὼς
1187 1976 1263 2046 μὴ
1295 1976 1392 2030 καὶ
1414 1975 1574 2040 αὖθις
1617 1978 1688 2033 τὰ
1719 1995 1860 2051 παρ-

264 2067 396 2120 όντα
427 2066 622 2120 κακῶν
675 2065 828 2121 αἴτια
879 2067 1139 2138 μεγάλων
1191 2070 1462 2139 καταστῇ,
1521 2069 1753 2140 ἐπέλεγὲ
1794 2087 1856 2123 τε

270 2157 471 2228 ἐαυτῷ,
502 2158 578 2223 ὡς
609 2158 670 2210 ἐν
694 2153 778 2223 οἷς
816 2159 921 2231 μὲν
959 2161 986 2213 6
1016 2159 1148 2225 Θεὸς
1198 2161 1432 2227 εὐδοκεῖ,
1466 2163 1563 2218 καὶ
1591 2163 1624 2230 ἡ
1675 2164 1858 2227 κτίσις

272 2247 468 2301 ἆπασα
503 2247 796 2318 ὑπηρετεῖ·
832 2243 914 2312 οἷς
947 2249 1003 2303 δέ
1039 2249 1448 2315 ἀντιτάττεται,
1474 2254 1572 2304 καὶ¹
1606 2253 1638 2321 ή
1679 2252 1857 2316 κτίσις

271 2336 528 2391 δύσκολον
553 2339 759 2410 ὁμοίως
811 2340 1016 2412 ἑαυτὴν
1069 2341 1396 2416 παρέχεται.
1444 2342 1776 2414 Ἀνέστρειρε
1808 2342 1855 2397 δ’

267 2428 364 2483 οὖν
391 2431 540 2500 ὅμως
566 2433 644 2495 εἰς
691 2433 1189 2504 Γυναικόκαστρον,
1243 2433 1471 2504 γνώμην
1499 2435 1642 2505 ἔχων
1683 2435 1759 2498 ὡς
1787 2437 1858 2506 τῇ

1976 520 2201 580 perator
2251 510 2471 566 consilii
2516 512 2688 566 semel
2737 513 2924 583 capti,
2979 522 3038 568 ut
3082 515 3316 584 optimi,
3371 526 3555 585 tenax,

1978 605 2147 656 motis
2181 603 2380 658 castris
2408 601 2476 658 ad
2507 602 2745 668 Axium,
2779 605 2966 674 cupias
3017 606 3437 663 transducturus
3463 624 3558 664 ve-

1977 693 2078 746 nit.
2114 693 2248 748 Pars
2283 694 2514 762 volens,
2557 709 2684 765 pars
2714 695 2884 748 invita
2935 696 3334 766 sequebantur.
3393 699 3558 755 Forte

1975 784 2028 837 in
2067 785 2344 840 montanis
2387 786 2593 841 imbres
2641 785 2892 858 abruptis
2960 787 3202 844 nubibus
3251 789 3560 860 ingemina-

1974 886 2215 940 vi-rant,
2275 887 2331 931 et
2381 876 2582 932 ﬂuvius
2632 893 2800 948 super
2848 879 2994 948 ripas
3045 879 3254 951 stagnis
3303 880 3554 952 effusus,

1973 968 2274 1021 transmitti
2314 984 2427 1024 non
2458 979 2698 1038 poterat.
2747 969 2826 1024 lbi
2883 971 3047 1040 igitur
3102 973 3300 1027 castris
3335 974 3556 1042 positis,
3659 1033 3662 1036 ,

1969 1056 2104 1110 dum
2141 1073 2298 1128 aquae
2347 1055 2699 1116 subsid'erent
2749 1062 3167 1131 exspectabant.
3219 1062 3430 1129 Quibus
3474 1063 3559 1118 ni-

1970 1147 2082 1201 hilo
2123 1150 2310 1206 minus
2358 1149 2805 1206 increscentibus
2831 1192 2846 1216 ,
2879 1153 3136 1222 .suspicio
3185 1165 3307 1210 erat
3340 1155 3555 1224 longius

1974 1247 2283 1294 extractum
2317 1241 2382 1294 iri
2413 1243 2701 1295 transitum
2732 1258 2747 1296 :
2783 1252 2840 1296 et
2876 1243 2990 1313 jam
3025 1255 3368 1299 commeatus
3393 1261 3555 1300 exer-

1965 1331 2144 1385 citum
2172 1331 2472 1387 defecerat.
2516 1333 2646 1400 Quae
2680 1332 2793 1387 duo
2818 1349 2942 1388 cum
2972 1345 3225 1391 cerneret
3253 1338 3556 1407 imperator

1965 1439 2284 1497 quanquam
2315 1424 2532 1489 nolens,
2571 1432 2626 1478 et
2653 1439 2849 1493 magna
2877 1440 3002 1478 cum
3038 1428 3291 1481 molestia
3314 1470 3329 1493 ,
3369 1445 3558 1483 recor-

1969 1509 2134 1564 datus
2162 1512 2442 1579 quomodo
2467 1512 2609 1565 alias.
2637 1510 2879 1566 Hebrum
2906 1529 3127 1583 quoque
3158 1518 3395 1571 transire
3423 1518 3557 1574 fuis-

1964 1615 2052 1660 set
2095 1603 2413 1672 prohibitus
2459 1622 2473 1658 :
2527 1613 2584 1658 et
2619 1605 2968 1672 formidans,
3028 1623 3097 1662 ne
3147 1609 3279 1664 hinc
3330 1626 3552 1666 rursum

1964 1695 2164 1767 ingens
2193 1697 2402 1751 malum
2449 1696 2720 1761 oriretur,
2753 1712 2924 1767 seque
2952 1699 3130 1768 ipsum
3162 1701 3328 1755 tacite
3364 1703 3559 1756 admo-

141 1807 152 1814 ·
262 1789 421 1844 ἄκων
453 1790 554 1860 μὲν
583 1791 677 1844 καὶ
708 1791 1085 1865 δυσχεραίνων
1106 1792 1166 1845 οὐ
1201 1793 1464 1863 μετρίως,
1519 1793 1616 1848 καὶ
1639 1793 1739 1863 τὴν
1765 1810 1856 1861 γε·

1962 1803 2146 1853 ncns,
2208 1787 2617 1867 quibus'Deus
2672 1789 2812 1843 bene
2844 1790 3016 1857 velit,
3072 1791 3138 1846 iis
3189 1808 3278 1848 res
3337 1803 3559 1850 creatas

1957 1896 2154 1937 omnes
2214 1882 2518 1946 inservire,
2556 1881 2765 1950 quibus
2811 1892 2998 1939 autem
3031 1885 3380 1950 adversetur,
3423 1887 3552 1942 huic

1957 1973 2220 2028 similiter
2249 1983 2563 2030 creaturam
2596 1990 2654 2033 se
2683 1976 2934 2046 praebere
2969 1976 3273 2042 diﬁicilem,
3295 1995 3552 2035 reversus

1954 2075 2041 2120 est
2076 2073 2256 2120 tamen
2308 2067 2364 2120 in
2395 2066 2877 2138 Gynaecocastrum
2905 2109 2920 2134 ,
2972 2083 3036 2123 ea
3073 2078 3256 2123 mente
3280 2111 3296 2133 ,
3327 2079 3388 2124 ut
3421 2085 3554 2125 con-

1957 2158 2164 2227 quisita
2222 2158 2494 2213 exercitui
2531 2174 2749 2214 annona
2783 2159 3031 2224 rediret;
3088 2160 3345 2214 alebatur
3391 2161 3542 2216 enim

1963 2264 2063 2318 spe
2088 2288 2103 2311 ,
2151 2247 2356 2303 ﬂumen
2387 2248 2598 2302 interea
2626 2249 2788 2304 undis
2838 2247 3147 2304 imminutis
3197 2251 3430 2305 meabile
3467 2252 3550 2306 fu-

1962 2351 2171 2395 turum.
2225 2341 2596 2394 Protostrator
2646 2340 2940 2411 casterique
3005 2357 3072 2396 eo
3151 2343 3546 2413 impedimento

1965 2433 2102 2495 laeti,
2133 2431 2371 2486 nimium
2403 2439 2678 2501 quantum
2710 2433 2950 2488 libentes
2981 2433 3258 2489 redibant.

265 2527 502 2598 στρατιᾷ
517 2527 665 2581 σίτου
698 2527 1069 2599 πορισθέντος,
1100 2523 1258 2591 αὖθις
1279 2529 1587 2584 ἐπανέλθοι.
1611 2529 1848 2594 Ἦλπιςε
1888 2528 1995 2598 γὰρ
2031 2527 2161 2598 ἄχρι
2228 2528 2288 2580 τό
2323 2543 2403 2589 τε,
2439 2527 2534 2579 καὶ
2558 2528 2651 2581 τὸν
2685 2529 2929 2597 ποταμὸν
2989 2530 3245 2583 ἐνδώσειν
3289 2531 3425 2602 πρὸς
3460 2530 3557 2586 ἰδν

262 2621 455 2691 πόρον,
487 2623 940 2700 Πρωτοστράτιορ
969 2623 1025 2676 δὲ
1054 2626 1150 2678 καὶ
1175 2626 1224 2677 oi
1257 2623 1458 2692 λοιποὶ,
1484 2625 1679 2697 ἥδοντο.
1720 2624 1860 2695 πρὸς¹
1889 2625 1990 2697 τὴν
2014 2622 2344 2693 ἀποτυχίαν,
2385 2623 2478 2674 καὶ
2507 2621 2791 2693 χαίροντες
2819 2616 3186 2694 ἐπανήεσάνί

1716 2759 1951 2817 CAPUT
1991 2738 2111 2814 x'L.

266 2849 616 2930 Apocattclms
649 2851 1427 2930 Thessalonicam_appeltitur_,
1461 2862 1519 2905 ut
1550 2853 2001 2930 quemadmodum
2031 2848 2331 2930 in‘insulis,
2369 2850 2661 2930 pot-entiam
2691 2866 2846 2930 suam
2887 2858 3132 2930 ostentet.
3180 2851 3553 2930 Protostrator

347 2921 810 2992 odApocauchttm
843 2921 1214 2988 deﬁciuinde
1240 2922 1520 2977 tumultus.
1554 2921 1863 2992 Imperator
1904 2923 1958 2976 in
2011 2922 2356 2992 defectionem
2401 2922 2738 2992 meditantes,
2780 2929 2847 2992 με·
2889 2921 3102 2992 ignavos
3153 2939 3216 2976 ac
3266 2927 3552 2992 degeneres

345 2989 608 3044 invehitur
636 3007 654 3047 :
686 2992 871 3062 quales
904 3009 964 3049 se
985 2993 1197 3063 ipsimet
1223 2992 1546 3061 conﬁtentur
1573 3002 1622 3047 et
1641 2989 1826 3053 nihilo
1856 2993 2030 3048 minus
2070 2989 2285 3045 obeunt.
2312 2990 2375 3048 In
2405 2990 2743 3060 Apelmenem
2771 2989 3043 3059 beneﬁcia,
3073 3001 3123 3045 et
3152 2993 3266 3061 ejus
3302 2989 3551 3062 ingratus

344 3063 554 3115 animus
585 3079 649 3114 ac
677 3063 950 3133 superbia.

344 3177 456 3248 Τῆς
513 3177 683 3248 αὐτῆς
714 3177 771 3230 δέ
800 3177 1014 3250 ἡμέρας
1065 3179 1161 3232 καὶ
1219 3177 1561 3250 Ἀπόκαυχος
1601 3178 1628 3231 6
1675 3178 1850 3248 μέγας

2026 3176 2236 3232 Eodem
2260 3176 2350 3232 die
2380 3175 2549 3234 etiam
2582 3176 2950 3246 Apocauchus
2983 3192 3223 3246 magnos.
3253 3179 3365 3235 dux
3402 3198 3528 3240 cum

259 3271 398 3335 δοὺξ
438 3269 817 3340 ἐϐδομήκοντα
839 3273 1001 3326 ναυσὶ
1027 3270 1164 3341 πρὸς
1193 3269 1600 3341 Θεσσαλονίκην
1625 3265 1764 3342 ἧκεν
1793 3269 1852 3336 ἐξ
1888 3283 1892 3294 ‘

259 3362 524 3426 Εὐϐοίας.
561 3362 704 3430 Πρὸς
729 3361 839 3431 γὰρ
869 3362 968 3415 τὸν
988 3361 1254 3432 βασιλέως
1306 3361 1547 3432 πέλεμθυ
1568 3361 1721 3415 οὐδὲν
1741 3362 1854 3414 old-

258 3468 430 3525 μενος
455 3449 836 3522 λυσιτελήσειν
867 3446 960 3505 οἷα
1009 3452 1074 3522 δὴ
1104 3451 1370 3522 ναυτικῆς
1402 3450 1573 3523 οὔσης
1602 3453 1702 3524 τῆς
1726 3453 1854 3507 δυν-

262 3546 452 3614 άμεως
509 3543 684 3614 αὐτῷ.
733 3543 1194 3615 Καντακουζηνοῦ
1232 3543 1289 3598 δέ
1333 3544 1432 3600 τοῦ
1491 3545 1759 3614 βασιλέως
1793 3544 1854 3611 ἐξ

265 3635 495 3706 ἠπείρου
538 3635 997 3706 στρατευομένου,
1034 3635 1140 3698 τὰς
1196 3635 1398 3706 νήσους
1441 3636 1692 3706 περιίὼν,
1726 3639 1855 3690 ἐπε-

259 3728 509 3782 δείκνυτο
564 3728 666 3798 τὴν
721 3727 978 3798 δύναμιν,
1008 3729 1106 3780 καὶ
1132 3726 1408 3798 προῆλθεν
1437 3727 1569 3798 ἄχρι
1621 3727 1720 3796 τῆς
1751 3727 1854 3780 Εὑ-

265 3819 446 3882 6οίας.
490 3817 734 3879 Ἐκεῖθεν
791 3817 850 3870 δέ
913 3817 1041 3872 ἐπεὶ
1098 3817 1466 3890 ἀναστρέφειν
1511 3817 1582 3892 ἦν
1635 3819 1849 3889 καιρὸς,

263 3912 444 3966 ἐδόκει
464 3913 575 3966 δεῖν
598 3913 693 3965 καὶ
727 3911 868 3983 πρὸς
893 3913 1301 3983 Θεσσαλονίκην
1335 3913 1542 3980 ἐλθεῖν,
1581 3913 1854 3983 ἐπιδειξό-

268 4023 437 4077 μενος
459 4006 620 4060 κάκεῖ
652 4004 752 4077 τὴν
784 4004 1040 4076 δύναμιν.
1080 4005 1320 4061 Ἐλθόντι
1364 4008 1420 4060 δὲ
1452 4007 1614 4072 εὐθὺς
1645 4009 1678 4078 ή
1723 4009 1855 4079 περὶ

269 4100 374 4166 τὴν
410 4096 676 4167 βασιλέως
732 4099 995 4168 στρατιὰν
1038 4099 1319 4169 ἐμηνύετο¹
1343 4100 1666 4171 διχοστασίᾳ
1692 4115 1707 4131 ⁸
1745 4101 1774 4153 6
1807 4100 1852 4153 δ’

265 4188 467 4242 αὐτίκα
497 4188 948 4260 πρωτοστράτορί
972 4206 1033 4244 τε
1085 4190 1185 4244 καὶ
1227 4194 1339 4255 τοῖς
1375 4192 1566 4254 ἄλλοις,
1598 4193 1698 4262 τὴν
1727 4194 1856 4261 ἀφι-

267 4281 358 4345 ξιν
388 4281 552 4340 αὑτοῦ
589 4282 776 4350 ἐδήλου
798 4298 812 4314 ο
839 4285 935 4336 καὶ
985 4284 1364 4355 ἐπηγγέλλετο
1394 4284 1569 4339 πολλά
1600 4286 1648 4338 εί
1693 4286 1854 4355 βασι-

263 4373 407 4436 λέως
449 4376 748 4430 ἀποσταῖεν
799 4375 939 4446 πρὸς
966 4376 1167 4432 αὐτόν’
1219 4374 1253 4445 ἢ
1300 4375 1369 4430 τὰ
1398 4375 1604 4446 ἔσχατα
1635 4375 1852 4444 ἠπείλει

263 4462 547 4534 διαθήσειν
600 4466 728 4528 τοὺς
775 4466 1033 4529 οἰκείου-ς,
1093 4465 1188 4518 καὶ
1249 4467 1431 4520 πᾶσαν
1485 4464 1850 4531 ἐπιδείξεσθαι

1956 3271 2240 3341 sexaginta
2280 3270 2516 3325 navibus
2543 3284 2607 3323 ev
2657 3269 2866 3323 Euboea
2909 3269 3362 3328 Thessalonicam
3393 3273 3544 3330 dela-

1958 3370 2046 3417 tus
2077 3371 2181 3417 est.
2220 3361 2356 3417 Nam
2400 3377 2525 3417 cum
2558 3359 2625 3414 ad
2668 3360 2878 3415 bellum
2915 3371 3108 3416 contra
3147 3361 3540 3433 imperatorem

1957 3453 2106 3511 nihil;
2135 3468 2194 3507 se
2226 3453 2556 3506 collaturum
2589 3460 2830 3519 putaret,
2863 3451 3011 3520 quod
3053 3451 3170 3521 ipse
3221 3456 3407 3510 navali
3439 3472 3545 3526 po-

1959 3547 2127 3602 tentia
2153 3545 2384 3607 valeret,
2420 3542 2843 3600 Cantacuzenus
2869 3552 3055 3598 autem
3099 3543 3154 3596 in
3193 3553 3352 3598 terra.
3378 3547 3547 3601 habe-

1956 3646 2041 3691 ret
2074 3636 2406 3698 exercitum,
2446 3635 2668 3688 insulas
2705 3634 3060 3699 circumiens,
3107 3643 3165 3690 et
3229 3635 3374 3690 vires
3415 3653 3546 3693 suas

1962 3737 2276 3791 Ostentans,
2305 3727 2570 3782 Euboeam
2627 3727 2907 3796 pervenit.
2944 3725 3074 3780 Inde
3122 3727 3259 3798 quia.
3304 3709 3547 3785 abeundi

1960 3827 2178 3888 tempus
2213 3826 2357 3879 erat.
2388 3817 2569 3872 visum
2621 3815 3068 3872 Thessalonicam
3117 3833 3338 3888 quoque
3385 3821 3549 3873 navi-

1956 3906 2237 3978 gaudum,
2260 3918 2314 3962 et
2341 3907 2416 3962 ibi
2457 3907 2715 3962 similiter
2765 3907 2914 3961 vires
2956 3908 3342 3964 ostentandas.
3373 3909 3450 3964 Eo
3485 3919 3550 3963 ut

1958 4002 2130 4067 venit,
2185 4000 2441 4069 protinus
2488 3999 2767 4053 dissensio
2813 3999 3100 4055 exercitus
3139 4000 3192 4054 ei
3243 4001 3550 4068 indicatur,

1957 4094 2184 4164 ipseque
2211 4092 2502 4146 confestim
2544 4091 2933 4160 protostratori
2990 4101 3046 4145 et
3080 4091 3204 4146 aliis
3242 4092 3539 4148 adientum

1957 4201 2121 4240 suum
2155 4181 2538 4253 signiﬁcat,,et
2566 4182 2854 4252 promissis
2883 4197 2978 4236 eos
3017 4195 3228 4247 onerat,
3263 4185 3306 4236 si
3343 4184 3412 4238 ab
3443 4185 3548 4238 im-

1955 4285 2216 4348 peratore
2245 4273 2312 4327 ad
2341 4290 2400 4330 se
2433 4283 2759 4339 transeant;
2806 4275 2861 4329 ni
2898 4273 3093 4338 faxint,
3127 4290 3319 4328 eorum
3348 4291 3550 4346 cogna-

1958 4379 2045 4424 tos
2071 4367 2367 4422 horrendis
2391 4367 2734 4424 cruciatibus
2763 4366 3152 4422 crudelissime
3173 4367 3543 4436 perditurum.

1957 4460 2363 4527 Protostrator,
2397 4459 2492 4529 qui
2553 4466 2611 4514 et
2667 4459 2872 4528 alioqui
2928 4459 3168 4514 militare
3221 4459 3544 4529 imperatori

263 4556 551 4627 ὠμότητα.
591 4557 1046 4628 Πρωτοστράτωρ
1067 4556 1122 4610 δέ
1149 4558 1244 4610 καὶ
1273 4558 1541 4627 πρότερον
1585 4558 1685 4628 τὴν
1713 4559 1852 4628 μετά

1961 4553 2395 4624 propinquorum
2457 4566 2624 4608 causa
2683 4551 2983 4622 refugeret,
3013 4562 3072 4605 ut
3138 4540 3549 4606 demonstravi»

265 4649 538 4718 βασιλέως
589 4649 847 4720 ὀρρωδῶν
909 4649 1199 4719 στρατείαν
1259 4649 1349 4704 διὰ
1410 4638 1538 4714 τοὺς
1593 4651 1850 4716 οἰκείους,

265 4739 461 4810 ὥσπερ
496 4739 734 4810 ἔφημεν,
759 4740 854 4793 καὶ
880 4739 942 4794 τὸ
969 4739 1046 4812 μὴ
1079 4739 1368 4811 βούλεσθαι
1403 4741 1730 4812 ὑπερορίαις
1757 4741 1852 4796 καὶ

267 4830 456 4892 πόνοις
489 4829 580 4884 διὰ
602 4829 700 4900 τὴν
727 4830 941 4884 ἐκείνου
979 4829 1143 4900 χάριν
1197 4832 1573 4902 προσομιλεῖν,
1614 4832 1860 4904 ἄσμενός.

265 4939 330 4975 τε
355 4922 519 4986 εὐθὺς
572 4921 786 4992 ἐδέχετο
843 4921 936 4974 τὸν
971 4921 1152 4989 λόγον,
1196 4923 1292 4975 καὶ
1319 4923 1517 4992 ὅρκους
1547 4921 1670 4994 ᾔτει
1696 4924 1850 4995 παρά

269 5013 514 5086 μεγάλου
541 5014 734 5076 δουκῆς
763 5013 856 5065 ἐπὶ
888 5014 1001 5076 τοῖς
1026 5013 1412 5085 είργασμένοις
1451 5014 1743 5084 πρότερον.
1792 5016 1851 5068 '0

265 5107 350 5170 δὲ,
407 5107 640 5178 παρεῖχε
669 5106 792 5160 τότε
823 5105 1056 5175 χαίρων,
1106 5104 1203 5157 καὶ
1250 5103 1430 5160 πάντα
1478 5105 1852 5176 ἐπηγγέλλετο

267 5197 593 5270 προθύμως.
612 5196 718 5252 Τοῦ
742 5198 1136 5268 πεπραγμένου
1170 5195 1226 5250 δὲ
1252 5196 1412 5261 εὐθὺς
1441 5199 1537 5252 καὶ
1568 5197 1708 5269 πρὸς
1724 5197 1856 5262 τοὺς,

265 5291 462 5355 ἄλλους
489 5289 846 5356 διαδοθέντος,
874 5289 990 5342 ὅσοι
1028 5287 1097 5342 τὰ
1146 5287 1289 5341 αὐτὰ
1340 5289 1572 5359 ᾑρουντο
1635 5307 1850 5360 πρωτο-

268 5381 552 5450 στράτορι,
577 5378 817 5450 τάραχὸς
841 5395 904 5430 τε
935 5374 1004 5450 ἦν
1042 5377 1204 5442 εὐθὺς
1240 5377 1302 5431 οὐ
1335 5378 1534 5449 μικρὸς
1573 5381 1720 5434 κατὰ
1749 5378 1848 5452 τὴν

268 5471 558 5542 στρατιὰν,
589 5470 685 5523 καὶ
709 5469 973 5540 σύγχυσις
1007 5469 1153 5540 δεινὴ
1185 5470 1280 5523 καὶ
1309 5469 1507 5536 ἀταξία
1529 5486 1544 5500 ·
1586 5471 1697 5524 τῶν
1723 5472 1846 5542 μὲν,

267 5565 372 5636 ἤδη
398 5562 530 5633 πρὸς
554 5561 894 5615 ἀποστασίαν
931 5563 1128 5632 χωρεῖν
1159 5561 1624 5632 βεϐουλευμένων,
1653 5563 1763 5616 τῶν
1802 5563 1848 5618 δ’

265 5655 467 5719 ἄλλων,
493 5654 682 5725 ὥσπερ
707 5651 776 5725 ἦν
805 5653 973 5716 εἰκὸς...
990 5653 1080 5706 διὰ
1115 5653 1213 5724 τὴν
1243 5654 1468 5708 ἐκείνων
1493 5653 1850 5730 ἀποχώρησιν

273 5748 673 5819 κλονουμένων,
705 5747 800 5802 καὶ
830 5747 1086 5818 πονηρὰς,
1108 5749 1240 5814 περὶ
1267 5745 1362 5800 τοῦ
1386 5747 1698 5818 ⁵μέλλοντος
1751 5750 1850 5813 τὰς

1955 4662 2101 4712 mus,
2129 4655 2184 4700 et
2232 4646 2412 4699 nollet
2441 4660 2539 4715 per
2586 4643 2707 4698 loca
2745 4644 3045 4714 longinqua
3082 4644 3206 4712 ejus
3252 4642 3426 4713 gratia
3460 4642 3558 4696 la--

1957 4739 2148 4794 bnrcm
2196 4753 2515 4808 capessere,
2542 4736 2707 4809 482
2759 4736 3138 4792 conditionem
3196 4734 3378 4788 statim
3425 4750 3550 4788 am-

1955 4831 2171 4901 plexus,
2233 4829 2533 4900 juranmnti
2587 4828 2901 4883 cautionem
2954 4842 3056 4896 pro
3114 4826 3410 4896 praeteritis
3445 4841 3549 4896 pe-

1955 4925 2054 4989 tit;
2103 4936 2216 4992 quo
2259 4920 2628 4991 Apocauchus
2667 4917 2913 4989 gaudens
2961 4933 3020 4972 se
3072 4916 3392 4987 obstringit,
3443 4931 3547 4972 cu-

1958 5015 2199 5085 pideque
2248 5013 2487 5083 spondet
2514 5011 2829 5070 omnia.,Eo_
2858 5009 3001 5066 facto
3049 5026 3150 5080 per
3177 5011 3316 5065 alios
3342 5010 3549 5076 didita,

1959 5113 2236 5175 quotquot
2275 5104 2422 5160 idem
2472 5102 2861 5174 protostr-atori
2909 5100 3244 5166 sentiebant,
3269 5117 3367 5157 eos
3412 5117 3548 5172 per-

1960 5196 2204 5254 turbatio
2236 5195 2523 5264 repentina
2573 5209 2678 5250 nec
2700 5193 2997 5248 mediocris
3031 5194 3200 5264 cepit,
3231 5209 3544 5264 magnaque

1959 5303 2144 5343 rerum
2198 5300 2254 5343 et
2294 5288 2552 5342 ordinum
2603 5286 2860 5342 confusio
2909 5287 3217 5341 exercitum
3271 5286 3544 5359 pervasit,

1957 5381 2082 5436 aliis
2117 5381 2427 5436 desciscere
2452 5381 2564 5451 jam
2591 5379 2955 5435 deliberatum
2981 5380 3342 5440 habentibus;
3389 5378 3547 5440 aliis,

1959 5483 2019 5529 ut
2061 5482 2180 5528 erat
2227 5487 2597 5543 consequens,
2633 5472 2706 5527 ob
2761 5471 2984 5527 illorum
3024 5471 3395 5528 secessionem
3455 5477 3549 5524 tu-

1959 5566 2386 5630 multuantibus,
2426 5579 2677 5635 maleque
2726 5563 2780 5620 in
2816 5573 3100 5634 posterum
3137 5561 3542 5617 ominantibus.

1959 5658 2266 5728 Imperator
2318 5668 2379 5712 ut
2423 5657 2733 5711 exercitum
2781 5655 3072 5710 confusum
3125 5653 3548 5715 animadvertit.

1961 5752 2283 5806 auctoribus
2369 5749 2697 5805 defectionis
2789 5748 3137 5818 potissimum
3207 5745 3544 5802 advocatis:
