4014 6432
389 316 497 379 9'19

1569 307 1893 370 JOANNIS
1933 306 2462 370 CANTACUZENI

3555 310 3672 375 950

387 441 521 495 αρε
553 419 817 476 deﬁciens
866 419 1005 475 alios
1047 431 1235 474 secum
1273 417 1565 482 traxisset,
1599 417 1692 488 qui
1744 424 1973 487 propter

2093 418 2472 492 ιγνωμοσύνης
2493 459 2508 483 ,
2545 417 2628 470 ὅτι
2664 416 2882 488 πρῶτος
2918 413 3082 480 αὐτὸς
3117 415 3256 487 πρὸς
3289 415 3396 488 τὴν
3421 417 3668 473 ἀποσταο

395 519 577 586 ipsum
631 514 870 568 maxime
933 513 1297 583 trepidantes.
1328 511 1486 582 quasi
1535 510 1810 578 mancipia
1853 523 1974 586 sese

395 582 651 666 liosnbus
707 582 1088 667 tradidissent,
1147 620 1211 659 ac
1287 603 1391 658 sibi
1433 602 1601 671 (quod
1645 582 1870 670 quidem
1906 601 1973 652 ad

397 709 551 778 ipsos
591 702 872 774 attineret)
901 701 1106 771 ingenti
1153 698 1296 755 malo
1345 696 1604 750 fuissent.
1639 693 1849 748 Deinde
1883 708 1976 746 ve-

333 824 336 828 η
395 802 542 858 niam
579 796 877 859 tribuebat,
900 793 1047 863 quod
1076 799 1286 845 natura:
1319 789 1592 857 imperare
1622 800 1729 838 non
1757 784 1968 854 potuis-

297 874 350 898 ’λ
393 899 497 950 set.
532 887 682 940 Talia
718 885 922 954 quippe
968 882 1212 936 facinora
1261 895 1370 933 non
1421 878 1720 932 multorum
1764 874 2000 944 inﬁmo"

395 994 655 1048 rumque,
681 977 774 1033 sed
795 989 1097 1045 paucorum
1130 982 1185 1026 et
1210 973 1414 1025 virtute
1451 968 1805 1022 robustorum
1833 979 1977 1017 esse.

397 1071 500 1138 Qui
537 1067 954 1144 idcirco.eliam
987 1078 1204 1119 summe
1246 1059 1628 1131 suspiciuntur
1659 1094 1674 1117 ,
1715 1055 1976 1125 quoniam

395 1180 506 1218 non
543 1163 720 1218 solum
755 1143 809 1213 in
841 1172 1026 1213 rerum
1062 1151 1594 1210 commutationibus
1625 1161 1688 1200 ac
1741 1143 1979 1198 diiiicul-

395 1253 602 1306 tatibus
628 1250 730 1320 ipsi
777 1263 1045 1319 generosa
1081 1253 1268 1298 mente
1305 1251 1530 1295 manent
1562 1236 1938 1290 immutabiles
1962 1272 1980 1296 ,

393 1343 488 1398 sed
525 1353 582 1396 et
639 1351 853 1395 naturze
882 1339 1058 1408 ipsius
1119 1336 1360 1387 victores
1420 1346 1484 1384 ac
1539 1328 1750 1383 domini
1804 1325 1980 1379 videri

392 1449 614 1505 aequum
645 1438 898 1485 censent.
927 1428 1184 1482 Adducto
1216 1434 1399 1478 autem
1433 1419 1753 1475 Andronico
1778 1419 1980 1481 Asane,

394 1547 461 1582 ex
492 1530 664 1580 fratre
729 1522 918 1577 uxoris
981 1520 1190 1590 genito,
1225 1518 1529 1571 etiamnum
1589 1525 1763 1578 puero
1795 1510 1982 1578 (quem

399 1630 556 1696 patre
608 1611 860 1668 Manuele
911 1610 1091 1662 Asane
1123 1605 1266 1676 apud
1306 1603 1495 1656 Beram
1547 1601 1732 1654 adhuc
1774 1600 1827 1650 in
1862 1597 1984 1650 vin-

398 1694 542 1763 culis
569 1708 795 1761 detento
829 1701 933 1757 sibi
959 1710 1240 1769 sumptum
1277 1694 1573 1757 educabat,
1603 1700 1660 1746 et
1686 1707 1785 1760 pro
1824 1697 1983 1743 astate

2083 510 2205 562 eizv
2238 510 2499 579 χωρήσας
2520 549 2536 576 ,
2571 511 2665 562 καὶ
2696 509 2826 571 τοὺς
2857 507 3052 572 ἄλλους
3083 507 3471 574 ἐπεσπάσατο,
3505 511 3668 580 μαλι-

2081 616 2183 652 στα
2229 600 2492 653 διἀὑτδν
2538 599 2976 682 θορυϐηθέντας,
3024 602 3119 653 καὶ
3169 605 3311 670 σφᾶς
3354 619 3414 654 τε
3464 602 3668 667 αὐτοὺς

2078 691 2231 745 οὐδὲν
2255 692 2482 761 ἀμεινον
2507 691 2860 762 ἀνδραπόδων
2889 693 3196 761 παρέδοσαν
3218 696 3334 756 τοῖς
3359 693 3663 763 πολεμίοις,

2079 779 2174 832 καὶ
2193 779 2483 848 αὑτῴτόγε
2522 782 2600 843 εἰς
2637 781 2841 841 αὐτοὺς
2875 776 3014 851 ἦκον
3049 784 3302 850 μεγάλων
3335 784 3497 837 αίτιοι
3530 801 3663 837 nt-

2079 873 2314 941 ἔστησαν
2344 873 2556 927 δεινῶν.
2605 873 2842 926 Ἔπειτα
2885 875 2944 926 δὲ.
2976 873 3273 944 παρείχετο
3306 875 3661 945 συγγνώμην,

2079 963 2162 1016 ὃτι
2197 964 2273 1032 μὴ
2307 964 2445 1034 πρὸς
2471 965 2571 1032 την
2604 964 2766 1032 φύσιν
2791 966 3110 1035 ἀντιστῆναι
3143 965 3419 1037 δυνηθείη.
3448 969 3521 1020 Ού
3554 969 3668 1037 γὰρ

2080 1055 2190 1106 τῶν
2223 1055 2435 1108 πολλῶν
2467 1057 2562 1107 καὶ⁸
2597 1056 3101 1127 εύκαταφρονήτων
3133 1052 3272 1110 εἶναι
3305 1058 3373 1109 τά
3399 1057 3625 1112 τοιαῦτα
3649 1097 3670 1124 ,

2082 1148 2219 1201 ἀλλὰ
2246 1147 2357 1201 τῶν
2385 1148 2583 1216 ὀλίγων
2613 1151 2708 1200 καὶ
2745 1149 2959 1219 μεγάλα
2993 1150 3335 1219 δυναμένων,
3368 1149 3418 1203 οἲ
3452 1152 3548 1204 καὶ
3578 1152 3671 1204 διὰ

2082 1241 2257 1295 ταῦτα
2291 1243 2528 1309 μάλιστα
2559 1241 2961 1312 θαυμάζονται,
2984 1242 3060 1308 ὡς
3089 1243 3151 1296 ού
3173 1244 3336 1312 μόνον
3364 1245 3498 1314 πρὸς
3530 1263 3674 1314 πρα-

2082 1335 2313 1405 γμάτων
2343 1335 2648 1404 μεταϐολὰς
2682 1337 2773 1388 καὶ
2801 1335 2994 1406 καιροῦ
3023 1335 3312 1399 δυσκολίας
3339 1336 3672 1407 ἀνθιστάμε-

2085 1439 2166 1476 νοι
2221 1427 2508 1491 γενναίως,
2556 1425 2696 1478 ἀλλά
2747 1427 2842 1492 καὶ
2893 1426 3110 1494 φύσεως
3163 1428 3332 1498 αὐτῆς
3381 1429 3667 1496 φαίνεσθαι

2086 1517 2367 1583 κρείττους
2410 1515 2714 1582 ἀξιοῦντες.
2759 1519 3268 1589 Παραστησάμενος
3309 1520 3365 1572 δὲ
3409 1522 3504 1572 καὶ
3541 1519 3669 1572 ’Λν-

2087 1606 2339 1677 δρόνικον
2373 1607 2608 1678 Ἀσάνην
2639 1608 2730 1661 τδν
2765 1611 3028 1683 γυναικὸς
3065 1611 3388 1676 ἀδελφιδοῦν
3422 1611 3501 1663 ἔτι
3537 1628 3672 1664 παι·-

2087 1698 2198 1750 δίον
2241 1697 2400 1764 δντα,
2451 1697 2511 1752 δν
2553 1699 2634 1751 ἔτι
2681 1700 2775 1752 τοῦ
2822 1703 3030 1772 πατρὸς
3067 1705 3268 1772 Ἀσάνη
3311 1703 3562 1772 Μανουὴλ
3607 1705 3668 1755 ιν

398 1798 664 1855 litterulis
711 1792 1109 1856 imbuendum,
1157 1800 1416 1856 tanquam
1472 1781 1644 1835 [ilium
1703 1777 1981 1845 curabat),

2093 1789 2664 1860 Βήρᾳφρουρουμίνου
2700 1793 2804 1844 ὑπὸ
2836 1793 3042 1857 κλοιοῖς
3071 1811 3084 1826 ·
3119 1795 3666 1865 παραλαϐὼνταύτδς,

402 1895 586 1955 llunc,
630 1887 832 1957 inquit,
891 1882 1366 1938 adolescentulum
1419 1885 1547 1957 tu;e_
1584 1874 1709 1927 lilia:
1759 1879 1983 1941 gnatum

401 1985 704 2054 accipiens,
738 1980 809 2033 ob
853 1992 1030 2031 annos
1060 1975 1386 2028 immaturos
1436 1968 1502 2022 ad
1533 1953 1700 2038 opera
1728 1964 1988 2020 sudores-

401 2093 512 2149 que
573 2076 845 2128 militares
885 2069 1134 2123 nondum
1194 2071 1615 2123 iuoncuiu,'tuae
1663 2054 1793 2110 iidei
1839 2070 1990 2108 com—

401 2147 648 2229 mendo;
685 2164 772 2217 cui
810 2177 973 2231 quam
1004 2174 1103 2228 par
1135 2165 1218 2211 est
1256 2169 1444 2209 curam
1482 2162 1538 2205 et
1581 2147 1987 2203 institutionem

403 2272 625 2312 onmem
656 2255 942 2308 adhibeto.
971 2251 1146 2314 Quem
1205 2247 1298 2298 ubi
1335 2243 1492 2298 brevi
1525 2241 1593 2296 ad
1643 2256 1739 2294 vos
1770 2236 1989 2291 rediero

403 2361 592 2419 (spero
641 2355 830 2399 autem
893 2342 1203 2396 castissima
1268 2337 1362 2389 Dei
1417 2335 1591 2388 Matre
1639 2330 1883 2386 conﬁsus
1907 2338 1992 2398 ,ει

402 2440 552 2510 quod
588 2438 728 2492 nihil
757 2451 845 2489 me
885 2433 1156 2487 nefarium
1188 2430 1524 2482 conscivisse
1556 2442 1696 2487 seio,
1731 2423 1804 2476 ob
1835 2419 1986 2492 quod

405 2534 609 2587 merito
646 2531 829 2600 perire
861 2527 1114 2588 debeam,
1148 2525 1439 2576 celerrime
1491 2519 1702 2586 magnis
1743 2531 1867 2570 cum
1903 2514 1988 2566 vi-

406 2627 564 2682 ribus
596 2621 957 2688 rediturum),
999 2617 1066 2670 ad
1101 2631 1185 2669 me
1216 2612 1500 2682 recipiam.
1533 2607 1696 2679 485
1724 2607 1821 2661 Sin
1841 2605 1990 2659 aliud

405 2722 552 2774 Deus
583 2719 651 2770 de
687 2713 850 2767 nobis
885 2707 1162 2772 statuerit,
1201 2706 1344 2775 patri
1382 2708 1612 2756 restitue
1649 2737 1668 2765 ,
1712 2697 1989 2768 siquidem

405 2828 530 2883 qua:
559 2809 629 2863 de
661 2806 754 2860 illo
795 2804 981 2858 facere
1013 2801 1066 2854 in
1101 2804 1286 2853 animo
1321 2795 1685 2856 habebamus,
1722 2790 1790 2842 ad
1829 2791 1992 2841 linem

405 2903 717 2976 perducere
770 2894 1207 2965 nequiverinius.
1267 2887 1587 2944 Secundum
1648 2885 1766 2938 hac
1812 2893 1995 2950 proto-

406 3003 705 3050 stratorem
751 2991 1054 3048 salutatum
1087 2999 1213 3040 cum
1246 2981 1371 3036 aliis
1404 2977 1648 3042 dimisit;
1681 2985 1738 3029 et
1783 2982 1843 3026 ut
1883 2985 1994 3024 ma-

407 3085 829 3160 gnanimitatem
878 3095 1035 3134 suam
1071 3079 1505 3136 demonSIraret,
1545 3070 1881 3135 doceretque
1908 3064 2014 3120 in-.

405 3186 560 3236 festae
583 3181 819 3232 fortunae
848 3189 957 3227 non
999 3186 1123 3226 esse
1157 3164 1660 3227 succumbendum,
1697 3159 1994 3232 prandium

409 3280 463 3330 in
526 3275 646 3344 ipso
697 3271 820 3325 loco
856 3267 1125 3331 inivit,et
1173 3272 1234 3316 ut
1295 3262 1440 3315 idem
1503 3258 1684 3312 caeteri
1750 3254 2000 3306 lacerent

413 3366 718 3422 mandauit.
786 3361 987 3414 Postea
1061 3353 1400 3426 primoribus
1456 3347 1817 3414 exercituque
1885 3340 1998 3395 cir-

408 3453 840 3514 cumstantibus,
871 3465 948 3504 sic
987 3461 1083 3502 eos
1102 3455 1186 3501 est
1211 3445 1537 3499 cohortatus
1563 3456 1578 3493 :
1609 3432 1783 3504 Quam
1811 3432 1999 3488 multis

409 3546 832 3606 diﬂicultatibus
865 3552 1031 3610 atque
1070 3538 1247 3594 turbis
1279 3536 1370 3587 bic
1400 3547 1587 3586 rerum
1619 3537 1797 3582 status
1823 3527 2000 3579 abun-

409 3648 528 3708 det,
559 3639 987 3700 commilitones,
1031 3647 1195 3686 nemo
1234 3638 1477 3682 vestrum
1506 3631 1611 3685 est,
1639 3621 1735 3690 qui
1766 3635 1873 3674 non
1903 3633 2000 3671 ex-

411 3741 625 3807 plorate
660 3737 896 3784 noverit.
928 3725 1063 3781 Nam
1105 3732 1162 3778 et
1191 3737 1340 3790 spes,
1375 3733 1514 3788 quas
1558 3716 1723 3770 domo
1770 3722 1999 3782 portan—

415 3841 498 3881 tes
529 3826 596 3879 ad
625 3837 781 3878 arma
812 3816 1298 3888 aggrediebamur,
1329 3813 1683 3872 ellluxerunt,
1717 3817 1772 3860 et
1802 3807 1870 3858 de
1911 3818 2002 3858 so—

411 3919 517 3972 ciis
541 3915 856 3982 complures
880 3909 1182 3984 amisimus
1214 3923 1228 3962 :
1273 3921 1384 3959 non
1417 3903 1643 3972 quidem
1693 3898 1998 3953 certamine

410 4009 569 4066 victi.
597 4003 694 4060 sed
734 4003 802 4055 ab
837 4001 948 4055 illis
986 4000 1121 4068 ipsis
1147 3998 1377 4069 proditi,
1413 4009 1554 4064 quos
1591 4002 1858 4062 perpetuo
1891 3990 1991 4042 mi-

412 4101 593 4155 litiam
641 4096 930 4152 nobiscum
967 4092 1298 4145 toleraturos
1345 4087 1784 4142 contidebanms.
1817 4086 1998 4150 Atque

413 4207 518 4263 ego
554 4204 689 4245 sane
721 4203 846 4244 cum
878 4195 934 4242 et
965 4197 1128 4239 antea
1158 4196 1444 4252 nunquam
1465 4195 1590 4235 esse
1621 4181 1834 4248 justum
1869 4191 2000 4230 cen-

413 4282 650 4348 suerim,
693 4279 876 4345 equis,
917 4285 973 4329 et
1007 4277 1200 4340 armis,
1234 4288 1288 4328 et
1321 4271 1497 4341 copiis
1533 4269 1872 4340 ingentibus,
1901 4265 1997 4320 sed

412 4375 596 4428 omnia
641 4373 828 4442 potius
876 4367 1201 4421 continente
1263 4374 1319 4417 et
1350 4359 1758 4429 inexpugnabili
1805 4342 1998 4410 uestra

411 4468 511 4522 Dei
546 4467 737 4528 ﬁdele,
783 4463 871 4515 cui
905 4458 1063 4512 facile
1101 4466 1190 4510 est
1236 4455 1400 4509 etiam
1431 4469 1622 4522 parum
1656 4459 1912 4520 potentes
1941 4454 1998 4499 et

413 4561 665 4614 inlirmos
724 4553 981 4608 hostibus
1047 4548 1366 4616 superiores
1421 4555 1710 4614 pra-stare,
1782 4541 1998 4607 sibique

411 4649 766 4723 praeﬁdentes
813 4645 1149 4714 reprimere,
1188 4640 1233 4693 si
1275 4653 1441 4707 opum
1497 4634 1888 4704 exsuperantia
1931 4632 2000 4683 li-

413 4746 604 4798 mitem
659 4739 1006 4800 transierint,
1035 4749 1182 4789 nunc
1233 4733 1584 4802 potissimum
1641 4737 1713 4780 ita
1768 4737 1995 4786 censeo,

412 4833 638 4901 quando
673 4831 727 4884 in
763 4837 1008 4882 extrema
1041 4825 1268 4879 consilii
1289 4822 1496 4892 in0pia,
1528 4821 1642 4872 sola
1672 4832 1801 4886 erga
1826 4817 1998 4868 Deum

414 4927 622 4982 iiducia
670 4923 833 4977 nobis
884 4931 1078 4976 restat.
1107 4918 1223 4974 Etsi
1265 4931 1369 4970 nec
1417 4915 1787 4967 humanorum
1839 4907 2001 4978 quid-

412 5033 580 5090 quam
637 5017 947 5084 neglectum
981 5053 993 5065 .
1023 5013 1118 5066 sed
1167 5012 1334 5064 domo
1365 5023 1466 5061 nos
1503 5019 1628 5058 cum
1675 5003 1999 5072 maioribus,

413 5128 471 5171 et
507 5130 603 5184 per
623 5113 810 5168 omnia
844 5109 1298 5166 instructioribus
1327 5105 1523 5173 copiis,
1558 5115 1722 5171 quam
1755 5099 1998 5152 hostium

419 5220 586 5274 sunt,
627 5206 934 5276 profectos,
968 5199 1350 5255 iormidabiles
1383 5198 1490 5249 illis
1539 5205 1596 5249 et
1635 5193 1872 5248 inviCtos
1903 5190 2000 5246 ad-

411 5308 527 5359 huc
565 5299 910 5371 apparuisse,
943 5297 1324 5360 liactenusque
1362 5289 1504 5343 nihil
1539 5287 1849 5342 temeritate
1903 5296 2000 5341 aut

417 5384 695 5467 imperi’tia
725 5409 754 5446 a
787 5391 947 5446 nobis
979 5397 1265 5457 peccatum
1301 5399 1426 5437 esse
1451 5383 1634 5449 negari
1664 5396 1772 5434 non
1795 5388 1996 5449 potest.

414 5487 577 5555 Quod
605 5487 652 5541 si
684 5484 847 5540 nobis
878 5472 1026 5534 recte
1060 5474 1546 5534 ratiocinantibus.
1575 5484 1632 5528 et
1661 5474 1808 5542 quod
1840 5475 2002 5526 dece-

413 5582 510 5636 bat
539 5560 899 5634 facientibus,
932 5569 1345 5626 commilitones
1391 5567 1568 5621 nostri
1616 5565 2000 5620 misericordia

412 5689 545 5742 erga
581 5668 926 5742 propinquos
962 5659 1229 5725 emolliti,
1256 5669 1317 5714 ut
1341 5659 1646 5729 degeneres
1669 5669 1724 5713 et
1772 5659 2001 5713 minime

415 5763 676 5838 ingenui,
709 5773 836 5838 cum
869 5757 1125 5814 hostibus
1172 5770 1232 5811 sc
1282 5755 1710 5826 conjunxerunt,
1746 5765 1857 5807 non
1905 5753 2000 5808 de-

2092 1880 2288 1950 ἒτρεφέ
2321 1897 2379 1932 τε
2418 1881 2514 1933 καὶ
2549 1881 2799 1946 παιδείας
2831 1885 2985 1953 ἠξίου
3011 1927 3026 1950 ,
3059 1889 3175 1950 τοῖς
3210 1887 3397 1939 παισὶν
3429 1888 3666 1956 ὁμοίως,

2091 1972 2316 2036 Τοῦτον,
2349 1972 2951 2045 ἕιρηξπρωτοσῖράτορι,
2979 1978 3074 2030 τὸν
3105 1977 3393 2031 νεανίσκον
3422 1979 3671 2049 παραλα-

2091 2062 2201 2115 ϐὼν
2227 2063 2326 2134 τῆς
2357 2066 2453 2132 σῆς
2479 2063 2608 2117 δντα
2634 2065 2801 2119 παῖδα
2827 2067 3117 2136 θυγατρός
3145 2068 3206 2121 ού
3233 2069 3340 2137 γὰρ
3369 2067 3435 2122 ἂν
3458 2068 3678 2121 δύναιτο

2090 2157 2178 2210 διὰ
2210 2159 2308 2226 τὴν
2339 2156 2558 2224 ἡλικίαν
2589 2158 2724 2228 πρὸς
2757 2160 2955 2222 πόνους
2987 2161 3236 2229 ἀντέχειν
3269 2162 3362 2212 καὶ
3389 2159 3672 2213 ταλαιπω-

2096 2247 2219 2316 ρίαν
2252 2247 2353 2316 τὴν
2397 2248 2462 2298 ὲκ
2495 2249 2594 2316 τῆς
2634 2250 2927 2318 στρατείας
2951 2265 2966 2280 ο
3003 2252 3185 2320 πάσης
3225 2248 3500 2320 ἀξίου-καὶ
3542 2266 3675 2303 παι-

2093 2339 2239 2402 δείας
2269 2341 2372 2391 καὶ
2409 2341 2664 2410 προνοίας
2699 2342 2798 2411 τῆς
2834 2343 3248 2414 προσηκούσης.
3286 2343 3406 2397 Κᾶν
3443 2345 3676 2416 μὲνηαύο

2049 2423 2056 2429 ’
2094 2431 2186 2494 τὸς
2223 2432 2432 2500 ταχέως
2480 2431 2764 2484 ἐπανέλθω
2810 2434 2949 2504 πρὸς
2995 2436 3170 2504 ὑμᾶς,
3210 2436 3393 2503 οἴομαι
3427 2436 3482 2489 δὲ
3512 2438 3576 2507 τῇ
3611 2453 3677 2489 τε

2096 2523 2360 2590 πανάγνῳ
2393 2523 2486 2574 τοῦ
2512 2522 2650 2575 Θεοῦ
2693 2527 2866 2596 μητρὶ
2905 2525 3185 2590 πεποιθὼς
3211 2568 3228 2594 ,
3264 2529 3358 2581 καὶ
3392 2528 3469 2597 τῷ
3509 2527 3674 2598 μηδὲν

2097 2614 2322 2684 ἐμαυτῷ
2355 2615 2654 2668 συνειδέναι
2685 2617 2792 2668 τῶν
2821 2619 3040 2671 ἀτόπων
3070 2620 3418 2690 εἰργασμένῳ
3446 2619 3512 2672 δι’
3537 2620 3564 2674 δ
3593 2620 3672 2672 δι-

2098 2707 2266 2769 καίως
2297 2707 2605 2777 ἀπολοίμην
2630 2707 2717 2772 ἂν,
2743 2710 2976 2780 τάχιστά
2997 2727 3055 2763 τε
3079 2712 3371 2779 ἐπανήξειν
3396 2714 3492 2764 καὶ
3515 2709 3670 2764 δύνα-

2101 2814 2197 2864 μιν
2231 2797 2478 2866 μεγάλην
2509 2799 3016 2868 περιϐεὸλημένος,
3050 2800 3213 2852 πάλιν
3239 2801 3589 2871 ἀπολήψομαι
3613 2800 3677 2852 τὸ

2102 2892 2413 2960 μειράκιον.
2441 2893 2502 2944 Εί
2533 2891 2577 2943 δ’
2605 2891 2791 2962 ἕτερόν
2821 2909 2875 2944 τι
2907 2891 3154 2945 δέδοκται
3186 2893 3305 2963 Θεῷ
3341 2895 3467 2962 περὶ
3500 2893 3672 2962 ἡμῶν,

2097 2980 2297 3044 ἀπόδος
2323 2981 2401 3051 τῷ
2431 2982 2625 3050 πατρὶ,
2655 2981 2778 3034 ἐπεὶ
2810 2980 2892 3052 μὴ
2916 2983 3049 3050 ἡμῖν
3076 2997 3140 3049 γε
3171 2982 3303 3046 Θεὸς
3329 2985 3398 3036 τὰ
3431 2985 3555 3051 περὶ
3583 2986 3680 3034 αι,-

2099 3070 2192 3145 τού
2235 3073 2564 3143 ἐγνωσμένα
2604 3073 2761 3141 ἄγειν
2799 3071 3102 3152 ἐπέτρεψεν
3135 3075 3213 3136 είς
3247 3075 3420 3136 τέλος.
3449 3075 3676 3128 Ἔπειτα

2103 3166 2199 3215 καὶ
2222 3164 2690 3241 πρωτοστράτορα
2718 3164 3201 3234 προσαγορεύσας,
3220 3166 3513 3234 ἀπέπεμπε
3540 3181 3679 3234 μετα

2098 3255 2209 3306 τῶν
2233 3256 2430 3310 ἄλλων.
2456 3257 2627 3320 Αὐτὸς
2654 3257 2712 3308 δὲ
2739 3254 2932 3326 ὥσπερ
2959 3257 3367 3327 ἐνδεικνύμενος
3390 3257 3486 3326 τὴν
3510 3273 3683 3324 μιγα-

2099 3344 2396 3414 λοψυχίαν,
2437 3345 2528 3397 καὶ
2564 3345 2623 3396 τὸ
2651 3346 2727 3414 μὴ
2765 3346 2876 3398 δεῖν
2912 3347 3279 3399 καταπίπτειν
3313 3349 3372 3400 ἐν
3406 3351 3521 3411 ταῖς
3543 3349 3679 3399 δυσ-

2100 3439 2384 3508 πραγίαις,
2434 3437 2658 3506 ἄριστον
2709 3437 2898 3508 ᾑρεῖτο
2926 3438 3015 3490 ἐπ’
3041 3438 3209 3493 αὐτοῦ
3240 3439 3335 3492 τοῦ
3365 3441 3549 3505 τόπου,
3578 3443 3678 3492 καὶ

2098 3529 2226 3590 τοὺς
2263 3527 2455 3592 ἄλλους
2488 3530 2558 3581 τά
2601 3529 2694 3581 ῐσα
2732 3530 2956 3583 ἐκέλευε
2998 3533 3196 3585 ποιεῖν.
3235 3533 3394 3585 Μετὰ
3426 3533 3484 3585 δὲ
3519 3532 3682 3584 τοῦτο

2099 3624 2224 3684 τοὺς
2273 3623 2330 3674 ὲν
2375 3625 2524 3674 τέλει
2573 3623 2668 3676 καὶ
2717 3623 2818 3691 τὴν
2867 3626 3132 3693 στρατιὰν
3182 3625 3681 3695 περιστησάμενος,

2099 3713 2502 3784 παρεκελεύετο
2527 3715 2730 3768 τοιάδεο
2762 3715 2989 3785 Ἄνδρες
3021 3718 3456 3786 συστρατιῶται,
3484 3719 3550 3770 τὰ
3578 3719 3683 3786 μὲν

2100 3813 2344 3877 παρόντα
2375 3807 2710 3876 πράγματα,
2741 3806 2816 3867 ὡς
2849 3805 3052 3875 πολλῆς
3082 3806 3369 3871 δυσκολίας
3396 3808 3682 3879 ἐμπέπλη-

2101 3915 2228 3952 σται
2267 3900 2361 3951 καὶ
2394 3898 2676 3969 ταραχῆς,
2713 3899 2879 3951 πᾶσιν
2918 3901 3046 3967 ὑμῖν
3083 3901 3391 3970 καθέστηκε
3432 3917 3682 3970 καταφαο

2099 3995 2209 4055 νές.
2242 3992 2312 4044 A't’
2341 4007 2401 4043 τε
2437 3995 2544 4060 γὰρ
2578 3991 2790 4053 ἐλπίδες
2810 4030 2828 4057 ,
2863 3991 2929 4054 ἀς
2963 3993 3176 4044 οἰκοθεν
3209 3993 3422 4062 ἔχοντες
3457 3996 3680 4064 καινή-

2103 4087 2278 4156 μεθα,
2338 4082 2783 4154 ἐξερρυήκεσαν·
2842 4086 2939 4136 καὶ
2993 4081 3104 4137 τῶν
3164 4089 3685 4156 συστρατευομένων

2101 4173 2725 4243 απεᾶάλομενδπολλοὺς,
2751 4177 2811 4227 οὐ
2851 4177 3005 4247 μάχη
3036 4179 3422 4247 κρατηθέντες,
3450 4179 3566 4232 ἀλλ’
3591 4181 3687 4231 ὑπ’

2100 4266 2282 4319 αὐτῶν
2334 4267 2562 4318 ἐκείνων
2614 4266 3005 4336 προδοθέντες,
3056 4266 3152 4331 οὓς
3201 4269 3502 4340 ἠλπίζομεν
3554 4271 3690 4342 ἄχρι

2102 4360 2306 4422 παντὸς
2344 4359 2476 4428 ἡμῖν
2511 4359 2988 4427 συναγωνιεῖσθαι.
3029 4361 3171 4429 Ἐγὼ
3203 4362 3260 4414 δὲ
3294 4363 3388 4414 καὶ
3423 4363 3691 4434 πρότερον

2029 4475 2078 4532 η
2107 4453 2207 4521 μὲν
2247 4451 2503 4504 οὐδέποτε
2545 4451 2754 4504 δίκαιον
2794 4447 2935 4504 εἶναι
2979 4453 3280 4523 ἡγησάμην
3347 4455 3533 4519 ὅπλοις
3590 4457 3692 4508 καὶ

2109 4545 2296 4606 ἵπποις
2325 4543 2424 4596 καὶ
2451 4543 2648 4612 πλήθει
2681 4546 2942 4613 στρατιᾶς
2973 4543 3229 4615 θαρρεῖν,
3249 4545 3388 4598 ἀλλὰ
3415 4549 3486 4616 τῇ
3512 4547 3691 4600 πάντα

2105 4636 2408 4707 συνεχούσῃ
2432 4634 2528 4688 τοῦ
2555 4633 2692 4688 Θεοῦ
2720 4637 2921 4708 ἀμάχῳ
2945 4636 3118 4707 δεξιᾷ,
3151 4632 3195 4705 ᾧ
3235 4639 3418 4710 ῥᾴδιον
3445 4640 3688 4702 καὶτοὺς
3732 4643 3746 4649 ’

2103 4731 2262 4798 ὀλίγα
2302 4729 2635 4798 δυναμένους
2669 4729 2778 4781 τῶν
2817 4731 3093 4798 πολεμίων
3129 4735 3413 4800 κρείττους
3453 4732 3689 4800 ἀποφαί-

2105 4842 2238 4890 νειν,
2273 4827 2365 4877 καὶ
2396 4825 2519 4885 τοὺς
2559 4825 2701 4893 μέγα
2732 4827 3016 4893 φυσῶν-τας
3049 4827 3437 4880 καταστέλλειν
3461 4867 3477 4891 ,
3517 4829 3584 4881 ἂν
3611 4827 3689 4897 τῷ

2105 4918 2352 4987 περιόντι
2386 4915 2487 4984 τῆς
2521 4915 2802 4986 δυνάμεως
2837 4918 3142 4985 ἑξάγωνται
3175 4919 3270 4971 τοῦ
3321 4924 3550 4990 μέτρου,
3583 4922 3688 4990 pid-

2104 5009 2262 5060 λιστα
2289 5007 2348 5060 δὲ
2376 5010 2514 5072 νυνι,
2543 5009 2706 5076 ἡνίκα
2733 5010 2911 5079 πάσης
2939 5010 3103 5078 ἄλλης
3131 5011 3377 5074 ἐπινοίας
3403 5029 3690 5084 περιαιρε-

2097 5100 2327 5169 θείσης,
2373 5099 2516 5169 μόνη
2556 5099 2977 5154 καταλέλειπται
3021 5103 3154 5170 ἡμῖν
3194 5103 3229 5170 ἡ
3272 5104 3402 5172 περὶ
3440 5105 3530 5156 τὸν
3555 5105 3687 5158 Θεὸν

2105 5191 2282 5256 ἐλπίς.
2315 5191 2576 5260 Καίτοιγε
2606 5191 2739 5261 φαίη
2766 5208 2852 5255 τις
2881 5192 2948 5244 ἂν
2973 5192 3048 5254 ὡς
3078 5193 3201 5245 οὐδὲ
3257 5194 3364 5248 τῶν
3414 5195 3686 5266 ἀνθρωπί-

2107 5302 2212 5340 νων
2242 5283 2456 5347 οὑδενδς
2487 5283 2847 5354 ὴμελήσαμεν
2874 5284 3027 5336 αὐτοὶ
3047 5324 3063 5350 ,
3094 5285 3235 5338 ἀλλὰ
3265 5286 3461 5357 πλήθει
3490 5303 3550 5339 τε
3578 5289 3687 5340 τῶν

2106 5377 2382 5448 πολεμίων
2421 5377 2801 5446 ὑπερέχουσαν
2838 5376 3305 5447 οῐκοθεν¹ἐχοντες
3351 5380 3685 5451 κεκινήμεθα

2107 5472 2396 5540 στρατιὰν,
2423 5472 2518 5523 καὶ
2546 5476 2656 5535 τοῖς
2683 5471 2862 5536 ἄλλοις
2895 5474 3066 5526 ἆπασι
3097 5473 3318 5550 βελτίω,
3345 5479 3436 5529 καὶ
3464 5473 3684 5544 φοϐεροί

2103 5582 2250 5628 τινες
2281 5563 2411 5636 ἄχρι
2439 5563 2535 5616 νῦν
2563 5566 2655 5616 καὶ
2683 5564 2888 5636 ἄμαχοι
2913 5569 3025 5630 τοῖς
3055 5569 3337 5636 πολεμίοις
3361 5567 3676 5638 ἐδοκοῦμεν.

2103 5659 2214 5711 Καὶ
2238 5656 2390 5707 οὐδὲν
2414 5653 2628 5707 οὐδέπω
2659 5656 2825 5724 μέχρι
2849 5657 2944 5710 νῦν
2969 5655 3029 5722 ἐξ
3049 5657 3307 5722 άᾶουλίας
3324 5700 3338 5724 ,
3367 5659 3398 5729 ἦ
3427 5657 3683 5728 ἀπειρίας

2105 5749 2420 5820 ἡμάρτηται
2457 5748 2613 5819 ἡμῖν.
2647 5746 2714 5802 El.
2751 5747 2797 5802 δ’
2826 5749 2983 5819 ἡμῶν
3017 5753 3087 5804 τὰ
3119 5752 3308 5805 δέοντα
3347 5752 3641 5806 ποιούντων
3661 5788 3681 5816 ,
