4014 6432
409 336 512 412 941

808 405 842 425 1

1601 343 2148 407 HISTORIARUM
2192 345 2423 406 LIBER
2461 346 2574 409 III.

2214 230 2246 279 ι.

3577 351 3686 460 9ξὲ

412 465 506 520 καὶ
534 461 717 532 ὁρθοις
750 459 1046 532 χρωμένων
1074 458 1354 528 λογισμοῖς
1373 497 1391 524 ,
1420 457 1471 511 οἱ
1502 460 1985 530 συστρατευόμενοι

2101 459 2193 514 bet
2240 459 2486 529 ipsorum
2545 459 2814 516 timiditas
2867 469 2925 516 et
2979 462 3196 532 ignavia
3250 457 3680 532 imperterritam

410 559 477 625 τῇ
506 555 638 623 περὶ
661 553 788 615 τοὺς
814 551 1046 613 οἰκείους
1078 550 1394 622 συμπαθείᾳ
1418 551 1996 620 καταμαλακισθὲντες

412 642 656 712 ἀγεννῶς
689 641 784 694 καὶ
818 637 1188 709 ἀνελευθέρως
1224 638 1656 710 προσεχώρησαν
1689 641 1801 703 τοῖς
1837 641 1996 694 πολε-

413 737 578 805 μίοις,
610 733 672 786 οὐ
704 731 809 802 χρὴ
842 731 938 798 τὴν
969 729 1194 784 ἐκείνων
1221 732 1422 783 κακίαν
1465 734 1531 800 τῇ
1574 731 1732 801 ἡμῶν
1762 732 1996 804 εὐψυχίᾳ

411 826 506 876 καὶ
537 823 712 892 τόλμῃ
747 820 843 875 καὶ
873 821 1142 890 καρτερίᾳ
1173 821 1303 889 περὶ
1332 821 1402 872 τά
1430 821 1580 872 δεινὰ
1609 821 1991 890 λυμαίνεσθαι.

420 915 652 968 ἐκεῖνοι
689 914 786 982 μὲν
817 912 922 983 γὰρ
959 913 1092 982 πρὸς
1126 906 1207 974 οἷς
1241 912 1638 982 ὑποστήσονται
1672 915 1864 974 κακοῖς
1897 929 1996 965 πε-

411 1007 737 1076 ριορώμενοι
773 1004 868 1056 καὶ
907 1002 1482 1074 προπηλακιζόμενοι,
1521 1005 1614 1057 καὶ
1650 1005 1825 1058 πάντα
1867 1005 1995 1056 ὑπο-

415 1099 689 1162 μένοντες,
737 1095 836 1149 ὅσα
884 1096 1012 1158 τοὺς
1061 1096 1200 1148 ὅπλα
1249 1095 1710 1162 παραδεδωκότας
1758 1095 1989 1157 δίκαιον,

409 1193 489 1244 Et:
522 1192 619 1244 καὶ
653 1191 784 1259 ἡμῖν
819 1189 986 1259 ὀλίγῳ
1022 1187 1250 1254 ὕστερον
1283 1189 1344 1239 οὐ
1379 1187 1592 1256 φαύλην
1622 1186 1856 1240 δώσουσι
1891 1186 1990 1256 τὴν

405 1283 584 1350 δίκην,
633 1282 1012 1350 αἰσχυνόμενοι
1055 1281 1154 1350 τῆς
1201 1280 1496 1348 προδοσίας
1541 1279 1847 1332 ἕνεκαικαὶ
1891 1279 1992 1346 τῆς

408 1374 748 1443 φαυλότητος
783 1374 894 1425 τῶν
925 1373 1165 1441 τρόπων.
1199 1371 1392 1439 Ὑμεῖς
1425 1371 1516 1436 δὲ,
1551 1370 1645 1424 νῦν
1675 1387 1734 1422 τε
1769 1371 1990 1441 ἀιδρίας

406 1465 504 1517 καὶ
533 1465 830 1533 καρτερίας
857 1462 1015 1526 δόξαν
1040 1462 1350 1531 ὴνέγκασθε
1381 1465 1473 1515 καὶ
1503 1461 1634 1532 παρ’
1659 1462 1840 1525 αὐτοῖς
1869 1465 1985 1526 τοῖς

405 1555 724 1623 πολεμίοις,
759 1553 854 1606 καὶ
887 1554 1052 1621 ὀλίγῳ
1088 1553 1315 1622 ὕστερον
1349 1554 1449 1607 οὐκ
1485 1554 1595 1621 ἐγὼ
1632 1555 1794 1622 μόνον
1827 1554 1986 1623 ἀμεί-

401 1645 573 1715 ψομαι
605 1647 722 1702 ταῖς
754 1645 1163 1713 προσηκούσαις
1193 1645 1556 1714 εὐεργεσίαις,
1586 1645 1722 1698 ἀλλὰ
1754 1648 1848 1698 καὶ
1881 1649 1990 1700 πᾶ·

405 1753 489 1788 σιν
517 1736 704 1788 ἔσεσθε
735 1735 1085 1804 περίῦλεπτοι
1111 1737 1202 1788 καὶ
1231 1736 1553 1806 θαυμαστοὶ,
1586 1737 1664 1789 ὅτι
1692 1738 1749 1790 ὲν
1776 1741 1988 1806 καιροῖς

2100 550 2418 604 animorum
2448 560 2765 607 nostrorum
2796 553 3236 623 magnitudinem
3286 563 3342 610 et
3382 555 3438 610 in
3471 559 3684 626 asperis

2099 639 2449 696 tolerantiam
2486 641 2812 712 depravare.
2849 643 2984 697 Nam
3031 645 3109 698 illi
3166 655 3365 713 praeter
3409 662 3473 701 ea
3507 651 3674 714 mala,

2097 745 2221 798 quae
2251 732 2625 796 sustinebunt,
2667 750 2790 789 cum
2836 735 3222 805 despicientur
3288 747 3346 792 et
3391 749 3682 794 contunie-

2098 818 2237 873 liose
2275 821 2683 893 irridebuntur,
2717 832 2770 876 et
2819 825 3003 878 omnia
3045 825 3353 895 patientur,
3409 842 3532 890 qua:
3570 844 3680 883 non

2098 909 2302 980 injuria
2347 913 2655 981 patiuntur,
2693 914 2786 982 qui
2839 931 2991 968 arma
3046 916 3420 978 tradiderunt.
3455 924 3684 986 insuper

2096 997 2259 1053 nobis
2302 1002 2467 1069 paulo
2500 1011 2626 1070 post
2670 1019 2778 1056 non
2828 1005 3054 1073 vulgare
3084 1004 3296 1060 dabunt
3327 1007 3679 1076 supplicium.

2095 1088 2165 1142 de
2217 1091 2533 1158 proditione
2592 1103 2648 1148 et
2696 1095 2936 1150 sinistris
2989 1095 3239 1152 moribus
3287 1100 3682 1156 erubescentes

2093 1181 2352 1236 videlicet
2392 1201 2406 1234 :
2441 1199 2566 1238 eum
2618 1201 2713 1241 vos
2763 1196 2821 1240 et
2881 1202 3030 1241 nunc
3088 1187 3434 1245 fortitudinis
3479 1207 3543 1246 ac
3586 1208 3682 1261 pa-

2099 1273 2309 1328 tientiae
2339 1276 2554 1330 Iaudem
2589 1279 2674 1332 vel
2713 1279 2782 1333 ab
2813 1279 3066 1348 ipsismet
3098 1281 3352 1337 hostibus
3391 1284 3632 1340 tuleritis
3660 1326 3676 1348 ,

2093 1375 2150 1419 et
2178 1380 2287 1419 non
2324 1368 2500 1421 solum
2535 1384 2636 1438 ego
2664 1370 2819 1423 brevi
2852 1371 3056 1425 debitis
3095 1388 3192 1426 vos
3223 1373 3385 1428 donis
3419 1391 3680 1428 remune-

2095 1465 2322 1510 raturus
2369 1457 2496 1521 sim,
2527 1457 2623 1512 sed
2679 1458 2783 1526 ipsi
2815 1473 3037 1527 quoque
3073 1460 3320 1513 omnium
3356 1462 3410 1514 in
3448 1476 3549 1516 vos
3583 1477 3679 1514 οτι

2092 1560 2218 1600 cum
2263 1547 2631 1602 admiratione
2692 1549 3013 1602 conversuri
3057 1548 3201 1613 sitis,
3237 1551 3366 1619 quia
3415 1552 3678 1620 tempori-

2096 1639 2220 1700 bus.
2273 1657 2398 1710 qua:
2439 1642 2589 1696 viros
2645 1643 2937 1712 explorare
2988 1643 3223 1698 maxime
3279 1645 3480 1709 solent,
3513 1644 3680 1716 586

2096 1731 2355 1786 invictam
2393 1733 2565 1787 animi
2599 1733 3022 1799 ﬁrmitudinem,
3063 1745 3122 1790 ut
3149 1735 3376 1805 dignum
3409 1736 3535 1802 fuit,
3576 1737 3677 1791 de-

404 1827 638 1897 μάλιστα
667 1826 984 1890 δυναμένοις
1015 1825 1329 1896 βασανίζειν
1361 1827 1584 1897 γνώμας
1613 1828 1852 1895 ἀνδρῶν,
1885 1828 1985 1899 τὴν

2092 1825 2559 1879 monstraveritis.
2597 1826 2838 1880 Proinde
2878 1842 2987 1880 non
3021 1837 3249 1896 propter
3286 1828 3508 1888 illorum
3541 1828 3677 1882 stul-

341 1918 364 1925 ’
401 1919 786 1987 προσήκουσαν
816 1917 1160 1984 ἐπεδείξασθε
1198 1919 1291 1970 καὶ
1325 1918 1738 1988 μεγαλοψυχίαν
1765 1921 1855 1972 καὶ
1890 1921 1998 1974 ἀν-.

399 2011 574 2080 δρίαν.
611 2012 686 2062 Οὐ
725 2010 790 2078 δὴ
826 2011 912 2062 διὰ
944 2011 1040 2081 τὴν
1073 2011 1296 2062 ἐκείνων
1332 2010 1590 2063 ἀδουλίαν
1624 2013 1985 2065 καταπίπτειν

399 2103 545 2172 ὑμᾶς
579 2102 812 2165 δίκαιον,
857 2101 964 2154 οὐδ’
990 2103 1072 2154 ὅτι
1105 2101 1474 2172 δυσπραγίαις
1507 2104 1828 2173 κεχρήμεθα
1863 2121 1989 2157 σκοει

403 2197 526 2248 πεῖν
545 2236 560 2260 ,
591 2193 708 2246 ἀλλ’
729 2196 777 2245 εἰ
807 2193 973 2262 μηδὲν
997 2193 1150 2247 αὐτοὶ
1173 2193 1240 2245 δι’
1261 2194 1530 2262 ἀτολμίαν
1554 2196 1690 2262 πρὸς
1713 2197 1770 2247 τὸ
1791 2197 1988 2265 ἥττους

407 2288 688 2355 φαίνεσθαι
721 2285 1233 2353 συνεισηνέγκαμεν
1261 2285 1370 2336 τῶν
1404 2284 1702 2353 πολεμίων.
1741 2288 1799 2338 El
1831 2288 1876 2340 δ’
1904 2290 1988 2342 ὅτι

410 2379 592 2439 κακῶς
641 2377 758 2429 νυνὶ
811 2376 1182 2445 πεπράχαμεν
1234 2375 1600 2445 προσίσταται
1653 2376 1822 2448 ὑμῖν,
1873 2380 1988 2433 ἀλλ’

403 2470 580 2522 ἐκεῖνο
609 2470 714 2540 χρὴ
750 2470 996 2532 σκοπεῖν,
1022 2467 1100 2529 ὡς
1129 2465 1238 2520 οὐδ’
1259 2468 1308 2529 οἱ
1339 2467 1506 2521 πάλαι
1545 2468 1830 2538 Ῥωμαῖοι,
1859 2472 1988 2542 περλ⁵

401 2557 476 2615 ὧν
515 2563 726 2632 μεγάλα
764 2561 950 2633 ᾄδεται
986 2559 1082 2614 καὶ
1117 2558 1434 2628 θαυμαστὰ,
1473 2561 1737 2631 ἀήττητοι
1782 2565 1988 2618 παντά-

401 2669 538 2706 πασι
564 2652 1040 2721 δαμεμενήκασιν
1063 2666 1078 2681 ·
1104 2650 1222 2704 ἀλλ’
1241 2651 1296 2702 ὲν
1321 2649 1534 2712 πολλοῖς
1562 2651 1828 2714 πολλάκις
1853 2668 1988 2720 σφα-

401 2747 604 2808 λέντες,
639 2749 733 2797 καὶ
762 2725 1034 2813 ὁλόκληρα
1069 2742 1410 2812 στρατόπεδα
1443 2742 1584 2812 μετὰ
1615 2743 1724 2796 τῶν
1756 2760 1989 2815 στρατη-

403 2837 518 2904 γῶν
545 2835 932 2898 ἀποϐαλόντες,
965 2835 1157 2904 ἀνδρίᾳ
1188 2835 1281 2886 καὶ
1309 2833 1626 2904 τλημοσύνῃ
1658 2837 1724 2904 τῇ
1763 2835 1890 2905 περὶ
1920 2835 1988 2887 τὰ

406 2929 540 3000 ἔργα
572 2927 725 2992 αὖθις
759 2927 1166 2998 ἀνεμαχέσαντο
1194 2927 1294 2994 τὴν
1325 2921 1520 2996 ἧτταν,
1557 2926 1616 2977 οὐ
1659 2925 1860 2994 μᾶλλον
1891 2943 1989 2978 κα·-

404 3021 794 3092 ταπτὴξαντες,
822 3017 854 3088 ἢ
879 3021 1018 3088 ὀργῇ
1041 3020 1105 3087 τῇ
1135 3018 1266 3086 πρὸς
1294 3016 1418 3076 τοὺς
1443 3016 1733 3085 πολεμίους
1759 3017 1986 3087 σφοδρό-

401 3130 564 3182 τερον
590 3112 861 3180 ἁψάμενοι
891 3108 1030 3177 μετά
1055 3108 1225 3159 ταῦτα
1253 3106 1346 3158 τοῦ
1375 3107 1636 3174 πολέμου.
1659 3099 1986 3202 Ὦνάπόγο-
2009 3127 2058 3202 c

400 3218 480 3254 vo:
508 3203 599 3253 καὶ
629 3201 789 3268 ἡμεῖς
816 3196 1091 3262 ἀξιοῦντες
1118 3194 1280 3259 εἶναι,
1309 3196 1606 3266 μιμώμεθα
1631 3195 1730 3258 τὰς
1753 3195 1978 3265 ἀρετάς.

401 3292 511 3344 Καὶ
539 3290 634 3342 νῦν
665 3289 765 3358 μὲν
791 3288 1056 3359 ἡγώμεθα
1079 3288 1271 3358 τύχαις
1302 3288 1676 3358 ἀνθρωπίναις
1702 3289 1984 3359 χρησάμε-

397 3399 480 3434 νοι
511 3381 868 3450 δυσπραγεῖν,
903 3381 1085 3452 μικρῷ
1117 3380 1173 3433 δὲ
1206 3379 1434 3450 ὕστερον
1491 3385 1628 3452 πρὸς
1659 3383 1756 3455 τὴν
1787 3385 1984 3453 προτέ-

397 3489 503 3546 ραν
534 3471 692 3533 αὒθις
727 3471 1018 3538 ἀφίξεσθαι
1053 3472 1422 3542 εὐδαιμονίαν.
1461 3475 1570 3527 Καὶ
1603 3477 1711 3544 γὰρ
1746 3475 1842 3527 καὶ
1872 3476 1982 3528 τῶν

398 3570 507 3639 πρὸ
539 3567 701 3638 ἡμῶν
737 3566 1002 3636 βασιλέων
1036 3568 1137 3620 οὐκ
1169 3568 1365 3636 ὀλίγοι,
1427 3571 1474 3621 οί
1513 3570 1646 3638 μὲν,
1684 3569 1980 3640 βαρσάροις

397 3653 788 3722 πολεμοῦντες,
814 3654 1150 3724 αἰχμάλωτοι
1179 3655 1435 3722 γεγόνασι
1465 3656 1801 3725 νικηθέντες·
1830 3661 1878 3709 oi
1899 3658 1977 3723 δὲ,

397 3747 495 3798 καὶ
539 3746 644 3798 ὑπὸ
692 3747 946 3814 πολέμων
989 3746 1272 3815 ἐμφυλίων
1318 3747 1818 3815 ἐπιϐουλευθέντε·,
1863 3749 1981 3812 ὲξε-

396 3839 746 3909 κρούσθησαν
794 3839 892 3906 τῆς
946 3839 1164 3907 ἀρχῆς’
1217 3838 1332 3890 ἀλλ’
1363 3835 1522 3902 αὖθις
1572 3840 1830 3909 ἑκάτεροι
1881 3843 1981 3911 τὴν

397 3931 672 3999 σωτηρίαν
713 3929 814 3982 οὐκ
855 3929 1185 3996 ἀπογνόντες
1227 3929 1328 3998 τῆς
1371 3946 1430 3981 τε
1473 3930 1650 4000 ἀρχῆς
1696 3932 1976 4000 ἐπέτυχον,

343 4030 352 4034 ’
398 4023 653 4084 καὶτοὺς
691 4021 979 4090 πολεμίους
1015 4020 1181 4072 πλείω
1225 4020 1257 4088 ἢ
1295 4021 1447 4073 αὐτοὶ
1479 4022 1782 4074 πεπόνθασι
1807 4036 1977 4092 προσ-

395 4114 727 4181 ειργάσαντο
763 4112 929 4167 κακά.
963 4112 1024 4164 Et
1053 4113 1108 4164 δὲ
1140 4111 1233 4163 καὶ
1262 4113 1398 4182 πρὸς
1439 4112 1688 4181 θειότερά
1717 4128 1838 4165 τινα
1870 4129 1978 4166 πα-

398 4205 736 4274 ραδείγματα
757 4202 1055 4272 ἀνάγεσθαι
1074 4203 1282 4272 δεήσει.
1300 4204 1392 4256 τὸν
1416 4203 1613 4274 Ἰωσὴφ
1636 4204 1980 4274 ἐννοήσωμεν

397 4304 492 4351 καὶ
533 4299 629 4366 τὴν
669 4299 874 4366 πικρὰν
912 4297 1128 4366 εκείνην
1167 4296 1446 4362 δουλείαν,
1489 4297 1587 4350 καὶ
1623 4295 1724 4366 τὴν
1763 4297 1978 4367 χρόνιον

400 4389 702 4459 κάθειρξιν,
733 4391 828 4440 καὶ
856 4388 947 4440 τὸν
975 4389 1132 4442 ἀλλον
1165 4390 1398 4457 φορυτον
1425 4389 1532 4441 τῶν
1559 4388 1850 4456 ἀλγεινῶν,
1885 4390 1977 4442 καὶ¹

2096 1915 2271 1968 titiam
2324 1931 2423 1970 vos
2465 1916 2706 1985 aliquam
2747 1917 3192 1987 desperationem
3231 1920 3512 1988 suscipere
3547 1935 3668 1974 con-

2095 2007 2271 2070 venit.
2309 2023 2488 2078 neque
2522 2023 2728 2064 sortem
2771 2010 3074 2078 duriorem,
3114 2028 3280 2081 quam
3331 2015 3543 2082 experti
3579 2031 3676 2068 su-

2092 2111 2239 2161 mus,
2272 2097 2630 2154 considerare
2687 2099 2926 2167 debetis,
2977 2101 3075 2156 sed
3113 2102 3245 2155 illud
3296 2105 3497 2172 potius,
3537 2105 3674 2160 nihil

2088 2202 2192 2241 nos
2222 2203 2322 2257 per
2357 2190 2630 2258 ignaviam
2666 2190 2735 2245 ad
2786 2191 2892 2247 hoc
2931 2194 3253 2255 contulisse,
3294 2202 3354 2248 ut
3410 2194 3672 2254 hostibus

2089 2281 2286 2336 cedere
2319 2284 2661 2340 videremur.
2698 2285 2796 2352 Sjn
2838 2287 3002 2342 nobis
3034 2289 3327 2344 molestum
3377 2298 3484 2352 est,
3523 2291 3670 2359 quod

2090 2387 2242 2427 nunc
2299 2373 2622 2430 infortunati
2680 2376 2908 2444 fuimus,
2937 2389 2993 2432 at
3030 2380 3334 2448 cegitcmus
3381 2381 3534 2442 licet,
3571 2396 3672 2435 nec

2088 2474 2307 2520 veteres
2363 2467 2682 2531 Romanos,
2732 2483 2968 2538 quorum
3023 2485 3113 2523 res
3163 2482 3328 2541 gesta:
3371 2471 3584 2529 eximiae
3614 2485 3673 2530 et

2089 2553 2448 2618 admirabiles
2487 2557 2774 2612 hominum
2811 2558 2951 2613 fama
3008 2560 3340 2630 scriptisque
3379 2563 3668 2617 celebran-

2088 2655 2200 2711 tur,
2234 2662 2454 2718 semper
2483 2650 2716 2704 invictos
2745 2651 3014 2705 mansisse
3041 2652 3181 2721 (97),
3223 2656 3316 2707 sed
3349 2669 3491 2723 sa‘pe
3527 2657 3668 2710 Inul-

2091 2734 2163 2789 tis
2199 2735 2342 2790 locis
2379 2736 2679 2794 offendisse
2703 2779 2720 2804 ,
2755 2755 2818 2796 ac
2852 2742 2981 2795 totis
3013 2741 3351 2797 exercitibus
3381 2760 3488 2798 una
3542 2762 3669 2800 cum

2087 2825 2325 2881 ducibus
2357 2829 2590 2884 adverso
2625 2831 2796 2886 Marte
2840 2831 3056 2896 deletis,
3095 2837 3418 2890 instauratis
3465 2837 3693 2894 deinde'

2088 2919 2314 2987 praliis,
2348 2919 2680 2976 fortitudine
2741 2933 2797 2979 et
2842 2924 3106 2993 patientia
3166 2927 3360 2982 bellica
3417 2928 3670 2984 hostibus

2087 3020 2189 3074 par
2215 3008 2474 3064 retulisse
2505 3024 2520 3063 :
2550 3026 2653 3065 nec
2683 3013 2856 3083 magis
2911 3014 3108 3070 timore
3162 3018 3464 3084 perculsos,
3497 3035 3663 3088 quam

2089 3099 2378 3154 iracundia
2437 3101 2492 3156 in
2557 3101 2744 3158 hostes
2795 3104 3074 3171 incitatos,
3107 3107 3176 3162 ad
3212 3109 3417 3164 bellum
3469 3123 3665 3180 postea

2087 3191 2375 3246 ardentius
2406 3191 2747 3251 incubuisse.
2780 3195 3023 3263 Quorum
3050 3214 3152 3254 nos
3180 3201 3389 3270 posmri
3421 3217 3544 3259 esse
3570 3221 3668 3260 cu-

2085 3279 2323 3349 pientes,
2359 3298 2553 3339 eorum
2593 3287 2852 3342 virtutem
2910 3288 3212 3344 imitemur.
3249 3290 3314 3346 Et
3347 3309 3495 3348 nunc
3541 3297 3664 3365 qui-
3738 3343 3742 3346 .

2084 3373 2209 3426 dem
2240 3375 2368 3444 quia
2402 3376 2658 3433 homines
2690 3395 2901 3438 sumus.
2921 3397 3022 3434 nos
3061 3383 3297 3439 miseros
3327 3399 3472 3449 esse,
3502 3386 3662 3441 brevi

2084 3475 2268 3535 autem
2310 3468 2510 3522 iterum
2547 3469 2734 3524 felices
2790 3486 2857 3525 ac
2909 3472 3100 3527 beatos
3134 3474 3254 3528 fore
3299 3477 3660 3533 arbitremur.

2085 3557 2301 3611 Etenim
2354 3568 2411 3613 et
2439 3561 2681 3630 majores
2738 3563 2914 3616 nostri
2949 3563 3318 3633 imperatores
3343 3584 3452 3623 non
3478 3573 3664 3639 pauci,

2082 3649 2174 3703 alii
2223 3649 2478 3706 Barbaris
2523 3652 2725 3707 bellum
2774 3653 3072 3710 inferentes
3110 3659 3356 3727 superati
3391 3672 3446 3714 et
3480 3663 3661 3732 capti,

2083 3741 2175 3794 alii
2216 3743 2473 3797 civilibus
2503 3745 2676 3798 armis
2703 3745 2938 3816 imperio
2969 3748 3183 3818 depulsi
3211 3761 3376 3818 sunt;
3416 3753 3510 3808 sed
3544 3771 3664 3810 rur-

2084 3849 2206 3887 sum
2241 3836 2464 3904 utrique
2498 3838 2678 3892 salute
2736 3855 3088 3911 nequaquam
3128 3844 3181 3898 in
3229 3845 3533 3915 deSperatis
3567 3850 3664 3903 lia-

2084 3924 2220 4002 bita,
2256 3935 2314 3980 et
2356 3927 2650 3996 imperium
2684 3943 3112 3999 recuperarunt,
3145 3944 3202 3990 et
3239 3938 3523 4006 graviores
3551 3942 3666 3995 cla-

2081 4017 2181 4070 des
2211 4033 2377 4086 quam
2405 4031 2761 4088 acceperant,
2793 4021 3049 4079 hostibus
3081 4027 3476 4095 rependerunt.
3505 4031 3664 4097 Quod

2083 4107 2128 4162 si
2169 4108 2442 4163 diviniora
2501 4101 2750 4180 quaedam
2795 4117 3045 4184 exempla
3083 4117 3442 4186 requirimus,
3499 4123 3665 4180 Jose-

2083 4199 2278 4267 phum,
2313 4209 2368 4253 et
2413 4201 2670 4256 acerbam
2732 4203 2881 4258 illam
2919 4207 3268 4274 servitutem,
3305 4209 3662 4270 diuturnum-

2081 4305 2189 4359 que
2220 4305 2520 4357 carcerem,
2557 4303 2614 4346 et
2645 4293 2914 4363 reliquam
2956 4297 3209 4352 dolorum
3256 4301 3574 4368 colluviem,
3603 4316 3662 4361 et

2038 4379 2052 4389 ’
2081 4381 2360 4450 quomodo
2425 4392 2549 4452 post
2601 4383 2718 4438 haec
2747 4385 2931 4441 omnia
2965 4403 3066 4457 pro
3113 4404 3281 4447 servo
3343 4401 3400 4446 et
3473 4395 3662 4452 vincto

396 4483 474 4545 ὡς
516 4486 653 4552 μετὰ
683 4482 856 4533 ταῦτα
894 4483 1109 4544 πάντα,
1145 4481 1490 4534 ἀντὶ-δούλου
1533 4481 1626 4534 καὶ
1664 4481 1974 4551 δεσμώτου,

2087 4471 2302 4543 Egypti
2346 4475 2600 4544 princeps
2629 4476 2941 4532 declaratus
2984 4479 3074 4544 sit,
3113 4491 3244 4536 ante
3278 4486 3470 4540 oculos
3520 4503 3655 4556 pro-

397 4576 654 4645 βασιλεὺς
690 4574 1033 4626 ἀνεδείκνυτο
1085 4573 1384 4640 Αἰγύπτου.
1418 4575 1525 4626 Καὶ
1562 4573 1723 4625 Δαόιδ
1757 4576 1848 4625 τὸν
1884 4574 1980 4642 βαι

399 4667 552 4720 σιλέα
601 4667 740 4737 μετά
780 4665 879 4736 τὴν
923 4666 1130 4735 πλάνην
1167 4666 1267 4735 τὴν
1313 4668 1532 4735 μακρὰν
1577 4667 1668 4717 καὶ
1705 4665 1765 4718 τὸ
1811 4667 1980 4736 μυρία

393 4754 506 4808 ὑπὸ
556 4753 650 4807 τοῦ
701 4753 1153 4823 εὐεργετηθέντος
1203 4752 1469 4822 βασιλέως
1532 4751 1834 4822 ὑποστῆναι
1910 4753 1981 4805 τὰ

394 4843 549 4897 δεινά
568 4884 583 4907 ,
615 4843 840 4914 ὕστερον
874 4845 952 4906 είς
983 4842 1082 4911 τὴν
1111 4841 1320 4894 οίκείαν
1348 4841 1735 4904 ἀνασωθέντα,
1764 4843 1858 4895 καὶ
1889 4843 1980 4911 ﬁs-

392 4936 566 4999 ὀαίως
611 4935 1005 5006 βασιλεύσαντα
1046 4933 1154 4985 τῶν
1195 4932 1504 5001 ὁμοφύλων.
1543 4933 1608 4984 *Α
1652 4933 1827 4986 πάντα
1867 4934 1974 5005 χρὴ

327 5039 346 5054 ⁹
395 5029 837 5098 ἀνθυμουμένους
867 5027 942 5094 μὴ
971 5025 1222 5093 ἀθυμεῖν,
1254 5024 1390 5076 ἀλλὰ
1417 5023 1617 5091 μᾶλλον
1647 5023 1716 5075 τὰ
1745 5025 1974 5094 χρηστά-

395 5135 534 5190 τερα
563 5119 830 5184 ἐλπίζειν,
860 5116 1211 5187 βουλεύεσθαι
1235 5114 1294 5166 δὲ
1320 5114 1416 5166 καὶ
1440 5114 1477 5168 ἀ
1501 5115 1606 5184 χρὴ
1635 5117 1975 5184 πράττοντας

393 5211 515 5262 vovi.
551 5209 630 5279 μὴ
658 5209 752 5262 τοῦ
785 5209 1157 5277 προσήκοντος
1189 5205 1604 5274 διαμαρτάνειν.
1642 5205 1834 5275 Ὀρᾷτε
1867 5208 1974 5278 γὰρ

2078 4580 2373 4635 ponamus.
2417 4566 2484 4620 Et
2515 4567 2684 4622 David
2715 4583 2922 4639 regem,
2950 4580 3238 4641 postquam
3263 4573 3358 4630 diu
3388 4577 3652 4648 fugiendo

2080 4658 2379 4718 oberravit.
2415 4667 2470 4712 et
2525 4671 2792 4728 sexcenta
2843 4676 2875 4715 a
2905 4663 3097 4730 Saule,
3128 4665 3218 4719 cui
3281 4665 3653 4737 benefecerat,

2084 4751 2227 4805 mala
2260 4765 2554 4826 perpessus
2587 4751 2712 4818 fuit,
2746 4753 2968 4810 tandem
3014 4756 3070 4810 in
3120 4758 3354 4826 patriam
3399 4761 3652 4816 tellurem

2069 4841 2291 4894 salvum
2337 4841 2677 4911 pervenisse.
2736 4845 3044 4916 stabileque
3085 4848 3141 4904 in
3197 4863 3295 4903 sua
3349 4861 3510 4919 gente
3569 4868 3655 4907 re-

2083 4946 2252 5000 gnum
2304 4932 2564 5002 adeptum
2619 4948 2762 5017 esse.
2793 4935 2926 5002 Quae
2979 4938 3165 4992 omnia
3228 4944 3651 5012 perpendentes.

2081 5038 2304 5092 sperare
2352 5025 2582 5081 meliora
2627 5037 2848 5096 oportet
2868 5069 2884 5095 ,
2915 5031 3323 5104 cogitandoque
3355 5046 3411 5091 et
3441 5039 3652 5108 agendo

2077 5129 2200 5184 qua:
2226 5129 2376 5171 nunc
2405 5131 2546 5186 opus
2569 5128 2678 5182 est,
2711 5135 2742 5174 a
2771 5129 2923 5176 recto
2955 5124 3176 5178 tramite
3209 5141 3318 5180 non
3368 5128 3647 5188 aberrare.

2080 5205 2294 5261 Videtis
2321 5209 2466 5262 enim
2492 5210 2958 5277 quemadmodum
2985 5213 3041 5268 in
3073 5223 3218 5270 terra
3249 5217 3435 5274 hostili
3469 5221 3647 5278 relicti

390 5300 471 5359 ὡς
500 5303 629 5371 περὶ
659 5300 766 5370 γῆν
793 5297 1235 5367 ἀπολελείμμεθα
1261 5290 1606 5368 πολεμίανκῇ
1632 5298 1691 5348 τό
1717 5313 1775 5349 τε
1808 5314 1979 5368 προσ-

2087 5299 2274 5361 simus,
2303 5298 2361 5352 in
2388 5313 2496 5367 qua
2524 5314 2628 5355 nec
2655 5301 2863 5358 herere
2893 5311 3097 5369 tutum,
3129 5307 3383 5366 hostibus
3403 5313 3648 5382 undique

395 5393 640 5461 εδρεύειν
663 5392 764 5446 οὐκ
790 5391 1056 5460 ἀσφαλὲς,
1090 5388 1365 5458 πολεμίων
1398 5388 1664 5440 πάντοθεν
1691 5391 1975 5460 ἐπικειμέ-

2081 5389 2438 5461 urgentibus,
2494 5399 2551 5446 et
2617 5392 2842 5449 domum
2904 5399 3132 5464 reverti,
3169 5401 3372 5490 ibique,
3407 5404 3652 5462 inclusos

1637 5503 1857 5566 Jacobi
1895 5505 2160 5568 Pontani
2194 5513 2386 5566 notes.

469 5619 584 5688 (97)
627 5581 1364 5704 Quingentornm‘annorn‘m
1399 5613 1599 5693 spatio,
1633 5627 1661 5665 a
1695 5612 1974 5704 pulsis‘vi-
2067 5614 2406 5704 dringenties
2435 5613 2757 5704 quadragies
2782 5614 3266 5704 vgigetor‘dislcessit.
3301 5621 3366 5675 Et
3401 5623 3649 5704 quamvis

397 5685 597 5742 dulice't
650 5685 868 5756 regibus
925 5689 991 5740 ad
1039 5686 1243 5761 o_hitnm
1295 5685 1561 5761 Augusti,
1617 5685 1967 5750 quingenties
2070 5686 2278 5761 aliquot
2317 5687 2529 5761 ‘przeliis
2581 5688 2706 5740 victi
2779 5686 2924 5761 sint,
2963 5687 3328 5761 Δὶιιιιιοιιιιιιοιι
3363 5685 3550 5761 omni,
3589 5704 3650 5748 ut

399 5753 756 5829 quinquagies
794 5758 1024 5828 populus
1060 5755 1338 5812 Romanus
1370 5753 1646 5848 praeliatus
1673 5761 1758 5807 est
1788 5767 1806 5808 :
1835 5767 1972 5822 qua-

2073 5757 2252 5810 civilia
2285 5757 2580 5821 sileantur,
2613 5757 2923 5824 superiores
2957 5754 3130 5822 fuere.
