4014 6476
495 323 606 385 913

1667 313 2024 382 .JOANNlS
2063 340 2064 349 ι

2165 309 2591 373 NTACUZENI
2867 307 2873 312 ’
3337 371 3341 376 .
3649 318 3737 382 946

484 436 765 499 obsideri;
805 446 912 487 non
945 430 1110 485 modo
1144 429 1457 486 timiditatis
1485 439 1542 486 et
1574 429 1811 485 infamiae
1843 431 2064 500 plenum

2169 445 2296 481 νων.
2329 429 2436 482 Καὶ
2461 430 2521 481 τὸ
2548 431 2625 490 είς
2656 428 2752 497 τὴν
2781 427 2987 482 οἰκείαν
3019 429 3404 500 ἀναστρέξειν,
3430 435 3522 488 καὶ
3548 429 3744 505 ἐγκλει-

481 539 594 592 est,
630 526 726 584 sed
757 533 811 579 et
841 523 1076 592 periculi
1126 523 1502 591 suspicionem
1547 537 1656 577 non
1702 537 1927 592 parvam
1977 521 2072 574 ha-

488 623 606 683 bet,
673 633 742 672 ne
793 623 900 669 tam
933 615 1092 669 multi
1139 615 1281 669 fame
1333 617 1569 676 subacti,
1610 614 1898 684 pristinam
1955 613 2072 682 glo-

485 713 623 766 riam
683 720 834 760 suam
872 707 1080 760 t'tmlare
1125 709 1548 776 compellantur.
1585 706 1886 760 Melenicus
1919 706 2070 758 enim

416 860 440 874 η
487 799 691 857 nedum
727 812 849 862 nos,
903 797 997 851 sed
1035 813 1136 852 nec
1172 799 1382 853 incolas
1417 813 1546 853 suos
1572 796 1858 852 commode
1888 804 2072 865 potest

485 893 654 948 alere.
687 889 853 962 587
888 889 1061 955 Quam
1095 889 1166 944 ob
1223 905 1447 944 causam
1499 903 1625 944 cum
1659 888 1716 942 id
1752 897 1881 943 ante
1930 888 2066 942 mihi

485 985 883 1056 persuaserim,
930 998 1082 1037 nunc
1115 981 1168 1036 id
1210 982 1368 1036 vobis
1422 980 1650 1046 suadeo,
1682 981 1749 1035 ad
1795 979 2073 1034 Triballo-

486 1090 605 1130 rum
639 1075 948 1144 principem
983 1076 1151 1128 etiam
1182 1073 1313 1126 olim
1344 1072 1477 1125 mihi
1508 1070 1773 1135 amicum,
1805 1079 1860 1124 et
1894 1083 2070 1137 nuper

487 1173 557 1226 de
587 1173 802 1240 integro
843 1169 1177 1223 foederatum
1213 1166 1590 1220 concedamus
1618 1161 1816 1232 :cujus
1851 1160 2069 1214 adaucti

485 1263 720 1328 vitibus,
753 1260 1201 1330 Didymotichum
1249 1273 1373 1311 mox
1417 1257 1736 1318 redeuntes,
1771 1253 1837 1308 ad
1870 1262 2069 1308 caetera

485 1357 616 1412 belli
652 1365 760 1409 non
791 1351 1123 1406 mediocrem
1156 1365 1223 1404 ex
1263 1350 1382 1420 ejus
1412 1347 1676 1404 societate
1705 1346 1946 1401 fructum
1980 1358 2071 1397 ca-

484 1450 724 1520 piemus.
752 1445 877 1499 llaec
900 1444 1034 1496 mihi
1072 1443 1384 1497 conducere
1413 1442 1468 1494 in
1501 1454 1743 1510 praesens
1770 1437 1885 1492 visa
1916 1446 2066 1492 sunt.

501 1539 557 1592 Si
587 1537 712 1606 quis
744 1535 968 1590 meliora
1004 1534 1273 1599 attulerit,
1311 1541 1369 1587 et
1411 1534 1529 1599 ipse
1557 1532 1740 1587 libens
1771 1523 2066 1599 obsequar,

483 1639 540 1684 et
567 1629 704 1681 alios
737 1627 805 1680 ad
851 1625 1270 1694 obsequendum
1322 1625 1604 1682 inducam.
1647 1623 1930 1677 Hactenus
1965 1621 2070 1675 im-

485 1729 732 1790 perator.
775 1718 1069 1772 Exercitus
1113 1727 1295 1772 atttem
1341 1717 1568 1771 circiter
1603 1715 1775 1768 duum
1833 1714 2065 1768 millium

487 1822 541 1866 et
591 1811 764 1865 duces
817 1813 1245 1878 responderunt,
1284 1824 1392 1862 non
1443 1823 1502 1862 se
1541 1808 1628 1862 vel
1663 1807 2065 1871 admonitione,

483 1903 568 1955 vel
602 1903 836 1957 consilio
884 1900 1156 1968 indigere,
1217 1902 1312 1955 sed
1339 1915 1462 1970 qtue
1498 1899 1608 1954 Deo
1647 1907 1703 1953 et
1749 1897 2067 1967 imperatori

485 1995 779 2063 placeant,
836 1993 1021 2048 omnia
1077 1993 1260 2049 facere
1319 2008 1383 2046 ac
1431 1992 1720 2046 sustinere
1785 2001 2068 2061 promptos

483 2100 606 2140 esse
649 2103 663 2140 :
694 2097 752 2142 et
795 2086 876 2140 sic
909 2093 1279 2154 comparatos,
1307 2087 1430 2152 ipse
1459 2097 1570 2153 quo
1617 2083 1926 2138 consultius
1963 2098 2068 2152 pu-

487 2184 652 2241 taret,
709 2176 958 2232 duceret.
1020 2175 1134 2231 lloe
1189 2176 1343 2230 brevi
1405 2189 1675 2244 responso
1721 2174 2068 2230 exhilaratus

485 2269 805 2340 imperator,
843 2271 1102 2325 tubarum
1146 2273 1406 2340 clangore
1461 2269 1798 2326 abscedendi
1847 2272 2065 2340 s‘gnum

485 2363 605 2418 dari
641 2364 806 2436 jussit
836 2381 851 2420 :
883 2366 1104 2438 iamque
1151 2365 1368 2421 caeteris
1411 2364 1809 2430 valodixeraut,
1840 2373 1894 2419 et
1923 2366 2066 2419 viam

489 2441 820 2525 carpebant.
869 2457 1280 2512 Thessalonica:
1316 2467 1500 2510 autem
1546 2456 1910 2526 Apocauchus
1948 2473 2061 2511 ma-

482 2564 628 2620 gnus
675 2549 786 2604 dux
824 2550 1118 2604 tumultum
1179 2550 1232 2603 in
1274 2549 1520 2602 exercitu
1569 2550 1918 2620 imperatoris
1946 2549 2064 2604 fore

485 2641 670 2694 sciens
701 2641 1101 2711 (indicantibus
1131 2641 1207 2704 id,
1246 2641 1339 2710 qui
1380 2641 1518 2694 clam
1551 2657 1676 2695 cum
1705 2656 1773 2695 eo
1809 2640 1877 2694 de
1928 2655 2065 2709 pace

485 2729 742 2798 agebant)
768 2771 783 2796 ,
812 2731 964 2782 velut
997 2730 1257 2783 audacior
1293 2729 1490 2791 t'actus,
1516 2737 1600 2795 et;
1621 2727 1828 2797 aliquid
1873 2737 2063 2783 contra

439 2812 612 2871 "eum
653 2833 711 2872 se
747 2818 1076 2881 eﬂecturum
1111 2831 1358 2885 sperans,
1395 2823 1668 2884 quotquot
1690 2825 1851 2869 erant
1883 2817 1938 2870 iu
1967 2817 2065 2870 tri-

483 2910 734 2964 remibus
763 2919 1058 2964 armaturae
1086 2909 1290 2976 gravis,
1311 2916 1368 2971 et
1399 2907 1691 2977 sagittarii,
1713 2918 1771 2964 et
1799 2924 1866 2963 ex
1893 2908 2065 2963 Thes-

2179 519 2450 587 σαμένους
2503 519 2946 590 πολιορκεῖσθαι,
2998 522 3097 573 οὐκ
3147 523 3369 590 ἀγεννὲς
3417 528 3510 584 καὶ
3561 529 3742 599 ἄτιμον

2177 612 2362 682 μόνον,
2393 611 2526 666 ἀλλὰ
2557 615 2648 665 καὶ
2678 613 2928 666 κινδύνου
2983 614 3219 683 ὑποψίαν
3245 616 3304 668 οὐ
3329 605 3630 688 ¹παρέχεται
3664 642 3743 692 μι-

2175 705 2350 773 κρὰν,
2384 707 2431 757 εἰ
2465 706 2648 776 δεήσει
2679 705 2967 766 τοσούτους
3004 706 3180 777 ἐνδείᾳ
3213 709 3532 774 πιεσθέντας
3563 715 3742 779 ἀνάξια

2172 797 2274 866 τῆς
2307 796 2580 867 προτέρας
2611 797 2766 868 δόξης
2803 797 3317 869 ἀναγκασθήσεσθαι
3351 805 3540 856 ποιεῖν.
3572 806 3740 858 Μελε-

2173 892 2321 954 νίκος
2353 891 2459 959 γὰρ
2489 893 2587 960 οὐχ
2615 891 2698 945 ὅτι
2725 908 2789 958 γε
2817 892 3000 962 ἡμᾶς,
3031 891 3144 944 ἀλλ’
3170 893 3292 946 οὐδὲ
3321 895 3448 958 τοὺς
3480 897 3744 964 οἰκοῦντας

2172 986 2396 1054 τρέφειν
2437 982 2664 1035 δύναται
2709 983 2996 1044 ἀνενδεῶς.
3039 977 3113 1038 Ub
3158 985 3222 1056 δὴ
3269 985 3453 1053 ἕνεκα,
3495 991 3651 1054 αὑτός
3688 1010 3742 1046 τε

2173 1076 2440 1145 πρότερον
2485 1073 2722 1142 ἐμαυτὸν
2774 1074 3048 1140 πέπεικα,
3095 1077 3189 1128 καὶ
3233 1077 3360 1146 ὑμῖν
3407 1079 3746 1148 συμϐουλεύω

2172 1171 2268 1225 νῦν
2292 1212 2307 1234 ,
2351 1171 2486 1238 πρὸς
2521 1171 2612 1224 τὸν
2648 1170 2936 1240 Τριδαλῶν
2968 1172 3203 1242 ἄρχοντα
3247 1173 3455 1238 ἐλθεῖν,
3498 1175 3658 1228 πάλαι
3690 1193 3743 1228 τε

2174 1264 2368 1332 φιλίως
2403 1262 2763 1331 διακείμενον
2806 1264 2962 1332 ἐμοὶ,
3007 1264 3099 1314 καὶ
3143 1262 3237 1316 νῦν
3278 1265 3446 1334 ὀλίγῳ
3493 1267 3744 1336 πρότερον

2174 1352 2407 1415 σπονδὰς
2433 1355 2527 1405 καὶ
2555 1352 2876 1422 συμμαχίαν
2901 1354 3291 1422 πεποιημένον.
3322 1348 3398 1407 Οὗ
3424 1356 3744 1425 χρησάμενοι

2170 1447 2234 1514 τῇ
2278 1445 2530 1514 δυνάμει,
2573 1446 2706 1515 πρός
2747 1462 2806 1497 τε
2852 1445 3238 1513 Διδυμότειχον
3281 1449 3620 1514 ἐπανήξομεν
3654 1465 3740 1500 ταο

2171 1535 2330 1605 χέως,
2363 1537 2454 1588 καὶ
2488 1536 2624 1604 πρὸς
2653 1535 2721 1588 τά
2751 1535 2885 1588 ἄλλα
2917 1537 3009 1588 τού
3047 1537 3285 1607 πολέμου
3318 1537 3378 1589 ού
3413 1538 3606 1604 μέτριά
3630 1555 3738 1590 τινα

2170 1626 2490 1696 ὠφελοῦσαν
2514 1627 2712 1696 ἕξομεν
2735 1627 2836 1697 τὴν
2862 1629 3074 1682 ἐκείνου
3104 1629 3446 1699 συμμαχίαν.
3479 1630 3625 1699 Ἐμοὶ
3652 1632 3740 1699 μὲν

2171 1719 2266 1774 οὖν
2314 1718 2540 1772 τοιαῦτα
2597 1719 2743 1784 ἔδοξε
2780 1721 3081 1773 λυσιτελεῖν
3116 1723 3173 1772 ἐν
3208 1721 3283 1790 τῷ
3320 1723 3566 1791 παρόντι.
3603 1723 3659 1776 Ei
3689 1723 3738 1776 ἕέ

2172 1829 2297 1865 τινα
2347 1811 2542 1881 βελτίω
2592 1811 2820 1880 γνώμην
2867 1813 3058 1882 ἑτέραν
3109 1813 3223 1882 ἔχει
3276 1831 3359 1876 τις
3405 1816 3736 1883 εἰσενεγκεῖν,

2171 1904 2333 1967 αὑτός
2369 1921 2427 1956 τε
2471 1904 2842 1974 πεισθήσομαι
2884 1905 3076 1974 ἡδέως,
3113 1905 3207 1958 καὶ
3239 1909 3354 1970 τοῖς
3394 1907 3574 1970 ἄλλοις
3613 1924 3737 1976 συμ-

2171 1993 2470 2047 ϐουλεύσω.
2509 1993 2568 2046 '0
2616 1993 2716 2063 μιν
2761 1992 2854 2046 οὖν
2901 1993 3157 2064 βασιλεὺς
3201 1993 3432 2048 τοιαῦτα
3480 1991 3645 2048 εἶπεν.
3682 1995 3737 2048 Ἡ

2173 2083 2402 2153 στρατιά
2431 2082 2488 2136 δὲ
2520 2083 2638 2153 ἅμα
2667 2083 2779 2146 τοῖς
2814 2084 3049 2152 ἡγεμόσι
3081 2085 3210 2152 περὶ
3241 2084 3539 2153 δισχιλίους
3568 2084 3736 2147 ὄντες,

2170 2175 2315 2251 Οὔτε
2324 2174 2728 2245 παραινέσεων,
2753 2169 3099 2243 εἶπον,χρεία
3125 2174 3258 2244 πρὸς
3277 2173 3496 2244 quam?)
3513 2175 3735 2246 βασιλεῦ,

2167 2266 2291 2320 οὔτε
2318 2267 2705 2336 βουλευμάτων
2727 2280 2739 2294 ο
2765 2265 2931 2318 ἀλλ’ἀ
2959 2264 3078 2335 Θεῷ
3101 2283 3158 2318 τε
3180 2267 3276 2319 καὶ
3303 2268 3552 2333 σοὶνδοκεῖ
3575 2268 3732 2322 πάντα

2169 2357 2429 2426 πράττειν
2465 2356 2561 2409 καὶ
2598 2355 2930 2425 ὑφίστασθαι
2971 2358 3497 2426 παρεσκευάσμεθα.
3536 2359 3618 2420 Ὠς
3655 2357 3735 2410 οὖν

2166 2446 2311 2502 οὔτω
2359 2447 2921 2519 παρεσκευασμένους
2973 2447 3136 2509 αὐτὸς
3195 2447 3322 2501 ὅποι
3361 2449 3507 2502 δοκεί
3550 2448 3734 2518 βέλτιον

2166 2543 2324 2614 ήγοῢ.
2356 2543 2497 2612 Πρὸς
2528 2542 2620 2596 οὖν
2649 2543 2747 2612 τὴν
2778 2529 3036 2612 τοιαύτην
3069 2540 3438 2612 βραχυλογίαν
3472 2544 3563 2597 καὶ
3590 2545 3616 2596 ό
3645 2542 3730 2612 βαι

2167 2637 2349 2699 σιλεὺς
2379 2636 2588 2705 ἡσθεὶς,
2623 2635 2842 2688 ἐκέλευε
2873 2637 2940 2704 τῇ
2977 2635 3241 2703 σάλπιγγι
3272 2637 3376 2711 τὴν
3407 2635 3731 2708 ἀναχώρησιν

2167 2727 2492 2796 σημαίνειν,
2528 2725 2622 2776 καὶ
2662 2724 3060 2794 συνταξάμενοι
3099 2727 3370 2797 ἐχώρουν.
3415 2729 3752 2798 ’Λπόκαυχος.

2163 2817 2221 2870 δὲ
2251 2820 2279 2870 ὁ
2312 2817 2484 2887 μέγας
2516 2816 2640 2883 δοὺξ
2675 2819 2730 2869 ἐν
2760 2819 3134 2888 Θεσσαλονίκῃ
3163 2819 3263 2887 τὴν
3295 2821 3557 2890 ἐσομένην
3584 2835 3726 2888 capa-

2163 2910 2264 2981 χὴν
2295 2911 2424 2979 περὶ
2452 2911 2550 2977 τὴν
2585 2909 2851 2978 βασιλέως
2888 2912 3152 2978 στρατιὰν
3183 2912 3345 2974 εἰδὼς
3366 2953 3382 2978 ,
3413 2915 3462 2966 oi
3497 2914 3599 2981 γὰρ
3631 2911 3730 2964 δια·

483 2999 730 3052 salonica
765 3008 1042 3069 quotquot
1074 3009 1297 3068 poterat
1338 3000 1622 3067 equitibus
1671 3009 1726 3053 et
1773 3001 2061 3072 utriusque

2165 3003 2448 3072 λεγόμενοι
2480 3002 2665 3071 κρύφα
2689 3003 2824 3070 πρὸς
2847 3001 2908 3054 τὸ
2931 3001 3244 3054 διαλύεσθαι
3273 3007 3540 3075 ἐμήνυονσ
3565 3003 3728 3070 ὥσπερ

481 3101 776 3146 armaturae
831 3092 1114 3160 peditibus
1146 3092 1368 3160 eductis
1422 3107 1708 3162 praeterea,
1742 3092 1910 3164 Sytge
1945 3095 2058 3164 (qui

2165 3095 2592 3164 ἀναθαρσήσας,
2626 3094 2715 3146 καί
2745 3113 2794 3147 τι
2827 3095 2970 3146 κατὰ
3003 3093 3269 3163 βασιλέως
3307 3097 3625 3166 δυνήσεσθαι
3652 3095 3727 3146 ἐλ-

483 3201 595 3239 non
632 3185 724 3240 diu
757 3196 883 3256 post
912 3201 1006 3240 rex
1036 3185 1314 3240 Armenia:
1346 3187 1695 3240 renuntiatus
1722 3189 1826 3256 est)
1854 3197 1911 3242 et
1941 3188 2059 3242 Mo-

463 3278 753 3331 -nomaclio
804 3277 1086 3347 praefecto,
1122 3292 1247 3330 cum
1297 3279 1368 3332 iis
1400 3292 1543 3346 quos
1591 3278 1783 3334 Pheris
1819 3279 2063 3334 adduxe-

482 3373 634 3427 rant,
667 3373 723 3420 et
751 3366 981 3434 insuper
1016 3367 1199 3419 missis
1232 3365 1518 3436 Byzantio,
1553 3377 1609 3421 et
1632 3383 1662 3423 e
1692 3369 1924 3424 Thracia
1950 3371 2065 3424 cul-

481 3459 640 3512 lectis
680 3457 854 3527 capiis
886 3473 1011 3512 cum
1046 3457 1257 3512 Tltoma
1292 3465 1348 3512 et
1393 3457 1716 3514 Andronico
1745 3461 2063 3533 l’alaaologis

481 3551 720 3605 ducibus
747 3550 1246 3620 assumptis,-recta
1280 3549 1762 3621 Gynaecocastrum
1794 3553 2062 3609 adversus

481 3645 876 3713 imperatorem
937 3643 1415 3713 progrediebatur.
1475 3642 1613 3700 Cum
1682 3646 1830 3701 baud
1899 3647 2061 3718 longe

479 3737 777 3800 abessent,
816 3735 869 3788 in
918 3746 1374 3806 protostratorem
1421 3751 1762 3810 caeterosque
1809 3739 2059 3793 deserto.

480 3844 571 3883 res
605 3827 880 3893 incidunt,
924 3838 980 3882 et
1023 3829 1095 3882 ita
1142 3830 1532 3900 imperatorem
1571 3846 1803 3886 numero
1839 3831 2064 3885 vincen-

481 3926 588 3983 tes,
618 3920 674 3972 in
704 3933 831 3972 eum
861 3918 1092 3979 vadunt,
1123 3919 1244 3974 Non
1282 3931 1465 3976 tamen
1515 3922 1582 3975 ad
1627 3936 1865 3990 pugnam
1895 3936 2063 3989 expe-

459 4011 581 4064 ,αἱιί
616 4023 772 4064 erant
799 4027 815 4072 ;
854 4021 1058 4065 norant
1083 4012 1358 4081 siquidem
1383 4055 1398 4079 ,
1427 4013 1660 4068 audacia
1682 4053 1696 4078 ,
1735 4012 2060 4067 lortitudine

479 4112 538 4157 et
591 4103 988 4157 exercitatione
1045 4103 1271 4158 militari
1324 4105 1496 4174 magis
1531 4119 1592 4158 se
1645 4103 1857 4157 abillis
1889 4104 2058 4170 vinci,

452 4207 644 4261 quam
685 4193 788 4262 ipsi
821 4193 944 4247 illos
995 4209 1230 4248 numero
1302 4183 1634 4260 vincerent;
1701 4193 1938 4264 ideoque
1971 4194 2058 4249 in-

477 4295 688 4340 structa
725 4287 843 4340 acie
879 4287 944 4340 ad
974 4303 1172 4342 manus
1211 4287 1402 4342 venire
1427 4288 1744 4343 consultum
1784 4289 1928 4342 haud
1960 4304 2061 4358 pu-

476 4379 669 4432 tabant
699 4397 712 4432 :
750 4380 942 4448 procul
983 4388 1169 4432 autem
1200 4379 1531 4445 fremebant,
1563 4379 1946 4449 clamoresque
1977 4381 2058 4433 al-

2167 3187 2332 3246 πίσας
2359 3187 2446 3239 διὰ
2473 3188 2571 3255 τήν
2601 3187 2896 3256 προδοσίαν
2922 3188 3029 3239 τῶν
3060 3188 3354 3251 συνόντων,
3379 3190 3505 3251 τοὺς
3531 3185 3728 3245 ὁπλίτας

2165 3279 2281 3332 ὅσοι
2311 3274 2472 3348 ἦσαν,
2507 3279 2603 3331 καὶ
2633 3279 2822 3347 ψιλοὺς
2853 3264 3074 3342 τοξότας
3105 3279 3218 3331 τῶν
3247 3285 3523 3351 τριήρεων
3554 3279 3730 3346 ἐξαγα-

2165 3368 2300 3438 γὼν,
2324 3369 2416 3420 καὶ
2438 3371 2502 3420 ὲκ
2525 3369 2928 3438 Θεσσαλονίκης
2949 3369 3111 3430 ὅσους
3140 3369 3383 3436 μάλιστα
3410 3372 3532 3440 ἐνῆν
3553 3368 3730 3427 ἱππέας

2164 3477 2223 3512 τε
2253 3461 2345 3514 καὶ
2374 3459 2599 3520 ὁπλίτας
2634 3462 2727 3511 καὶ
2760 3459 2952 3528 ψιλοὺς
2974 3499 2989 3523 ,
3022 3462 3117 3512 καὶ
3151 3461 3370 3532 Συργὴν
3403 3463 3462 3525 ὃς
3492 3461 3578 3516 καὶ
3609 3459 3729 3528 μετὰ

2169 3551 2365 3621 μικρὸν
2383 3551 2485 3621 ρὴξ
2506 3551 2848 3604 ἀνεδείκνυτο
2874 3553 3190 3622 Ἀρμενίας,
3209 3555 3306 3607 καὶ
3325 3555 3418 3607 τὸν
3433 3551 3730 3621 Μονομάχον

2165 3643 2407 3714 ἔπαρχον
2435 3643 2690 3712 έχοντας,
2720 3643 2814 3704 οὓς
2840 3645 2996 3696 αὐτοὶ
3027 3645 3092 3697 ἐκ
3121 3643 3311 3714 Φερῶν
3337 3640 3470 3717 ἦκον
3495 3646 3728 3712 ἄγοντες,

2164 3733 2245 3786 ἔτι
2280 3734 2336 3787 δὲ
2374 3736 2471 3788 καὶ
2508 3735 2607 3804 τὴν
2633 3738 2714 3803 ίέκ
2760 3734 3056 3799 Βυζαντίου
3099 3738 3190 3789 καὶ
3230 3735 3456 3808 Θρᾴκης
3495 3731 3730 3804 στρατιὰν

2163 3827 2282 3897 ἅμα
2315 3831 2638 3898 στρατηγοῖς
2671 3827 2846 3897 Θωμᾷ
2877 3830 2971 3882 καὶ
3008 3829 3343 3899 Ἀνδρονίκῳ
3372 3833 3481 3893 τοῖς
3515 3826 3728 3881 Παλαιο·

2163 3921 2342 3989 λόγοις
2374 3920 2732 3991 παραλαϐὼν,
2761 3920 2892 3972 εὐθὺ
2926 3920 2964 3971 Γ
2969 3923 3406 3994 υναικοκάστρου
3435 3922 3572 3975 κατά
3597 3917 3732 3988 βασις

2161 4010 2299 4074 λέως
2331 4010 2550 4082 ἐχώρει.
2575 4012 2637 4063 Ui
2655 4010 2712 4062 δὲ
2751 4013 2874 4062 ἐπεὶ
2905 4006 3047 4080 ἦσαν
3078 4013 3268 4079 ἐγγὺς,
3308 4010 3729 4083 πρωτοστράτορι

2143 4105 2256 4158 -καὶ
2281 4108 2346 4173 τῇ
2381 4104 2769 4174 συναποστάσῃ
2801 4103 3062 4172 βασιλέως
3094 4105 3230 4177 ἄλλῃ
3262 4106 3495 4176 στρατιᾷ
3527 4117 3728 4171 περιτυσ

2161 4200 2374 4271 χόντες,
2419 4199 2516 4252 καὶ
2559 4199 2956 4253 πολλαπλάσιοι
3000 4199 3286 4269 γενόμενοι
3331 4201 3438 4254 τῶν
3479 4199 3727 4252 συνόντων

2164 4291 2395 4362 βασιλεῖ,
2425 4290 2656 4360 ἤλαυνον
2683 4291 2772 4344 ἐπ’
2799 4292 3028 4345 ἐκεῖνον.
3060 4292 3135 4344 Οὐ
3172 4293 3358 4361 μέντοι
3387 4285 3525 4364 ἦσαν
3576 4301 3727 4356 παρε-

2165 4381 2532 4448 σκευασμένοι
2573 4381 2646 4442 ὼς
2697 4379 3036 4450 μαχούμενοι
3059 4396 3073 4411 °
3106 4379 3306 4450 ᾔδεσαν
3334 4386 3462 4452 ,γὰρ
3499 4377 3726 4434 ἐκείνους

476 4480 563 4525 tos
608 4469 912 4540 iactabant,
941 4472 1306 4533 conﬁdentes,
1340 4469 1446 4524 hoc
1491 4471 1656 4525 modo
1694 4471 1920 4526 ordines
1948 4473 2060 4526 dis-

2165 4474 2342 4546 τόλμῃ
2381 4473 2476 4525 καὶ
2506 4472 2699 4542 ἀνδρίᾳ
2729 4474 2826 4526 καὶ
2861 4475 2927 4542 τῇ
2963 4473 3094 4542 περὶ
3119 4473 3188 4525 τὰ
3215 4474 3454 4544 πολέμια
3480 4466 3729 4541 ἐμπειρίᾳ

472 4563 872 4632 ὶυΐῒῖξπυηινει
899 4563 971 4616 ob
1005 4562 1057 4615 id
1083 4563 1195 4633 jam
1231 4562 1456 4616 territos
1490 4563 1544 4616 in
1597 4564 1779 4633 fugam
1824 4564 2059 4620 eil'usum

477 4661 568 4715 Iri.
608 4659 1029 4714 Cantacuzenus
1061 4671 1130 4709 ne
1167 4655 1284 4724 ipse
1314 4655 1577 4723 quidem,
1611 4657 1714 4710 nisi
1748 4670 2062 4727 cOgeretur,

475 4729 888 4820 conﬂigendum
921 4747 1252 4804 'slatuebat.
1287 4746 1392 4800 Pro
1426 4749 1830 4803 consuetudine
1877 4759 2060 4804 autent

479 4850 655 4900 veteri
691 4859 842 4898 mure
867 4842 1113 4896 eXereitu
1147 4839 1439 4909 disposito,
1474 4846 1530 4891 et
1565 4841 1770 4909 Augclo
1797 4841 2060 4911 pincerna

473 4941 616 4993 duce
663 4935 945 5006 praelecto,
979 4932 1098 5000 ipse
1129 4945 1258 4984 cum
1287 4928 1609 4984 fortissimis
1639 4941 1946 4987 extremum
1979 4943 2063 4988 te-
2109 4975 2114 4984 .

475 5045 620 5086 nens
650 5042 868 5097 agmen,
927 5028 1006 5077 sic
1039 5024 1340 5077 inStructos
1363 5023 1591 5092 iubebat
1622 5027 1902 5096 incedere,
1939 5032 2059 5084 sine

477 5121 739 5190 strepitu,
785 5116 953 5186 5.88
986 5129 1089 5168 nec
1125 5114 1195 5168 ad
1232 5115 1588 5186 insequentes
1635 5134 1958 5183 conversos,
2001 5134 2061 5174 se

475 5214 683 5284 quippe
741 5209 866 5264 illos
929 5217 1316 5275 οιοθνιυτυιη,
1343 5209 1387 5263 si
1457 5209 1798 5280 invaderent.
1863 5209 2061 5265 Hostes

473 5309 625 5362 lente
681 5300 948 5364 insecuti,
999 5313 1060 5353 ut
1105 5303 1408 5369 composite
1453 5301 1723 5357 abeuntes
1775 5301 2057 5368 viderunt,

441 5410 583 5450 -nee
629 5391 885 5446 dubitare
929 5397 1252 5460 potuerunt,
1300 5392 1410 5444 vim
1447 5409 1477 5445 a
1517 5405 1576 5446 se
1613 5393 2058 5460 propulsaturos,

472 5486 692 5555 abiecta
755 5495 854 5550 spe
913 5481 1181 5547 victoriae,
1247 5482 1695 5536 Thessalonicam
1750 5481 2056 5548 redierunt,

472 5575 798 5650 gaudentes,
847 5581 902 5629 et
948 5589 1133 5643 paeana
1191 5583 1473 5639 canentes,
1511 5573 1754 5642 satisque
1803 5590 2054 5646 magnam

474 5668 767 5738 victoriam
823 5667 955 5733 rati,
1012 5667 1160 5738 quod
1192 5667 1442 5721 Romano
1487 5665 1603 5719 solo
1664 5665 2054 5735 imperatorem

473 5762 749 5835 expellere
787 5765 1118 5833 potuissent.
1162 5759 1482 5814 Desertores
1531 5757 1900 5828 imperatoris,
1947 5760 2045 5817 ubi

2167 4567 2371 4634 μᾶλλον
2405 4562 2776 4631 ὑπερέχοντας
2835 4561 3037 4624 αὐτῶν,
3073 4562 3106 4633 ἦ
3158 4562 3284 4615 ὅσον
3338 4563 3558 4615 ἐκείνων
3587 4554 3726 4610 αὐτοὶ

2161 4656 2240 4726 τῷ
2279 4655 2492 4725 πλήθει.
2549 4655 2658 4708 Καὶ
2715 4653 2800 4705 διὰ
2850 4652 3018 4706 τοῦτο
3065 4637 3478 4724 συμπλέκεσθαι
3527 4651 3620 4721 μὲν
3667 4646 3724 4696 ὲκ

2163 4747 2528 4818 παρατάξεως
2576 4745 2678 4798 οὐκ
2731 4744 3081 4814 ἐδοκίμαζον.
3120 4746 3413 4817 Πόρρωθεν
3453 4744 3507 4796 δὲ
3548 4735 3722 4806 ἐθορύ-

2162 4840 2294 4892 ϐουν
2327 4841 2418 4890 καὶ
2453 4837 2605 4906 βοαῖς
2652 4837 2892 4907 ἐχρῶντο
2945 4843 3042 4892 καὶ
3082 4838 3456 4908 ἀλαλαγμοῖς,
3507 4835 3722 4901 οἰόμενοι

2161 4934 2260 5001 τὴν
2286 4929 2440 4994 ταξιν
2464 4930 2608 4984 οὕτω
2636 4929 2911 4984 διαλύσειν
2943 4931 3040 4983 καὶ
3062 4931 3360 5001 τρέψεσθαι
3397 4928 3530 5000 πρὸς
3559 4919 3720 4992 φυγὴν

2163 5024 2609 5094 τεταραγμένους
2641 5023 2748 5075 ὑπὸ
2769 5023 3140 5092 διχοστασίας.
3165 5021 3428 5083 Βασιλεὺς
3447 5021 3501 5072 δὲ
3529 5019 3556 5068 ὁ
3585 5015 3720 5066 Καν-

2161 5116 2518 5184 τακουζηνὸς,
2551 5114 2659 5168 οὐδ’
2693 5117 2856 5178 αὐτὸς
2883 5117 2980 5185 μὲν
3002 5113 3137 5185 ᾣετο
3163 5115 3274 5167 δεῖν
3304 5104 3715 5183 συμπλέκεσθαι.

2163 5208 2313 5278 εἰμὴ
2347 5210 2478 5279 παρ’
2524 5207 3175 5276 ἐκείνωψάναγκάζοιτο.
3217 5209 3358 5278 Πρὸς
3400 5205 3516 5266 έθος
3553 5199 3607 5252 δὲ
3632 5193 3716 5263 τὴν

2162 5303 2344 5356 πᾶσαν
2382 5303 2644 5371 στρατιὰν
2677 5301 2969 5370 συντάξας,
3007 5303 3102 5354 καὶ
3141 5300 3385 5370 ἡγεμόνα
3414 5296 3504 5349 τού
3534 5288 3714 5346 παντὸς

2125 5425 2134 5430 -
2164 5394 2428 5462 Ἄγγελον
2457 5395 2786 5461 ἐπιστήσας,
2811 5395 2974 5456 αὐτὸς
3000 5395 3102 5463 τὴν
3133 5392 3398 5463 οὐραγίαν
3427 5390 3559 5457 ἔχων
3590 5375 3712 5450 μετὰ

2159 5486 2268 5539 τῶν
2303 5488 2564 5556 ἀρίστων,
2615 5486 2835 5539 ἐκέλευε
2889 5486 3126 5555 βαδίζειν
3176 5483 3543 5552 τεταγμένως,
3588 5472 3710 5541 μήτε

2161 5577 2552 5660 θορυϐοῦντας,
2596 5579 2732 5648 μήτε
2761 5579 2898 5648 πρὸς
2925 5579 3052 5642 τοὺς
3086 5579 3316 5632 κατόπιν
3347 5572 3585 5628 ἐπιόντας
3605 5565 3710 5614 έπι⁹

2163 5670 2608 5740 στρεφομένους,
2663 5670 2739 5733 ὡς
2795 5671 2964 5724 αὑτοῦ
3031 5671 3413 5742 ἀμυνουμένου
3475 5663 3538 5715 ἄν
3583 5663 3709 5742 τινες

2163 5737 2414 5820 ιπιωέην.
2476 5761 2542 5817 οι
2592 5761 2650 5816 at
2707 5761 2796 5816 ἐπ’
2857 5763 3037 5833 ὀλίγον
3073 5737 3554 5838 ’ἀκολουθήσαντες
3601 5737 3708 5799 tm!
