4014 6432
406 440 511 505 94⁸1

1554 442 1908 529 ¹ίιυιιΝΝις,
1945 442 2482 507 CANTACUZENI

3566 435 3674 501 948

405 553 499 629 Sic
520 554 775 625 approbe
808 555 1054 621 irrisum,
1087 565 1145 612 et
1178 555 1417 627 turpiter
1445 555 1868 629 triumphatum,
1906 558 1976 613 si-

2088 574 2196 612 σιν.
2252 557 2318 610 ΟΞ
2380 556 2438 610 δὲ
2498 554 2592 609 ἐπὶ
2663 552 2795 625 μίαν
2862 553 2974 609 τῶν
3034 553 3313 627 τριήρεων
3369 552 3674 622 ἀναγαγόν-

405 642 611 701 militer
650 647 858 716 raptari
905 649 962 702 in
995 640 1278 703 carcerem
1318 648 1501 720 jussit.
1536 648 1788 705 Posthac
1817 649 1986 705 rebus

404 735 1003 805 Thessalonicensibus
1052 755 1154 810 pro
1199 739 1470 795 arbitratu
1516 741 1763 810 digestis,
1805 741 1988 796 omni-

401 828 619 899 busque
648 834 715 885 ad
770 846 922 886 arma
979 842 1175 888 contra
1233 831 1626 903 imperatorem
1687 832 1984 905 instigatis,

403 921 522 993 ipse
552 921 712 987 mari,
752 908 1038 992 equitatus
1088 932 1238 979 terra
1288 924 1610 995 Byzantium
1663 942 1722 981 se
1752 929 1982 996 recepit.

402 1002 829 1081 Cantacuzenus
857 1030 886 1068 a
917 1014 1217 1086 Byzantino
1248 1026 1305 1071 et
1344 1017 1824 1075 Thessalonicensi
1848 1021 1985 1076 sub-

402 1103 593 1166 sidiis,
622 1120 861 1183 pugnam
903 1106 1291 1162 recusantibus
1324 1124 1390 1163 ac
1433 1109 1848 1166 discedentibus
1886 1112 1987 1168 de-

401 1195 653 1261 stitutus,
691 1195 907 1266 reliquo
956 1197 1066 1253 diei
1112 1197 1218 1252 iter
1246 1214 1435 1269 agens,
1465 1200 1532 1255 ad
1585 1201 1770 1255 fauces
1818 1218 1988 1273 angu-

400 1287 657 1355 suarum,
680 1289 836 1359 juxta
879 1290 1202 1345 Prosiacum
1245 1292 1617 1361 pernoctavit.
1647 1294 1819 1348 Porro
1851 1295 1983 1350 Pro-

400 1378 634 1437 siacum.
691 1378 807 1434 sive
849 1379 1171 1444 Prosacum,
1222 1382 1511 1436 castellum
1558 1393 1645 1438 est
1678 1386 1987 1441 munitissi-

400 1485 552 1524 mum
577 1470 713 1541 (98),
738 1472 794 1526 in
825 1472 967 1527 colle
991 1472 1349 1544 situm,quod
1379 1476 1656 1545 quondam
1691 1477 1745 1530 in
1777 1477 1986 1536 ditioue

402 1548 805 1619 Romanorum.
836 1565 1126 1630 manebat,
1188 1566 1444 1638 belloque
1496 1569 1939 1625 Andronicorum
1967 1611 1984 1636 ,

402 1653 535 1708 odio
569 1653 810 1724 junioris
854 1655 1182 1718 Andronici.
1221 1672 1253 1711 a
1300 1659 1657 1727 praesidiariis
1706 1659 1985 1717 Triballo-

414 1762 537 1799 rum
585 1729 824 1816 principi
869 1747 1014 1813 ultro
1061 1748 1389 1804 transuitqu
1446 1752 1650 1814 fuerat,
1681 1765 1736 1807 et
1785 1770 1896 1824 per
1932 1756 1987 1811 id

408 1849 627 1909 tempus
675 1856 707 1894 a
758 1839 999 1910 quodam
1066 1840 1333 1899 Michaele
1386 1859 1658 1901 concessu
1719 1848 1988 1919 principis

405 1934 820 2002 possidebatur.
856 1934 960 2001 Qui
995 1950 1120 1992 cum
1170 1952 1238 1992 ex
1284 1938 1604 1995 domesticis
1639 1940 1989 2010 imperatoris

402 2034 552 2081 esset
584 2032 669 2090 (ut
716 2028 835 2096 ipse
888 2037 1079 2100 postea
1119 2030 1413 2103 narravit),
1463 2031 1535 2087 ob
1582 2033 1774 2091 nescio
1820 2050 1986 2104 quam

403 2134 627 2174 causam
660 2121 727 2174 ad
767 2120 985 2177 Cralem
1035 2122 1373 2191 perfugerat.
1406 2122 1546 2180 Tum
1590 2140 1723 2180 vero
1777 2125 1989 2183 exerci-

401 2223 520 2266 tum
550 2222 1042 2271 castrametantem
1075 2215 1335 2284 intuitus,
1364 2226 1421 2272 et
1446 2216 1894 2283 Romanos'esse.
1922 2237 1989 2277 ae

402 2303 853 2376 depopulationis
894 2322 1029 2379 ergo
1072 2308 1343 2366 advenire
1390 2319 1576 2374 ratus.
1624 2312 1867 2382 pedestri
1931 2322 1989 2371 et

400 2397 651 2465 equestri
675 2406 883 2468 quanta
910 2399 1146 2455 maxima
1178 2401 1360 2471 potuit
1383 2412 1574 2458 coacta
1603 2417 1791 2470 manu,
1821 2414 1985 2460 noctu

400 2490 688 2559 angustias
727 2490 847 2546 illas
876 2493 1307 2562 praeoccupavit,
1343 2502 1401 2548 et
1438 2494 1617 2563 prima
1651 2494 1772 2550 luce
1794 2496 1860 2549 ad
1888 2510 1986 2551 eos

399 2577 638 2634 transitu
664 2580 1048 2650 prohibendos
1075 2582 1496 2654 accingehatur.
1532 2583 1859 2654 imperator.
1889 2585 1984 2640 ubi

400 2671 552 2741 ipsos
579 2671 821 2741 regionis
860 2674 1135 2728 tutissima
1169 2672 1416 2729 insidere
1452 2676 1763 2744 censpe'xit,
1794 2685 1857 2731 ut
1884 2677 1987 2730 im-

407 2761 758 2832 pressionem
805 2763 1079 2831 facturus,
1110 2765 1275 2837 490
1317 2766 1550 2821 militem
1589 2783 1786 2838 capere
1831 2785 1984 2825 arma

402 2850 622 2923 jussit;
661 2853 800 2908 nihil
834 2853 985 2908 enim
1034 2855 1236 2909 melius
1273 2853 1528 2909 dabatur.
1560 2854 1835 2909 Cmterum
1886 2855 1985 2911 lli-

411 2944 571 3000 chael
613 2954 672 3001 et
718 2950 1023 3002 exercitum
1073 2945 1167 3017 qui
1207 2956 1374 3012 esset,
1411 2957 1467 3002 et
1508 2946 1795 3003 ductorem
1821 2965 1985 3006 nosse

411 3052 602 3104 avens,
622 3041 853 3110 propius
881 3039 948 3094 ad
976 3049 1155 3094 castra
1190 3037 1373 3092 ferens
1403 3038 1635 3107 aditum,
1660 3044 1986 3100 nonnullos-

398 3145 510 3200 que
556 3144 625 3185 ex
673 3130 1043 3185 familiaribus
1077 3136 1133 3184 et
1163 3130 1358 3211 amicis
1378 3131 1570 3201 procul
1609 3134 1983 3204 conspiciens,

2087 665 2181 712 τες
2238 646 2470 702 καὶτοῦ
2549 647 2723 719 δήμου
2785 646 2973 717 σχεδὸν
3046 647 3158 717 τῶν
3230 644 3675 701 Θεσσαλονικέων

2090 739 2297 803 παντὸς
2354 738 2627 811 παρόντος
2652 780 2668 804 ,
2727 740 2797 792 τὰ
2869 738 3146 809 μοναχῶν,
3222 735 3413 806 ὥσπερ
3474 736 3669 790 εἴωθεν

2087 829 2490 901 ἠμφιεσμένον,
2561 830 2844 894 ἐπέθηκαν
2898 832 2965 901 τῇ
3039 828 3252 901 κεφαλῇ
3303 828 3460 897 πυόν
3519 844 3594 892 τι,
3639 826 3673 880 δ

2085 925 2202 988 τοῖς
2280 923 2499 987 πολλοῖς
2581 924 2678 977 καὶ
2748 923 3027 994 δημώδεσι
3096 922 3209 977 τῶν
3290 920 3519 992 Περσῶν
3566 919 3672 972 int
3699 985 3713 996 ἰ

2087 1015 2189 1085 τῆς
2252 1015 2501 1086 κεφαλῆς
2557 1017 2751 1087 φορεῖν
2827 1015 2974 1081 ἔθος,
3035 1012 3331 1084 λαμπάδας
3373 1029 3435 1066 τε
3487 1012 3670 1082 ἡμμέ-

2088 1123 2186 1169 νας
2273 1108 2619 1179 ἀμφοτέραις
2713 1108 2971 1178 κατέχειν
3067 1106 3478 1175 ἀναγκάζοντες
3546 1106 3671 1168 ταῖς

2086 1197 2300 1268 χερσὶν,
2383 1198 2612 1253 ὄπισθεν
2669 1198 2772 1270 μὲν
2841 1197 3128 1263 ἑλάκτιζον
3200 1198 3293 1250 ἐπὶ
3348 1197 3441 1249 τὸν
3513 1213 3670 1266 πρωο

2088 1291 2237 1344 κτόν.
2323 1287 2455 1345 Εἶτα
2522 1292 2816 1363 παριόντες
2844 1333 2860 1359 ,
2937 1291 3253 1362 ἔμπροσθεν
3325 1288 3669 1360 ἠσπάζοντο,

2088 1378 2282 1449 Οὗτος,
2340 1382 2694 1449 ἐπιϐοῶντες,
2725 1386 2754 1438 ό
2802 1384 3155 1455 πατριάρχης
3187 1380 3669 1449 Καντακουζηνοῠ.

2088 1476 2246 1530 Μετὰ
2297 1475 2486 1546 δὲτὴν
2530 1475 2733 1546 πολλὴν
2784 1477 3007 1547 ἐκείνην
3074 1475 3394 1547 ὲρεσχελίαν
3435 1474 3534 1528 καὶ
3577 1474 3670 1527 τὸν

2088 1566 2360 1638 θρίαμϐον
2385 1568 2476 1620 τὸν
2500 1569 2717 1637 ἄτιμον,
2746 1566 2972 1621 ἐκέλευε
3000 1569 3095 1621 καὶ
3124 1567 3288 1619 αὑτὸν
3333 1567 3415 1629 εἰς
3460 1565 3670 1635 δεσμω-

2086 1659 2279 1728 τήριον
2313 1659 2572 1727 ἀπάγειν.
2606 1658 2763 1713 Μετὰ
2792 1658 2849 1712 δὲ
2876 1658 3057 1725 τοῦτο,
3091 1658 3159 1713 τὰ
3206 1659 3262 1711 ὲν
3297 1657 3667 1730 Θεσσαλονίκῃ
3698 1646 3715 1656 “

2089 1751 2393 1820 πράγματα
2433 1749 2507 1811 ὡς
2536 1748 2601 1802 ἂν
2630 1748 2784 1818 αὐτῷ
2817 1749 2995 1804 ὲδόκει
3026 1750 3228 1821 ἄριστα
3279 1750 3665 1820 οἰκονομήσας,

2090 1842 2185 1894 καὶ
2213 1841 2351 1912 πρδς
2389 1841 2480 1895 τὸν
2523 1842 2656 1913 πρὸς
2692 1842 2923 1912 βασιλέα
2972 1844 3213 1913 πόλεμον
3244 1844 3456 1905 πάντας
3491 1858 3669 1913 παρα-

2091 1933 2280 2002 θήξατ,
2309 1933 2473 1994 aito;
2512 1933 2613 2001 μὲν
2647 1935 2712 1988 ὲκ
2753 1933 3116 2005 θαλάσσης,ἠ
3163 1935 3329 1997 ἵππος
3381 1934 3437 1987 δὲ
3483 1933 3546 1985 ἐκ
3570 1932 3667 2002 τῆς

2090 2024 2323 2095 ἠπείρου
2356 2027 2436 2089 είς
2491 2023 2791 2090 Βυζαντίον
2846 2025 3170 2098 ἀνέστρεφε.
3232 2026 3497 2090 Βασιλεὺς
3539 2020 3595 2080 δὲ
3640 2028 3670 2079 ὁ
3776 2084 3786 2089 _

2089 2116 2555 2188 Καντακουζηνδς
2589 2117 2728 2189 μετὰ
2761 2116 2862 2188 τὴν
2898 2121 2962 2172 ὲκ
3011 2118 3308 2183 Βυζαντίου
3336 2118 3432 2171 καὶ
3464 2118 3692 2171 Θεσσα-’

2088 2198 2312 2280 λονίκης
2345 2210 2610 2280 στρατιὰν
2653 2209 2818 2264 αὐτοῦ
2852 2210 3211 2281 ἀναχωρῆσαι
3257 2214 3392 2280 πρὸς
3418 2210 3516 2281 τὴν
3550 2212 3658 2281 μάο

2090 2321 2194 2374 χην
2225 2301 2600 2368 ἀπειποῦσαν,
2636 2301 2696 2355 τὸ
2727 2303 3009 2356 ἐπίλοιπον
3045 2303 3271 2367 ὁδεύσας
3300 2304 3398 2373 τῆς
3430 2303 3667 2373 ἡμέρας,

2094 2394 2247 2466 παρὰ
2267 2394 2378 2447 τῶν
2409 2395 2712 2462 Προσοίκου
2750 2394 2954 2447 στενῶν
2998 2394 3098 2465 τὴν
3131 2394 3382 2467 εἰσϐολὴν
3413 2396 3673 2466 ηὐλίσατο

2086 2490 2190 2562 τὴν
2235 2491 2430 2544 νύκτα.
2472 2489 2534 2542 '0
2565 2488 2623 2542 δὲ
2669 2491 2969 2562 Πρόσοικος
3026 2484 3187 2553 οὗτος
3265 2490 3524 2561 φρούριόν
3555 2492 3672 2544 ἐστι

2089 2581 2512 2654 καρτερώτατον
2550 2581 2644 2635 ἐπὶ
2696 2582 2863 2651 λόφου
2915 2583 3206 2654 ἱδρυμένον
3233 2601 3247 2616 ⁸
3283 2583 3312 2639 ὃ
3362 2583 3533 2637 πάλαι
3573 2583 3671 2651 μὲν

2090 2674 2195 2728 ὑπὸ
2223 2674 2334 2728 τῶν
2369 2674 2662 2744 Ῥωμαίων
2691 2668 2993 2746 ἠγεμονίαν
3022 2673 3272 2739 διετέλει,
3320 2673 3463 2728 κατὰ
3501 2672 3559 2727 δὲ
3582 2676 3670 2727 τὸν

2091 2764 2361 2837 βασιλέων
2404 2764 2929 2836 Ἀνδρονίκων,πρδς
2962 2765 3228 2837 ἀλλήλους
3276 2765 3508 2835 πόλεμον
3537 2765 3669 2835 πρὸς

2088 2858 2180 2912 τὸν
2245 2858 2486 2930 ἄρχοντα
2541 2858 2654 2913 τῶν
2719 2859 3010 2931 Τριδαλῶν
3074 2860 3179 2913 ὑπὸ
3245 2861 3356 2913 τῶν
3417 2860 3671 2930 κατεχόν-

2088 2965 2198 3004 των
2225 2950 2463 3007 ἑκόντων
2489 2951 2767 3022 παρεδόθη
2802 2950 2951 3021 μίσει
2975 2951 3052 3023 τῷ
3081 2950 3219 3022 πρὸς
3235 2952 3328 3005 τὸν
3361 2951 3482 3003 νέον
3522 2949 3674 3020 βασι·

2087 3040 2205 3095 λέα.
2233 3041 2369 3095 Τότε
2402 3041 2460 3094 δὲ
2496 3042 2603 3095 ὑπὸ
2661 3042 2885 3112 Μιχαὴλ
2916 3057 3069 3103 τινος
3104 3039 3200 3093 τοῦ
3251 3039 3540 3109 Τριδαλῶν
3571 3037 3669 3105 ἆρ-

2088 3150 2277 3203 χοντος
2324 3135 2663 3206 παραδόντος
2709 3134 3021 3202 ἐκρατεῖτο,
3063 3131 3122 3196 δς
3170 3130 3236 3201 δὴ
3297 3129 3539 3200 Μιχαὴλ,
3563 3128 3669 3180 τῶν

399 3222 728 3277 nominatim
759 3237 858 3277 eos
895 3222 1153 3291 appellat,
1188 3231 1245 3277 et
1276 3223 1346 3279 de
1385 3222 1529 3280 duce
1567 3237 1983 3295 percunctatur.

2097 3228 2365 3300 βασιλέως
2419 3228 2663 3292 οἰκείων,
2708 3226 2784 3289 ὼς
2820 3229 3048 3296 ὕστερον
3081 3225 3242 3283 αὐτὸς
3274 3223 3535 3291 ἔφασκεν,
3572 3219 3669 3284 ὢν,

399 3314 567 3370 Audit
595 3313 992 3383 imperatorem
1013 3313 1461 3370 Cantacuzenum
1487 3330 1609 3372 esse
1632 3334 1647 3371 :
1670 3316 1774 3372 nec
1803 3333 1977 3386 mora,

399 3404 550 3462 illico
580 3402 813 3470 accedit,
855 3403 1051 3473 pedem
1098 3405 1404 3471 osculatus,
1458 3407 1703 3478 seipsum
1751 3408 1979 3477 indicat,

400 3505 459 3552 et
488 3496 801 3552 infortunio
829 3495 951 3567 ejus
986 3495 1200 3562 dolens,
1235 3507 1402 3567 atque
1431 3497 1500 3552 ad
1544 3507 1746 3553 extera
1787 3514 1978 3569 prom-

397 3587 714 3652 ptissimus,
748 3585 864 3641 Deo
894 3585 1096 3642 uberes
1124 3589 1239 3659 agit
1269 3588 1498 3658 gratias.
1531 3603 1658 3643 cum
1693 3590 1802 3646 hoc
1837 3600 1980 3646 tem-

398 3693 536 3750 pore
564 3678 670 3734 sibi
712 3686 993 3744 occurrat,
1029 3694 1141 3749 quo
1176 3694 1336 3735 suum
1381 3679 1627 3735 animum
1666 3698 1795 3753 erga
1824 3683 1982 3738 illum

398 3769 663 3826 omnibus
693 3778 951 3824 testatum
990 3772 1170 3826 facere
1217 3783 1405 3841 queat.
1442 3772 1759 3829 Transitum
1816 3775 1983 3847 igitur

399 3862 523 3918 sine
572 3861 894 3917 diﬁicultate
939 3864 1291 3932 permittens,
1329 3881 1430 3935 pro
1468 3866 1628 3936 copia
1675 3869 1983 3924 exercitum

400 3953 644 4022 hospitio
683 3954 883 4024 accipit
910 3972 926 4020 ;
956 3971 1067 4025 quo
1119 3972 1251 4012 usus
1293 3967 1379 4013 est
1422 3974 1490 4013 eo
1541 3958 1631 4014 die
1682 3958 1985 4031 imperator

401 4043 570 4099 etiam
602 4041 693 4096 illa
718 4042 787 4099 de
812 4059 1000 4113 causa,
1032 4055 1095 4100 ut
1136 4047 1401 4103 nimirum
1437 4050 1507 4105 de
1533 4061 1843 4107 commeatu
1858 4053 1984 4115 suis

400 4134 840 4205 prospiceretur,
868 4150 982 4206 quo
1031 4139 1370 4195 omnimodis
1418 4141 1673 4212 egebant.
1709 4143 1984 4201 Postridie

399 4225 714 4294 discedens,
747 4227 888 4308 Axio
918 4230 1247 4286 transmisso
1278 4231 1385 4287 iter
1422 4231 1700 4303 Scopiam,
1724 4244 1782 4291 et
1809 4236 1983 4305 ipsam

399 4319 531 4373 olim
566 4318 851 4385 Romanis,
886 4338 1038 4376 nunc
1083 4322 1154 4399 ab
1191 4324 1352 4379 annis
1381 4339 1492 4379 non
1532 4328 1727 4396 paucis
1770 4326 1987 4382 Tribal-

397 4407 582 4465 lorum
641 4410 842 4467 ditioni
885 4413 1192 4484 subjectam
1245 4412 1504 4470 intendit.
1556 4415 1804 4472 Blessum
1859 4432 1988 4487 pro-

2083 3321 2221 3392 πρδς
2251 3320 2474 3392 Χρόιλην
2490 3319 2923 3389 αὐτομολήσειεν
2945 3317 3009 3371 ἔκ
3026 3334 3171 3380 τινος
3200 3316 3402 3379 αἰτίας.
3438 3316 3572 3368 Τότε
3602 3313 3670 3384 δὴ

2083 3415 2185 3484 τὴν
2217 3412 2487 3483 στρατιὰν
2525 3409 2651 3465 ίδὼν
2687 3408 3283 3479 ἐστρατοπεδευμένην,
3318 3410 3415 3460 καὶ⁵
3444 3406 3670 3476 νομίσας

2094 3502 2382 3575 Ῥωμαίων
2414 3501 2582 3556 οὖσαν
2614 3501 2708 3554 ἐπὶ
2734 3501 2886 3555 λείαν
2932 3501 3115 3572 ἣκειν,
3145 3498 3348 3564 πεζούς
3385 3516 3443 3551 τε
3460 3498 3563 3552 ’καὶ
3592 3498 3671 3549 ἱπ-

2086 3596 2226 3658 πέας
2271 3594 2433 3657 ὅσους
2489 3593 2727 3663 μάλιστα
2753 3590 2989 3663 ἠδύνατο
3011 3591 3298 3663 ἀθροίσας,
3347 3590 3449 3660 τῆς
3477 3590 3671 3653 νυκτὸς

2085 3685 2463 3759 προκατέλαδε
2480 3688 2550 3738 τὰ
2569 3687 2733 3741 στενά
2754 3700 2769 3716 ⁸
2795 3687 2889 3739 καὶ
2915 3683 3034 3756 ἅμα
3056 3684 3202 3756 πρωῒ
3226 3685 3675 3756 παρεσκευάζετο

2085 3778 2226 3849 πρὸς
2252 3778 2462 3848 μάχην,
2492 3776 2570 3841 ὡς
2600 3778 2702 3848 τὴν
2731 3777 2904 3830 δίοδον
2939 3780 3004 3846 τῇ
3036 3778 3270 3849 στρατιᾷ
3302 3778 3405 3849 οὐκ
3446 3778 3667 3847 ἐπιτρέ-

2084 3869 2224 3940 ψων.
2262 3866 2529 3931 Βασιλεύς
2594 3884 2654 3921 τε
2685 3869 2890 3938 ὁμοίως
2941 3867 3064 3920 ἐπεὶ
3096 3869 3335 3930 ἐκείνους
3403 3863 3509 3920 εἶδε
3541 3868 3669 3937 περὶ

2082 3963 2153 4016 τὰ
2189 3959 2582 4029 καρτερώτατα
2612 3958 2707 4012 τοῦ
2766 3959 2986 4028 ’χωρίου
3013 3958 3539 4029 ὲγκαθιδρυμὲνους,
3569 3960 3669 4026 τὴν

2091 4048 2359 4119 στρατιὰν
2388 4049 2647 4103 ἐκέλευεν
2673 4047 2997 4111 ὁπλίζεσθαι
3032 4049 3109 4110 ὡς
3143 4048 3466 4120 βιασόμενος
3491 4066 3505 4081 ο
3534 4049 3667 4119 πρὸς

2085 4142 2271 4213 ἔτερόν
2311 4159 2365 4195 τι
2392 4141 2690 4213 τρέπεσθαι
2719 4142 2830 4211 γαρ
2862 4140 3074 4210 βέλτιον
3104 4142 3207 4194 οὐκ
3264 4141 3411 4211 ἐνῆν.
3451 4142 3669 4211 Μιχαὴλ

2088 4235 2145 4287 δὲ
2170 4235 2274 4304 τήν
2305 4250 2362 4287 τε
2393 4232 2662 4303 στρατιὰν
2684 4232 2886 4287 ἐθέλων
2915 4233 3039 4287 ὅθεν
3075 4233 3164 4302 εἴη
3198 4232 3413 4302 μαθεῖν,
3452 4234 3549 4287 καὶ
3579 4235 3669 4287 τὸν

2088 4324 2292 4390 ἄγοντα
2323 4325 2662 4395 στρατηγὸν,
2694 4323 2927 4394 πλησίον
2955 4340 3014 4376 τε
3046 4323 3342 4393 γενόμενος
3372 4323 3469 4376 τοῦ
3503 4341 3670 4393 στρα-

2087 4416 2338 4483 τοπέδου,
2378 4414 2476 4470 καί
2508 4433 2660 4479 τινας
2684 4414 2795 4469 τῶν
2831 4415 3084 4485 συνήθων
3117 4416 3209 4468 καὶ
3241 4415 3415 4485 φίλων
3449 4417 3669 4488 πόῤῥω-

399 4503 641 4568 gressuri
695 4502 884 4574 (quam
929 4504 1122 4558 urbem
1164 4504 1396 4562 Triballi
1451 4521 1606 4577 aeque
1652 4516 1711 4562 ut
1753 4515 1984 4563 caeteras

2090 4506 2182 4559 θεν
2244 4506 2390 4572 ἰδὼν,
2424 4507 2614 4560 ἐκάλει
2640 4524 2699 4559 τε
2732 4506 2934 4581 αὐτοὺς
2978 4507 3266 4577 ὀνομαστὶ,
3301 4509 3398 4560 καὶ
3432 4506 3667 4560 ἐπυνθά-

399 4596 761 4664 occuparant)
793 4595 1012 4664 globum
1044 4595 1323 4667 ingentem
1358 4607 1506 4654 trans
1532 4597 1737 4655 ﬂumen
1759 4609 1984 4669 praster-

2092 4612 2215 4651 νετο
2243 4599 2369 4667 περὶ
2394 4597 2488 4651 τοῦ
2532 4590 2883 4668 στρατήγοῦ.,
2912 4596 3174 4650 Ἐκείνων
3204 4597 3263 4650 δὲ
3300 4596 3670 4666 ἀπαγγειλάν-

401 4685 484 4741 ire
556 4684 930 4754 conspiciunt.
1029 4686 1360 4759 Coujectans
1421 4698 1608 4744 autem
1684 4689 1985 4755 imperator

400 4790 519 4830 rem
560 4776 760 4846 ipsam,
798 4792 922 4833 esse
955 4779 1171 4836 scilicet
1194 4778 1457 4835 Liberum
1484 4779 1853 4835 Triballorum
1880 4782 1982 4851 pc-

402 4869 777 4925 teutissimum
810 4861 948 4941 (illic
1000 4874 1147 4927 enim
1191 4888 1320 4927 eum
1364 4873 1574 4927 versari
1622 4883 1981 4945 cognoverat)

402 4960 472 5014 dc
502 4960 618 5015 suis
646 4962 892 5032 equitem
953 4972 1174 5020 tranare
1227 4964 1392 5034 (vado
1421 4965 1570 5019 enim
1610 4966 1832 5021 transiri
1875 4966 1979 5022 ﬂu'

402 5052 528 5107 vius
556 5069 665 5109 non
685 5058 921 5127 poterat)
946 5057 1112 5128 eique
1160 5058 1347 5114 verbis
1377 5058 1495 5113 suis
1521 5057 1754 5114 salutem
1776 5059 1984 5126 dicere,

402 5154 461 5199 et
490 5145 652 5202 simul
683 5150 980 5220 exquirere
1008 5150 1189 5220 jubet,
1221 5165 1332 5219 quo
1364 5159 1529 5220 pacto
1562 5151 1729 5207 rebus
1763 5152 1879 5208 suis
1915 5152 1985 5209 ad

404 5239 554 5294 hunc
592 5241 818 5296 modum
858 5242 1075 5297 aﬂ'ectis
1103 5251 1459 5299 succurrant.
1503 5242 1738 5299 Liberus
1776 5245 1987 5300 saluta-

406 5332 611 5388 tionem
668 5341 726 5388 et
753 5333 1079 5403 petitionem
1109 5333 1463 5404 imperatoris
1494 5336 1861 5411 gratissimam
1892 5336 1989 5392 ha-

404 5426 549 5491 buit,
609 5426 789 5496 deque
821 5424 1142 5481 domesticis
1169 5426 1286 5482 suis
1334 5442 1502 5482 unum
1539 5444 1667 5484 cum
1699 5428 1987 5483 internun-

403 5518 483 5573 tio
520 5516 761 5583 remisit,
784 5529 913 5572 eum
958 5516 1286 5587 resalutaus,
1309 5528 1369 5576 et
1397 5532 1601 5590 rogans
1628 5517 1705 5573 uti
1756 5518 1984 5588 paulum

1638 5659 1859 5723 Jacobi
1891 5656 2162 5724 Pontani
2197 5667 2390 5725 notaa.

2090 4707 2225 4757 των,
2291 4689 2366 4753 ὼς
2413 4689 2501 4755 εἴη
2558 4688 2815 4758 βασιλεὺς
2865 4689 2893 4740 ό
2942 4687 3433 4758 Καντακουζηνὸς,
3501 4685 3669 4757 μηδὲν
3748 4682 3753 4687 ’

2093 4780 2357 4852 μελήσας,
2384 4781 2617 4850 προσῄει
2640 4796 2699 4833 τε
2725 4779 2948 4845 αὐτίκα,
2975 4782 3072 4834 καὶ
3088 4780 3370 4850 ἠσπάζετο
3391 4778 3482 4832 τὸν
3509 4779 3668 4831 πόδα.

2094 4870 2329 4923 Ἔπειτα
2370 4870 2468 4922 καὶ
2541 4870 2737 4923 ἑαυτὸν
2789 4870 3197 4942 ἁναγνωρίσας,
3244 4868 3554 4938 συνήλγητέ
3606 4884 3667 4919 τε

2092 4962 2231 5033 πρὸς
2276 4962 2377 5031 τὴν
2438 4961 2785 5032 δυσπραγίαν
2845 4961 3081 5033 βασιλεῖ,
3123 4963 3220 5015 καὶ
3272 4962 3405 5033 περὶ
3435 4961 3506 5014 τὰ
3530 4958 3667 5014 ἄλλα

2088 5054 2507 5126 προθυμότατόν
2563 5055 2760 5107 ἑαυτὸν
2829 5055 3183 5125 παρέσχετο,
3228 5054 3393 5125 χάριν
3417 5052 3495 5123 τῷ
3548 5051 3666 5121 Θεῷ

2089 5146 2295 5217 πολλὴν
2328 5146 2634 5216 ὁμολογῶν,
2663 5147 2746 5200 ὅτι
2797 5148 2935 5219 πρὸς
2960 5145 3122 5199 τοῦτο
3152 5145 3351 5217 καιροῦ
3388 5143 3663 5214 συντύχοι,

2090 5241 2149 5295 ὲν
2174 5232 2221 5306 ᾧ
2259 5237 2361 5310 τὴν
2389 5236 2604 5292 εὔνοιαν
2631 5237 2851 5317 ἐξέσται
2881 5239 2979 5307 τὴν
3005 5237 3146 5309 πρὸς
3171 5238 3380 5291 ἐκεῖνον
3424 5235 3665 5307 φανερὰν

2090 5333 2287 5387 ποιεῖν.
2317 5332 2432 5402 Τήν
2457 5348 2517 5385 τε
2543 5329 2637 5385 οὖν
2666 5330 2838 5385 δίοδον
2872 5329 3033 5394 εὐθὺς
3067 5330 3301 5399 ἀπονητὶ
3341 5326 3660 5399 παρείχετο,

2089 5426 2187 5478 καὶ
2220 5423 2467 5491 ἐξένιζεν
2490 5426 2556 5477 ἐκ
2577 5423 2690 5477 τῶν
2714 5423 2944 5477 ἐνόντων
2971 5424 3071 5493 τὴν
3096 5422 3384 5495 στρατιάν.
3425 5421 3536 5491 Τὴν
3563 5418 3666 5490 μὲν
3696 5479 3700 5482 ς

2087 5517 2185 5574 οὖν
2212 5520 2429 5590 ἡμέραν
2483 5516 2702 5587 ἐκείνην
2738 5517 2795 5570 ὲν
2826 5515 3111 5587 Προσοίκῳ
3135 5513 3436 5569 διετέλεσεν
3457 5512 3485 5564 ό
3508 5510 3665 5582 βασι-

3106 5636 3117 5665 ι

472 5805 589 5888 (θᾷ)
624 5805 1060 5888 ρεεοείριὶοιιειη
1091 5806 1401 5865 uberiorem
1436 5805 1599 5878 hujus
1658 5804 1864 5863 castelli
1892 5804 2011 5878 lege
2049 5804 2190 5878 apud
2238 5805 2485 5866 Nicetam
2510 5844 2525 5873 ,
2570 5804 2844 5878 principio
2913 5802 3010 5861 lib.
3071 5819 3130 5860 ιιι
3181 5800 3260 5859 De
3314 5814 3467 5858 unus
3510 5801 3666 5873 gestis

402 5874 577 5932 Aléxii
611 5874 820 5948 Angeli.
