4014 6432
276 417 384 510 95a

1440 453 1982 518 ms'romanuu
2025 459 2250 520 LIBER
2294 429 2406 526 lii.

3431 433 3539 535 est

275 562 488 631 ἔφασκε
517 563 614 629 τῆς
643 561 722 626 είς
765 562 924 617 αὐτὸν
958 563 1141 632 φιλίας
1199 565 1386 621 ἓνεκα.
1419 567 1493 622 Οὐ
1523 569 1634 639 γὰρ
1669 569 1736 623 ἂν
1765 568 1841 640 εἴη

1959 572 2060 628 bus
2097 576 2213 629 suis
2255 576 2323 629 ad
2377 578 2563 630 hostes
2610 577 3027 634 transeuntibus
3072 579 3321 650 proditus
3350 581 3440 636 sit.
3475 581 3532 635 S‘

273 645 329 706 τί
357 651 564 726 βέλτιον
593 653 685 704 καὶ
703 653 1146 722 σωφρονέστερον
1161 654 1470 725 ἀνθρώποις
1503 657 1684 727 ὀρθοῖς
1709 677 1854 729 xyw.

277 745 464 814 μένοις
477 741 762 811 λογισμοῖς
789 743 893 812 τὴν
921 745 1148 812 βεϐαίαν
1173 746 1268 798 καὶ
1297 745 1468 816 ἀληθῆ
1492 747 1678 814 φιλίαν
1723 752 1856 820 κτή-

277 833 500 886 σασθαι.
540 834 774 888 Ἔπειτα
811 835 868 887 δὲ
898 837 953 890 εί
978 853 1041 904 γε
1077 837 1325 907 βούλοιτο
1366 839 1460 890 καὶ
1490 839 1709 893 δύναιτο
1757 843 1852 894 καὶ

279 923 535 993 βοηθείας
605 927 736 994 παρ’
797 927 964 980 αὐτοῦ
1041 932 1262 999 τυχεῖν,
1341 927 1472 983 ὥστ’
1535 932 1852 985 ἐπανελθεῖν

277 1017 416 1088 πρὸς
464 1004 564 1085 τὴῆ
613 1020 842 1073 οἰκείαν.
905 1019 1125 1075 Οῐεσθαι
1180 1023 1236 1075 δὲ
1297 1024 1420 1094 μηδ’
1478 1024 1640 1076 αὑτὸν
1671 1027 1853 1092 ἀγοεῖν

271 1110 346 1164 τὰ
395 1109 544 1179 αὐτῷ
594 1111 981 1181 συμϐεϐηκότα
1041 1115 1099 1167 ἐν
1155 1115 1312 1167 ἐννέα
1389 1116 1625 1184 μάλιστα
1689 1115 1850 1184 μησὶν

275 1201 397 1272 ἤδη¹
462 1201 557 1254 τοῦ
604 1204 754 1273 παρὰ
813 1206 1104 1276 Ῥωμαίοις
1135 1189 1407 1275 Ᾰπολέμου
1461 1205 1845 1278 κεκινημένου,

275 1293 426 1356 ὅπως
480 1310 539 1345 τε
605 1294 902 1366 φθονηθείη
974 1299 1128 1368 παρὰ
1185 1298 1294 1350 τῶν
1341 1300 1632 1367 ὁμοφύλων
1684 1300 1850 1369 μηδὲν

273 1383 582 1454 ἠδικηκὼς,
648 1385 744 1439 καὶ
783 1385 860 1450 ὡς
922 1388 1178 1458 κινηθείη
1261 1389 1392 1458 παρ’
1442 1401 1449 1406 ”
1479 1390 1706 1444 ἐκείνων
1756 1391 1852 1442 πό-

273 1472 464 1542 λεμος
493 1473 826 1544 ἀκήρυκτος,
879 1478 974 1530 καὶ
1019 1479 1086 1532 τὰ
1121 1473 1407 1534 τελευταῖα
1447 1482 1621 1535 ταῦτα
1652 1483 1738 1552 δὴ,
1775 1484 1852 1547 ὡς

277 1565 572 1636 προδοθείη
592 1583 662 1618 πα
675 1567 742 1636 ρὰ
779 1567 888 1620 τῶν
919 1570 1188 1624 συνόντων
1218 1573 1355 1641 πρὸς
1383 1573 1510 1637 τοὺς
1553 1573 1846 1642 πολεμίους

274 1658 656 1712 ἀποστάντων.
701 1661 762 1712 El
799 1660 855 1714 δὲ
893 1661 1241 1737 μὴβούλοιτο
1269 1663 1508 1734 βοηθεῖν,
1539 1667 1852 1737 ἀπαγορεύ-

273 1765 356 1799 ειν
395 1749 670 1817 φανερῶς,
699 1748 830 1804 ὥστ’
883 1752 1051 1806 αὐτὸν
1110 1753 1573 1824 διασκεῲάμενον,
1611 1757 1639 1810 ὅ
1697 1777 1748 1811 τι
1782 1758 1849 1811 ἂν

269 1840 456 1910 δοκοίη
497 1841 707 1911 βέλτιον
737 1843 886 1914 αύτῷ
915 1861 975 1897 τε
1006 1846 1104 1899 καὶ
1146 1849 1262 1910 τοῖς
1307 1848 1527 1901 συνοῦσι
1560 1850 1843 1920 πράττειν.

1960 665 2209 718 auxiliari
2239 665 2397 731 nolit,
2428 674 2616 735 aperte
2654 677 2890 734 recuset,
2927 677 2987 722 ut
3022 684 3148 724 cum
3187 670 3533 736 deliberarit,

1960 755 2088 824 quid
2129 758 2233 812 sibi
2283 761 2505 827 suisque
2552 760 2736 830 potius
2780 762 3074 826 conducat,
3127 763 3180 818 id
3221 772 3365 833 agat.
3409 765 3528 819 Non

1959 851 2158 904 debere
2194 865 2359 918 porro
2399 852 2612 912 mirari,
2654 853 2798 921 quod
2839 853 3064 916 dixerit,
3101 855 3146 909 si
3181 857 3352 923 possit
3381 856 3535 908 auxi-

1960 942 2114 1007 liari;
2148 942 2309 1012 [‘93
2343 960 2450 996 non
2488 945 2634 998 enim
2667 961 2776 1014 quo
2824 961 2950 1000 eum
3003 947 3398 1002 imbecillitatis
3446 963 3536 1002 ar-

1961 1046 2174 1106 gueret,
2212 1039 2283 1090 ita
2320 1038 2586 1099 locutum,
2623 1040 2717 1092 sed
2750 1042 2878 1108 quia
2911 1041 3069 1098 sciat.
3101 1041 3360 1096 omnibus
3389 1057 3537 1096 mor-

1963 1127 2160 1179 talibus
2219 1141 2284 1191 ex
2335 1141 2491 1195 aequo
2537 1127 2768 1182 liberum
2816 1145 2936 1183 esse
2998 1130 3172 1196 velle,
3218 1146 3376 1200 posse
3425 1147 3533 1186 non

1959 1219 2110 1272 item.
2139 1218 2420 1271 Interdum
2449 1219 2594 1272 enim
2642 1220 2808 1275 etiam
2851 1221 2945 1289 qui
2992 1221 3249 1276 videntur
3289 1223 3532 1292 potentia
3589 1230 3592 1234 '

1957 1311 2244 1375 excellere,
2291 1311 2620 1378 quibusdam
2669 1312 3083 1380 impedimentis
3137 1323 3406 1382 potestate
3453 1313 3536 1367 fa-

1958 1400 2139 1455 ciendi
2172 1417 2296 1470 qua:
2321 1403 2538 1464 volunt,
2575 1402 2987 1474 excluduntur;
3021 1403 3065 1456 si
3094 1413 3189 1456 aut
3220 1404 3408 1458 hostes
3441 1421 3531 1472 po-

1958 1492 2222 1546 tentiores
2262 1503 2518 1561 urgeant,
2569 1502 2664 1547 aut
2710 1494 2974 1561 quosdam
3011 1494 3271 1550 ﬁnitimos
3305 1496 3527 1565 populos

1965 1585 2138 1638 armis
2173 1585 2642 1652 appelituri'sint;
2696 1586 2902 1641 idcirco
2953 1587 3186 1653 dixisse,
3241 1589 3285 1642 si
3341 1589 3528 1657 possit,

1956 1671 2104 1742 quod
2152 1673 2350 1726 merito
2404 1673 2580 1743 ipsum
2628 1675 2854 1729 turbare
2901 1691 3010 1730 non
3047 1676 3269 1740 debeat,
3309 1677 3529 1746 quandc

1957 1761 2351 1830 hujuscemodi
2382 1765 2551 1818 multa
2588 1765 2640 1817 in
2673 1765 2955 1819 hominum
2992 1769 3103 1820 vita
3141 1782 3242 1820 usu
3291 1769 3528 1822 veniant.

1956 1853 2228 1909 Narrabat
2261 1864 2475 1924 postea,
2526 1855 2791 1910 scientem
2839 1854 3229 1939 ac.\'oleutem
3267 1860 3346 1912 sic
3382 1859 3538 1912 locu-

269 1933 364 2000 Μὴ
388 1931 695 2001 θαυμάζειν
724 1933 780 1987 δέ
807 1935 902 1998 ὡς,
933 1936 988 1988 εἴ
1004 1955 1068 2005 γε
1092 1937 1308 1991 δύναιτο
1332 1941 1568 2011 βοηθεῖν,
1596 1943 1805 2012 εἰρήκει
1835 1960 1841 1974 ε

1959 1955 2094 2010 tum,
2137 1955 2194 2000 ut
2309 1945 2568 2016 epitulari
2605 1946 2797 2007 nollet,
2827 1922 3200 2015 suppetiarum
3233 1947 3536 2015 desperan-

270 2020 336 2073 οὐ
369 2021 480 2091 γάρ
514 2022 818 2090 ἀδυναμίαν
867 2024 1034 2077 αὑτοῦ
1071 2029 1439 2095 κατεγνωκὼς
1483 2029 1709 2082 τοιαῦτα
1745 2031 1851 2098 φά-

271 2127 406 2164 ναιι·
441 2113 558 2166 ἀλλ’
604 2111 760 2176 εἰδὼς
809 2115 886 2174 ὡς
938 2118 1106 2170 πᾶσιν
1140 2117 1452 2188 ἀνθρώποις
1512 2122 1544 2189 ἡ
1594 2120 1693 2190 μὲν
1724 2120 1850 2192 βού-

273 2203 432 2272 λησις
482 2204 700 2274 ὁμοίως
728 2208 814 2260 ἐπ’
865 2205 1085 2278 ἐξουσίᾳ
1141 2211 1342 2272 κεῖται.
1383 2211 1444 2263 τὸ
1487 2210 1748 2264 δύνασθαι
1795 2212 1850 2264 δέ

279 2297 482 2352 οὐκέτι.
525 2299 727 2352 Ἐνίοτε
770 2300 880 2371 γὰρ
911 2301 1004 2354 καὶ
1047 2302 1202 2355 αὐτοὶ
1232 2305 1280 2356 οἱ
1315 2305 1528 2371 μεγάλα
1562 2305 1850 2367 δοκοῦντες

277 2387 538 2441 δύνασθαι
580 2390 683 2442 ὑπό
713 2407 876 2443 τινων
911 2393 1248 2462 κωλυμάτων
1292 2398 1391 2466 τὴν
1429 2396 1523 2448 τοῦ
1586 2398 1849 2464 πράττειν

271 2479 309 2533 ἃ
355 2478 635 2550 βούλονται
680 2482 918 2552 ,δύναμιν
974 2485 1408 2556 ἀποστεροῦνται
1472 2491 1504 2562 ἢ
1575 2491 1849 2559 πολεμίων

269 2577 452 2632 ἄλλων
499 2578 888 2646 δυνατωτέρων
931 2579 1318 2646 ἐπικειμένων,
1360 2581 1392 2651 ἢ
1429 2581 1584 2633 αὐτοὶ
1627 2584 1848 2652 ὁμόροις

270 2668 456 2722 ἔθνεσί
509 2686 626 2722 τισι
692 2671 978 2737 μέλλοντες
1041 2672 1496 2740 ἐπιστρατεύειν,
1547 2673 1636 2726 διά
1692 2675 1849 2728 τοῦτο

271 2761 442 2829 φάναι
471 2761 552 2826 τὺ,
590 2763 638 2816 εί
684 2762 901 2815 δύναιτο
923 2779 937 2792 ·
965 2763 993 2815 ὃ
1020 2763 1231 2816 δίκαιον
1265 2764 1429 2816 αὑτὸν
1462 2765 1538 2834 μὴ
1573 2763 1846 2834 θορυϐεῖν,

274 2849 486 2902 πολλῶν
515 2849 772 2903 τοιούτων
798 2852 856 2902 ἐν
887 2851 963 2919 τῷ
999 2850 1098 2920 βίῳ
1129 2852 1560 2920 συμϐαινόντων.
1593 2855 1845 2920 Ἔφασκε

277 2939 338 2993 δὲ
382 2941 607 3010 ὓστερον
650 2941 964 3011 ἐξεπίτηδες
1010 2942 1236 2996 τοιαῦτα
1277 2945 1414 3012 πρὸς
1449 2942 1672 3013 Κράλην
1699 2945 1849 3014 εἰρη-

273 3032 449 3098 κέναι,
480 3033 554 3092 ὡς
591 3034 640 3084 εί
694 3033 769 3103 μὴ
811 3032 1070 3109 βούλοιτο.
1108 3033 1344 3111 βοηθεῖν,
1377 3035 1708 3105 προφάσεως
1760 3036 1849 3087 εύ-

272 3120 568 3188 προσώπου
605 3119 758 3191 παρέι
785 3121 894 3172 τῶν
928 3120 1140 3173 ἐκείνου
1173 3121 1348 3188 λόγων
1387 3121 1671 3190 εὐποροίη,
1704 3121 1845 3176 ὥστε

1954 2039 2170 2103 darum,
2198 2039 2282 2092 vel
2315 2055 2380 2093 ex
2430 2041 2606 2110 ipsius
2641 2039 2826 2093 verbis
2875 2043 3100 2093 honesta
3154 2040 3258 2094 sibi
3303 2040 3534 2095 facultas

1953 2129 2358 2198 suppeditaret,
2389 2145 2495 2182 non
2525 2128 2694 2184 etiam
2722 2128 2976 2183 amicitiae
3004 2146 3023 2188 ι
3055 2130 3330 2183 metuebat
3359 2129 3532 2198 siqui-

1952 2220 2101 2283 dem,
2139 2235 2206 2272 ne
2233 2220 2434 2274 hostile
2471 2220 2525 2272 iu
2561 2235 2618 2274 se
2656 2218 2843 2274 odium
2881 2219 3206 2289 susciperet,
3235 2219 3280 2272 si
3308 2218 3532 2288 adjuVa-

1953 2327 2011 2366 re
2039 2312 2230 2377 nollet,
2265 2323 2416 2366 ratus
2441 2311 2899 2367 Cantacuzenum
2931 2327 3026 2379 spe
3068 2311 3258 2364 auxilii
3289 2311 3528 2379 lapsum,

1953 2403 2151 2457 iratum
2187 2404 2292 2457 sibi
2333 2413 2388 2458 et
2433 2403 2717 2456 inimicum
2762 2417 2904 2456 esse.
2947 2401 3136 2456 Crales
3163 2407 3335 2471 Ivem,
3383 2402 3530 2456 Bene

1952 2492 2180 2555 factum,
2236 2494 2437 2562 inquit,
2491 2509 2614 2548 cum
2678 2493 2906 2546 verbum
2980 2504 3131 2546 tuum
3191 2492 3528 2560 exposuisti;

1952 2585 2098 2638 haud
2128 2585 2275 2639 enim
2322 2585 2538 2640 modice
2569 2585 2820 2638 terrebar
2852 2600 2915 2638 ac
2969 2586 3354 2653 perturbabar,
3401 2599 3528 2638 cum

1950 2677 2322 2730 existimarem
2373 2687 2424 2731 te
2478 2679 2818 2745 ignorantem
2851 2687 3116 2746 quantum
3165 2691 3405 2746 possem,
3455 2677 3530 2730 ita

1949 2769 2119 2837 loqui.
2160 2770 2226 2823 Et
2268 2771 2398 2838 quia
2448 2770 2612 2823 talem
2668 2769 2801 2824 mihi
2839 2771 3212 2839 suspicionem
3250 2769 3528 2834 ademisti,

1947 2875 2050 2930 ego
2083 2876 2226 2915 nunc
2267 2873 2317 2915 te
2362 2863 2606 2916 vicissim
2650 2877 2870 2917 sensum
2923 2878 3103 2918 meum
3151 2877 3260 2916 non
3313 2861 3526 2916 celabo.
3623 2937 3630 2948 ‘

1949 2953 2164 3008 Virium
2200 2955 2470 3008 adversus
2507 2954 2694 3009 hostes
2728 2963 2852 3009 tuos
2883 2956 3062 3009 habeo
3095 2955 3219 3023 plus
3255 2955 3410 3021 satis,
3443 2963 3525 3008 le-

1948 3059 2055 3114 que
2082 3045 2126 3098 si
2156 3045 2270 3114 ipse
2303 3046 2408 3108 vis,
2442 3045 2718 3114 adiuvabo
2751 3044 3012 3100 libenter.
3045 3045 3387 3114 Subjiciente
3423 3035 3542 3098 im?

1949 3147 2226 3206 peratore,
2259 3152 2319 3190 se
2357 3137 2615 3191 amicitia:
2653 3145 2709 3191 et
2757 3147 3019 3206 promptae
3062 3138 3360 3192 voluntatis
3393 3151 3526 3204 ego

269 3214 373 3281 τὴν
420 3213 518 3280 μὲν
565 3211 820 3281 βοήθειαν
851 3211 1242 3280 ἀπαγορεύειν,
1290 3211 1578 3281 μηκέτιδέ
1618 3213 1714 3264 καὶ
1745 3211 1841 3281 τὴν

1953 3228 2314 3298 magnam-illi
2352 3227 2554 3281 habere
2586 3229 2818 3298 gratiam
2853 3270 2868 3294 ,
2904 3229 3118 3282 nescire
3157 3238 3362 3290 autem,
3394 3225 3527 3296 quid

268 3303 454 3371 φιλίαν
506 3301 604 3372 τὴν
651 3302 791 3372 πρὸς
841 3303 1030 3356 αὐτόν.
1075 3301 1291 3355 Ἐδεδίει
1336 3303 1444 3373 γὰρ
1499 3302 1572 3371 μὴ
1612 3302 1842 3355 ἐκπολε-

269 3395 480 3468 μωθεξῃ
525 3393 662 3464 πρὸς
696 3393 880 3458 αὐτὸν,
912 3394 961 3445 εί
1000 3395 1074 3464 μὴ
1125 3393 1370 3463 βούλοιτο
1416 3393 1656 3464 βοηθεῖν,
1690 3395 1845 3464 νομί-

265 3504 371 3550 σας
431 3487 533 3558 ἧδη
580 3486 670 3538 διὰ
724 3485 823 3554 τὴν
870 3484 1202 3554 ἀποτυχίαν,
1236 3488 1332 3548 τῆς
1386 3486 1708 3553 ἐπικουρίας
1764 3487 1843 3551 είς

261 3579 436 3648 ὀργὴν
468 3577 757 3643 ἐξάγεσθαι
785 3578 877 3630 καὶ
904 3577 1129 3646 ἔχθραν.
1184 3577 1242 3627 ’0
1275 3577 1501 3644 Κράλης
1532 3576 1610 3638 δὶ,
1642 3576 1840 3638 Καλῶς

262 3669 806 3738 ἐποίησας,εἰ¹ρηκεν,
828 3663 872 3722 ὦ
899 3667 1142 3737 βασιλεῦ,
1161 3670 1253 3719 τὸν
1277 3667 1436 3735 λόγον
1461 3667 1806 3736 διασαφήσας
1826 3685 1840 3699 ο

262 3765 573 3834 ὑπέθραττε
623 3763 732 3832 γὰρ
777 3763 876 3815 οὐκ
924 3761 1105 3827 ὀλίγον
1156 3761 1252 3813 καὶ
1290 3759 1541 3830 ἐθορύϐει
1587 3761 1686 3826 τὴν
1720 3759 1845 3813 ’διάη

262 3872 451 3921 νοιαν,
502 3854 578 3918 ὡς
635 3854 850 3920 ἀγνοῶν
913 3852 1014 3924 τὴν
1081 3853 1206 3920 ἐμοὶ
1263 3853 1551 3922 παροῦσαν
1610 3851 1842 3920 δύναμιν

262 3949 510 4014 οἰόμενον
554 3945 778 3999 τοιαῦτα
809 3944 1014 4012 λέγεις.
1057 3943 1278 4013 Ἐπειδὴ
1327 3943 1382 3995 δὲ
1423 3943 1534 3996 τῶν
1584 3943 1844 3996 τοιούτων

263 4036 581 4104 ἀπῖήλλαξας
618 4033 901 4098 ὑπονοιῶν,
939 4034 1039 4104 ήδη
1086 4049 1170 4085 σοι
1211 4032 1308 4102 τὴν
1352 4032 1579 4101 γνώμην
1615 4032 1712 4085 καὶ
1741 4032 1841 4086 αὑ·-

260 4129 356 4191 τὸς
397 4130 606 4197 ποιήσω
660 4127 924 4195 φανερὰν,
957 4125 1032 4185 ὼς
1075 4126 1308 4194 δύναμίν
1357 4142 1415 4178 τε
1447 4123 1554 4193 ἔχω
1603 4125 1840 4193 μάλιστα

261 4219 540 4290 ἀρκοῦσαν
573 4218 706 4289 πρὸς
737 4218 861 4278 τοὺς
886 4216 1258 4283 πολεμοῦντας
1308 4221 1410 4279 σοι,
1441 4221 1535 4271 καὶ
1573 4218 1742 4286 ἡδέως
1774 4217 1842 4271 ἂν

261 4313 620 4382 ἐπικουροίην
665 4313 718 4364 εί
769 4327 830 4377 γε
885 4309 1063 4377 βούλει
1122 4312 1216 4362 καὶ
1262 4310 1444 4372 αὐτός.
1513 4309 1839 4379 Ἀποκρινα-

263 4405 432 4474 μένου
482 4401 538 4454 δὲ
581 4400 677 4453 τοῦ
735 4399 1024 4470 βασιλέως,
1070 4398 1144 4461 ὡς
1175 4399 1274 4468 τῆς
1327 4399 1426 4467 μὲν
1457 4398 1637 4467 φιλίας
1679 4401 1840 4451 ’ἑνεκα

257 4496 358 4548 καὶ
405 4494 502 4561 τῆς
566 4490 878 4561 προθυμίας
930 4491 1030 4559 τῆς
1094 4489 1222 4559 περὶ
1277 4489 1462 4550 αὐτὸν,
1520 4489 1726 4553 πολλὰς
1771 4491 1839 4544 ἂν

1954 3319 2088 3374 illud
2125 3319 2228 3374 sibi
2251 3317 2402 3382 velit,
2431 3318 2505 3371 «si
2529 3317 2647 3386 ipse
2665 3319 2800 3382 vis,»
2825 3318 3010 3373 Crales
3040 3320 3323 3386 praemium
3344 3321 3522 3374 socie-

1949 3410 2077 3464 tatis
2111 3425 2303 3464 omncs
2345 3411 2718 3463 Romanorum
2763 3410 2944 3468 urbes.
2986 3425 3016 3463 a
3056 3411 3388 3480 Christopoli
3431 3429 3524 3464 us-

1948 3519 2056 3572 que
2088 3503 2142 3560 in
2170 3500 2526 3555 Occidentem
2557 3501 2768 3570 poscit;
2805 3501 2850 3554 si
2886 3500 2993 3555 hoc
3027 3501 3254 3554 nimium
3292 3513 3346 3557 ct
3378 3504 3528 3555 into-

1947 3593 2180 3648 lerabile
2228 3593 2506 3657 videatur,
2554 3603 2704 3647 certe
2761 3593 2981 3661 quidem
3025 3607 3054 3646 a
3106 3592 3560 3647 Thessalonica-

1945 3684 2062 3737 Non
2095 3682 2242 3735 enim
2278 3683 2568 3752 pecuniam
2624 3692 2730 3736 tam
2781 3683 3040 3752 grandem
3081 3683 3133 3736 in
3176 3683 3379 3736 bellum
3425 3697 3524 3751 pro

1945 3774 2066 3840 ipso
2099 3775 2248 3827 nulla
2295 3788 2390 3841 spe
2438 3763 2579 3826 lucri
2633 3775 3001 3842 impensuros,
3052 3773 3260 3841 totique
3292 3775 3523 3841 imperio

1945 3865 2194 3919 Romano
2243 3880 2370 3918 cum
2415 3864 2736 3918 discrimine
2780 3879 2839 3918 se
2885 3865 3262 3933 Opposituros,
3290 3864 3383 3933 qui
3421 3879 3522 3918 nec

1945 3970 2044 4025 pro
2093 3955 2289 4024 seipsis
2329 3971 2569 4024 unquam
2611 3955 2678 4009 ad
2716 3955 3005 4011 Thraciam
3034 3967 3184 4020 ,aut
3225 3958 3388 4019 ultra,
3428 3972 3520 4008 ar-

1945 4045 2077 4099 mati
2117 4045 2411 4114 procedere
2442 4041 2560 4098 au‘si
2591 4045 2819 4100 fuerint.
2857 4047 2921 4100 Et
2955 4047 3216 4101 arbitrari
3249 4049 3517 4114 Optimum
3554 4063 3562 4072 '

1941 4147 2108 4206 atque
2160 4138 2514 4192 utilissimum
2574 4138 2679 4192 hoc
2728 4153 2854 4193 esse
2898 4140 3208 4194 consilium.
3259 4139 3313 4193 Si
3368 4142 3516 4190 enim

1917 4229 2052 4282 —illis
2093 4229 2340 4293 urbibus,
2383 4244 2616 4297 quarum
2667 4229 2925 4282 dominus
2969 4244 3076 4281 non
3125 4230 3216 4290 sit,
3251 4229 3516 4291 dimissis,

1943 4336 2052 4374 non
2081 4319 2186 4374 sibi
2217 4328 2274 4373 et
2303 4319 2572 4374 exercitui
2603 4319 2801 4382 solum,
2835 4318 2929 4372 sed
2957 4329 3011 4372 et
3038 4319 3229 4372 liberis
3261 4335 3517 4387 magnum
3583 4384 3593 4388 ε

1939 4411 2370 4466 emolumentum
2399 4424 2739 4478 comparare,
2777 4419 2834 4464 et
2871 4410 3099 4478 insuper
3131 4409 3518 4463 infensissimis

1942 4502 2194 4555 hostibus
2220 4501 2338 4555 suis
2364 4499 2619 4569 perditis,
2664 4499 3004 4568 reliquarqu
3045 4509 3243 4566 potens
3279 4497 3538 4552 evaderet

256 4586 430 4652 εἰδείη
469 4585 720 4655 χάριτας,
763 4582 957 4650 ἀγνοίη
1005 4581 1061 4633 δέ
1112 4582 1248 4651 πρὸς
1301 4582 1329 4634 ὅ
1371 4599 1423 4634 τι
1471 4583 1626 4652 φέρει
1677 4582 1756 4645 τὸ,
1785 4585 1834 4636 εί

1945 4600 2124 4661 queat,
2151 4602 2473 4646 contentum
2509 4591 2613 4644 hoc
2642 4604 2762 4644 esse
2796 4589 3016 4652 debere,
3043 4603 3146 4642 nec
3176 4589 3317 4642 ultra
3346 4604 3512 4656 quam

259 4679 506 4748 βούλοιτο
537 4677 628 4729 καὶ
653 4677 838 4738 αὐτὸς,
895 4673 1088 4744 μισθὸν
1137 4674 1232 4742 τῆς
1282 4673 1600 4743 συμμαχίας
1627 4675 1655 4726 ὁ
1688 4675 1837 4744 Κρά-

253 4773 358 4838 λης
415 4769 513 4833 τὰς
565 4768 674 4820 ἀπὸ
731 4764 1189 4836 Χριστουπόλεως
1243 4766 1382 4835 πρὸς
1431 4765 1531 4833 τὴν
1591 4766 1834 4834 ἑσπέραν

257 4862 476 4924 ἁπάσας
521 4860 707 4920 πόλεις
770 4857 1062 4923 Ῥωμαίοις
1124 4856 1400 4926 ὑπηκόους
1455 4856 1595 4926 ᾗτεν
1651 4855 1700 4907 εί
1775 4854 1833 4906 δὲ

251 4953 416 5008 τοῦτο
441 4942 909 5018 ἐπαχθέςῖοκοίη,
943 4947 1042 5010 τὰς
1073 4946 1207 5013 γοῦν
1267 4948 1374 4999 ἀπὸ
1408 4946 1830 5014 Θεσσαλονίκης.

253 5045 333 5101 Οὐ
365 5046 473 5116 γὰρ
503 5043 589 5117 ἐπ’
619 5042 797 5094 οὐδενὶ
852 5040 1036 5112 κέρδει
1087 5040 1348 5108 χρήματά
1394 5055 1454 5091 τε
1487 5039 1830 5093 ἀναλώσουσι

254 5137 394 5207 πρὸς
426 5139 518 5188 τὸν
544 5135 781 5203 πόλεμον
811 5134 952 5202 ὑπὲρ
987 5129 1154 5182 αὐτοῦ
1189 5130 1450 5192 τοσαῦτα,
1483 5117 1570 5183 mi
1609 5131 1824 5185 διακιν-

251 5231 552 5284 δυνεύσωσι
601 5227 739 5298 πρὸς
791 5227 970 5277 πᾶσαν
1021 5222 1120 5294 τὴν
1166 5222 1459 5288 Ῥωμαίων
1505 5223 1825 5293 ἠγεμονίαν,

251 5317 336 5384 οἷς
362 5321 469 5374 οὐδ’
507 5319 646 5387 ὑπὲρ
678 5317 827 5386 σφῶν
857 5315 1038 5370 αὐτῶν
1070 5330 1200 5367 ποτε
1247 5314 1555 5382 ἐτόλμησαν
1587 5302 1827 5383 πόλεμον

250 5413 490 5478 ἄρασθαι
517 5409 799 5474 τοσοῦτον,
833 5407 971 5460 ὥστε
998 5408 1133 5475 πρὸς
1161 5405 1410 5474 Θρᾴκην,
1443 5405 1475 5475 ἢ
1511 5406 1602 5459 καὶ
1632 5423 1827 5477 περαι-

249 5503 398 5571 τέρω
445 5500 756 5570 προελθεῖν.
802 5498 1026 5552 υῐεσθαι
1061 5497 1119 5550 δὲ
1149 5495 1350 5565 ἄριστά
1380 5513 1442 5549 τε
1483 5499 1576 5550 καὶ
1609 5498 1826 5551 λυσιτε-

249 5594 488 5647 λέστατα
541 5590 692 5662 αύτῷ
732 5591 1107 5660 βουλεύεσθαι.
1163 5592 1224 5643 El
1277 5589 1386 5661 γὰρ
1433 5583 1509 5643 ὧν
1555 5590 1657 5642 οὐκ
1710 5590 1826 5644 ἐστι

251 5685 442 5757 κύριος
479 5672 877 5756 ἀποσχόμενος,
923 5684 1021 5754 οὐχ
1077 5685 1258 5753 ἐαυτῷ
1308 5686 1399 5736 καὶ
1445 5687 1557 5747 τοῖς
1603 5683 1824 5737 συνοῦσι

247 5778 438 5852 μόνον,
465 5777 601 5831 ἀλλά
625 5778 721 5832 καὶ
745 5779 903 5831 παισὶ
939 5777 1183 5846 μεγάλην
1208 5777 1466 5847 ἀφέλειαν
1509 5762 1818 5847 πορίσαιτο,

244 5869 348 5928 καὶ
386 5870 615 5942 προσέτι
669 5869 796 5933 τοὺς
843 5868 1286 5941 πολεμιωτάτους
1332 5869 1676 5940 διαφθείρας,
1709 5869 1819 5924 τῶν

1937 4693 2308 4752 opportunum
2335 4689 2442 4744 est,
2473 4691 2528 4735 et
2563 4679 2914 4733 mediocritas
2945 4679 3206 4748 postulat,
3237 4677 3512 4732 laborare.

1938 4774 2128 4837 Recte,
2159 4773 2338 4842 inquit
2370 4772 2694 4840 imperator,
2739 4772 2806 4824 de
2845 4771 2998 4823 lucro
3026 4785 3092 4824 ex
3134 4769 3420 4832 societate,
3458 4777 3515 4822 et

1935 4879 2123 4934 opera,
2155 4874 2212 4918 et
2247 4863 2564 4933 sumptibus
2591 4865 2645 4916 in
2688 4863 2890 4917 bellum
2931 4860 3300 4914 ratiocinaris.
3334 4858 3506 4913 Nemo

1934 4957 2136 5024 quippe
2177 4956 2458 5018 cordatus,
2495 4955 2597 5008 nisi
2642 4954 2795 5022 prius
2833 4952 3182 5008 commodum
3223 4952 3442 5021 aliquod
3480 4968 3513 5005 e

1933 5047 2197 5102 faciendis
2220 5047 2471 5110 eluxcrit,
2511 5061 2616 5098 non
2671 5055 2889 5114 gravate
2911 5043 3191 5114 defatigati
3225 5053 3508 5106 etderuui-

1932 5156 2034 5194 nas
2060 5139 2274 5208 perpeti
2313 5138 2467 5192 velit.
2507 5137 2590 5191 Tu
2628 5152 2758 5192 vero
2787 5137 2836 5191 si
2873 5136 3010 5190 mihi
3054 5137 3349 5207 gratiﬁcari
3395 5152 3508 5192 non

1933 5234 2037 5296 vis,
2099 5247 2210 5285 non
2263 5231 2464 5300 injuria
2517 5229 2641 5299 opis
2700 5238 2804 5283 tum
2877 5229 3189 5283 mercedem
3239 5229 3506 5298 postules,

1930 5321 2096 5394 494
2121 5337 2284 5391 quam
2332 5319 2380 5374 si
2429 5319 2578 5382 dem,
2621 5316 2866 5371 'nul‘lam'
2895 5317 2992 5372 tibi
3043 5319 3223 5374 meriti
3273 5319 3508 5389 gratiam

1931 5411 2197 5464 debuero.
2225 5406 2339 5461 Nec
2358 5407 2506 5461 enim
2533 5408 2624 5475 qui
2654 5412 2884 5474 argento
2903 5405 3195 5475 quidpiam
3225 5407 3295 5461 ab
3319 5409 3505 5476 aliquo

1930 5498 2148 5562 emerit,
2183 5494 2458 5550 venditori
2503 5494 2715 5564 gratias
2743 5494 2876 5562 agit.
2933 5493 3027 5550 Sin
3062 5496 3134 5550 ob
3164 5496 3338 5551 solam
3367 5499 3505 5552 ami-

1929 5589 2140 5651 citiam,
2177 5597 2233 5640 et
2265 5595 2325 5640 ut
2357 5601 2556 5656 magno
2587 5587 2824 5656 principi
2867 5586 3158 5654 pulchrum
3189 5597 3296 5653 est,
3327 5592 3502 5644 bono-

1929 5681 2008 5735 ris
2043 5680 2229 5734 studio
2280 5680 2450 5750 gratis
2502 5678 2637 5732 mihi
2690 5677 3057 5747 opitulabere,
3105 5680 3342 5748 primum
3379 5682 3522 5750 (λιιι-ιΔ

1898 5755 2049 5830 ’όθιιι
2097 5774 2166 5829 de
2223 5776 2417 5843 teipse,
2468 5781 2528 5826 ut
2581 5773 2760 5838 decet,
2817 5771 3104 5829 merebere
3161 5789 3176 5825 :
3227 5774 3322 5842 qui
3385 5789 3498 5829 non

1925 5879 2188 5941 quaestus,
2223 5880 2282 5925 ut
2317 5871 2560 5943 ignobile
2591 5870 2806 5940 vulgus,
2832 5867 2929 5926 sed
2957 5866 3216 5928 amicitia
3236 5877 3291 5926 et
3309 5869 3497 5939 gloria
