4014 6446
276 460 384 525 95.7

1451 456 1996 520 HISTORIARUM
2032 460 2264 524 LIBER
2303 460 2424 521 Ιῐῐ.

276 571 680 640 ἀπανθρωπίας
730 571 855 642 ἥκει
911 571 1001 624 καὶ
1056 569 1361 640 ὠμότητος.
1431 572 1508 632 ὡς
1577 572 1742 634 αὐτός
1794 587 1853 622 τε

1964 582 2189 644 taceam,
2221 574 2324 628 tale
2350 572 2530 628 scelus
2560 568 2707 640 apud
2740 569 2910 623 Deum
2943 581 3070 622 esse
3101 565 3546 631 odiosissimum,

277 663 498 727 ἑλέσθαι
527 663 623 716 καὶ
651 665 764 723 τοῖς
800 661 990 725 ἄλλοις
1023 662 1450 732 συμϐουλεῦσαι.
1487 669 1623 730 πρὸς
1650 666 1758 732 γαρ
1785 663 1862 732 τῷ

273 755 398 826 Θεῷ
427 755 682 826 ἐχθίστην
713 749 851 808 εἶναι
898 753 997 824 τὴν
1031 755 1293 824 τοιαύτην
1319 755 1546 824 τόλμαν,
1579 757 1674 826 καὶ
1705 757 1860 824 παρά

276 821 489 902 πᾶσιν-ν
516 821 829 917 ἀνθρώποις
907 821 1057 915 σαφῆ
1134 821 1435 916 παρέχεται
1494 821 1692 909 κακίας
1763 821 1861 898 καὶ

281 940 585 1010 μοχθηρίας
633 937 914 1002 ἀπόδειξιν
974 937 1306 1006 ὑπερϐολῆς.
1363 938 1437 990 Τὸ
1492 938 1601 1006 γὰρ
1655 937 1752 992 νῦν
1798 954 1858 989 τε

276 1031 407 1085 ὄντα
447 1030 732 1100 Ῥωμαίων
772 1029 1018 1099 βασιλέα,
1049 1032 1146 1083 καὶ
1197 1033 1327 1101 πρὶν
1366 1033 1448 1092 εἷς
1491 1031 1652 1083 τοῦτο
1695 1031 1858 1100 ἥκειν

278 1120 557 1192 σχήματος
588 1122 802 1185 πολλοῖς
835 1122 1099 1193 πρότερον
1121 1121 1333 1191 χρόνοις
1363 1122 1563 1189 ὁμοίως
1593 1123 1854 1192 ἄρχοντα,

274 1213 370 1266 καὶ
427 1212 580 1282 παρά
633 1211 853 1264 πάντων
910 1213 1006 1264 καὶ
1075 1211 1344 1281 Ἑλλήνων
1396 1213 1490 1264 καὶ
1551 1211 1857 1282 Βαρϐάρων

273 1301 643 1370 ἀγαπώμενον
670 1301 766 1354 καὶ
802 1301 1276 1371 περισπούδαστον
1295 1301 1426 1355 ὄντα
1446 1301 1535 1354 διὰ
1563 1302 1664 1371 τὴν
1691 1319 1861 1370 προσ-

274 1392 448 1446 οῦσαν
485 1391 810 1458 ἐπιείκειαν,
881 1393 974 1444 καὶ
1015 1389 1254 1453 σύνεσιν,
1297 1393 1392 1445 καὶ
1440 1393 1758 1462 φιλοτιμίαν
1799 1394 1857 1444 ὲν

277 1486 446 1538 πᾶσιν
469 1484 716 1550 ἀγαθοῖς,
760 1481 855 1535 νῦν
888 1483 1095 1553 ἥκοντα
1131 1486 1262 1554 παρ’
1296 1485 1445 1554 ἡμᾶς
1471 1485 1561 1536 διὰ
1595 1484 1859 1554 πραγμά-

274 1593 386 1630 των
437 1574 762 1646 μεταϐολὴν,
793 1576 932 1644 πρὸς
965 1575 1045 1643 τῷ
1097 1575 1170 1644 μὴ
1213 1576 1540 1646 προστῆναι.
1575 1577 1669 1628 καὶ
1720 1577 1857 1645 ἀνή-

278 1685 451 1722 κεστα
499 1669 788 1731 διαθεῖναι,
820 1669 919 1721 οὐκ
974 1669 1260 1738 ὠμότητος
1312 1672 1403 1721 καὶ
1456 1669 1856 1738 ἀπανθρωπίας

277 1761 461 1830 μόνον,
495 1761 632 1813 ἀλλὰ
693 1759 788 1812 καὶ
837 1759 1094 1822 ἀσεϐείας
1143 1759 1400 1829 ἔγκλημα
1445 1761 1581 1828 ἡμῖν
1630 1759 1857 1821 δικαίως

273 1850 565 1922 περιάψαι.
624 1843 699 1904 Οῦ
748 1850 815 1918 δὴ
878 1850 1064 1917 ἕνεκα,
1121 1851 1232 1903 τῶν
1287 1840 1546 1904 τοιούτων
1602 1851 1741 1922 αὐτή
1793 1868 1853 1913 τε

270 1941 513 2012 ἔγνωκα,
576 1943 670 1996 καὶ
729 1943 860 2013 ὑμῖν
923 1943 1266 2013 ἀποσχέσθαι
1337 1943 1629 2014 παραινῶο
1689 1944 1749 1997 τὸ
1811 1943 1858 1998 δ’

269 2036 623 2102 ἀποπέμπειν
658 2036 968 2105 ἄπρακτον,
993 2036 1256 2100 ἀϐουλίας
1287 2037 1353 2090 ἄν
1391 2054 1476 2104 τις
1502 2037 1681 2108 τιθείη
1709 2036 1858 2104 λογι-

271 2127 496 2190 ζόμενος
521 2127 732 2195 ὀρθῶς·
763 2129 824 2181 οὐ
855 2129 966 2198 γὰρ
999 2127 1158 2196 μόνον
1193 2130 1418 2195 ἀγνοίας
1449 2128 1579 2199 περὶ
1611 2129 1682 2181 τὰ
1715 2128 1858 2182 καλὰ

275 2219 373 2273 καὶ
425 2219 776 2289 ἀφιλοτιμίας
823 2218 1049 2282 δικαίως
1105 2219 1170 2273 ἂν
1221 2220 1485 2290 ἁλοίημεν
1543 2220 1698 2290 παρὰ
1743 2222 1860 2284 τοῖς

278 2314 485 2380 κρίνειν
512 2311 578 2364 τὰ
607 2311 836 2364 τοιαῦτα
865 2311 1082 2381 δεινοῖς,
1112 2306 1194 2364 ὅτι
1217 2312 1276 2364 ὃν
1317 2313 1628 2380 ἐπεθύμουν
1662 2311 1856 2365 πολλοὶ

275 2401 390 2455 τῶν
441 2403 734 2466 δυναστῶνζ
785 2404 876 2456 καὶ
931 2402 1102 2456 πο).λά
1135 2404 1640 2472 “ὲπραγματεύοντο
1704 2406 1859 2473 φίλον

273 2495 442 2564 ἔχειν,
493 2497 682 2548 τοῦτον
733 2495 950 2564 ἔχοντες
1003 2495 1180 2560 αὐτοὶ,
1235 2500 1327 2549 καὶ
1387 2497 1684 2566 δυνάμενοι
1747 2497 1858 2550 τῶν

269 2585 452 2640 ἄλλων
485 2586 687 2656 μᾶλλον
734 2587 834 2657 τὴν
873 2587 1008 2659 παρ’
1042 2587 1210 2642 αὑτοῦ
1254 2589 1438 2656 φιλίαν
1485 2589 1858 2659 καρποῦσθαι,

268 2677 491 2740 ἑκόντες
539 2677 692 2740 ὅντες
743 2678 1115 2749 προηκάμεθα
1157 2680 1226 2732 δι’
1276 2679 1587 2751 ἀγροικίαν.
1623 2681 1766 2734 Ἀλλ’
1809 2683 1862 2736 εί

270 2785 405 2822 ποτε
437 2769 683 2838 συμϐαίη
712 2772 808 2822 καὶ
845 2760 1135 2840 Ῥωμαίαῗν
1183 2772 1370 2840 ἄρξαι,
1407 2774 1757 2844 μεμνημένος
1783 2774 1860 2838 ὼς

272 2860 529 2930 οὖδεμιᾶς
574 2863 896 2936 ἐπικουρίας
934 2861 1088 2934 τύχοι
1135 2863 1269 2932 παρ’
1327 2865 1508 2933 ἡμῶν,
1551 2865 1688 2918 ἀλλά
1733 2867 1858 2934 τόγε

277 2953 360 3014 είς
399 2954 546 3022 ἡμᾶς
576 2947 734 3022 ἧκον,
760 2953 857 3007 καὶ
899 2956 1017 3016 τοῖς
1051 2954 1336 3023 πολεμίοις
1376 2956 1815 3025 καταπροδοθείη
1837 2972 1854 2988 ο

273 3040 395 3093 οὐδὲ
425 3043 534 3111 γὰρ
561 3037 728 3113 ἦττον
765 3042 960 3096 τούτου
989 3044 1107 3096 νυνὶ
1135 3043 1195 3094 τὸ
1227 3042 1554 3112 ἀποπέμψαι
1581 3043 1806 3096 δύναται
1841 3059 1856 3075 ο

272 3131 564 3200 ἀμυνεῖται
593 3134 850 3199 δικαίως,
886 3137 983 3187 καὶ
1011 3135 1198 3198 κακῶς
1228 3139 1447 3204 ποιήσει
1478 3137 1544 3188 τά
1584 3137 1855 3207 ἡμέτερα,

1968 666 2112 734 apud
2148 667 2402 720 homines
2446 677 2670 733 quoque
2703 661 2994 715 universos
3043 669 3256 714 certum
3305 659 3548 713 incredi-

1969 759 2096 813 bilis
2158 758 2382 813 malitia:
2445 765 2502 812 et
2572 753 2946 826 improbitatis
2993 760 3379 822 argumentum
3437 759 3547 804 est.

1967 850 2186 905 Etenim
2223 865 2349 903 cum
2374 849 2466 918 qui
2507 863 2656 901 nunc
2687 847 3064 901 Romanorum
3106 843 3409 912 imperator
3436 853 3544 909 est,

1965 952 2020 995 et
2074 941 2394 1010 priusquam
2454 939 2692 1008 insignia
2736 936 2982 1005 accepit.
3042 935 3138 990 diu
3193 935 3548 1003 imperatoris

1965 1047 2167 1087 munus
2229 1033 2424 1102 gessit,
2460 1041 2516 1084 et
2548 1031 2822 1084 omnibus’
2844 1040 2958 1084 tum
2993 1015 3222 1102 Graicis,
3260 1037 3375 1081 tum
3409 1026 3547 1080 Bar-

1964 1125 2114 1179 baris
2152 1124 2404 1187 charum,
2446 1133 2503 1176 et
2545 1130 2770 1191 propter
2812 1135 2960 1183 eam,
3003 1134 3114 1188 qua
3148 1117 3410 1187 praeditus
3434 1126 3544 1179 est,

1955 1193 2272 1275 lenitatem.
2311 1214 2689 1284 prudentiam.
2727 1224 2784 1267 et
2834 1211 3017 1266 omnis
3070 1199 3377 1264 honestatis
3427 1218 3546 1262 stu-

1936 1304 2116 1358 ‘dium
2151 1307 2403 1358 certatim
2432 1303 2829 1372 expetendum,
2880 1309 2936 1355 et
2963 1316 3112 1354 nunc
3140 1299 3207 1354 ad
3249 1314 3351 1353 nos
3378 1299 3544 1351 rebus

1964 1396 2305 1450 labefactatis
2343 1395 2781 1464 confugientem,
2831 1408 2941 1446 non
2993 1401 3204 1447 tantum
3243 1407 3352 1445 non
3397 1390 3538 1445 tueri

1963 1505 2028 1545 ac
2073 1497 2277 1557 tegere,
2323 1487 2416 1542 sed
2459 1490 2625 1540 etiam
2661 1484 3135 1554 importnn'rssime
3170 1483 3396 1541 violare.
3431 1497 3542 1536 non

1963 1581 2311 1638 crudelitatis
2353 1579 2532 1635 solum
2576 1587 2633 1634 et
2679 1576 3060 1638 immanitatis,
3095 1575 3191 1630 sed
3241 1574 3544 1642 impietatis

1963 1689 2186 1745 quoque
2213 1674 2266 1728 in
2293 1672 2528 1728 crimine
2565 1686 2665 1726 nos
2690 1674 2813 1740 jure
2847 1669 3116 1740 posuerit.
3151 1668 3334 1734 Quare
3363 1667 3546 1722 scelus

1964 1765 2282 1836 hujusmodi
2339 1775 2397 1820 et
2441 1765 2558 1834 ipsa
2605 1763 2796 1832 fugere
2830 1762 3022 1828 statui,
3059 1770 3116 1814 et
3156 1768 3218 1814 ut
3261 1774 3361 1812 vos
3388 1772 3546 1826 neque

1966 1859 2208 1930 fugiatis,
2247 1872 2469 1912 moneo.
2513 1857 2593 1911 Re
2628 1863 2812 1909 autem
2845 1853 3048 1908 infecta
3082 1868 3210 1906 eum
3242 1850 3544 1915 dimittere,

1965 1949 2019 2004 id
2073 1950 2250 2004 bonus
2304 1962 2489 2002 rerum
2542 1945 2843 2000 aestimator
2891 1942 3149 1998 amentiae.
3197 1941 3543 2010 ascripserit.

1959 2043 2084 2096 Non
2120 2041 2266 2094 enim
2295 2040 2474 2094 solum
2505 2047 2564 2092 ιιι
2595 2038 2812 2092 honesti
2843 2037 3182 2105 ignorantes,
3214 2045 3267 2088 et
3302 2035 3370 2087 ah
3394 2032 3545 2087 omni

1960 2133 2294 2202 cogitatione
2342 2129 2527 2185 laudis
2582 2129 2789 2188 aversi,
2824 2143 2854 2182 a
2891 2127 3083 2196 peritis
3117 2126 3398 2197 judicibus
3433 2139 3548 2178 me-

1959 2225 2068 2279 rito
2104 2224 2524 2294 redarguemur.
2575 2222 2619 2276 si
2671 2221 2833 2290 cujus
2863 2219 3160 2274 amicitiam
3201 2217 3356 2270 multi
3396 2218 3548 2286 prin-

1963 2318 2114 2385 cipes
2148 2317 2384 2371 sollicite
2411 2325 2466 2370 et
2497 2315 2772 2369 laboriose
2802 2313 3197 2386 quaesiverunt,
3247 2310 3397 2366 hunc
3441 2308 3544 2379 ipsi

1960 2410 2251 2464 nobiscum
2279 2409 2571 2468 habentes,
2604 2421 2730 2460 cum
2777 2419 3064 2475 possemus
3103 2411 3230 2456 ante
3261 2403 3400 2456 alios
3427 2402 3548 2470 ejus

1961 2499 2262 2554 amicitiam
2293 2497 2588 2568 consequi,
2617 2511 2681 2549 ex
2730 2493 2966 2564 quadam
3003 2492 3316 2546 rusticitate
3357 2491 3550 2543 volen-

1961 2599 2043 2645 tes
2073 2590 2510 2645 deseruerimus.
2553 2588 2719 2658 Atqui
2768 2588 2816 2641 si
2849 2585 3072 2655 quando
3114 2600 3240 2638 eum
3287 2581 3550 2639 Romanis

1959 2681 2086 2750 jura
2124 2682 2258 2736 dare
2295 2682 2614 2750 contigerit,
2653 2694 2885 2743 memor,
2914 2692 2972 2736 se
3003 2677 3214 2731 nullum
3248 2675 3377 2730 hinc
3400 2676 3552 2729 anxi-

1959 2775 2096 2828 lium
2130 2772 2452 2837 abstulisse,
2498 2771 2594 2826 sed
2642 2780 2910 2840 quantum
2951 2770 3007 2823 in
3040 2770 3201 2823 nobis
3227 2767 3350 2832 fuit,
3381 2768 3552 2822 etiam
3657 2797 3662 2800 -

1963 2867 2219 2922 hostibus
2267 2867 2384 2920 suis
2421 2865 2702 2934 objectum
2750 2861 3006 2932 (perinde
3047 2860 3193 2915 enim
3241 2871 3346 2918 est.
3401 2873 3552 2914 nunc

1963 2958 2142 3028 ipsum
2193 2958 2414 3012 inanem
2447 2956 2747 3018 dimittere,
2781 2962 2946 3022 atque
2981 2953 3232 3007 hostibus
3270 2951 3551 3020 prodere),

1961 3065 2070 3102 non
2121 3049 2323 3118 injuria
2369 3063 2429 3103 se
2480 3047 2804 3108 ulciscatur,
2850 3054 2909 3099 et
2942 3044 3104 3097 nobis
3139 3043 3344 3096 malum
3379 3042 3550 3107 dabit,

1959 3157 2086 3196 cum
2121 3141 2186 3196 ad
2220 3142 2355 3195 alias
2383 3155 2580 3195 causas
2615 3155 2723 3193 non
2759 3151 2962 3206 paucas
3021 3136 3140 3189 haec
3169 3135 3333 3189 etiam
3368 3133 3554 3202 prodi-

276 3223 456 3277 ἄλλων
495 3242 555 3277 τε
587 3226 799 3278 πολλῶν
827 3227 1154 3295 προφάσεων
1181 3229 1493 3298 εὐπορήσας
1523 3229 1610 3291 ἂν,
1640 3230 1733 3281 καὶ
1757 3233 1856 3299 τὴν

1967 3231 2131 3285 tionis
2158 3230 2476 3286 accesserit.
2502 3228 2773 3292 Quocirca
2809 3227 2853 3280 si
2884 3227 2965 3281 rei
3004 3235 3205 3279 nostra:
3235 3224 3551 3278 consultum

274 3310 375 3364 νῦν
423 3313 718 3381 προδοσίαν
763 3314 1069 3368 ἐπικαλῶν.
1113 3316 1190 3367 Δι’
1245 3313 1282 3368 ἃ
1334 3316 1457 3368 οὐδὲ
1505 3317 1859 3386 ἀποπέμπειν

1972 3323 2250 3393 cupimus,
2277 3324 2496 3376 inanem
2523 3319 2914 3375 dimittendum
2945 3333 3053 3370 non
3080 3325 3233 3386 puto.
3268 3313 3556 3382 Relinqui-

270 3402 559 3473 ἄπρακτον
591 3404 778 3474 οίομαι
817 3404 1140 3461 λυσιτελεῖν.
1168 3407 1434 3461 Λείπεται
1463 3407 1530 3480 δὴ
1554 3407 1796 3478 βοηθεῖν,
1825 3408 1859 3480 ἢ

273 3499 745 3567 παραχωρήσαντι
771 3499 881 3550 τῶν
913 3498 1126 3550 πόλεων
1154 3490 1230 3551 ὥν
1257 3499 1519 3567 αἰτοῦμεν
1539 3542 1552 3564 ,
1585 3501 1618 3572 ἢ
1655 3505 1858 3570 προῖκα

266 3587 372 3641 καὶ
403 3587 492 3640 διὰ
541 3588 873 3657 φιλοτιμίαν.
901 3588 975 3640 Τὸ
1019 3589 1116 3657 μὲν
1148 3585 1242 3641 οὖν
1276 3591 1385 3642 τῶν
1421 3591 1630 3644 πόλεων
1669 3609 1857 3662 παρα-

267 3681 470 3750 χωρεῖν
505 3679 693 3742 αύτὸν,
726 3681 858 3748 ἐμοὶ,
901 3679 1002 3749 μὲν
1034 3679 1275 3750 ἥδιστον,
1310 3681 1405 3733 καὶ
1453 3682 1691 3751 μάλιστα
1726 3685 1852 3751 βου·

266 3771 470 3840 λοίμην
494 3771 560 3823 ἄν
579 3785 593 3799 ⁸
628 3771 840 3833 ἐκεῖνος
866 3772 943 3836 δὲ,
984 3771 1060 3834 ὠς
1096 3771 1334 3842 ὁρῶμεν,
1363 3771 1621 3826 τοσοῦτον
1659 3773 1859 3844 ἀπέχει

265 3862 366 3916 τοῦ
408 3863 498 3915 διὰ
547 3863 648 3933 τὴν
699 3863 991 3936 παροῦσαν
1044 3864 1393 3933 δυσπραγίαν
1451 3869 1859 3936 κατεπτηκέναι

268 3955 370 4007 καὶ
393 3955 622 4006 ταπεινὰ
641 3953 737 4008 καὶ
771 3954 1102 4026 ἀνελεύθερα
1131 3959 1374 4026 φρονεῖν,
1404 3957 1535 4010 ὥσθ’
1561 3959 1730 4028 ἡδέως
1760 3959 1853 4025 ἂν,

267 4043 462 4114 ὥσπερ
494 4045 622 4114 ἔφη,
651 4046 754 4115 τῆς
789 4046 953 4119 αὐτοῦ
998 4047 1091 4101 καὶ
1125 4049 1336 4102 παίδων
1377 4049 1476 4102 καὶ
1506 4049 1724 4103 πάντων
1749 4049 1860 4102 τῶν

270 4142 544 4192 συνόντων
597 4142 869 4208 σωτηρίας
924 4143 1042 4210 τὴν
1074 4143 1206 4209 μιᾶς
1254 4141 1352 4194 καὶ
1384 4139 1726 4212 φαυλοτάτης
1767 4142 1862 4195 πό-

268 4231 412 4293 λεως
455 4230 770 4293 ἀλλάξαιτο.
804 4231 936 4283 Ὅτε
980 4231 1165 4284 τοίνυν
1201 4230 1380 4295 οὕτως
1415 4231 1530 4302 ἔχει
1566 4234 1662 4285 καὶ
1695 4232 1854 4284 ὲλευ-

269 4321 420 4390 θέρῳ
496 4323 780 4386 πρέποντα
852 4322 1007 4391 ἀνδρὶ
1074 4324 1171 4375 καὶ
1232 4323 1445 4392 βασιλεῖ
1509 4325 1859 4394 προσήκοντα

267 4413 613 4483 ἀπεφήνατο,
643 4413 853 4484 βέλτιον
906 4414 1030 4484 ἐμοί
1087 4433 1146 4467 τε
1195 4414 1365 4483 εδοξε,
1414 4418 1506 4469 καὶ
1547 4419 1676 4486 ὑμῖν
1720 4417 1857 4470 πᾶσι

266 4510 529 4581 παραινῶ
633 4508 840 4568 ἐκεῖνος
887 4508 1032 4571 ἀξιοῖ
1075 4508 1277 4570 ποιεῖν,
1304 4509 1400 4561 καὶ
1446 4511 1629 4563 πᾶσαν
1660 4527 1858 4582 μικρο-

1972 3425 2064 3470 tnr
2091 3429 2224 3483 ergo
2268 3412 2664 3485 adjuvandu‘m.
2697 3419 2795 3464 aut
2830 3408 3119 3464 cedentem
3157 3407 3390 3461 urbibus
3415 3421 3556 3475 quas

1970 3508 2236 3577 petimus,
2274 3517 2368 3560 aut
2401 3505 2644 3574 gratuito
2672 3511 2849 3565 certe,
2889 3511 2948 3554 ut
2987 3501 3128 3554 istuc
3159 3499 3322 3553 nobis
3355 3497 3553 3552 honori

1966 3598 2062 3651 sit.
2121 3597 2178 3651 Si
2231 3597 2452 3666 oppidis
2496 3594 2741 3658 cederet,
2798 3592 2849 3647 id
2903 3590 3040 3646 mihi
3083 3589 3553 3662 jucundissitnnm

1965 3699 2134 3757 atque
2175 3687 2584 3755 Optatissimum
2628 3685 2791 3739 foret.
2835 3683 2907 3738 At
2954 3683 3066 3748 ille,
3101 3685 3248 3751 quod
3283 3683 3554 3747 videmus,

1967 3788 2182 3832 tantum
2215 3778 2394 3838 abest,
2431 3786 2492 3830 ut
2523 3775 2780 3845 praesenti
2806 3775 3120 3830 calamitate
3142 3783 3553 3836 consternatus,

1971 3869 2183 3923 humile
2211 3869 2495 3937 quidpiam
2528 3868 2914 3937 abjectumque
2943 3865 3170 3934 cogitet,
3209 3873 3269 3917 ut
3299 3864 3555 3930 libenter,

1963 3954 2430 4030 quemadmodum
2494 3959 2780 4027 professus
2835 3968 2950 4022 est,
2997 3957 3165 4011 etiam
3216 3956 3451 4011 filiorum
3500 3965 3558 4012 et

1962 4051 2212 4118 quicum
2255 4063 2324 4101 eo
2380 4057 2510 4101 sunt
2557 4047 2807 4101 omnium
2858 4045 3092 4100 salutem
3143 4060 3269 4098 cum
3324 4060 3434 4098 uno
3499 4055 3557 4098 et

1962 4140 2366 4211 ignobilissimo
2399 4137 2666 4207 oppidulo
2713 4136 3158 4190 commutaverit.
3190 4134 3422 4201 Quando
3457 4135 3562 4204 igi-

1963 4243 2052 4287 tur
2107 4246 2195 4286 res
2239 4231 2310 4284 ita
2340 4245 2400 4284 se
2428 4230 2610 4289 habet,
2646 4237 2700 4282 et
2739 4228 2830 4282 ille
2859 4227 3072 4282 homini
3120 4230 3360 4296 ingenuo
3388 4233 3558 4295 atque

1964 4322 2281 4393 imperatori
2313 4322 2510 4376 decora
2544 4318 2854 4383 aliirmatit,
2888 4327 3153 4388 prmstare
3189 4317 3324 4371 mihi
3369 4317 3555 4370 visum

1958 4424 2064 4476 est,
2093 4425 2148 4468 et
2179 4415 2245 4468 ad
2296 4413 2438 4468 idem
2481 4427 2577 4465 vos
2605 4426 2798 4465 omnes
2839 4411 3124 4472 adhortor,
3170 4417 3232 4462 ut
3269 4424 3392 4476 qua:
3432 4409 3556 4462 vult

1959 4507 2010 4562 ei
2061 4505 2434 4562 concedamus
2485 4505 2746 4572 omnique
2779 4501 3032 4556 illiberali
3078 4511 3133 4555 et
3176 4499 3398 4554 sordida
3449 4513 3549 4553 cu-

267 4602 464 4669 λογίαν
511 4601 606 4653 καὶ
651 4599 1036 4669 ἀνελευθερίαν
1081 4601 1525 4672 ἀπορρίψαντας,
1566 4605 1720 4677 πάσῃ
1768 4605 1857 4658 δυ-

1964 4599 2196 4669 piditate
2261 4596 2456 4666 posita,
2511 4593 2680 4667 496
2733 4594 2799 4647 ad
2841 4592 3148 4646 Romanum
3176 4590 3553 4662 principatum

269 4696 438 4762 νάμει
473 4691 710 4762 βοηθεῖν,
758 4691 851 4743 καὶ
903 4690 1002 4760 τὴν
1047 4689 1336 4759 Ῥωμαίων
1376 4693 1525 4762 αύτῷ
1562 4695 1860 4765 ἠγεμονίαν

268 4786 678 4849 κατακτᾶσθαι,
723 4784 784 4836 ού
819 4783 1024 4862 μικρὰν
1061 4782 1334 4850 ὠφέλειαν
1377 4785 1717 4855 ἡγουμένους
1761 4788 1861 4851 τὴν

270 4879 430 4950 παρά
460 4878 679 4931 πάντων
703 4877 839 4946 ἡμῖν
879 4873 1133 4928 εὔκλειαν
1158 4877 1448 4946 ἐσομένην,
1482 4878 1579 4931 καὶ
1612 4878 1675 4931 τὸ
1705 4879 1860 4945 φίλον

269 4970 580 5048 κτήσασθαι
633 4969 731 5023 καὶ
780 4967 1076 5048 σύμμαχον
1118 4966 1383 5034 τοιοῦτον,
1428 4967 1490 5022 δν
1529 4970 1718 5022 πολλοὶ
1762 4971 1862 5040 μὲν

270 5063 635 5134 ἐπιθυμοῦσι,
664 5051 998 5131 τυγχάνουσι
1051 5059 1110 5112 δὲ
1161 5059 1284 5113 οὐδὲ
1344 5060 1550 5130 ὀλίγοιο
1583 5064 1676 5116 καὶ
1721 5062 1780 5115 δν
1811 5064 1892 5122 οἱ,

271 5156 514 5225 ἔχοντες,
557 5153 930 5222 ἀγνοήσαντες
976 5149 1154 5216 αὐτοὶ,
1206 5150 1301 5203 καὶ
1346 5150 1414 5203 τὰ
1466 5151 1717 5222 χείριστα
1765 5154 1862 5208 καὶ

271 5244 730 5306 ἀλυσιτελέστατα
782 5241 1232 5312 βουλευσάμενοι,
1267 5243 1486 5306 ἑαυτοῖς
1537 5245 1864 5299 ἀπεώσαντο

270 5337 515 5397 ἑκόντες.
548 5333 721 5386 Τοῦτο
763 5333 820 5386 δὴ
866 5331 1030 5400 μόνον
1077 5331 1212 5402 παρ’
1259 5329 1428 5386 αὑτοῦ
1469 5333 1642 5385 αἰτεῖν
1677 5334 1864 5407 ὅρκοις

275 5427 653 5500 βεϐαιοῦσθαι,
693 5424 833 5478 ὥστε
870 5425 1165 5496 σύμμαχόν
1195 5441 1255 5476 τε
1288 5423 1384 5477 καὶ
1413 5421 1567 5493 φίλον
1609 5425 1699 5478 διὰ
1743 5427 1861 5496 βῖου

269 5517 413 5586 ἡμῖν
443 5511 608 5576 εἷναι,
637 5516 732 5566 καὶ
771 5513 838 5578 ἃς
869 5513 1070 5584 ἔχομεν
1101 5516 1220 5568 νυνὶ
1250 5510 1436 5574 πόλεις
1480 5511 1636 5564 αὐτοί
1661 5529 1720 5566 τε
1763 5515 1862 5566 καὶ

273 5607 519 5678 πατέρες
580 5607 630 5659 oi
689 5607 975 5679 ἡμέτεροι,
1023 5605 1122 5673 τῆς
1179 5603 1472 5675 Ῥωμαίων
1531 5604 1860 5675 ἀφελόμενοι

269 5699 572 5772 ἡγεμονίας
608 5699 883 5770 μηδεμίαν
931 5700 1210 5762 ἀπαιτεῖν,
1238 5697 1371 5751 ὅταν
1415 5696 1510 5749 ἐπὶ
1551 5697 1651 5768 τῆς
1687 5698 1863 5768 ἀρχῆς

267 5795 522 5863 καταστῇ
545 5807 559 5821 ·
594 5792 732 5861 μηδὲ
778 5791 1019 5861 πόλεμον
1063 5793 1236 5844 κινεῖν
1275 5790 1405 5860 περὶ
1435 5790 1621 5844 αὐτῶν
1653 5792 1865 5860 ἐπιχει-

272 5886 476 5958 ροῦντα
512 5885 831 5956 ἀφελέσθαι.
859 5880 930 5956 ᾯ
961 5885 1055 5938 καὶ
1080 5885 1245 5939 αὐτὸν
1279 5885 1465 5957 οἴομαι
1501 5885 1861 5956 συνθήσεσθαι

1966 4690 2365 4761 acquirendum
2396 4689 2527 4744 totis
2562 4687 2777 4742 viribus
2811 4686 2862 4740 ei
2894 4683 3256 4739 Studeamus:
3303 4699 3415 4737 non
3439 4682 3557 4737 exi-

1966 4799 2135 4852 gnum
2167 4781 2408 4836 fructum
2433 4778 2710 4844 arbitrati,
2740 4793 2904 4847 quam
2933 4776 3080 4846 apud
3113 4790 3303 4829 omnes
3328 4775 3556 4846 gloriam

1967 4873 2360 4942 adipiscemur,
2412 4885 2540 4925 cum
2591 4868 2754 4922 talem
2785 4867 3022 4922 amicum
3047 4867 3209 4922 nobis
3233 4867 3560 4937 sociumque

1969 4964 2379 5036 paraverimus,
2421 4962 2644 5032 qualem
2689 4960 2850 5014 multi
2884 4967 3235 5028 exoptantes,
3278 4959 3439 5028 pauci
3474 4958 3562 5012 in-

1969 5055 2207 5109 veniunt
2245 5069 2260 5106 :
2293 5063 2347 5106 et
2382 5052 2601 5121 qualem
2639 5051 2734 5119 qui
2767 5048 3063 5114 habebant,
3093 5050 3406 5104 nescientes
3430 5064 3561 5118 qua-

1970 5147 2083 5202 lem
2122 5144 2416 5210 baberent,
2453 5143 2764 5206 rationibus
2806 5143 2923 5197 suis
2952 5142 3113 5212 longe
3153 5141 3392 5209 pessime
3423 5155 3561 5195 con—

1969 5238 2238 5300 sulentes,
2315 5235 2462 5289 uitro
2531 5233 2882 5304 repulerunt.
2943 5233 3060 5288 Hoc
3117 5234 3298 5290 solum
3363 5232 3434 5286 ab
3492 5247 3563 5287 eo

1969 5331 2270 5402 petendum
2321 5339 2382 5384 ut
2423 5343 2484 5384 se
2517 5329 2572 5383 in
2619 5329 2769 5383 omni
2815 5329 2928 5382 vita
2976 5329 3214 5383 amicum
3257 5337 3314 5383 et
3351 5327 3561 5382 socium

1969 5425 2130 5479 nobis
2179 5423 2300 5479 fore
2331 5464 2346 5488 ,
2406 5433 2462 5477 et
2505 5438 2643 5492 quas
2695 5437 2842 5477 nunc
2891 5421 3079 5484 urbes,
3125 5421 3242 5474 sive
3291 5435 3390 5490 per
3437 5435 3560 5484 nos,

1971 5518 2090 5571 sive
2121 5533 2220 5587 per
2249 5525 2434 5586 patres
2469 5525 2691 5570 nostros
2736 5529 2765 5568 a
2819 5513 3194 5568 Romanorum
3243 5512 3560 5582 principatu

1972 5607 2221 5662 divulsas
2289 5617 2562 5674 tenemus,
2633 5622 2823 5662 earum
2891 5606 3098 5660 nullam
3169 5603 3558 5674 repetiturum,

1970 5702 2188 5769 quando
2225 5701 2280 5755 in
2316 5700 2612 5770 imperium
2649 5699 2894 5763 venerit,
2926 5713 3031 5752 nec
3066 5697 3269 5752 bellum
3299 5711 3362 5750 ea
3389 5697 3563 5765 gratia

1975 5803 2282 5852 moturum.
2316 5800 2666 5847 sacramento
2703 5791 3016 5846 conﬁrmet.
3065 5790 3242 5856 Quam
3288 5787 3566 5841 conditio-

1972 5899 2123 5947 nem.
2171 5893 2230 5939 ut
2274 5884 2501 5956 justam,
2553 5897 2655 5937 nec
2699 5883 2854 5951 quasi
2907 5881 3114 5937 idcirco
3161 5876 3560 5949 rempublicam

3441 452 3548 514 958
3629 499 3634 508 .
