4014 6450
268 351 379 413 9ίῆ

1437 343 1978 415 utsromAR‘UM
2018 351 2245 413 LIBER
2295 323 2404 412 m.

3438 358 3546 422 958

265 461 527 531 ἀρκοῦσα
573 463 914 535 παραίτησις
967 465 1064 530 εῖη·
1109 462 1208 535 τῆς
1279 465 1627 526 άποστασίας
1681 480 1856 531 παρα-

1966 460 2191 514 modum
2231 461 2472 525 lzetatus,
2527 459 2716 516 statim
2751 459 2802 517 ci
2833 461 3062 533 juravit,
3096 471 3262 533 atque
3291 463 3348 518 in
3375 465 3545 522 ﬁdem

262 552 434 608 δόντι.
473 554 710 606 Συνιδὼν
746 556 804 608 δὲ
831 554 918 620 ὡς,
935 556 1126 620 ὅπλοις
1168 555 1267 626 μὲν
1293 556 1395 610 οὑκ
1427 556 1498 609 ἂν
1525 557 1613 624 εἴη
1641 554 1854 616 ἁλωτδς

261 645 357 698 διὰ
384 647 485 716 τὴν
516 645 658 712 ἄγαν
686 651 924 716 φυσικήν
963 665 1022 700 τε
1055 649 1150 702 καὶ
1175 650 1700 716 κατεσκευασμένην
1722 646 1851 716 ὀχυ-

271 737 500 806 ρότητα,
539 739 689 791 σίτου
712 739 770 792 δὲ
795 740 976 810 ἐνδείᾳ
1002 740 1224 808 μᾶλλον,
1261 740 1455 809 πρῶτα
1481 741 1580 809 μὲν
1609 736 1854 792 ἐκώλυσε

270 830 422 881 σῖτον
453 830 794 898 είσκομίζειν
815 850 826 860 ·
860 831 1052 885 ἔπειτα
1084 832 1143 886 δέ
1187 831 1440 885 ἐπέκειτο
1472 831 1568 885 καὶ
1598 826 1854 899 φανερῶς

270 919 548 989 πολεμῶν.
607 920 844 994 ’Λσάνης
897 925 954 977 δὲ
988 925 1084 978 καὶ
1119 925 1153 995 tl)
1213 924 1346 994 περὶ
1397 923 1564 978 αὑτὸν
1608 921 1853 992 ’φρουράν

266 1011 506 1080 ὁρῶντες
549 1012 626 1075 ὡς
652 1019 753 1066 οὐκ
795 1015 1185 1085 ἀντισχήσουσι
1233 1015 1370 1085 πρὸς
1403 1015 1504 1085 τὴν
1534 1013 1854 1083 πολιορκίαν

268 1100 360 1152 διὰ
391 1101 541 1154 σίτου
579 1103 816 1173 ἀπορίαν
837 1121 853 1136 ·
881 1105 1097 1174 βασιλεῖ
1119 1107 1229 1177 γὰρ
1249 1107 1337 1161 διὰ
1367 1105 1436 1161 τὰ
1464 1105 1855 1174 συμϐεϐηκότα

272 1191 495 1260 βοηθεῖν
543 1195 644 1246 οὐκ
683 1197 850 1264 ἐνῆν·
902 1197 1120 1264 συμϐὰν
1161 1198 1302 1251 δέτι
1356 1197 1452 1251 καὶ
1498 1197 1688 1264 ἕτερον
1725 1195 1857 1267 περὶ

269 1281 494 1341 αὐτοὺς,
537 1283 847 1352 παρέδοσαν
907 1285 1008 1352 τὴν
1058 1285 1213 1338 πόλιν
1269 1285 1452 1356 Χρέλη
1479 1303 1496 1317 ⁵
1527 1287 1556 1337 ὁ
1592 1285 1672 1345 δὲ,
1716 1283 1858 1353 πρὸς

274 1368 504 1437 Κράλην
543 1369 790 1438 πέμψας,
828 1371 1104 1439 διελέγετο
1164 1373 1293 1442 περὶ
1351 1374 1700 1442 συμϐάσεων,
1759 1373 1858 1426 καὶ

272 1462 620 1532 προσεχώρει
673 1463 948 1531 φανερῶς.
1003 1464 1230 1534 Κράλης
1282 1465 1384 1536 μὲν
1422 1462 1517 1519 οὖν
1565 1465 1853 1536 ὑπερήσθη

270 1555 386 1614 τοῖς
437 1555 850 1622 γεγενημένοις,
899 1555 994 1607 καὶ
1041 1557 1253 1624 -δρκους
1299 1557 1597 1628 παρείχετο
1653 1555 1856 1610 αὐτίκα

268 1645 454 1715 Χρέλῃ
496 1646 590 1696 καὶ
649 1645 991 1700 ὑπεποιεῖτο.
1045 1649 1285 1702 Βασιλέα
1333 1651 1391 1703 δὲ
1437 1649 1713 1714 ἐλύπησεν
1753 1649 1856 1702 οὐκ

267 1727 429 1798 ὀλίγα
456 1734 519 1786 τὸ
552 1735 790 1806 συμϐάν.
831 1736 926 1799 Είς
955 1736 1055 1806 τὴν
1085 1739 1382 1807 ὑστεραίαν
1409 1741 1520 1810 γὰρ
1561 1741 1684 1792 ἐπεὶ
1719 1735 1854 1810 ἦκον

1958 551 2122 622 500
2146 561 2199 607 et
2231 552 2546 607 clientelam
2578 567 2734 608 suam
2777 555 3011 624 recepit.
3049 555 3148 610 llic
3178 569 3338 611 casus
3366 556 3548 626 impe-
3615 609 3622 614 .

1957 653 2194 698 ratoretn
2227 657 2334 697 non
2380 658 2573 712 parum
2600 643 2796 698 doluit.
2830 645 2966 701 Nam
2996 645 3286 716 postridie,
3321 662 3446 702 cum
3476 663 3546 701 ea:

1957 722 2214 790 condicto
2253 735 2491 807 juraturi
2529 735 2835 802 venissent,
2885 735 3075 791 Crales
3118 737 3447 793 Melenicum
3487 748 3545 793 et

1955 825 2212 882 Chrclem
2252 827 2321 881 ad
2365 828 2750 898 juramentum
2803 829 3046 894 ascribi,
3075 839 3137 883 ut
3183 831 3286 885 sibi
3323 831 3552 886 debitos

1958 916 2372 983 contendebat,
2421 918 2568 986 quod
2620 929 2915 989 antequam
2966 921 3292 991 juraretnr,
3351 924 3418 976 ad
3483 937 3544 976 se

1955 1007 2348 1061 accessissent.
2385 1007 2694 1077 Imperator
2725 1014 2992 1075 renitens,
3032 1009 3248 1067 Cralem
3283 1012 3547 1081 iniquita-

1960 1099 2032 1154 tis
2061 1114 2126 1154 ac
2154 1101 2263 1154 Iasi
2297 1099 2522 1155 foederis
2562 1102 2850 1170 arguebat.
2891 1103 2970 1156 Ex
3000 1118 3114 1173 quo
3164 1103 3315 1158 enim
3361 1104 3546 1158 foedus

1960 1195 2294 1258 conceptum
2350 1189 2444 1254 sit,
2491 1197 2788 1258 utrumque
2841 1191 3018 1260 pactis
3054 1191 3345 1244 conventis
3395 1200 3545 1244 stare

1959 1291 2240 1357 oportere.
2273 1279 2428 1345 Quod
2465 1281 2510 1333 si
2544 1280 2853 1335 modestius
2881 1263 3142 1349 injuriam
3170 1281 3353 1336 facere
3380 1281 3548 1344 velit,

1958 1373 2209 1428 Chrelem
2243 1373 2349 1425 sibi
2373 1372 2590 1436 habeat,
2615 1374 2742 1442 quia
2766 1373 3162 1428 etcoutribulis
3182 1374 3273 1439 sit,
3291 1383 3345 1427 et
3380 1374 3545 1443 paulo

1961 1476 2088 1518 ante
2131 1464 2198 1516 ad
2246 1462 2529 1516 Romanos
2560 1464 2956 1533 transfugerit:
2992 1463 3323 1516 Melenicum
3371 1463 3544 1516 relin-

1960 1567 2116 1627 quat,
2160 1571 2285 1625 quae.
2334 1554 2462 1610 inde
2533 1571 2564 1611 a
2615 1558 2848 1610 vetustis
2908 1556 3252 1624 temporibus
3307 1557 3540 1610 Romani

1955 1647 2106 1717 juris
2133 1645 2320 1701 fuerit.
2367 1645 2556 1701 Crales
2597 1654 2815 1710 contra,
2852 1661 2958 1699 non
3001 1647 3131 1711 alio,
3164 1633 3278 1700 sed
3306 1647 3546 1715 ipsomet

1955 1737 2145 1808 judice
2183 1737 2238 1789 in
2273 1735 2378 1789 ista
2407 1718 2789 1794 lile‘usurum.
2819 1735 2954 1790 Nam
2979 1736 3292 1806 juramenta
3319 1736 3554 1790 foederis

267 1823 572 1892 δμόσοντες
601 1825 732 1887 τοὺς
759 1827 959 1895 ὅρκους
987 1826 1132 1879 κατά
1159 1828 1258 1891 τὰς
1305 1829 1601 1899 συνθήκας,
1632 1827 1856 1898 Κράλης

1961 1829 2079 1883 heri
2115 1830 2169 1882 in
2207 1827 2438 1882 tabellas
2477 1827 2652 1880 relata
2692 1841 2838 1892 esse,
2873 1829 2925 1879 in
2968 1827 3174 1895 quibus
3205 1837 3442 1896 pateret,
3481 1838 3543 1880 ut

270 1916 373 1985 μὲν
401 1917 555 1986 ἠξίου
585 1918 886 1972 Μελενίκον
915 1935 976 1970 τε
1004 1920 1100 1971 καὶ
1129 1921 1345 1990 Χρέλην
1372 1924 1488 1984 τοῖς
1520 1923 1706 1990 ὅρκοις
1733 1935 1856 1989 μετ-

1959 1937 2096 1987 quas
2133 1937 2161 1973 a
2190 1920 2441 1974 Romano
2479 1919 2798 1988 principatu
2847 1919 3178 1973 abstulisset
3207 1919 3396 1978 urbes.
3435 1919 3549 1972 sibi

267 2012 621 2080 εγγραφῆναι
649 2011 724 2074 ὡς
755 2014 1140 2081 προσήκοντας
1170 2013 1321 2082 αὐτῷ
1341 2027 1358 2043 ⁶
1397 2017 1528 2083 πρὶν
1580 2011 1700 2082 γὰρ·
1729 2012 1857 2074 τοὺς

267 2101 469 2171 ὅρκους
504 2103 760 2170 γενέσθαι
796 2105 1257 2175 προσεχώρησαν.
1290 2105 1556 2168 Βασιλεὺς
1605 2104 1663 2156 δὲ
1701 2103 1858 2156 ἀντέ-

269 2191 448 2260 λεγεν,
482 2195 692 2248 ἀδικεῖν
722 2196 950 2264 φάσκων
1008 2197 1236 2268 Κράλην
1277 2198 1374 2251 καί¹
1426 2195 1854 2266 παρασπονδεῖν.

186 2341 194 2347 _
285 2283 376 2348 Ἐξ
403 2285 527 2337 δτου
559 2287 950 2356 γάρέγένοντο
971 2291 1027 2342 αί
1059 2289 1385 2358 συμϐάσεις,
1417 2288 1528 2341 δεῖν
1554 2287 1856 2357 ἑκατέρους

281 2373 536 2444 στέργειν
579 2374 662 2440 οἷς
691 2379 1000 2433 συνέθεντο.
1044 2382 1106 2434 Εί
1135 2381 1182 2434 δ’
1217 2383 1326 2452 ἄρα
1371 2381 1468 2435 καὶ
1500 2381 1700 2451 μέτριά
1731 2397 1854 2433 τινα

272 2465 452 2520 ἐθέλοι
482 2468 713 2534 ἀδικεῖν,
743 2470 964 2542 Χρέλην
995 2472 1098 2543 μὲν
1128 2472 1274 2543 ἔχειν
1316 2473 1595 2543 δμόφυλόν
1618 2489 1677 2526 τε
1699 2472 1853 2537 ὄντα,

270 2558 372 2610 καὶ
400 2559 569 2628 ὀλίγῳ
601 2561 871 2632 πρότερον
911 2548 1365 2634 αὐτομολήσαντα
1397 2563 1718 2633 Ῥωμαίοις,
1741 2565 1857 2618 Με-

1962 2013 2216 2080 haberet,
2255 2012 2575 2081 nullamque
2609 2020 2864 2080 repetere
2890 2011 2973 2065 fas
2999 2023 3167 2078 esset,
3204 2027 3327 2081 quae
3351 2019 3540 2066 autem

1956 2106 2140 2160 adhuc
2193 2104 2250 2158 in
2307 2119 2375 2158 eo
2425 2115 2875 2168 numerarentur,
2923 2104 3276 2174 imperatoris
3325 2113 3538 2159 essent.

1945 2198 2139 2266 ‘Quare
2180 2196 2319 2250 nihil
2352 2195 2444 2250 hic
2475 2195 2746 2252 adversus
2783 2178 3096 2266 aequitatem
3130 2197 3370 2266 peccari,
3411 2209 3545 2250 cum

1958 2291 2149 2345 multis
2183 2289 2383 2343 diebus
2429 2296 2558 2341 ante
2593 2287 2786 2342 istbazc
2839 2298 2992 2356 pacta
3033 2286 3262 2342 Chreles
3303 2287 3370 2340 ad
3420 2288 3553 2356 ejus

1958 2391 2146 2453 partes
2172 2380 2472 2445 transierit,
2505 2377 2652 2448 quod
2679 2393 2747 2432 cx
2777 2379 2982 2432 litteris
3009 2378 3264 2447 ejusdem
3295 2390 3536 2432 constet.

1956 2473 2264 2542 imperator
2297 2485 2401 2526 nec
2431 2469 2770 2540 persuadere
2805 2471 2974 2536 potis,
3002 2469 3095 2523 ubi
3144 2478 3252 2524 tam
3287 2481 3540 2539 prompte

1957 2564 2127 2618 verba
2162 2562 2610 2627 funditabantur,
2638 2575 2741 2615 nec
2768 2575 2988 2630 cogere,
3021 2562 3189 2614 cessit
3221 2561 3444 2620 invitus.
3474 2561 3542 2615 Et

267 2651 482 2705 λενίκον
510 2652 568 2707 δὲ
597 2655 714 2726 ὲᾷν,
749 2655 806 2720 ἐξ
836 2656 975 2709 ἐτῶν
1006 2658 1107 2728 ήδη
1147 2658 1398 2711 παλαιῶν
1435 2658 1676 2728 ὑπήκοον
1724 2657 1854 2710 ὄντα

1955 2656 2198 2726 iuratum
2275 2654 2556 2721 utrimque
2623 2651 2790 2706 dictis
2857 2666 3024 2719 supra
3099 2650 3548 2728 conditionibus-

265 2745 383 2808 τοῖς
435 2743 730 2814 Ῥωμαίων
787 2748 1090 2816 βασιλεῦσι.
1141 2748 1365 2818 Κρά).ης
1414 2748 1471 2801 δὲ
1532 2749 1630 2818 οὐχ
1676 2749 1854 2818 ἑτέρῳ

1956 2747 2153 2801 Postea
2215 2743 2407 2799 Crales
2461 2751 2702 2812 quatuor
2751 2751 2807 2796 et
2851 2743 3048 2812 viginti
3094 2757 3323 2796 suorum
3372 2732 3555 2812 (lytra--

273 2837 534 2904 ἔφασκεν,
586 2838 700 2889 ἀλλ’
749 2839 898 2909 αὺτῷ
952 2839 1258 2910 χρήσεσθαι
1304 2840 1555 2909 διαιτητῇ
1601 2840 1730 2908 περὶ
1777 2831 1854 2891 ὧν

1955 2849 2162 2892 starum
2195 2835 2637 2906 opulentissimis
2663 2835 3035 2904 congregatis,
3069 2843 3126 2888 et
3155 2845 3394 2903 quatuor
3432 2833 3541 2887 sibi

273 2928 702 2997 ἀμφισϐητοῦσι.
738 2929 876 2993 To);
915 2931 1016 2998 μὲν
1043 2931 1153 3001 γὰρ
1180 2931 1381 2999 ὅρκους
1409 2929 1537 2992 τοὺς
1579 2929 1710 2998 περὶ
1740 2931 1853 2982 τῶν

1960 2931 2208 2993 retentis,
2256 2938 2488 2986 cancros
2531 2945 2658 2984 cum
2714 2945 2812 2984 sua
2869 2943 3328 2998 unumquemque
3381 2943 3553 2998 corna

271 3020 540 3084 σπονδῶν,
583 3023 650 3092 τῇ
694 3022 1002 3090 προτεραίᾳ
1045 3022 1400 3091 γεγράφθαιο
1453 3016 1531 3083 οἷς
1565 3021 1854 3089 ἐγγέγρα-

1955 3023 2184 3080 militari
2244 3023 2568 3094 imperatori
2629 3022 2912 3083 attribuit,
2968 3020 3214 3075 facturos
3276 3023 3540 3074 alacriter

269 3127 426 3174 πται,
461 3113 558 3176 τὸς
606 3113 708 3182 μὲν
746 3115 1111 3185 ἡρπασμένας
1145 3115 1297 3184 αὐτῷ
1324 3117 1387 3167 ἐκ
1415 3115 1516 3183 τῆς
1558 3113 1852 3183 Ῥωμαίων

1957 3113 2163 3176 omnia,
2196 3127 2319 3180 quae
2354 3113 2401 3165 is
2425 3110 2578 3165 velit.
2608 3107 2745 3163 Cum
2783 3108 3047 3163 Triballis
3081 3111 3250 3179 igitur
3275 3109 3550 3181 Didyme-

268 3205 567 3274 ἡγεμονίας
603 3205 790 3265 πόλεις
835 3196 1002 3276 ἔχειν,
1038 3208 1134 3260 καὶ
1180 3207 1458 3276 μηδεμίαν
1501 3205 1853 3260 ἀπαιτεῖσθαι

1961 3206 2170 3260 ticbum
2204 3205 2311 3258 iter
2336 3203 2665 3258 adernabat.
2697 3203 2768 3255 At
2799 3205 2894 3272 qui
2919 3202 3334 3262 ThessMonieae
3354 3213 3536 3264 erant.

265 3297 404 3364 παρ’
444 3296 650 3349 αὐτοῦ’
689 3298 790 3360 τὰς
838 3298 882 3350 δ’
932 3297 1015 3350 ἔτι
1055 3292 1327 3361 ’τελούσας
1384 3298 1489 3350 ὑπὸ
1532 3297 1854 3367 Ῥωμαίοις,

268 3388 500 3458 βασιλέα
522 3389 668 3459 ἔχειν
692 3405 708 3421 ·
738 3389 872 3442 ὥστ’
903 3391 1006 3444 οὐκ
1032 3390 1097 3443 ἂν
1123 3390 1341 3462 ἀδικοίη
1393 3390 1616 3454 πολλαῖς
1652 3394 1855 3462 πρότε-

268 3495 366 3550 ρον
399 3480 698 3550 ημέραιςῆ
749 3482 1011 3549 γενέσθαι
1068 3483 1168 3546 τὰς
1225 3483 1485 3547 τοιαύτας
1547 3486 1854 3555 συμϐάσεις

266 3565 455 3637 Χρέλη
489 3570 629 3637 μετὰ
650 3567 958 3621 Μελενίκου
991 3571 1516 3640 προσχωρήσαντος,
1549 3570 1623 3633 ὼς
1651 3572 1717 3623 ἐκ
1745 3570 1853 3622 τῶν

265 3660 481 3714 ἐκείνου
527 3663 876 3732 γραμμάτων
926 3661 1139 3730 ἐγίνετο
1188 3663 1524 3731 καταφανές.
1583 3662 1852 3724 Βασιλεὺς
1906 3717 1910 3720 η

262 3751 322 3805 δέ
355 3753 495 3822 πρός
538 3771 599 3806 τε
629 3756 695 3808 tu
721 3756 934 3811 πείθειν
965 3756 1101 3825 ὁμοῦ
1143 3757 1231 3810 διὰ
1274 3759 1374 3821 τὰς
1400 3758 1660 3820 τοιαύτας
1694 3760 1853 3830 εὑρε-

267 3844 539 3912 σιλογίας,
584 3847 683 3899 καὶ
739 3849 878 3918 πρὸς
924 3849 986 3902 τὸ
1030 3848 1321 3919 βιάζεσθαι
1370 3849 1512 3920 ἔχων
1544 3851 1849 3917 ἀδυνάτως,

266 3934 634 4006 παρεχώρησε
684 3941 778 3989 καὶ
826 3939 998 4004 ἄκων,
1041 3941 1136 3991 καὶ
1156 3943 1421 4007 ,ἐγένοντο
1467 3940 1516 3992 οἱ
1557 3940 1713 4008 ὅρκοι
1757 3941 1852 3994 ἐπὶ

261 4027 498 4088 τούτοις.
529 4028 686 4081 Μετά
712 4029 770 4081 δὲ
798 4031 924 4092 τοὺς
955 4030 1154 4098 ὅρκους
1195 4033 1223 4084 ὁ
1260 4029 1510 4101 Κράλης,
1545 4030 1657 4083 τῶν
1680 4032 1738 4084 ἐν
1768 4031 1854 4084 τέο

264 4118 348 4171 λει
373 4119 499 4182 τοὺς
536 4121 950 4187 δυνατωτάτους
993 4123 1162 4176 αὑτοῦ
1195 4124 1525 4192 συναγαγὼν
1567 4127 1850 4195 τέσσαρας

261 4218 422 4281 ὄντας
467 4221 604 4290 πρὸς
643 4223 755 4285 τοῖς
784 4222 984 4288 εἰκοσι,
1031 4223 1310 4293 τέσσαρας
1363 4223 1464 4291 μὲν
1505 4222 1672 4284 αὑτὸς
1712 4237 1851 4274 κατ-

260 4312 400 4380 εῖχε,
443 4313 571 4378 τοὺς
627 4314 686 4368 δὲ
737 4315 913 4369 είκοσι
969 4315 1262 4384 παρεδίδου
1299 4315 1512 4385 βασιλεῖ
1561 4313 1681 4382 ἅμα
1728 4314 1886 4382 ταῖς,

262 4401 357 4454 ὑπ’
389 4406 634 4469 ἐκείνους
676 4410 985 4477 στρατιαῖς,
1019 4409 1096 4470 ὡς
1126 4408 1309 4461 πάντα
1345 4406 1666 4477 προθύμως,
1701 4405 1848 4475 άπερ

1959 3296 2128 3368 Syrge
2183 3299 2416 3350 ductore
2465 3294 2796 3348 Rhentinam
2853 3303 3270 3364 processerunt.
3311 3293 3550 3350 Castelli.

1957 3389 2230 3460 indigi-na:
2283 3397 2343 3442 ut
2393 3387 2839 3442 Cantacuzcuum
2885 3401 3133 3441 aerumna
3189 3397 3419 3457 cogente
3467 3387 3538 3440 ad

1957 3479 2228 3534 Triballos
2293 3478 2498 3532 abiisse
2550 3485 2904 3546 acceperunt,
2953 3488 3008 3530 et
3067 3475 3267 3548 Syrges
3313 3493 3544 3531 manum,

1937 3573 2225 3638 adduxit,
2276 3571 2547 3625 ducentos
2597 3569 2667 3623 ad
2717 3568 3022 3622 custodiam
3088 3572 3156 3644 ab
3200 3571 3555 3640 imperatores

1959 3665 2185 3719 relictos
2238 3661 2545 3725 invadunt,
2608 3662 2895 3731 victosque
2949 3662 3098 3732 ipsos
3143 3670 3199 3716 ct
3251 3663 3546 3718 castellum

1955 3756 2116 3827 Syrgi
2154 3753 2514 3808 eontradunt.
2552 3751 2656 3818 Qui
2690 3753 2851 3807 solita
2895 3743 3442 3826 crudelitate'cquis,
3483 3766 3540 3810 et

1954 3851 2144 3910 armis,
2189 3857 2245 3901 et
2291 3848 2418 3901 aliis
2464 3863 2585 3916 qua:
2633 3843 2913 3901 habebant
2963 3848 3205 3916 primum
3249 3851 3541 3926 spoliatos,-

1955 3952 2080 4014 post
2140 3943 2197 3996 in
2273 3953 2578 4010 conspectu
2651 3939 2902 3994 omnium
2971 3940 3242 4010 singulis,
3315 3943 3538 3998 nemine

1952 4044 2209 4103 excepto,
2251 4033 2521 4087 ducentas
2547 4031 2734 4100 plagas
2766 4031 2989 4097 incutit,
3022 4043 3078 4086 et
3113 4033 3168 4087 in
3218 4037 3540 4092 carceribus
3579 4039 3584 4044 ’

1953 4143 2050 4182 eos
2082 4125 2336 4182 includit.
2367 4125 2716 4178 Potentiores
2739 4132 2924 4178 autem
2963 4126 3066 4178 civ.
3089 4140 3136 4188 s,
3174 4135 3233 4178 ut
3264 4117 3538 4182 Cantacu-

1954 4221 2159 4274 zcnica:
2226 4215 2520 4280 factionis,
2581 4216 2846 4270 omnibus
2891 4217 3128 4271 fortunis
3177 4219 3367 4284 exuit,
3430 4235 3536 4274 nec

1954 4310 2313 4364 mediocriter
2367 4308 2550 4377 punit,
2613 4315 2672 4361 et
2727 4308 2993 4377 quosdam
3041 4309 3239 4364 exsilio
3289 4309 3539 4380 danaum,

1953 4410 2120 4472 atque
2161 4401 2235 4456 ita
2268 4400 2477 4454 Pheras
2505 4398 2674 4453 venit.

261 4494 332 4547 ἂν
381 4497 579 4570 κελεύῃ
625 4500 882 4568 βασιλεὺς
916 4504 1272 4572 ποιήσοντας.
1313 4500 1560 4564 Ἐκεῖνος
1611 4501 1710 4571 μὲν
1749 4497 1845 4551 οὖν
1885 4496 2004 4568 ἅμα
2072 4495 2370 4566 Τριϐαλοῖς
2408 4499 2889 4568 παρεσκευάζοντο
2931 4499 3010 4565 ὡς
3078 4501 3407 4571 ἀφιξόμενον
3455 4505 3538 4568 εἰς

259 4587 675 4664 Διδυμὸτειχον.
750 4595 816 4648 ’Β
888 4597 946 4651 δὲ
990 4600 1050 4650 ὲν
1099 4597 1473 4668 Θεσσαλονίκη
1517 4595 1753 4666 στρατιὰ
1796 4594 1922 4648 ἐπεὶ
1959 4592 2181 4662 ἀπῆραν
2213 4594 2523 4664 ἡγουμένου
2549 4595 2760 4666 Συργῆ,
2787 4597 2925 4667 πρὸς
2971 4599 3248 4660 Ῥεντίναν
3277 4602 3537 4671 ἐστρατο-

257 4681 617 4740 πεδεύσαντο.
664 4683 723 4738 '0
753 4687 810 4740 δὲ
851 4690 908 4741 ἐν
958 4691 1035 4760 τῷ
1093 4690 1340 4762 φρουρίῳ
1403 4690 1604 4760 δῆμος,
1663 4687 1788 4741 ἐπεὶ
1853 4685 2093 4738 ἐπύθετο
2127 4685 2584 4757 Καντακουζηνδν
2612 4687 2704 4743 τὸν
2735 4689 2966 4759 βασιλέα
2997 4691 3132 4763 πρὸς
3164 4692 3263 4762 τὴν
3293 4692 3400 4766 γῆν
3428 4696 3542 4749 τῶν

259 4775 556 4846 Τριϐαλῶν
594 4781 904 4849 ἀφιγμένον
931 4784 1075 4837 κατὰ
1103 4784 1424 4858 συμφορὰν.
1460 4782 1644 4852 παρῆν
1670 4782 1724 4836 δὲ
1757 4781 1855 4834 καὶ
1889 4782 2108 4853 Συργὴς
2150 4781 2290 4852 μετά
2356 4785 2455 4852 τῆς
2518 4784 2806 4853 στρατιᾶς,
2835 4787 3172 4843 ἐπιτίθενται
3205 4794 3321 4856 τοῖς
3348 4795 3537 4847 διακοο

259 4867 401 4929 aiat;
427 4868 521 4932 οὒς
558 4871 858 4926 κατέλιπεν
901 4875 930 4926 ὁ
979 4874 1233 4943 βασιλεὺς
1273 4875 1549 4946 ,φρουρεῖν
1616 4872 1733 4943 ἅμα
1799 4875 2072 4944 ἡγεμόνι,
2127 4877 2224 4928 καὶ
2271 4876 2672 4944 κρατήσαντες,
2745 4877 2949 4944 αὐτούς
2996 4897 3058 4933 τε
3107 4884 3417 4953 παρέδοσαν
3441 4889 3540 4941 καὶ

255 4962 322 5009 τὸ
354 4961 614 5033 φρούριον
655 4963 863 5035 Συργῇ.
909 4966 970 5018 'O
1001 4966 1081 5031 δὲ,
1112 4969 1179 5038 τῇ
1234 4968 1458 5036 συνήθει
1505 4967 1854 5038 χρησάμενος
1894 4965 2169 5036 ὠμότητι,
2231 4967 2435 5030 ἱππους
2479 4982 2538 5018 τε
2568 4969 2666 5021 καὶ
2699 4967 2843 5028 ὅπλα
2877 4971 3238 5042 ἀφελόμενος,
3287 4980 3384 5030 καὶ
3422 4977 3540 5030 τῶν

258 5052 441 5108 ἄλλων
474 5048 549 5108 ὧν
585 5051 732 5126 εἶχον
774 5057 1213 5128 ἀπογυμνώσας,
1283 5058 1484 5113 ἔπειτα
1548 5059 1768 5131 πληγάς
1833 5059 2054 5130 ἑκάστῳ
2097 5061 2380 5124 διακοσίας
2439 5061 2684 5114 ἐπετίθει
2737 5063 2960 5118 πάντων
3009 5064 3289 5136 δρώντων,
3327 5069 3542 5142 μηδένα

259 5144 622 5216 παραλιπὼν,
674 5149 738 5202 τὸ
767 5151 864 5203 ἀπ’
931 5150 1146 5204 ἐκείνου
1195 5150 1253 5204 δὲ
1324 5150 1693 5215 κατακλείσας
1763 5152 1822 5206 ἐν
1861 5151 2285 5222 δεσμωτηρίοις,
2331 5153 2428 5206 καὶ⁵
2459 5153 2569 5205 τῶν
2603 5152 2843 5207 πολιτῶν
2873 5155 3004 5220 τοὺς
3031 5156 3314 5224 δυνατοὺς,
3353 5161 3431 5224 ὥς
3462 5163 3538 5216 τὰ

257 5240 725 5317 Καντακουζηνοῦ
776 5242 871 5298 τοῦ
919 5243 1186 5316 βασιλέως
1238 5245 1574 5317 ᾑρημένους,
1620 5245 1842 5300 πάντων
1913 5245 2301 5317 ἀποστερήσας
2357 5245 2470 5302 τῶν
2526 5244 2724 5312 ὄντων,
2771 5248 2868 5303 καὶ
2914 5252 3536 5325 τιμωρησάμενοςμι-

256 5335 451 5406 τρίως,
483 5338 642 5395 ἐνίων
671 5340 730 5396 δὲ
756 5343 852 5396 καὶ
879 5341 1410 5414 καταψηφισάμενος
1439 5341 1644 5414 φυγὴν,
1675 5335 1841 5411 ἦλθεν
1871 5341 1953 5405 εις
1987 5341 2189 5413 Φεράς.
