4014 6432
461 333 564 401 9η

1656 326 1984 393 σοΑΝΝιε
2023 322 2544 393 CANTACUZEN]

3543 315 3553 324 ’
3610 316 3728 388 972

461 460 517 506 et
566 447 791 519 regebat
840 446 1050 501 omnia.
1083 445 1259 500 Porro
1305 443 1463 497 [rene
1504 440 1884 496 Cautaeuzena
1938 442 2042 496 im-

2148 444 2178 497 ό
2205 443 2287 509 δὲ,
2324 443 2444 497 ἐπεὶ
2473 441 2545 496 τὰ
2578 440 2885 511 γράμματα
2914 442 3149 510 ἀνέγιω,
3174 438 3344 494 πολλά
3374 438 3484 502 τοῖς
3513 452 3726 507 γεγρα-

460 540 729 610 peratrix,
775 553 903 593 eum
954 535 1207 592 Manuale
1241 537 1424 590 Asane
1470 532 1665 594 fratre,
1698 542 1760 587 ut
1791 533 1860 588 ab
1896 532 2043 601 Apo-

463 633 675 688 caucho
708 631 890 685 nuntii
918 637 1211 691 venerunt,
1240 627 1373 698 quid
1406 624 1726 695 imperatori
1752 623 1897 694 apud
1927 624 2042 695 Gy-

462 732 862 780 nzecocastrum
898 722 1076 786 fleret,
1113 733 1433 790 quanquam
1487 732 1596 771 non
1644 717 1867 787 penitus
1913 730 2042 769 vera

461 833 586 873 esse
637 816 1077 885 suspicarentur,
1115 821 1300 867 tamen
1329 812 1691 866 vehementer
1738 812 2041 863 conturba-

468 913 706 972 bantur,
765 907 1319 975 sollicitudinumque
1390 904 1677 958 ﬂuetibus-
1710 904 2041 956 :estualvant.

465 999 784 1052 Metuebant
817 1011 1073 1066 namque,
1114 1010 1185 1049 ne
1218 995 1449 1065 quidam
1495 993 1562 1048 de
1611 993 1762 1047 illius
1795 993 2043 1045 exercitu

460 1092 598 1143 clam
658 1090 943 1159 negotium
1000 1089 1174 1143 Anna
1248 1094 1515 1156 agentes,
1568 1082 2043 1153 opportunitatem

435 1184 603 1237 'hanc
649 1193 706 1237 et
750 1183 1038 1236 adversam
1084 1189 1289 1235 sortem
1355 1176 1713 1247 imperatoris
1757 1175 1912 1244 quasi
1963 1177 2045 1227 in-

454 1283 741 1342 speratum
800 1274 1020 1328 lucrum
1070 1271 1439 1341 arripientes,
1502 1267 1833 1321 seditionem
1898 1267 2045 1320 inter

454 1366 724 1434 populum
791 1379 856 1419 ae
902 1364 1134 1427 militem
1175 1359 1540 1421 concitarent,
1577 1358 1920 1426 dareturque
1956 1372 2044 1412 res

466 1458 610 1527 pesti
638 1458 695 1511 e‘t
740 1456 932 1511 exitio.
968 1454 1253 1525 Praecipue
1284 1466 1418 1506 vero
1448 1450 1826 1520 suspicionem
1855 1448 2042 1503 Comi-

459 1550 684 1618 topulus
745 1556 802 1602 et
854 1547 1106 1602 Batatzes
1151 1546 1479 1608 movebant,
1548 1543 1644 1613 qui
1694 1542 2046 1613 imperatoris

454 1641 749 1711 Palaeologi
785 1641 1101 1702 domestici,
1132 1648 1266 1694 tunc
1308 1655 1338 1692 a
1385 1637 1773 1694 Cantacuzeno
1808 1637 1861 1690 in
1896 1635 2044 1689 occi-
2076 1684 2085 1695 κ

456 1743 677 1788 dentem
710 1734 969 1791 ducente,
1021 1731 1389 1802 Didymotichi
1435 1729 1776 1785 suburbanis
1822 1729 2041 1782 fuerant

458 1826 762 1895 praepositi,
797 1824 1187 1893 habebantque
1239 1823 1343 1876 sub
1388 1837 1448 1877 se
1482 1832 1717 1890 uterque
1761 1820 1909 1874 mille
1941 1833 2038 1888 pe—

455 1918 599 1973 dites
632 1918 963 1989 sagittarios,
987 1925 1044 1991 et
1067 1915 1326 1970 valebant
1381 1914 1559 1984 gratia
1587 1911 1731 1982 apud
1771 1911 2036 1982 populum

454 2026 518 2065 ac
550 2010 753 2064 milites
781 2009 1107 2079 plurimum.

2145 532 2303 601 φόσιν
2355 532 2687 603 ἀπειλήσας.
2722 531 3067 588 ἀπέπλευσεν
3121 531 3203 593 είς
3262 530 3581 596 Βυζάντιον,
3629 530 3727 581 καὶ

2146 624 2393 688 ἐδέξαντο
2427 625 2590 678 αὑτὸν
2623 627 2651 677 ὅ
2696 642 2757 678 τε
2810 624 3158 695 πατριάρχης
3191 624 3288 677 καὶ
3331 624 3363 692 ὴ
3426 621 3726 691 συνομοσία

2149 718 2289 787 μετά
2319 716 2532 769 πολλῶν
2561 716 2674 770 τῶν
2728 717 2939 786 κρότων
2971 718 3067 769 καὶ⁸
3116 717 3378 779 ἐπαίνων,
3413 713 3489 776 ὡς
3541 712 3725 776 καλῶς

2145 809 2602 879 ἐστρατηγηκότα
2629 809 2725 863 καὶ
2751 809 3074 877 νενικηκότα
3102 805 3558 873 Καντακουξηνόν
3577 791 3723 857 σ’καὶ

2146 903 2312 966 αὐτὸς
2343 903 2445 973 ἤδη
2477 904 2830 973 φρονήματος
2864 901 2941 955 ὣν
2986 903 3285 961 ἀνάπλεως
3306 900 3396 953 διὰ
3424 900 3525 970 τὴν
3558 915 3728 968 στρα-

2145 997 2366 1063 τηγίαν,
2404 994 2775 1047 ἀνυπεύθυνον
2799 992 2978 1062 ἑαυτῷ
3008 993 3309 1062 παρείχετο
3331 991 3440 1043 τῶν
3465 990 3729 1059 πραγμάο

2145 1103 2256 1138 των
2287 1087 2388 1154 τὴν
2422 1086 2601 1156 ἀρχήν
2625 1102 2640 1117 ο
2674 1087 2768 1138 καὶ
2817 1086 2990 1139 πάντα
3037 1086 3277 1155 ἔπραττε
3335 1084 3428 1137 καὶ
3472 1082 3659 1151 διῴκει

2148 1178 2296 1249 αὑτῷ
2324 1177 2524 1244 ἐδόκει,
2558 1179 2659 1247 τὴν
2699 1179 2995 1249 ὑπόκρισιν
3024 1183 3116 1232 καὶ
3158 1179 3219 1231 τὸ
3242 1178 3595 1247 βουλεύεσθαι
3622 1175 3726 1246 ἤδη

2147 1270 2223 1333 ὡς
2254 1269 2515 1339 ἀνόνητον
2542 1270 2882 1342 ἀπορρίψας.
2915 1272 3124 1341 Εἰρήνη
3164 1271 3223 1323 δὲ
3265 1269 3476 1340 βασιλὶς
3511 1270 3545 1338 ή
3574 1270 3728 1321 Καν-

2147 1360 2458 1432 τακουζηνὴ
2498 1362 2614 1431 ἃμα
2659 1363 2919 1434 Μανουὴλ
2961 1364 3163 1433 Ἀσὰνῃ
3204 1343 3281 1430 τῷ
3326 1360 3563 1429 ἀδελφῷ,
3600 1359 3729 1412 ἐπεὶ

2147 1455 2197 1506 οἱ
2240 1455 2391 1524 παρὰ
2439 1453 2781 1524 ’Λποκαύχου
2831 1456 2926 1508 τοῦ
2977 1457 3217 1526 μεγάλου
3272 1455 3501 1525 ἥκοντες
3532 1452 3728 1514 δουκδς

2146 1544 2497 1611 ἀπήγγελλον
2532 1546 2602 1598 τὰ
2656 1546 2788 1617 περὶ
2816 1544 3087 1615 βασιλέως
3132 1540 3223 1599 οἷα
3253 1544 3495 1615 συμϐαίη
3527 1546 3584 1596 έν
3623 1543 3730 1595 Γυ-

2148 1636 2553 1707 ναικοκάστρῳ,
2608 1634 2937 1691 ὑπώπτευον
2970 1638 3074 1707 μὲν
3121 1639 3215 1691 καὶ
3269 1640 3345 1708 μὴ
3376 1636 3726 1689 παντάπασιν

2147 1724 2291 1781 εἶναι
2322 1729 2536 1799 ἀληθῆ’
2574 1731 2714 1799 πλὴν
2759 1730 3118 1800 ἐθορυϐοῦντο
3163 1730 3410 1800 σφοδρῶς
3468 1734 3561 1783 καὶ
3590 1731 3724 1783 ἑκυ-

2145 1817 2427 1886 μαίνοντο.
2472 1817 2848 1871 Ἐδεδοίκεσαν
2900 1820 3009 1891 γὰρ
3064 1820 3139 1888 μὴ
3194 1820 3305 1871 τῶν
3357 1819 3540 1882 αὑτοῖς
3577 1834 3726 1880 τινες

2148 1908 2420 1960 συνόντων
2459 1909 2644 1977 κρύφα
2703 1908 2771 1962 τὰ
2811 1909 3086 1980 βασιλίδος
3121 1912 3323 1981 Ἀννης
3368 1911 3721 1980 πράττοντες,

2145 1998 2335 2066 ὥσπερ
2376 2000 2610 2069 έρμαίου
2648 1999 2945 2071 λαϐόμενοι
2976 2002 3070 2054 τοῦ
3101 2002 3301 2070 καιροῦ
3342 2003 3562 2072 καὶτῆς
3594 2002 3722 2055 δυσ-

453 2107 698 2176 πραγίας
758 2105 1048 2175 βασιλέως,
1100 2103 1417 2166 στασιάζειν
1460 2102 1691 2153 πείσωσι
1739 2099 1830 2151 τὸν
1870 2095 2043 2165 δῆμον
2084 2095 2180 2148 καὶ
2237 2090 2361 2165 τὴν,
2414 2094 2699 2165 στρατιὰν,
2743 2096 2840 2149 καὶ
2874 2097 3145 2168 ἀπόληται
3176 2099 3358 2162 αὑτοῖς
3401 2101 3723 2153 παντάπασι

454 2201 522 2257 τὰ
568 2203 877 2273 πράγματα
928 2200 1320 2270 διαφθαρέντα.
1353 2197 1606 2252 Μάλιστα
1645 2197 1702 2249 δὲ
1777 2195 1836 2247 ὲν
1907 2190 2114 2261 ὑποψίᾳ
2156 2179 2302 2261 εἶχον
2330 2191 2423 2243 τόν
2477 2207 2538 2243 τε
2594 2192 3007 2261 Κομιτόπουλον
3061 2195 3157 2248 καὶ
3192 2191 3580 2265 Βατάτξην,νο⁴ί
3611 2196 3720 2249 τῶν

447 2296 831 2365 Παλαιολόγου
870 2295 970 2367 μὲν
1013 2290 1154 2367 ἦσαν
1210 2293 1479 2364 βασιλέως
1528 2287 1781 2351 οἰκετῶν,
1824 2286 1946 2339 τότε
1978 2285 2037 2337 δὲ
2080 2285 2187 2337 ὑπὸ
2258 2283 2720 2354 Καντακουζηνοῦ
2782 2285 3052 2355 βασιλέως
3092 2289 3171 2350 είς
3205 2289 3446 2360 ἑσπέραν
3489 2292 3721 2361 ἐκστρα-

453 2388 736 2453 τεὺοντος,
761 2386 855 2440 ἐπὶ
895 2386 996 2455 τῆς
1028 2385 1132 2451 ἔξω
1171 2381 1560 2453 Διδυμοτείχου
1596 2378 1874 2440 συνοικίας
1928 2373 2073 2446 ἦσαν
2108 2375 2462 2444 τεταγμένοι,
2486 2376 2677 2446 χιλίων
2721 2375 2954 2443 ἕκαστος
2970 2377 3481 2452 ἄρχοντεςτοξοτῶν
3501 2383 3716 2448 πεζῶν·

450 2475 594 2550 ἦσαν
622 2478 680 2532 δὲ
712 2478 810 2532 καὶ
838 2475 975 2547 πρὸς
1008 2474 1101 2529 τὸν
1128 2474 1298 2546 δῆμον
1328 2472 1423 2526 καὶ
1448 2473 1548 2542 τὴν
1573 2469 1741 2539 ἄλλην
1779 2467 2042 2537 στρατιὰν
2075 2466 2364 2535 δυνάμενοι
2396 2466 2456 2520 οὑ
2494 2468 2688 2540 μικρά.
2794 2478 2803 2483 ’

1750 2586 1914 2658 504
1950 2584 2176 2641 CAPUT
2215 2584 2430 2641 XLVII.

455 2692 754 2760 Tentamur
780 2690 977 2742 ducum
1006 2697 1054 2740 et
1084 2686 1316 2741 militum
1351 2686 1520 2760 animi
1566 2684 1629 2738 de
1659 2683 1773 2760 ﬁde
1794 2699 1919 2751 erga
1953 2680 2415 2760 Contacuzenum.
2459 2678 2822 2760 C‘omitopulus
2871 2682 2979 2760 dua:
3010 2701 3063 2737 se
3095 2684 3159 2760 ait
3190 2701 3249 2760 eo
3295 2694 3559 2760 staturum
3592 2704 3718 2760 pro.

523 2763 707 2830 fitetur,
737 2767 786 2812 et
834 2759 902 2813 ad
954 2760 1092 2830 idem
1127 2768 1338 2830 cwteros
1376 2749 1898 2830 hortatur,vvultqu:e
1944 2753 2117 2821 ipsum
2150 2751 2213 2830 fl'e
2247 2749 2738 2830 eo_rtttn_/iflelitote
2782 2755 3249 2830 certiorem_ﬁeri.
3302 2754 3552 2811 Batatzes
3592 2749 3717 2827 ’σίας

527 2818 828 2884 orationem
869 2827 1151 2899 approbat,
1184 2828 1553 2899 juramentum
1616 2818 2087 2899 ttrgelfjura’tur.
2142 2818 2377 2899 Nuntius
2409 2819 2473 2871 ab
2511 2822 2826 2899 imperatore
2870 2840 2987 2899 cum
3036 2818 3149 2894 ejus
3179 2827 3329 2895 signo
3361 2829 3415 2880 in
3448 2818 3717 2892 διηκριιί

528 2911 708 2955 tamen
743 2901 806 2953 de
834 2890 1124 2953 suo'etiam
1147 2890 1295 2952 addit
1327 2905 1377 2950 et
1407 2912 1518 2949 rem
1549 2890 1777 2965 gestam,
1811 2892 2090 2960 quominus
2120 2890 2395 2943 audtentes
2422 2895 2717 2956 contristet,
2748 2890 3299 2964 imperfecte'narrot.

532 3018 632 3074 His
667 3017 734 3072 de
761 3015 948 3071 causis
982 3014 1269 3078 timebant,
1298 3022 1352 3067 et
1390 3012 1666 3083 quomodo
1692 3027 1786 3066 eos
1822 3010 1875 3064 in
1913 3009 2030 3063 oﬂi-
2084 3006 2094 3018 “

2213 3007 2312 3060 Διὰ
2352 3008 2556 3071 ταύτας
2604 3009 2737 3076 γοῦν
2785 3011 2885 3073 τὰς
2921 3012 3106 3074 αἰτίας
3150 3012 3488 3069 ἐδεδοίκεσάν
3534 3032 3590 3069 τε
3620 3018 3717 3070 καὶ

457 3111 543 3166 cio
582 3125 648 3165 ac
678 3107 957 3178 subjectos
1001 3114 1253 3162 tenerent
1283 3104 1841 3173 circumspiciebant:
1872 3101 2033 3157 simul

2143 3095 2535 3173 ἐσκέπτοντοῇ
2584 3103 2691 3171 χρὴ
2727 3103 2927 3163 αὐτοὺς
2981 3104 3468 3176 ὑποποιήσασθαι·
3509 3108 3622 3176 ἅμα
3654 3109 3714 3162 δὲ
3756 3097 3779 3113 ’

455 3212 514 3281 et
569 3202 639 3257 de
686 3200 809 3256 aliis
859 3199 1165 3270 periculum
1219 3198 1404 3253 facere
1443 3197 1796 3268 cogitabant,
1837 3193 2035 3264 ecquid

455 3306 688 3368 propter
720 3294 908 3349 audita
935 3293 1223 3363 pristinam
1260 3292 1598 3345 voluntatem
1632 3290 2034 3342 immutassent.

380 3417 387 3424 -
456 3388 671 3444 Placuit
725 3386 914 3457 igitur,
963 3383 1255 3453 postridie,
1289 3381 1384 3436 ubi
1427 3395 1618 3436 omnes
1674 3379 1727 3432 in
1776 3377 2038 3446 palatium

456 3479 873 3541 convenissent,
899 3476 1137 3530 Asanem
1173 3472 1434 3526 audiente
1474 3468 1824 3540 itnperatrice
1869 3467 2040 3520 duces

456 3588 521 3628 ac
569 3571 773 3626 milites
811 3567 1062 3638 pluribus
1114 3564 1355 3633 alloqui,
1397 3571 1453 3617 et
1490 3562 1755 3633 cujusque
1795 3558 2038 3613 animum

457 3672 794 3734 pertentare.
822 3658 904 3712 Ad
932 3657 1079 3712 hunc
1110 3656 1299 3723 itaque
1330 3654 1554 3709 modum
1586 3652 1801 3707 Manuel
1831 3651 2041 3706 Asanes

459 3770 622 3810 orsus
638 3762 722 3807 est
747 3768 761 3802 :
785 3749 1293 3818 QuaaApoeauchus
1318 3747 1456 3801 sacri
1482 3743 1720 3801 cubiculi
1749 3744 2040 3815 praefectus

459 3843 525 3898 ad
542 3857 640 3897 nos
659 3838 972 3909 scripserit,
998 3836 1425 3902 commilitones,
1455 3850 1647 3890 omnes
1666 3833 2038 3890 intellexistis.

457 3935 557 3989 Ita”
581 3940 908 3999 praisetttem
955 3937 1157 3984 statum
1192 3928 1379 3993 multis
1422 3927 1822 3982 mutationibus
1855 3927 2041 3980 obno-

458 4022 610 4077 xium
659 4036 800 4085 esse,
838 4020 1055 4089 levique
1104 4028 1380 4073 momento
1416 4018 1498 4073 vel
1543 4016 2038 4087 prudentissimum

460 4126 516 4170 et
560 4113 972 4183 sagacissimum
1006 4110 1225 4180 decipi,
1278 4118 1333 4165 et
1383 4109 1748 4181 improvidum
1792 4116 1958 4177 atque
2008 4121 2039 4161 a

460 4222 590 4262 casu
620 4218 670 4259 et
697 4205 914 4259 fortuna
932 4203 1284 4274 pendentem,
1310 4200 1470 4255 etiam
1506 4210 1705 4271 praeter
1725 4200 2039 4270 opinionem

459 4300 682 4354 beatum
718 4296 857 4362 fieri,
889 4310 989 4351 usu
1023 4304 1079 4350 et
1111 4295 1453 4364 experientia
1482 4294 1652 4347 multa
1682 4291 1928 4347 universi
1958 4291 2041 4345 di-

459 4385 698 4440 dicistis.
728 4385 888 4450 Quod
934 4398 1060 4438 eum
1114 4384 1185 4437 ita
1240 4384 1333 4447 sit,
1367 4398 1475 4436 non
1523 4390 1669 4436 tanta
1717 4382 1853 4436 ﬁdes
1889 4383 2039 4452 Apo-

2141 3192 2448 3245 διενοοῦντο
2478 3194 2570 3244 καὶ
2599 3195 2727 3262 περὶ
2757 3195 2865 3247 τῶν
2896 3194 3074 3249 ἄλλων
3113 3197 3189 3259 ὡς
3229 3200 3715 3269 ἀποπειράσοντες,

2141 3284 2188 3333 εί
2227 3282 2314 3333 διὰ
2360 3283 2425 3332 τὰ
2457 3283 2797 3335 ἀκουσθέντα
2842 3290 2917 3355 μὴ
2960 3289 3402 3357 παρετράπησαν
3433 3292 3531 3353 τὰς
3570 3294 3714 3359 γνῶν

2144 3389 2273 3441 μας.
2316 3371 2523 3427 Ἐδόκει
2558 3375 2623 3445 δὴ
2673 3375 2766 3428 οὖν
2800 3378 2887 3439 είς
2935 3378 3036 3439 τὴν
3074 3374 3369 3447 ὑστεραίαν
3412 3385 3627 3436 πάντων
3656 3387 3716 3438 ἐν

2142 3467 2441 3537 βασιλείοις
2467 3468 2835 3524 συνελθόντων
2862 3472 2949 3524 ἐπὶ
2980 3472 3076 3541 τῆς
3112 3474 3403 3543 βασιλίδος,
3433 3477 3523 3530 τὸν
3553 3478 3714 3531 Ἀσάο

2141 3575 2241 3629 νην
2273 3560 2413 3631 πρός
2443 3577 2503 3613 τε
2539 3565 2668 3625 τοὺς
2695 3563 2976 3632 ἡγεμόνας
3008 3565 3105 3619 καὶ
3132 3566 3230 3637 τὴν
3272 3571 3531 3638 στρατιὰν
3556 3569 3715 3634 λόγον

2140 3651 2427 3703 ἀποτεῖναι
2461 3653 2557 3705 καὶ
2591 3652 2903 3724 ἀποπειρᾷν
2926 3657 3027 3723 τῆς
3057 3658 3290 3710 ἑκάστου
3313 3659 3549 3722 διανοίας
3576 3677 3588 3692 ·
3623 3665 3717 3716 καὶ

2143 3747 2202 3806 ὲς
2229 3746 2327 3814 τὴν
2363 3745 2662 3816 ὑστεραίαν
2706 3748 2829 3799 ἐπεὶ
2872 3743 3011 3818 ἦσαν
3054 3751 3113 3803 ὲν
3159 3750 3452 3822 βασιλείοις
3492 3755 3713 3821 πάντες,

2153 3836 2388 3908 Ἀσάνης
2415 3840 2443 3891 ὁ
2474 3839 2736 3909 Μανουὴλ
2768 3839 2860 3892 ἐπὶ
2892 3841 2990 3911 τῆς
3035 3841 3306 3911 βασιλίδος
3339 3842 3482 3898 οὑτω
3509 3845 3595 3898 τὸν
3623 3846 3713 3899 λό-

2140 3944 2236 3997 γον
2262 3931 2560 3998 ἐποιήσατο
2584 3947 2598 3962 ο
2626 3921 2865 4001 ’Ἄνδρες
2899 3934 3330 4003 συστρατιῶται,
3365 3938 3430 3990 τὰ
3466 3938 3564 4008 μὲν
3611 3939 3720 3992 ὑπὸ

2140 4022 2647 4091 παρακοιμωμένου
2688 4023 2783 4083 τοῦ
2831 4025 3179 4096 Ἀποκαύχου
3212 4029 3410 4093 πάντες
3439 4030 3714 4100 ἀκηκόατε

2141 4115 2511 4184 γεγραμμένα
2538 4115 2677 4186 πρὸς
2710 4116 2876 4184 ὑμᾶς.
2905 4116 2985 4171 Τά
3015 4117 3115 4187 μὲν
3153 4117 3245 4171 οὑν
3274 4122 3517 4190 παρόντα
3542 4123 3716 4191 πράγ-

2144 4222 2294 4274 ματα
2325 4204 2399 4264 ὡς
2436 4203 2610 4289 πολλά
2659 4204 2974 4274 ἐπιδέχεται
3012 4207 3344 4275 μεταϐολὰς,
3395 4211 3488 4263 καὶ
3534 4212 3715 4282 ῥᾴδιον

2142 4298 2237 4352 καὶ
2266 4298 2329 4350 ὲκ
2372 4299 2578 4367 μικρᾶς
2619 4297 2803 4361 αίτίας
2832 4298 2929 4352 καὶ
2960 4298 3053 4351 τὸν
3085 4299 3459 4355 συνετώτατον
3489 4304 3581 4356 καὶ
3614 4320 3715 4355 κα-

2141 4390 2582 4459 τεστοχασμένον
2630 4390 2937 4457 σφαλῆναι·
2995 4393 3091 4443 καὶ
3150 4392 3239 4444 τὸν
3292 4393 3715 4462 ἀπερισκέπτως

457 4475 673 4531 caucbo
697 4475 951 4529 habenda
983 4483 1088 4529 est.
1120 4474 1223 4528 Cui
1263 4474 1410 4528 enim
1457 4476 1568 4528 vita
1620 4468 1840 4545 semper
1868 4476 2042 4529 simu—

2145 4482 2241 4534 καὶ
2295 4480 2369 4541 ὡς
2422 4479 2583 4548 ἔτυχε
2635 4479 2939 4549 φερόμενον
2996 4480 3091 4531 καὶ
3154 4481 3358 4543 ἄπιστα
3417 4483 3715 4553 εὐτυχῆσαι

459 4570 606 4632 lata,
654 4566 1053 4636 pravitatisque
1103 4581 1167 4620 ac
1213 4565 1445 4619 fallacia:
1495 4565 1690 4635 plena,
1749 4574 1806 4620 et
1857 4581 2041 4621 sermo

461 4659 735 4725 mendas,
788 4658 1040 4728 nihilque
1082 4656 1318 4725 probum
1365 4672 1428 4710 ac
1477 4658 1755 4711 sincerum
1796 4672 2041 4727 unquam

460 4753 775 4812 continens,
803 4746 897 4818 qui
929 4746 1150 4803 tandem
1179 4762 1306 4802 eum
1338 4763 1483 4825 nunc
1507 4762 1634 4801 vera
1665 4748 1872 4803 dixisse
1893 4750 2043 4818 quis-

463 4858 628 4915 quam
662 4838 1118 4897 erediderit?Sed
1153 4839 1347 4894 demus
1374 4854 1501 4894 vera
1534 4854 1677 4903 esse,
1709 4852 1763 4894 at
1792 4856 1902 4896 non
1925 4856 2042 4894 om-

462 4935 722 5001 nimodis,
771 4932 870 4988 sed
926 4932 1055 4986 talia
1084 4946 1206 5000 quae
1264 4946 1389 4987 cum
1450 4933 1777 5004 imperatori,
1809 4949 2038 5004 parvum

459 5027 716 5083 dederint
750 5024 1182 5089 ineommbdum,
1212 5038 1381 5094 parvo
1413 5026 1631 5095 negotio
1666 5026 1864 5095 corrigi
1909 5039 2039 5093 pos-

464 5128 616 5173 sunt.
663 5116 919 5171 Vestrum
969 5123 1153 5170 autem
1188 5116 1566 5186 unusquisque
1598 5131 1769 5184 usque
1803 5116 1859 5169 in
1899 5114 2042 5168 hanc

462 5211 635 5276 diem,
673 5209 803 5264 dum
837 5224 928 5263 res
962 5208 1272 5263 secundum
1311 5224 1558 5273 cursum,
1594 5209 1713 5263 sine
1748 5209 1928 5277 aliqua
1954 5209 2041 5262 of-

461 5302 714 5359 fensione
741 5308 1058 5365 tenuerunt,
1108 5302 1575 5371 magnanimitatis
1604 5314 1667 5354 ac
1698 5299 2040 5358 fortitudinis

461 5409 576 5452 sua:
611 5395 665 5448 in
697 5396 863 5449 rebus
904 5392 1162 5457 turbidis,
1194 5394 1503 5464 prudentiae
1533 5393 1687 5455 item,
1721 5393 2037 5449 charitatis-

460 5501 590 5555 que,
632 5501 740 5555 qua
780 5487 1169 5556 imperatorem
1198 5494 1253 5540 et
1288 5485 1430 5539 filios
1455 5485 1575 5555 ejus
1605 5485 2040 5554 comprehende-

463 5588 570 5645 ret,
631 5559 1019 5643 ostentandte:
1048 5576 1395 5632 occasionem
1449 5574 1652 5630 nullam
1705 5585 1900 5632 nactus
1931 5587 2035 5631 est.

461 5671 621 5726 Nunc
656 5709 671 5735 ,
713 5670 977 5740 quoniam
1040 5682 1101 5723 se
1150 5665 1350 5721 obtulit
1403 5666 1622 5721 occasio
1657 5674 1775 5732 ,‘et
1846 5682 2040 5723 omnes

463 5765 646 5829 simul,
675 5772 732 5819 et
762 5776 1008 5818 seorsum
1041 5759 1343 5831 quemlibet
1369 5767 1635 5828 quantum
1655 5760 2033 5831 intelligentia,

2144 4570 2347 4631 πάντες
2372 4568 2487 4621 ἴστε
2519 4568 2730 4630 πολλοῖς
2763 4568 3106 4639 ὡμιληκότες
3141 4569 3490 4641 πράγμασιν.
3513 4574 3584 4625 Οὐ
3609 4575 3717 4643 μὴν

2142 4658 2232 4713 διὰ
2266 4659 2427 4711 τοῦτο
2457 4659 2636 4711 πάντα
2676 4658 2782 4727 χρὴ
2815 4661 3094 4713 πιστεύειν
3128 4657 3747 4735 παρακοιμωμένῳῙῼν

2143 4751 2251 4821 γάρ
2294 4751 2322 4803 δ
2369 4762 2429 4802 τε
2468 4750 2582 4819 βίος
2635 4751 2974 4815 ὲπίπλαστος
3007 4753 3095 4806 ἀεὶ
3129 4755 3223 4807 καὶ
3272 4755 3575 4827 σκαιωρίας
3620 4760 3713 4810 καὶ⁵

2143 4842 2357 4910 ἀπάτης
2390 4842 2599 4911 γέμων,
2650 4834 2801 4896 καῖ”ό
2844 4844 3003 4911 λόγος
3039 4844 3397 4917 ἐψευσμένος,
3440 4848 3536 4900 καὶ
3564 4848 3713 4901 οὐδὲν

2142 4933 2403 4986 οὐδέποτε
2457 4933 2599 5003 ἔχων
2661 4936 2835 5003 ὑγιὲς,
2879 4936 2994 4998 πῶς
3037 4936 3102 4990 ἄν
3133 4953 3216 5000 τις
3252 4937 3563 4991 πιστεύσειε
3597 4938 3713 4993 νυνὶ

2144 5025 2398 5096 εἰρῆσθαι
2452 5026 2692 5097 τάληθῆς
2746 5029 2793 5080 εί
2855 5028 3036 5081 δὲκαὶ
3092 5029 3270 5099 ἀληθῆ
3306 5029 3373 5083 τὰ
3420 5032 3710 5100 εἰρημένα,

2143 5116 2260 5171 ἀλλ’
2289 5120 2349 5169 οὑ
2392 5120 2765 5193 παντάπασιν,
2796 5118 2931 5172 ἀλλά
2961 5118 3187 5172 τοιαῦτα
3217 5117 3358 5174 εἶναι
3387 5122 3455 5175 τὰ
3483 5139 3713 5193 γεγενη-

2146 5212 2309 5281 μένα,
2346 5206 2433 5263 οἷα
2458 5210 2668 5279 βασιλεῖ
2699 5211 2904 5282 μικρὰν
2936 5212 3256 5283 δυσχέρειαν
3298 5216 3708 5285 παρεσχημένα,
3808 5232 3817 5239 ·

2144 5302 2342 5374 ῥᾳδίως
2373 5303 2535 5355 πάλιν
2566 5303 3039 5373 ἐπανορθωθῆναι.
3072 5303 3258 5375 ’Υμῶν
3284 5305 3338 5358 δὲ
3369 5305 3596 5370 ἕκαστος
3619 5308 3712 5360 νῦν

2144 5393 2247 5462 μὲν
2285 5392 2413 5465 ἀχρι
2443 5393 2550 5446 τῶν
2584 5395 2926 5464 πραγμάτων
2950 5396 3215 5465 ὲξουρίων
3255 5399 3594 5469 φερομένων,
3623 5399 3712 5451 οὑ-

2141 5484 2335 5555 δεμίαν
2374 5487 2495 5555 ἔσχε
2526 5487 2800 5555 πρόφασιν
2833 5489 2931 5558 τήν
2983 5505 3039 5541 τε
3074 5488 3340 5561 εὐψυχίαν
3383 5493 3475 5545 καὶ
3509 5492 3712 5562 τόλμαν

2141 5577 2239 5648 τὴν
2273 5580 2330 5630 ἐν
2358 5581 2473 5641 τοῖς
2504 5578 2701 5642 δεινοῖς
2748 5581 2847 5633 καὶ
2897 5580 2994 5652 τὴν
3028 5583 3247 5637 σύνεσιν
3302 5584 3420 5654 ἅμα
3450 5584 3712 5650 ἐπιδείξαο

2144 5672 2290 5733 σθαι,
2321 5671 2416 5725 καὶ
2444 5671 2538 5741 τὴν
2572 5671 2787 5725 εὔνοιαν
2812 5672 2882 5743 ἢν
2911 5672 3025 5743 ἔχει
3059 5677 3187 5745 περὶ
3220 5674 3445 5746 βασιλέα
3467 5679 3559 5731 καὶ
3588 5676 3710 5738 τοὺς

2142 5765 2360 5827 παῖδας.
2392 5762 2525 5819 Νυνὶ
2558 5763 2614 5818 δὲ
2637 5764 2881 5836 ἧδτρτῶν
2924 5771 3268 5838 πραγμάτων
3302 5764 3710 5840 παρασχόντων,
