4014 6446
256 346 417 430 9a

1403 358 1946 424 HISTORIARUM
1991 360 2223 423 LIBER
2268 360 2389 427 IlI.

3419 359 3525 429 θῖεὲ

254 481 357 533 καὶ
381 479 590 538 πάντας
630 474 766 545 ὁμοῦ
810 476 903 528 καὶ
954 473 1062 547 ίδίᾳ
1091 474 1324 528 ἕκαστον
1355 477 1449 528 καὶ
1488 476 1589 544 τὴν
1621 476 1840 529 σύνεσιν

1952 475 2288 546 consilioque
2320 478 2515 546 possit,
2568 475 2685 544 ipso
2735 474 2900 529 etiam
2953 477 3095 530 facto
3147 475 3526 533 demonstrare

254 572 355 623 καὶ
406 569 505 640 τὴν
567 568 857 621 εὐϐουλίαν
896 568 1314 623 ἐπιδείκνυσθαι
1346 568 1544 641 χρεὼν,
1601 569 1696 623 καὶ
1748 570 1842 622 ἐπὶ

251 663 369 721 τοῖς
417 659 601 726 ἔργοις
656 658 944 726 φαίνεσθαι
995 657 1256 727 ὁμοίουςο
1295 659 1371 722 ὠς
1428 658 1497 713 ἂν
1549 658 1736 712 ἀπῶσι
1773 658 1843 710 τὰ

254 756 568 821 πράγματα
615 751 725 803 τῶν
752 751 928 819 λόγων
962 750 1194 805 οὐδένων
1238 751 1429 805 ὄντων.
1483 750 1566 804 Τὰ
1614 750 1714 820 μὲν
1751 748 1843 802 οὖν

251 846 396 913 ἔργα
443 842 673 913 ὕστερον
723 842 1110 912 έπιδειξόμεθα
1168 843 1334 912 ἡνίκα
1379 844 1445 897 ἂν
1475 844 1598 916 δέῃ.
1629 843 1768 897 Νυνὶ
1787 843 1844 897 δὲ

252 938 556 1005 ἀναγκαῖον
580 928 808 1004 γνώμην
840 935 1076 988 ἕκαστον
1101 930 1396 1008 εἰσάγεινῇ
1420 936 1524 1007 χρῆ
1558 935 1844 1007 τραπομέ-

251 1048 405 1096 νους,
436 1032 579 1097 σφᾶς
636 1047 697 1082 τε
733 1030 935 1092 αὐτοὺς
984 1031 1080 1082 καὶ
1116 1028 1216 1100 τὴν
1247 1030 1416 1099 ἄλλην
1447 1030 1603 1093 πόλιν
1634 1029 1843 1083 διασώ-

253 1122 399 1188 ζειν.
434 1124 509 1175 Οὐ
544 1122 656 1192 γὰρ
701 1126 1002 1194 ἡσυχάσειν
1050 1121 1238 1190 οἴομαι
1296 1122 1840 1192 παρακοιμώμενον,

249 1218 396 1271 ἀλλά
421 1218 631 1288 ταχέως
658 1219 791 1287 ἡμῖν
825 1218 1300 1286 ἐπιστρατεύσειν,
1329 1218 1444 1286 είγε
1476 1217 1647 1280 ὅντως
1669 1218 1845 1289 ἀληθῆ

259 1311 331 1364 τὰ
376 1311 509 1380 περὶ
543 1308 810 1379 βασιλέως
862 1307 948 1376 εἴη
1008 1310 1298 1378 εἰρημένα.
1347 1310 1580 1379 ’Λσάνης
1613 1312 1713 1381 μὲν
1740 1311 1836 1367 οὐν

251 1398 484 1455 τοιαῦτα
518 1398 800 1453 ἐπαύσατο
850 1396 1040 1450 εἰπών.
1076 1397 1490 1466 Κομιτὸπουλος
1540 1397 1597 1450 δὲ
1648 1399 1847 1452 αὐτίκα

251 1490 361 1543 ὐπδ
388 1489 700 1559 προθυμίας
754 1491 850 1542 καὶ
880 1489 980 1558 τῆς
1002 1489 1146 1558 -περὶ
1181 1490 1410 1559 βασιλέα
1445 1490 1661 1553 εὐνοίας
1695 1508 1849 1560 κινη-

252 1583 664 1646 θεὶςμάναστάς
699 1581 991 1653 παρελθὼν
1038 1584 1120 1645 είς
1179 1583 1402 1650 μέσους,
1439 1582 1588 1649 ἔλεξε
1619 1585 1798 1636 τοιάδε
1827 1596 1843 1615 °

252 1677 460 1728 Οὐδένα
524 1675 680 1744 ὑμῶν
714 1676 828 1728 ὅσοι
872 1675 1120 1744 πάρεστε
1152 1660 1251 1727 νῦν
1285 1676 1468 1745 οἴομαι
1502 1676 1740 1744 ἀγνοεῖν,
1770 1682 1845 1738 ὼς

255 1769 530 1838 βασιλέως
565 1770 644 1821 ἔτι
693 1769 980 1838 περιόντος
1011 1767 1106 1821 τοῦ
1142 1769 1442 1837 μακαρίου,
1471 1771 1586 1833 τοῖς
1622 1771 1846 1833 οἰκείοις

255 1859 727 1930 συνεξηταζόμην,
760 1861 854 1913 καὶ
887 1864 997 1923 τοῖς
1017 1861 1218 1930 πολλῆς
1238 1862 1371 1931 παρ’
1397 1864 1608 1916 ἐκείνου
1635 1865 1724 1917 καὶ
1748 1865 1847 1933 τῆς

251 1951 548 2018 εὐμενείας
584 1951 921 2004 ἀπολαύουσι
959 1954 1053 2004 καὶ
1083 1952 1183 2023 τῆς
1230 1954 1489 2022 προνοίας
1510 1972 1524 1985 ο
1555 1957 1650 2008 καὶ
1682 1959 1847 2021 αὐτὸς

254 2044 314 2096 δὲ
351 2044 507 2095 οὐδὲν
558 2044 847 2109 ἀπέλιπον,
874 2043 938 2097 τό
981 2061 1043 2112 γε
1076 2047 1154 2106 είς
1180 2046 1281 2113 ἐμὲ
1315 2041 1470 2115 ἧκον,
1515 2047 1609 2100 τοῦ
1643 2047 1721 2117 μῆ
1748 2050 1847 2118 τὴν

257 2131 649 2199 προσήκουσαν
691 2128 910 2182 εὔνοιαν
962 2130 1271 2199 εὐγνώμονι
1303 2131 1477 2201 δούλῳ
1533 2134 1840 2189 ἐπιδείκνυ-

264 2222 411 2273 σθαι.
453 2221 528 2277 Οὐ
578 2219 686 2288 μὴν
720 2220 808 2272 διὰ
839 2221 899 2273 τὸ
934 2222 1144 2275 ἐκεῖνον
1194 2221 1253 2286 ἐξ
1291 2223 1594 2293 ἀνθρώπων
1631 2228 1850 2294 γεγονέ.

263 2332 354 2366 ναι
383 2314 500 2366 νυνὶ
530 2312 876 2382 μεταόαλὼν,
912 2316 1026 2375 τοῖς
1056 2315 1273 2368 ἐκείνου
1308 2317 1469 2368 παισὶ⁸
1515 2317 1626 2370 δεῖν
1670 2319 1846 2387 ἔγνων

265 2407 523 2474 πολεμεῖν
545 2422 559 2435 ·
583 2406 723 2460 ἀλλὰ
762 2407 862 2475 τὴν
889 2404 1083 2475 ὁμοίαν
1112 2405 1341 2476 γνώμην
1377 2407 1474 2461 καί⁵
1501 2407 1595 2461 νῦν
1622 2410 1703 2463 ετι
1732 2411 1848 2464 δια-

255 2499 436 2569 τηρῶ.
481 2497 656 2568 Ὁρῶν
694 2496 751 2549 δὲ
806 2496 1033 2564 βασιλέα
1079 2496 1183 2566 μὲν
1239 2498 1332 2550 τὸν
1388 2499 1848 2572 Καντακουζηνδν

255 2587 451 2639 δίκαια
487 2588 580 2638 καὶ
614 2585 867 2654 λυσιτελῆ
911 2588 1023 2648 τοῖς
1051 2586 1214 2638 παισὶ
1265 2586 1529 2656 βασιλέως
1569 2590 1846 2660 ᾑρημένον

257 2680 552 2750 πράττειν,
596 2679 948 2749 ’Δπόκαυχον
977 2678 1036 2731 δὲ
1065 2679 1156 2731 τὸν
1182 2696 1255 2731 πα
1267 2679 1683 2750 ρακοιμώμενον
1719 2682 1850 2736 πολ-

258 2773 360 2834 λάς
390 2772 512 2826 κατ’
534 2771 701 2826 αὐτοῦ
731 2769 987 2834 διαϐολὰς
1008 2773 1105 2826 καὶ⁵
1126 2772 1495 2843 συκοφαντίας
1518 2789 1848 2830 συνεσκευα-

263 2866 420 2931 κότα,
463 2871 560 2918 καὶ
602 2862 797 2926 ἄλλους
843 2863 1411 2934 προσεταιρισάμενον
1441 2866 1845 2938 πονηροτέρους

265 2952 587 3027 ἀνθρώπους
617 2956 712 3009 καὶ
738 2954 1122 3025 διεφθορότας,
1150 2956 1249 3009 καὶ
1283 2954 1531 3026 βασιλίδα
1572 2957 1849 3029 ἐξηπατη-

264 3051 452 3114 κότας,
485 3050 581 3104 καὶ
619 3051 831 3102 τουτονὶ
875 3048 969 3103 τὸν
1012 3048 1254 3115 πόλεμον
1280 3048 1372 3103 τὸν
1418 3049 1633 3120 μυρίων
1666 3051 1845 3104 αἴτιον

1946 579 2200 637 oportet;
2237 573 2405 623 verba
2448 568 2623 634 enim,
2657 568 2705 621 si
2733 567 2872 622 facta
2917 568 3119 629 desint,
3154 568 3290 620 nihil
3324 569 3524 625 valent.

1946 659 2050 715 Sed
2074 660 2141 713 ad
2167 660 2308 713 facta
2338 670 2548 728 postea,
2576 659 2797 729 quando
2828 674 2965 728 opus
2998 659 3182 724 fuerit,
3213 661 3524 718 veniemus.

1947 749 2004 804 lu
2035 765 2276 819 praesens
2328 751 2530 821 singuli
2588 751 2921 805 sententiam
2971 751 3251 820 explicare
3302 756 3525 820 debent,

1945 842 2077 912 quid
2097 858 2343 912 agamus,
2376 853 2437 897 ut
2464 858 2561 898 nos
2587 843 2737 912 ipsos
2762 844 3142 914 reliquamque
3176 846 3367 899 urbem
3399 862 3532 900 cona

1946 950 2254 990 servemus.
2283 936 2500 990 Etenim
2532 935 2773 990 cubiculi
2807 935 3128 1006 praefectum
3163 953 3275 992 non
3309 944 3530 1008 quietuo

1952 1043 2101 1092 rum,
2138 1027 2298 1098 505
2355 1029 2450 1083 sed
2502 1030 2819 1099 propediem
2875 1031 3150 1085 hostiliter
3195 1032 3250 1086 in
3285 1050 3388 1087 nos
3424 1036 3535 1087 ituo

1946 1132 2067 1170 rum
2102 1119 2364 1173 existimo
2394 1135 2408 1172 :
2446 1119 2613 1173 modo
2644 1121 2806 1189 plane
2832 1130 2983 1177 certa
3019 1126 3151 1185 sint,
3181 1139 3300 1191 qua:
3334 1123 3402 1179 de
3430 1125 3532 1177 im-

1948 1224 2202 1278 peratore
2232 1222 2549 1264 narrantur.
2579 1212 2676 1266 llis
2708 1213 2872 1267 dictis
2900 1215 3110 1268 ASnnes
3140 1214 3534 1270 tacuit.Comi-

1957 1305 2200 1371 tepulus,
2236 1318 2347 1372 quo
2372 1313 2492 1358 erat
2543 1305 2726 1359 studio
2760 1305 3108 1375 imperatoris
3158 1307 3436 1371 incensus,
3474 1309 3529 1362 in

1949 1390 2190 1449 medium
2228 1395 2512 1465 prodiens,
2546 1396 2695 1450 hunc
2726 1398 2781 1449 in
2813 1399 3034 1450 modum
3083 1397 3345 1453 disseruit
3375 1419 3389 1454 :
3421 1400 3530 1454 Ne-

1949 1500 2153 1539 lltlllelll
2189 1500 2290 1555 ego
2344 1494 2614 1552 vestrum,
2660 1496 2931 1556 quotquot
2953 1489 3180 1554 adestis,
3222 1490 3411 1560 fugere
3446 1506 3535 1543 σι’-ι

1951 1577 2149 1635 bitror.
2197 1592 2283 1630 me
2316 1576 2663 1647 imperatoris
2691 1579 2864 1634 beatae
2905 1580 3304 1634 recordationis
3335 1582 3533 1636 deme.

1950 1669 2173 1727 sticum,
2198 1676 2254 1722 et
2281 1667 2504 1735 quidem
2527 1668 2756 1722 charum
2779 1669 2880 1734 illi,
2906 1678 3306 1739 acceptumque
3328 1671 3530 1736 fuisse;

1950 1774 2053 1811 nec
2114 1759 2347 1813 vicissim
2402 1776 2429 1813 a
2483 1775 2569 1815 me
2618 1760 2637 1830 (
2682 1769 2950 1831 quantum
3002 1762 3238 1831 quidem
3270 1772 3534 1832 przrstare

1952 1851 2128 1921 potui)
2162 1852 2462 1919 quidquam
2498 1852 2549 1905 in
2581 1867 2770 1906 amore
2812 1869 2839 1905 a
2870 1854 3042 1922 probo
3074 1853 3337 1923 ﬁdelique
3372 1870 3534 1907 servo

1950 1943 2179 1995 domino
2200 1940 2300 1995 suo
2330 1944 2673 1997 remetienth
2696 1944 3130 2012 praetermissum
3158 1944 3405 1999 memini.
3426 1945 3535 2000 Nec

1950 2035 2078 2103 quia
2112 2035 2198 2087 ille
2220 2035 2297 2105 ab
2316 2034 2636 2089 hominibus
2665 2036 2821 2101 abiit,
2855 2051 2954 2101 ego
2984 2037 3125 2091 alius
3161 2038 3361 2103 factus,
3388 2038 3533 2092 illius

1942 2126 2082 2181 ‘ﬁliis
2116 2128 2318 2181 bellum
2376 2127 2577 2182 inferre
2608 2129 2850 2193 decrevi,
2887 2130 2983 2183 sed
3009 2134 3257 2184 eamdem
3292 2141 3530 2186 mentem

1949 2218 2117 2273 etiam
2148 2235 2298 2274 nunc
2326 2234 2476 2289 gero.
2509 2218 2645 2274 Cum
2682 2229 2867 2275 autem
2902 2223 3355 2285 animadvertam,
3385 2222 3532 2277 Can-

1952 2318 2220 2364 tacuzeno
2270 2314 2615 2379 propositum
2651 2327 2771 2367 esse
2804 2328 2869 2367 ea
2899 2314 3179 2382 persequi,
3214 2330 3336 2384 quae
3366 2329 3469 2367 nec
3503 2331 3532 2366 a

1945 2401 2166 2472 justitia
2198 2402 2399 2463 aliena.
2427 2411 2484 2457 et
2514 2403 2623 2457 illis
2654 2404 2812 2459 utilia
2870 2407 3003 2470 sint,
3058 2416 3249 2471 coiitra
3278 2411 3534 2477 Apocau-

1950 2494 2114 2547 chum
2142 2494 2383 2549 cubiculi
2404 2495 2722 2571 praefectum
2752 2496 2954 2551 multas
2986 2498 3038 2551 in
3071 2514 3196 2553 eum
3227 2502 3534 2560 calumnias

1949 2595 2007 2638 et
2055 2585 2444 2656 sycophantias
2498 2587 2820 2655 censuisse,
2860 2590 3112 2659 aliosque
3166 2593 3414 2663 impuros
3470 2612 3536 2652 ac

1949 2678 2261 2732 sceh-ratos'
2299 2681 2692 2748 assumpsisse,
2744 2680 2917 2750 quiet
2947 2683 3247 2752 Augustam
3293 2686 3536 2743 circum-

1948 2768 2317 2839 scripserunt,
2370 2781 2428 2826 et
2485 2772 2657 2826 hocce
2713 2771 2914 2826 bellum
2966 2774 3350 2844 incenderunt,
3388 2764 3535 2836 unde

1943 2860 2060 2931 jam
2087 2862 2238 2918 mille
2267 2863 2610 2919 calamitates
2640 2874 2801 2930 natm,
2832 2875 2901 2921 et
2921 2866 3107 2936 plures
3134 2869 3222 2925 his
3240 2873 3536 2929 nascitttra:

1950 2967 2104 3021 sunt,
2132 2957 2237 3011 nisi
2273 2956 2416 3012 Deus
2449 2957 2503 3011 in
2552 2958 2693 3012 caelo
2728 2957 2779 3012 id
2810 2960 3134 3015 reatinxerit
3158 3002 3174 3027 ,
3203 2978 3393 3018 eorum
3429 2966 3537 3019 im-

1951 3048 2279 3118 probitatem
2329 3044 2680 3115 exsecratus,
2739 3048 3188 3106 Cantacuzenum
3238 3056 3422 3124 potius
3478 3066 3536 3113 et

263 3140 457 3195 κακῶν
506 3139 603 3193 νῦν
636 3155 696 3191 τε
729 3138 860 3208 ἄχρι
914 3136 1311 3208 γεγενημένον,
1343 3138 1438 3190 καὶ
1476 3138 1557 3191 ἔτι
1583 3138 1846 3192 πλειόνων

1952 3143 2132 3195 virum
2187 3141 2418 3208 justum,
2454 3151 2508 3196 et
2540 3132 2788 3195 defuncti
2825 3141 3175 3211 imperatoris
3210 3146 3402 3203 liberis
3429 3149 3537 3207 Ro-

264 3233 529 3301 ἐσόμενον
582 3229 765 3300 πολλῷ
803 3231 1194 3300 κεκινηκότας,
1239 3231 1288 3282 εί
1350 3232 1426 3300 μὴ
1464 3231 1596 3293 Θεὸς
1641 3231 1848 3285 ἄνωθεν

265 3324 625 3387 κατασϐέσει,
670 3322 915 3391 ὲμίσησά
946 3338 1006 3374 τε
1063 3322 1164 3391 τὴν
1212 3323 1481 3391 πονηρίαν
1523 3323 1725 3390 αὐτῶν,
1757 3323 1850 3376 καὶ

263 3415 480 3486 βασιλεῖ
521 3414 724 3483 μᾶλλον
751 3413 946 3482 ἔκρινα
992 3412 1204 3465 δίκαιον
1231 3414 1544 3483 προσέχειν,
1566 3415 1641 3477 ὡς
1664 3415 1853 3471 δίκαιά

259 3526 322 3561 τε
354 3509 471 3578 ἅμα
525 3509 621 3560 καὶ
672 3504 939 3575 βασιλέως
987 3506 1100 3569 τοῖς
1138 3504 1299 3557 παισὶ
1346 3509 1721 3576 συμφέροντα,
1756 3510 1851 3561 καὶ

262 3603 433 3654 πᾶσιν
478 3598 610 3670 ὁμοῦ
680 3596 974 3668 Ῥωμαίοις
1025 3597 1409 3669 διανοουμένῳ.
1477 3601 1612 3656 Νυνὶ
1668 3601 1725 3654 δὲ
1776 3603 1849 3665 ὼς

265 3692 543 3761 ἀκούομεν
576 3690 860 3752 δυσκόλοις
914 3690 1105 3758 τύχαις
1139 3690 1348 3742 ἐκείνου
1375 3693 1728 3762 χρησαμένου
1764 3692 1853 3746 διὰ

263 3785 378 3837 τῶν
434 3784 701 3835 συνόντων
737 3783 836 3851 τὴν
867 3782 1208 3834 ἀποστασίαν
1235 3784 1330 3834 καὶ
1361 3784 1496 3852 πρὸς
1527 3782 1613 3834 τὸν
1646 3785 1851 3854 Τριϐα-

265 3878 379 3929 λῶν
419 3876 687 3943 δυνάστην
714 3876 1044 3941 ἀφιγμένου,
1078 3874 1138 3925 οὐ
1167 3874 1377 3927 δίκαιον
1411 3876 1560 3943 ἡμᾶς
1610 3891 1853 3928 καταπε-

269 3970 386 4021 σεῖν
409 4008 422 4032 ,
454 3967 575 4019 οὐδὲ
602 3966 740 4035 πρὸς
769 3967 989 4027 στάσεις
1016 3946 1121 4018 καὶχ
1163 3966 1427 4036 διαφορὰς
1460 3968 1847 4036 χωρήσαντας,

267 4060 627 4130 ἀνδραπόδων
658 4059 817 4129 δίκην
845 4058 985 4126 σφᾶς
1017 4056 1217 4119 αὐτοὺς
1241 4059 1353 4121 τοῖς
1378 4057 1660 4139 πολεμίοις
1684 4076 1853 4111 κατα-

266 4151 600 4223 προδοῦναι*
662 4149 799 4203 ἀλλὰ
856 4154 1376 4220 συμφρονήσαντας,
1419 4149 1616 4218 ὅρκους
1665 4148 1851 4202 δοῦναι

268 4244 504 4315 βασιλίδι
535 4242 631 4295 καὶ
675 4241 952 4312 ἀλλήλοις,
983 4237 1019 4311 ἦ
1050 4241 1158 4311 μὴν
1193 4240 1397 4310 μηδένα
1434 4242 1569 4311 μήτε
1613 4240 1680 4294 δι’
1714 4243 1854 4310 ἀγα-

650 4294 1019 4400 ὲπαγῖγελίάνί
1048 4294 1286 4401 ξιιξτέδίν
1310 4294 1608 4402 ἑπαγώγὴν
1638 4294 1851 4385 πολλῶν
1878 4294 1891 4305 .

264 4424 548 4493 δεινῶν,·ἦ
587 4422 822 4494 βασιλίδι
886 4424 980 4475 καὶ
1040 4421 1250 4485 παισὶν,
1277 4421 1311 4491 ἢ
1343 4421 1596 4491 ἀλλήλοις
1633 4423 1854 4475 ἐπιδου-

1953 3234 2244 3303 manisque
2275 3234 2555 3288 universis
2577 3234 2965 3290 consulentem
3018 3238 3155 3292 mihi
3186 3245 3532 3310 sequendum

1952 3312 2167 3381 censui.
2200 3323 2374 3389 Quem
2411 3340 2537 3378 cum
2586 3326 2751 3378 modo
2780 3324 2835 3379 in
2870 3326 3073 3381 misera
3101 3336 3157 3383 et
3185 3332 3383 3388 acerba
3424 3333 3538 3388 for-

1956 3428 2086 3473 tuna
2118 3433 2214 3473 sua
2254 3416 2468 3487 (utpote
2500 3431 2530 3470 a
2568 3417 2684 3471 suis
2718 3418 3022 3487 proditum)
3063 3420 3130 3473 ad
3166 3420 3535 3479 Triballorum

1952 3511 2259 3581 principem
2314 3507 2621 3579 profectum
2652 3510 2962 3575 audiamus,
3023 3512 3170 3567 haud
3203 3529 3418 3585 aequum
3455 3532 3540 3573 eat

1955 3618 2056 3658 nos
2090 3604 2395 3667 labascere,
2428 3610 2484 3656 et
2515 3603 2583 3656 ad
2624 3604 2926 3657 seditiones
2949 3613 3114 3674 atque
3146 3607 3371 3662 dissidia
3406 3625 3541 3664 Cott-

1952 3709 2146 3749 versos
2208 3709 2306 3763 pro
2375 3693 2665 3764 mancipiis
2719 3705 2938 3750 nosmet
2996 3696 3252 3753 hostibus
3305 3704 3540 3769 turpiter

1954 3790 2172 3849 dedere.
2214 3787 2309 3842 sed
2333 3786 2532 3841 animis
2555 3789 2965 3843 consentientes
2990 3789 3322 3860 imperatrici
3368 3793 3539 3850 lrrna:

1954 3891 2017 3928 ac
2044 3875 2204 3927 nobis
2243 3883 2439 3927 mutuo
2496 3890 2842 3931 sacramenta
2901 3878 3110 3944 dicere,
3164 3882 3379 3935 nullum
3439 3900 3540 3937 no-

1953 3977 2129 4021 strum
2158 3981 2339 4033 neque
2360 3948 2643 4021 lbonorum
2683 3970 2980 4025 multorum
3031 3972 3430 4040 pollicitatione
3477 3978 3542 4031 il-

1953 4056 2181 4122 lectum,
2207 4072 2388 4127 neque
2414 4057 2714 4112 multorum
2744 4061 3014 4115 malorum
3052 4064 3365 4121 invectione
3390 4083 3542 4122 com-

1955 4150 2197 4217 pulsum,
2231 4150 2308 4204 illi
2339 4151 2569 4220 ejusque
2599 4150 2816 4210 liberis.
2842 4164 2938 4207 aut
2968 4157 3114 4208 inter
3159 4172 3260 4211 nos
3314 4160 3539 4214 insidiae

1954 4252 2150 4297 turos:
2188 4243 2285 4297 sed
2308 4244 2467 4298 'omni
2502 4244 2717 4299 ratione
2749 4254 2804 4298 et
2861 4262 2969 4300 una
3010 4228 3195 4304 mente
3233 4251 3285 4304 in
3325 4238 3537 4308 hostem

1955 4346 2319 4404 pugnaturos,
2359 4335 2635 4404 ﬁdemque
2683 4351 2999 4405 germanam
3031 4354 3095 4393 ac
3125 4338 3327 4408 puram
3367 4343 3542 4413 impe-

1958 4429 2128 4482 ratori
2165 4434 2504 4484 servaturOs.
2541 4427 2683 4494 Quin
2716 4429 2881 4483 etiam
2916 4442 3096 4484 certos
3149 4432 3407 4487 homines
3449 4452 3541 4489 ce-

264 4519 518 4570 λεύσειν’
553 4515 669 4568 ἀλλ’
694 4513 1000 4582 ἀμύνεσθαι
1046 4515 1232 4582 τρόπῳ
1296 4513 1461 4564 παντὶ
1518 4513 1645 4575 τοὺς
1695 4513 1849 4565 πολε-

1958 4518 2148 4573 leriter
2169 4518 2235 4573 ad
2268 4534 2395 4574 eum
2431 4518 2727 4574 mittendos
2777 4520 2992 4589 judico,
3030 4523 3121 4591 qui
3152 4522 3387 4578 doceant
3437 4541 3540 4580 nos

270 4614 434 4683 μίους
468 4609 599 4678 μίαν
627 4607 856 4679 γνώμην
884 4606 1134 4676 ἔχοντας,
1164 4608 1260 4659 καὶ
1301 4606 1400 4675 τὴν
1434 4605 1615 4660 πίστιν
1662 4606 1852 4660 ἄδολον

264 4708 365 4759 καὶ
405 4704 654 4772 καθαρὰν
685 4702 975 4770 φυλάττειν
1006 4699 1240 4769 βασιλεῖ,
1278 4700 1517 4768 πέμπειν
1544 4699 1598 4751 δὲ
1631 4701 1727 4752 καὶ
1757 4700 1854 4770 τὴν

263 4789 537 4867 ταχίστην
592 4795 733 4865 πρὸς
773 4795 983 4847 ἐκεῖνον
1031 4774 1254 4858 ἄνδρας,
1312 4792 1365 4844 οἳ
1420 4791 1745 4855 διδάξουσιν,
1778 4792 1854 4854 ὡς

267 4892 437 4959 ἡμεῖς
466 4890 621 4958 ὑπὲρ
639 4888 850 4943 ἐκείνου
873 4887 969 4938 καὶ
996 4885 1269 4952 φιλτάτων
1306 4885 1400 4937 καὶ
1436 4886 1536 4954 τῆς
1565 4884 1849 4950 γυναικὸς,

268 4985 454 5037 πάντα
479 4985 577 5034 καὶ
601 4981 874 5051 πράττειν
898 4977 997 5032 καὶ
1033 4976 1333 5047 ὑπομένειν
1366 4976 1694 5047 ἐγνώκαμεν
1724 4976 1853 5047 ἄχρι

268 5077 508 5138 παντός·
550 5073 619 5128 ἵν’
670 5073 834 5136 αὐτός
877 5089 938 5126 τε
992 5071 1177 5142 ἥδοιτο
1232 5069 1460 5124 τοιαῦτα
1504 5069 1636 5140 περὶ
1697 5070 1854 5139 ἡμῶν

267 5169 511 5233 ἁκούων,
550 5170 646 5222 καὶ
673 5169 808 5238 ἡμῖν
842 5165 1046 5236 πολλὴν
1068 5163 1234 5233 εἰδείη
1271 5164 1432 5233 χάριν
1461 5164 1559 5230 τῆς
1589 5165 1669 5224 εἰς
1691 5163 1855 5216 αὐτὸν

230 5320 236 5326 ,
269 5262 510 5325 εὐνοίας.
548 5260 688 5313 Οὐδὲ
720 5257 831 5328 γὰρ
862 5256 1067 5328 μικράν
1103 5271 1229 5307 τινα
1259 5253 1467 5306 οἴεσθαι
1499 5255 1707 5305 ἐκεῖνον
1757 5252 1856 5323 τὴν

268 5372 342 5410 πε
352 5354 586 5425 ρὶ¹ὴμῶν
607 5352 866 5423 φροντίδα
890 5352 1034 5420 ἔχειν
1059 5351 1166 5420 χρή
1187 5340 1354 5400 ’ἀλλά
1371 5344 1582 5407 πολλοῖς
1608 5344 1856 5398 παλαίειν

268 5448 561 5516 λογισμοῖς
585 5442 990 5507 ὐποπτεύοντα,
1023 5440 1217 5509 ὥσπερ
1245 5439 1416 5500 εἰκὸς,
1467 5436 1541 5506 μὴ
1568 5437 1703 5507 πρὸς
1730 5439 1857 5502 τοὺς

269 5541 499 5608 ἀγῶνας
534 5538 962 5608 ἀποκινήσωμεν.
998 5532 1242 5586 Τοιαῦτα
1274 5531 1373 5599 μὲν
1395 5532 1425 5582 δ
1450 5530 1857 5621 Κομιτόξτουλος

269 5629 430 5686 εἶπεν
456 5647 469 5660 ·
510 5630 675 5688 εὐθὺς
698 5630 756 5680 δὲ
791 5628 908 5696 μετ’
946 5628 1163 5680 ἐκεῖνον
1187 5628 1213 5678 ὁ
1240 5624 1525 5691 Βατάτζης
1564 5621 1752 5694 ἐπῄνει
1797 5640 1855 5676 τε

268 5725 344 5778 τὰ
402 5722 698 5793 εἰρημένα,
742 5720 839 5773 καὶ
870 5720 946 5782 ὡς
995 5717 1222 5788 μηδενὸς
1270 5717 1517 5768 ἐνδέοντα
1550 5718 1687 5784 μήτε
1722 5716 1855 5784 πρὸς

271 5814 496 5870 σύνεσιν
555 5814 692 5882 μήτε
753 5810 891 5879 πρὸς
945 5807 1695 5876 εὐϐουλίαν,”ὲπεψηφίζετο
1762 5807 1856 5860 καὶ

1958 4625 2059 4679 pro
2092 4611 2232 4682 ipso,
2258 4611 2707 4680 charissimisque
2732 4613 2853 4683 ejus
2884 4613 3031 4679 ﬁliis,
3067 4622 3123 4667 et
3160 4630 3329 4671 uxore
3353 4620 3537 4672 omnia

1960 4717 2181 4773 semper
2212 4711 2269 4757 et
2299 4703 2484 4759 facere
2525 4712 2582 4757 et
2612 4704 2723 4772 pati
2756 4705 3113 4760 constituisse
3142 4725 3154 4760 :
3190 4717 3249 4760 ut
3275 4707 3344 4762 de
3381 4711 3538 4765 nobis

1958 4793 2075 4848 haec
2108 4794 2341 4849 audiens
2395 4794 2654 4863 laetetur,
2701 4795 2881 4866 deque
2939 4805 3098 4852 tanta‘
3154 4799 3541 4857 benevolentia

1958 4887 2163 4955 gratias
2193 4897 2340 4957 agat.
2381 4887 2495 4942 Nec
2517 4889 2666 4942 enim
2717 4904 2908 4958 parum
2941 4890 3008 4944 de
3033 4888 3197 4965 nobis
3239 4893 3538 4950 sollicitum

1958 4993 2082 5032 esse
2109 4978 2443 5032 credendum
2487 4987 2594 5043 est,
2627 4979 2723 5033 sed
2774 4980 2944 5035 variis
2980 4982 3303 5038 distractum
3335 4988 3543 5058 cogita-

1962 5069 2205 5125 tionibus
2257 5070 2568 5138 suspicari,
2638 5080 2695 5124 ut
2725 5081 2809 5126 est
2853 5072 3196 5142 verisimile,
3246 5093 3347 5133 nos
3390 5080 3541 5149 igna-

1957 5162 2045 5216 via
2086 5169 2370 5230 torpentes
2434 5171 2650 5216 certare
2705 5163 2943 5233 amplius
2977 5179 3088 5219 non
3124 5167 3349 5223 audere.
3401 5171 3542 5227 l‘lac‘

1965 5262 2128 5309 tenus
2164 5252 2565 5322 Comitopulus.
2598 5252 2774 5320 Quem
2805 5269 2931 5309 mox
2956 5256 3239 5326 excipiens
3267 5259 3537 5324 Batatzes,

1960 5344 2121 5416 506
2165 5353 2222 5399 et
2265 5343 2408 5398 dicta
2433 5343 2681 5408 laudare,
2721 5354 2777 5398 et
2811 5354 2871 5398 ut
2910 5345 3337 5413 prudentissima
3373 5360 3540 5418 atque

1959 5436 2364 5492 consultissima
2393 5436 2659 5506 suffragio
2682 5450 2783 5490 suo
2804 5438 3131 5509 approbare,
3161 5439 3537 5508 etjuramenta

1959 5547 2173 5601 urgere.
2226 5530 2381 5585 lreue
2441 5545 2573 5584 vero
2619 5529 2965 5606 imperatrix,
3018 5537 3073 5583 et
3109 5532 3315 5585 Asanes
3347 5531 3537 5597 frater,

1955 5622 2296 5692 Comitopuli
2331 5622 2776 5676 cohortationem
2809 5636 2875 5675 ex
2914 5620 3106 5674 divino
3155 5620 3340 5675 amatu
3368 5623 3540 5677 exstia

1962 5716 2094 5768 tisse
2131 5713 2258 5779 rati,
2292 5721 2352 5766 ut
2379 5716 2443 5765 ad
2480 5709 2855 5765 dimicandum
2886 5725 3079 5764 omnes
3099 5724 3364 5768 acuerent
3389 5730 3541 5783 ιρι-ο-

1963 5818 2151 5877 ptcrca
2181 5805 2327 5874 quod
2361 5805 2452 5874 qui
2483 5804 2637 5875 prius’
2667 5803 2904 5873 suspecti
2938 5812 3115 5870 erant,
3151 5812 3357 5862 tantam
3393 5824 3542 5866 nunc
