4014 6468
304 484 408 549 981
1482 495 2024 561 HISTORIARUM
2065 500 2295 562 LIBER
2335 500 2453 563 III.
3441 503 3567 563 9d?

307 593 510 663 ἐξεῖναι
540 596 799 654 διαλύειν.
834 598 897 654 Et
920 600 1032 672 γὰρ
1053 601 1219 675 μέχρι
1254 598 1433 672 ὅρκων
1454 607 1782 678 προεχώρεε,
1822 608 1882 673 ἐξ

1997 626 2139 675 rans,
2166 612 2470 683 pedemque
2502 610 2852 677 deosculans,
2886 612 3086 668 multas
3117 612 3221 684 ipsi
3267 614 3334 669 dc
3380 615 3546 669 bene-

302 687 562 757 οὐδεμιᾶς
586 688 654 742 ἂν
686 689 867 754 αίτίας
898 693 1230 764 ἐπεχείρησε
1263 693 1501 767 διασπᾷν
1534 696 1720 761 αὑτός.
1752 697 1877 750 Τοι-

1997 702 2110 755 [icio
2136 742 2151 767 ,
2183 711 2240 757 et
2278 702 2425 759 Crali
2456 702 2525 758 de
2551 718 2715 772 opera
2741 705 2946 774 gratias
2972 706 3102 775 egit.
3153 706 3221 760 At
3259 707 3401 759 enim
3435 708 3551 761 hac

301 778 507 848 γαροῦν
536 779 755 849 ἀφιέναι
794 782 885 837 τὸν
921 786 1037 838 υἱὸν
1064 785 1182 855 ἅμα
1205 786 1304 856 μὲν
1337 787 1589 857 γαμϐρὸν
1616 789 1877 857 ἐσόμενον

1997 791 2141 845 ludis
2173 793 2547 848 tantummodo
2575 794 2758 853 verbis
2789 777 3246 864 tra'nsigebantur;
3271 796 3552 866 iuramen-

300 869 541 941 Λιϐέρῳ,
570 871 687 942 ἅμα
715 873 772 925 δὲ
803 875 1019 944 καὶτῆς
1043 878 1306 947 στρατιᾶς
1332 878 1496 931 ἕνεκα
1526 878 1620 931 τοῦ
1650 877 1877 950 θαρρεῖν

1997 880 2052 935 ,is
2077 892 2171 935 aut
2210 883 2445 938 nexibus
2466 884 2590 940 aliis
2607 885 2675 940 ad
2706 886 2928 956 nuptias
2958 887 3417 958 conglutinandas
3441 904 3548 942 non

299 961 470 1032 αὐτῷ,
504 962 579 1026 ὡς
612 963 866 1018 οὐδέποτε
919 967 1348 1032 ἐπιϐουλεύσειε,
1397 969 1471 1039 μὴ
1506 970 1691 1039 μέντοι
1737 987 1880 1022 παν·
1981 980 2109 1026 sunt
2139 973 2249 1028 usi.

300 1059 509 1112 τὰπασι
539 1061 842 1131 διατρίϐειν
870 1065 1009 1135 παρζ
1036 1066 1241 1129 αὐτοῖς,
1301 1065 1419 1120 ἀλλ’
1455 1064 1752 1134 ἐπανήκειν
1815 1067 1952 1135 πρὸς
1980 1068 2141 1121 αὐτὸν
2170 1069 2334 1139 ἡνίκα
2372 1070 2439 1124 ἂν
2467 1071 2683 1141 καλοίη.
2745 1073 2977 1144 Λίϐερος
3022 1074 3078 1127 δὲ
3130 1076 3251 1127 ἐπεὶ
3295 1074 3551 1128 ἀκούσειε

304 1152 529 1221 βασιλέα
550 1158 934 1223 ,πεπεισμένον
974 1159 1111 1229 πρὸς
1139 1161 1201 1213 τὸ
1227 1162 1327 1230 τὴν
1357 1162 1567 1214 ἐκείνου
1597 1160 1873 1230 θυγατέρα
1912 1163 2068 1229 ἄγειν
2088 1163 2207 1233 ,τῷ
2242 1163 2367 1232 υίῷ,
2407 1166 2733 1235 προσεκύνει
2773 1184 2831 1219 τε
2866 1169 2959 1220 καὶ
3008 1170 3283 1238 ἠσπάζετο
3319 1171 3412 1223 τὴν
3460 1169 3554 1239 βα-

305 1251 500 1315 σιλέως
524 1254 696 1319 πόδα,
733 1257 826 1309 καὶ
862 1256 1063 1320 πολλὰς
1111 1258 1393 1325 ὡμολόγει
1430 1260 1664 1330 χάριτας
1729 1262 1927 1330 ἐκείνῳ
1956 1278 2017 1313 τε
2049 1261 2150 1331 τῆς
2215 1262 2559 1331 εὐεργεσίας,
2601 1266 2700 1317 καὶ
2744 1266 2936 1338 Κράλῃ
2967 1264 3061 1318 τοῦ
3097 1266 3553 1319 συνεπιλαϐέσθαι

305 1346 441 1412 πρὸς
474 1346 553 1399 τὸ·
590 1347 776 1416 ἔργον.
826 1348 997 1402 Τοῦτο
1035 1351 1091 1403 δὲ
1147 1351 1329 1420 λόγοις
1369 1353 1529 1422 μόνον
1567 1354 1875 1407 συνετίθετο
1915 1352 2123 1422 ψιλοῖς·
2158 1356 2349 1422 ὅρκοις
2394 1354 2451 1408 δὲ
2512 1355 2546 1426 ἢ
2613 1356 2835 1429 δεσμοῖς
2870 1374 3015 1412 τισιν
3049 1359 3233 1423 ἄλλοις
3281 1361 3415 1429 πρὸς
3458 1358 3553 1411 τὸν

303 1438 482 1508 γάμον
514 1441 611 1493 οὐκ
644 1443 968 1513 ἐχρήσαντο.

1593 1566 1762 1637 510
1798 1564 2031 1622 CAPUT
2072 1565 2261 1622 xux.

302 1648 605 1732 Imperator
639 1654 1006 1732 cumgauiriliis
1035 1654 1237 1712 Pheras
1270 1661 1427 1732 venit.
1459 1658 1649 1732 Syrges
1681 1661 1741 1726 ﬁt
1766 1661 2160 1732 Armeniorum
2191 1676 2283 1732 rea:
2307 1661 2433 1730 jure
2468 1669 2709 1732 paterno.
2740 1661 2948 1720 Pheraei
2973 1665 3288 1720 deditionem
3323 1671 3559 1732 pertina-

377 1723 507 1803 citer
540 1730 807 1803 recusant.
848 1723 1055 1803 Ducunt
1086 1737 1134 1779 et
1161 1730 1416 1803 eagercitus
1469 1723 1638 1803 uici-bi
1668 1723 1717 1783 et
1747 1731 1972 1803 funera.
1996 1723 2335 1803 Apocauchu's
2372 1723 2743 1803 Christapolim
2791 1735 3039 1803 pra-sidia
3073 1737 3253 1789 mittit.
3297 1723 3556 1793 Triballos

378 1789 715 1874 abituricntes
746 1793 1082 1874 imperatoris
1114 1800 1284 1874 purior
1308 1801 1516 1874 retinet.
1548 1789 1776 1874 Romani
1802 1789 2183 1874 tumuituuntes
2205 1800 2269 1852 ab
2293 1801 2477 1874 eodem
2502 1789 2668 1874 amice
2701 1789 3064 1862 increpantur.
3100 1803 3270 1858 Facta
3301 1789 3558 1874 potestate

375 1859 594 1946 piari-inti
648 1861 711 1913 ab
772 1878 830 1914 eo
880 1859 1254 1935 Christopolim
1317 1870 1606 1922 discedunt.
1672 1870 1882 1924 Ducum
1933 1866 2121 1923 ibidem
2186 1870 2502 1940 perjurium.
2565 1859 2987 1943 Transfugarum
3055 1859 3130 1929 had
3187 1859 3558 1946 imperatorem

376 1944 622 1986 νεοενειο.

374 2050 528 2104 Μετὰ
554 2048 609 2101 δὲ
638 2049 796 2104 τοῦτο
824 2053 921 2123 τὴν
954 2054 1221 2132 στρατιὰν
1268 2054 1602 2127 παραλαϐὼν
1634 2055 1738 2125 ἤδη
1770 2073 1876 2108 πα-

2051 2053 2324 2120 Prazcipiti
2382 2052 2569 2111 aestate
2628 2056 2949 2127 imperator,
2999 2056 3158 2114 Crale
3214 2074 3340 2114 cum
3385 2074 3557 2114 uxore

310 2145 756 2213 ρεσκευασμένην
787 2148 917 2216 περὶ⁹
947 2145 1140 2216 θέρους
1177 2147 1404 2211 ἐκϐολὰς
1426 2148 1545 2216 ἅμα
1569 2149 1662 2200 καὶ
1688 2148 1878 2219 Κράλη

1997 2160 2158 2213 isque
2211 2145 2278 2199 ad
2342 2146 2581 2201 conﬁnia
2639 2148 3132 2218 prosequentibus,
3176 2149 3361 2218 ibique
3410 2150 3555 2205 dicta

314 2236 447 2303 μετᾶ
504 2237 765 2317 γυναικὸς
821 2239 1213 2308 παρεπομένου
1264 2238 1391 2317 ἄχρι
1448 2241 1546 2310 τῆς
1595 2240 1881 2309 Ῥωμαίων

1997 2237 2159 2291 salute
2190 2237 2603 2303 recedentibus,
2633 2253 2758 2293 cum
2795 2242 2998 2309 paratis
3052 2252 3108 2297 et
3134 2242 3421 2298 altributis
3452 2244 3556 2298 sibi

314 2327 451 2393 ὅρων
478 2313 797 2396 ἡγεμονίας.
836 2328 1068 2382 Ἐκεῖνοι
1101 2330 1199 2399 μὲν
1247 2313 1387 2393 οὖν,⁷
1411 2332 1722 2402 ἀνεχώρουν
1754 2349 1882 2384 συν-

1997 2329 2158 2398 aopiis
2185 2330 2392 2384 Pheras
2420 2331 2687 2400 processit
2722 2350 2735 2386 :
2771 2331 2866 2386 ubi
2915 2331 2982 2386 ad
3013 2332 3254 2387 triduum
3287 2348 3513 2388 manens
3540 2372 3556 2391 .

313 2417 623 2483 ταξάμενοι.
656 2419 920 2484 Βασιλεὺς
963 2421 1020 2474 δὲ
1061 2421 1159 2491 τὴν
1183 2424 1525 2493 τεταγμένην
1555 2424 1694 2493 ἔχων
1722 2442 1886 2495 στρα-

308 2511 452 2574 τιὰν,
484 2512 978 2583 ἐστρατοπέδευσεν
1005 2516 1061 2567 ἐν
1100 2516 1320 2586 Φεραῖς,
1355 2519 1450 2569 καὶ
1497 2517 1759 2587 διήγαγεν
1791 2519 1885 2573 ἐπὶ

307 2603 490 2673 τρισὶν
514 2606 749 2675 ἡμέραις
775 2606 1160 2676 διαλεγόμενος
1186 2609 1439 2674 Φεραίοις
1469 2612 1599 2678 περὶ
1621 2609 1716 2664 τοῦ
1752 2628 1883 2681 προ-

309 2696 543 2764 σχωρεῖν
571 2696 739 2766 αὐτῷ.
776 2694 990 2767 Συργὴς
1020 2698 1132 2768 γὰρ
1186 2700 1327 2767 μετὰ
1366 2700 1463 2772 τὴν
1496 2702 1756 2756 ἐπάνοδον
1785 2705 1885 2771 τὴν

308 2786 376 2838 ἐκ
399 2786 880 2858 Γυναικοκὰστρου
910 2790 1107 2857 Φεραῖς
1143 2790 1324 2859 ὀλίγον
1354 2793 1724 2863 ἐνδιατρίψας,
1753 2789 1888 2864 ἦλθε

315 2877 451 2945 πρὸς
484 2877 801 2940 Βυζάντιον.
837 2882 1108 2934 Κάκεῖθεν
1136 2883 1217 2944 είς
1258 2883 1551 2954 Ἀρμενίαν
1589 2886 1885 2958 ἀπεχώρη-

317 2985 428 3035 σεν,
471 2969 776 3036 Ἀρμενίων
802 2972 893 3025 ἐπὶ
921 2973 981 3026 τὸ
1014 2973 1201 3042 σφίσιν
1232 2974 1423 3044 ἄρχειν
1451 2976 1614 3030 αὐτὸν
1648 2994 1891 3047 προσκα-

313 3061 626 3132 λεσαμένων
665 3065 1020 3135 ὲκπατρῴου
1056 3066 1447 3137 προσηκούσης
1500 3067 1650 3139 αὐτῷ
1684 3068 1886 3139 κλήρου

311 3154 412 3223 τῆς
456 3154 654 3224 ἀρχῆς.
684 3156 908 3227 Φεραῖοι
956 3157 1012 3209 δέ
1072 3158 1227 3217 οὐδὲν
1281 3158 1484 3227 μᾶλλον
1534 3160 1565 3229 ἢ
1624 3161 1888 3231 πρότερον

308 3243 457 3318 ἦσαν
509 3248 724 3319 βασιλεῖ
771 3249 848 3321 τῷ
880 3231 1322 3321 καντακουζηνῷ
1378 3253 1889 3321 παρεσκευασμένοι

317 3340 598 3411 πολεμεῖν,
635 3345 729 3396 καὶ¹
765 3320 890 3405 τοὺς
919 3344 1249 3411 προσιόντας
1285 3320 1379 3396 ἐπὶ
1427 3344 1505 3415 τῷ
1537 3320 1881 3413 διαλέγεσθαι

312 3432 484 3492 λίθοις
532 3431 755 3484 ἔϐαλλον
800 3433 895 3485 καὶ
937 3431 1148 3502 βέλεσιν
1202 3432 1309 3486 ἀπὸ
1339 3432 1450 3487 τῶν
1478 3435 1693 3505 τειχῶν.
1724 3436 1887 3490 Ὅθεν

314 3524 413 3576 καὶ
444 3525 477 3592 ἡ
529 3523 760 3589 στρατιὰ
799 3522 873 3585 ὡς
918 3522 1195 3592 πολεμίων
1224 3524 1398 3587 ἀδεῶς
1444 3524 1543 3595 τὴν
1572 3526 1751 3599 χώραν
1778 3530 1889 3582 διε-

250 3688 259 3695 ν
315 3616 576 3687 πόρθρυν.
624 3617 718 3671 Ἐν
750 3611 794 3683 ᾧ
836 3615 892 3670 δὲ
942 3614 1116 3670 ταῦτα
1171 3617 1429 3682 ἐτελεῖτο,
1481 3618 1724 3688 Βράκτος
1781 3621 1890 3673 τῶν

313 3704 735 3779 ἡγεμόνων’τῆς
775 3710 1037 3780 στρατιᾶς
1086 3709 1113 3760 6
1159 3708 1590 3780 διαφορώτατος,
1641 3711 1887 3780 ἐνόσησε,

315 3807 414 3858 καὶ
450 3804 879 3875 διεκαρτέρησεν
927 3805 1046 3856 ἐκεῖ
1098 3805 1130 3872 ἡ
1176 3804 1407 3871 στρατιὰ
1457 3805 1887 3874 ἐστρατοπεδευ-

321 3898 456 3967 μένη
492 3897 623 3967 μίαν
661 3897 876 3968 ἡμέραν
908 3897 1001 3948 ἐπὶ
1039 3890 1194 3949 δέκα.
1240 3895 1396 3948 Ἐπεὶ
1424 3894 1470 3948 δ’
1505 3897 1714 3957 ἐκεῖνος
1745 3897 1891 3967 ῥᾴων

313 3987 410 4061 ἦν,
439 3990 672 4058 Λίϐερος
704 3990 986 4058 κατείχετο
1038 3990 1105 4057 τῇ
1158 3988 1316 4057 νόσῳ,
1349 3988 1442 4040 καὶ
1475 3987 1583 4041 ἔδει
1638 3988 1891 4043 τοσοῦτον

317 4085 513 4155 χρόνον
544 4082 880 4153 περιμένειν,
904 4082 936 4153 ἢ
964 4083 1057 4134 καὶ
1082 4082 1274 4135 πλείω.
1317 4080 1630 4143 Ῥαῖσαντος
1662 4082 1716 4134 δὲ
1745 4084 1892 4137 ὲκεί-

317 4193 435 4237 νου.
466 4177 514 4229 οί
537 4176 714 4229 λοιποὶ
745 4173 965 4227 ἐνόσουν
997 4173 1107 4225 τῶν
1135 4171 1437 4243 ἀρχόντων,
1473 4173 1567 4225 καὶ
1597 4174 1628 4243 ἠ
1660 4175 1890 4244 στρατιὰ

318 4269 584 4337 σύμπασα
635 4266 840 4337 σχεδόν.
898 4265 1130 4327 Μέλιτος
1179 4267 1287 4334 γὰρ
1347 4263 1751 4341 ἐμφορούμενοι
1796 4267 1891 4318 καὶ

316 4359 520 4431 κρεῶν,
547 4352 621 4412 ὧν
654 4360 687 4428 ἡ
718 4358 873 4426 χώρα
926 4355 1452 4426 μάλιστα”εύπόρει,
1490 4353 1611 4408 εἶτα
1658 4356 1888 4409 ἀποθλί-

316 4455 504 4516 ϐοντες
533 4453 626 4505 καὶ
658 4450 957 4519 σταφυλὰς,
1011 4449 1105 4503 καὶ
1137 4446 1231 4500 τοῦ
1269 4448 1636 4518 ἀπορρέοντος
1694 4449 1892 4509 αὐτίκα

316 4543 742 4615 ἐμφορούμενοι,
778 4545 857 4609 είς
901 4539 1171 4609 πυρετοὺς
1213 4539 1505 4592 ἐνέπιπτον
1543 4541 1636 4594 καὶ
1663 4538 1889 4609 φθοράς.

320 4639 559 4691 Ἔπειτα
579 4634 922 4703 ἀπέθνησκον
954 4631 1425 4701 κατεργαζόμενοι
1456 4633 1560 4685 ὑπὸ
1588 4632 1688 4701 τῆς
1709 4631 1887 4684 νόσου.

318 4823 418 4878 καὶ
447 4823 546 4890 τῆς
580 4820 844 4889 στρατιᾶς
881 4817 1024 4886 ὑπὲρ
1070 4816 1463 4878 πεντακοσίους
1517 4816 1614 4868 καὶ
1666 4812 1890 4884 χιλίους,

332 4909 626 4980 Ῥωμαίων
656 4908 714 4961 δὲ
748 4907 857 4962 τῶν
897 4906 1112 4976 βασιλεῖ
1147 4907 1415 4960 συνόντων
1468 4907 1592 4959 οὐδὲ
1627 4902 1731 4973 εἷς,
1771 4907 1897 4962 οὔτε

326 5006 435 5078 μὴν
494 5005 774 5074 ἐνόσησεν.
816 5000 1156 5066 Ἀπόκαυχος
1207 4998 1263 5049 δὲ
1315 5000 1342 5050 ὁ
1394 4998 1569 5067 μέγας
1619 4998 1743 5064 δοὺξ
1775 4998 1900 5052 ἐπεὶ

324 5096 560 5152 ἐπύθετο
581 5096 671 5147 τὸν
686 5090 1145 5161 Καντακουζηνδν
1170 5089 1397 5159 βασιλέα
1421 5089 1685 5156 στρατιὰν
1707 5089 1902 5159 ἔχοντα

327 5192 393 5244 ἐκ
422 5186 708 5258 Τριϐαλῶν
754 5186 884 5254 περὶ
914 5183 1092 5253 Φερὰς
1138 5168 1705 5249 ἐστρατοπεδευμένον
1736 5180 1899 5245 εἶναι,

331 5279 599 5351 μέλλοντα
630 5281 708 5341 είς
764 5275 1148 5344 Διδυμότειχον
1198 5272 1518 5339 ἐπανήκειν,
1570 5271 1710 5324 κατὰ
1736 5274 1902 5342 τάχος

328 5373 548 5440 ἔπεμπε
572 5369 822 5440 τριήρεις
846 5368 925 5428 είς
950 5360 1366 5433 Χριστούπολινο
1399 5359 1517 5431 ἅμα
1539 5360 1597 5412 δὲ
1622 5362 1719 5414 καὶ
1742 5379 1905 5433 στρα-

329 5463 453 5517 τιὰν
481 5464 546 5514 ἐκ
578 5460 679 5529 τῆς
713 5458 967 5529 ἠπείρου,
1012 5456 1088 5518 ὠς
1126 5455 1187 5507 τὸ
1218 5455 1397 5507 ἐκεῖσε
1436 5451 1696 5521 τείχισμα
1727 5453 1900 5521 φυλά-

332 5555 522 5619 ξοντας
574 5550 669 5603 καὶ
723 5547 1066 5606 κωλύσοντας
1108 5541 1410 5595 διαϐαίνειν
1466 5539 1564 5611 τὴν
1620 5536 1901 5607 στρατιάν.

329 5641 443 5698 Ἤν
477 5643 585 5712 γὰρ
613 5641 641 5693 ὁ
666 5640 829 5700 τόπος
864 5635 1186 5704 ἐπιτηδείως
1228 5632 1369 5703 ἔχων
1411 5633 1492 5694 είς
1522 5629 1769 5699 φυλακὴν
1807 5627 1904 5699 τὴν

332 5738 398 5788 ἐκ
450 5736 560 5787 τῶν
602 5732 858 5793 ὁπλιτῶν,
907 5729 969 5780 οὐ
1022 5728 1112 5780 διὰ
1157 5726 1247 5779 τὸν
1281 5725 1660 5795 ἐπιτειχισμὸν
1723 5721 1903 5791 μόνον,

334 5826 454 5883 ἀλλ’
492 5827 577 5879 ὅτι
613 5824 705 5878 καὶ
738 5819 1072 5893 κρημνώδης
1102 5818 1199 5884 ὣν,
1230 5815 1487 5871 δύσκολον
1537 5817 1651 5878 τοῖς
1681 5813 1907 5868 ἱππεῦσι

342 5920 638 5990 παρείχετο
671 5917 769 6007 τὴν
816 5915 1007 5979 δίοδον,
1055 5910 1288 5983 μάλιστα
1338 5912 1387 5963 εί
1440 5909 1534 5963 καὶ
1585 5905 1691 5960 ὑπό
1742 5921 1906 5959 τινων

1986 2435 2113 2474 cum
2159 2420 2399 2475 Phcrmis
2449 2422 2516 2475 de
2562 2420 2844 2477 deditione
2888 2422 3018 2492 egit.
3076 2421 3275 2493 Syrch
3324 2424 3472 2478 enim
3527 2438 3561 2476 e
3601 2431 3609 2439 ’

1985 2511 2407 2582 Gynaecocastro
2425 2528 2700 2577 reversus,
2728 2529 2837 2568 non
2864 2513 2960 2567 diu
2988 2512 3180 2569 Pheris
3206 2515 3512 2569 subsistens
3542 2556 3559 2578 ,

1991 2602 2302 2671 Byzantium
2334 2602 2567 2671 petivit;
2625 2603 2752 2658 inde
2808 2604 2862 2658 in
2891 2605 3237 2667 Armeniam,
3275 2607 3342 2659 ab
3372 2605 3564 2661 Arme-

1988 2693 2096 2747 niis
2121 2693 2187 2747 ad
2222 2701 2521 2762 sceptrum,
2545 2693 2597 2748 ei
2623 2708 2690 2748 ex
2738 2703 2963 2764 paterna
2995 2706 3143 2750 sorte
3193 2696 3437 2751 debitum
3463 2712 3567 2750 vo-

1988 2796 2167 2856 catus,
2195 2787 2472 2841 discessit.
2495 2787 2703 2842 Pheraei
2737 2788 2913 2842 nibilo
2943 2791 3116 2859 magis
3148 2806 3309 2858 quam
3338 2799 3464 2846 ante
3496 2771 3564 2845 ad

1987 2877 2357 2932 Cantacnzeni
2398 2888 2586 2947 partes
2617 2879 3074 2949 propendebant,
3129 2889 3185 2935 et
3242 2883 3567 2938 accedentés

1991 2970 2056 3023 ad
2090 2970 2517 3040 colloquendum
2567 2971 2712 3025 saxis
2767 2987 2832 3026 ac
2877 2972 3000 3028 telis
3025 2973 3092 3028 de
3130 2990 3288 3028 muro
3333 2976 3565 3043 repelle-

1989 3063 2119 3118 bant
2149 3081 2164 3121 :
2198 3080 2371 3134 quare
2426 3066 2707 3120 exercitus
2761 3080 2953 3134 agrum
2989 3076 3050 3120 ut
3082 3066 3334 3121 hostilem
3372 3083 3567 3123 secure

1991 3155 2338 3211 devastabat.
2372 3155 2509 3209 Dum
2537 3156 2654 3210 haec
2684 3164 2942 3226 aguntur,
2978 3157 3206 3212 Bractus
3229 3161 3569 3224 praestantis-

1991 3246 2164 3301 simus
2211 3261 2243 3300 e
2292 3245 2526 3301 ducibus
2559 3246 2753 3301 morbo
2807 3248 3127 3318 corripitur,
3157 3250 3466 3320 mansitque
3498 3267 3567 3307 eo

1992 3339 2099 3394 loci
2137 3344 2414 3395 exercitus
2463 3341 2582 3396 dies
2625 3341 2904 3396 undecim.
2942 3342 3237 3411 Postquam
3284 3345 3336 3399 ci
3371 3345 3568 3400 melius

1996 3439 2081 3485 est.
2131 3432 2336 3486 factum
2365 3472 2381 3498 ,
2425 3432 2658 3489 Liberus
2711 3448 2976 3505 aegrotare
3010 3438 3196 3506 cepit,
3238 3451 3568 3506 rursumque

1997 3522 2197 3578 diebus
2225 3525 2477 3589 totidem,
2507 3534 2602 3581 aut
2628 3527 2794 3582 etiam
2827 3528 3078 3597 pluribus
3108 3528 3219 3584 illic
3247 3529 3569 3584 haerendum

1997 3619 2121 3674 fuit.
2182 3620 2285 3676 Ubi
2337 3621 2382 3676 is
2425 3637 2646 3691 quoque
2680 3624 2981 3687 convaluit,
3034 3624 3273 3694 reliquos
3310 3626 3480 3681 duces
3506 3640 3571 3680 ac

2000 3717 2171 3763 totum
2208 3710 2381 3764 ferme
2433 3713 2735 3766 exercitum
2773 3712 3105 3768 valetudinis
3150 3713 3572 3769 incommoditas

1997 3801 2260 3870 pervasit.
2290 3800 2570 3865 Siquidem
2625 3804 2786 3859 melle
2810 3814 2867 3860 et
2896 3784 3173 3869 carnibus,
3198 3806 3397 3874 quibus
3422 3805 3571 3874 regio

1998 3893 2235 3947 maxime
2270 3892 2537 3958 abundat,
2568 3893 2695 3949 farti
2730 3911 2795 3950 ac
2831 3896 3079 3962 distenti,
3129 3897 3332 3952 deinde
3360 3914 3424 3951 ex
3452 3903 3573 3952 uvis

1999 3986 2330 4053 compressis
2393 3995 2571 4040 musto
2614 3985 2888 4043 deﬂuente
2934 3987 3139 4051 obruti,
3180 3989 3235 4041 in
3274 3988 3458 4043 febres
3498 4000 3574 4043 eet

2001 4078 2179 4132 labem
2231 4075 2598 4130 incidebant:
2633 4083 2746 4130 tum
2805 4077 2879 4130 ita
2929 4077 3163 4132 confecti
3230 4078 3572 4144 interibant,

2000 4173 2414 4239 praesertinrque
2470 4169 2862 4223 honoratorum
2898 4184 3011 4223 non
3054 4171 3212 4239 pauci
3260 4171 3573 4225 morieban-

2002 4271 2110 4316 tur.
2141 4261 2216 4315 De
2242 4261 2507 4330 gregariis
2535 4269 2716 4314 autem
2749 4260 2961 4313 animas
2983 4259 3196 4328 liquere
3224 4274 3388 4328 supra
3423 4261 3574 4317 mille

2000 4354 2333 4423 quingentos
2383 4369 2398 4406 :
2436 4352 2831 4408 Romanorum
2876 4366 3039 4405 nemo
3076 4367 3145 4405 ne
3186 4360 3422 4406 tentatus
3450 4354 3577 4421 qui-

2001 4447 2125 4500 dem
2162 4454 2263 4499 est.
2310 4443 2676 4518 Apocauchus
2714 4457 2943 4510 magnus
2964 4441 3096 4509 dux,
3135 4452 3196 4496 ut
3220 4441 3577 4498 'Cantacuze-

2001 4553 2133 4592 num
2180 4550 2304 4591 cum
2341 4534 2516 4602 copiis
2545 4532 2878 4597 Triballicis,
2916 4547 3088 4601 prope
3118 4533 3327 4587 Pheras
3351 4549 3575 4588 moran-

2001 4637 2108 4682 tem
2138 4666 2153 4692 ,
2204 4624 2647 4695 Didymoticbum
2703 4638 3049 4678 reversurum
3086 4624 3347 4687 rescivit.
3393 4626 3576 4680 subito

222 4729 233 4743 ³
319 4732 434 4785 Καὶ
451 4730 560 4784 τῶν
588 4745 649 4781 τε
677 4728 917 4797 μάλιστα
937 4727 996 4777 ἐν
1018 4726 1160 4793 λόγῳ
1183 4724 1546 4797 ἐτεθνήκεσαν
1573 4724 1673 4777 οὐκ
1699 4723 1889 4787 ὀλίγοι,

2003 4719 2256 4774 triremes
2307 4717 2699 4786 Chrismpolim
2737 4755 2753 4780 ,
2811 4716 3085 4785 simulque
3143 4733 3211 4770 ex
3269 4717 3577 4772 continenti

1998 4826 2222 4869 manum
2251 4809 2321 4865 ad
2351 4824 2568 4864 murum
2603 4807 2807 4862 ibidem
2858 4808 3313 4872 custodiendum,
3344 4817 3400 4863 et
3430 4819 3578 4863 tran-

1995 4902 2106 4956 situ
2164 4900 2320 4955 illum
2354 4900 2765 4970 prohibendum
2827 4900 3000 4955 misit.
3048 4900 3181 4955 Erat
3232 4900 3378 4954 enim
3418 4900 3573 4956 locus

1998 4993 2309 5048 defensioni
2369 4993 2603 5048 idoneus
2638 4993 2822 5063 gravis
2883 5002 3177 5048 armaturas
3221 4993 3405 5057 militi,
3464 5008 3574 5047 non

2000 5092 2227 5153 propter
2285 5085 2428 5139 muri
2485 5084 2835 5138 altitudinem
2894 5084 3182 5150 duntaxat,
3261 5084 3418 5153 511
3481 5086 3583 5161 secl.

2003 5175 2132 5244 quia
2189 5182 2416 5244 propter
2466 5174 2769 5244 praecipitia
2818 5190 3038 5245 quoque
3099 5175 3485 5245 (potissimum
3531 5177 3577 5228 si

2003 5264 2415 5335 prohibentium
2451 5265 2536 5319 vis
2618 5263 2898 5326 adesset)
2966 5266 3140 5334 equiti
3200 5264 3577 5334 perdiﬂicilem

2000 5358 2294 5411 transitum
2348 5355 2637 5411 eﬁiciebnt.
2693 5355 2921 5411 Triballi
2968 5365 3191 5425 propter
3219 5356 3470 5410 morbum
3523 5367 3609 5410 et.‘

2001 5449 2321 5520 quotidiana
2371 5449 2668 5502 multorum
2700 5448 2913 5511 funera,
2954 5463 3018 5501 ac
3056 5448 3385 5515 praesertim,
3431 5449 3576 5516 quod

2005 5530 2224 5594 murum
2283 5553 2378 5593 seu
2416 5539 2779 5592 munitionem
2826 5538 2976 5592 illam
3006 5555 3034 5591 ιι
3061 5538 3323 5591 Romanis
3348 5553 3581 5605 occupa-

2007 5638 2118 5684 tam
2170 5629 2615 5694 intellexissent,
2672 5628 2864 5683 Pheris
2916 5628 2968 5681 in
2989 5628 3218 5697 patriam
3258 5628 3441 5695 redire
3469 5639 3580 5683 sta-

2007 5732 2250 5777 tuerunt.
2278 5723 2596 5792 Imperator
2648 5737 2771 5775 cum
2824 5735 2921 5774 eos
2969 5736 3000 5773 a
3040 5712 3252 5774 'morbo
3299 5729 3407 5772 tam
3441 5721 3580 5772 male
3645 5790 3649 5794 θ

2006 5814 2238 5869 affectos
2274 5814 2342 5867 ad
2378 5814 2706 5869 manendum
2760 5827 2953 5880 cogere
2990 5827 3096 5865 non
3128 5819 3352 5881 posset,
3405 5810 3583 5864 omni-

2010 5904 2113 5959 bus
2146 5904 2471 5975 proceribus
2515 5920 2579 5983 ac
2628 5904 2861 5985 ducibus
2902 5905 3238 5970 convocatis,
3267 5918 3361 5983 eos
3398 5902 3559 5958 horta
