4014 6446
539 495 646 560 Ξ83

1742 496 2065 559 JOANNIS
2101 495 2630 559 CANTACUZENI
3098 493 3116 511 '
3704 467 3793 561 te

535 624 648 677 tur,
677 627 748 666 ne
781 611 982 681 pusillo
1012 611 1129 666 sint
1151 611 1358 675 animo,
1384 626 1521 666 neve
1552 611 1692 666 hanc
1708 613 2109 668 frustrationem

2228 614 2545 667 κωλυοιντο.
2598 614 2661 666 Oi
2714 609 2978 683 Tpt61'm‘t
3025 610 3082 663 δὲ
3133 611 3387 669 μάλιστα
3443 610 3548 682 μὲν
3594 607 3678 666 διὰ
3713 617 3795 684 τὴν

534 707 592 761 in
651 705 810 759 malis
855 713 1178 768 numerent;
1230 703 1326 758 sed
1387 703 1517 758 illud
1559 705 1881 770 cogitantes,
1927 707 2113 759 divina

539 797 893 868 providentia
965 797 1378 850 universitatem
1427 796 1851 860 administrari,
1907 812 1963 852 et
2002 813 2112 851 non

534 905 697 960 posse
727 906 755 942 a
783 890 896 943 Deo
923 890 1222 958 quidquam
1251 891 1394 953 fieri,
1417 892 1562 958 quod
1587 905 1697 944 non
1733 891 1922 944 deceat
1952 889 2067 944 fieri
2095 932 2110 956 ,

533 981 664 1035 boui
701 981 1074 1040 consulerent.
1103 984 1397 1050 omniaque
1432 982 1502 1036 ab
1549 982 1642 1036 illo
1672 982 1740 1035 ad
1775 984 2114 1038 emolumen-

533 1082 650 1126 tum
687 1090 846 1126 suum
881 1075 994 1126 licri
1037 1074 1558 1141 interpretarentur.
1587 1073 1651 1127 Et
1687 1089 1830 1129 nunc
1863 1075 2111 1143 quidem,

532 1165 757 1233 inquit,
798 1163 1022 1218 domum
1062 1165 1398 1229 redibimus;
1437 1180 1547 1218 non
1583 1165 1756 1218 multo
1802 1176 1982 1222 autem
2026 1166 2113 1219 in-

533 1259 851 1312 tercedente
905 1267 1153 1326 tempore
1207 1273 1433 1310 rursum
1489 1257 2114 1328 iustructi,Didymoti-

535 1350 725 1415 chum,
752 1352 795 1405 si
833 1350 947 1404 Deo
978 1351 1271 1420 placuerit,
1307 1361 1576 1421 petemus.
1617 1353 1842 1408 Triballi
1889 1371 2114 1424 magnas

532 1441 850 1510 imperatori
885 1442 954 1495 de
976 1441 1353 1496 admonitione
1383 1445 1586 1505 gratias
1614 1461 1794 1514 agere.
1819 1445 1932 1500 Etsi
1963 1449 2110 1501 enim

533 1534 603 1587 de
640 1537 820 1588 reditu
846 1536 984 1589 mire
1016 1537 1361 1601 laetarentur,
1397 1549 1576 1594 tamen
1609 1541 2025 1610 imperatorem,
2064 1542 2110 1596 si

535 1643 602 1680 eo
627 1627 802 1680 invito
833 1628 1099 1682 recedere
1130 1629 1475 1696 viderentur,
1510 1630 1772 1687 nolebant
1807 1633 2112 1688 offendere.

505 1726 510 1732 '
536 1717 772 1771 Romani
799 1719 1152 1785 stomachari,
1181 1736 1244 1774 ac
1275 1732 1505 1790 putare,
1533 1739 1591 1778 se
1621 1725 1687 1778 ad
1740 1723 2111 1780 Acheruntem

535 1809 616 1861 ire
672 1809 974 1878 compelli,
1041 1812 1546 1882 tttmultttautesque
1607 1824 1663 1868 ct
1701 1816 1972 1870 seditione
2008 1817 2115 1871 fre-

532 1910 748 1955 mentes
781 1901 1168 1972 Christopolim
1195 1905 1346 1959 abire
1376 1907 1535 1965 Velle.
1563 1906 1883 1976 imperator,
1918 1924 2110 1962 eorum

2225 707 2414 769 νόσον,
2447 707 2543 758 καὶ
2583 707 2644 757 τὸ
2689 703 2921 763 πολλοὺς
2973 703 3360 770 ἀποθνήσκειν
3423 702 3549 755 καθ’
3581 703 3792 773 ἠμξραν,

2225 798 2325 866 οὐχ
2356 798 2559 866 ἥκιστα
2603 796 2661 848 δέ
2693 797 2787 848 καὶ
2818 793 2904 846 διὰ
2938 793 2999 847 τὸ
3027 792 3308 846 πυθέσθαι
3338 793 3403 846 τὸ
3430 794 3689 865 τείχισμα
3712 798 3796 849 ὑπὸ

2235 889 2525 958 Ῥωμαίων
2583 889 2972 958 κατεχόμενον,
3029 887 3412 957 ἀναστρέφειν
3459 885 3703 954 ἔγνωσαν
3746 891 3795 942 ὲκ

2223 983 2333 1036 τῶν
2388 982 2575 1052 Φερῶν
2635 982 2772 1052 πρὸς
2825 980 2923 1049 τὴν
2975 979 3204 1032 οἰκείαν.
3265 979 3549 1033 Βασιλεὺς
3598 974 3653 1030 δὲ
3699 980 3799 1032 ἐπεὶ

2226 1075 2513 1148 βιάζεσθαι
2539 1073 2638 1127 οὐκ
2673 1073 2798 1142 ἐνῆν
2826 1070 2971 1124 οὕτω
3011 1073 3332 1139 πάσχοντας
3359 1071 3556 1134 κακῶς
3589 1069 3690 1123 ὑπὸ
3718 1074 3800 1140 τῆς

2223 1170 2409 1230 νόσου,
2442 1168 2567 1229 τοὺς
2599 1166 2656 1222 ἐν
2683 1165 2830 1216 τέλει
2869 1165 3081 1226 πάντας
3103 1163 3196 1216 καὶ
3237 1164 3536 1232 ἡγεμόνας
3588 1181 3799 1230 συναγα-

2220 1261 2358 1330 γὼν,
2419 1261 2655 1332 παρῄνει
2718 1259 2794 1329 μὴ
2851 1257 3110 1324 ἀθυμεῖν,
3155 1256 3298 1324 μηδὲ
3359 1257 3466 1327 τὴν
3521 1257 3798 1325 ἀποτυχίαν

2220 1354 2428 1421 ταύτην
2459 1354 2535 1415 ὥς
2565 1370 2617 1406 τι
2667 1352 2776 1405 τῶν
2805 1349 3009 1403 δεινῶν.
3042 1348 3371 1417 λογίζεσθαι
3409 1365 3425 1380 ·
3482 1348 3601 1404 ἀλλ’
3647 1352 3797 1403 ἐκεῖνο

2221 1447 2685 1516 ἐνθυμουμένους,
2721 1445 2798 1507 ὡς
2848 1446 3026 1498 πάντα
3081 1444 3182 1512 μὲν
3215 1441 3371 1495 θεοῦ
3414 1442 3649 1513 προνοίᾳ⁵
3688 1443 3796 1495 διοι-

2221 1541 2423 1593 κεῖται.
2471 1538 2759 1592 Ἀδύνατον
2790 1537 2847 1589 δέ
2875 1551 2929 1588 τι
2956 1534 3065 1588 τῶν
3101 1535 3176 1605 μὴ
3205 1535 3456 1589 δεόντων
3495 1535 3590 1588 ὑπ’
3613 1534 3794 1587 ἐκείνου

2222 1629 2560 1699 πράττεσθαι
2593 1628 2776 1682 πάντα
2806 1626 3084 1697 στέργειν.
3117 1626 3195 1687 ὡς
3240 1626 3499 1693 μάλιστα
3527 1626 3794 1686 λυσιτελῶς

2222 1723 2357 1791 ἡμῖν
2385 1721 2738 1791 πραττόμενα
2795 1726 2947 1790 παρὰ
2977 1717 3136 1772 Θεοῦ.
3169 1721 3284 1772 Καὶ
3315 1720 3384 1772 τὸ
3411 1713 3512 1770 νῦν
3548 1718 3644 1787 μὲν
3672 1718 3792 1788 ἔχον,

2223 1813 2705 1884 ἐπανελευσόμεοα
2730 1813 2871 1882 πρὸς
2888 1814 2987 1884 τὴν
3009 1812 3241 1867 οἰκείαν.
3277 1811 3494 1882 Ὀλίγῳ
3515 1813 3572 1866 δὲ
3597 1813 3794 1882 ὕστερον

2225 1909 2388 1963 πάλιν
2437 1907 3018 1976 παρασ-κευασὰμενοι,
3061 1905 3414 1975 ἐλευσόμεθα
3455 1909 3540 1968 είς
3589 1905 3791 1972 Διδυμό-

535 2009 564 2045 a
601 2009 659 2047 se
691 1993 1091 2050 dissensionem
1141 1998 1572 2068 meditatamque
1605 2001 1999 2056 discessionem
2027 2005 2109 2056 vi-

2218 2018 2418 2071 τειχον,
2446 1970 2690 2066 ἄν’φίλ-ον
2770 1970 2911 2067 Gai}.
2938 1999 3000 2050 Οἱ
3035 1997 3134 2066 μὲν
3161 1970 3274 2050 οὖν-
3292 1999 3569 2068 Τριϐαλοὶ
3622 1970 3791 2058 πολλὰς

533 2085 693 2145 deus,
730 2085 992 2140 advocata
1021 2089 1286 2143 concione
1331 2105 1429 2144 eos
1466 2091 1746 2154 admonet,
1784 2107 1892 2146 non
1933 2096 2111 2146 avari-

535 2181 608 2234 tia
662 2193 752 2234 aut
818 2181 1146 2247 ambitione,
1223 2185 1316 2238 sed
1371 2185 1611 2254 ipsorum
1663 2202 1857 2245 causa.
1895 2188 1988 2257 qui
2022 2204 2112 2242 ro-

534 2285 755 2344 gassent
778 2313 793 2337 ,
827 2291 894 2328 ne
929 2292 986 2330 se
1018 2277 1087 2330 ab
1125 2277 1453 2346 Apocaucho
1483 2280 1621 2332 sacri
1679 2281 1919 2335 cubiculi
1970 2298 2110 2352 prte-

493 2416 495 2418 .
536 2367 684 2422 fecto
715 2367 780 2421 ad
811 2369 1134 2422 servitutem
1165 2377 1221 2423 ct
1247 2379 1353 2420 mm
1371 2380 1477 2423 tem
1529 2372 1646 2440 rapi
1682 2381 1979 2440 pateretur.
2009 2375 2114 2426 hoc

532 2460 844 2527 periculum
892 2461 1146 2514 subiisse.
1177 2461 1387 2515 Deinde
1419 2461 1474 2512 iu
1506 2464 1824 2515 memoriam
1857 2464 1939 2516 eis
1969 2465 2116 2517 redi-

532 2547 634 2617 git,
692 2563 814 2617 quae
856 2548 915 2601 in
949 2547 1068 2614 ipso
1105 2548 1232 2601 belli
1263 2548 1563 2617 principio,
1601 2551 1805 2604 dixerit
1843 2564 1859 2610 :
1896 2567 1998 2606 nec
2026 2555 2115 2623 ju-

532 2647 703 2703 stum,
733 2653 835 2692 nec
862 2640 1010 2706 pium
1042 2638 1242 2704 videri,
1273 2655 1419 2693 nunc
1464 2641 1686 2710 quidem
1729 2658 1787 2694 se
1825 2642 1890 2695 ad
1938 2643 2115 2710 impc-

534 2730 678 2783 rimu
715 2730 1112 2798 capessendum
1152 2731 1391 2794 invitari,
1428 2742 1482 2786 et
1538 2733 1678 2786 hanc
1709 2735 1924 2787 unicam
1965 2733 2111 2787 salu—

533 2821 606 2876 tis
637 2821 782 2875 viam
809 2821 1018 2876 censeri
1046 2840 1060 2887 ;
1107 2831 1294 2891 postea
1318 2837 1472 2890 vero,
1498 2823 1541 2878 si
1573 2839 1663 2878 res
1691 2839 1850 2879 secus
1875 2835 2021 2886 eant.
2054 2840 2114 2880 se

440 2928 444 2931 ·
533 2912 955 2967 discriminibus
1006 2914 1442 2967 circumventum
1496 2915 1720 2980 deseri,
1752 2931 1862 2969 uno
1893 2932 2112 2985 quoque

533 3005 884 3076 diﬂ‘uglente,
916 3021 1024 3074 quo
1055 3006 1209 3060 illum
1241 3015 1455 3076 sperata
1489 3016 1648 3062 vocet
1694 3009 1900 3062 utilitas
1930 3027 1942 3063 :
1982 3025 2109 3063 rur~

534 3115 740 3170 susque
800 3101 1094 3165 admouet,
1128 3117 1196 3155 ne
1238 3101 1515 3170 trepident
1552 3103 1788 3166 animis,
1849 3120 1985 3157 neve
2040 3103 2111 3157 ob

533 3191 756 3246 labores
829 3200 884 3246 et
929 3192 1171 3260 pericula
1233 3192 1600 3262 desperationi
1634 3195 1851 3260 cedant,
1888 3195 1982 3249 sed
2013 3211 2112 3264 pro

2221 2093 2454 2162 χάριτας
2503 2091 2819 2161 ὡμολόγουν
2852 2089 3066 2160 βασιλεῖ
3112 2089 3255 2157 πρὸς
3310 2095 3415 2157 τὴν
3463 2087 3786 2158 παραίνεσιν.

2221 2188 2334 2238 Καὶ
2365 2184 2475 2256 γάρ
2508 2202 2592 2237 τοι
2627 2183 2864 2253 μάλιστα
2903 2183 3184 2250 χαίροντες
3221 2182 3372 2250 πρὸς
3399 2181 3502 2248 τὴν
3527 2177 3785 2237 ἐπάνοδον,

2220 2281 2370 2349 ὅμως
2406 2277 2480 2346 μὴ
2513 2274 2882 2346 προσκρούειν
2916 2272 3130 2343 βασιλεῖ
3179 2274 3486 2324 ἐϐούλοντο
3536 2270 3786 2329 δοκοῦντες

2222 2367 2447 2433 ἄκοντος
2473 2373 2801 2439 ἀναχωρεῖν.
2844 2368 3119 2433 Ῥωμαῖοι
3146 2367 3200 2420 δὲ
3240 2369 3303 2420 ὲν
3343 2366 3512 2436 δεινῷ
3555 2365 3782 2420 ἐτίθεντο,

2223 2468 2316 2520 καὶ
2354 2465 2510 2517 οὐδὲν
2545 2463 2799 2532 ἐνόμιζον
2831 2455 3155 2514 ἀπεοικέναι
3202 2462 3308 2528 τὴν
3344 2461 3470 2514 ὁδὸν
3513 2455 3777 2525 maqu

2221 2560 2270 2609 εἰ
2297 2558 2430 2625 πρὸς
2475 2555 2769 2624 Ἀχέροντα
2798 2552 3042 2623 βαδίζειν
3061 2554 3476 2622 ἠναγκάζοντο,
3512 2552 3606 2605 καὶ
3629 2548 3782 2608 δεινῶς

2225 2647 2589 2719 ἐθορυϐοῦντο
2625 2649 2718 2699 καὶ
2751 2645 3098 2711 ἐστασίαζον,
3127 2649 3267 2716 πρὸς
3299 2648 3432 2710 τοὺς
3471 2649 3530 2698 ὲν
3552 2645 3781 2712 Χριστου·

2224 2742 2380 2793 πόλει
2431 2739 2749 2809 βουλόμενοι
2795 2741 3124 2808 ἀποχωρεῖν.
3169 2738 3355 2808 Ὁρῶν
3391 2739 3448 2790 δὲ
3487 2739 3514 2788 ὁ
3560 2733 3781 2806 βασιλεὺς

2222 2834 2322 2903 τὴν
2353 2831 2624 2904 διχόνοιαν
2657 2832 2858 2891 αὐτῶν,
2886 2833 2976 2883 καὶ
3007 2832 3107 2898 τὴν
3141 2831 3550 2899 μελετωμένην
3579 2832 3780 2880 ἀποστα-

2224 2929 2368 2991 σίαν,
2403 2925 2880 2996 περιστησάμενος
2930 2922 3112 2991 ἐαυτῷ
3159 2924 3260 2976 καὶ
3324 2923 3672 2991 ὑπομνήρας,
3720 2916 3778 2974 ὡς

2221 3021 2322 3074 οὐκ
2356 3021 2489 3080 ἰδίας
2515 3017 2852 3082 πλεονεξίας,
2873 3017 2903 3085 ἢ
2923 2999 3091 3084 τιμῆς
3111 3015 3445 3086 ἐπιθυμίας,
3483 3014 3597 3067 ἀλλ’
3628 3007 3776 3062 αὐτῶν

2221 3115 2386 3167 ἕνεκα
2424 3109 2694 3178 δεομένων
2753 3108 2828 3177 μὴ
2885 3110 3174 3180 περιϊδεῖν,
3234 3107 3648 3177 διαφθαρέντας
3701 3098 3775 3150 καὶ

2221 3205 2590 3265 δουλωθέντας
2648 3201 2978 3271 Ἀποκαύχῳ
3035 3201 3113 3268 τῷ
3167 3199 3661 3269 παρακοιμωμένῳ
3701 3190 3774 3242 τὸν

529 3299 599 3338 eo
621 3296 686 3338 ac
721 3284 987 3352 ingenuos
1025 3286 1241 3347 deceat,
1283 3285 1494 3340 excelsa
1523 3299 1576 3340 et
1615 3288 1864 3342 interrita
1895 3299 2109 3350 mente,

2224 3301 2414 3368 ἀγῶνα
2445 3298 2721 3351 ὑπελθεῖν.
2753 3297 2990 3347 Ἔπειτα
3019 3294 3112 3344 καὶ
3139 3285 3213 3346 ὧν
3247 3294 3307 3344 ἐν
3331 3294 3478 3362 ἀρχῇ
3520 3287 3609 3340 τοῦ
3640 3283 3771 3336 πηλί-

531 3377 676 3431 mala
711 3378 863 3432 istaec
889 3379 1148 3433 tolerent.
1179 3378 1333 3431 Haud
1361 3381 1506 3432 enim
1547 3379 1849 3447 quidquam
1876 3380 2109 3449 insigne,

529 3477 587 3522 et
635 3467 911 3522 laudabile
940 3469 1078 3522 citra
1126 3469 1372 3522 laborem
1399 3470 1474 3539 (6)
1498 3487 1527 3523 a
1554 3485 1830 3538 quoquam
1878 3471 2113 3527 feliciter

527 3559 670 3629 geri.
715 3560 808 3612 Sin
841 3559 1086 3613 adversis
1135 3560 1369 3628 amplius
1398 3563 1655 3632 resistere
1691 3577 1984 3633 nequeant,
2015 3567 2110 3621 iis-

531 3666 639 3720 que
680 3650 902 3719 penitus
953 3652 1382 3717 succubuerint,
1418 3654 1684 3724 olilitique
1743 3658 2109 3712 convitiornm

531 3759 596 3799 ac
631 3740 1148 3830 reprehensionum,
1179 3746 1381 3814 quibus
1412 3747 1810 3818 Gynmcocastri
1847 3752 2114 3808 abeuntes

531 3837 788 3892 insectati
823 3836 959 3900 sint,
995 3836 1136 3892 idem
1204 3839 1366 3892 modo
1423 3840 1525 3908 ipsi
1575 3843 1818 3910 cupiant,
1871 3845 2110 3912 primum

528 3925 752 3995 quidem
791 3925 959 3980 etiam
995 3927 1139 3996 ipsos
1165 3927 1289 3996 jure
1336 3927 1689 3994 incusaudos,
1719 3931 1810 4000 qui
1838 3934 2110 4000 prmuissa

528 4015 850 4084 fefellerint,
905 4017 1193 4087 timidique
1215 4028 1274 4072 et
1304 4019 1480 4087 ignavi
1517 4032 1842 4091 appareant,
1891 4026 2111 4092 quando

527 4107 633 4162 sibi
659 4123 825 4177 opera
857 4124 952 4163 sua
986 4110 1283 4179 plurimum
1315 4113 1576 4181 prodesse
1603 4102 2109 4186 debueru’nLSlz

531 4201 764 4266 Deinde,
796 4216 854 4257 se
880 4203 1081 4257 invitos
1111 4219 1219 4257 non
1251 4211 1597 4259 retenturum
1631 4222 1647 4259 :
1676 4221 1778 4260 nec
1805 4208 1951 4262 enim
1982 4210 2111 4264 inde

525 4294 594 4348 ab
626 4293 786 4349 initio
813 4309 872 4350 se
909 4295 1081 4349 ullum
1117 4297 1388 4363 coegisse,
1448 4306 1506 4352 at
1554 4313 1614 4351 se
1645 4300 1830 4368 potius
1867 4316 1988 4369 quae
2015 4317 2113 4354 no-

523 4387 756 4453 luisset,
794 4387 975 4444 facere
1008 4400 1285 4445 coactum.
1322 4389 1429 4445 Sed
1463 4389 1665 4459 quibus
1690 4392 1912 4460 quidem
1943 4408 2110 4448 suave

523 4490 670 4536 esset
693 4480 913 4536 labores
942 4479 1128 4535 secum
1185 4492 1241 4536 et
1270 4482 1538 4551 pericula,
1587 4491 1642 4536 et
1672 4483 1719 4536 si
1753 4493 1979 4537 necesse
2027 4483 2110 4536 fo—

522 4582 626 4635 ret,
659 4583 891 4628 mortem
919 4589 1139 4644 quoque
1172 4587 1285 4644 pra:
1314 4563 1474 4629 bouis
1497 4616 1511 4640 ,
1546 4589 1668 4644 qua:
1725 4575 1871 4644 apud
1921 4575 2108 4632 hostes

2221 3409 2322 3460 μου
2381 3391 2618 3458 μάλιστα
2667 3387 2972 3454 διαλεχθείη
3010 3385 3146 3455 πρὸς
3200 3385 3428 3447 αὐτοὺς,
3474 3384 3548 3442 ὡς
3577 3379 3690 3433 οὔτε
3711 3373 3773 3425 δί-

2218 3500 2394 3540 καιον,
2435 3479 2558 3532 οὔτε
2595 3478 2768 3540 ἄλλως
2794 3478 3038 3539 εύσεδές,
3072 3476 3167 3529 νῦν
3201 3477 3304 3546 μὲν
3335 3477 3548 3537 πάντας
3581 3468 3701 3539 πρδξ
3724 3465 3770 3516 τδ

2219 3572 2445 3642 βασιλέα
2470 3570 2719 3639 γίνεσθαι
2756 3569 3117 3639 παρακαλεῖν,
3160 3571 3255 3622 καὶ
3289 3570 3422 3639 μίαν
3451 3567 3653 3632 ταύτην
3677 3561 3771 3614 ὁδὸν

2220 3665 2494 3736 σωτηρίας
2531 3665 2789 3733 συνορᾷν,
2832 3662 3059 3733 ὕστερον
3088 3662 3143 3715 δὲ
3175 3663 3241 3716 ἂν
3274 3663 3352 3734 μὴ
3385 3661 3530 3716 κατὰ
3574 3656 3770 3728 γνώμην

2215 3760 2282 3810 τὰ
2321 3757 2624 3828 πράγματα
2658 3755 2908 3827 ἐκϐαίνῃ,
2939 3755 3382 3819 καταλείποντας
3408 3754 3569 3808 αὑτὸν
3595 3753 3646 3801 ἐν
3675 3746 3768 3803 τοῖς

2216 3849 2483 3913 κινδύνοις
2533 3849 2766 3901 ἕκαστον
2806 3849 3110 3917 ἀναχωρεῖν
3157 3848 3281 3899 ὅποι
3317 3845 3385 3898 ἂν
3419 3846 3549 3914 δοκῇ
3587 3837 3768 3906 συμψέ·

2221 3960 2356 4010 ρειν.
2393 3939 2548 4005 αὖθις
2592 3940 2828 4012 παρῄνει
2854 3938 3235 4009 μικροψυχεῖν,
3277 3939 3406 4011 μηδ’
3433 3930 3768 4002 ἀπαγορεύειν

2216 4035 2356 4104 πρὸς
2391 4033 2518 4094 τοὺς
2553 4033 2750 4093 πόνους
2783 4032 2878 4082 καὶ
2914 4031 3040 4090 τοὺς
3076 4029 3386 4092 κινδύνους,
3427 4025 3542 4080 ἀλλ’
3566 4019 3765 4090 ἁνξράςι

2214 4127 2539 4198 πρέπουσαν
2589 4125 2862 4193 γενναίοις
2895 4123 3384 4191 ἐπιδεικνυμένους
3442 4117 3692 4186 είιψυχίιν
3719 4124 3762 4158 τε

2213 4220 2309 4273 καὶ
2337 4220 2567 4288 τόλμαν.
2601 4217 2892 4285 καρτερεῖν
2925 4219 2982 4267 ἐν
3015 4217 3129 4277 τοῖς
3173 4214 3394 4277 δεινοῖς.
3432 4213 3562 4266 Οὐδὲ
3598 4207 3694 4274 γάρ
3722 4217 3761 4251 τι

2212 4307 2322 4363 τῶν
2347 4307 2601 4380 μεγάλων
2629 4310 2723 4360 καὶ
2757 4307 3169 4373 ἐπαινουμένων
3193 4306 3324 4360 ἄνευ
3360 4307 3534 4358 πόνων
3565 4303 3624 4354 ἄλ
3652 4293 3762 4347 ποτέ

2212 4418 2317 4454 τινι
2376 4399 2777 4471 κατορθωθείη.
2816 4401 2878 4452 Ei
2929 4399 2973 4451 δ’
3010 4399 3274 4468 ἥττηνται
3330 4398 3672 4449 παντάπασιν
3713 4386 3760 4434 ἐν

2210 4495 2323 4557 τοῖς
2349 4493 2569 4555 δεινοῖς,
2613 4492 2710 4542 καὶ
2733 4491 2982 4561 ἀντέχειν
3014 4491 3150 4559 πρὸς
3184 4491 3324 4542 αὐτὰ
3379 4488 3560 4541 οὐκέτι
3588 4479 3680 4534 οἷοί
3708 4473 3776 4525 τέ’

2212 4590 2374 4654 εἰσιν,
2401 4587 2538 4639 ἀλλὰ
2587 4586 2694 4637 τῶν
2742 4587 3026 4656 προτέρων
3056 4585 3479 4653 ἐπιλελησμένοι
3510 4570 3757 4644 λοιδορῶν

521 4676 872 4737 apparerent,
929 4667 1209 4735 amplecti,
1260 4668 1487 4735 propius
1527 4667 1594 4721 ad
1660 4683 1718 4722 se
1758 4669 2103 4735 accederent,

2217 4682 2307 4734 καὶ
2340 4681 2623 4750 μέμψεων,
2657 4672 2744 4740 αἶς
2766 4681 2892 4737 τοὺς
2920 4681 2982 4730 ἐκ
3006 4678 3479 4745 Γυναικοκαστρου
3511 4665 3756 4726 ἀποστάν·
3786 4749 3789 4751 _

521 4768 585 4812 nt
633 4758 777 4814 scire
829 4767 1016 4828 posset
1043 4796 1056 4820 ,
1087 4773 1322 4827 quorum
1348 4773 1570 4828 operam
1601 4775 1702 4815 suo
1731 4769 1998 4831 tempore,
2041 4778 2106 4818 ac

520 4851 636 4905 Deo
666 4851 975 4919 opitulante
1016 4850 1178 4918 digna
1207 4852 1650 4907 remuneratione
1697 4863 2101 4924 compensaret.

521 4943 624 5007 Qui
675 4941 1019 4997 discriminis
1059 4942 1383 4998 socletatem
1435 4943 1831 5011 detrectarent,
1867 4948 2100 5000 abirent.

520 5035 838 5090 Secundum
884 5035 1004 5088 hare
1053 5036 1238 5088 statim
1273 5037 1324 5089 in
1381 5035 1520 5090 duas
1573 5049 1760 5108 partes
1802 5039 2100 5093 discessum

518 5135 628 5188 est,
658 5134 716 5180 et
748 5125 937 5194 plures
967 5125 1194 5195 quidem
1230 5127 1621 5198 imperatorem
1665 5131 1961 5186 adorantes
2020 5145 2108 5184 re-

517 5223 842 5280 CCSSPI'llltl;
896 5216 1018 5285 plus
1047 5218 1328 5288 quingenti
1377 5220 1652 5276 fortunam
1689 5235 1814 5275 cum
1849 5237 1914 5274 eo
1941 5236 2106 5289 expe-

516 5304 616 5359 riri
645 5305 1079 5362 constituerunt.
1113 5309 1326 5372 Quibus
1378 5312 1446 5366 de
1487 5319 1676 5366 amore
1731 5326 1786 5366 et
1837 5311 1946 5365 itide
1982 5321 2104 5381 ger-

516 5409 679 5452 mana
741 5415 869 5469 erga
914 5418 972 5457 se
1006 5403 1200 5473 gratiis
1251 5405 1410 5469 actis,
1444 5419 1567 5458 cum
1610 5406 1718 5459 illis
1746 5406 1994 5474 reliquiis
2034 5406 2101 5460 ad

517 5487 794 5546 Triballos
818 5507 1074 5550 reversus
1103 5508 1204 5550 est.
1233 5498 1586 5552 Desertorem
1630 5507 1757 5567 pars
1791 5500 1963 5569 major
2005 5503 2104 5556 du-

2207 4789 2304 4835 τας
2338 4771 2588 4832 ἔϐαλλον,
2608 4770 2755 4838 ,πρὸς
2792 4770 2859 4820 τὰ
2893 4771 2983 4820 ἴσα
3014 4767 3303 4836 ὥρμηνται
3338 4769 3431 4820 καὶ
3460 4762 3608 4816 αὐτοὶ
3630 4753 3750 4812 νυνὶ.

2208 4863 2406 4932 πρῶτα
2438 4861 2539 4930 μὲν
2587 4861 2904 4930 μέμφεσθαι
2939 4861 3124 4930 αὐτοῖς
3171 4861 3421 4922 δικαίως,
3453 4857 3525 4918 ὡς
3562 4850 3625 4904 τὰ
3669 4847 3753 4898 ὑπ’·

2207 4955 2489 5026 εσχημένα
2533 4953 2942 5023 παραϐαίνουσι
2971 4993 2985 5017 ,
3041 4955 3137 5006 καὶ
3196 4953 3539 5022 φαινομένοις
3586 4936 3748 4995 κακοῖς

2207 5047 2343 5115 περὶ
2388 5043 2573 5108 αὑτὸν,
2630 5045 2790 5115 ἡνίκα
2823 5043 3062 5112 μάλιστα
3092 5045 3201 5097 ἔδει
3239 5045 3490 5102 συνόντας
3520 5029 3742 5115 ὠφελεῖν.

2209 5138 2444 5192 Ἔπειτα
2496 5138 2558 5190 οὐ
2603 5139 2974 5207 κατασχήσειν
3016 5137 3289 5199 ἆκοντας³
3345 5133 3466 5188 οὐδὲ
3503 5129 3622 5199 γάρν
3647 5113 3741 5225 θύῨῖ

2207 5232 2447 5302 ἐξαρχῆς
2478 5231 2626 5302 αὐτῷ
2650 5249 2703 5283 τι
2735 5231 2872 5300 πρὸς
2902 5232 3154 5304 ἀνάγκην
3183 5233 3294 5285 τινὶ
3325 5223 3622 5298 εἰργάσθαι.
3643 5217 3726 5268 ἀλλ

2204 5325 2366 5387 αὐτὸς
2395 5325 2595 5394 μᾶλλον
2625 5326 2720 5376 καὶ
2747 5323 2780 5377 ἃ
2808 5323 2884 5393 μὴ
2920 5325 3062 5376 κατὰ
3088 5323 3314 5395 γνώμην
3339 5318 3402 5391 ἦν
3434 5317 3563 5385 πρὸς
3594 5305 3736 5395 ἀνάτῖ

2207 5431 2312 5483 κην
2371 5389 2632 5484 πράττειν
2664 5389 2850 5485 ἤγετο.
2873 5389 2881 5392 ν
2904 5413 3044 5466 Ἀλλ’
3077 5389 3158 5474 οἷς
3189 5389 3288 5483 μὲν
3339 5389 3434 5482 ἡδὺ
3472 5404 3588 5463 τοὺς
3637 5389 3734 5466 μετ’

2205 5503 2370 5560 αὑτοῦ
2399 5510 2594 5570 πόνους
2625 5510 2716 5559 καὶ
2751 5506 3036 5570 κινδύνους
3063 5508 3159 5561 καὶ
3183 5506 3410 5560 θάνατον
3435 5503 3478 5554 εί
3503 5499 3621 5558 δέοι,
3639 5498 3730 5539 των

1755 5633 1978 5696 Jacobi
2012 5637 2273 5698 Pontnui
2311 5647 2504 5700 nolle.

589 5748 664 5814 (fi)
698 5749 984 5804 Terentius

515 5815 632 5872 Bon
686 5819 744 5886 ﬁt
805 5823 922 5872 sine
967 5820 1204 5889 periculo
1245 5821 1455 5888 {acinus
1503 5835 1753 5892 magnum
1804 5836 1852 5908 et
1898 5840 2095 5881 memo-

523 5953 790 6014 Laboz'em
835 5955 1017 6035 gloriae
1063 5971 1273 6031 patrem
1323 5963 1534 6016 vocavit
1584 5895 2089 6036 Ευιὶςιξαζδιῖωλᾳίύε

2205 5761 2480 5835 symbolas
2525 5771 2740 5816 nostras
2786 5762 2838 5835 in
2873 5761 3005 5817 illud
3046 5779 3109 5818 ex
3151 5757 3468 5835 Georg..l’b-
3494 5771 3504 5802 ι

2201 5820 2382 5884 omnia
2433 5833 2594 5886 vincit
2650 5834 2955 5900 ξηιργυδιτ.
3010 5835 3097 5889 ubi
3151 5820 3386 5889 labor-“exii
3430 5842 3492 5878 ἐι
3537 5820 3720 5886 Opi-HM

2199 5901 2564 5970 scriptoribus
2599 5903 2957 5960 laudavimus.

3593 6049 3656 6063 -r'

3415 6067 3556 6077 ...νο--
