4014 6438
340 340 444 404 997

1480 338 2029 400 lllSTUltlARUM
2074 340 2307 402 LIBER
2348 340 2486 421 IlI.‘

3410 302 3419 311 ’
3496 302 3603 406 sas

340 453 475 523 περὶ
502 452 731 522 βασιλέα
756 453 975 527 ἀδικίας
1028 455 1183 517 δίκας
1238 456 1726 523 εἰσπραττόμενον,
1754 456 1916 523 ὑπερ-

2030 463 2136 514 tnr.
2167 464 2227 508 ut
2266 472 2412 510 nunc
2457 456 2650 509 saltem
2701 472 2758 509 se
2813 455 3140 523 reSpicerct,
3199 455 3472 525 missoque
3532 459 3599 510 ad

339 545 488 614 όριον
518 545 799 610 ἀποδεῖξαι
827 547 922 599 καὶ
949 547 1232 618 πλανήτην
1276 548 1580 616 περιιόντα,
1616 550 1705 600 ἐπ’
1735 549 1916 610 ἄλλοις

340 638 441 708 τὴν
493 638 685 691 ἐλπίδα
715 638 905 707 ἔχοντα
934 639 1036 707 τῆς
1070 640 1368 715 σωτηρίας.
1400 640 1635 694 Ἔπειτα
1660 641 1916 693 συνεϐού-

339 731 502 783 λευεν
532 733 579 784 εἰ
618 730 693 802 μὴ
723 733 1012 802 πρότερον,
1051 731 1187 784 ἀλλά
1214 732 1310 785 νῦν
1344 751 1407 800 γε
1437 734 1492 784 τὸ
1522 737 1766 787 συνοῖσον
1791 752 1916 787 συν·

341 824 541 889 ιδόντα,
594 824 893 890 πρεσϐείαν
944 827 1274 895 ποιήσασθαι
1326 829 1460 895 πρδς
1503 827 1786 896 βασιλίδα,
1822 827 1917 880 καὶ

341 917 531 985 ἱκέτην
561 917 733 985 αὐτῆς
757 936 815 969 τε
838 919 934 970 καὶ
959 919 1326 989 πατριάρχου.
1365 920 1460 972 καὶ
1485 921 1582 987 τῆς
1607 919 1912 989 συγκλήτου

341 1009 537 1079 βουλῆς
568 1010 845 1077 γενέσθαι,
901 1010 1043 1063 ὥστε
1078 1014 1171 1064 ἐπὶ
1217 1014 1329 1072 τοῖς
1360 1014 1753 1082 γεγενημένοις
1787 1030 1917 1081 συγ-

338 1102 572 1169 γνώμης
604 1103 969 1165 ἀξιώσαντας,
1003 1105 1261 1173 πρόνοιάν
1288 1122 1409 1157 τινα
1457 1105 1793 1175 ποιήσασθαι
1822 1107 1919 1157 αύ-

337 1193 457 1254 τοῦ,
488 1196 582 1245 καὶ
604 1196 677 1263 μὴ
714 1196 1007 1279 ὑπερόριος
1034 1198 1329 1263 ἀπόληται,
1357 1197 1611 1266 οὐδεμιᾶς
1642 1197 1673 1267 ἢ
1704 1197 1916 1266 φαύλης

340 1285 491 1347 τινος
521 1284 738 1347 ἐλπίδος
761 1285 841 1338 ἔτι
864 1286 1321 1356 ὑπολειπομένης.
1350 1289 1615 1350 Βασιλεὺς
1643 1287 1720 1353 δὲ,
1748 1288 1916 1341 Οὐδὲν

342 1376 679 1446 θαυμαστὸν,
715 1373 894 1443 εἶπεν,
918 1382 964 1431 εἰ
995 1382 1211 1449 μεθύων
1234 1399 1318 1444 τις
1342 1385 1436 1436 καὶ
1458 1382 1918 1451 παραφερόμενος

344 1468 437 1520 ὑπ’
485 1470 849 1539 ἀναισθησίας
875 1472 1041 1524 οἴοιτο
1090 1473 1182 1525 καὶ
1209 1464 1333 1535 τοὺς
1364 1472 1557 1534 ἄλλους
1591 1473 1657 1525 τὰ
1684 1472 1776 1524 ἴσα
1815 1472 1919 1524 πά-

345 1579 516 1630 σχειν.
548 1562 655 1614 Καὶ
688 1563 751 1615 σὺ
776 1564 955 1616 τοίνυν
982 1567 1046 1633 τῇ
1079 1567 1209 1636 κενῇ
1242 1564 1369 1635 δόξῃ
1402 1566 1496 1617 καὶ
1530 1565 1790 1636 φιλαρχίᾳ
1814 1581 1915 1617 κα-

343 1658 550 1724 τάκρας
582 1654 763 1718 ἁλοὺς,
785 1655 878 1708 καὶ
913 1657 1204 1724 προδοσίαν
1226 1657 1325 1727 τὴν
1354 1658 1587 1725 ἐσχάτην
1620 1655 1918 1725 εἰργασμέ-

342 1740 452 1810 νος,
483 1746 634 1799 οὐδὲν
665 1746 1004 1816 θαυμαστὸν,
1056 1749 1105 1800 εἰ
1141 1749 1211 1801 τὰ
1242 1749 1334 1801 ῐσα
1376 1751 1469 1802 καὶ
1499 1749 1636 1818 ἐμοῦ
1669 1750 1919 1818 καταψη-

341 1840 473 1909 φίζῃ
536 1840 704 1908 μηδὲν
745 1840 990 1893 τοιοῦτον
1036 1842 1422 1912 εἰργασμένου.
1477 1839 1651 1896 Οἶσθα
1700 1843 1808 1913 γὰρ
1843 1846 1917 1904 ὼς

336 1934 473 2001 ἐμοῦ
500 1935 614 1996 τοῖς
645 1937 703 1985 ἐν
731 1933 884 2002 Ἀθῳ
912 1935 1116 2002 ἀρετῆς
1154 1936 1650 2005 ἀντιποιουμένοις,
1682 1937 1775 1988 καὶ
1822 1934 1916 1988 τοῦ

340 2023 510 2077 καλοῦ
541 2026 634 2077 καὶ
665 2025 925 2089 ἐρασταῖς
951 2026 1213 2094 ἐργάταις
1237 2032 1593 2095 γεγραφότος,
1627 2027 1721 2080 καὶ
1747 2027 1917 2080 πολλὰ

344 2114 632 2185 δεηθέντος
685 2114 824 2179 πρδς
873 2114 1173 2177 Βυζάντιον
1204 2108 1403 2179 ἐλθεῖν,
1432 2117 1526 2169 καὶ
1561 2116 1793 2184 βασιλίδι
1821 2116 1916 2168 καὶ

346 2207 684 2276 πατριάρχῃ,
720 2206 812 2257 καὶ
842 2199 924 2267 οἷς
950 2206 1116 2268 αὐτὸς
1145 2206 1434 2274 ὀνομάζεις
1458 2205 1763 2276 σύγκλητον
1788 2206 1916 2277 βου-

345 2297 464 2371 λὴν,
495 2298 1015 2371 διαλεχθῆναιοπερὶ
1049 2299 1295 2370 εἰρήνης,
1332 2300 1424 2352 καὶ
1477 2301 1662 2353 πεῖσαι
1696 2298 1915 2353 κατατί-

349 2386 536 2443 θεσθαι
566 2390 657 2442 τὸν
682 2390 942 2459 πόλεμον,
968 2388 1027 2441 δν
1055 2377 1256 2453 ἀδίκως
1278 2390 1605 2461 κεκινήκασι
1634 2389 1755 2442 κατ’
1777 2388 1913 2460 ἐμοῦ

345 2480 514 2549 μηδὲν
534 2479 880 2551 ἠδικηκότος,
910 2480 1278 2550 συκοφαντίας
1308 2480 1650 2551 πλασάμενοι
1683 2481 1780 2535 καὶ
1803 2483 1916 2534 δια·

342 2571 528 2635 ϐολὰς,
591 2573 729 2639 μετά
782 2571 891 2624 τῶν
948 2570 1128 2625 ἄλλων
1163 2573 1563 2643 παρειλήφασι,
1623 2574 1716 2625 καὶ
1748 2571 1808 2624 σὲ
1839 2572 1916 2634 ὡς

322 2663 544 2732 ,ἀρετῆς
576 2662 1030 2732 ἀντιποιούμενον
1063 2662 1249 2728 δῆθεν,
1286 2665 1381 2716 καὶ
1410 2665 1550 2735 ὑπὲρ
1596 2663 1690 2718 τοῦ
1719 2662 1944 2729 καλοῦ.-

339 2754 435 2808 καὶ
466 2752 561 2812 τοῦ
597 2756 750 2824 κοινῇ
796 2753 1209 2818 λυσιτελοῦντος
1265 2755 1666 2827 βουλησόμενον
1699 2757 1914 2810 διακιν-

339 2844 607 2898 δυνεύειν.
648 2846 794 2898 Ἅλλ’
827 2846 1031 2899 ἐκεῖνοι
1062 2847 1162 2916 μέν
1186 2848 1371 2911 καλῶς
1401 2849 1687 2911 ποιοῦντες
1708 2889 1723 2913 ,
1755 2850 1825 2903 τά
1854 2866 1913 2902 τε

344 2936 529 2990 δέοντα
547 2938 803 3009 εἰρήκασι
836 2940 973 3008 μετὰ
1004 2940 1339 3011 παρρησίας,
1365 2942 1461 2993 καὶ
1488 2942 1595 2994 τῶν
1618 2944 1692 3004 είς
1716 2942 1915 3005 αὐτοὺς

342 3028 583 3096 ἡκόντων
633 3030 879 3084 ἐνέλιπον
908 3031 1085 3096 οὐδὲν,
1140 3034 1236 3084 καί⁸
1269 3033 1378 3084 τῶν
1416 3032 1752 3102 διαφθείρειν
1789 3033 1913 3103 βου-

2025 549 2322 617 Angustatn
2360 548 2561 613 legato,
2600 548 2796 616 ipsam,
2828 550 3197 616 patriarcham
3228 559 3393 618 atque
3419 552 3604 604 consi-

2026 641 2158 693 lium
2218 641 2548 709 suppliciter
2571 650 2778 705 maret,
2830 653 2889 696 ut
2923 643 3047 696 data
3093 642 3387 710 praeteritis
3418 644 3601 705 venia,

2025 732 2208 800 aliqua
2249 749 2306 786 se
2335 749 2465 788 cura
2503 734 2883 804 dignarentur,
2916 749 3018 787 nec
3052 734 3121 786 ab
3146 734 3300 786 omni
3335 734 3478 787 bona
3506 749 3602 802 spe

2025 824 2328 890 desertum,
2375 825 2602 880 interire
2637 836 2911 879 extorrem
2958 818 3298 894 paterentur.
3337 826 3471 877 Tum
3504 827 3606 878 im-

2024 924 2246 983 perator
2281 933 2293 969 :
2326 915 2477 969 Haud
2518 918 2740 979 mirum,
2778 916 2876 979 ait,
2913 920 2955 967 si
2991 915 3182 969 ebrius
3217 915 3514 983 quispiam,
3548 926 3604 965 et

2027 1006 2078 1059 in
2113 1008 2300 1059 orbem
2336 1017 2512 1072 actus,
2546 1022 2707 1060 sensu
2741 1004 3051 1071 deﬁciente,
3093 1014 3293 1059 terram
3350 1005 3603 1058 staliileui

2023 1108 2079 1153 et
2133 1099 2513 1153 inconcussam
2569 1098 2841 1152 vacillare
2874 1109 3049 1166 putet,
3102 1113 3225 1158 nec.
3282 1099 3327 1149 si
3390 1098 3601 1150 insania

2025 1203 2336 1260 correptus,
2393 1193 2531 1244 alios
2585 1206 2806 1279 quoque
2853 1190 3066 1259 judieet
3116 1190 3377 1244 insanire.
3431 1191 3495 1243 Et
3546 1201 3598 1243 tu

2025 1285 2194 1354 igitur
2236 1284 2383 1337 inani
2418 1284 2611 1353 gloria,
2645 1293 2702 1338 et
2755 1298 2945 1338 amore
2977 1284 3294 1337 dOminandi
3336 1285 3600 1339 subactus

2026 1372 2207 1446 plan‘e,
2241 1376 2598 1445 proditorque
2620 1356 2908 1437 maximus.
2936 1377 3073 1429 nihil
3101 1376 3322 1441 mirum,
3350 1378 3392 1430 si
3416 1378 3603 1430 inson-

2027 1477 2133 1522 tetn
2154 1483 2239 1521 me
2262 1468 2581 1522 eornntdem
2615 1462 2904 1521 criminum
2930 1468 3279 1521 condemnes.
3303 1469 3599 1522 Meministi

2024 1560 2301 1628 quomodo
2330 1576 2453 1613 eum
2501 1559 2565 1612 ad
2612 1558 2835 1612 virtutis
2882 1559 3155 1620 alumnos,
3191 1559 3600 1627 honestatisque

2024 1661 2321 1715 amatores,
2373 1659 2428 1706 et
2482 1651 2725 1705 cultores
2785 1651 2839 1704 in
2893 1651 3038 1703 Atho
3093 1661 3276 1704 monte
3330 1650 3598 1709 s‘cribens.

2029 1757 2124 1797 cos
2157 1745 2319 1797 enixe
2374 1757 2649 1811 rogassem
2691 1750 2751 1795 ut
2791 1741 3109 1813 Byzantium
3146 1742 3447 1804 venientes,
3477 1757 3600 1795 cum

2024 1835 2400 1905 imperatrice,
2442 1835 2777 1904 patriarcha,
2826 1827 2880 1888 et
2910 1834 3057 1903 quod
3098 1833 3602 1888 nominasriconsi-

2024 1925 2121 1992 lio,
2177 1927 2247 1981 de
2301 1941 2433 1995 pare
2486 1934 2733 1995 agerent,
2778 1925 3201 1993 deponendique
3254 1924 3405 1985 belli,
3453 1923 3599 1992 quod

2024 2017 2272 2073 conﬁctis
2301 2016 2806 2078 criminationibus,
2855 2015 2990 2068 mihi
3030 2014 3338 2067 immerenti
3385 2014 3601 2068 intulis-

2023 2121 2163 2177 sent,
2199 2121 2455 2167 auctores
2502 2112 2725 2174 tierent,
2779 2127 2905 2165 cum
2964 2110 3088 2163 aliis
3150 2117 3200 2161 te
3257 2122 3499 2177 quoque,
3542 2115 3601 2162 ut

2022 2204 2403 2258 sanctimonia:
2460 2203 2645 2258 studio
2705 2203 3022 2272 ﬂagrantem
3083 2187 3332 2264 scilicet,
3393 2209 3449 2254 et
3496 2215 3600 2269 pro

2025 2297 2224 2351 tuenda
2291 2297 2624 2358 honestate,
2682 2294 3078 2362 communique
3137 2294 3319 2345 fructu
3387 2290 3598 2344 nullum

2021 2399 2297 2442 certamen
2341 2387 2776 2442 detrectaturum
2813 2385 3234 2454 assumpserint.
3273 2382 3476 2438 Verum
3519 2383 3599 2438 illi

2021 2490 2169 2536 recte
2215 2497 2369 2540 sane.
2409 2490 2464 2535 et
2513 2495 2636 2550 qua:
2691 2478 2938 2548 oportuit
2995 2492 3121 2531 cum
3155 2477 3410 2531 libertate
3437 2476 3597 2530 dixe-

2020 2581 2172 2636 runt,
2220 2587 2555 2640 suarumque
2586 2570 2824 2640 partium
2857 2569 2993 2621 nihil
3029 2570 3518 2636 prmtermiserunt,
3543 2574 3603 2621 et.

1973 2678 1977 2682 '
2021 2664 2090 2720 ab
2122 2665 2187 2718 iis
2212 2663 2306 2733 qui
2346 2678 2541 2718 eorum
2594 2662 2964 2731 integritatem
3012 2674 3393 2728 corrumpere,
3432 2666 3597 2726 atque

2020 2768 2052 2809 a
2086 2758 2319 2809 Veritatc
2351 2753 2406 2807 in
2439 2753 2719 2807 diversum
2753 2768 2948 2822 rapere
2980 2752 3197 2820 magnis
3244 2751 3599 2821 pollicitatio-

2021 2846 2187 2900 nibus
2234 2846 2612 2923 conabantur,
2661 2860 2690 2899 a
2728 2843 2921 2912 primis
2976 2842 3402 2912 cogitationibus
3459 2842 3597 2909 suis,

2020 2947 2185 3007 atque
2223 2937 2291 2991 ab
2349 2953 2417 2991 eo
2472 2932 2620 3005 quod
2691 2935 2860 2990 semel
2919 2933 3213 2988 honestum
3273 2947 3336 2987 ac
3386 2933 3595 3003 justum

2014 3027 2374 3098 judicassent,
2411 3041 2520 3080 non
2553 3033 2685 3079 sunt
2709 3025 2926 3078 dimoti.
2974 3022 3091 3088 Qua
3123 3024 3189 3077 de
3218 3038 3380 3076 causa
3424 3038 3597 3090 usque
3636 3038 3639 3041 ·

341 3121 584 3190 λομένων
641 3123 734 3174 καὶ
795 3122 1143 3191 διαστρέφειν
1193 3122 1302 3176 ἀπὸ
1326 3123 1423 3193 τῆς
1468 3125 1748 3194 ἀληθείας,
1787 3126 1911 3179 οὐδέ

2020 3117 2187 3171 hodie
2213 3118 2267 3169 in
2307 3116 2478 3170 multa
2505 3131 2757 3170 aerumna
2789 3123 2936 3168 sunt.
2975 3114 3054 3167 Tu
3078 3122 3259 3166 autem
3287 3112 3594 3182 imperandi

342 3214 789 3285 ἐπεστράφησαν,
827 3213 999 3266 πολλά
1026 3214 1516 3284 ἐπαγγελλομένων
1553 3215 1611 3268 εὖ
1641 3218 1908 3287 ποιήσειν,

342 3307 479 3360 ἀλλά
504 3310 618 3370 τοῖς
643 3307 877 3379 ἐξαρχῆς
934 3309 1218 3377 ἐνέμειναν
1240 3309 1542 3378 λογισμοῖς,
1571 3310 1663 3362 καὶ
1691 3314 1755 3380 τῇ
1784 3313 1913 3380 περὶ

339 3399 434 3452 τοῦ
466 3400 634 3453 καλοῦ
667 3401 762 3453 καὶ
803 3401 1019 3454 δικαίου
1050 3400 1258 3471 κρίσει.
1316 3403 1394 3453 Δι’
1423 3401 1458 3455 ἀ
1491 3404 1586 3455 καὶ
1621 3402 1783 3472 μέχρι
1819 3404 1913 3457 νῦν

341 3492 559 3555 πολλοῖς
614 3490 1200 3561 προσ-ταλαιπωροῦσιν
1246 3491 1540 3560 ἀλγεινοῖς.
1596 3493 1669 3548 Σὺ
1721 3492 1765 3544 δ’
1807 3493 1913 3546 ὑπὸ

343 3582 639 3654 φιλαρχίας
669 3585 762 3635 καὶ
948 3585 1092 3636 κατά
1147 3583 1246 3652 τὴν
1303 3582 1724 3651 ἀρχιερωσύνην
1755 3582 1912 3650 δόξης

248 3740 257 3745 θ
339 3675 603 3744 ἡττηθεὶς
630 3674 893 3744 αἰσχρῶς,
947 3670 1040 3726 καὶ
1100 3677 1228 3736 τοὺς
1283 3672 1743 3743 συμπρεσϐευτὰς
1777 3677 1914 3743 μετὰ

341 3766 437 3819 τοῦ
467 3767 682 3820 δικαίου
709 3768 802 3819 καὶ
825 3768 921 3837 τῆς
958 3766 1218 3836 ἀληθείας
1246 3766 1566 3832 προύδωκας
1593 3784 1605 3799 ·
1629 3763 1711 3830 οἷς
1736 3770 1805 3837 ἀρ
1814 3770 1914 3838 μό-

344 3875 428 3908 σει
465 3858 659 3926 μικρειν
684 3857 1097 3921 ύπαλλάξαντας
1119 3857 1180 3911 τὸ
1204 3859 1309 3911 ὑπὸ
1358 3859 1566 3912 Παύλου
1592 3861 1685 3913 τοῦ
1710 3861 1911 3913 θεσπε-

343 3948 463 4000 σίου
500 3949 789 4016 εἰρημένον
812 3950 941 4018 περὶ
960 3951 1140 4018 Δημᾶ,
1166 3950 1259 4002 καὶ
1283 3950 1414 4020 περὶ
1447 3949 1541 4002 σοῦ
1574 3952 1749 4003 εἰπεῖν
1771 3953 1910 4014 νυνὶ,

340 4040 422 4091 ὅτι
451 4057 469 4090 ι
501 4041 787 4110 Μακάριος
809 4042 954 4108 ἡμᾶς
984 4042 1358 4109 ἐγκατέλιπεν,
1377 4042 1667 4112 ἀγαπήσας
1697 4043 1788 4097 τίιν
1819 4045 1913 4096 νῦν

340 4131 533 4196 αἰῶνα,
563 4135 655 4182 καὶ
709 4132 982 4205 ἐπορεύθη
1016 4134 1094 4195 εἰς
1124 4132 1548 4203 Θεσσαλονίκην.
1593 4154 1612 4186 ι
1654 4137 1721 4187 Ἃ
1744 4137 1913 4207 ἐχρῆν

343 4212 718 4290 μεμνημένον,
749 4226 842 4275 καὶ
869 4223 943 4286 ὼς
972 4223 1064 4277 νῦν
1093 4224 1430 4294 ἀνοσιώτερα
1470 4227 1561 4279 καὶ
1606 4228 1914 4300 ἀδικώτερα

339 4314 525 4383 πολλῷ
557 4315 782 4386 τολμᾷς,
829 4316 920 4369 τὸν
961 4316 1113 4368 οὐδὲν
1142 4318 1243 4386 ἐμὲ
1275 4317 1574 4386 ἠδικηκότα
1598 4320 1912 4393 αὐτοχειρίᾳ

344 4407 628 4475 μονονουχὶ
653 4407 996 4476 πειρώμενος
1024 4410 1289 4476 φονεύειν,
1306 4411 1467 4479 χάριν
1484 4411 1639 4475 ἀξίαν
1663 4412 1719 4465 ἐν
1743 4414 1912 4484 τούτῳ

2022 3210 2284 3278 cupidine
2312 3217 2389 3261 vet
2416 3209 2766 3275 episcopatus
2788 3204 3079 3276 splendore
3110 3203 3347 3272 turpiter
3368 3217 3597 3270 snpera-

2012 3313 2131 3362 -tus,
2166 3304 2332 3356 etiam
2392 3299 2681 3370 legationis
2742 3298 2921 3352 socios
2972 3311 3078 3350 una
3130 3311 3253 3350 cum
3296 3297 3508 3366 justitia
3539 3304 3597 3348 et

2021 3398 2269 3448 veritate
2296 3392 2584 3461 prodidisti
2626 3408 2637 3443 :
2679 3391 2771 3459 qui
2808 3389 2942 3442 illud
2991 3388 3103 3441 divi
3138 3388 3288 3440 Pauli
3330 3386 3398 3440 de
3431 3387 3594 3439 Dema

2022 3487 2234 3541 modice
2255 3488 2602 3541 immutatum
2622 3483 2715 3535 tibi
2738 3491 2966 3551 possunt
2987 3483 3267 3535 occinere:
3291 3499 3309 3531 ι
3331 3479 3599 3534 Macatius
3639 3516 3649 3520 -

2021 3595 2123 3634 nos
2156 3579 2400 3647 reliquit,
2448 3577 2682 3647 diligens
2742 3576 2847 3629 hoc
2877 3574 3157 3637 sacculum,
3205 3582 3261 3626 et
3315 3571 3595 3639 profectus

2019 3682 2104 3726 est
2155 3669 2624 3724 Thessalonicam.
2665 3685 2684 3719 ι
2718 3666 2965 3733 Quorum
3016 3675 3070 3720 te
3128 3678 3428 3719 memorem
3473 3677 3596 3715 esse

2020 3768 2326 3830 oportebat,
2363 3771 2418 3814 et
2452 3761 2648 3814 horum
2680 3760 2866 3822 simul,
2890 3775 3012 3827 quae
3035 3772 3182 3811 nunc
3212 3755 3591 3820 sceleratiora,

2020 3853 2302 3921 magisque
2349 3851 2515 3920 impia
2551 3867 2658 3905 non
2697 3851 3068 3905 reformidas:
3107 3848 3271 3918 520
3299 3849 3429 3901 dum
3486 3862 3596 3921 me,

2020 3946 2114 4016 qui
2151 3946 2263 4000 laesi
2290 3945 2590 4010 neminem,
2625 3955 2836 3998 tantum
2889 3960 2997 3997 non
3052 3957 3153 4011 per
3184 3952 3346 4015 temet
3376 3942 3597 3996 conaris

2019 4040 2273 4095 occidere
2339 4040 2553 4110 (dignas
2593 4038 2850 4091 videlicet
2893 4037 2999 4090 isto
3028 4034 3189 4088 modo
3215 4035 3416 4103 gratias
3454 4035 3595 4087 refe-

2022 4142 2161 4187 rens‘
2190 4133 2277 4195 iis,
2333 4131 2428 4201 qui
2482 4134 2858 4200 episcopatum
2909 4129 3005 4182 tibi
3058 4129 3505 4189 mamlavcrunt),
3540 4135 3594 4180 et

2021 4225 2227 4280 nefarie
2253 4224 2428 4278 eil‘uso
2475 4223 2740 4292 sanguine
2777 4203 2971 4274 manus
2999 4229 3120 4274 tuas
3169 4201 3442 4273 scelerire
3478 4238 3491 4272 :
3521 4219 3593 4275 ita

2021 4334 2107 4373 me
2134 4320 2359 4389 ingratae
2390 4325 2444 4369 et
2474 4315 2738 4383 improbae
2765 4313 2818 4367 in
2861 4312 3249 4380 imperatorem
3287 4314 3593 4364 voluntatis

2021 4426 2130 4464 non
2183 4410 2552 4476 accusasges,’
2581 4405 2673 4474 qui
2725 4404 2862 4457 nihil
2920 4417 3160 4472 unquam
3194 4404 3313 4470 ejus
3353 4402 3592 4456 amicitia

340 4495 765 4560 κατατιθέμενος
798 4500 911 4556 τοῖς
935 4496 1036 4566 τὴν
1059 4498 1477 4570 ἀρχιερωσύνην
1513 4503 1913 4571 ὲγχειρίσασιν,

2019 4502 2299 4573 indignum
2347 4498 2679 4569 perpetrari.
2717 4497 2790 4551 De
2847 4511 2966 4549 mea
3022 4494 3271 4565 igiturin
3332 4494 3481 4547 illum
3536 4503 3593 4547 et

334 4583 572 4649 αἴμασιν
604 4585 812 4649 ἀδίκοις
847 4587 1092 4672 μολύνων
1113 4591 1209 4652 τὰς
1235 4592 1445 4672 χεῖρας,
1481 4593 1556 4661 μὴ
1580 4594 1711 4662 ἐμοῦ
1740 4612 1912 4648 κατα·

341 4674 683 4740 ψηφίζεσθαι
712 4677 926 4733 ἀδικίαν
962 4661 1054 4732 κᾶι
1099 4661 1494 4753 ἀγνωμδσύνην
1529 4661 1655 4754 περὶ
1689 4686 1914 4755 βασιλέα

340 4766 495 4817 οὐδὲν
524 4764 647 4818 οὔτε
681 4768 967 4838 πρότερον,
997 4769 1120 4823 οὔτε
1151 4773 1315 4842 μέχρι
1342 4773 1435 4825 νῦν
1466 4774 1684 4840 ἀνάξιον
1714 4777 1809 4844 τῆς
1834 4778 1915 4841 είς

336 4857 550 4908 ἐκεῖνον
601 4857 782 4926 φιλίας
835 4862 1226 4929 εἰργασμένου.
1291 4866 1426 4934 Περὶ
1453 4866 1554 4934 μὲν
1583 4864 1677 4920 οὖν
1709 4868 1809 4936 τῆς
1834 4870 1913 4931 είς

330 4946 570 5013 ’βασιλέα
600 4950 841 5012 καὶτοὺς
896 4951 1091 5013 παῖδας
1120 4952 1256 5019 ἐμοῦ
1278 4955 1723 5024 εὐγνωμοσύνης,
1757 4956 1914 5021 λόγον
1952 5002 1959 5007 .

338 5037 534 5090 οὐδένα
564 5038 698 5105 πρὸς
734 5041 793 5091 σὲ
827 5043 1124 5111 ποιήσομαι
1155 5045 1271 5094 νυνί
1297 5042 1556 5108 καθάπαξ
1585 5047 1685 5107 τάς
1710 5049 1914 5115 φρένας

337 5128 685 5198 διεφθορότα,
717 5136 810 5184 καὶ
847 5130 1032 5196 ἄδικα,
1063 5134 1158 5186 καὶ
1211 5136 1505 5204 παράνομα
1566 5137 1660 5187 καὶ
1687 5136 1912 5203 λέγοντα

342 5219 438 5269 καὶ
472 5219 854 5289 διανοούμενον
885 5226 1011 5293 περὶ
1049 5222 1208 5293 ἐμοῦ,
1241 5224 1356 5278 ἀλλ’
1405 5223 1632 5295 ὕστερον
1661 5227 1823 5297 ήνίκα
1849 5227 1914 5281 ἂν

345 5308 509 5382 ἐθέλῃ
539 5309 694 5374 Θεός.
746 5314 882 5382 Περί
910 5314 967 5367 δέ
1005 5307 1078 5368 ὧν
1111 5316 1360 5385 εἴρηκας,
1399 5315 1474 5378 ὡς
1509 5317 1591 5369 δεῖ
1640 5316 1930 5387 βασιλίδος,

2017 4596 2224 4651 liberos
2254 4594 2373 4665 ejus
2397 4593 2599 4662 pietate
2643 4591 2854 4644 nullum
2887 4603 3037 4642 nunc
3065 4596 3244 4641 tecum
3293 4586 3463 4639 semel
3498 4584 3594 4637 de-

2019 4699 2267 4758 pravato,
2310 4702 2373 4739 ac
2400 4685 2467 4739 de
2499 4700 2584 4736 me
2609 4682 2848 4752 pessime
2878 4680 3258 4741 existimante,
3305 4678 3592 4746 loquente-

1997 4786 2123 4849 "que
2161 4779 2386 4832 verbum
2424 4776 2774 4830 commutabo
2802 4790 2817 4828 :
2841 4774 2934 4826 sed
2969 4789 3094 4826 cum
3144 4773 3287 4827 Deus
3330 4771 3585 4825 voluerit.

2014 4858 2174 4935 Quod
2236 4879 2419 4920 autem
2470 4865 2704 4935 injecisti
2746 4864 2799 4916 in
2853 4868 3129 4922 Sermone,
3191 4870 3447 4930 oportere
3504 4872 3589 4912 me

1998 4950 2359 5034 ’imperatriei
2414 4969 2479 5008 ac
2529 4953 2858 5030 patriarchae
2925 4952 3272 5020 supplicare.
3345 4961 3405 5003 ut
3464 4950 3588 5002 data

2014 5050 2200 5113 venia,
2230 5048 2392 5103 saluti
2422 5054 2921 5114 meazprosiiectum
2955 5045 3146 5106 velint,
3177 5040 3312 5097 illud
3345 5043 3591 5112 apposite

2016 5141 2432 5208 responderim,
2475 5157 2494 5188 ι
2525 5138 2675 5192 Filiae
2717 5137 3046 5201 Jerusalem,
3075 5135 3244 5189 nolite
3270 5133 3400 5188 ﬂere
3429 5149 3594 5203 super

2015 5248 2124 5297 me,
2160 5232 2256 5286 sed
2305 5245 2473 5300 snper
2517 5245 2617 5283 vos
2663 5230 2808 5298 ipsas
2834 5229 3000 5301 ‘ﬂ‘ete,
3045 5236 3101 5280 et
3119 5238 3300 5295 super
3336 5226 3475 5280 filios
3498 5241 3593 5281 vce

2015 5324 2214 5378 stros‘.
2255 5340 2274 5374 ι
2304 5321 2428 5375 Haec
2457 5319 2524 5373 ad
2564 5319 2859 5373 Macarium
2890 5331 3073 5371 coram
3100 5317 3419 5386 imperator.

332 5402 536 5466 ’ἱκέτην
567 5405 664 5454 καὶ
713 5405 1059 5476 πατριάρχου
1113 5407 1363 5471 γενέσθαι
1398 5409 1473 5470 ὼς
1496 5409 1562 5461 ἀν
1589 5413 1921 5483 συγγνώμην
1961 5416 2373 5487 παρασχόμενοι
2443 5412 2703 5481 πρόνοιάν
2742 5429 2863 5465 τινα
2923 5415 3262 5485 ποιήσωνται
3295 5414 3593 5484 πρὶνπαν-

339 5492 581 5545 τάπασιν
641 5495 959 5569 ἀπολέσθαι,
998 5501 1176 5554 ἐκεῖνο
1232 5499 1489 5571 εὔκαιρον
1514 5502 1733 5569 εἰπεῖν,
1761 5506 1843 5559 ὅτι
1884 5526 1902 5559 ι
1935 5510 2027 5580 Μὴ
2062 5509 2276 5560 κλαίετε
2328 5506 2428 5558 ἐτιτή
2462 5504 2587 5576 ἐμὲ,
2618 5504 2912 5576 θυγατέρες
2966 5503 3341 5579 Ἰερουσαλὴμ,
3367 5505 3482 5560 ἀλλ’
3506 5503 3596 5576 ἐφ’

339 5591 561 5655 ἑαυτὰς,
590 5593 691 5645 καὶ
714 5594 808 5645 ἐπὶ
836 5595 906 5649 τά
937 5596 1117 5651 τέκνα
1137 5598 1314 5670 ὑμῶν.
1351 5618 1369 5651 ι
1420 5599 1559 5670 Πρὸς
1592 5602 1690 5671 μὲν
1717 5598 1813 5656 οὖν
1840 5605 2048 5659 ἐκεῖνον
2071 5606 2099 5657 ὁ
2132 5603 2383 5673 βασιλεὺς
2411 5601 2638 5657 τοιαῦτα
2670 5600 3020 5671 ἁπεκρίνατο.
3100 5622 3113 5635 ί
3159 5646 3182 5670 ,

348 5787 358 5797 -
418 5755 434 5786 ⁸
464 5754 598 5811 Luc.
631 5771 783 5821 unt,
812 5755 902 5811 ‘28.
1377 5769 1409 5783 ί
