4014 6446
221 440 357 510 ιθιιι

1371 426 1923 493 ΗΙδΤΟΙὶΙΑΡιυΜ
1960 427 2194 489 LIBER
2237 429 2352 494 III.

3350 443 3487 511 1002

211 560 318 629 τῆς
345 557 472 629 περὶ
505 555 721 617 αὐτοτλς,
756 551 851 606 καὶ
875 549 975 621 τῆς
1011 548 1313 620 συντρόφου
1344 550 1438 600 καὶ
1469 545 1627 617 φίλης,
1662 544 1797 613 ἀλη-

1918 557 2026 609 sua,
2058 552 2118 598 ut
2147 557 2461 615 appareret,
2501 547 2672 619 loqui,
2729 550 2822 606 sed
2878 564 3116 609 mentem
3173 555 3284 613 illis
3330 573 3485 616 suam

213 650 368 715 θείας
421 650 485 701 ἐκ
538 646 750 712 παιδὸς,
809 645 890 698 ὅτι
914 643 1093 698 καίτοι
1146 641 1319 695 δοκῶν
1350 642 1408 694 ἐν
1429 637 1801 710 δυσπραγίαις

215 741 382 807 εἶναι,
445 741 599 796 οὐδὲν
659 738 925 808 ὑπέμεινε
992 732 1383 804 πεπλασμένον
1433 729 1798 801 φθέγξασθαι,

210 838 323 894 οὐδ’
347 836 594 904 ἀγεννὲς,
621 832 757 887 ἀλλὰ
794 831 965 902 δήλην
994 828 1183 891 αὐτοῖς
1213 826 1512 896 πεποίηται
1552 823 1652 893 τὴν
1687 823 1803 875 διά-

216 947 365 984 νοιαν
393 929 480 983 οία
507 923 593 993 ἦν.
629 924 841 987 Αὐτοὺς
883 923 942 977 δὲ
970 920 1049 992 τῷ
1097 918 1344 988 περιόντι
1391 919 1491 987 τῆς
1525 917 1608 978 εἰς
1636 914 1800 968 αὐτὸν

215 1019 455 1086 εὐνοίας,
483 1019 604 1072 ἐπεὶ
633 1017 708 1086 μὴ
736 1014 1041 1069 λυσιτελεῖν
1066 1009 1217 1080 αὐτῷ
1238 1008 1448 1077 δοκοίη,
1470 1005 1530 1061 τὸ
1552 1004 1649 1058 νῦν
1676 1003 1801 1074 ἔχον

212 1113 373 1184 ἥκειν
402 1110 536 1180 παρ’
571 1110 793 1173 αὐτοὺς,
829 1107 933 1160 οὐκ
974 1103 1248 1172 Ἀγγελον
1279 1102 1440 1172 μόνον
1468 1098 1613 1152 κατὰ
1642 1095 1802 1164 γένος

212 1204 364 1276 αὐτῷ
387 1202 758 1274 προσήκοντα,
787 1201 881 1253 καὶ
903 1198 1095 1269 ἄρχειν
1112 1195 1413 1265 δυνάμενον
1444 1190 1646 1252 αὐτῶν,
1666 1186 1801 1241 ἀλλὰ

215 1298 310 1351 καὶ
339 1296 396 1349 εί
447 1312 571 1348 τινα
627 1291 844 1345 ἐκείνου
878 1291 1091 1357 πέμποι
1145 1286 1330 1357 πολλῷ
1369 1282 1803 1349 καταδεέστερον

214 1388 466 1454 δέξεσθαι
529 1384 853 1456 προθύμως,
910 1381 1005 1435 καὶ
1051 1381 1233 1434 πᾶσαν
1262 1373 1630 1441 ἐπιδείξεσθαι
1671 1368 1804 1440 περὶ

215 1480 308 1535 τὸν
332 1477 560 1551 βασιλέα
591 1476 830 1531 εὖνοιαν.
856 1471 1097 1528 Τοιαῦτα
1126 1471 1227 1542 μὲν
1250 1468 1345 1524 καὶ
1373 1471 1421 1521 οἱ
1448 1470 1503 1521 ἐν
1533 1464 1805 1536 Θετταλία

216 1573 607 1642 ἀπεκρίναντο.
661 1567 926 1631 Βασιλεὺς
980 1565 1039 1619 δὲ
1092 1564 1218 1618 ἐπεὶ
1268 1562 1494 1615 πύθοιτο
1548 1559 1657 1613 ἀπὸ
1689 1556 1803 1610 τῶν

218 1661 506 1732 πρέσϐεων
534 1657 968 1723 ἐπανελθόντων,
992 1655 1209 1724 ἔπεμπε
1240 1652 1331 1706 τὸν
1352 1651 1572 1721 ἀνεψιὸν
1606 1650 1805 1717 Ἀγγε-

217 1751 309 1805 λον
345 1750 626 1819 Ἰωάννην,
661 1747 962 1818 ἐπίτροπον
1016 1743 1159 1799 εἶναι
1211 1743 1533 1806 Θετταλίας.
1577 1744 1719 1796 Πᾶσι
1745 1741 1804 1794 δὲ

217 1843 546 1915 βουλόμενος
579 1839 900 1910 καταφανὲς
931 1841 1130 1905 ποιεῖν,
1163 1839 1239 1902 ὡς
1269 1837 1332 1891 οὐ
1370 1836 1640 1907 βασιλέως
1691 1839 1805 1901 τοῖς

1910 633 2144 689 candide
2174 635 2453 692 declarare
2497 637 2799 714 voluisset.‘
2822 640 2891 697 Se
2925 651 3112 698 autem
3145 646 3490 705 abundantia

1909 727 2153 797 quadam
2214 730 2419 784 amoris
2475 745 2603 802 erga
2661 731 2841 798 illum,
2903 728 3494 808 q’uaudoquidemhoe

1911 828 2158 890 tempore
2216 821 2284 875 ad
2341 835 2438 875 eos
2492 821 2598 875 sibi
2652 822 2988 880 veniendum
3021 842 3130 880 non
3169 838 3349 897 putet,
3381 846 3490 886 non

1909 911 2074 964 modo
2125 909 2390 982 Angelum
2422 955 2437 977 ,
2500 913 2602 983 ipsi
2661 930 2861 986 genere
2921 920 3277 990 conjunetum
3326 931 3383 978 et
3422 923 3494 980 ad

1910 1003 2213 1074 regendum
2298 1004 2580 1075 idoneum,
2643 1008 2741 1062 sed
2794 1017 2851 1063 et
2904 1012 2949 1066 si
3012 1014 3329 1085 quempiam
3395 1017 3492 1073 illo

1911 1095 2088 1150 multo
2145 1094 2467 1152 inferiorem
2526 1099 2726 1164 mittat,
2816 1104 3057 1161 libenter
3106 1118 3490 1181 suseepturos,

1910 1186 2372 1261 imperatorisque
2424 1206 2642 1262 semper
2698 1193 2820 1249 fore
2879 1197 3291 1268 cupidissimos.
3337 1202 3493 1259 Talia

1911 1278 2162 1335 Thessali
2229 1284 2671 1354 responderunt;
2704 1301 2827 1355 quae
2854 1296 2914 1342 ut
2943 1304 2973 1342 a
3004 1288 3199 1362 legatis
3252 1295 3494 1351 reversis

1911 1368 2217 1443 imperator
2252 1373 2895 1440 audivit,consobrinum
2922 1378 3189 1436 Joannem
3221 1382 3493 1453 Angelum

1911 1465 1979 1520 ad
2018 1465 2315 1521 ineundam
2349 1467 2647 1526 Thessaliae
2680 1471 3063 1541 praefecturam
3093 1476 3264 1532 misit.
3292 1478 3495 1537 Voleus

1913 1568 2098 1613 autem
2157 1569 2417 1616 constare
2467 1561 2672 1631 palam,
2706 1578 2818 1618 non
2843 1579 2903 1620 se
2932 1564 3283 1623 insidiantem
3316 1570 3497 1641 impe-

1913 1654 2116 1708 ratoris
2147 1652 2338 1709 liberis
2370 1652 2576 1708 bellum
2603 1657 2914 1727 suscepisse
2944 1697 2960 1722 ,
2993 1673 3118 1724 nec,
3144 1660 3192 1714 si
3223 1661 3496 1730 vinceret,

1913 1745 2039 1801 illos
2097 1745 2342 1822 imperio
2399 1747 2625 1817 privare
2678 1749 2966 1817 statuisse,
3029 1751 3127 1805 sed
3191 1753 3381 1822 potius
3427 1754 3498 1808 ab

1912 1836 2160 1908 Augusta
2187 1839 2626 1910 mendaciloquis
2660 1840 2982 1897 hominibus
3037 1842 3200 1898 [idem
3252 1859 3501 1900 commo—
3588 1883 3598 1891 ο

217 1908 411 1989 παισὶν
437 1908 813 1988 ἐπιϐουλεύων
839 1931 1014 2002 ῆρατο
1047 1929 1142 1983 τὸν
1175 1929 1440 1998 πόλεμον,
1468 1927 1563 1980 καὶ
1593 1927 1670 1990 ὡς
1694 1927 1806 1981 οὐδ’

1918 1927 2080 1984 dante
2111 1944 2170 1986 se
2199 1908 2530 2002 oppugnari,
2564 1932 2726 2004 522
2753 1935 2963 2006 Angelo
2999 1946 3227 2005 propter
3260 1936 3501 1995 Thessa-

216 2030 266 2082 εἰ
293 2025 641 2097 περιγένοιτο
674 2025 773 2094 τῆς
803 2022 984 2093 ἀρχῆς
1017 2020 1263 2090 ἔγνωκεν
1297 2021 1648 2089 ἀποστερεῖν,
1685 2017 1803 2073 ἀλλ’

218 2122 325 2177 ὑπὸ
359 2119 636 2192 βλσιλίδος
671 2118 877 2189 μᾶλλον
908 2116 1075 2175 αὐτὸς
1110 2113 1434 2183 ἐπολεμήθη
1495 2110 1812 2184 ἀνθρώποις

220 2213 556 2284 πειθομένης
622 2207 1015 2279 συκοφάνταις,
1080 2205 1158 2278 τῷ
1237 2205 1485 2275 Ἀγγέλῳ
1546 2204 1684 2274 πρὸς
1712 2206 1812 2276 τὴν

223 2308 514 2369 Θετταλίας
546 2305 725 2375 ἀρχὴν
780 2301 1184 2375 χρυσόϐουλλον
1238 2299 1433 2365 ποιῶν,
1466 2297 1720 2370 βασιλίδα
1752 2315 1811 2352 τε

224 2399 599 2469 προσέγραφε,
656 2397 754 2449 καὶ
790 2394 1020 2464 βασιλέα
1065 2391 1324 2461 Ἰωάννην
1354 2388 1448 2444 τὸν
1479 2390 1619 2455 υἱὸν,
1668 2387 1813 2442 ὥστε

223 2490 490 2559 ’Δγγελόν
524 2506 584 2543 τε
614 2489 710 2542 καὶ
740 2486 1069 2551 Θετταλοὺς,
1115 2482 1218 2558 τὴν
1253 2481 1503 2538 δουλείαν
1529 2498 1590 2535 τε
1615 2481 1811 2536 κάκεί-

216 2600 354 2650 νοις,
382 2581 573 2653 ῶσπερ
606 2584 703 2636 καὶ
735 2581 888 2651 αὑτῷ
910 2580 1221 2651 ὁμολογεῖν,
1246 2578 1344 2631 καὶ
1385 2576 1590 2648 μᾶλλον
1615 2576 1648 2647 ἦ
1677 2575 1813 2645 πρό-

215 2692 376 2743 τερον
396 2673 668 2728 ὑπείκειν.
708 2673 775 2726 Ὃ
806 2671 904 2726 καὶ
937 2670 1033 2723 ἐπὶ
1061 2669 1260 2737 λέξεως
1309 2665 1457 2739 εἶχεν
1484 2666 1682 2731 οῦτωςσ
1725 2666 1810 2730 Ὠς

216 2762 476 2815 ἀπόλοιτο
504 2762 532 2813 ό
589 2761 785 2830 φθόνος
837 2762 900 2814 τὸ
934 2760 1156 2815 πάντων
1178 2759 1289 2813 τῶν
1320 2758 1510 2821 κακῶν
1532 2756 1812 2828 χείριστόν

219 2870 280 2907 τε
307 2855 400 2907 καὶ
422 2853 784 2919 ἀδικώτατον,
816 2853 845 2906 ὃ
870 2868 934 2921 γε
957 2852 1149 2916 κακῶς
1171 2851 1320 2922 ἡμᾶς
1338 2849 1582 2923 ἀρχῆθεν
1603 2848 1813 2915 ἐξώσας

221 2951 322 3018 τῆς
356 2949 637 3019 ἀκηράτου
690 2948 907 3019 τρυφῆς
936 2948 1083 3018 χειρὶ
1113 2946 1251 3001 Θεοῦ
1286 2947 1657 3011 πλασθέντας,
1718 2946 1813 3000 καὶ

223 3040 367 3111 λόγῳ
388 3042 743 3112 τιμηθέντας,
783 3041 829 3095 ὣ
856 3042 953 3111 τῆς
989 3041 1133 3112 ὑπὲρ
1163 3041 1323 3110 λόγον
1356 3041 1604 3112 χάριτος,
1634 3042 1811 3094 καίτοι

223 3135 363 3204 μετά
395 3135 496 3206 τὴν
530 3135 623 3188 τοῦ
672 3136 924 3207 χείρονος
978 3135 1200 3206 πεῖραν,
1240 3133 1328 3188 ἵνα
1368 3132 1613 3189 συνελὼν
1647 3134 1809 3198 είπω,

1913 2019 2002 2075 liae
2050 2023 2499 2091 procurationem
2550 2023 2755 2080 bullam
2788 2043 3016 2083 auream
3065 2026 3404 2095 faciundam,
3440 2039 3500 2085 et

1915 2110 2290 2182 imperatricis
2372 2124 2437 2169 ac
2492 2115 2723 2172 Joannis
2786 2118 2911 2189 ejus
2970 2119 3069 2173 filii
3144 2121 3499 2191 imperatoris

1913 2205 2140 2260 nomina
2210 2209 2411 2264 ascribi
2467 2212 2724 2277 curavit,
2757 2222 2820 2268 ιιι
2851 2222 2909 2268 et
2934 2212 3201 2286 Angelus,
3235 2226 3292 2272 et
3325 2216 3500 2272 Thes-

1913 2296 2015 2352 sali
2045 2298 2445 2371 subjectiouem
2468 2316 2624 2372 aeque
2659 2304 2816 2374 ipsis,
2846 2315 2903 2358 ut
2926 2306 3030 2361 sibi
3062 2307 3458 2376 proﬁterentur
3479 2347 3497 2369 .

1913 2390 2200 2462 magisque
2244 2391 2313 2447 de
2365 2403 2569 2465 caetero
2621 2397 2937 2453 subesseut.
2969 2398 3125 2453 Bulla
3156 2400 3224 2454 ad
3264 2402 3498 2456 verbum

1914 2479 2032 2537 haec
2059 2492 2179 2536 erat
2207 2482 2284 2554 (8)
2309 2501 2322 2538 :
2349 2485 2568 2543 Utinam
2595 2488 2868 2545 malorum
2922 2490 3172 2546 omnium
3199 2493 3503 2562 pessimum

1914 2574 2433 2648 nequissimumque
2498 2580 2711 2636 invidia
2755 2581 3079 2654 disperiret,
3110 2600 3236 2658 qua:
3270 2600 3375 2640 nos
3405 2586 3505 2641 Dei

1916 2684 2082 2723 manu
2122 2670 2304 2733 fictos,
2330 2680 2390 2726 et
2425 2672 2791 2742 intelligentia
2843 2673 3148 2739 honoratos
3181 2679 3243 2747 (θ’
3268 2677 3506 2748 inexpli-

1915 2761 2095 2816 cabile
2131 2763 2355 2834 munus)
2390 2764 2534 2819 male
2563 2764 2633 2818 ab
2665 2764 2827 2821 initio
2851 2766 2921 2821 ab
2953 2766 3364 2824 immortalibus
3393 2769 3507 2825 illis

1913 2853 2132 2910 deliciis
2159 2856 2397 2925 expulit.
2424 2856 2753 2928 Quanquam
2787 2859 2835 2913 si
2890 2869 3015 2929 post
3065 2870 3294 2931 experta
3336 2862 3504 2927 mala,

1915 2954 1977 3000 ut
2037 2947 2285 3003 breviter
2340 2948 2548 3015 dicam,
2600 2951 2812 3021 justam
2871 2952 3029 3007 illam
3081 2952 3507 3015 damnationem

1914 3039 2078 3094 simul
2140 3054 2624 3110 agnosceremus,
2676 3043 3022 3115 melioraque
3084 3044 3506 3108 meditaremur.

1917 3130 2136 3186 veniam
2167 3132 2378 3202 adepti,
2415 3132 2470 3189 in
2501 3133 2746 3204 priorem
2791 3144 2999 3191 statum
3049 3136 3506 3193 uestitueremur.

218 3228 272 3281 εί
301 3227 401 3298 τῆς
431 3227 641 3282 ἐνδίκου
670 3227 977 3297 καταδίκης
1007 3226 1228 3298 ἐκείνης
1256 3223 1400 3299 ἦμεν
1431 3228 1490 3280 ἐν
1517 3225 1811 3296 συναισθή-

1920 3225 1990 3280 Δι
2008 3242 2179 3293 nunc,
2211 3228 2376 3296 quasi
2407 3227 2479 3287 ob
2510 3228 2806 3283 amentiam
2844 3228 2983 3283 nihil
3009 3229 3238 3284 noxium
3263 3237 3504 3300 operati,

221 3337 326 3386 σει,
360 3321 450 3371 καὶ
481 3318 548 3371 τὰ
580 3317 776 3387 βελτίω
798 3318 1175 3389 ἐμελετῶμεν,
1211 3319 1317 3372 κᾶν
1351 3317 1688 3387 συγγνώμης
1717 3335 1815 3370 τυ-

219 3409 413 3479 χόντες
447 3408 602 3474 αὖθις
634 3410 701 3464 ἂν
721 3405 950 3481 ἦμενέν
980 3413 1094 3474 τοῖς
1117 3411 1436 3482 προτέροις.
1472 3409 1609 3465 Νυνὶ
1636 3409 1684 3462 δ’
1707 3409 1817 3463 ὥσ-

221 3516 331 3571 περ
383 3502 519 3571 μήτι
576 3502 817 3571 χαλεπὸν
881 3502 1254 3572 πεπραχότες,
1317 3485 1720 3571 ῆπεπονθότες
1754 3496 1814 3567 ἐξ

222 3593 510 3659 ἀϐουλίας,
534 3593 566 3664 ἢ
606 3593 737 3662 γοῦν
761 3593 868 3647 ὑπὸ
894 3592 989 3646 τοῦ
1014 3594 1210 3647 παθεῖν
1236 3591 1505 3662 οῦμενουν
1539 3592 1817 3662 διδαχθέν-

223 3702 314 3749 τες
352 3685 414 3737 τὺ
451 3685 518 3737 τὰ
546 3685 735 3738 δέοντα
788 3687 1008 3757 φρονεῖν
1058 3684 1223 3738 οἱονεὶ
1271 3684 1671 3757 παρῃρήμεθα,
1717 3684 1817 3754 πή-

226 3794 379 3849 ματα
434 3778 666 3849 πάσχειν
719 3778 1024 3848 αὐθαίρετα
1071 3778 1260 3843 κακῶς
1314 3778 1652 3849 αἱρεθέντες,
1720 3781 1817 3830 καὶ

220 3870 413 3931 δεινῶς
468 3871 912 3939 ἐγκλλινδεῖσθαι
945 3870 1034 3924 διὰ
1090 3870 1209 3941 βίου
1237 3872 1349 3934 τοῖς
1378 3870 1456 3942 μὴ
1485 3869 1813 3938 καθήκουσι,

218 3966 330 4019 ’καὶ
361 3966 458 4036 τῆς
486 3966 608 4038 ἴσης
637 3965 793 4032 ἀξίας
817 3965 957 4035 πρὸς
984 3962 1121 4017 Θεοῦ
1155 3962 1438 4033 τυχόντες,
1472 3964 1688 4034 καὶτῆς
1716 3962 1817 4016 αὐ-

223 4061 327 4129 τῆς
359 4060 656 4131 ἠξιωμένοι
715 4059 979 4128 σπουδῆς,
1013 4057 1322 4129 μεμηνότος
1360 4056 1542 4126 δίκην,
1577 4058 1814 4122 ταυτησὶ

229 4152 332 4223 μὲν
357 4153 588 4223 οἰκτρῶς
613 4151 1086 4223 ἐκπεπτώκαμεν,
1120 4151 1419 4220 ἀνισότητα
1447 4147 1506 4202 δὲ
1536 4147 1817 4202 πεπόνθα-

229 4242 332 4313 μέν
362 4261 420 4296 τε
452 4247 546 4297 καὶ
598 4246 1001 4315 τετιμήκαμεν.
1054 4244 1188 4297 Δέον
1247 4246 1358 4313 γὰρ
1402 4240 1752 4308 σπουδάζειν,
1778 4240 1813 4309 ἢ

224 4318 320 4390 τώ
350 4337 514 4391 αὐτὴν
546 4336 642 4389 ἐπί
670 4339 788 4400 τοῖς
839 4335 1093 4406 ἀμείνοσι
1149 4317 1447 4406 δρόμον,⁶”ἢ
1487 4332 1818 4402 φιλονεικεῖν

224 4429 391 4493 ἄλλος
424 4429 581 4483 ἄλλον
607 4429 993 4500 ὑπερϐαίνειν,
1026 4430 1176 4492 ὅπως
1205 4428 1272 4482 ἂν
1300 4426 1388 4480 ἐπ’
1411 4427 1639 4495 ἀγαθοῖς
1657 4425 1820 4496 ἀλλη-

222 4525 356 4586 λους
388 4522 690 4592 νικῴημεν,
746 4522 1062 4575 τούναντίον
1094 4523 1243 4575 ἅπαν
1295 4521 1608 4591 φαινόμεθα
1644 4520 1820 4589 πράτ·

1923 3327 2018 3375 aut
2049 3319 2289 3390 perpessi
2320 3358 2338 3386 ,
2370 3320 2488 3376 sive
2516 3337 2583 3376 ex
2605 3336 2674 3376 eo
2706 3321 2857 3392 quod
2887 3321 3032 3391 passi
3062 3335 3256 3379 sumus
3278 3324 3509 3381 minime

1922 3411 2097 3479 docti,
2126 3410 2401 3482 judicium
2429 3413 2549 3471 veri
2580 3416 2987 3485 propemodum
3015 3418 3327 3483 amisimus,
3372 3419 3510 3474 dum

1925 3503 2064 3557 mala
2093 3504 2302 3574 perpeti
2335 3504 2479 3560 male
2500 3505 2776 3577 eligimus,
2805 3517 2862 3563 et
2888 3524 3155 3565 accusare
3182 3510 3504 3580 quaerimus,

1923 3613 2162 3667 quorum
2198 3598 2254 3652 in
2286 3597 2398 3653 vita
2430 3599 2648 3653 nullum
2678 3600 2912 3655 'crimen
2938 3601 3239 3672 reperitur.
3275 3603 3342 3657 Et
3382 3617 3510 3659 eum

1922 3690 2194 3760 mqualem
2221 3706 2250 3744 a
2281 3692 2393 3746 Deo
2415 3690 2742 3762 dignitatem
2766 3692 2916 3748 inter
2937 3704 3041 3749 ηας
3063 3695 3269 3763 sortiti,
3290 3697 3514 3751 eadem,

1925 3798 2035 3855 que
2091 3785 2161 3839 ab
2226 3784 2350 3854 ipso
2388 3801 2524 3840 cura
2557 3787 2769 3857 dignati
2802 3788 3001 3855 simus,
3048 3804 3115 3845 ea
3166 3791 3508 3849 furiosorum

1922 3875 2100 3931 instar
2133 3874 2529 3931 miserabiliter
2572 3876 2904 3941 excidimus,
2946 3885 3005 3933 et
3056 3879 3124 3933 ad
3157 3879 3514 3950 inaequalita-

1922 3974 2036 4021 tem
2070 3964 2301 4031 redacti,
2328 3968 2460 4020 eam
2487 3965 2544 4019 in
2579 3965 2793 4022 honore
2826 3967 3152 4023 habuimus.
3183 3968 3320 4025 Cum
3349 3985 3513 4024 nam-

1923 4072 2032 4129 que
2062 4059 2149 4113 vel
2178 4057 2405 4113 studere
2435 4042 2824 4114 debuissemus
2853 4059 3002 4114 idem
3041 4061 3267 4131 ingredi
3284 4062 3508 4118 virtutis

1926 4149 2295 4215 curriculum,
2314 4149 2402 4204 vel
2421 4148 2786 4215 contendere,
2811 4158 2872 4204 ut
2894 4151 3038 4206 alius
3054 4152 3225 4206 alium
3244 4154 3508 4219 anteiret,

1923 4252 1983 4299 et
2036 4244 2095 4298 in
2125 4242 2289 4299 bonis
2344 4242 2662 4298 actionibus
2724 4257 2829 4297 nos
2896 4252 3092 4298 mutuo
3136 4245 3508 4312 vineeremus,

1925 4350 2154 4407 prorsus
2180 4343 2375 4391 contra
2396 4333 2653 4399 facimus,
2677 4341 2734 4389 et
2754 4341 3016 4404 tanquam
3044 4336 3239 4390 morbo
3268 4338 3510 4398 quodam

1927 4427 2331 4484 absurdissima
2391 4440 2756 4496 occupamur.
2807 4424 2946 4480 Nam
2980 4440 3050 4480 ex
3089 4426 3278 4484 formae
3307 4439 3513 4484 nostrae

1926 4520 2280 4577 lineamentis
2339 4519 2610 4590 sequitur,
2679 4527 2741 4574 ut
2796 4520 2964 4574 etiam
3011 4520 3305 4576 habitibus
3334 4523 3511 4575 animi

225 4629 436 4678 τοντες,
471 4614 567 4666 καὶ
600 4610 951 4681 συμϐέϐηκεν
987 4612 1124 4681 ημῖν
1150 4605 1264 4662 οἷόν
1295 4627 1347 4662 τι
1370 4610 1542 4671 πάθος
1573 4606 1811 4677 ἀτεχνῶς

1922 4612 2372 4670 cxcelluerimus.
2406 4610 2473 4664 Et
2502 4611 2632 4680 quia
2663 4610 2838 4682 prima
2876 4611 2968 4665 illa
3012 4626 3272 4687 vereque
3304 4612 3514 4668 beatis-

225 4707 456 4770 ἄτοπον,
513 4705 596 4758 ὅτι
643 4696 788 4759 κατὰ
840 4704 970 4769 τοὺς
1030 4707 1132 4775 τῆς
1178 4705 1398 4775 μορφῆς
1457 4702 1818 4772 χαρακτῆρας

229 4798 428 4853 ἔπεστι
487 4798 883 4870 διενηνοχέναι,
946 4799 1040 4850 καὶ
1077 4798 1199 4858 ταῖς
1239 4797 1337 4866 τῆς
1389 4794 1571 4867 ψυχῆς
1610 4794 1813 4861 ἔξεστι.

225 4897 344 4951 Καὶ
393 4894 493 4966 τὴν
545 4894 773 4966 πρώτην
801 4892 1021 4962 ἐκείνην
1077 4895 1171 4945 καὶ
1219 4890 1573 4961 μακαριστὴν
1647 4889 1817 4953 ὅντως

225 4989 586 5058 εὐδαιμονίαν
614 4985 986 5040 ἀποϐαλοῦσιν
1012 4985 1172 5054 ἡμῖν,
1203 4983 1418 5037 δέδοκτο
1440 4983 1552 5035 δεῖν
1581 4983 1667 5051 ἐφ’
1698 4983 1815 5035 ἐτέ-

231 5097 339 5151 ραν
372 5076 1029 5150 πολυσχιδῆντραπέσθαι,
1056 5075 1319 5129 ἀϐέϐαιον
1356 5075 1538 5144 πάντη
1565 5080 1660 5127 καὶ
1696 5074 1820 5128 καθ’

226 5172 437 5242 ἑαυτὴν
468 5174 893 5237 στασιάζουσαν.
927 5170 1032 5223 Ἦν
1085 5169 1140 5221 εί
1187 5185 1269 5231 τις
1300 5169 1364 5223 οὐ
1392 5168 1586 5231 καλοίη
1611 5169 1821 5239 τύρϐην

138 5340 143 5343 _
226 5266 433 5336 κομιδῆ
492 5264 758 5336 ματαίαν,
808 5263 904 5318 καὶ
930 5259 1166 5333 θόρυϐον
1221 5259 1458 5330 ἀκερδῆ,
1486 5259 1680 5314 τοῦτον
1709 5259 1822 5330 ἐγὼ

226 5357 445 5428 νομίζω
467 5356 645 5411 τελεῖν
668 5358 770 5410 οὐκ
792 5357 873 5421 είς
895 5354 1019 5419 τοὺς
1043 5352 1106 5407 εὖ
1128 5351 1486 5424 φρονοῦντας,
1513 5351 1574 5405 οὐ
1602 5351 1822 5421 φύσεως

1928 4708 2068 4762 sima
2121 4705 2386 4760 felicitate
2435 4704 2620 4758 orbati
2652 4719 2866 4770 sumus,
2920 4702 3103 4758 visum
3129 4712 3215 4759 est
3249 4713 3513 4775 oportere

1929 4798 1996 4854 ad
2028 4798 2192 4855 aliam
2230 4797 2621 4866 multiplicem,
2675 4795 3091 4852 inconstantem
3130 4798 3361 4853 omnino
3398 4808 3456 4855 et
3483 4816 3514 4855 a

1928 4892 2109 4962 seipsa
2157 4890 2519 4947 dissidentem
2564 4888 2836 4944 converti.
2895 4887 3071 4955 Quam
3118 4889 3167 4944 si
3210 4890 3338 4958 quis
3400 4905 3513 4944 non

1925 4986 2167 5056 appellet
2191 4983 2382 5038 turbas
2409 4982 2573 5036 valde
2627 4980 2858 5036 stolidas
2894 4982 3324 5052 tumultumque,
3362 4982 3515 5038 hunc

1925 5096 2026 5147 ego
2058 5078 2111 5131 iu
2144 5075 2510 5147 prudentibus
2540 5075 2689 5141 haud
2742 5074 3175 5140 numerandum,
3220 5091 3403 5146 neque
3435 5077 3513 5131 illi

1925 5177 2206 5230 naturam,
2259 5164 2357 5220 sed
2389 5178 2613 5235 pravam
2644 5163 2890 5234 aliquam
2914 5163 3256 5219 voluntatem
3318 5165 3376 5219 iu
3407 5164 3517 5219 hoc

1926 5259 2181 5314 nocuisse
2212 5258 2431 5325 opinor.
2470 5254 2609 5310 Cum
2649 5269 2818 5324 porro
2849 5256 3008 5310 multi
3041 5256 3206 5328 hujus
3235 5255 3399 5312 dicta:
3458 5265 3516 5310 et

1928 5350 2188 5420 legitimas
2217 5346 2503 5403 felicitatis
2555 5344 2775 5402 diversa
2824 5346 3041 5404 ratione
3081 5357 3332 5403 exsortes
3374 5346 3512 5412 sint,

1508 5514 1725 5578 Jacobi
1761 5518 2025 5581 Pontani
2063 5522 2251 5579 notae.

308 5643 387 5715 (8)
437 5642 514 5699 De
555 5658 740 5718 aurea,
768 5646 913 5702 bulla
957 5645 1219 5718 loquitur,
1263 5641 1332 5698 de
1373 5657 1480 5718 qua
1517 5651 1678 5718 antea
1705 5660 1809 5718 sae-

227 5714 393 5789 pius;
410 5729 538 5789 eam
563 5715 709 5789 enim
730 5714 1091 5789 imperatorES
1110 5716 1334 5778 dabant,
1353 5715 1552 5789 quibus
1575 5714 1809 5789 dandam

227 5783 556 5865 censebant.
606 5783 835 5865 Nicetes.
867 5787 963 5837 lib.
1008 5802 1026 5841 ι
1074 5791 1255 5865 vocat,
1298 5783 1809 5865 γράμμα-ἐρρθρο.

1921 5647 2157 5725 causam:
2177 5684 2193 5709 ,
2240 5640 2846 5725 adyxrjcmdvassuuévtp
2878 5639 3100 5725 αίματι.
3147 5638 3362 5725 litteras
3390 5655 3516 5725 hru-

1921 5711 2067 5771 brica
2102 5724 2331 5778 uolatus,
2351 5711 2638 5783 sigilloque
2680 5711 2844 5766 aureo
2872 5721 2921 5765 et
2951 5713 3118 5783 serico
3134 5711 3229 5779 [ilo
3253 5713 3513 5783 munitas.
3586 5772 3593 5781 ι

1918 5790 2057 5860 quod
2082 5788 2287 5860 concias
2300 5779 2562 5860 sanguine
2587 5779 3416 5860 tinctum_erat_._Zonararntotni.
3433 5794 3519 5844 tu.

229 5858 543 5927 σήμαντον,
579 5854 835 5923 σφραγῖδί
869 5868 927 5904 τε
960 5855 1211 5922 χρυσεία,
1236 5849 1349 5905 καῖ
1366 5849 1577 5924 σηρικῷ
1604 5849 1806 5926 νήματι
1918 5849 2361 5928 χρυσοσήμαντος
2381 5849 2568 5924 {pagi}
2585 5864 2641 5908 et
2659 5852 3059 5924 χρυσόϐουλλος
3082 5849 3270 5917 γραφή
3290 5849 3365 5901 (Ιίᾷ
3382 5852 3513 5902 itur.

526 5956 797 6016 Ps'rItOL.
842 5955 959 6013 Gn.
993 5951 1192 6017 CLIEI.

3058 5946 3137 6005 32
