4014 6436
246 411 386 473 10θῦ

241 621 386 672 στῶν
418 619 610 683 ὄντων,
663 622 1058 688 προστεθέντες
1117 626 1302 693 ἡμεῖς,
1341 628 1436 678 καὶ
1494 630 1673 681 πάντα
1713 632 1811 694 μὲν

239 713 373 782 παρ’
418 712 572 764 οὐδὲν
611 711 854 780 θέμενοι,
899 715 1359 782 συγκινδυνεῦσαι
1391 717 1437 768 δ’
1467 719 1663 787 ἐκείνῳ
1704 737 1808 770 κα-

238 803 348 864 λῶς
383 803 651 872 ἐλόμενοι,
710 806 805 856 καὶ
845 807 1063 876 μυρίοις
1129 807 1270 877 ὑπὲρ
1311 808 1522 862 ἐκείνου
1577 828 1812 881 συμπιε-

244 895 469 956 σοέντες
491 894 707 960 δεινοῖς,
728 895 909 962 φιλίας
927 896 1038 966 ὅρῳ
1066 900 1161 950 καὶ
1184 899 1366 967 νόμοις
1383 900 1594 953 δικαίου
1615 903 1812 972 χρέους

241 984 576 1053 πειθόμενοι,
614 987 1002 1054 περιγενέσθαι
1037 987 1303 1058 λαμπρῶς
1341 991 1449 1044 τῶν
1479 993 1812 1047 ἀδικούντων

239 1075 456 1145 «animi.
484 1075 877 1144 πεποιήκαμεν
907 1077 1043 1130 Θεοῦ
1084 1081 1335 1149 τυχόντες
1358 1082 1508 1136 ἵλεω.
1534 1084 1646 1138 Καὶ
1671 1081 1813 1153 ἦμεν

241 1165 399 1226 αὖθις
425 1170 481 1219 ἐν
513 1169 678 1220 παντὶ
707 1167 808 1238 βίῳ
841 1170 936 1222 τοῦ
989 1170 1091 1239 ζῇν
1128 1172 1224 1224 καὶ
1260 1173 1572 1242 βασιλεύειν
1603 1177 1814 1229 ἐκεῖνον

243 1257 541 1326 κηδόμενοί
602 1275 661 1312 τε
717 1259 810 1312 καὶ
868 1262 996 1330 περὶ
1043 1263 1300 1316 πλείστου
1363 1265 1702 1335 ποιούμενοι,
1740 1267 1816 1330 ὡς

240 1347 392 1400 ἴσασι
442 1349 612 1402 ταῦτα
651 1350 851 1414 πάντες
904 1353 1000 1429 καὶ
1037 1354 1191 1423 ἡμῶν
1221 1355 1281 1407 τὸ
1352 1357 1510 1426 σιγᾷν
1545 1358 1814 1426 αἱρουμέ-

240 1454 372 1488 νων.
418 1436 557 1504 Ἐγὼ
593 1437 693 1508 μὲν
720 1433 813 1491 οὖν
845 1439 920 1501 ὼς
955 1441 1047 1494 καὶ
1073 1442 1392 1505 πλειστάκις
1417 1445 1600 1506 αὑτοῖς
1629 1445 1813 1512 ἔργοις

179 1543 183 1548 ·
241 1527 611 1597 ἐπεδειξάμην
664 1529 770 1580 ὑπὸ
831 1531 971 1600 Θεῷ,
1027 1533 1121 1584 καὶ
1154 1535 1222 1585 τά
1277 1532 1370 1585 νῦν
1404 1534 1813 1605 διῖσχυρίζομαι

241 1621 504 1689 μάρτυρι,
563 1619 636 1682 ὡς
687 1622 839 1690 ῥᾷστ’
892 1624 958 1674 ἂν
1021 1625 1118 1674 καὶ
1179 1625 1276 1676 σὺν
1342 1626 1476 1695 εὐχῇ
1532 1625 1631 1694 τὴν
1674 1627 1813 1696 ἐμὴν

243 1713 528 1782 ἀπεδόμην
563 1711 731 1781 ζωὴν,
787 1712 838 1764 εἴ
867 1729 928 1780 γε
955 1714 1075 1779 ἐξὸν
1107 1711 1176 1785 ἦν
1221 1717 1430 1767 ἐκεῖνον
1456 1715 1558 1768 οὐκ
1595 1719 1650 1778 ἐς
1682 1717 1813 1787 ᾷδου

243 1804 408 1857 ξέναι.
459 1804 611 1855 Ἐπεὶ
661 1803 715 1856 δὲ
745 1804 892 1856 τοῦτ’
927 1804 1231 1875 ἐϐουλόμην
1283 1805 1409 1876 μὲν,
1443 1809 1539 1860 καὶ
1577 1809 1699 1860 ὅσον
1753 1809 1814 1861 τι

240 1895 338 1949 ἀπ’
369 1897 611 1966 ἐμαυτοῦ
644 1893 789 1966 εἶχον
837 1898 901 1948 ἐκ
933 1897 1027 1949 τοῦ
1064 1899 1266 1968 ῥᾴστου
1325 1901 1708 1970 πεποιηκέναι,
1737 1901 1813 1972 τῷ

244 1986 367 2058 Θεῷ
399 1988 442 2041 δ’
477 1988 621 2041 οὕτω
647 1989 918 2059 κέκριται,
956 1991 1047 2042 καὶ
1071 1990 1352 2061 τέθνηκεν,
1387 1992 1462 2055 ὡς
1509 1992 1584 2062 μὴ
1615 1991 1810 2060 ὢφελε,

242 2077 358 2146 βίον
387 2079 618 2131 ἀϐίωτον
648 2079 770 2148 ἐμοὶ
801 2081 1233 2147 καταλελοιπὼς,
1258 2083 1349 2135 τοῦ
1375 2085 1475 2154 ζῇν
1503 2084 1596 2136 καὶ
1625 2083 1813 2154 ἄρχειν

239 2171 338 2240 τὴν
369 2171 579 2224 ἐκείνου
613 2172 853 2240 σύζυγον
882 2173 976 2227 καὶ
1021 2175 1087 2227 τὰ
1143 2175 1377 2244 φίλτατα
1418 2177 1580 2228 παντὶ
1634 2178 1811 2230 σθένει

248 2263 426 2327 καλῶς
459 2264 568 2331 ἐγὼ
614 2265 734 2316 λίαν
761 2267 1202 2336 ἐπιμεμέλημαι,
1228 2267 1394 2338 ψήφῳ
1420 2267 1515 2321 τοῦ
1534 2268 1811 2323 θειοτάτου

247 2353 512 2422 βασιλέως
542 2355 637 2409 καὶ⁸
666 2357 888 2409 πάντων
930 2357 1127 2426 ἐφεξῆς
1161 2357 1387 2427 ’ύστερον
1415 2359 1515 2428 τὴν
1548 2360 1656 2412 τῶν
1683 2377 1813 2413 κοι-

243 2447 370 2510 νῶν,
404 2449 476 2511 ὠς
504 2449 599 2500 καὶ
622 2449 750 2518 πρὶν
782 2449 1263 2519 ἐγκεχειρισμένος
1292 2449 1583 2519 διοίκησιν.
1616 2451 1813 2512 Καλῶς

240 2537 425 2590 τοίνυν
461 2539 557 2590 καὶ
585 2539 710 2591 κατ’
739 2538 903 2609 εὐχὴν
929 2542 1022 2591 καὶ
1047 2541 1142 2592 ἐπὶ
1171 2540 1230 2592 τὸ
1259 2541 1469 2610 βέλτιον
1493 2543 1601 2594 τῶν
1634 2558 1815 2612 πραγ-

233 2627 426 2693 μάτων
475 2629 736 2698 ἡκόντων,
769 2631 861 2682 καὶ
889 2630 1041 2700 ἥξειν
1083 2629 1162 2684 ἔτι
1195 2631 1396 2702 ῥαδίως
1443 2634 1816 2702 ἐπαγγελομέ-

238 2737 366 2782 νων,
425 2720 504 2788 τῷ
555 2720 741 2784 ἐξώλει
772 2721 870 2773 καὶ
918 2723 1164 2791 κακίστῳ
1222 2724 1481 2793 πάθειδὴ
1543 2742 1684 2794 φημι
1737 2725 1814 2794 τῷ

239 2812 420 2883 φθόνῳ
440 2811 767 2883 τρωθέντες,
795 2815 842 2865 οἱ
863 2813 1082 2882 μᾶλλον,
1109 2813 1184 2877 ὡς
1213 2814 1444 2884 εἴρηται,
1466 2815 1728 2880 παθόντες
1753 2813 1811 2870 εὖ

244 2903 374 2970 παρ’
416 2902 594 2970 ἡμῶν,
631 2897 704 2955 ὧν
735 2903 963 2972 ἔξαρχος
990 2905 1017 2955 ὁ
1057 2903 1276 2956 κάκιστ’
1334 2904 1708 2973 ἀπολούμενος
1741 2901 1812 2976 ἦν

256 2989 614 3062 Ἀπόκαυχος,
639 2992 796 3063 δίκην
830 2993 1002 3062 ὄφεως
1033 2993 1431 3064 ὑπεψιθύρισαν
1459 2999 1524 3067 τῇ
1558 2996 1810 3066 βασιλίδι,

241 3085 336 3136 καὶ
364 3085 458 3137 τοῦ
495 3084 658 3155 ὀρθοῦ
690 3086 897 3154 ταύτην
920 3087 1334 3140 ἐκπεπτωκέναι
1362 3090 1810 3158 παρεσκευάκασι

1361 421 1907 485 ιιιετοιιιιιιιιιιι
1951 429 2185 491 LIBER
2237 409 2354 492 III.

125 573 142 584 κ
240 527 416 595 φειδοί
452 526 556 579 τῶν
600 526 946 591 ἀδικούντων,
1003 531 1142 600 πλὴν
1186 533 1376 586 τούτου
1418 541 1564 589 πάνυ
1594 539 1806 606 θαυμα-

1919 541 2036 594 simi
2079 543 2322 613 fuerunt)
2354 586 2366 606 ,
2388 560 2485 598 nos
2524 547 2739 612 sociati,
2779 552 2896 621 ejus
2925 565 3088 606 causa
3135 556 3320 609 omnia
3350 574 3487 613 con-

3350 448 3486 512 1οῗίῦ

1921 634 2265 700 tempsiinus,
2301 645 2356 688 ct
2381 649 2505 688 cum
2541 652 2606 690 eo
2637 640 2878 706 pericula
2905 641 3144 696 libenter
3163 645 3486 712 subeuntes,

1919 722 2183 792 milleque
2208 712 2372 780 malis
2401 728 2802 796 propterillum
2827 732 3081 798 exerciti,
3114 735 3374 791 amicitia:
3427 754 3490 791 ac
3564 760 3572 763 ·

1910 813 2072 882 justze
2106 817 2447 871 necessitatis
2470 818 2681 885 legibus
2715 819 2925 874 inducti
2974 822 3277 888 effecimus,
3312 827 3484 881 Deum

1916 905 2096 958 sortiti
2127 907 2449 974 propitium,
2479 916 2537 960 ιιι
2567 910 2613 962 is
2645 921 3025 978 persecutores
3058 930 3188 970 suos
3225 918 3488 984 praeclare

1917 1007 2221 1063 superaret.
2286 997 2352 1049 Et
2407 1013 2628 1054 eramus
2681 1012 2868 1068 postea
2905 1004 2958 1056 in
3011 1007 3160 1058 omni
3213 1008 3332 1076 ejus
3376 1009 3486 1062 vita

1918 1088 2162 1154 solliciti,
2196 1089 2528 1159 maximique
2568 1091 2852 1161 cujusdam
2905 1094 3036 1148 boni
3091 1095 3212 1151 loco
3253 1100 3485 1166 optaba—

1873 1216 1877 1220 η
1918 1194 2065 1241 mus,
2103 1187 2162 1231 ut
2206 1179 2297 1232 ille
2354 1180 2560 1234 viveret
2632 1192 2684 1235 et
2738 1183 3034 1252 imperaret
3068 1187 3162 1239 :id
3208 1188 3356 1255 quod
3402 1189 3485 1242 vel

1919 1267 2228 1322 tacentibus
2266 1270 2424 1324 nobis
2458 1286 2621 1325 nemo
2652 1287 2759 1325 non
2783 1274 2954 1328 novit.
2984 1275 3096 1345 Ego
3122 1277 3307 1346 igitur,
3337 1278 3483 1347 quod

1917 1357 2078 1413 factis
2112 1360 2244 1428 ipsis
2271 1361 2568 1429 saepissime
2619 1378 2730 1430 prae
2779 1380 2862 1417 me
2897 1366 3018 1429 tuli,
3070 1382 3218 1420 nunc
3265 1383 3485 1437 quoque

1922 1449 2030 1501 Deo
2090 1457 2228 1503 teste
2293 1451 2522 1514 allirmo,
2547 1452 2594 1504 si
2627 1452 2743 1506 fieri
2779 1455 3073 1522 potuisset,
3127 1467 3190 1510 ut
3231 1457 3322 1512 ille
3373 1475 3481 1514 non

1921 1547 2250 1603 moreretur,
2308 1557 2394 1595 me
2448 1543 2804 1611 cupidissime
2879 1561 2978 1612 pro
3031 1561 3098 1600 eo
3156 1549 3484 1604 moriturum

1918 1628 2109 1683 fuisse.
2142 1631 2411 1694 Quoniam
2458 1642 2639 1686 autem
2689 1649 2790 1702 ego
2825 1634 3174 1700 ἱδιιιοινοιιιὶ,
3235 1646 3290 1690 et
3336 1642 3486 1706 quod

1915 1719 1985 1773 ad
2024 1736 2109 1774 me
2158 1723 2377 1785 attinet,
2429 1722 2692 1778 facillime
2717 1725 2894 1792 potui,
2951 1725 3061 1778 Dee
3111 1734 3292 1778 tamen
3326 1727 3490 1781 aliter

1918 1811 2093 1865 visum
2113 1822 2216 1878 est,
2241 1822 2295 1867 et
2319 1814 2626 1887 illeobiens
2646 1815 2760 1883 (qui
2798 1816 3005 1868 utinam
3038 1819 3372 1887 superesset)
3411 1818 3492 1870 vi-

1922 1910 2029 1954 tam
2059 1903 2284 1957 minime
2301 1883 2520 1958 vitaieni
2537 1905 2669 1958 mihi
2690 1905 2915 1974 reliquit
2936 1907 3072 1974 (li),
3094 1907 3330 1977 524m
3354 1883 3487 1978 'cjus

1910 1995 2113 2064 conjux
2149 2003 2204 2047 ct
2233 1995 2389 2048 liberi
2439 1995 2685 2051 viverent
2716 2005 2881 2065 atque
2915 1996 3276 2064 imperarent,
3325 2001 3482 2052 omni

1915 2101 2046 2140 cura
2063 2096 2115 2140 ct
2137 2101 2239 2156 Ope
2255 2087 2551 2152 elaboravi,
2571 2089 2903 2144 auctoritate
2919 2089 3278 2143 sacratissimi
3310 2092 3487 2160 impe-

1916 2176 2113 2230 ratoris
2139 2185 2194 2230 et
2220 2177 2464 2230 omnium
2483 2177 2765 2247 deinceps,
2798 2194 3036 2244 rursum,
3063 2186 3283 2242 utante,
3301 2194 3484 2234 rerum

1915 2282 2142 2323 summa:
2185 2267 2635 2323 administrandae
2685 2271 3033 2339 prmpositus.
3087 2269 3226 2324 Cum
3295 2271 3480 2325 omnia

1915 2359 2078 2424 belle,
2113 2369 2168 2412 et
2209 2359 2275 2412 ad
2303 2369 2513 2420 votum.
2549 2361 2968 2429 rectissimcque
3007 2361 3392 2429 procederent,
3424 2373 3484 2417 et

1914 2452 1987 2505 ita
2047 2466 2375 2520 processura
2441 2465 2566 2520 spes
2624 2451 2767 2505 bona
2823 2452 3071 2516 daretur,
3133 2452 3343 2506 exitiali
3427 2462 3486 2507 et

1917 2539 2161 2607 pessimo
2234 2552 2367 2591 sane
2424 2538 2637 2602 norbe,
2674 2537 2880 2590 invidia
2933 2537 3180 2606 inquam,
3216 2538 3482 2607 correpti,

1915 2644 2054 2698 quos
2105 2645 2216 2699 prae
2265 2630 2387 2683 aliis
2431 2630 2800 2684 beneﬁcentia
2847 2638 3034 2683 nostra
3085 2630 3482 2695 extuleramus,

1915 2720 2055 2780 duce
2083 2731 2136 2774 et
2165 2730 2391 2774 auctore
2434 2720 2764 2788 Apocaucbo
2820 2721 3213 2788 perditissimo,
3255 2721 3352 2790 qui
3375 2735 3491 2774 ser-

1916 2813 2100 2881 pentis
2139 2811 2316 2865 instar
2353 2811 2690 2880 impcratrici
2740 2811 3080 2876 insibilabat,
3114 2827 3144 2865 a
3180 2824 3338 2866 recte
3374 2819 3488 2864 tra-

1919 2903 2051 2957 mite
2082 2917 2200 2956 eam
2239 2903 2614 2964 deterserunt,
2669 2911 2726 2956 et
2781 2902 3124 2956 voluntatem
3171 2903 3293 2972 ejus
3351 2901 3487 2971 (non

1915 2995 2062 3048 enim
2116 2995 2291 3047 dicam
2344 2993 2786 3062 intelligentiam)
2841 3005 2971 3061 erga
3022 3006 3144 3054 nos,
3227 2992 3486 3047 mirabile

1917 3085 2089 3149 dictu,
2135 3091 2523 3154 per-verterunt
2573 3084 2721 3155 (12);
2775 3083 2946 3152 idque
2970 3098 3096 3137 cum
3128 3099 3226 3153 pro
3251 3084 3378 3153 ipso
3434 3097 3492 3139 et

239 3179 428 3242 κακῶς
458 3180 557 3251 τὴν
597 3179 768 3250 αὐτῆς
799 3181 1227 3250 διαστρέψαντες
1282 3181 1509 3252 γνώμην
1540 3200 1551 3212 ο
1589 3183 1650 3236 ού
1705 3183 1810 3255 γὰρ

1919 3179 2033 3248 ejus
2086 3175 2200 3229 filio
2244 3175 2558 3243 imperatori
2621 3183 2830 3227 tantum
2890 3175 3370 3239 con-tenderemus,
3433 3183 3490 3230 et

235 3269 304 3324 ἂν
353 3272 566 3340 εἴποιμι
611 3273 812 3340 γνῶσιν
847 3273 967 3326 καθ⁴
1022 3273 1201 3341 ἡμῶν,
1258 3273 1444 3343 βαϐαὶ,
1484 3275 1578 3328 καὶ
1639 3277 1812 3329 ταῦτα

244 3363 656 3426 σπουδαζόντων
688 3363 828 3432 ὑπὲρ
853 3364 1070 3432 ἐκείνης
1119 3365 1211 3416 καὶ
1243 3364 1336 3417 τοῦ
1377 3367 1561 3426 παιδὸς
1596 3369 1685 3419 καὶ
1714 3369 1812 3436 βας

239 3452 459 3517 σιλέως,
515 3457 609 3508 καὶ
669 3455 898 3525 μυρίους
961 3457 1098 3525 ὑπὲρ
1156 3457 1364 3525 ἀμφοῖν
1422 3460 1812 3528 ὑφισταμένων

237 3548 523 3615 καμάτους
551 3585 567 3608 ,
597 3549 780 3616 μέντοι
809 3564 873 3616 γε
919 3545 1015 3599 καὶ
1050 3549 1238 3610 κακοῖς
1272 3550 1628 3619 ἐπεχείρησεν
1657 3540 1840 3619 (ipsi?

236 3638 445 3706 ψασθαί
465 3655 532 3708 με
558 3678 571 3701 ,
605 3640 803 3708 μᾶλλον
844 3639 900 3691 δὲ
934 3638 1148 3708 θανάτῳ
1181 3639 1272 3691 τὸν
1296 3639 1403 3709 ὅρῳ
1437 3645 1564 3710 περὶ
1596 3641 1814 3710 ἐκείνην

238 3734 336 3782 καὶ
366 3723 434 3782 τά
467 3731 624 3783 κοινὰ
654 3730 856 3798 ἀγαθὸν
917 3734 983 3800 τῇ
1015 3731 1108 3784 τοῦ
1153 3733 1392 3800 Χριστοῦ
1448 3734 1655 3802 χάριτι,
1697 3735 1812 3785 ἀλλ’

237 3817 326 3875 οἷα
356 3823 473 3875 ἀνθ’
503 3824 630 3876 οἴων
685 3825 1022 3893 κεκόμισμαι
1056 3825 1071 3876 ι
1112 3823 1380 3893 Ὀπηνίκα
1407 3824 1512 3892 γάρ
1543 3841 1608 3893 με
1645 3823 1813 3893 ἐχρῆν

235 3916 414 3966 εἰπεῖν
453 3914 514 3966 τὸ
547 3915 638 3966 τοῦ
673 3915 990 3977 ἀποστόλου,
1015 3914 1074 3967 τὺ
1100 3911 1120 3964 ι’
1147 3914 1258 3984 Τὴν
1293 3914 1474 3966 πίστιν
1506 3915 1810 3985 τετήρηκα,

236 4007 331 4059 τδν
353 4008 553 4078 δρόμον
577 4007 856 4068 τετέλεκα,
875 4026 891 4056 ι
923 4007 1098 4059 καὶτὸ
1125 4005 1250 4072 tea;
1287 4007 1377 4058 τοῦ
1413 4007 1578 4075 ῥητοῦ
1606 4007 1811 4070 λοιπὸν,

237 4097 518 4167 εἰληφέναι
551 4099 798 4171 θαρρεῖν,
823 4099 932 4151 τότ’
959 4100 1064 4168 ἄρα
1091 4095 1224 4168 ἐμοῦ
1251 4099 1348 4168 μὲν
1377 4099 1658 4166 σιγῶντος,
1685 4099 1815 4152 αὐτὸ

239 4184 471 4256 τοῦργον
509 4189 638 4241 ἐϐόα
668 4191 794 4250 τοὺς
847 4189 1063 4253 ἄθλους,
1104 4191 1198 4241 καὶ
1233 4190 1444 4259 μεγάλα
1479 4190 1596 4241 ἀντὶ
1636 4191 1812 4257 μεγά-

237 4279 346 4331 λων
373 4280 749 4348 εἰσέπραττεν.
783 4281 843 4333 Οἱ
873 4279 916 4331 δ’
935 4279 1237 4349 ὀφείλοντες
1287 4280 1352 4351 (ὣ
1381 4281 1479 4349 τῆς
1511 4279 1618 4332 τῶν
1653 4297 1816 4334 συκο-

237 4371 631 4440 φαντησάντων
684 4369 1115 4441 παραπληξίας,)
1150 4371 1377 4442 εἰρήνην
1425 4373 1569 4440 ἡμᾶς
1603 4374 1818 4426 κατεδί-

236 4478 435 4524 κασαν,
465 4463 556 4514 καὶ
587 4462 893 4531 ἐγράψαντο
928 4461 1233 4524 πλάσαντες
1265 4462 1388 4514 καθ’
1426 4461 1605 4532 ἡμῶν,
1628 4462 1655 4515 ὃ
1679 4465 1815 4534 πρὶς

241 4552 434 4621 βουλῆς
462 4553 557 4605 καὶ
587 4554 819 4622 μελέτης
847 4554 978 4622 ἡμῖν
1013 4554 1111 4605 οὐκ
1139 4548 1207 4623 ἦν
1229 4569 1244 4583 '
1279 4551 1340 4604 οῦ
1371 4570 1450 4604 τοι
1489 4554 1564 4622 μά
1596 4554 1685 4605 τὸν
1716 4556 1811 4606 καὶ

239 4641 540 4708 λογισμοὺς
600 4641 840 4710 καρδιῶν
907 4641 1154 4711 ἀκριϐῶς
1220 4642 1605 4711 ἐπιστάμενον.
1652 4642 1812 4696 Ἀλλὰ

237 4732 414 4785 ταῦτα
441 4733 538 4801 μὲν
570 4733 649 4794 εἰς
679 4733 865 4802 ἕτερόν
891 4711 980 4801 μδι
1003 4733 1379 4800 τεταμιεύσθω
1407 4733 1617 4801 καιρὸν,
1651 4734 1815 4803 ἡνίκα

237 4827 332 4875 καλ.
361 4823 665 4893 φανήσεται
695 4823 925 4893 τάληθὲς
955 4823 1134 4886 καλῶς
1160 4823 1295 4876 Θεοῦ
1339 4824 1592 4888 διδόντος.
1624 4826 1737 4878 Νῦν
1771 4827 1814 4879 δ’

237 4915 312 4976 ὡς
343 4915 416 4983 μὴ
449 4919 511 4983 τῇ
547 4914 640 4967 τοῦ
686 4915 846 4982 λόγου
886 4915 1032 4986 ῥύμῃ
1082 4917 1496 4985 συνεσχημένοι,
1524 4917 1818 4972 κάντεῦθεν

241 5007 360 5068 ταῖς
399 5006 674 5069 τοιαύταις
703 5004 1099 5076 ἐμφιλοχωρείν
1155 5004 1478 5057 ὑποθέσεσιν
1509 5008 1806 5077 ἐπειγόμε-

320 5167 403 5248 ιιι
434 5167 580 5222 Tim.
619 5181 678 5227 ιι,
705 5169 756 5218 7.

1916 3275 2208 3321 sexcentos
2241 3281 2341 3334 pro
2377 3265 2648 3319 ambobus
2683 3265 2902 3319 labores
2931 3264 3299 3328 liam-iremus,
3339 3264 3490 3319 nihi-

1916 3360 1974 3413 lo
2017 3359 2204 3412 minus
2263 3358 2440 3421 malis,
2466 3357 2549 3411 vel
2609 3364 2788 3411 morte
2837 3357 3048 3426 potius,
3119 3371 3206 3410 me
3263 3355 3489 3411 Christo

1915 3451 2152 3513 favente,
2185 3452 2248 3505 de
2278 3451 2394 3518 ipsa
2426 3457 2481 3502 et
2536 3449 2818 3503 communi
2843 3459 2951 3502 tam
2983 3448 3124 3504 bene
3165 3458 3487 3514 merentem,

1916 3557 2268 3597 remunerare
2310 3549 2504 3595 conata
2549 3551 2654 3594 est.
2704 3539 2838 3594 Hem
2883 3541 3065 3611 qualia
3102 3555 3203 3610 pro
3225 3542 3485 3610 qualibus

1916 3637 2132 3702 recepi!
2159 3635 2388 3700 Quando
2411 3634 2557 3688 enim
2593 3648 2681 3688 me
2711 3633 2843 3689 illud
2874 3633 3032 3688 Pauli
3064 3633 3235 3688 divini
3254 3634 3490 3702 apostoli

1914 3724 2100 3778 dicere
2127 3723 2498 3786 convenisset,
2540 3740 2557 3772 ι
2585 3723 2775 3778 Fidem
2817 3722 3057 3787 servavi,
3101 3737 3328 3776 cursum
3357 3737 3493 3776 eon-

1916 3815 2185 3868 summavi
2206 3817 2248 3878 ’,
2271 3831 2289 3864 ι
2327 3822 2382 3869 et
2410 3815 2708 3880 conlidere,
2738 3812 2884 3882 quod
2920 3815 2972 3866 in
3000 3812 3274 3868 sententia
3309 3812 3494 3881 sequi-

1917 3914 2026 3967 tur,
2091 3919 2177 3956 me
2228 3913 2584 3972 accepturum
2637 3906 2794 3970 (tunc
2823 3902 3096 3972 siquidem
3147 3917 3234 3957 me
3267 3911 3491 3957 tacente

1917 4010 2008 4048 res
2040 3996 2154 4062 ipsa
2207 3993 2511 4070 certamina
2558 4008 2676 4048 mea
2726 3993 3122 4062 proclamabat,
3154 4001 3211 4047 et
3245 4007 3346 4062 pro
3377 4007 3494 4046 ma.

1916 4085 2041 4153 guis
2098 4099 2286 4152 magna
2348 4083 2722 4153 reposcebat),
2759 4083 2853 4151 qui
2884 4083 3047 4136 nobis
3100 4082 3382 4137 debebant
3433 4084 3490 4149 (ο

1919 4177 2378 4249 schpliantarum
2411 4175 2737 4242 vesaniam),
2767 4188 2869 4227 nos
2900 4183 3248 4237 accusantes,
3283 4171 3501 4227 indich

1919 4286 2084 4325 causa
2117 4271 2469 4332 damnarunt,
2521 4267 2813 4321 adversum
2844 4279 2941 4319 nos
2983 4265 3489 4324 comminiscentes,

1919 4360 2066 4432 quod
2108 4361 2166 4414 in
2195 4369 2430 4413 mentem
2477 4357 2640 4412 nobis
2667 4371 2948 4426 nunquam
2993 4363 3257 4410 venerat:
3289 4355 3362 4408 ita
3393 4369 3493 4406 nos

1921 4461 2088 4516 amet,
2119 4451 2215 4520 qui
2245 4449 2495 4503 cordium
2530 4447 2894 4518 cogitationes
2917 4445 3161 4516 perfecte
3183 4445 3488 4514 cognoscit.

1923 4543 2120 4598 Verum
2154 4542 2270 4595 haec
2290 4541 2344 4593 in
2363 4539 2507 4593 aliud
2538 4547 2752 4608 tempus
2771 4537 3044 4600 differam,
3063 4536 3284 4606 quando
3306 4535 3494 4589 divino

1923 4649 2153 4690 munere
2192 4633 2398 4687 veritas
2438 4631 2586 4684 clare
2631 4628 2940 4699 apparebit.
2995 4628 3156 4681 Nunc
3179 4640 3246 4681 ne
3283 4627 3492 4696 impetu

1922 4724 2192 4781 orationis
2263 4721 2497 4791 abrcpti,
2555 4720 2613 4774 in
2677 4719 2783 4772 lioc
2840 4709 3189 4786 argumento'
3233 4729 3496 4785 cogamur

1923 4817 2234 4880 immorari,
2281 4829 2346 4869 ac
2396 4813 2626 4883 proinde
2681 4809 2856 4880 inepti
2913 4809 3315 4873 existimemur,
3366 4809 3496 4862 dum

1927 4925 2095 4981 parvo
2126 4923 2381 4964 sermone
2403 4905 2544 4960 haud
2573 4917 2737 4974 parva
2757 4901 3044 4970 complecti
3071 4899 3324 4962 nitimur,
3350 4909 3500 4953 recta

1927 5003 1995 5058 ad
2031 5001 2370 5074 propositum
2401 4995 2824 5069 aggrediendum
2863 5000 2970 5049 est.
3002 4991 3311 5060 Postquam-
3333 4991 3502 5060 igitur

1486 5260 1699 5320 Jacobi
1735 5262 2002 5324 Pontani
2035 5267 2221 5322 notas.

316 5409 430 5477 (ll)
470 5404 621 5477 Talia
660 5410 788 5477 sunt
833 5400 976 5477 apud
1017 5399 1243 5477 graecos
1267 5398 1395 5452 item
1427 5398 1620 5477 νύμφη
1641 5401 1817 5469 ἀνυμ-

246 5469 366 5546 φοξ,
384 5469 654 5546 παρθένος
677 5471 999 5546 απάρθενοςῌ,
1019 5469 1166 5536 δῶρα
1183 5469 1382 5538 ἄδωρα,
1406 5471 1476 5535 γά
1487 5487 1572 5534 μοι
1591 5471 1697 5546 ἄγα
1707 5489 1818 5538 μοι,

247 5539 720 5617 μήτηρᾶμήτωρ,
762 5539 1182 5617 χάρις’-ἄχαρις,
1207 5548 1260 5592 et
1294 5553 1415 5617 quae
1446 5549 1600 5617 notat
1635 5539 1822 5594 Victo-

246 5609 360 5670 rius
385 5609 574 5676 'ling,
610 5609 729 5678 cap.
765 5609 851 5663 1‘2.
887 5609 1045 5676 Ἕργ*
1067 5610 1292 5678 ἄνεργαᾉ,
1317 5609 1520 5676 πότμος
1553 5611 1817 5677 ἄποτμος.

245 5691 310 5741 Et
372 5676 688 5735 Graecorum
722 5680 1024 5732 imitatione
1072 5679 1213 5744 apud
1259 5676 1501 5741 Latinos,
1551 5676 1822 5745 insepulta

243 5756 567 5821 sepultura,
626 5747 867 5821 innupta:
933 5749 1181 5821 nuptiie,
1236 5762 1324 5821 ars
1379 5747 1561 5821 iners,
1613 5750 1821 5821 innexa

245 5816 344 5877 ιιι-ἰς
383 5824 594 5885 funera,
639 5816 919 5871 insaniens
951 5817 1240 5884 sapientia,
1275 5817 1566 5887 disciplina
1610 5817 1822 5873 induci-

245 5897 338 5959 lis,
373 5903 488 5945 etc.

1393 6014 1403 6040 Ι

2000 5405 2112 5473 (12)
2141 5405 2329 5473 Greece
2354 5402 2454 5465 sic,
2484 5399 2882 5473 cumquadam
2907 5399 3150 5473 jucunda
3180 5414 3507 5473 paronoma—

1929 5468 2028 5538 sia,
2073 5468 2170 5540 τὴν
2211 5472 2382 5539 αὐτῆς
2419 5470 2844 5540 διαστρέψαντες
2888 5469 3150 5537 γνώμηνο
3191 5468 3397 5540 οὐηγὰρ
3440 5470 3506 5522 ἂν

1931 5538 2143 5611 εἰποιμι
2179 5538 2400 5610 γνῶσιν.
2433 5540 2544 5595 Hoc
2580 5538 2697 5593 vult
2729 5554 2744 5592 :
2771 5539 2892 5611 Non
2934 5538 3323 5611 potueruntilli
3349 5538 3508 5608 syco-

1933 5608 2148 5680 phanta:
2185 5608 2418 5675 elﬁcere,
2470 5619 2530 5663 ut
2576 5609 2893 5680 imper-atri):
2924 5608 3206 5680 desineret
3231 5622 3393 5680 nosse
3421 5624 3508 5661 me

1930 5677 2020 5750 qui
2058 5697 2266 5742 essem,
2307 5681 2356 5733 id
2402 5689 2504 5742 est,
2542 5693 2703 5748 quam
2733 5678 2961 5750 integer,
2985 5692 3147 5750 quam
3183 5677 3344 5750 fidus,
3372 5687 3506 5750 (δια,

1932 5746 2032 5804 nec
2061 5751 2206 5804 enim
2246 5751 2349 5802 hoc
2381 5746 2614 5816 poterat,
2647 5755 2725 5800 tot
2756 5746 3145 5816 experimentis
3168 5747 3385 5807 edocta,
3408 5747 3504 5802 sed

1934 5831 1992 5872 ut
2040 5836 2146 5872 non
2194 5815 2426 5887 amplius
2469 5820 2604 5872 bene
2636 5825 2860 5887 cuperet
2900 5815 3031 5887 mihi
3057 5853 3069 5876 ,
3121 5824 3182 5887 ut
3229 5829 3315 5867 me
3345 5817 3511 5872 vellet

1933 5891 2210 5955 persequi,
2245 5883 2352 5954 qua
2373 5891 2517 5955 jure,
2557 5901 2662 5953 qua
2690 5883 2915 5955 injuria,
2954 5886 3055 5942 hoc
3089 5883 3408 5940 cﬂ‘ecerunt.

3537 4963 3545 4986 ι

3534 4993 3544 5046 ί

3534 5125 3541 5144 1
