4014 6424
557 369 688 428 ΠΟἾ

1749 357 2076 420 JOANNIS
2101 355 2628 417 CANTACUZENI

3665 363 3776 429 10θῖ

557 505 763 559 invidia
806 499 1090 564 dmmonie,
1140 507 1197 552 ut
1249 497 1581 567 evpiiatum
1641 506 1745 559 est,
1799 506 1991 548 contra
2040 507 2140 544 nos

2247 486 2350 534 νοι,
2385 470 2586 523 ἄτοπόν
2616 486 2668 520 τι
2692 472 2866 522 ποιεῖν
2896 471 3362 542 ὑποληφθείημεν,
3394 479 3602 548 μικροῖς
3631 479 3777 548 λόγοις

558 598 748 664 inique
782 594 1048 647 furentes.
1093 606 1233 659 quos
1268 589 1430 658 longo
1467 596 1716 656 tempore
1759 584 1921 639 nobis
1949 582 2140 637 devin-

558 701 820 743 xeramus
850 725 864 749 ,
925 682 1315 750 felicitatisque
1350 690 1552 734 nostrae
1586 677 1881 747 participes
1931 674 2144 729 fecera—

557 796 686 836 mus
715 818 729 840 ,
767 776 1061 831 horribilia
1120 774 1172 827 itt
1217 787 1318 826 nos
1351 786 1607 841 perverse
1648 769 1822 822 moliti
1859 776 2011 830 sunt,
2053 765 2141 819 di-

558 883 824 940 rectaque
856 877 914 922 et
979 867 1045 921 ad
1084 881 1376 920 commune
1410 866 1612 916 bonum
1656 861 1968 930 pertinente
2016 857 2139 915 via,

557 964 670 1017 Deo
701 962 1000 1031 adiuvante
1033 957 1354 1011 incedentes
1387 995 1402 1019 ,
1460 953 1694 1020 improbi
1749 950 1998 1020 improbe
2033 949 2141 1001 eri.

559 1053 819 1106 minando
875 1047 1388 1115 malefaciendoque
1415 1059 1539 1099 cum
1565 1041 1868 1097 amicorum
1894 1038 2143 1107 reliquiis

559 1145 808 1199 funditus
868 1147 1102 1212 perdere
1135 1139 1471 1194 studuerunt
1517 1151 1584 1190 ac
1645 1142 2022 1196 tentaverunt,
2053 1132 2142 1184 in-

559 1251 709 1293 terea
749 1251 850 1289 nos
881 1242 1110 1303 urgente
1145 1230 1486 1291 discrimine,
1521 1230 1842 1296 frequenter
1873 1223 1940 1278 de
1965 1224 2142 1277 salute

559 1327 1000 1382 eonsultavimus
1034 1341 1048 1378 :
1080 1323 1259 1376 nihilo
1291 1321 1475 1375 minus
1522 1333 1706 1373 coram
1740 1318 1854 1371 Deo
1897 1325 2140 1370 tremen-

561 1431 663 1483 tes,
693 1429 748 1473 et
798 1417 1035 1472 sollicite
1068 1413 1487 1469 considerantes
1536 1407 1814 1480 quomodo
1845 1405 1979 1462 salvi
2023 1418 2142 1458 esse

560 1519 808 1580 possent,
861 1507 956 1576 qui
1015 1522 1116 1560 nos
1164 1503 1562 1575 prodidissent.
1609 1504 1790 1570 Atque
1824 1507 1883 1551 ut
1929 1495 2138 1558 multa,

559 1616 685 1670 qua:
735 1606 866 1652 sunt
900 1596 954 1649 in
1014 1594 1219 1656 medio,
1250 1596 1316 1646 ad
1357 1590 1672 1661 fugiendam
1729 1587 2036 1642 satietatem
2068 1583 2142 1636 si-

560 1691 726 1751 leam,
763 1703 889 1742 cum
917 1686 1078 1740 amici
1113 1686 1283 1738 ferme
1318 1697 1511 1735 omnes
1551 1682 1605 1734 in
1654 1679 1812 1734 duris
1840 1676 2143 1746 "periculo-

562 1783 753 1850 sisque
784 1777 1122 1847 temporibus
1157 1775 1292 1829 meis
1336 1773 1428 1828 alii
1470 1773 1573 1827 alia
1603 1771 1673 1826 de
1703 1786 1868 1824 causa
1913 1768 2141 1823 mutatis

562 1869 945 1926 voluntatibus
997 1881 1085 1920 me
1131 1865 1413 1919 desertum
1465 1864 1736 1926 ivisscnt,
1788 1860 2006 1930 ipsique
2051 1874 2142 1913 co-

561 1965 714 2034 gnati
745 1961 908 2032 525
942 1975 1007 2014 ac
1041 1958 1301 2024 ministri,
1336 1973 1447 2026 quo
1493 1955 1713 2019 eadem,
1741 1955 1826 2007 vel
1857 1954 2018 2022 plura
2044 1956 2141 2020 po-

563 2058 676 2111 tius
701 2055 880 2110 otiicia
903 2053 1040 2107 mihi
1078 2049 1376 2110 debebant,
1414 2048 1468 2100 in
1499 2044 1778 2100 sexcentis
1818 2059 1906 2098 me
1944 2042 2144 2096 discri—

566 2147 812 2202 minibus
854 2160 1058 2199 arcano
1121 2141 1216 2196 Del
1261 2140 1469 2212 judicio
1526 2136 1939 2198 destituissent,
1971 2134 2144 2204 ipsam

565 2249 622 2294 et
650 2239 823 2294 solam
855 2235 952 2290 Dei
982 2234 1265 2288 dexteram
1290 2230 1635 2284 manifestam
1663 2227 1796 2281 mihi
1823 2225 2141 2283 subvenire.

559 2331 894 2398 fortiterque
921 2326 1028 2380 tela
1058 2326 1112 2378 in
1146 2340 1231 2378 me
1259 2331 1510 2378 contorta
1539 2360 1552 2383 ,
1585 2328 1640 2374 et
1668 2320 1932 2382 murales,
1961 2327 2023 2370 ut
2063 2317 2146 2371 sic

559 2421 782 2488 loquar,
834 2415 1123 2470 machinas
1167 2412 1463 2468 retundere
1500 2410 1668 2464 sensi.
1703 2409 1796 2462 Illa
1845 2417 1976 2461 tunc
2029 2423 2146 2460 om-

560 2511 718 2564 nium
774 2507 940 2564 minis
979 2516 1034 2560 et
1069 2515 1176 2558 tam
1215 2503 1404 2558 multis
1447 2500 1908 2556 terriculamentis
1953 2508 2146 2568 poten-

563 2601 764 2654 tiorem
814 2613 873 2652 se
919 2595 1240 2651 declaravit.
1285 2595 1352 2646 Et
1379 2592 1738 2647 ebarissinms
1765 2591 1934 2645 frater
1976 2591 2148 2659 maje-

567 2688 730 2745 statis
761 2685 1113 2754 nostraell5\,
1145 2684 1400 2738 dominus
1437 2683 1678 2739 Joannes
1703 2681 1965 2751 Angelus,
1997 2695 2146 2735 eam-

564 2783 696 2837 dem
717 2783 942 2850 generis
985 2778 1228 2832 radicem
1257 2792 1473 2831 mecum
1499 2775 1748 2837 sortitus,
1771 2784 1826 2828 et
1853 2773 2146 2842 imperato-

562 2872 649 2926 rio
680 2870 949 2939 sanguine
977 2867 1204 2931 florens,
1237 2882 1363 2921 cum
1401 2881 1500 2920 sua
1537 2865 1738 2920 eximia
1769 2864 1926 2917 laude
1951 2878 2145 2916 omnes

564 2958 741 3028 magis
793 2956 1084 3010 nobilitate
1139 2954 1310 3008 animi
1357 2954 1582 3008 vincere
1613 2951 1932 3015 contendit,
1979 2965 2141 3019 quam

561 3063 661 3101 eos
690 3046 946 3116 corporis
974 3043 1266 3098 nobilitate
1302 3043 1604 3096 antecellit.
1635 3040 1786 3094 lianc
1811 3043 1958 3094 enim
1990 3040 2142 3092 nasci

564 3137 894 3205 minuique,
944 3136 1090 3188 illam
1141 3133 1519 3203 incorruptam
1571 3145 1924 3201 perseverare
1965 3128 2135 3183 novit.
2169 3156 2213 3220 ο

562 3230 748 3285 Animi
781 3228 950 3296 igitur
992 3229 1115 3296 ejus
1152 3225 1561 3286 fortitudinem,
1595 3222 1956 3290 stabilemque
2007 3237 2142 3290 pru-

563 3321 836 3384 dentiam,
874 3328 930 3374 et
962 3320 1016 3372 in
1045 3317 1238 3372 amicis
1269 3315 1566 3386 diligendis
1617 3311 2011 3377 constantiam,
2046 3327 2146 3381 pro

563 3417 771 3487 quibus
801 3414 1019 3470 nullum
1052 3410 1354 3466 discrimen
1398 3406 1749 3471 reformidet,
1787 3407 2146 3476 corporisque

564 3506 932 3569 habilitatem,
988 3512 1045 3558 et
1093 3503 1248 3557 velut
1279 3499 1794 3555 concinnitudinem
1857 3513 1919 3550 ac
1953 3498 2145 3564 robur,

562 3599 786 3664 longum
839 3604 988 3650 esset
1035 3595 1090 3648 in
1141 3591 1437 3663 praesentia
1503 3603 1963 3645 commemorare.
2007 3587 2148 3655 Quia

562 3703 699 3743 vero
744 3685 988 3741 hostium
1045 3681 1386 3746 testimonia,
1436 3689 1495 3734 ut
1551 3679 1727 3744 aiunt,
1761 3679 1866 3733 [ide
1897 3680 2142 3750 digniora

562 3788 715 3844 sunt,
751 3787 956 3832 norunt
985 3777 1088 3830 ista
1112 3814 1128 3842 ,
1155 3774 1587 3842 fatebunturque
1621 3781 1678 3825 et
1720 3773 1888 3842 Illyrii
1930 3788 1992 3827 ex
2025 3773 2147 3842 qui-

564 3873 668 3926 bus
713 3871 803 3925 hic
837 3869 1112 3938 insignem
1159 3865 1390 3934 gloriam
1440 3866 1742 3933 reportavit
1790 3881 1803 3917 :
1850 3872 1960 3918 tota
2013 3865 2144 3918 item

561 3963 881 4025 continens,
922 3971 979 4015 et
1006 3957 1111 4028 ipsi
1140 3959 1346 4019 Persa),
1377 3957 1470 4026 qui
1501 3969 1645 4026 saepe
1673 3957 1727 4032 in
1757 3957 1905 4011 hunc
1936 3957 2142 4027 impetu

560 4055 732 4120 facto,
762 4053 1023 4107 omnibus
1047 4047 1224 4102 modis
1255 4046 1548 4102 inferiores
1577 4063 1640 4102 ac
1693 4047 1829 4101 nulli
1858 4048 2145 4102 evidenter

562 4147 956 4210 apparuerunt.
989 4139 1119 4201 Qua:
1155 4145 1336 4188 autem
1385 4149 1504 4189 mea
1535 4149 1696 4188 causa
1743 4133 1974 4187 viriliter
2014 4149 2143 4188 sus-

561 4231 831 4291 tinuerit,
859 4226 1133 4280 universae
1189 4224 1402 4279 scilicet
1439 4223 1685 4294 pecunia:
1733 4223 2142 4292 Spoliationem,

559 4321 1004 4388 facultatumque
1061 4317 1310 4370 omnium
1366 4315 1859 4385 proscriptionem,
1901 4313 2142 4368 famulo-

571 4428 698 4468 rum
725 4412 990 4466 amissum
1020 4425 1263 4482 gregem,
1291 4409 1660 4480 privationem
1691 4408 1920 4462 aliarum
1957 4420 2141 4459 rerum

2244 561 2318 615 τὰ
2361 560 2436 630 μὴ
2477 560 2652 629 μικρὰ
2714 559 3056 630 παραδοῦναι
3094 561 3446 632 πειρώμενοι,
3499 567 3627 618 ἰτέον
3675 570 3777 622 ego;

2243 652 2340 706 τοῦ
2372 651 2763 723 προκειμένου.
2805 654 3028 723 Ἐπειδὴ
3065 671 3193 706 ποτε
3230 654 3494 727 βασκανίᾳ
3537 657 3774 729 δαίμονος,

2245 746 2320 807 ὡς
2351 745 2687 814 διείληπται,
2713 744 2837 798 καθ’
2864 745 3022 814 ἡμῶν
3077 746 3334 815 μανέντες
3369 748 3468 798 οὐκ
3497 748 3666 810 ενδικα
3705 752 3776 814 οὓς

2243 834 2331 886 διὰ
2359 835 2555 905 χρόνου
2609 835 2823 903 μακροῦ
2859 835 3045 902 φίλους
3097 837 3546 904 συνεστησάμεθα
3570 839 3654 889 καὶ
3692 857 3776 890 κοιι

2245 927 2448 986 νωνοὺς
2473 927 2610 996 ἡμῖν
2631 925 3014 994 ἐποιησάμεθα
3036 925 3134 995 τῆς
3162 926 3488 996 εὐπραγίας,
3520 929 3780 996 ὲσκαιτῖιρη.

2247 1034 2348 1070 σαν
2378 1017 2447 1069 τὰ
2469 1016 2775 1083 δεινότατα,
2810 1020 2905 1069 καὶ
2958 1019 3026 1086 ἥν
3056 1017 3433 1086 ἐπορευόμεθα
3463 1020 3555 1072 σὺν
3580 1019 3685 1088 Θεῷ
3710 1037 3783 1071 περ

2247 1110 2404 1180 ρείαν
2427 1109 2599 1179 ὀρθήν
2631 1126 2689 1161 τε
2747 1109 2840 1161 καὶ
2897 1109 2976 1179 τῷ
3008 1108 3176 1178 κοινῷ
3232 1110 3607 1162 συντείνουσαν
3654 1119 3783 1164 κακοὶ

2246 1205 2436 1266 κακῶς
2503 1201 2929 1270 διαϐεϐληκότες
3002 1219 3062 1254 τε
3131 1203 3226 1255 καὶ
3307 1204 3782 1274 κεκακουργηκότες

2246 1293 2568 1346 παντάπασι
2631 1289 3098 1364 ’προτεθύμηνται
3175 1293 3270 1347 καὶ
3335 1295 3782 1364 ἐπικεχειρήκασιν

2244 1386 2393 1455 ἡμᾶς
2425 1385 2612 1438 ὀλέσαι
2655 1385 2753 1437 σὺν
2786 1388 2899 1447 τοῖς
2932 1384 3313 1453 ὑπολειφθεῖσι
3353 1387 3552 1454 φίλοις,
3581 1387 3781 1438 105m-

2244 1476 2408 1529 δύνου
2470 1477 2609 1538 τέως
2653 1477 2964 1545 ἐφεστῶτος
3001 1479 3160 1546 ἡμῖν,
3187 1497 3190 1500 ’
3217 1478 3288 1529 τὰ
3351 1479 3487 1547 πρδς
3549 1479 3779 1546 σωτηρίαν

2244 1567 2443 1638 ἀθρόον
2477 1567 2889 1636 βεϐουλεύμεθα
2914 1584 2927 1597 '
2959 1568 3113 1621 οὐδὲν
3137 1565 3300 1639 ἦττον
3323 1570 3416 1621 ἐπὶ
3442 1569 3561 1638 Θεῷ
3584 1570 3780 1639 μάρτυρι

2245 1660 2587 1730 πεφρικότες
2623 1661 2719 1712 κα)⁸
2774 1659 3334 1729 συνδιασκεψάμεν-ῖι,
3377 1662 3470 1712 καὶ
3501 1660 3578 1713 έτι
3605 1662 3781 1730 φροντί-

2246 1749 2456 1814 ζοντες,
2507 1751 2602 1804 καὶ
2631 1751 2746 1812 πῶς
2780 1750 2844 1802 ἂν
2876 1751 3076 1802 ἐκεῖνοι
3113 1750 3341 1804 σωθεῖεν
3370 1753 3423 1804 οἱ
3456 1754 3782 1821 καταπροδὸν-
3867 1759 3871 1766 ‘

2246 1859 2334 1905 τες
2367 1844 2536 1913 ἡμᾶς,
2562 1843 2655 1894 καὶ
2688 1842 2773 1894 ἴνα
2807 1843 2876 1894 τὰ
2903 1843 2961 1893 ὲν
3000 1841 3151 1912 μέσῳ
3198 1843 3430 1896 πλεῖστά
3456 1861 3517 1912 γε
3551 1845 3684 1906 ὄντα,
3709 1843 3783 1895 καὶ

2244 1936 2408 2006 κόρον
2425 1934 2529 1986 ὠσὶ
2549 1935 2859 2006 παρέχοντα
2880 1933 3061 2005 παρῶ,
3094 1935 3316 1987 πάντων
3338 1936 3522 2004 σχεδὸν
3538 1937 3591 1987 ἐν
3606 1937 3782 2004 ἀνάγκη

2244 2029 2341 2083 καὶ
2369 2028 2549 2099 καιρῷ
2579 2027 2828 2080 κίνδυνον
2859 2027 3178 2082 ἀπειλοῦντι
3203 2027 3505 2098 διαφόρως,
3564 2027 3780 2080 ἀπειπόν-

2243 2137 2351 2171 των
2391 2137 2451 2172 τε
2483 2121 2579 2173 καὶ
2618 2118 3095 2174 καταλελοιπότων
3151 2136 3217 2188 με
3279 2118 3476 2187 φίλων,
3542 2117 3776 2188 συγγενῶν

2243 2213 2498 2290 γνησίων.
2525 2213 2621 2264 καὶ
2647 2212 3025 2282 θεραπόντων
3062 2211 3236 2264 ταῦτά
3274 2229 3366 2280 μοι
3420 2210 3623 2272 τούτοις
3659 2212 3774 2279 ὀφει-

2243 2303 2466 2367 λόντων,
2507 2304 2712 2372 μᾶλλον
2765 2301 2812 2357 δ’
2843 2305 3022 2355 εἰπεῖν
3074 2304 3170 2356 καὶ
3228 2303 3405 2356 πλείω
3453 2309 3546 2356 καὶ
3601 2303 3775 2374 μυρίοις

2243 2395 2657 2463 καταπροέσθαι
2711 2409 2781 2462 με
2837 2392 3105 2456 κινδύνοις
3171 2393 3442 2459 πολλάκις
3513 2395 3774 2466 ᾑρημένων,

2249 2486 2487 2556 κρίμασι
2521 2484 2689 2546 θείοις
2721 2484 2816 2536 καὶ
2847 2483 3029 2550 λόγοις
3055 2485 3324 2555 ἀρρήτοις
3349 2488 3517 2558 αὐτῆς
3541 2489 3628 2542 καὶ
3652 2488 3774 2553 μόνης

2243 2577 2340 2644 τῆς
2380 2575 2474 2627 τοῦ
2515 2574 2650 2626 Θεοῦ
2675 2574 2853 2638 δεξιᾶς
2892 2577 3140 2647 ᾐσθόμην
3193 2578 3469 2649 λαμπρῶς
3496 2578 3777 2644 ἀντιλαμόα-

2243 2667 2481 2736 νομένης
2513 2683 2616 2734 μου
2647 2666 2744 2718 καὶ
2794 2667 3220 2738 ἁντωθουμένης
3265 2671 3512 2741 ἰσχυρῶς
3541 2671 3654 2731 τοὺς
3687 2666 3778 2721 καθ’

2247 2759 2428 2828 ἡμῶν,
2461 2757 2534 2819 ὡς
2569 2759 2634 2812 ἄν
2670 2775 2752 2820 τις
2818 2759 2978 2829 φαίη,
3011 2762 3487 2831 ἐπενηνεγμένους
3543 2759 3777 2832 ἀκροϐολιο

2247 2852 2416 2921 σμοὺς
2449 2854 2544 2903 κατ.
2575 2852 2670 2914 τὰς
2700 2851 2979 2916 ἑλεπόλεις
3005 2852 3313 2922 τηνικαῦτα
3335 2855 3539 2926 πέφηνε
3561 2853 3775 2929 κρείττων

2243 2941 2351 2992 τῶν
2383 2941 2756 2993 ἀπειλούντων
2791 2943 3035 3008 πάντων,
3059 2946 3154 2995 καὶ
3187 2946 3394 3014 σφόδρα
3416 2945 3596 2997 δεινῶν
3624 2940 3773 2994 τοσού-

2243 3047 2371 3083 των.
2416 3031 2527 3083 Καὶ
2584 3033 2610 3082 ὁ
2662 3030 3035 3102 περιπόθητος
3110 3035 3448 3104 αὑτάδελφος
3514 3035 3608 3103 τῆς
3655 3032 3774 3102 βασι-

2244 3123 2398 3186 λείας
2437 3140 2538 3194 μου
2575 3122 2765 3194 κύριος
2803 3127 3056 3195 Ἰωάννης
3081 3128 3108 3178 6
3143 3129 3438 3196 Ἄγγελος,
3457 3129 3512 3191 ὃς
3533 3129 3620 3197 τῆς
3641 3124 3774 3188 αὐτῆς

2246 3218 2377 3287 ἡμῖν
2429 3215 2526 3268 τοῦ
2567 3218 2762 3284 γένους
2797 3217 2954 3288 ῥίζης
2985 3223 3327 3288 τετυχηκὼς,
3374 3226 3466 3275 καὶ
3522 3218 3773 3290 βασιλικοῖς

2247 3307 2430 3379 βρύων
2501 3309 2724 3378 αἵμασι,
2782 3309 2904 3362 λίαν
2962 3311 3270 3376 ὲπαινετῶς
3347 3310 3771 3381 ἁντεφιλονείκῃσε

2246 3401 2712 3474 περιγεγενῆσθαι
2773 3403 2976 3471 μᾶλλον
3035 3405 3298 3458 ἁπάντων
3367 3410 3431 3476 τῇ
3487 3405 3583 3475 τῆς
3635 3398 3772 3470 tinxi];

2234 3489 2523 3561 -εύγενείᾳ,
2562 3491 2594 3561 ἢ
2627 3490 2742 3562 ὅσῳ
2777 3493 3120 3559 περιγίνεται
3159 3497 3225 3562 τῇ
3264 3495 3360 3548 τοῦ
3393 3495 3651 3565 σώματος.
3691 3487 3774 3552 Τὴν

2250 3581 2350 3651 μὲν
2379 3581 2488 3650 γὰρ
2522 3576 2632 3634 οἶδε
2661 3580 2904 3650 φύουσαν
2946 3599 3004 3634 τε
3035 3584 3130 3634 καὶ
3160 3579 3321 3646 αὖθις
3344 3585 3618 3656 μείουσαν,
3641 3579 3719 3650 τὴν
3742 3577 3772 3626 δ’

2245 3675 2475 3744 ἄφθιτον
2505 3674 2594 3727 ἀεὶ
2629 3674 2960 3743 μίμνουσαν.
2995 3675 3191 3745 Ψυχῆς
3223 3679 3325 3743 μὲν
3379 3678 3472 3731 οὖν
3513 3667 3772 3742 ἀνδρίαν,ῆ

2248 3770 2569 3836 φρονήσεως
2601 3767 2949 3838 ἑδραιότητα,
2987 3769 3080 3821 κοιλ⁵
3111 3770 3244 3838 περὶ
3296 3773 3422 3834 τους
3452 3771 3626 3840 φίλους
3655 3762 3775 3830 στεῤ-

2246 3861 2474 3929 ρότητα,
2511 3857 2651 3910 ὥστε
2685 3860 3132 3929 προκινδυνεύειν
3165 3862 3350 3915 αὐτῶν
3377 3861 3652 3932 αἱρεῖσθαι,
3695 3855 3773 3907 σὼ·

2249 3950 2421 4020 ματὸς
2455 3967 2515 4002 τε
2561 3950 2814 4019 εὐφυΐαν,
2851 3955 2944 4004 καὶ
2973 3951 3161 4024 ὥσπερ
3186 3954 3555 4024 εὐαρμοστίαν
3585 3950 3667 4002 καὶ
3689 3950 3770 4013 ῥικ-

2208 4083 2212 4086 .
2250 4057 2382 4111 μην,
2437 4044 2646 4111 μακρὸν
2678 4041 2744 4094 ἂν
2776 4040 2864 4112 είη
2904 4043 2972 4095 τὰ
3006 4045 3100 4096 νῦν
3130 4044 3527 4116 διεξερχεσθαι.
3572 4039 3706 4095 Ἐπεὶ⁵
3731 4035 3772 4086 δὲ

2244 4133 2342 4192 τὰς
2380 4132 2512 4203 παρ’
2563 4133 2744 4188 αὐτῶν
2798 4151 2932 4204 φασι
2958 4136 3068 4189 τῶν
3118 4136 3333 4208 ἐχθρῶν
3371 4131 3772 4205 ἀξιοπιστοτέρις

2250 4227 2502 4295 γίνεσθαι
2537 4227 2873 4297 μαρτυρίας,
2932 4229 3124 4282 εἰδεῖεν
3154 4231 3220 4284 ἂν
3283 4233 3377 4285 καὶ
3437 4232 3587 4299 φαῖεν
3640 4222 3774 4276 ταῦτα

2259 4321 2508 4391 Ἰλλυριοί
2529 4337 2587 4372 τε
2609 4319 2731 4373 καθ’
2749 4313 2823 4372 ὧν
2845 4321 3028 4374 οὑτοσὶ
3044 4321 3186 4392 μέγα
3219 4325 3526 4378 κεκλέῖσται
3555 4305 3642 4374 καὶ
3661 4316 3774 4368 πᾶσι

2254 4411 2506 4482 ἧπειρος,
2537 4413 2631 4464 καὶ
2658 4411 2814 4464 αὐτοὶ
2842 4414 3074 4480 Πέρσαι,
3094 4415 3144 4468 οἳ
3175 4415 3436 4479 πολλάκις
3459 4415 3622 4480 τούτῳ
3640 4421 3774 4477 προσ·

561 4504 810 4561 omnium
835 4544 850 4569 ,
891 4502 1095 4572 quibus
1147 4502 1399 4556 homines
1428 4497 1630 4556 fractos
1661 4499 2026 4554 succumbere
2061 4496 2139 4550 νὶ-

2248 4499 2538 4563 6ἁλλοντες
2599 4500 2879 4564 παντελῶς
2924 4503 3123 4572 ἥττους
3149 4544 3164 4568 ,
3195 4504 3271 4569 ὡς
3325 4507 3545 4576 μηδένες
3571 4495 3772 4570 ἐναργῶς

561 4600 798 4654 demus:
828 4605 890 4650 ut
913 4609 1130 4652 mecum
1174 4593 1333 4648 exsul
1366 4593 1432 4646 ad
1469 4593 1743 4648 Ttiballos
1769 4591 1992 4653 abierit,
2023 4592 2143 4645 ani-

569 4701 827 4756 mamque
855 4686 1053 4756 ipsam,
1088 4685 1138 4740 si
1168 4700 1308 4754 opus
1341 4683 1566 4748 fuisset,
1615 4699 1717 4754 pro
1742 4698 1831 4736 me
1866 4681 2145 4750 depositu-

567 4797 664 4836 rus
709 4778 898 4841 fuerit,
948 4778 1226 4846 quomodo
1278 4776 1415 4830 mihi
1475 4791 1617 4830 unus
1666 4774 1842 4829 instar
1895 4775 2142 4828 omnium

560 4872 778 4936 fuerit,
826 4871 1017 4941 quales
1067 4883 1418 4940 quantasque
1462 4884 1678 4924 mecum
1731 4881 2027 4936 perpessus
2073 4867 2146 4920 sit

561 4963 817 5019 miserias
839 5003 854 5028 ,
906 4963 1064 5017 mitto
1095 4961 1283 5016 dicere
1311 4999 1325 5025 ,
1371 4976 1439 5014 ne
1473 4960 1692 5028 ineptus
1738 4957 1980 5021 audiam,
2017 4973 2141 5011 eum

563 5053 1046 5108 cettmtiseratione
1101 5053 1216 5122 ipse
1243 5065 1513 5106 enarrans
1538 5087 1552 5111 ,
1587 5063 1709 5117 quae
1737 5058 1866 5102 tunc
1893 5048 2143 5103 Numinis

562 5145 768 5200 auxilio
793 5161 1060 5215 generosa
1090 5155 1274 5199 mente
1301 5141 1652 5212 pertulimus.
1683 5140 1817 5196 Volo
1853 5141 2020 5211 igitur
2053 5156 2140 5197 res

560 5234 934 5309 ejuslongiori
963 5232 1271 5288 narrationi
1300 5244 1602 5283 reservare.
1631 5229 1694 5284 Et
1720 5231 1982 5299 quoniam
2007 5247 2136 5286 vero

562 5327 774 5379 minora
831 5325 1204 5386 habebuntur,
1253 5323 1415 5389 plane
1447 5335 1568 5388 qua:
1599 5321 1982 5388 disseruimus,
2035 5341 2134 5394 ρον

563 5421 689 5472 terit
723 5419 844 5487 quis
879 5433 907 5469 e
940 5416 1132 5486 paucis
1174 5413 1473 5466 admodum
1520 5422 1575 5467 et
1630 5414 1778 5469 velut
1812 5417 1866 5469 in
1903 5419 2136 5472 transitu

2245 4591 2698 4662 ἁπηλέγχθησαν.
2723 4594 2788 4645 *Α
2809 4592 2852 4645 δ’
2873 4595 3183 4664 ὑπήνεγκεν
3211 4598 3466 4669 ἀνδρείως
3499 4598 3585 4650 καὶ
3612 4594 3773 4645 πέπον

2247 4684 2340 4737 θεν
2364 4685 2503 4753 ἐμὴν
2544 4685 2725 4754 χάριν,
2755 4687 3056 4756 χρημάτων
3095 4691 3392 4762 ἀφαίρεσιν
3428 4685 3666 4752 παντελῆ,
3699 4680 3772 4732 καὶ

2248 4773 2485 4826 πλούτου
2541 4775 2739 4838 παντὸς
2801 4777 3093 4847 δήμευσιν,
3179 4782 3529 4851 θεραπόντων
3581 4773 3770 4841 πλῆθος»

2253 4868 2514 4937 στέρησιν
2541 4885 2599 4921 τε
2656 4869 2764 4922 τῶν
2799 4871 2979 4926 ἄλλων
3013 4873 3292 4943 ἁπάντων,
3345 4869 3420 4929 ὧν
3479 4867 3770 4940 ἡττημένους

2245 4958 2464 5029 δρῶμεν
2489 4957 2816 5027 ἀνθρώπους
2849 4976 2862 4993 ⁶
2921 4961 3070 5024 ὅπως
3101 4963 3159 5016 τέ
3193 4982 3284 5034 μοι
3345 4951 3768 5030 συνεξῴκισταιές

2246 5049 2575 5122 Τριϐαλοὺς,
2623 5051 2720 5103 καὶ
2760 5050 2940 5123 ψυχὴν
2992 5055 3160 5126 αὐτὴν
3211 5059 3442 5128 ἑτοίμως
3495 5048 3626 5119 εἶχεν
3657 5039 3770 5098 ὑπὲρ

2247 5141 2384 5214 ἐμοῦ
2418 5142 2593 5196 θεῖναι
2629 5144 2793 5196 ὁπότε
2822 5144 2950 5210 1ἑδει,
2991 5151 3086 5202 καὶ
3144 5150 3297 5214 ὅπως
3331 5146 3536 5216 ἐγίνετό
3565 5157 3643 5211 μοι
3673 5129 3768 5186 ἀντἱ

2248 5238 2489 5307 πάντων,
2537 5236 2736 5288 ὁποίων
2798 5239 2855 5289 τέ
2907 5257 2997 5308 μοι
3046 5242 3140 5294 καὶ
3192 5245 3402 5296 ὁπόσων
3448 5230 3767 5292 κεκοικώνηκε

2245 5329 2353 5382 τῶν
2393 5326 2656 5396 ἀνιαρῶν,
2699 5327 2772 5380 ἐῶ
2818 5329 3020 5397 λέγειν,
3055 5335 3128 5397 ὡς
3159 5336 3235 5405 μὴ
3269 5333 3460 5398 ἀνάξια
3485 5318 3760 5392 δόξωπρὰτ·

2247 5437 2358 5473 των
2393 5416 2819 5487 ἐκδιηγούμενος
2859 5423 2956 5473 σὺν
3012 5404 3268 5492 οἴκτῳ
3312 5417 3560 5489 ἐμαυτοῦ,
3611 5411 3640 5463 ἃ
3669 5404 3759 5456 τότε

1795 5536 2012 5596 Jacobi
2056 5537 2319 5601 Pontani
2364 5539 2530 5594 notae

634 5661 745 5729 (ιδ)
810 5656 1010 5707 Vocem
1057 5654 1296 5729 Grzeeam
1345 5654 1676 5722 αὐτάδελφος
1719 5659 1932 5729 accipio
1977 5661 2131 5728 quasi

561 5727 812 5789 divissct,
859 5735 1115 5791 tanquam
1163 5727 1351 5786 frater,
1399 5729 1501 5778 i'tttt
1529 5731 1673 5778 enim
1707 5728 1944 5794 ἀνεψιὸς,
1979 5727 2030 5783 et
2060 5737 2132 5786 ita

561 5816 708 5866 εει-ρο
743 5799 892 5848 illum
931 5806 1106 5868 vocat.
1149 5794 1265 5846 Non
1299 5796 1462 5865 igitur
1495 5795 1684 5868 frater,
1709 5797 1901 5852 iisdem
1935 5815 2128 5868 paren-

565 5864 737 5930 tibus,
787 5875 884 5920 aut
913 5864 1082 5917 altera
1115 5864 1589 5934 natus:quamvis
1631 5883 1694 5922 ex
1735 5870 1918 5924 cadem
1937 5864 2132 5926 ’radice

2242 5654 2456 5733 generis
2495 5669 2636 5733 .eum
2666 5651 3052 5713 Cantacuzeno
3102 5660 3370 5730 prodiisse
3407 5664 3518 5708 mox

2418 5722 2640 5791 ,εείιίοοι
2668 5712 3128 5798 ωαιθτινετεέ,ῥυξ
3396 5712 3756 5782 consanguinea

2241 5800 2432 5868 ipsius.
