4014 6428
293 424 434 496 1013

1432 445 1980 510 HISTORIARUM
2018 447 2255 513 LIBER
2298 452 2413 514 Ill.

3422 458 3562 523 l0”

288 545 507 645 ἐκείνου
537 547 681 645 πάνυ
712 549 1007 622 δεομένων.
1045 555 1311 623 Βασιλεὺς
1362 560 1424 614 δὲ
1462 562 1558 616 καὶ
1600 562 1869 635 πρότερον

1976 574 2032 620 et
2066 573 2199 623 tunc
2236 568 2673 627 a‘Tarchaniota
2727 571 3101 630 inﬂammatus
3161 573 3335 630 multo
3367 577 3565 645 magis.

291 637 396 709 μέν
415 639 476 692 ἐν
504 638 717 714 μεγάλῃ
739 642 948 699 ἐτίθετο
972 648 1215 717 φροντίδι
1237 648 1297 704 τὸ
1325 650 1465 723 πρὸς
1484 653 1874 727 Διδυμότειχον

290 729 576 800 ἀπαίρειν,
612 735 709 786 καὶ
737 735 861 788 τότε
890 736 947 790 δέ
973 738 1080 792 ὑπὸ
1112 738 1208 793 τοῦ
1247 740 1669 814 Ταρχανειώτου
1698 763 1880 817 παρα-

287 820 539 911 κληθεὶς,
577 823 786 893 μᾶλλον
811 826 912 900 τὴν
942 831 1205 886 ἐπάνοδον
1234 824 1567 903 ἐπέσπευδε,
1600 842 1695 893 καλ¹
1726 840 1880 911 Κρά-

284 908 392 983 λην
429 915 525 967 ἐπὶ
561 915 629 969 τὰ
673 916 766 973 ἴσα
798 925 1105 992 παρεκάλει
1127 941 1142 957 ο
1171 928 1268 979 καὶ
1321 929 1744 998 παρεσκεύαστο
1773 908 1876 1005 ἤδη

289 1006 327 1075 ἠ
365 1009 596 1076 στρατιά
633 1010 665 1080 ἠ
702 1011 973 1080 μέλλουσα
1003 1015 1358 1088 συναίρεσθαι
1387 1022 1466 1090 τῷ
1498 1021 1711 1092 βασιλεῖ
1740 1023 1877 1095 πρὸς

290 1096 393 1166 τὴν
419 1098 704 1156 ἐπάνοδον.
737 1103 848 1157 Καὶ
872 1106 1295 1181 Ταρχανειώτης
1319 1109 1420 1181 μέν
1444 1110 1669 1181 βασιλέα
1700 1130 1759 1166 τε
1783 1114 1878 1167 καὶ

291 1190 422 1254 τοὺς
452 1192 581 1264 περὶ
613 1194 778 1248 αὐτὸν
818 1197 1018 1269 πολλῆς
1051 1201 1339 1273 ἐμπλήσας
1392 1204 1585 1276 ἡδονῆς
1618 1210 1713 1259 καὶ
1744 1223 1881 1276 προ-

291 1278 514 1366 θυμίας,
550 1284 673 1338 οὐδὲ
707 1288 817 1358 γὰρ
866 1287 926 1355 ἐξ
959 1291 1082 1344 ὅτου
1131 1292 1390 1363 βασιλεὺς
1442 1299 1524 1360 εἷς
1572 1296 1879 1366 Τριϐαλοὺς

291 1365 452 1442 ἧκεν,
503 1374 807 1448 ἁξιόχρεώς
855 1399 940 1446 τις
988 1384 1205 1438 οἴκοθεν
1253 1388 1452 1455 ἀφῖκτο
1500 1365 1641 1460 πρὸς
1689 1390 1875 1459 αὐτὸν,

291 1463 399 1517 δΞει
427 1466 538 1519 τῶν
569 1471 916 1539 κατεχόντων
942 1473 1042 1538 τὰς
1066 1475 1239 1543 ὀδοὺς,
1270 1477 1430 1543 αὖθις
1459 1481 1705 1551 ἐπανῆκε
1738 1482 1879 1552 πρὸς

294 1558 706 1632 Διδυμρτειχον,
738 1563 1011 1619 διαλαθὼν
1043 1569 1172 1632 τοὺς
1206 1569 1524 1639 πολεμίους,
1562 1572 1657 1637 καὶ
1696 1574 1880 1644 ἀπήγ-

292 1649 453 1717 γελλε
506 1655 842 1725 σαςέστερον
885 1657 957 1711 τὰ
1018 1660 1149 1732 περὶ
1203 1660 1504 1732 βασιλέωςο
1549 1667 1645 1720 καὶ
1677 1667 1754 1731 ὡς
1791 1668 1876 1739 εἴη

290 1746 823 1831 παρεσκευασμένος
894 1750 1195 1821 ἐπανήκειν
1264 1753 1382 1825 ἅμα
1436 1760 1665 1831 στρατιᾷ
1711 1759 1878 1828 ὀλίγῳ

288 1829 545 1921 ὕστερον.
580 1836 929 1910 ’Λπόκαυχος
965 1841 1021 1895 δὲ
1054 1843 1082 1895 6
1126 1844 1301 1914 μέγας
1332 1847 1460 1913 Boias
1487 1829 1877 1921 πρὸςἽΚράλην

285 1920 519 1992 πέμψας
542 1925 734 1995 ,ἐδήλου
767 1946 847 1995 τε,
879 1930 965 1984 ὅτι
1014 1932 1137 2002 ἥξει
1190 1937 1355 1989 ναυσὶ
1400 1941 1538 2008 πρὶς
1561 1939 1660 2012 τὴν
1690 1920 1880 1996 Μακε-

286 2012 495 2082 δονίαν,
537 2018 633 2070 καὶ
674 2017 753 2082 ὡς
800 2020 1044 2091 βούλοιτο
1092 2032 1375 2098 συντυχεῖν
1405 2030 1555 2101 αὐτῷ
1598 2032 1879 2104 συνθήκας

290 2108 681 2178 ποιησόμενος,
712 2113 768 2166 αἳ
797 2114 1037 2183 μάλιστα
1065 2117 1280 2173 ἔσονται
1314 2121 1465 2193 αὐτῷ
1503 2123 1626 2178 καθ’
1659 2125 1876 2196 ἡδονήν.

290 2197 518 2270 Κράλης
547 2200 606 2254 δὲ
644 2205 777 2273 περὶ
817 2206 917 2275 τῆς
960 2211 1254 2282 συντυχίας
1286 2215 1555 2286 πρότερον
1592 2217 1877 2287 ἐρόμενος,

291 2291 345 2341 εἰ
370 2292 679 2363 ἐπιτρέπει,
717 2297 968 2368 βασιλέα,
999 2302 1077 2366 ὡς
1107 2307 1207 2358 οὐκ
1239 2306 1496 2371 ἐκώλυεν,
1517 2309 1652 2364 ἀλλὰ
1677 2311 1879 2379 μᾶλλον

296 2381 552 2449 ἐνεδίδου,
589 2389 729 2457 πρὸς
759 2390 1091 2461 Ἀμφίπολιν
1126 2398 1434 2453 συντέθειτο
1465 2403 1717 2473 ἀλλήλοις
1750 2420 1878 2457 συν-

294 2476 500 2567 τυχεῖν,
522 2477 563 2529 ὁ
596 2478 696 2548 μέν
755 2487 950 2536 ναυσὶν
981 2487 1045 2539 ἐκ
1073 2487 1369 2562 θαλάττης.
1404 2493 1560 2564 ἵππῳ
1589 2495 1645 2547 δὲ
1671 2497 1698 2550 6
1730 2495 1879 2567 Κρά-

288 2564 394 2658 an;
426 2567 486 2633 ἐξ
518 2571 777 2640 ἠπείρου.
808 2575 1018 2641 Σκοπὸς
1054 2578 1111 2632 δὲ
1150 2575 1221 2652 ἦν
1256 2585 1354 2654 τῆς
1382 2588 1673 2656 συντυχίας
1700 2564 1879 2658 ἀμξρο-

286 2656 495 2747 τέροις,
524 2660 720 2736 Κράλῃ
753 2663 854 2734 μὲν
890 2668 939 2721 εί
966 2668 1190 2725 δύναιτο
1215 2672 1559 2746 ’Λπόκαυχον
1582 2677 1675 2731 τὸν
1702 2656 1879 2747 μέγαν

285 2746 461 2802 δοῦκα
491 2749 731 2820 ζωγρεῖν
755 2757 1090 2831 ἀμυνομένῳ
1135 2762 1230 2817 τοῦ
1271 2768 1406 2836 πρὸς
1446 2767 1673 2838 βασιλέα
1713 2746 1879 2826 ἕνεκα

286 2839 554 2910 πολέμουο
593 2849 914 2920 Ἀποκάυχῳ
963 2852 1019 2905 δὲ
1068 2852 1210 2907 ὥστε
1251 2858 1478 2928 Κράλην
1529 2862 1738 2916 πείθειν
1777 2865 1879 2918 πό-

290 2931 455 3001 λεμόν
498 2953 557 2990 τε
608 2939 684 3008 μὴ
727 2941 863 3012 πρὸς
901 2944 1064 2998 αὐτὸν
1103 2951 1298 3016 κινεῖν,
1344 2952 1713 3022 Παλαιολόγον
1755 2957 1878 3011 Ἀν-

290 3023 536 3092 δρύνικον
567 3029 660 3083 τὸν
682 3033 934 3104 γαμϐρὸν
961 3036 1292 3109 βουλόμενον
1321 3042 1550 3113 βασιλέα
1589 3046 1878 3116 Ῥωμαίων

284 3118 636 3188 ἀποφαίνειν,
666 3126 759 3176 καὶ
794 3126 1021 3195 βασιλέα
1045 3131 1251 3202 εἴργειν
1283 3135 1755 3209 Καντακουζηνὸν,
1781 3144 1876 3197 καὶ

1983 655 2315 729 Cralemque
2343 660 2413 716 de
2446 662 2699 718 subsidio
2737 664 3064 721 hortabatur
3101 683 3114 718 :
3143 667 3369 738 jamque
3393 670 3569 738 cupiat:

1981 763 2105 817 qua:
2139 763 2264 805 cum
2326 751 2419 807 illo
2479 753 2701 810 abirent
2745 755 3188 819 instruebantur.
3230 758 3299 812 Et
3328 758 3570 814 Tarcha-

1980 843 2133 899 niota
2191 846 2447 916 quidem,
2487 847 2825 919 imperatore
2878 851 3087 921 quique
3121 866 3246 907 curn
3288 867 3357 907 eo
3407 862 3571 908 erant

1980 935 2279 1005 plurimum
2333 938 2653 996 exhilaratis
2686 949 2743 996 et
2792 941 3045 999 excitatis
3080 941 3216 1014 (nec
3244 943 3392 999 enim
3418 942 3572 1013 quis-

1979 1043 2169 1098 quam,
2200 1046 2270 1086 ex
2304 1046 2417 1103 quo
2442 1032 2510 1087 ad
2544 1033 2816 1090 Triballos
2851 1036 3087 1101 abierat,
3119 1036 3355 1107 alicuius
3384 1036 3567 1107 nomi-

1978 1122 2072 1177 nis
2098 1122 2264 1178 domo
2302 1124 2373 1179 ad
2399 1139 2550 1191 eum,
2589 1126 2783 1181 timore
2826 1129 2944 1183 vias
2971 1128 3368 1195 obsidentium,
3400 1144 3570 1185 vene-

1981 1217 2114 1284 rat),
2150 1216 2599 1287 Didymotichum
2635 1221 2916 1290 repetivit,
2947 1221 3135 1278 hostes
3151 1222 3350 1286 latens,
3374 1231 3567 1291 etquo

1979 1308 2103 1364 loco
2156 1326 2244 1365 res
2296 1310 2653 1383 imperatoris
2706 1312 2824 1367 sitas
2875 1321 3083 1377 essent,
3118 1314 3394 1385 pauloque
3441 1324 3566 1385 post

1950 1418 2105 1459 'cum
2137 1402 2356 1460 auxiliis
2382 1402 2699 1459 adfuturum
2761 1415 2917 1460 certo
2965 1405 3262 1461 nuntiavit.
3308 1408 3566 1475 Apoc-au-

1979 1495 2119 1551 chus
2145 1495 2331 1551 missis
2363 1496 2557 1566 legatis
2588 1495 2735 1552 Crali
2789 1495 3083 1568 signiﬁcat,
3120 1512 3180 1552 se
3228 1497 3285 1552 in
3314 1496 3566 1552 Maccdo-

1981 1590 2128 1645 niam
2177 1591 2587 1660 navigaturum,
2637 1607 2951 1662 cupereque
3005 1591 3236 1647 hederis
3284 1591 3390 1645 sibi
3436 1590 3564 1660 qui-

1980 1679 2104 1733 dem
2141 1680 2473 1749 optatissimi
2516 1679 2755 1736 faciendi
2804 1696 2971 1737 causa
3020 1697 3148 1739 cum
3195 1697 3263 1738 eo
3299 1682 3560 1752 colloqui.

1979 1767 2167 1824 Crales
2198 1784 2265 1824 ex
2296 1769 2633 1839 imperatore
2665 1772 2822 1843 prius
2868 1775 3091 1844 quaerit,
3123 1788 3191 1827 an
3222 1788 3282 1829 se
3311 1789 3437 1829 cum
3471 1760 3566 1828 illo

1905 1862 2240 1953 Bcongredi
2300 1865 2603 1933 perm'ttat.
2660 1865 2781 1932 Quo
2837 1881 2949 1921 non
3004 1865 3385 1928 dissuadente,
3449 1866 3564 1920 imo

1980 1965 2262 2009 annuente
2296 1956 2504 2024 potius,
2553 1955 2904 2028 Amphipolis
2957 1973 3231 2015 consensu
3278 1959 3560 2028 deligitur,

1980 2059 2090 2114 quo
2143 2045 2237 2101 ille
2290 2046 2526 2103 navibus
2574 2063 2605 2102 e
2646 2049 2780 2103 mari
2821 2088 2837 2114 ,
2869 2049 2960 2103 hic
2993 2050 3245 2118 equitatu
3280 2065 3346 2104 ex
3382 2030 3581 2105 conti;

1980 2149 2149 2195 nente
2179 2139 2386 2196 veniat.
2421 2140 2633 2210 Scopus
2668 2141 2721 2195 in
2774 2141 2879 2197 hoc
2927 2157 3229 2213 congressu
3266 2152 3390 2198 erat
3427 2143 3565 2198 utri-

1980 2246 2109 2301 que,
2137 2230 2282 2286 Crali
2337 2247 2554 2302 nempe.
2582 2243 2642 2288 ut
2683 2233 3075 2304 Apocauchum
3106 2235 3290 2289 vivum
3319 2245 3565 2306 caperet,

1980 2324 2024 2377 si
2061 2334 2268 2392 posset,
2300 2340 2541 2395 eumque
2576 2336 2799 2396 pmpter
2845 2329 3049 2384 bellum
3081 2331 3350 2388 adversus
3381 2331 3563 2402 impe-

1984 2424 2224 2469 tutorem
2260 2417 2624 2473 ulcisceretur
2662 2436 2676 2473 :
2713 2420 3070 2487 Apocauclro,
3129 2431 3190 2476 ut
3244 2421 3390 2477 Crali
3439 2439 3566 2493 per-

1982 2505 2264 2574 suaderet,
2303 2523 2372 2563 ne
2414 2524 2498 2573 se,
2534 2501 2830 2566 volentem'
2860 2512 3245 2568 Andronicum
3300 2513 3568 2570 Palamlo-

1980 2613 2109 2669 gum
2149 2616 2412 2669 generum
2460 2616 2623 2657 suum
2685 2603 3078 2674 imperatorem
3114 2606 3422 2673 declarare,
3471 2622 3566 2662 ar-

1981 2689 2086 2744 mis
2136 2689 2451 2760 impediret,
2517 2700 2575 2747 et
2615 2692 3065 2749 Cantacuzenum
3110 2701 3416 2758 coerceret,
3463 2708 3568 2749 nec

1981 2782 2036 2836 in
2072 2781 2448 2838 Romanorum
2491 2783 2833 2853 provinciam
2878 2786 3080 2840 reverti
3121 2786 3350 2848 sineret,
3396 2785 3569 2855 impe-

1981 2876 2230 2931 dimento
2273 2876 2533 2932 videlicet
2574 2875 2821 2931 futurum
2866 2890 3069 2948 genero
3113 2878 3181 2933 ad
3229 2877 3568 2947 imperium;

1980 2970 2119 3023 alios
2147 2968 2295 3023 enim
2322 2968 2775 3039 parvipendebat.
2807 2968 2923 3024 Hoc
2954 2978 3140 3025 utrum
3192 2985 3421 3040 magnus
3450 2969 3568 3025 dux

1981 3075 2170 3116 revera
2224 3061 2598 3128 desiderarit,
2630 3075 2829 3126 necne,
2869 3060 3066 3116 Chrele
3097 3061 3154 3115 in
3201 3060 3308 3117 hoc
3335 3061 3568 3116 subser-

1979 3154 2188 3223 viente,
2243 3163 2699 3224 secretorumque
2743 3154 2965 3209 conscio
3003 3153 3160 3224 prius
3207 3163 3450 3219 mortuo,
3483 3153 3569 3208 in-

288 3209 369 3281 μὴ
411 3213 506 3283 ἐᾷν
535 3214 614 3278 είς
793 3219 1082 3292 Ῥωμαίων
1126 3225 1450 3299 ἐπανήκειν,
1496 3231 1729 3304 κώλυμα
1754 3236 1875 3289 ἐσό-

1980 3209 2327 3319 compe'rtum
2364 3248 2588 3302 mansit.
2609 3209 2768 3301 'Patri
2800 3209 3344 3317 quippe'Andronici
3374 3245 3571 3314 generi

285 3318 456 3396 μενον
505 3306 746 3379 γαμϐρῷ
802 3310 939 3381 πρὸς
988 3315 1088 3384 τὴν
1138 3316 1336 3387 ἀρχήν.
1388 3319 1510 3373 Τῶν
1552 3322 1730 3376 ἄλλων
1766 3325 1878 3396 γὰρ

279 3393 477 3449 οὐδένα
504 3397 743 3455 ἐποιεῖτο
775 3401 954 3469 λόγον.
993 3407 1168 3463 Τοῦτο
1195 3410 1298 3479 μὲν
1321 3411 1436 3477 οὖν,
1495 3414 1609 3469 εἴτε
1659 3393 1877 3488 ἀληθῶς

283 3487 545 3545 ἐϐούλετο
571 3493 599 3544 6
627 3493 803 3563 μέγας
825 3496 970 3564 δοὺξ.
1006 3500 1116 3554 εἴτε
1165 3503 1263 3572 μὴ,
1298 3511 1536 3577 φανερὸν
1569 3509 1667 3562 οὐκ
1694 3508 1878 3578 ἐξεγέ-

277 3596 432 3647 νετο,
463 3580 558 3635 τοῦ
597 3584 728 3655 περὶ
769 3584 943 3642 ταῦτα
988 3588 1411 3664 διακονουμένου
1465 3598 1560 3651 καὶ
1607 3598 1673 3652 τὰ
1706 3601 1878 3670 ἀ.πόρο

284 3676 433 3743 ρῃτα
458 3676 761 3743 συνειδότος
784 3680 967 3753 Χρέλη
1020 3684 1289 3756 πρότερον
1317 3689 1705 3756 ἀπονέανόντος.
1733 3693 1878 3765 Πρὸς

279 3767 396 3834 γὰρ
420 3766 510 3821 τὸν
540 3768 889 3839 Ἀνδρονίκου
917 3773 1012 3828 τοῦ
1040 3778 1298 3849 γαμϐροῦ
1335 3781 1550 3852 πατέρα
1581 3785 1638 3836 ἐν
1675 3786 1879 3855 Φεραῖς

285 3859 322 3910 ὁ
352 3858 527 3928 μέγας
553 3860 679 3929 δοὺξ
707 3864 776 3918 τὰ
797 3865 1025 3920 τοιαῦτα
1053 3868 1143 3922 διά
1169 3886 1336 3925 τινων
1370 3872 1479 3926 τῶν
1508 3875 1749 3944 μάλιστα
1781 3877 1875 3931 εὐ·
1963 3876 1972 3884 ’

282 3952 601 4006 νουστάτων
632 3956 1017 4026 ἀπαγγέλλων,
1051 3960 1310 4016 κάκείνου
1340 3964 1522 4037 Χρέλη
1560 3967 1879 4038 διαλεγομέ-

284 4058 387 4095 νου
416 4045 549 4115 περὶ
584 4045 886 4102 Μελενίκον
910 4049 1270 4121 διατρίϐοντι,
1309 4057 1404 4109 καὶ
1429 4056 1496 4109 δι’
1535 4060 1748 4125 ἐκείνου
1777 4062 1878 4126 τὰς

287 4135 489 4206 Κράλη
523 4137 898 4208 λαμϐάνοντος
941 4143 1267 4213 ἀπολογίας,
1302 4146 1455 4211 αὖοι,
1486 4150 1514 4203 6
1549 4150 1725 4221 μέγας
1752 4153 1877 4219 δοὺξ

287 4226 630 4284 ἐπυνθάνετό
683 4249 743 4287 τε
787 4233 917 4309 περὶ
974 4233 1051 4295 ὧν
1105 4241 1301 4309 ἐδεῖτο,
1336 4246 1432 4299 καὶ
1478 4246 1580 4300 ὅσα
1624 4234 1693 4319 ἦν
1734 4250 1876 4304 κατὰ

284 4321 524 4392 γνώμην
571 4323 727 4390 αὖθις
776 4331 1126 4402 ἀπεκρίνετο.
1174 4336 1391 4408 Κράλης
1439 4338 1497 4392 δέ
1541 4341 1617 4405 ὼς
1658 4341 1877 4412 ἀληθῶς

284 4412 551 4482 τοιαύτην
579 4415 952 4475 διεϐεϐαιοῦτο
988 4425 1125 4495 πρὸς
1160 4427 1620 4500 Καντακουζτμθιν
1646 4433 1739 4486 τὸν
1775 4433 1876 4505 βα-

288 4505 450 4561 σιλέα
483 4508 581 4581 τὴν
617 4515 860 4582 μεγάλου
892 4518 1082 4583 δουκδς
1114 4522 1343 4589 ἀξίωσιν
1375 4525 1520 4581 εἶναι
1540 4569 1555 4593 ,
1589 4529 1687 4583 καὶ
1715 4530 1873 4584 ἐϐου-

283 4600 498 4670 λεύετο,
532 4605 560 4658 ὃ
594 4623 646 4659 τι
707 4609 816 4663 δέοι
852 4612 991 4683 πρὸς
1032 4615 1207 4670 ταῦτα
1257 4619 1565 4688 κρίνεσθαι,
1618 4622 1875 4693 βασιλεύς

284 4713 351 4749 τε
380 4696 457 4790 μὴ
491 4700 726 4756 κωλύειν
757 4707 1169 4776 συνεϐούλευεν,
1206 4711 1343 4767 ἀλλὰ
1374 4715 1578 4783 μᾶλλον
1611 4718 1703 4770 καὶ
1737 4737 1876 4790 συμ-

284 4788 574 4861 πράττειν,
637 4795 726 4849 ἶνα
786 4797 990 4868 μᾶλλον
1035 4803 1062 4855 6
1122 4804 1253 4877 περὶ
1313 4807 1477 4861 αὑτὸν
1529 4788 1874 4881 Ἀποκιιύχου

286 4883 487 4954 φθόνος
512 4888 719 4956 γίνοιτο
749 4894 987 4961 φανερός
1007 4911 1021 4927 ο
1056 4897 1150 4949 καὶ
1192 4897 1269 4960 ὡς
1298 4898 1400 4952 οὐκ
1428 4899 1613 4973 εὐνοίᾳ
1644 4905 1712 4974 τῇ
1738 4903 1877 4977 πρὸς

287 4981 545 5051 βασιλίδα
576 4985 673 5041 καὶ
702 4984 931 5051 βασιλέα
973 4988 1066 5041 τὸν
1097 4991 1235 5053 υίδν,
1271 4992 1364 5047 τὸν
1399 4994 1669 5064 ἐμφύλιον
1694 4998 1873 5070 κινοίη

285 5074 550 5145 πόλεμον,
582 5077 701 5131 ἀλλ’
728 5080 877 5150 αὕτῷ
896 5080 998 5152 τὴν
1032 5080 1321 5152 Ῥωμαίων
1356 5087 1422 5139 ἐκ
1446 5087 1648 5151 παντὸς
1669 5089 1873 5159 τρόπου

287 5170 754 5243 περιποιούμενος
799 5174 1120 5245 ἡγεμονίαν.
1176 5177 1406 5247 Κράλης
1459 5179 1560 5248 μὲν
1609 5177 1703 5235 οὖν
1754 5181 1874 5252 ἅμα

289 5265 506 5338 βασιλεῖ
540 5266 618 5337 τῷ
658 5269 1103 5340 Καντακουζηνῴ
1141 5270 1199 5321 ἐν
1239 5272 1354 5330 τοῖς
1412 5272 1702 5343 Ἀλμυροῖς
1736 5291 1874 5345 προ-

288 5360 750 5431 σαγορευομένοις
779 5359 1005 5424 λάκκοις
1025 5361 1523 5432 ἐστρατοπεδεύετο
1556 5363 1752 5431 ἐλθὼν,
1778 5364 1876 5419 καὶ

291 5452 592 5522 περιέμενε
643 5452 734 5507 τὸν
778 5455 861 5517 είς
889 5454 1225 5525 ’Δμφίπολιν
1267 5448 1647 5527 τοῦ’μεγάλου
1681 5457 1874 5522 δουκὸς

288 5543 611 5599 κατάπλουν
634 5542 710 5609 ὡς
741 5547 919 5601 ἐκεῖσε
947 5548 1327 5618 συνεσόμενος.
1369 5549 1458 5604 Ἐν
1490 5550 1769 5616 Βυζαντίῳ
1814 5550 1873 5604 δὲ

291 5639 343 5691 oi
375 5636 475 5708 μὲν
497 5638 649 5693 ἄλλοι
673 5639 783 5694 τῶν
805 5640 1209 5710 εὐγενεστέρων
1238 5641 1334 5696 καὶ
1354 5642 1592 5712 μάλιστα
1622 5644 1680 5696 ἐν
1709 5643 1873 5715 λόγῳ,

291 5731 860 5803 Καντακουζηνισμὸν
896 5734 1003 5788 ὑπὸ
1043 5735 1286 5805 μεγάλου
1320 5734 1510 5799 δουκὸς
1543 5734 1875 5805 ἐπικληθέν-

287 5839 408 5902 τες,
433 5826 790 5899 δεσμωτήριά
814 5844 874 5883 τε
908 5827 1110 5900 ᾤκουν,
1143 5829 1238 5884 καὶ
1281 5828 1540 5901 οὐδεμιᾶς
1584 5828 1874 5902 ἀπείρατοι

1978 3343 2191 3398 Pheras
2219 3355 2449 3411 magnus
2472 3340 2582 3394 dux
2608 3338 2734 3394 talia
2761 3354 2858 3408 per
2886 3337 3157 3408 quosdam
3194 3336 3567 3391 amicissimus

1977 3437 2267 3500 nuntians,
2304 3447 2481 3503 eoque
2516 3445 2640 3487 cum
2686 3429 2909 3497 Chrele,
2940 3429 3034 3500 qui
3064 3427 3211 3498 apud
3236 3427 3564 3483 Melenicum

1979 3528 2260 3592 manebat,
2327 3534 2548 3598 agente,
2613 3534 2670 3581 et
2722 3541 2822 3596 per
2877 3524 3033 3579 illum
3080 3521 3255 3579 Cralis
3300 3534 3569 3591 responsa

1979 3622 2311 3692 accipiente,
2343 3634 2564 3676 rursum
2609 3633 2845 3690 magnus
2869 3617 2979 3672 dux
3013 3632 3138 3692 quae
3165 3630 3306 3686 opus
3333 3624 3453 3670 erat
3481 3614 3572 3668 in-

1979 3714 2317 3783 terrogabat.
2354 3722 2412 3769 et
2458 3713 2550 3768 ille
2581 3725 2706 3780 quae
2747 3710 3000 3774 sentiret,
3034 3708 3222 3763 denuo
3263 3707 3571 3776 responde-

1977 3804 2093 3860 bat.
2127 3805 2198 3863 Ut
2229 3813 2416 3859 autem
2450 3803 2801 3859 conﬁrmavit
2828 3802 3037 3864 Crales,
3072 3815 3331 3871 magnum
3363 3798 3565 3854 ducem

1980 3906 2171 3954 contra
2229 3897 2622 3968 imperatorem
2692 3896 3147 3953 Canlacuzcnum
3212 3907 3341 3947 vere
3419 3891 3567 3945 istuc

1977 3998 2190 4061 petere.
2224 3995 2279 4044 et
2314 3988 2446 4056 quid
2482 3985 2936 4055 respondendum
2966 3990 3119 4041 esset
3147 3982 3425 4054 qumsivit,
3460 3981 3565 4035 im-

1978 4091 2203 4156 perator
2232 4084 2488 4138 hortatus
2529 4090 2637 4146 est,
2669 4090 2732 4137 ut
2771 4096 2831 4135 se
2861 4080 2931 4135 ab
2972 4079 3067 4134 illo
3097 4077 3384 4133 conveniri
3415 4083 3568 4146 pate-

1979 4187 2156 4245 retur,
2186 4192 2298 4248 quo
2332 4171 2453 4248 ejus
2486 4175 2542 4230 in
2577 4190 2638 4230 se
2684 4173 2892 4228 invidia
2946 4173 3199 4228 testatior
3246 4170 3511 4225 evaderet
3545 4187 3560 4223 :

1979 4267 2245 4323 nimirum
2282 4280 2394 4320 non
2426 4261 2818 4319 benevolentia
2875 4276 3006 4329 erga
3037 4260 3342 4330 Augustam
3373 4265 3431 4312 et
3460 4255 3583 4313 ints

1978 4366 2293 4431 peratorem
2321 4355 2493 4412 illium
2538 4356 2702 4412 civile
2731 4355 2838 4410 hoc
2883 4353 3087 4409 bellum
3135 4354 3204 4406 ab
3250 4367 3319 4405 eo
3350 4347 3567 4404 inﬂam-

1979 4449 2142 4518 mari,
2181 4447 2278 4504 sed
2328 4456 2389 4503 ut
2421 4447 2528 4503 sibi
2570 4462 2672 4517 per
2715 4446 2799 4501 fas
2856 4456 2915 4501 et
2947 4444 3100 4500 nefas
3139 4441 3435 4512 imperium
3474 4454 3569 4493 ac-

1904 4569 1954 4631 ι)
1982 4545 2252 4616 quireret.
2298 4540 2374 4596 Ita
2401 4539 2592 4596 Crales
2619 4554 2729 4593 una
2765 4552 2891 4592 cum
2919 4535 3310 4592 Cantacuzeno
3340 4530 3566 4631 ard-Sal-

1980 4650 2074 4691 sos
2118 4635 2300 4703 lacus,
2355 4641 2417 4688 ut
2456 4630 2827 4702 appellantur,
2876 4628 3129 4690 veniens,
3179 4633 3363 4681 castra
3414 4624 3564 4688 facit,

1981 4724 2168 4796 magni
2195 4725 2356 4781 ducis
2385 4722 2678 4794 appulsum
2707 4720 2777 4775 ad
2808 4717 3210 4790 Amphipolim,
3235 4726 3296 4771 ut
3332 4716 3406 4772 ibi
3437 4731 3567 4771 enm

1981 4828 2380 4883 conventurus,
2422 4822 2775 4887 exspectans.
2832 4813 2998 4885 529
3036 4810 3283 4882 Byzantii
3312 4825 3442 4866 vero
3472 4810 3567 4864 alii

1979 4910 2052 4966 de
2110 4909 2402 4965 nobilitate
2435 4917 2494 4963 et
2526 4907 2630 4962 viri
2681 4905 3093 4962 honoratissimi
3123 4919 3155 4959 a
3186 4917 3383 4973 magno
3425 4906 3567 4957 duce

1979 4998 2460 5056 Cantacuzenismi
2500 4997 2788 5068 postulati,
2827 4998 3146 5053 carceribus
3209 4995 3563 5058 tenebantur,

1979 5102 2032 5150 et
2061 5091 2431 5148 incommodis
2465 5090 2806 5146 vexabantur
2826 5090 3110 5145 omnibus.
3155 5088 3260 5155 Qui
3289 5097 3473 5144 autem
3497 5085 3566 5142 ad

1980 5184 2191 5240 bellum
2220 5187 2271 5240 ei
2297 5185 2618 5256 adiumento
2648 5183 2889 5247 fuerant.
2928 5184 3138 5254 quique
3170 5183 3470 5245 faciebant,
3507 5188 3570 5234 ut

1983 5273 2239 5328 crederet
2298 5271 2646 5342 imperatrix,
2696 5271 3144 5328 Cantacuzenum
3205 5270 3311 5325 sibi
3381 5267 3567 5323 moliri

1980 5363 2230 5427 insidias,
2262 5377 2455 5418 eorum
2498 5362 2697 5432 partim
2728 5361 3081 5417 mediocriter
3124 5360 3406 5431 tangebat,
3446 5367 3503 5413 et
3533 5373 3567 5412 a

1980 5456 2374 5528 gubernaculis
2424 5455 2744 5527 dejiciebat,
2772 5454 2889 5510 litis
2922 5464 3112 5510 contra
3163 5468 3220 5508 se
3274 5453 3565 5506 materiam

1982 5548 2437 5615 subministratis,
2491 5556 2552 5602 ut
2603 5562 2729 5603 cum
2786 5545 2912 5599 illos
2971 5543 3324 5614 perdidisset,
3375 5558 3566 5612 repreo

1981 5640 2253 5697 hensione
2293 5648 2531 5705 careret,
2560 5638 2721 5709 quasi
2753 5639 2902 5709 jusle
2930 5651 3027 5691 eos
3060 5635 3390 5705 punivissct,
3435 5650 3561 5695 cum

1980 5733 2084 5789 sibi
2114 5734 2257 5790 male
2288 5731 2611 5788 voluissent.
2659 5730 2791 5798 Quae
2828 5738 2885 5785 et
2916 5729 3020 5797 ipsi
3051 5735 3367 5792 cernentes,
3394 5727 3564 5782 male-

1981 5842 2090 5898 que
2128 5827 2241 5897 jam
2286 5826 2340 5880 in
2376 5824 2626 5879 futirum
2662 5822 2997 5892 ominantes,
3030 5822 3134 5878 sibi
3172 5820 3302 5892 ipsis
3357 5828 3418 5882 et
3438 5820 3562 5879 aliis
