4014 6426
362 402 494 470 102!

1495 409 2046 472 HISTORIARUM
2090 415 2167 474 LI
2182 415 2332 479 BER
2376 419 2493 480 III.

3484 407 3622 472 1022

357 522 554 579 ἔλασεν
591 521 780 585 αὐτὸς,
835 520 1009 586 ἄλλως
1065 540 1124 577 τε
1168 523 1264 578 καὶ
1323 522 1432 580 τῶν
1495 527 1935 596 ὑπολειφθέντων

2054 545 2296 588 meterea
2354 535 2620 588 immensa
2673 532 2908 603 quadam
2969 526 3264 584 formidine
3331 526 3615 591 attonitos,

359 613 565 685 χρονίῳ
592 630 653 666 τε
696 613 961 685 στρατείᾳ
1010 615 1610 686 τεταλαιπωρηκότων·
1643 613 1787 688 ἦσαν
1830 618 1940 687 γὰρ

361 706 528 759 πλέον
555 704 588 774 ἦ
615 704 738 758 δυσὶ
771 706 1042 776 πρότερον
1079 708 1216 776 μησὶ
1246 707 1436 780 Κράλῃ
1470 710 1730 780 ἑπόμενοι
1760 727 1938 780 στραο

360 797 679 866 τευομένῳ·
713 796 888 860 ἄλλως
916 814 975 850 τε
1008 798 1103 851 καὶ
1149 798 1260 851 δέει
1285 799 1500 869 ἀσχέτῳ
1537 800 1938 869 κατεχομένων,

359 891 457 942 καὶ
487 889 819 958 νομιζόντων
845 890 947 942 οὐκ
974 891 1056 952 είς
1103 890 1350 961 Θρᾴκην,
1395 890 1511 944 ἀλλ’
1543 892 1623 955 είς
1687 890 1941 960 Πάρθους

362 983 396 1052 ἢ
440 981 634 1044 Ἰνδοὺς
668 981 1085 1052 στρατεύεσθαι,
1123 981 1246 1034 ὅθεν
1293 983 1393 1035 οὐκ
1447 981 1666 1048 ἐξέσται
1721 978 1940 1056 μηχανῇ

365 1073 600 1142 οὐδεμιᾷ
654 1072 838 1125 οἴκαδε
880 1073 1224 1138 ἐπανελθεῖν,
1260 1075 1354 1127 καὶ⁵
1399 1074 1490 1127 διά
1539 1073 1700 1127 τοῦτο
1734 1059 1826 1127 καὶ
1857 1074 1944 1128 ἵπ-

366 1181 502 1226 πους
549 1163 1036 1233 πολεμιστηρίους,
1105 1165 1201 1217 καὶ
1246 1165 1406 1231 ὅπλα,
1441 1164 1534 1219 καὶ
1567 1167 1620 1218 ετ
1643 1182 1696 1218 τι
1747 1165 1944 1234 ἐπεφέ-

365 1273 524 1326 ροντο
554 1256 823 1326 χρήσιμον
859 1256 994 1328 πρὸς
1037 1256 1128 1309 τὸν
1163 1256 1423 1327 πόλεμον,
1477 1257 1660 1310 οἴκαδε
1689 1258 1944 1326 ἀποπεμ-

368 1349 601 1411 πόντων,
648 1347 740 1400 ἵνα
795 1345 969 1400 ταῦτα
1001 1346 1134 1414 γοῦν
1161 1350 1279 1411 τοῖς
1329 1351 1517 1404 παισὶν
1561 1347 1940 1416 ὑπολειφθείη,

364 1441 440 1502 ὡς
465 1439 693 1492 ἐκείνων
715 1437 1104 1508 ἀπολουμένων
1127 1439 1370 1503 πάντωςο
1396 1440 1569 1495 ταῦτα
1599 1439 1663 1509 δὴ
1701 1439 1944 1509 συνορῶν

367 1533 396 1583 ό
433 1531 707 1602 βασιλεὺς,
761 1533 858 1586 καὶ
911 1529 1234 1599 βουλόμενος
1293 1531 1374 1592 είς
1427 1531 1810 1600 Διδυμότειχον
1869 1531 1944 1599 μή

367 1624 543 1686 οὕτως
581 1620 877 1690 ἀφικέσθαι
908 1621 1168 1691 ἀσθενὴς,
1204 1621 1337 1674 ὥσθ’
1369 1622 1471 1673 ὑπο
1504 1622 1816 1685 Βυζαντίων
1850 1624 1946 1676 καὶ

364 1718 530 1780 αὐτὸς
560 1714 977 1785 πολιορκεῖσθαι
1001 1729 1015 1744 °
1051 1713 1165 1766 οὔτ’
1199 1715 1351 1784 αὐτῷ
1377 1715 1487 1784 γὰρ
1518 1713 1642 1766 οὒτε
1675 1718 1786 1776 τοῖς
1818 1731 1944 1766 συν-

362 1810 484 1862 οῦσι
522 1807 680 1862 τοῦτο
706 1807 942 1877 μάλιστα
974 1806 1274 1859 συνοίσειν·
1311 1805 1580 1875 ἐσκέψατο
1611 1808 1692 1870 εἰς
1719 1806 1942 1876 Κράλην

364 1901 758 1970 ἀναστρέφειν,
803 1899 898 1952 καὶ
928 1900 1196 1968 στρατιὰν
1243 1898 1541 1968 ἀξιόχρεων
1571 1900 1764 1962 αἰτεῖν,
1799 1899 1941 1952 ὥστε

366 1997 449 2057 είς
507 1993 891 2060 Διδυμότειχον
934 1991 1168 2060 φοϐερὸν
1223 1993 1335 2052 τοῖς
1376 1991 1660 2058 πολεμίοις
1717 1992 1944 2046 ἐλθόντα

365 2079 536 2151 εἶναι,
567 2084 704 2136 ἀλλά
741 2083 818 2152 μὴ
862 2082 1330 2151 καταφρονεῖσθαι
1367 2083 1454 2135 διὰ
1489 2084 1588 2153 τὴν
1618 2083 1940 2153 ἀδυναμίαν.

378 2176 533 2230 Ἐπεὶ
559 2175 616 2228 δὲ
651 2173 748 2228 καὶ
791 2175 912 2236 τοῖς
949 2173 1171 2226 συνοῦσι
1208 2173 1501 2240 Ῥωμαίοις
1531 2173 1807 2226 ἐκοινοῦτο
1845 2173 1945 2244 τὴν

286 2283 293 2288 ·
372 2267 587 2336 βουλήν,
623 2267 825 2328 πάντες
851 2264 1040 2331 ὥσπερ
1071 2267 1134 2316 ὲκ
1161 2263 1507 2333 συνθήματος
1535 2266 1716 2318 πάντα
1744 2266 1945 2334 μᾶλλον

371 2359 577 2427 ἔφασαν
611 2357 889 2425 αἱρεῖσθαι
944 2356 1262 2425 ὑπομένειν,
1317 2357 1411 2408 καὶ
1441 2357 1653 2424 μυρίων
1699 2355 1946 2408 θανάτων

373 2449 744 2520 κατατολμᾷν,
781 2450 812 2520 ἢ
851 2449 932 2508 είς
962 2448 1060 2518 τὴν
1091 2451 1194 2518 γῆν
1226 2447 1381 2509 αὖθις
1410 2448 1776 2516 ἀναστρέφειν
1811 2449 1946 2518 Τρι·

368 2542 570 2595 ϐαλῶν.
607 2543 680 2593 Οὐ
718 2542 828 2609 γὰρ
859 2539 1110 2607 ἐνόμιζον
1160 2541 1240 2602 είς
1271 2537 1378 2607 γῆν
1409 2539 1778 2607 πορεύσεσθαι
1813 2539 1949 2609 ἡλίῳ

368 2633 884 2703 περιλαμπομένην,
939 2633 1033 2682 καὶ
1087 2629 1194 2683 ὑπὸ
1241 2627 1546 2698 ἀνθρώπων
1598 2630 1947 2700 οἰκουμένην,

368 2726 487 2778 ἀλλ’
530 2727 609 2788 είς
669 2724 798 2794 ᾅδου
853 2722 1202 2792 κευθμῶνας,
1247 2723 1342 2774 καὶ
1389 2722 1601 2791 νεκρῶν
1637 2721 1946 2792 διατριϐὰς,

368 2821 460 2872 καῖ
492 2817 622 2871 ἀλλο
661 2819 721 2869 εί
749 2833 802 2869 τι
852 2816 1305 2885 δυσχερέστερον.
1348 2813 1525 2867 Πολλὰ
1574 2813 1629 2866 δὲ
1684 2813 1948 2884 βασιλέως

372 2910 790 2982 παραινοῦντος,
825 2909 901 2970 ὡς
955 2907 1150 2978 βελτίω
1205 2907 1301 2959 καὶ.
1353 2907 1774 2977 λυσιτελέστερα
1825 2906 1952 2976 βουη

371 3002 583 3055 λεύοιτο
619 3001 709 3054 καὶ
738 3001 995 3068 δεομένου
1025 2999 1334 3060 πείθεσθαι,
1359 2997 1468 3050 οὐδ’
1491 2999 1681 3068 ἄκροις
1711 2997 1948 3068 παρεδέ⁴

372 3110 531 3163 χοντο
583 3093 741 3154 ὠσὶν,
798 3092 941 3145 ἀλλὰ
1001 3090 1162 3143 πάνθ’
1211 3092 1315 3143 ὅσα
1371 3090 1436 3143 ἄν
1476 3107 1554 3152 τις
1604 3089 1749 3142 εἴποι
1799 3090 1947 3143 δεινά

2044 640 2147 679 nec
2195 625 2249 678 in
2304 624 2618 688 Thraciam,
2647 638 2838 678 verum
2887 621 2954 676 ad
2997 619 3230 675 Parthos
3292 626 3388 671 aut
3432 616 3615 681 ludos,

2043 717 2190 772 unde
2227 718 2393 772 nullis
2428 720 2642 772 artibus
2676 730 2917 785 unquam
2955 714 3020 767 ad
3075 711 3280 780 patrios
3331 710 3474 762 lares
3534 723 3620 761 re-

2043 809 2243 881 pedare
2285 818 2527 878 possent,
2561 809 2856 862 militatum
2893 820 2952 859 se
2983 801 3258 873 proﬁcisci
3286 799 3620 854 arbitrantes

2045 903 2231 972 (quam
2267 901 2338 956 ob
2371 917 2589 956 causam
2618 910 2674 954 et
2702 913 2878 968 equos
2919 895 3210 956 militares,
3262 901 3318 947 et
3355 906 3530 954 arma,
3563 895 3613 944 et

2044 995 2090 1048 si
2131 993 2262 1063 quid
2295 993 2439 1047 aliud
2494 993 2702 1046 militia:
2749 991 3012 1044 idoneum
3045 985 3360 1056 portabant,
3393 985 3618 1038 domum

2045 1084 2420 1146 rrmittebant,
2462 1091 2521 1137 ut
2559 1082 2696 1152 ipsis
2747 1080 2974 1134 omnino
3004 1076 3290 1148 perituris,
3329 1089 3393 1128 ea
3426 1075 3618 1128 saltem

2045 1174 2149 1228 sibi
2197 1173 2462 1228 haberent
2496 1173 2720 1241 liberi);
2772 1171 2911 1232 hzee,
2972 1169 3219 1238 inquam,
3273 1164 3621 1220 animadver-

2049 1273 2170 1318 tens
2199 1264 2522 1334 imperator,
2557 1263 2861 1332 uolensque
2892 1260 3330 1331 Didymotieltum
3355 1257 3435 1311 sic
3465 1253 3618 1308 inﬁr-

2045 1372 2170 1410 mus
2212 1355 2500 1420 accedere,
2534 1365 2594 1407 ut
2622 1354 2741 1424 ipse
2773 1367 2995 1422 quoque
3030 1366 3060 1404 a
3094 1349 3373 1421 Byzantiis
3400 1345 3622 1403 obside-

2046 1457 2198 1503 retur
2228 1452 2245 1517 (
2273 1463 2378 1502 nec
2439 1447 2586 1502 enim
2637 1445 2739 1500 sibi
2797 1446 3020 1513 suisque
3050 1442 3103 1496 id
3137 1441 3370 1496 multum
3427 1436 3624 1508 profu-

2048 1543 2282 1612 turum),
2318 1541 2387 1595 ad
2411 1539 2624 1595 Cralem
2655 1539 2837 1594 redire
2858 1545 2907 1592 et
2943 1553 2972 1591 a
2995 1536 3155 1591 Crale
3198 1534 3479 1589 sufﬁciens
3525 1547 3622 1584 au-

2044 1633 2238 1687 xilium
2293 1641 2480 1701 petere
2523 1629 2804 1700 cogitavit,
2861 1636 2922 1682 ut
2975 1643 3101 1683 cum
3169 1623 3616 1696 Didymotichum

2046 1725 2308 1787 venisset,
2361 1723 2618 1777 hostibus
2665 1721 2884 1785 terrori,
2914 1736 3023 1774 non
3065 1716 3406 1786 contemptui
3456 1722 3620 1770 esset.

2047 1814 2463 1872 Communieata
2499 1831 2558 1868 re
2606 1828 2732 1869 cum
2793 1812 3074 1875 Romanis,
3129 1823 3323 1864 omnes
3351 1807 3503 1861 velut
3553 1807 3624 1860 de

2043 1920 2326 1981 compacto
2381 1920 2724 1977 quaecunque
2785 1901 2965 1972 potius
3021 1915 3082 1953 se
3153 1911 3535 1968 perpessuros.
3565 1906 3624 1949 et

2044 2001 2192 2054 mille
2220 1999 2490 2053 mortibus
2527 2003 2694 2064 caput
2714 1992 3056 2062 objecturos,
3097 2003 3261 2058 quam
3289 1986 3354 2040 ad
3405 1985 3625 2038 Tribal-

2044 2095 2126 2150 los
2166 2093 2440 2148 redituros
2471 2089 2891 2145 conﬁrmarunt.
2943 2084 3064 2139 Non
3121 2082 3269 2136 enim
3297 2081 3361 2134 ad
3417 2089 3618 2133 terram

2045 2202 2166 2256 qua!
2202 2185 2332 2240 solis
2361 2182 2530 2236 radiis
2565 2179 2881 2242 vestiretur,
2909 2184 2963 2230 et
3001 2177 3069 2230 ab
3095 2171 3416 2228 hominibus
3471 2171 3622 2224 inco-

2045 2281 2276 2340 leretur,
2345 2275 2440 2329 sed
2491 2273 2558 2327 ad
2597 2271 2897 2326 inferorum
2944 2268 3134 2330 valles,
3186 2265 3464 2332 vitamque
3493 2276 3622 2318 cum

2046 2366 2283 2422 mortuis
2343 2363 2635 2434 agendam,
2692 2369 2748 2413 et
2778 2359 2822 2412 si
2855 2357 2986 2425 quid
3032 2353 3362 2408 inammnius
3417 2366 3480 2406 ac
3528 2350 3626 2404 tri-

2048 2454 2188 2507 stius
2223 2461 2329 2516 est,
2367 2466 2425 2504 se
2452 2461 2771 2502 reversuros
2811 2444 3125 2498 credebant.
3187 2441 3491 2510 Impensius
3522 2455 3626 2494 au-

2052 2554 2158 2598 tem
2196 2544 2451 2597 hortante
2501 2540 2851 2608 imperatore,
2901 2545 2960 2590 ut
2993 2534 3191 2588 melius
3229 2543 3285 2587 et
3317 2531 3508 2585 utilius
3541 2547 3628 2584 sa-

2050 2650 2179 2704 pere
2226 2634 2451 2696 vellent,
2504 2639 2844 2700 roganteque
2903 2633 2959 2679 ut
3019 2633 3300 2694 parerent,
3335 2639 3429 2676 eas
3463 2636 3626 2676 voces

2052 2726 2279 2780 auribus
2312 2731 2649 2782 aversantes,
2674 2719 2854 2772 omnia
2881 2716 3072 2785 gravia.
3091 2731 3212 2784 qua}
3237 2714 3345 2767 diei
3373 2722 3624 2782 possunt,

2052 2819 2233 2873 isthoc
2263 2819 2320 2869 iu
2347 2814 2620 2868 Triballos
2661 2811 2837 2864 reditu
2877 2810 3085 2863 leviora
3130 2806 3287 2859 ducel
3310 2813 3422 2858 ant.
3455 2805 3631 2873 Impe-

2053 2924 2203 2967 rator
2233 2924 2358 2964 eum
2413 2907 2719 2978 perieulum
2753 2921 2862 2958 non
2900 2903 3178 2956 modicum
3215 2900 3551 2971 provideret,
3579 2899 3626 2953 si

2053 3006 2170 3060 suis
2204 3014 2313 3058 tam
2355 3015 2545 3070 parum
2581 3000 2841 3069 frugifera
2883 2995 3257 3057 volventibus,
3293 3003 3347 3048 et
3383 3003 3488 3046 tam
3541 2993 3629 3046 in-

2052 3096 2308 3153 consulto
2342 3091 2564 3163 aggredi
2595 3089 2922 3159 parantibus
2947 3088 3374 3155 obsequeretur,
3407 3093 3463 3138 et
3496 3083 3629 3152 quid

373 3185 722 3257 φορητότερα
765 3184 1019 3252 ἡγοῦντο,
1064 3183 1096 3252 ἢ
1145 3183 1223 3244 είς
1257 3181 1562 3250 Τριϐαλοὺς
1613 3181 1770 3244 αὖθις
1819 3183 1946 3234 ἀνα-

2054 3199 2238 3259 ageret
2272 3189 2532 3250 neseiret,
2566 3182 3012 3254 quandoquidem
3039 3181 3260 3234 ﬂectere
3293 3178 3495 3231 milites
3520 3193 3627 3230 non

375 3277 653 3349 στρέφειν.
689 3277 955 3360 Βασιλεὺς
983 3276 1063 3338 δὲ,
1098 3275 1189 3326 τόν
1217 3289 1276 3326 τε
1305 3275 1546 3326 κίνδυνον
1587 3273 1749 3342 ὀρῶν,
1780 3274 1854 3334 ὡς
1888 3275 1949 3326 οὐ
1981 3267 1996 3274 ’

377 3371 572 3442 μικρὸς
604 3372 666 3423 ὲκ
695 3369 792 3423 τοῦ
817 3367 1104 3422 πείθεσθαι
1133 3368 1248 3430 τοῖς
1285 3366 1535 3418 συνοῦσιν
1565 3365 1733 3429 οὕτως
1765 3367 1954 3419 ἀλυσι-

372 3461 522 3532 τιλῆ.
553 3462 648 3514 καὶ
689 3457 1100 3530 βουλευομένοις
1145 3458 1240 3510 καὶ
1286 3459 1549 3526 πράττειν
1603 3455 1704 3525 ήδη
1761 3455 1954 3525 ὡρμη-

377 3556 564 3624 μένοις
593 3551 915 3620 ἀλογίστως,
951 3551 980 3602 ὄ
1027 3549 1082 3601 τί
1113 3565 1170 3601 τε
1199 3549 1466 3619 χρήσαιτο
1489 3549 1603 3610 τοῖς
1632 3547 1953 3617 πράγμασιν

374 3645 476 3698 οὐκ
523 3643 684 3714 ἔχων,
721 3643 831 3696 τῶν
871 3637 1468 3705 συνόντων,πείθεσθαι
1507 3640 1582 3709 μὴ
1611 3639 1952 3706 δυναμένων,

376 3738 645 3807 πρότερον
696 3736 884 3796 αὐτοῖς
950 3732 1124 3785 πολλὰ
1192 3729 1517 3799 διαλεχθεὶς,
1573 3732 1672 3783 καὶ
1722 3730 1955 3799 φανερὸν

377 3829 634 3897 ποιήσας,
662 3825 736 3888 ὡς
771 3824 860 3877 διά
889 3824 990 3892 τὴν
1032 3822 1212 3876 αὐτῶν
1247 3820 1619 3891 μικροψυχίαν
1662 3821 1756 3873 καὶ
1793 3820 1954 3873 ἀϐου-

377 3921 498 3973 λίαν
548 3917 744 3981 ἀνάξια
793 3914 1013 3979 ἑαυτοῦ,
1068 3917 1165 3966 καὶ
1216 3912 1314 3979 τῆς
1348 3911 1683 3982 στρατηγίας
1717 3912 1812 3964 καὶ⁹
1857 3912 1955 3980 τῆς

380 4011 575 4081 πείρας
612 4012 864 4078 πράττει,
898 4004 1143 4059 ἐπείθετό
1179 4021 1238 4056 τε
1270 4003 1418 4056 ἄκων
1453 4003 1636 4065 αὐτοῖς
1678 4003 1815 4071 πρὸς
1856 4002 1954 4072 τὴν

380 4108 598 4179 βουλὴν,
650 4110 745 4160 καὶ
792 4100 1193 4174 παρεκελεύετο
1240 4100 1494 4171 θαρρεῖν,
1547 4099 1622 4161 ὡς
1671 4098 1764 4150 τοῦ
1819 4098 1954 4151 Θεοῦ

380 4195 851 4269 προστησομένου,
901 4193 1092 4263 ὥσπερ
1142 4192 1206 4260 δὴ
1245 4193 1338 4244 καὶ
1384 4191 1570 4243 ἄλλοτε
1605 4187 1866 4252 πολλάκις
1897 4189 1955 4239 ὲν

381 4292 655 4354 κινδύνοις
712 4289 773 4341 οὑ
831 4288 1069 4357 μικροῖς,
1118 4286 1210 4338 καὶ
1263 4285 1473 4354 εἴχοντο
1512 4283 1654 4335 ὁδοῦ.
1708 4281 1863 4334 Ἐπεὶ
1901 4282 1956 4334 δὲ

377 4379 522 4454 ἦσαν
556 4376 1012 4449 Χριστουπόλεως
1063 4377 1125 4428 οὐ
1183 4374 1436 4444 μακρὰν,
1499 4373 1956 4441 περιτυγχάνουσι

388 4469 803 4529 Ῥακυδυτοῦντι
833 4471 898 4522 ὲκ
938 4467 1320 4536 Διδυμοτείχου
1355 4463 1681 4536 ἀφιγμένῳ,
1718 4464 1776 4527 ὃς
1811 4481 1956 4534 παρ-

2055 3292 2290 3356 poterat,
2326 3281 2518 3334 multa
2544 3276 2823 3346 praefatus,
2875 3274 3078 3342 quibus
3127 3272 3350 3342 planum
3389 3269 3538 3331 fecit,
3571 3283 3630 3323 se

2055 3384 2279 3448 propter
2328 3373 2542 3426 illorum
2595 3368 2845 3421 imbelles
2891 3364 3108 3419 aninios
3156 3372 3212 3417 et
3239 3360 3628 3423 temeritatem,

2058 3470 2281 3539 indigna
2333 3477 2434 3518 suo
2487 3461 2730 3522 nomine,
2765 3457 3203 3525 auctoritateque
3257 3452 3629 3520 imperatoria,

2055 3571 2112 3616 et
2149 3575 2248 3613 usu
2311 3553 2536 3610 militari
2593 3551 2964 3612 committere,
3000 3561 3194 3601 eorum
3245 3543 3518 3598 desiderio
3553 3543 3637 3595 in-

2055 3653 2204 3706 vitus
2263 3647 2499 3718 paruit,
2535 3644 2858 3700 cohortalis.
2919 3641 2997 3694 uti
3055 3638 3166 3692 Deo
3223 3637 3474 3699 ﬁderent,
3538 3633 3633 3702 qui

2057 3739 2336 3811 quomodo
2379 3736 2614 3792 antehac
2668 3749 2811 3803 stepe
2864 3732 2919 3786 in
2965 3729 3230 3798 periculis
3282 3743 3390 3781 non
3426 3725 3632 3796 parvis,

2060 3841 2300 3886 tutorem
2349 3845 2406 3883 se
2463 3827 2800 3897 praebiturus
2860 3832 3026 3879 esset.
3069 3822 3249 3892 Atque
3305 3820 3392 3872 bis
3445 3817 3633 3878 dictis,

2058 3932 2239 3991 coepto
2277 3921 2473 3976 itinere
2522 3925 2906 3986 perrexerunt.
2956 3915 3075 3968 Non
3132 3914 3291 3983 longe
3326 3928 3354 3966 a
3385 3909 3636 3965 Christo-

2057 4015 2166 4084 poli
2205 4013 2258 4066 in
2289 4011 2526 4081 peditem
2565 4008 3029 4078 libacidytuntcm
3056 4005 3344 4065 vocabulo,
3382 4002 3640 4072 Didyme--

2062 4106 2207 4158 ticlio
2238 4119 2362 4158 cum
2412 4101 2611 4154 litteris
2637 4099 2705 4153 ab
2740 4097 3090 4167 imperatrice
3148 4111 3316 4149 uxore
3357 4102 3411 4146 et
3455 4092 3640 4162 prasi-

2059 4196 2152 4251 dio
2186 4195 2252 4249 ad
2284 4195 2670 4262 imperatorem
2704 4192 2930 4244 missum
2973 4187 3224 4242 incidunt
3261 4203 3273 4238 :
3323 4185 3525 4254 quibus
3551 4184 3640 4236 lit-

2060 4291 2193 4344 teris
2227 4302 2353 4342 eum
2402 4284 2790 4347 admonebant,
2827 4290 2988 4336 caute
3028 4289 3236 4349 ageret,
3265 4286 3322 4332 et
3349 4293 3415 4330 ne
3447 4277 3640 4330 incon-

2058 4384 2292 4438 siderate
2324 4381 2391 4434 ad
2439 4395 2534 4435 eos
2584 4377 2818 4440 veniret,
2855 4375 2961 4431 nisi
3019 4389 3242 4444 magnas
3296 4379 3484 4440 totque
3535 4370 3637 4423 lio-

2059 4476 2236 4529 Stibus
2291 4487 2452 4542 pares
2485 4470 2670 4539 copias
2723 4467 3043 4522 adduceret.
3079 4465 3438 4534 Palaeologum
3491 4461 3640 4516 enim

377 4570 491 4637 εἶχε
520 4564 826 4634 γράμματα
862 4560 1075 4632 βασιλεῖ
1106 4561 1257 4626 παρὰ
1295 4556 1568 4626 βασιλίδος
1620 4557 1720 4626 τῆς
1766 4573 1951 4624 γυναι-

2066 4572 2520 4635 protostratorem
2551 4575 2674 4614 eum
2709 4558 2956 4628 peditatu
2987 4555 3150 4627 534
3175 4565 3230 4609 et
3257 4555 3502 4623 equitatu
3530 4567 3642 4605 neu

378 4659 496 4725 κὸς,
525 4655 625 4711 καὶ
670 4655 779 4707 τῶν
821 4654 998 4708 ἀλλων
1043 4654 1151 4704 τῶν
1184 4653 1241 4704 ἐν
1274 4648 1662 4719 Διδυμοτείχῳ,
1697 4647 1961 4716 φυλάττε-

380 4751 510 4803 σθαι
562 4745 978 4818 παραινοῦντα,
1035 4743 1133 4795 καὶ
1190 4741 1266 4812 μὴ
1323 4743 1750 4810 ἀπερισκέπτως
1825 4738 1962 4808 πρὸς

381 4843 583 4904 αὐτοὺς
642 4841 866 4910 χωρεῖν,
904 4838 953 4890 εί
1007 4836 1081 4905 μὴ
1115 4835 1346 4904 δύναμιν
1396 4833 1518 4901 ἄγει
1565 4832 1831 4902 μεγάλην,
1868 4831 1962 4884 καὶ

381 4933 522 5004 πρὸς
572 4929 852 4990 τοιούτους
902 4927 1200 4996 ἀξιόχρεων
1238 4926 1554 4995 πολεμίους.
1602 4924 1964 4995 Πρωτοστρά-

383 5043 499 5098 τωρ
516 5025 626 5093 γάρ
644 5025 669 5076 ὁ
694 5018 1086 5086 Παλαιολόγος,
1107 5018 1306 5088 πολλὴν
1331 5018 1480 5086 ἄγων
1503 5017 1768 5088 στρατιὰν
1790 5016 1963 5085 πεζήν

384 5135 444 5172 τε
503 5118 596 5170 καὶ
629 5115 864 5184 ἱππικὴν
897 5114 954 5164 ἐν
987 5111 1336 5181 Περιθεωρίῳ
1373 5109 1960 5178 στρατοπεδευόμενος,

380 5211 481 5280 τὴν
522 5207 692 5263 αὺτοῦ
725 5205 910 5276 ἄφιξιν
943 5205 1234 5275 περιμένει
1276 5205 1352 5267 ὼς
1391 5203 1761 5273 μαχούμενος.
1798 5202 1962 5254 Ἀπό-

383 5302 589 5370 καυχός
644 5316 703 5352 τε
740 5301 768 5352 ὁ
820 5295 1321 5369 περακοιμὼμενος
1385 5295 1527 5365 ἔχων
1582 5295 1962 5364 ἐϐδομήκοντα

377 5395 627 5464 τριήρεις
681 5397 738 5446 ὲν
799 5385 886 5454 αἷς
936 5389 1311 5443 κατέπλευσεν
1355 5390 1434 5452 είς
1483 5388 1832 5458 Ἀμφίπολιν,
1873 5388 1961 5438 ἐν·

382 5483 564 5536 ταῦοα
603 5483 700 5537 καὶ
729 5481 893 5544 αὐτὸς
946 5482 1217 5552 ἐφορμεῖο
1255 5480 1383 5549 περὶ
1409 5473 1483 5532 ὧν
1515 5478 1632 5534 δέον
1673 5477 1964 5546 βουλευσά-

386 5592 548 5646 μενον
601 5574 768 5627 αὑτὸν
797 5576 1082 5644 πράττειν,
1126 5574 1154 5626 ὃ
1222 5591 1276 5624 τι
1325 5573 1390 5625 ἂν
1441 5572 1570 5640 δοκῇ
1633 5571 1959 5639 συμφέρειν.

380 5665 705 5734 Συμσέῦηκε
740 5665 796 5717 δέ
826 5683 878 5718 τι
908 5665 1037 5734 περὶ
1066 5665 1137 5717 τὰ
1165 5665 1471 5735 γράμματα
1533 5663 1718 5716 ἐκεῖνα
1748 5660 1964 5727 θαυμα-

384 5757 512 5810 στδν
563 5759 660 5810 καὶ
711 5759 808 5829 τῆς
855 5759 992 5812 Θεοῦ
1043 5763 1175 5830 περὶ
1222 5761 1312 5812 τὸν
1356 5757 1584 5829 βασιλέα
1631 5755 1962 5825 κηδεμονίας

387 5850 658 5921 φανερῶς.
694 5850 782 5916 Ὦς
812 5851 918 5925 γὰρ
961 5855 1015 5905 ἐν
1051 5852 1330 5923 Βυζαντίῳ
1357 5851 1628 5923 ἐμηνύθη,
1673 5851 1746 5913 ῶς
1795 5867 1958 5920 στρα-

2063 4655 2329 4711 mediocri
2383 4653 2448 4707 ad
2493 4650 2904 4706 l’eritheorium
2962 4649 3176 4708 sedere,
3229 4655 3285 4700 et
3345 4645 3640 4699 adventum

2062 4749 2183 4818 ejus
2215 4747 2282 4800 ad
2321 4743 2725 4814 conﬂigendum
2756 4750 3097 4810 exspectare.
3156 4738 3235 4792 lbi
3283 4738 3447 4792 etiam
3499 4735 3644 4803 Apo-

2062 4839 2330 4894 eauchum
2361 4852 2486 4891 cum
2518 4833 2840 4889 triremibus
2889 4829 3256 4900 septuaginta,
3283 4827 3486 4898 quibus
3511 4824 3645 4878 Am-

2065 4928 2330 4998 phipolim
2375 4925 2746 4995 navigaverat,
2801 4925 2856 4978 in
2916 4931 3077 4992 portu
3116 4931 3283 4984 stare,
3339 4918 3407 4972 de
3442 4917 3646 4987 quibus

2064 5037 2225 5093 capto
2258 5020 2492 5076 consilio
2531 5019 2713 5074 facere
2745 5017 2964 5081 debeat,
3000 5013 3146 5084 quod
3187 5011 3449 5082 prodesse
3483 5007 3643 5063 viden

2064 5115 2234 5169 bitur.
2265 5113 2421 5169 Circa
2466 5113 2679 5166 litteras
2721 5119 2906 5162 autem
2967 5107 3088 5160 illas
3114 5102 3440 5159 admirabile
3484 5099 3646 5169 quid-

2066 5208 2233 5277 piam,
2270 5216 2327 5262 et
2358 5221 2521 5276 quam
2566 5204 2866 5273 imperator
2919 5201 3031 5254 Deo
3069 5212 3214 5253 cura:
3255 5204 3418 5262 esset,
3471 5192 3650 5248 mani-

2061 5301 2262 5355 festum
2299 5299 2558 5353 indicium
2596 5296 2801 5352 evenit.
2838 5295 2908 5350 Ut
2942 5293 3090 5348 enim
3122 5290 3368 5363 Byzantii
3433 5286 3650 5342 intelle-

2066 5404 2214 5448 ctum
2242 5399 2344 5452 est,
2370 5392 2545 5459 ipsum
2577 5403 2703 5443 cum
2733 5386 2973 5441 exercitu
3005 5400 3073 5438 ex
3103 5382 3360 5436 Triballis
3384 5379 3647 5450 Didymo-

2069 5489 2276 5543 ticltum
2306 5487 2594 5546 reveuire;
2633 5494 2690 5539 et
2732 5488 3099 5552 protostrator
3134 5478 3452 5532 universum
3486 5473 3649 5544 pedi-

2071 5590 2242 5634 tatqu
2299 5578 2722 5647 equitatumque
2755 5575 2984 5632 ducens.
3028 5571 3241 5640 magnis
3280 5570 3470 5636 utique
3518 5581 3652 5620 cum

2068 5673 2282 5726 viribus
2319 5670 2722 5725 Peritheorium
2763 5665 2989 5723 devenit
3018 5682 3033 5732 ;
3062 5673 3121 5718 et
3153 5661 3517 5732 Apocauchus
3547 5675 3649 5713 eo-

2068 5764 2192 5817 dem
2249 5763 2563 5832 Amphipoli
2599 5775 2724 5815 cum
2773 5758 3118 5830 septuaginta
3173 5755 3404 5810 navibus
3444 5751 3646 5805 eadem

2069 5855 2133 5908 tle
2183 5867 2346 5907 causa
2398 5850 2680 5922 appuisus,
2733 5865 2854 5906 cum
2909 5848 3031 5902 aliis
3091 5845 3262 5916 copiis
3309 5842 3412 5897 sibi
3461 5857 3650 5909 νιειε-
