4014 6428
507 396 647 463 1οΞ3

1699 400 1942 463 JOANN
1955 401 2025 461 lS
2064 400 2592 462 CANTACUZENI

3625 407 3735 485 1024

497 512 784 576 ctandum.
817 514 1164 586 reditumque
1222 519 1570 588 imperatoris
1609 515 2070 573 intercludendum

2188 516 2310 568 τιὰν
2337 517 2476 587 ἔχων
2508 519 2572 570 ἐκ
2600 509 2886 589 Τριὸαλῶν
2930 517 3186 588 βασιλεὺς
3230 522 3260 574 6
3317 523 3736 592 Καντακουζηνὸς

498 608 736 661 censuit.
761 607 1048 678 Dispositis
1071 620 1250 665 autem
1280 627 1378 682 per
1402 613 1631 676 viam,ut
1654 627 1771 667 mos
1788 621 2084 679 est,custo-

500 696 666 751 dibus
707 699 772 753 ad
805 699 1235 771 intercipiendos
1262 707 1356 774 qui
1404 705 1549 759 inter
1573 705 2082 776 Didymotichenses

499 797 556 844 et
579 789 965 860 imperatorem
991 806 1385 858 commearent,
1412 797 1504 866 qui
1535 797 1673 852 hanc
1699 799 1980 867 epistolam
2006 799 2084 853 fe-

501 882 658 936 rebat
685 886 1194 952 comprehensus,et
1219 889 1283 942 ad
1310 898 1760 959 protostratorem
1785 892 2083 961 perductus

501 973 681 1043 deque
725 975 926 1033 litteris
956 980 1326 1045 examinatus,
1375 983 1576 1038 habere
1617 999 1675 1038 se
1707 985 1921 1039 litteras
1952 1000 2084 1039 con-

501 1065 681 1119 fessus
731 1076 835 1133 est,
883 1071 1178 1140 statimque
1230 1075 1493 1142 porrexit,
1528 1075 1730 1144 quibus
1783 1077 2082 1145 imperator

502 1157 822 1226 rogabatur,
855 1175 924 1214 ne
957 1177 1064 1231 qua
1117 1163 1270 1218 illum
1305 1176 1615 1220 moraretur
1661 1167 1943 1236 Sc-gnities,
1983 1167 2078 1225 sed

498 1243 566 1295 ad
591 1257 687 1298 eos
716 1246 1015 1302 advolaret.
1054 1249 1188 1304 Nam
1219 1253 1312 1320 qui
1364 1264 1549 1308 essent
1603 1255 1975 1326 Didymotichi
2025 1261 2081 1316 in

440 1355 443 1357 -
501 1333 762 1400 praesidio
790 1336 1003 1404 equites
1043 1349 1098 1394 et
1131 1341 1365 1408 pedites,
1402 1343 1518 1399 loca
1549 1345 1798 1403 Thracia:
1839 1349 2082 1421 depopu-

500 1423 641 1479 latos
680 1425 886 1480 victum
941 1429 1044 1484 sibi
1125 1447 1494 1503 comparasse.
1545 1436 1811 1495 Similiter
1861 1444 2082 1513 opiﬁces

501 1526 559 1568 et
598 1517 756 1579 alios,
803 1528 1074 1588 quotquot
1122 1539 1382 1580 manuum
1433 1529 1619 1584 labore
1664 1533 1829 1587 vitam
1882 1537 2083 1590 transi-

502 1617 717 1672 gerent,
749 1609 1008 1666 alimonia
1055 1613 1376 1671 abundare:
1410 1621 1606 1676 mediis
1660 1623 1875 1682 civibus
1937 1628 2080 1684 nihil

503 1713 615 1765 quo
644 1714 703 1752 se
734 1700 881 1754 alant
935 1704 1302 1777 undecunque
1336 1723 1648 1782 suppetere,
1685 1725 1741 1771 et
1771 1733 1867 1774 eos
1895 1719 2081 1791 inopia

503 1803 670 1856 supra
698 1792 919 1846 modum
951 1797 1145 1865 premi.
1181 1801 1558 1861 Precabantur
1587 1808 1756 1875 igitur
1783 1811 2082 1882 imperato-

506 1895 620 1932 rem
669 1881 989 1951 imperatrix
1017 1889 1216 1956 conjux
1263 1901 1320 1946 et
1363 1894 1482 1960 alii,
1535 1897 1803 1955 citissime
1846 1881 2076 1970 rediret,

502 1986 615 2038 quo
644 1973 914 2030 adventus
943 1979 1065 2044 ejus
1095 1983 1243 2038 cives
1291 1993 1442 2040 tanto
1474 1989 1614 2044 malo
1642 1990 1868 2048 levaret.
1899 1994 2083 2051 Lectis
2123 2009 2135 2020 '

501 2061 702 2118 litteris
747 2074 1133 2135 protostrator,
1188 2073 1414 2129 curioso
1488 2077 1748 2134 nimirum
1797 2090 1852 2135 et
1893 2082 2081 2137 solerti

500 2151 762 2220 facinore,
815 2160 1132 2215 auro‘dato
1194 2172 1251 2216 et
1296 2167 1610 2237 promissis,
1641 2186 1699 2226 se
1737 2171 1792 2225 in
1827 2173 1978 2227 illum
2026 2183 2083 2230 et

499 2244 724 2299 domum
775 2249 896 2318 ejus
965 2252 1363 2325 (Selybrianus
1429 2271 1614 2316 autem
1685 2263 1844 2334 erat)
1915 2265 2081 2321 bene-

503 2335 666 2390 ﬁcum
729 2339 1002 2409 futurum,
1055 2349 1351 2415 persuadet
1390 2351 1696 2419 tabellario,
1756 2365 1816 2410 ut
1872 2356 2080 2427 episto-

499 2428 610 2482 lam
651 2431 794 2486 illam
846 2449 945 2489 suo
998 2439 1270 2494 arbitratu
1323 2451 1379 2497 et
1430 2445 1594 2500 modo
1670 2450 2076 2520 transcriptam,

501 2535 605 2588 pro
638 2537 766 2578 vera
806 2533 860 2578 et
911 2541 1167 2595 germana
1219 2533 1408 2590 uxoris
1453 2536 1684 2604 epistola
1713 2540 1781 2594 ad
1808 2541 2082 2596 Cautacu-

501 2628 700 2668 zenum
731 2627 1002 2684 apportet,
1037 2634 1102 2674 ac
1138 2621 1206 2678 de
1236 2623 1384 2678 facto
1417 2627 1552 2682 nihil
1597 2629 1766 2685 dicat.
1809 2632 1961 2686 Facit
1988 2633 2080 2689 ille

498 2704 648 2771 quod
681 2709 992 2774 petebatur,
1021 2720 1076 2766 et
1103 2723 1475 2781 protostrator
1522 2734 1837 2790 quanquam
1889 2725 2080 2782 nolens

496 2794 818 2862 imperatori
886 2800 1117 2870 ejusque
1154 2806 1421 2862 exercitui
1455 2813 1790 2868 commodat.
1831 2814 1902 2892 Ut
1929 2816 2076 2872 enim

499 2885 727 2940 recitata
785 2898 890 2956 est,
957 2899 1013 2946 et
1053 2892 1478 2954 Cantaeuzenici
1556 2900 1625 2956 de
1689 2887 2078 2964 insidiantibus

495 2975 602 3030 sibi
643 2979 818 3048 copiis
847 2994 1243 3052 cognoverunt,
1277 3003 1397 3045 esse
1434 2992 1623 3048 multis
1665 2996 1920 3065 partibus
1961 2999 2077 3055 suis

495 3068 757 3138 majores,
809 3074 1100 3146 modisque
1169 3081 1428 3138 onmihus
1479 3085 1751 3153 valentes,
1807 3089 2074 3170 militibus

2190 603 2350 671 αὖθις
2379 609 2740 679 ἐπανέρχοιτο
2775 611 2855 672 εἰς
2883 611 3293 682 Διδυμότειχον,
3328 617 3740 688 πρωτοστράτωρ

2187 711 2248 748 τε
2276 697 2569 766 συμπάσης
2601 698 2770 766 πεζῆς
2807 701 2900 752 καὶ
2946 701 3183 770 ἱππικῆς
3214 702 3506 772 δυνάμεως
3539 722 3740 777 στρατη·

2189 787 2303 856 γῶν
2335 788 2540 858 πολλὴν
2593 789 2732 860 ἔχων
2763 790 2992 861 δύναμιν
3019 795 3100 857 είς
3141 796 3522 863 Περιθεώριον
3548 798 3739 866 ἀφῖκτο,

2189 880 2284 932 καὶ
2321 881 2656 952 Ἀπόκαυχος
2682 883 2711 934 6
2740 884 2916 952 μέγας
2944 885 3069 948 δοὺξ
3105 885 3165 950 ἐξ
3218 887 3602 956 Ἀμφιπόλεως
3645 894 3742 953 ταῖς

2190 971 2567 1042 ἐϐδομήκοντα
2621 977 2812 1027 ναυσὶν
2845 977 3209 1046 ἀναστρέφων
3264 982 3370 1048 τῆς
3415 981 3474 1032 αί
3489 981 3582 1049 τῆς
3607 982 3745 1035 ἕνεκα

2190 1062 2392 1127 αἰτίας,
2438 1065 2581 1133 ἔγνω
2615 1067 2726 1118 δεῖν
2775 1069 3093 1137 περιμένειν
3143 1071 3239 1122 καὶ
3295 1072 3461 1133 αὐτὸς
3510 1072 3640 1139 μετὰ
3663 1072 3746 1141 τῆς

2191 1155 2360 1226 ἄλλης
2393 1161 2676 1226 στρατιᾶς,
2709 1159 2804 1212 καὶ
2839 1158 3050 1228 βασιλεῖ
3093 1161 3193 1230 τὴν
3226 1161 3494 1215 ἐπάνοδον
3523 1162 3744 1218 κωλύειν.

2190 1247 2312 1300 Τῶν
2341 1249 2476 1303 ὁδῶν
2515 1250 2570 1302 δέ
2597 1251 2673 1313 ὡς
2701 1250 2823 1314 ἔθος
2849 1251 3304 1322 φυλαττομένων,
3343 1254 3431 1305 ἵνα
3479 1253 3549 1324 μὴ
3579 1253 3747 1306 λανθά-

2189 1354 2332 1391 νοιεν
2379 1340 2441 1392 ἐκ
2486 1340 2873 1412 Διδυμοτείχου
2927 1341 2959 1410 ἢ
3017 1342 3297 1413 βασιλέως
3339 1343 3476 1411 πρὸς
3512 1344 3744 1413 ἀλλήλους

2189 1429 2579 1499 ἀφικνούμενοι
2604 1446 2772 1495 τινες,
2803 1434 2830 1484 6
2861 1431 2932 1484 τά
2957 1432 3265 1502 γράμματα
3300 1433 3549 1502 κατέχων
3577 1433 3742 1494 ταῦτα,

2191 1513 2501 1584 συνελήφθη
2537 1515 2633 1568 καὶ
2652 1517 2804 1588 ,ἤχθη
2845 1520 2980 1588 πρδς
3011 1521 3490 1591 πρωτοστράτορα
3511 1538 3524 1552 °
3553 1523 3744 1592 ἀιερευ-

2188 1603 2430 1674 νώμενος
2462 1607 2520 1660 δὲ
2569 1609 2698 1676 περὶ
2740 1611 3114 1681 γραμμάτων,
3147 1613 3433 1682 ὡμολόγει
3465 1615 3623 1684 ἔχειν.
3668 1615 3744 1667 καὶ

2187 1697 2486 1768 παρείχετο
2537 1698 2735 1762 εὐθύςο
2771 1701 2838 1754 τὰ
2886 1701 2941 1754 δὲ
2993 1702 3162 1755 ἐδεῖτο
3224 1703 3502 1773 βασιλέως
3547 1707 3744 1774 τάχιστα

2188 1790 2346 1858 ἥκειν
2399 1789 2537 1860 πρὸς
2575 1791 2775 1855 αὐτοὺς
2811 1793 2904 1846 καὶ
2954 1793 3029 1864 μὴ
3065 1794 3370 1864 ῥᾳθυμεῖν.
3405 1797 3528 1849 Τῶν
3573 1798 3669 1864 γὰρ
3698 1799 3742 1847 ἐν

2118 1869 2555 1952 ΒΔιδυμοτείχῳ
2609 1883 2670 1934 τὸ
2725 1883 2826 1951 μὲν
2887 1886 3287 1955 στρατιωτικὸν
3344 1890 3534 1951 ἱππεῖς
3581 1905 3634 1940 τε
3663 1887 3741 1940 καὶ

2187 1970 2342 2035 πεζοὶ
2386 1972 2454 2025 τὰ
2501 1973 2641 2026 κατά
2676 1972 2902 2044 Θρᾴκην
2936 1977 3111 2046 χωρία
3145 1977 3472 2047 ληϊζόμενοι
3517 1979 3742 2047 ἀφορμὰς

2182 2063 2277 2117 τοῦ
2312 2063 2431 2134 βίου
2457 2065 2761 2120 ἐποιοῦντο.
2805 2067 3040 2136 Ὁμοίως
3069 2069 3126 2122 δὲ
3159 2071 3260 2122 καὶ
3304 2071 3641 2141 χειροτέχναι
3668 2069 3743 2122 καὶ

2182 2153 2333 2208 ἄλλοι
2366 2154 2512 2218 ὅσοις
2554 2157 2582 2208 6
2616 2154 2732 2222 βίος
2761 2174 2828 2227 ην
2862 2158 2925 2208 ἐκ
2961 2157 3072 2211 τῶν
3117 2159 3332 2228 χειρῶν
3363 2158 3644 2220 πονοῦντες
3667 2158 3742 2210 καὶ

2181 2246 2573 2316 ἐργαζόμενοι,
2620 2248 2813 2312 διέζων
2866 2249 2972 2302 τῶν
3023 2251 3354 2320 ἀναγκαίων
3386 2249 3738 2322 εὐποροῦντες.

2181 2341 2244 2393 Oi
2277 2341 2431 2410 μέσοι
2460 2341 2518 2394 δέ
2545 2341 2653 2394 τῶν
2693 2341 2928 2395 πολιτῶν
2987 2344 3128 2396 πάνυ
3160 2346 3451 2415 κραταιῶς
3485 2344 3739 2405 ἐπιέζοντο

2180 2432 2284 2486 ὑπὸ
2311 2434 2520 2498 ἐνδείας
2568 2433 2844 2504 μηδεμίαν
2889 2436 3188 2506 οὐδαμόθεν
3223 2439 3496 2510 εὐπορίαν
3529 2437 3740 2507 ἔχοντες.

2181 2524 2280 2578 Διὰ
2313 2524 2487 2579 ταῦτα
2515 2524 2612 2580 οὖν
2646 2527 2858 2581 ἐδέοντο
2901 2529 3168 2599 βασιλέως
3215 2532 3436 2600 βασιλίς
3484 2549 3542 2585 τε
3567 2533 3598 2600 ἡ
3625 2527 3740 2597 γυνὴ

2178 2616 2383 2688 ὁμοίως
2410 2619 2506 2671 καὶ
2529 2621 2578 2672 οἱ
2607 2619 2780 2684 ἄλλοι,
2808 2625 3038 2692 τάχιστα
3071 2625 3406 2695 ἐπανήκειν,
3434 2625 3506 2688 ὡς
3536 2625 3630 2692 τῆς
3656 2622 3738 2675 ati-

2177 2709 2272 2762 τοῦ
2331 2712 2630 2782 ἐπιδημίας
2698 2715 2812 2776 τοῖς
2866 2714 3112 2779 πολίταις
3175 2717 3456 2787 ἐσομένης
3514 2715 3736 2786 μεγάλων

2176 2802 2478 2870 σύμφορῶν
2531 2801 2875 2872 ἀπαλλαγῆς.
2932 2805 3395 2879 Πρωτοστράτωρ
3428 2807 3486 2860 δὲ
3523 2807 3637 2859 ἐπεὶ
3679 2803 3735 2854 τὰ

2175 2893 2489 2964 γράμματα
2523 2895 2757 2962 ἀνέγνω,
2808 2898 3109 2969 περίεργόν
3149 2917 3201 2952 τι
3251 2899 3423 2969 δῆθεν
3463 2899 3624 2953 ποιῶν
3659 2894 3732 2948 καὶ

2175 2987 2462 3056 ἀγχινοίας
2493 2986 2667 3052 ἀξιον,
2705 2988 2890 3042 έπειθε
2921 2989 3012 3042 τὸν
3059 2993 3290 3059 ἄγοντα,
3330 2992 3554 3064 χρυσίον
3585 3007 3732 3058 παρα·

2177 3081 2470 3149 σχόμενος,
2511 3082 2607 3133 καὶ
2659 3081 2824 3134 αὐτὸν
2873 3083 3356 3153 ἐπαγγειλάμενος
3395 3086 3490 3138 καὶ
3528 3083 3730 3140 οἰκείους

491 3163 768 3220 veteranis
821 3176 1138 3226 constantes
1176 3172 1410 3237 scilicet,
1442 3175 1555 3232 Deo
1603 3178 1670 3234 de
1697 3194 1826 3236 cura
1850 3163 1975 3254 er-ga
2013 3199 2070 3240 se

2176 3171 2238 3226 εὖ
2278 3172 2529 3242 ποιήσειν
2560 3187 2575 3202 °
2600 3172 2971 3243 Σηλυϐριανὸς
3011 3176 3120 3246 γὰρ
3144 3172 3210 3247 ἦν
3236 3193 3256 3208 ο
3288 3177 3436 3231 ὥστε
3477 3175 3543 3229 τὰ
3579 3172 3729 3268 γράμῖ

489 3262 546 3306 et
581 3257 871 3314 aversione
908 3262 1060 3327 mali,
1093 3274 1259 3334 atque
1286 3268 1453 3322 etiam
1492 3269 1829 3340 imperatrici
1859 3275 1928 3331 de
1956 3287 2072 3332 stu-

491 3345 584 3399 dio
609 3355 664 3401 et
689 3349 1060 3410 sollicitudine
1085 3369 1212 3426 erga
1243 3357 1392 3426 ipsos
1417 3363 1620 3430 gratias
1661 3365 1907 3435 ingentes
1947 3383 2074 3437 ege-

491 3446 643 3502 runt,
697 3448 754 3494 et
813 3443 888 3497 ob
933 3446 1110 3516 majus
1161 3450 1494 3520 periculum,
1543 3440 1716 3526 '535
1764 3473 1886 3526 qua:
1917 3459 2070 3528 prius

487 3533 678 3590 odiosa
745 3546 801 3592 et
832 3537 1006 3594 invisa
1049 3552 1227 3607 erant,
1260 3545 1518 3604 facillima
1553 3558 1612 3604 et
1654 3551 1946 3606 utilissima
1976 3553 2068 3622 ju-

487 3626 758 3694 dicantes,
789 3629 935 3685 haud
966 3648 1109 3705 aegre
1134 3646 1287 3694 retro
1313 3640 1620 3696 redierunt.
1646 3641 1738 3698 Sic
1763 3643 2069 3712 imperator

488 3734 615 3772 cum
643 3721 759 3776 suis
785 3722 1090 3793 improviso
1117 3729 1429 3787 discrimini
1451 3744 1697 3804 ereptus,
1729 3751 1795 3790 ex
1825 3735 2066 3792 hostium

485 3812 734 3880 nequitia
797 3815 1034 3874 fructum
1096 3823 1243 3892 cepit
1307 3826 1675 3882 uberrimum.
1731 3829 1798 3882 At
1838 3845 2068 3900 magnus

485 3904 621 3970 dux,
655 3916 715 3962 ut
741 3911 957 3981 accepit
980 3927 1108 3968 eum
1147 3915 1442 3972 ducentem
1492 3934 1715 3973 manum
1766 3921 2064 3977 admodum

483 3995 900 4066 despicabilem,
931 4011 988 4058 et
1018 4015 1284 4075 superata
1315 4005 1655 4068 facillimam.
1703 4021 1930 4082 propter
1975 4015 2066 4069 lit-

484 4095 631 4141 teras
661 4104 690 4142 a
721 4105 950 4167 genero.
979 4109 1080 4150 suo
1139 4097 1454 4153 immutatas
1497 4103 1817 4169 revertisse,
1875 4114 2063 4174 aperte

482 4184 821 4250 succensuit,
858 4184 1172 4255 acriterque
1203 4187 1488 4244 hominem
1522 4191 1817 4264 increpuit,
1841 4197 1935 4266 qui
1965 4212 2062 4268 per

478 4272 767 4329 stultitiam
823 4292 978 4331 suam
1032 4278 1182 4334 hosti
1232 4281 1552 4349 profuisset.
1624 4287 1704 4341 Ac
1783 4289 1938 4344 multi
1991 4290 2060 4344 de

478 4362 796 4432 Apocauchi
834 4368 1076 4424 factione
1123 4372 1288 4426 etiam
1327 4373 1384 4428 in
1437 4377 1643 4434 crimen
1680 4379 1895 4434 violatae
1932 4381 2057 4435 fidei

2178 3282 2325 3334 ματα
2357 3259 2847 3338 μεταγραφένταῇ
2884 3265 3037 3336 αὐτῷ
3082 3267 3285 3334 ἐδόκει,
3322 3261 3727 3332 Καντακουζηνῷ

2174 3356 2454 3424 ἀγαγόντα
2485 3359 2820 3426 παρασχεῖν,
2855 3358 3030 3428 μηδὲν
3061 3359 3485 3428 ἀπαγγείλαντα
3514 3361 3614 3411 τῶν
3639 3367 3728 3420 atp-

2174 3449 2491 3517 γασμένων,
2521 3447 2640 3501 ἀλλ’
2665 3450 2741 3513 ὡς
2771 3449 2900 3504 ὄντα
2932 3451 3206 3522 βασιλίδος
3241 3456 3348 3525 τῆς
3379 3451 3644 3522 γυναικός.
3678 3445 3725 3496 Ὃ

2176 3539 2278 3608 μὲν
2323 3535 2417 3594 οὖν
2448 3541 2625 3594 ἐποίει
2653 3543 2796 3595 κατὰ
2821 3543 2890 3597 τὰ
2933 3545 3382 3616 κεκελευσμένα,
3420 3547 3512 3600 καὶ
3544 3556 3728 3609 πρωτο-

2173 3631 2428 3701 στράτωρ
2456 3631 2606 3686 ἀκων
2637 3632 2894 3705 ὠφέλησε
2943 3635 3170 3705 βασιλέα
3215 3656 3278 3693 τε
3327 3641 3421 3694 καὶ
3468 3639 3590 3702 τοὺς
3621 3631 3725 3702 περὶ

2171 3721 2356 3778 αὐτόν.
2403 3721 2489 3784 Ὦς
2519 3722 2629 3794 γὰρ
2655 3725 2724 3776 τά
2775 3741 2838 3778 τε
2881 3727 3192 3797 γράμματα
3226 3729 3623 3799 ἀνεγινώσκετο
3649 3722 3727 3778 καὶ

2170 3813 2368 3882 ἢκουον
2434 3815 2568 3885 περὶ
2621 3815 2724 3884 τῆς
2775 3817 3172 3892 ἐνεδρευούσης
3206 3825 3476 3894 στρατιᾶς
3521 3822 3567 3873 οἱ
3615 3814 3726 3882 περὶ

2171 3904 2417 3974 βασιλέα,
2447 3907 2524 3969 ὠς
2557 3907 2983 3962 πολλαπλασίων
3018 3927 3077 3964 τε
3125 3911 3314 3967 αὐτῶν
3355 3915 3440 3984 εἴη
3488 3913 3578 3965 καὶ
3625 3907 3722 3967 τοῖς

2167 3998 2337 4050 πᾶσιν
2364 3999 2677 4069 ἐρρωμένη,
2706 3995 2797 4054 οἷα
2827 4000 2891 4072 δὴ
2921 4001 3075 4055 οὔπω
3120 4005 3246 4074 χθὲς
3280 4008 3378 4061 καὶ
3421 4003 3608 4074 πρώην
3632 3999 3721 4051 τῶν

2165 4088 2355 4142 οἰκιῶν
2377 4089 2458 4151 είς
2483 4089 2584 4159 τὴν
2617 4093 2917 4161 στρατείαν
2943 4094 3276 4163 ἐξελθόντες,
3306 4096 3426 4168 Θεῷ
3455 4113 3514 4148 τε
3543 4090 3721 4148 πολλὰς

2163 4179 2480 4250 ὡμολόγουν
2509 4183 2740 4253 χάριτας
2761 4184 2860 4254 τῆς
2883 4187 2964 4247 εἰς
2998 4187 3198 4251 αὐτοὺς
3231 4189 3490 4260 προνοίας
3515 4185 3605 4240 καὶ
3628 4180 3717 4235 τῶν

2164 4270 2430 4325 κινδύνων
2450 4273 2548 4342 τῆς
2583 4274 2930 4345 ἀπαλλαγῆς,
2953 4279 3051 4331 καὶ
3114 4278 3349 4347 βασιλίδι
3381 4281 3476 4350 τῆς
3508 4273 3717 4341 σπουδῆς

2161 4364 2260 4416 καὶ
2288 4361 2389 4433 τῆς
2429 4366 2714 4435 φροντίδος
2769 4367 2870 4434 τῆς
2927 4371 3057 4440 περ).
3104 4372 3325 4439 αὐτοὺς,
3377 4373 3472 4425 καὶ
3517 4371 3716 4438 ἄσμενοι

476 4467 935 4524 protostratorem
999 4463 1289 4528 vocabant,
1348 4466 1610 4524 scientem
1669 4473 2057 4543 volentemque

2172 4454 2549 4527 ὅπέστρεφον,
2611 4459 2706 4512 τοῦ
2771 4459 3024 4530 μείζονος
3089 4463 3342 4519 κινδύνου
3390 4464 3458 4518 τά
3505 4454 3715 4528 δυσχερῆ

475 4548 886 4614 Cantacuzeno,
925 4553 1013 4606 cui
1046 4555 1262 4610 occulte
1295 4558 1570 4621 studeret,
1607 4562 1881 4630 profuisse
1925 4580 2059 4620 cono

2172 4547 2432 4619 πρότερον
2473 4549 2568 4603 καὶ
2615 4549 2951 4621 δυσάρεστα,
2982 4555 3157 4625 ῥᾷστα
3189 4558 3286 4610 καὶ
3319 4553 3712 4609 λυσιτελέστατα

475 4636 779 4692 firmantes.
837 4638 890 4692 Is
944 4655 1077 4694 vero
1131 4643 1452 4712 juramento
1511 4647 1861 4718 interposito,
1919 4654 2059 4709 nihil

471 4727 742 4796 ejusmodi
770 4743 829 4782 se
858 4729 1101 4784 voluisse
1133 4734 1517 4799 asseverabat,
1545 4738 1640 4792 sed
1667 4740 1818 4794 velut
1846 4745 2056 4800 caelesti

479 4817 714 4887 quadam
750 4821 800 4873 vi
832 4835 900 4875 eo
932 4822 1229 4891 impulsum
1248 4841 1390 4892 esse,
1415 4842 1542 4884 cum
1574 4843 1791 4901 putaret
1822 4851 1880 4891 se
1913 4837 2058 4892 Can-

473 4923 802 4965 tacuzenum
839 4929 960 4967 cum
1003 4930 1303 4971 numeroso
1352 4920 1742 4980 adventantem
1801 4932 2052 4987 exercitu

471 5002 856 5071 decepturum,
889 5006 934 5060 si
961 5007 1010 5062 ei
1045 5009 1340 5066 terrefacto
1398 5017 1771 5075 reversionem
1823 5039 2053 5092 persua-

469 5092 654 5146 sisset.
711 5094 836 5149 llaec
869 5097 934 5151 ad
976 5099 1124 5154 hunc
1160 5103 1385 5159 modum
1430 5117 1549 5163 acta
1591 5122 1742 5176 sunt,
1772 5124 1829 5168 et
1854 5115 2054 5172 (lauta-

472 5197 721 5238 cuzeuus
760 5187 825 5238 ad
852 5186 1066 5243 Cralem
1097 5206 1155 5246 se
1183 5197 1410 5265 recepit.
1448 5199 1814 5268 Apocauchus
1845 5205 2052 5276 Byzan-

469 5275 606 5329 tium
653 5291 876 5332 cursum
930 5280 1161 5346 reﬂexit,
1208 5300 1373 5355 quem
1416 5291 1604 5346 incola:
1648 5296 1836 5350 multis
1894 5275 2052 5364 plau—

469 5367 623 5423 sibus
656 5378 710 5424 et
743 5373 1011 5428 encomiis
1041 5375 1408 5448 admirandis,
1445 5393 1802 5452 servatorem,
1843 5404 2050 5456 propu-

466 5472 773 5528 gnatorem,
807 5464 1160 5523 liberatorem
1195 5473 1507 5528 vocitantes
1536 5489 1897 5546 exceperunt.
1922 5480 2047 5534 Cir-

2163 4641 2456 4709 φαίνεσθαι
2489 4643 2798 4705 ποιοῦντος.
2825 4644 2983 4699 Οὕτω
3018 4648 3118 4714 μὲν
3148 4645 3242 4702 οὖν
3274 4647 3524 4720 βασιλεύς
3546 4660 3599 4696 τε
3629 4637 3710 4692 καὶ

2161 4737 2210 4787 oi
2234 4735 2372 4803 ἀμφ’
2398 4735 2560 4788 αὐτὸν
2598 4737 3025 4809 ἀπροσδοκήτων
3054 4741 3315 4811 ἐρρύοντο
3347 4738 3616 4797 κινδύνων,
3648 4732 3704 4781 ἐκ

2161 4826 2260 4896 τῆς
2285 4826 2432 4895 παρὰ
2463 4826 2576 4879 τῶν
2622 4827 2898 4897 πολεμίων
2931 4832 3196 4902 πονηρίας
3249 4834 3480 4903 μέγιστα
3521 4823 3709 4894 ὠφελη-

2161 4920 2366 4983 θέντες.
2425 4919 2483 4971 '0
2518 4921 2693 4990 μέγας
2733 4922 2789 4974 δέ
2819 4923 2940 4986 δοὺξ
2967 4924 3293 4994 πυθόμενος,
3323 4925 3396 4988 ὡς
3431 4925 3560 4976 πάνυ
3589 4911 3707 4985 φαύ-

2158 5011 2258 5080 λην
2291 5014 2442 5078 ἄγων
2486 5018 2772 5081 στρατιὰν,
2807 5016 2901 5067 καὶ
2941 5017 2997 5078 ἐς
3025 5018 3092 5070 τὰ
3128 5019 3362 5087 μάλιστα
3389 5009 3704 5081 εὐεπιχείρη’

2154 5120 2246 5166 τος
2296 5102 2393 5169 ὢν,
2421 5104 2820 5176 ἀναστρέψειεν
2849 5109 2914 5160 ἐκ
2944 5110 3054 5161 τῶν
3095 5112 3461 5182 γραμμάτων,
3495 5106 3528 5158 ἃ
3557 5112 3699 5168 μετα⁹

2157 5197 2440 5265 ποιήσειεν
2479 5199 2506 5250 6
2539 5198 2813 5267 γαμϐρὸς,
2859 5200 3064 5270 πολλὴν
3097 5203 3247 5274 αὐτῷ
3289 5203 3460 5269 ἐπῆγε
3493 5191 3695 5266 μέμψιν,

2154 5287 2248 5338 καὶ
2281 5288 2551 5356 ὠργίζετο
2583 5289 2859 5358 φανερῶς,
2889 5291 2971 5341 ὅτι
3008 5291 3099 5343 τὸν
3141 5293 3337 5363 ἐχθρὸν
3365 5290 3422 5353 ἐξ
3463 5277 3696 5338 ἀϐουλίας

2151 5378 2476 5448 ὠφελήσειε.
2528 5379 2723 5432 Πολλοὶ
2772 5381 2830 5434 δὲ
2891 5383 2985 5433 και
3030 5383 3141 5436 τῶν
3189 5385 3254 5438 τὰ
3309 5385 3395 5436 [ea
3434 5370 3690 5449 ᾑρημένων

2162 5471 2512 5544 Ἀποκαύχῳ,
2545 5477 2640 5528 καὶ
2667 5476 2926 5538 ἀπιστίας
2939 5467 3424 5549 ’πρωτοστράτορα
3450 5465 3690 5538 ἐγράφ⁰ν“

463 5565 816 5621 cumquaquc
849 5563 963 5611 tum
1017 5558 1160 5613 fama
1201 5563 1538 5630 percrebuit,
1601 5565 2044 5624 Cantacuzenum

2172 5583 2232 5631 το,
2259 5567 2335 5630 ὡς
2361 5569 2505 5620 ἐκὼν
2534 5563 2678 5621 εἶναι
2722 5569 3180 5640 Καντακουζηνόν
3209 5569 3529 5640 ὠφελήσειεν
3557 5557 3686 5620 ίωίυ⁸

461 5658 532 5696 ne
582 5645 878 5701 audentem
935 5650 1156 5719 quidem
1218 5653 1431 5706 obtueri
1499 5670 1755 5723 magnum
1823 5659 2043 5726 ducem,

461 5739 754 5808 desperata
806 5742 983 5796 salute
1026 5744 1346 5809 revertisse,
1403 5755 1459 5800 et
1506 5747 1570 5802 ad
1604 5759 1854 5804 sanctum
1889 5768 2043 5806 mon-

460 5836 572 5882 tem
652 5831 726 5886 ibi
789 5849 978 5890 revera
1032 5835 1364 5891 monachum
1422 5839 1799 5910 professarum
1887 5847 2039 5903 abire

2149 5663 2428 5733 ριζόμενοι
2455 5661 2644 5732 κρύφα
2677 5661 2746 5715 τὰ
2778 5665 2988 5718 ἐκείνου
3028 5664 3324 5736 ᾑρημένοςο
3377 5659 3435 5711 ’θ
3457 5653 3500 5707 δ’
3527 5652 3684 5750 ὀξέως

2146 5753 2542 5818 διεϐεϐαιοῦτο,
2593 5753 2670 5817 ὡς
2723 5756 2879 5808 οὐδὲν
2932 5756 3082 5826 αὐτῷ
3128 5755 3370 5810 το.οὖτον
3413 5739 3679 5802 συνειδείη»

2151 5845 2268 5901 ἀλλ’
2304 5847 2495 5918 ὥσπερ
2522 5847 2626 5902 ὑπό
2652 5866 2791 5914 τινος
2822 5850 3085 5920 ἀγόμενος
3110 5851 3386 5923 δυνάμεως
3411 5837 3674 5912 κρεῖττονοι
