4014 6426
356 382 499 451 1025

1487 386 2043 450 IllSTORIABUM
2084 387 2319 448 LIBER
2366 389 2479 451 III.

3476 391 3613 458 ιοξδ

352 500 434 560 εἰς
464 497 625 552 τοῦτο
659 496 990 569 προαχθείη·
1038 496 1279 565 νομίζων
1314 496 1570 566 σφάλλειν
1608 498 1924 550 Καντακου-

2032 497 2385 554 constituisse
2413 516 2429 553 :
2456 499 2662 569 alioqui
2707 513 2903 555 secure
2931 514 3040 554 non
3067 500 3365 559 victurum.
3400 506 3617 583 Ubique

356 590 522 658 ζηνὸν
555 591 695 659 μετά
729 589 958 660 βαρείας
986 591 1193 660 ἥκοντα
1244 590 1549 660 δυνάμεως,
1601 590 1651 644 εί
1693 590 1933 643 πείσειεν

356 682 724 751 ἀναστρέφειν
779 682 1117 753 ἐκφοϐήσας.
1187 682 1373 736 Ταῦτα
1439 684 1539 752 μὲν
1598 681 1692 736 οὖν
1741 681 1933 736 τοῦτον

352 773 674 841 ἐπέπρακτο
701 772 794 825 τὸν
821 774 1045 842 τρόπον,
1097 775 1191 826 καὶ
1234 771 1687 839 Καντακουζηνδς
1720 775 1747 825 ὁ
1778 773 1933 842 βασι-

348 863 476 924 λεὺς
503 863 658 927 αὖθις
709 863 791 926 είς
841 864 1068 933 Κράλην
1115 865 1407 933 ἐπανῆκεν.
1454 865 1792 934 ’Δπόκαυχος
1820 864 1876 918 δὲ
1904 865 1932 918 ὁ

354 957 530 1024 μέγας
581 955 709 1019 δοὺξ
741 957 823 1019 είς
864 956 1162 1020 Βυζάντιον
1213 956 1551 1020 ἀπέπλευσε,
1600 962 1693 1008 καὶ
1740 954 1931 1009 ὑπεδέ-

348 1062 503 1115 χοντο
553 1045 719 1098 αὐτὸν
750 1046 802 1098 oi
851 1047 908 1098 ἐν
959 1046 1239 1116 Βυζαντίῳ
1286 1047 1431 1114 μετὰ
1467 1047 1679 1115 κρότων
1715 1044 1928 1100 πολλῶν

348 1139 443 1189 καὶ
471 1135 797 1204 θαυμασίων
851 1137 962 1191 τῶν
1007 1136 1329 1206 ἐγκωμίων,
1361 1140 1604 1209 σωτῆρα,
1644 1137 1742 1191 καὶ
1787 1136 1928 1204 πρό-

349 1246 550 1299 μαχον,
596 1231 689 1284 καὶ
726 1230 1100 1300 ἐλευθερωτὴν
1128 1230 1556 1293 ἀποκαλοῦντες.
1592 1233 1929 1301 Περιηγγέλ-

347 1321 472 1372 λετό
502 1338 560 1372 τε
593 1322 960 1390 πανταχόθεν,
1013 1323 1089 1385 ὡς
1138 1323 1601 1392 Καντακουζηνὸς
1628 1325 1739 1375 οὐδ’
1781 1326 1929 1376 ἀντι-

350 1412 550 1479 ϐλέψαι
583 1412 839 1480 δυνηθεὶς
886 1413 1023 1484 πρὸς
1058 1416 1235 1483 μέγαν
1257 1414 1449 1479 δοῦκα,
1489 1414 1797 1484 ὑπέστρενζιε
1832 1413 1932 1483 τῆς

348 1502 557 1563 οἰκείας
588 1503 866 1571 σωτηρίας
926 1504 1205 1571 ἀπογνοὺς
1226 1544 1242 1569 ,
1271 1506 1367 1556 καὶ
1406 1504 1500 1555 ἐπὶ
1529 1504 1591 1555 τὸ
1639 1505 1780 1572 ἱερὸν
1807 1501 1932 1572 ὅρος

2034 589 2173 655 item.
2203 587 2330 643 festi
2371 589 2491 643 dies
2520 588 2593 644 ob
2627 599 2738 645 tam
2779 589 2936 644 laetos
2967 590 3190 645 nuntios
3214 590 3615 652 indicebantur.

2031 680 2204 735 Porro
2246 696 2477 751 magnus
2505 681 2615 737 dux
2659 697 2769 736 non
2808 682 2984 737 multo
3028 693 3153 752 post
3202 682 3455 740 Cbnmno
3509 705 3621 743 ma-

2030 787 2135 842 gno
2160 773 2622 842 stratopedarcbz
2651 773 2842 829 datum
2895 775 3049 843 pacis
3075 776 3371 831 Consilium
3413 787 3472 834 ut
3512 782 3620 834 cri—

2034 879 2160 918 men
2212 865 2557 934 exprobrans
2601 868 2726 930 (nec
2783 865 2930 919 enim
2982 865 3267 936 ignorabat
3317 870 3449 937 quid
3492 887 3617 927 cum

2035 955 2282 1026 Augusta
2345 955 2597 1026 egisset),
2634 956 2690 1011 in
2741 958 2862 1027 ejus
2905 957 3079 1027 ipsius
3132 957 3297 1013 domo
3342 975 3468 1014 cum
3509 962 3621 1017 lilio

2037 1061 2165 1101 eum
2205 1046 2452 1113 inclusit,
2479 1056 2533 1101 et
2555 1048 2696 1103 adiri
2734 1049 2927 1104 vetuit.
2956 1049 3163 1104 Deinde
3193 1050 3616 1107 Constantinum

2037 1154 2258 1208 quoque
2291 1140 2533 1196 Asauem
2575 1156 2699 1194 cum
2738 1140 2874 1203 tilio,
2901 1139 3120 1210 dignam
3158 1141 3305 1195 illam
3337 1143 3442 1199 illis
3476 1160 3619 1199 mer-

2032 1231 2225 1286 cedem
2278 1231 2608 1301 rependens,
2658 1234 2805 1301 quod
2858 1235 2924 1290 ad
2977 1247 3181 1292 tantam
3234 1237 3614 1291 Romanorum

2032 1321 2335 1389 perniciem
2379 1323 2739 1378 administros
2789 1340 2848 1379 se
2904 1326 3007 1396 ipsi
3064 1328 3449 1397 praebuissent.
3483 1327 3614 1381 Post

2030 1408 2190 1475 alios,
2220 1414 2387 1468 veluti
2420 1413 2660 1480 ﬂamma,
2686 1431 2809 1485 quae
2832 1434 3049 1487 semper
3072 1419 3340 1489 quidquid
3367 1418 3609 1488 attingit,

2031 1505 2349 1574 depascitur
2379 1516 2435 1560 et
2459 1510 2753 1563 consumit.

347 1593 602 1660 ἀφίξεται
635 1593 804 1656 ὅντως
842 1595 1093 1665 μοναχῶν
1123 1597 1312 1666 σχῆμα
1335 1597 1722 1668 ἐνδυσόμενος·
1755 1596 1931 1659 ἄλλως
1965 1596 2077 1667 γὰρ
2102 1600 2202 1651 οὐκ
2230 1598 2298 1653 ἂν
2359 1598 2579 1665 ἐξέσται
2605 1604 2898 1671 περιεῖναι.
2932 1602 3043 1657 Καὶ
3072 1604 3257 1673 ἑορταὶ
3321 1602 3601 1672 πανταχοῦ

349 1688 776 1760 συνεκροτοῦντο
808 1690 917 1744 τῶν
985 1691 1322 1759 εὐαγγελίων
1362 1692 1546 1748 ἕνεκα.
1621 1692 1683 1746 '0
1712 1693 1888 1761 μέγας
1931 1691 1991 1746 δὲ
2027 1692 2153 1759 δοὺξ
2208 1692 2373 1762 ὀλίγῳ
2441 1693 2671 1766 ὕστερον
2744 1697 2965 1769 μεγάλῳ
3031 1698 3478 1769 στρατοπεδάρχῃ
3525 1698 3605 1767 τῷ

346 1790 587 1858 Χούμνῳ
659 1785 760 1855 τὴν
816 1789 955 1858 πρὸς
1015 1787 1465 1860 Καντακουζηνδν
1539 1788 1926 1859 βουλευθεῖσαν
1962 1790 2212 1861 εἰρήνην,
2274 1789 2351 1855 ὣς
2380 1809 2432 1845 τι
2470 1792 2725 1864 ἔγκλημα
2757 1796 3113 1858 ἐπικαλέσας·
3156 1796 3217 1848 ού
3260 1795 3368 1866 γὰρ
3429 1796 3614 1851 διέλα-

352 1887 451 1939 θεν
517 1890 701 1955 αὑτὸν,
736 1891 773 1947 ἃ
808 1893 945 1963 πρὸς
981 1893 1232 1962 βασιλίδα
1281 1892 1545 1964 πρότερον
1609 1893 1822 1962 εἰρήκει
1865 1890 2131 1963 περὶτῆς
2182 1892 2447 1963 είρήνης·
2475 1893 2829 1947 κατέκλεισεν
2882 1892 3046 1947 αὐτόν
3084 1911 3144 1946 τε
3196 1894 3289 1946 καὶ
3336 1893 3428 1947 τὸν
3481 1893 3597 1947 υἱὸν

353 1979 617 2051 ἀπρὸϊτον
651 1986 732 2046 εἰς
764 1986 866 2055 τὴν
892 1986 1096 2040 οίκίαν.
1129 1984 1266 2039 Μετ’
1297 1987 1504 2039 ἐκεῖνον
1545 1984 1604 2038 δέ
1636 1984 1732 2038 καὶ
1799 1984 2039 2053 Ἀσάνην
2061 1984 2154 2037 τὸν
2218 1986 2631 2038 Κωνσταντῑνον
2666 1987 2761 2040 καὶ
2787 1988 2877 2040 τὸν
2946 1985 3061 2038 υίόν
3085 2002 3100 2017 ⁸
3131 1987 3226 2038 καὶ
3254 1984 3414 2051 ἀξίας
3474 1986 3610 2038 ἀπε-

347 2077 565 2132 τίννυον
600 2079 785 2144 αὐτοῖς
827 2080 1173 2148 ἀντιμισθίας
1215 2081 1308 2134 τοῦ
1354 2081 1491 2152 πρὸς
1555 2081 1653 2152 τὴν
1717 2080 1988 2151 τοσαύτην
2025 2081 2135 2133 τῶν
2174 2082 2466 2151 Ῥωμαίων
2497 2083 2704 2154 φθορὰν
2747 2082 2896 2154 αὐτῷ
2928 2082 3289 2152 συνάρασθαι.
3338 2077 3469 2136 Εἶτα
3504 2083 3601 2135 καὶ

344 2174 473 2237 τοὺς
502 2173 694 2237 ἄλλους
741 2173 920 2245 ἐπῄει,
953 2174 1143 2245 ὥσπερ
1175 2174 1304 2246 φλὸξ
1344 2175 1430 2229 ἀεὶ
1458 2175 1569 2229 τῶν
1628 2174 2105 2245 προσαπτομένων
2136 2174 2645 2247 ἐπιλαμϐανομένη.
2690 2210 2693 2215 -

1693 2329 1857 2401 533
1892 2325 2122 2384 CAPUT
2163 2326 2300 2386 LVI.

349 2452 538 2526 Cantia
566 2452 749 2509 Irenes
780 2455 1139 2526 imperatricis
1179 2452 1639 2526 magnanimitatis
1669 2449 1849 2526 plena.
1880 2449 1960 2502 Ad
2003 2448 2372 2526 Alexandrttm
2409 2449 2690 2526 Moesorum
2741 2468 2916 2522 regem
2961 2452 3024 2506 de
3052 2454 3303 2526 societate
3343 2452 3537 2523 legat'o
3560 2462 3612 2507 et

420 2523 559 2594 falsa
601 2518 899 2594 promissio,
929 2528 1082 2579 certis
1110 2529 1172 2579 de
1201 2518 1397 2577 caesis.
1443 2518 2156 2594 Alexarider_Caittacuzer_ti
2207 2520 2755 2594 reditnnsjmpedire,
2801 2518 3029 2594 eumque
3081 2524 3315 2576 occidere
3362 2518 3609 2577 conatur.

419 2587 708 2650 Calliditas
736 2596 791 2647 in
822 2587 894 2648 cor
921 2597 984 2649 iis
1020 2595 1447 2661 Didymotichum
1487 2592 1678 2645 missis.
1728 2587 1922 2643 Fames
1962 2591 2376 2658 Oppidanorum.
2412 2587 2691 2645 Mwsorum
2725 2587 3112 2715 ducumcjrans.
3143 2594 3288 2646 illaesi
3329 2596 3517 2648 nolunt
3545 2596 3610 2646 ab

419 2666 545 2715 urbe
572 2666 826 2715 recedere.
857 2614 1102 2715 EPniscom'
1134 2664 1428 2715 cohortatio
1458 2672 1505 2715 et
1532 2658 1837 2715 vrtedictio:
1866 2658 1989 2712 item
2026 2659 2246 2715 epistola
2299 2661 2367 2713 ad
2385 2661 2756 2715 Anocauchum
2791 2679 2882 2715 ora
2950 2673 3275 2715 antawzeno
3308 2664 3610 2715 ctauwdam

417 2666 545 2718 urbe
572 2666 826 2720 recedere.
857 2658 1102 2734 Episcopi
1129 2658 1428 2718 cohortatio
1458 2672 1505 2715 et
1531 2658 1837 2731 praedictio;
1866 2658 1989 2712 item
2026 2659 2246 2781 epistola
2299 2661 2367 2713 ad
2385 2661 2756 2729 Apocauchum
2790 2679 2882 2731 pro
2904 2658 3275 2717 Cantacnzeno
3308 2664 3612 2733 etqua’dam

417 2736 690 2781 vaticinia-
752 2735 895 2781 ιιωεί
954 2737 1238 2781 Persarum
1270 2734 1497 2781 adventu
1548 2730 1719 2781 territi
1762 2728 1992 2781 fuaiunt.
2070 2729 2249 2781 lorum
2315 2740 2594 2781 satrapam
2651 2732 2930 2781 Amurinm
2988 2742 3044 2781 ut
3094 2732 3247 2781 Irene
3296 2734 3612 2781 imneratria:

417 2736 690 2789 vaticinia.
748 2728 914 2788 Moesi
952 2728 1238 2788 Persarum
1270 2734 1497 2804 adventu
1531 2728 1719 2783 'territi
1760 2728 1992 2804 fugiunt.
2049 2728 2249 2804 Eorum
2315 2728 2594 2804 satrapam
2651 2728 2930 2784 Amurinm
2988 2732 3247 2804 ntglrene
3296 2728 3615 2804 imperatrix

418 2805 699 2875 acceperit.
739 2805 991 2875 Ejusdem
1023 2820 1176 2859 arnor
1208 2805 1263 2857 in
1304 2801 1739 2858 Cantacuzenum
1771 2808 1819 2851 et
1851 2798 2165 2852 moderatio.
2206 2797 2480 2854 Transitus
2503 2816 2600 2871 per
2631 2817 2839 2856 murum
2866 2802 3008 2870 apud
3039 2797 3433 2871 Christopolim.

419 2941 483 2992 Οἱ
514 2940 573 2993 ἐν
611 2938 977 3009 Διδυμοτείχῳ
1025 2939 1083 2991 δέ
1114 2937 1429 3006 πυθόμενοι,
1474 2934 1550 2997 ὡς
1598 2930 1753 2995 αὖθις
1791 2933 1922 2985 ὑπο-

2096 2934 2199 3001 Qui
2236 2934 2609 3005 Didytnotirhi
2643 2947 2802 2992 erant
2830 2978 2844 3003 ,
2881 2937 2976 2992 ubi
3007 2949 3388 3004 cognoverunt
3438 2940 3613 3011 impe-

350 3031 638 3102 στρέψειεν
660 3035 686 3084 ό
709 3031 962 3103 βασιλεὺς
988 3033 1067 3093 είς
1089 3028 1414 3099 Τριϐαλοὺς,
1442 3026 1591 3080 δεινά
1614 3025 1918 3089 ἐποιοῦντο,

350 3126 449 3177 καὶ
480 3124 712 3196 θορύϐου
750 3120 891 3196 ἦσαν
936 3122 1132 3192 μεστοὶ
1162 3123 1259 3176 καὶ
1302 3119 1571 3191 ταραχῆς.
1613 3116 1925 3186 Αῐσθομὲνη

344 3217 404 3273 δὲ
440 3221 472 3286 ἡ
517 3216 732 3287 βασιλὶς
786 3218 1013 3288 Ειρήνη,
1065 3216 1163 3268 xal.
1211 3213 1398 3285 μεῖζον
1435 3208 1918 3281 ἐπιδειξαμένη.ἢ

348 3309 495 3362 κατὰ
556 3308 868 3376 γυναικεῖον
916 3306 1200 3378 φρόνημα,
1231 3302 1516 3357 συνεκάλει
1565 3302 1792 3362 πάντας,
1826 3300 1922 3352 καὶ

343 3400 581 3471 παρῄνει
611 3399 687 3469 μὴ
710 3400 779 3453 τὰ
806 3400 1157 3470 πραττόμενα
1176 3396 1431 3468 ἡγεῖσθαι
1459 3393 1566 3447 τῶν
1596 3392 1735 3461 ἄγαν
1755 3390 1927 3444 δεινο-

342 3493 560 3546 τάτων·
603 3493 733 3554 ίσως
764 3492 873 3563 γάρ
923 3508 1004 3546 τοι
1059 3491 1264 3559 μᾶλλον
1309 3489 1374 3544 ἂν
1423 3487 1567 3542 οὓτω
1621 3484 1923 3539 λυσιτελεῖν

342 3583 519 3648 δόξειε
551 3583 694 3653 Θεῷ,
731 3582 951 3637 ἐκέλευέ
984 3598 1042 3634 τε
1077 3580 1478 3643 διανίσταοθαι,
1513 3579 1606 3632 καὶ
1643 3576 1718 3646 μὴ
1748 3592 1922 3628 κατα-

344 3675 591 3739 πίπτειν,
617 3674 691 3735 rb;
718 3671 930 3727 πολλῶν
956 3674 1049 3725 καὶ
1072 3670 1324 3741 μεγάλων
1346 3668 1579 3722 ἐλπίδων
1603 3666 1682 3718 ἔτι
1704 3665 1921 3718 ὑπολει-

345 3765 624 3836 πομένων.
652 3763 888 3816 Βασιλέα
918 3762 1029 3833 γὰρ
1062 3761 1202 3831 πρὸς
1229 3761 1329 3830 τὴν
1374 3756 1639 3811 ἐπάνοδον
1668 3756 1769 3808 οὐκ
1815 3758 1925 3806 ἀπ-

343 3856 692 3929 αγορεύσειν,
731 3855 849 3909 ἀλλ’
877 3854 1029 3925 ἥξειν
1071 3870 1131 3907 τε
1170 3853 1307 3923 μετὰ
1345 3849 1565 3921 μικρὸν,
1593 3848 1687 3902 καὶ
1715 3849 1815 3917 τῆς
1844 3847 1955 3909 είς,

347 3951 512 4003 αὐτὸν
543 3948 779 4011 εὐνοίας,
818 3948 915 4000 καλ⁸
956 3947 1055 4013 τῆς
1082 3943 1329 4014 ἀνδρίας,
1361 3943 1456 3995 καὶ
1487 3942 1583 4010 τῆς
1625 3936 1923 4010 καρτερίας

347 4038 685 4111 ἀμείψεσθαι
712 4036 901 4100 ἀξίως.
937 4036 1049 4089 Καὶ
1074 4036 1282 4096 τούτοις
1319 4034 1430 4095 τοῖς
1451 4031 1633 4098 λόγοις
1656 4029 1927 4085 ἀνεκτᾶτο

350 4148 415 4185 τε
465 4132 526 4184 οὐ
583 4130 844 4201 μετρίως,
889 4128 986 4181 καλ⁸
1024 4126 1366 4198 χρηστότερα
1406 4123 1649 4186 ἐλπίζειν
1684 4120 1924 4175 ἔπειθεν.

2026 3032 2266 3079 ratorem
2322 3026 2508 3082 denuo
2567 3027 2635 3081 ad
2709 3027 2980 3083 Triballos
3054 3029 3326 3092 rediisse,
3382 3032 3614 3086 moleste

2029 3115 2316 3179 tulerunt.
2373 3119 2642 3173 tumultus
2710 3133 2775 3175 ac
2830 3118 3218 3189 trepidationis
3296 3121 3465 3192 pleni.
3553 3123 3611 3177 Id

2031 3208 2282 3261 sentiens
2339 3207 2498 3262 lrcne
2527 3209 2846 3278 imperatrix
2876 3250 2890 3275 ,
2925 3211 3284 3281 animumque
3354 3229 3417 3268 ac
3448 3214 3613 3283 Spiri-

2028 3306 2142 3351 tum
2176 3316 2342 3370 supra
2371 3316 2562 3354 sexum
2596 3317 2795 3370 gerens
2826 3342 2839 3365 ,
2876 3305 3145 3358 concione
3178 3305 3447 3361 advocata
3482 3307 3612 3362 bor-

2029 3394 2195 3453 tatur,
2240 3404 2309 3443 ne
2362 3401 2690 3458 praesentem
2761 3402 2968 3448 statum
3024 3410 3123 3463 pro
3173 3396 3615 3466 deploratissimo

2030 3478 2272 3533 habeant
2298 3496 2314 3545 ;
2349 3479 2605 3535 fortassis
2636 3481 2781 3534 enim
2813 3481 2926 3536 Deo
2956 3482 3129 3537 videri
3165 3484 3245 3539 sic
3274 3485 3446 3556 magis
3473 3501 3610 3541 con-

2028 3567 2234 3623 ducere
2265 3586 2278 3635 ;
2311 3584 2421 3623 non
2454 3570 2828 3626 demittendos
2856 3610 2872 3636 ,
2924 3573 3019 3626 sed
3050 3573 3346 3643 erigendos
3372 3576 3611 3643 animos,

2022 3666 2221 3727 (utpote
2253 3659 2421 3711 multa
2486 3667 2543 3714 et
2569 3676 2763 3730 magna
2832 3677 2928 3731 spe
2958 3662 3142 3718 adhuc
3174 3665 3405 3735 reliqua.
3440 3666 3613 3734 [mpe-

2026 3758 2265 3803 ratorem
2305 3750 2455 3848 enim
2489 3767 2601 3806 non
2642 3753 2985 3809 tardaturum
3012 3756 3067 3811 in
3102 3757 3307 3823 reditu,
3341 3760 3614 3829 pauloque

2027 3849 2149 3906 post
2196 3841 2545 3909 aﬂ’utu'rum,
2578 3855 2635 3899 et
2677 3860 2869 3899 eorum
2925 3848 2980 3901 in
3038 3862 3097 3903 se
3142 3847 3611 3920 benevolentiam,

2028 3931 2416 3988 fortitudinem
2480 3950 2544 3990 ac
2600 3937 2945 3991 tolerantiam
2992 3954 3093 4007 pro
3142 3940 3403 4010 dignitate
3457 3955 3609 3996 cem-

2031 4034 2424 4093 pensaturum.
2458 4027 2778 4082 Istiusmodi
2815 4028 3002 4083 verbis
3031 4028 3235 4086 milites
3265 4032 3349 4085 illa
3380 4033 3611 4088 mirillce

2026 4114 2359 4179 recreabat,
2397 4124 2452 4170 et
2486 4115 2553 4170 ad
2599 4117 2847 4171 feliciora
2897 4122 3167 4187 speranda
3216 4123 3607 4177 exsuscitabat.

360 4223 646 4277 Ἐδόκειδὲ
671 4224 782 4275 δεῖν
821 4221 975 4290 κοινῇ
1018 4217 1454 4288 βουλευομένοις,
1486 4216 1582 4268 καὶ
1618 4213 1919 4284 πρεσϐείαν

2031 4204 2323 4259 Decretum
2360 4217 2445 4261 est
2478 4222 2645 4276 porro
2698 4209 2977 4262 communi
3011 4210 3286 4264 sententia
3311 4249 3326 4275 ,
3371 4210 3609 4265 Alexan-

349 4321 491 4387 πρὸς
519 4315 869 4384 Ἀλέξανδρον
895 4281 985 4365 τιῖθ
1017 4281 1259 4382 βασιλέα,
1274 4308 1477 4363 Μυσῶν
1497 4281 1791 4368 ποιεῖσθαι,
1823 4303 1919 4357 καὶ

2027 4298 2186 4355 drum
2237 4316 2419 4372 regem
2456 4301 2752 4357 Mmsorum
2787 4318 2884 4371 per
2940 4303 3147 4372 legatos
3195 4303 3606 4374 appellandum,

348 4407 627 4475 συνθήκας
670 4404 915 4458 τίθεσθαι
962 4403 1058 4455 ἐπὶ
1112 4401 1323 4463 τούτοις
1368 4398 1505 4469 πρὸς
1544 4397 1730 4461 αὐτὸν,
1777 4394 1920 4448 ὥστε

350 4500 647 4569 σύμμαχον
686 4500 869 4561 αὐτοῖς
904 4491 1044 4573 εἶναι
1078 4494 1176 4549 καὶ
1214 4493 1391 4563 φίλον,
1433 4494 1530 4545 καὶ
1570 4491 1787 4561 βοηθεῖν
1828 4490 1922 4542 ἐπὶ

350 4592 481 4651 τοὺς
518 4590 832 4659 πολεμίους,
870 4589 966 4641 καὶ
1007 4586 1234 4657 μηδενὸς
1272 4584 1495 4654 ἀμελεῖν
1534 4580 1609 4635 ὧν
1652 4577 1922 4652 προσήκει

352 4685 497 4754 φίλῳ
551 4684 690 4753 πρὸς
733 4681 968 4744 αὐτούς·
1007 4678 1109 4732 κᾶν
1148 4677 1245 4749 μὲν
1291 4674 1561 4749 ἐπανέλθῃ
1611 4674 1862 4747 βασιλεὺς
1894 4676 1921 4727 ὁ

346 4773 832 4842 Καντακουζηνὸς,
891 4772 1057 4825 αὐτὸν
1103 4768 1252 4840 αὑτῷ
1316 4769 1417 4838 τῆς
1470 4769 1789 4839 συμμαχίας
1828 4764 1921 4819 καὶ

340 4868 445 4936 τῆς
485 4866 668 4933 φιλίας
727 4864 824 4926 τὰς
872 4864 1107 4933 χάριτας
1146 4862 1399 4917 ἐκτίνειν.
1438 4862 1500 4914 Εί
1548 4859 1604 4912 δὲ
1655 4857 1918 4928 συμϐαίη,

340 4958 376 5025 ἢ
413 4958 639 5026 πολέμῳ
666 4955 701 5026 ἢ
733 4953 905 5023 ἑτέρῳ
936 4952 1123 5022 τρόπῳ
1147 4954 1277 5023 πρὶν
1306 4950 1608 5019 ἐπανήκειν
1637 4947 1919 5016 τελευτᾷν,

344 5049 496 5119 αύτῴ
514 5047 611 5119 τὴν
628 5048 782 5100 πόλιν
803 5043 1178 5115 παραδιδόναι,
1197 5045 1291 5095 καὶ
1325 5043 1424 5112 τῆς
1463 5041 1638 5111 ἀρχῆς
1683 5039 1919 5108 ἀφίστα-

347 5141 473 5193 σθαι
487 5137 796 5208 Ῥωμαίων.
823 5137 995 5189 Τοῦτο
1010 5135 1068 5189 δέ
1114 5135 1212 5205 οὐχ
1228 5132 1369 5186 οὕτω
1394 5132 1490 5186 καὶ
1506 5131 1719 5202 ἀληθῶς
1737 5132 1922 5193 αὐτοῖς

344 5230 592 5284 ἐδέδοκτο
649 5230 859 5282 ποιεῖν·
926 5225 1061 5281 ἀλλά
1111 5222 1429 5293 φενακίζειν
1481 5221 1784 5292 ἐπειρῶντο
1827 5221 1920 5274 τὸν

346 5322 533 5378 Μυσὸν
559 5321 722 5376 ἕνεκα
760 5321 905 5374 δυοῖν
924 5336 940 5351 ·
972 5318 1065 5372 τοῦ
1104 5334 1161 5371 τε
1191 5316 1355 5369 αὐτὸν
1381 5317 1480 5385 τῆς
1515 5312 1727 5376 ἐλπίδος
1756 5312 1919 5365 ἕνεκα

345 5413 532 5476 αὐτοῖς
573 5413 844 5484 ὠφέλειάν
901 5429 1023 5465 τινα
1080 5408 1363 5480 παρέχειν,
1400 5406 1616 5460 καὶτοῦ
1666 5404 1917 5476 βασιλίδα

340 5505 447 5576 ’τὴν
470 5506 670 5558 Ἀνναν
692 5506 787 5559 καὶ
802 5503 1107 5574 Ῥωμαίους
1126 5501 1254 5564 τοὺς
1271 5499 1470 5560 αὐτοὺς
1496 5496 1917 5567 πολιορκοῦντας

344 5598 709 5668 πυθομένους,
736 5598 811 5660 ὡς
833 5597 1135 5666 συμϐάσεις
1157 5595 1288 5663 περὶ
1313 5589 1673 5662 παραδόσεως
1698 5587 1917 5642 ποιοῦν·

342 5707 435 5743 ται
486 5690 621 5760 πρὸς
660 5689 906 5753 Μυσοὺς,
946 5689 1022 5760 μὴ
1055 5688 1177 5741 λίαν
1228 5680 1595 5744 ἐπιτίθεσθαι,
1632 5680 1748 5734 ἀλλ’
1778 5680 1913 5733 ἁνα-

342 5784 529 5853 κωχὴν
559 5799 681 5836 τινα
718 5782 998 5853 παρέχειν,
1033 5780 1271 5843 δεδιότας
1301 5779 1374 5848 μὴ
1408 5775 1474 5830 δι’
1506 5773 1675 5846 ὀργὴν
1695 5773 1831 5843 σφᾶς
1855 5787 1913 5824 τε

2027 4401 2084 4448 et
2114 4410 2237 4449 cum
2292 4410 2359 4448 eo
2393 4394 2575 4448 {aedos
2629 4395 2703 4448 ita
2735 4394 3045 4449 feriendum
3075 4435 3090 4459 ,
3126 4404 3184 4449 ut
3232 4395 3476 4463 ipsorum
3515 4409 3610 4447 so-

2027 4483 2149 4538 cius
2181 4495 2237 4539 et
2262 4484 2476 4539 amicus
2525 4494 2696 4549 esset,
2729 4502 2879 4539 arma
2909 4487 3286 4553 coniungeret,
3314 4492 3370 4538 et
3392 4485 3606 4539 nullum

2024 4576 2280 4629 amicitia:
2324 4592 2527 4630 munus
2597 4575 2955 4646 officiumque
3008 4590 3118 4630 non
3192 4584 3521 4645 praestaret:
3554 4583 3610 4628 et

2028 4675 2090 4721 ut
2149 4668 2573 4723 (iantacuzenus
2612 4669 2913 4737 imperator
2964 4667 3136 4722 redux
3186 4669 3301 4737 ipse
3346 4667 3395 4721 ei
3446 4666 3609 4736 hujus

2024 4760 2280 4814 amicitiae
2343 4760 2732 4829 societatisque
2778 4761 3062 4830 prmmium
3116 4759 3466 4829 persolveret.
3512 4757 3607 4811 Sin

2024 4866 2150 4905 eum
2183 4860 2277 4903 aut
2309 4851 2363 4903 in
2397 4866 2579 4921 pugna
2606 4891 2620 4915 ,
2653 4863 2747 4905 aut
2796 4851 2957 4905 aliter
2989 4858 3115 4904 ante
3166 4849 3401 4902 reditum
3432 4850 3605 4902 emori

2025 4942 2392 5012 contigisset,
2422 4944 2548 5012 gipsi
2581 4942 2713 4996 urbs
2744 4942 3187 5013 Didymotichum
3215 4981 3229 5003 ,
3276 4941 3343 4994 ab
3376 4941 3611 5008 imperio

2023 5032 2271 5088 Romano
2299 5045 2603 5105 segregata.
2626 5034 2954 5088 traderetur.
2978 5032 3135 5098 Quod
3159 5030 3381 5103 quidem
3416 5044 3605 5085 revera

2024 5127 2211 5181 facere
2243 5127 2386 5180 inter
2434 5141 2494 5180 se
2531 5142 2640 5179 non
2670 5135 3018 5192 statuerant;
3049 5125 3143 5180 sed
3172 5139 3298 5178 eum
3330 5121 3605 5177 ludiﬁcari

2021 5218 2236 5273 duabus
2283 5218 2351 5272 de
2405 5219 2589 5273 causis
2643 5219 3030 5280 attentabant,
3089 5227 3202 5273 tum
3255 5227 3316 5272 ut
3358 5216 3462 5270 hac
3508 5230 3604 5284 spe

2022 5311 2240 5366 illectus
2264 5351 2279 5376 ,
2315 5311 2500 5380 aliquo
2556 5311 2688 5380 ipsis
2731 5311 2935 5365 auxilio
2985 5318 3361 5374 succurreret,
3399 5317 3511 5363 tum
3546 5319 3604 5364 ut

2019 5402 2175 5457 Anna
2198 5401 2541 5471 Augusta,et
2574 5401 2808 5456 Romani
2839 5402 2934 5471 qui
2959 5401 3311 5463 obsidebant,
3342 5399 3602 5454 obsessos

2020 5493 2089 5547 de
2142 5493 2275 5548 urbe
2304 5493 2567 5549 tradenda
2628 5508 2753 5548 cum
2808 5493 2990 5548 Mmsis
3038 5492 3243 5562 pacisci
3292 5491 3598 5555 audientes,

2023 5588 2247 5657 segnius
2306 5587 2615 5652 instarent,
2671 5585 3028 5655 induciasqne
3080 5584 3485 5647 concederent,
3537 5584 3604 5637 ti-
3712 5628 3717 5633 .

2027 5688 2241 5733 mentes
2272 5692 2339 5731 ne
2376 5678 2453 5731 ira
2492 5678 2810 5733 stimulante
2832 5718 2846 5744 ,
2879 5693 3045 5746 seque
3079 5688 3134 5733 et
3168 5676 3430 5746 oppidum
3465 5673 3599 5731 Μω-

2024 5770 2100 5825 sis
2132 5768 2415 5825 dederent.
2445 5767 2568 5824 'llac
2600 5768 2676 5824 illi
2719 5779 2904 5825 mente
2951 5769 3128 5825 foedus
3158 5769 3366 5824 libente
3397 5768 3601 5825 Moeso-
