4014 6422
334 365 472 430 1023

1458 361 2008 426 HISTORIARUM
2050 359 2286 420 LIBER
2330 357 2447 417 lli.

3453 352 3593 420 10:0

336 479 770 551 ἀναστήσεσθαι,
799 480 933 536 ἀλλὰ
954 480 1220 552 διηνεκῶς
1253 478 1441 535 αὐτόθι
1475 479 1660 549 μενεῖν
1685 478 1906 529 ἐπικου·

2036 470 2108 526 iic
2158 471 2293 526 fiunt
2318 511 2332 534 ,
2381 471 2566 526 omnia
2602 469 2791 525 divino
2824 477 2959 524 nutu
2997 466 3110 525 fieri
3141 511 3154 535 ,
3188 477 3243 524 et
3273 464 3589 538 huiusmodi

339 575 610 644 ροῦνταςο
658 574 802 628 οὕτω
849 574 958 645 γὰρ
1007 574 1191 636 αὐτοῖς
1247 568 1386 625 εἶναι
1425 567 1910 642 προστεταγμένον

336 667 488 735 παρὰ
529 665 795 736 βασιλέως
825 665 921 719 τοῦ
952 666 1241 737 σφετέρου.
1277 663 1344 719 Ἢ
1373 664 1597 734 τοιαύτη
1628 663 1683 716 δὲ
1719 662 1918 715 ἀπολο-

332 758 430 828 γία
486 758 689 828 πολλὴν
746 758 970 812 ἐνέὄαλε
1015 756 1264 828 ταραχὴν
1317 757 1413 810 καὶ
1463 756 1654 809 πτοίαν
1712 756 1825 815 τοῖς
1854 755 1914 806 ἐν

331 850 736 920 Διδυμοτείχῳ·
779 851 882 922 ήδη
926 851 1037 921 γὰρ
1088 851 1273 911 αὐτοῖς
1312 847 1566 916 ἐφαίνετο
1616 847 1644 899 ὁ
1689 844 1913 914 ὄλεθρος

334 941 603 993 ἐλλείπων
639 941 759 993 κατ’
796 942 973 994 οὐδέν.
1021 940 1078 993 '0
1120 939 1177 992 δὲ
1226 939 1325 1006 τῆς
1359 938 1570 999 πόλεως
1618 934 1914 1006 ἀρχιερεὺς

335 1032 478 1102 δρῶν
499 1032 599 1102 ἤδη
626 1034 1049 1102 κλονουμένους,
1074 1032 1167 1085 καὶ
1186 1032 1324 1101 πρὸς
1356 1031 1454 1098 τὴν
1478 1027 1785 1099 ὑπερϐολὴν
1816 1026 1914 1095 τῆς

336 1124 678 1195 δυσπραγίας
758 1126 1093 1188 ἐνδιδόντας,
1154 1141 1250 1183 πα,
1272 1122 1442 1176 ἐλθὼν
1519 1122 1598 1183 είς
1657 1119 1858 1189 μέσους
1889 1156 1905 1180 ,

336 1217 752 1289 παρεθάρρυνε,
792 1221 887 1271 καὶ
915 1217 1014 1269 οὐκ
1052 1216 1138 1269 εῐα
1170 1214 1564 1276 καταπίπτειν,
1597 1211 1741 1263 κατὰ
1774 1208 1917 1276 γνὼ-

339 1328 450 1380 μην
494 1310 617 1376 Θεῷ
648 1309 830 1362 πάντα
855 1313 920 1360 τὰ
950 1308 1076 1379 τῇδε
1108 1306 1446 1377 πράττεσθαι
1473 1305 1665 1369 εἰπὼν,
1698 1305 1792 1358 καὶ
1818 1300 1916 1364 τὰς

333 1397 594 1465 ⁴τοιαύτας
624 1397 894 1467 ἐπηρείας
927 1397 1020 1449 ὐπ’
1060 1397 1274 1450 ἐκείνου
1312 1392 1785 1465 παραχωρεῖσθαι,
1827 1391 1915 1443 ἵνα

336 1490 397 1543 τὸ
426 1489 562 1560 πρὸς
604 1489 834 1559 βασιλέα
877 1488 1105 1562 φίλτρον
1134 1488 1290 1558 ὑμῶν
1323 1485 1632 1556 δοκιμασθῇ
1664 1500 1677 1514 ⁶
1711 1484 1769 1547 ὃς
1795 1482 1916 1554 ἥξει

335 1599 397 1634 τε
431 1583 569 1652 μετὰ
601 1581 822 1652 μικρὸν,
869 1583 962 1634 καὶ
997 1581 1203 1643 πάντας
1231 1580 1526 1649 ἀμείψεται
1560 1580 1678 1640 ταῖς
1706 1592 1916 1648 προση-

335 1668 567 1732 κούσαις
618 1668 989 1738 εὐεργεσίαις.
1027 1670 1179 1739 Μηδὲ
1226 1670 1336 1738 γὰρ
1373 1667 1556 1721 οἴεσθε
1592 1668 1802 1720 ἐκεῖνον
1841 1665 1916 1736 μὴ

335 1758 481 1812 κατὰ
532 1758 761 1828 γνώμην
811 1758 1128 1827 βασιλεύειν
1177 1757 1332 1828 Θεῷ·
1389 1757 1548 1810 τοῦτο
1600 1757 1709 1826 γὰρ
1753 1756 1916 1818 αὐτὸς

338 1851 660 1918 σαφέστατα
716 1849 942 1903 ειδέναι.
996 1849 1393 1919 Ἀμφισῦητῶν
1425 1848 1533 1918 γὰρ
1574 1849 1814 1915 ἔφασκεν
1862 1849 1919 1901 ἐν

335 1944 478 2012 ἀρχῇ
507 1942 635 2011 περὶ
659 1940 895 2004 ἐκείνου,
924 1941 971 1993 εί
997 1940 1073 2010 μὴ
1099 1940 1220 1994 κατ’
1248 1940 1520 2005 εὐδοκίαν,
1538 1930 1687 1994 αλλὰ
1714 1941 1919 2008 μᾶλλον

334 2032 479 2085 κατὰ
511 2031 908 2102 παραχώρησιν
961 2029 1099 2083 Θεοῦ
1131 2033 1211 2087 είς
1253 2030 1411 2084 τοῦτο
1457 2026 1589 2100 ἦ).οε
1643 2033 1927 2101 σχήματος

344 2124 454 2194 ἰδίᾳ
501 2122 827 2192 πειθόμενος
868 2122 1138 2194 ἐπιθυμίᾳ
1176 2127 1267 2176 καὶ
1335 2123 1636 2193 ὁρμῇ,’καὶ
1667 2123 1924 2186 δεδοικὼς

345 2214 423 2287 μὴ
450 2217 548 2268 καὶ
579 2214 740 2278 αὐτὸς
785 2216 1157 2276 συναπόλοιτο,
1182 2217 1294 2277 τοῖς
1330 2213 1451 2284 Θεῷ
1481 2213 1656 2267 συνὼν
1693 2213 1916 2283 βουλευο

345 2307 600 2374 σαμένοις
640 2306 863 2359 ἐναντία
899 2309 1088 2379 εὐχαῖς
1125 2311 1512 2378 προσανέχειν,
1568 2310 1663 2362 καλ¹
1699 2307 1920 2378 δεήσεσι

343 2399 405 2451 τδ
431 2398 579 2452 Θεῖον
613 2400 989 2466 ἐκκαλεῖσθαι,
1023 2399 1165 2453 ὥστε
1219 2397 1537 2470 διδαχθῆναι
1570 2398 1701 2470 περὶ
1734 2398 1924 2463 αὐτοῦ,

341 2492 393 2542 εί
427 2490 501 2561 μὴ
521 2490 795 2560 ὀργίζοιτο
821 2497 946 2562 περὶ
970 2492 1081 2545 τῶν
1103 2492 1436 2562 γινομένων.
1478 2491 1922 2561 Ἐκκαλυερθῆναι

339 2581 399 2634 δὲ
452 2580 601 2652 αύτῷ
658 2583 810 2653 παρὰ
858 2582 955 2636 τοῦ
1007 2583 1322 2652 πνεύματος
1371 2585 1453 2637 ὅτι
1506 2584 1629 2638 κατ’
1677 2583 1925 2638 εὐδοκίαν

347 2671 553 2740 μᾶλλον
581 2654 670 2743 είη
720 2674 781 2726 τὸ
833 2673 1145 2744 βασιλεύειν
1192 2672 1675 2742 Καντακουζηνὺν,
1732 2666 1777 2741 ᾧ
1829 2676 1923 2727 καὶ

340 2764 641 2818 πεισθέντα
690 2766 788 2819 καὶ
834 2767 1018 2819 πᾶσαν
1072 2765 1412 2834 ἀμφιϐολίαν
1465 2766 1813 2832 ἀποθέμενον
1866 2767 1924 2818 ἐν

337 2859 711 2930 Διδυμοτείχῳ
746 2861 932 2931 μένειν
966 2863 1033 2931 τῇ
1074 2859 1329 2931 βουλήσει
1363 2860 1456 2913 τοῦ
1490 2858 1628 2911 Θεοῦ
1667 2859 1922 2929 συναιρό-

345 2967 508 3017 μενον
539 2952 606 3004 τὰ
637 2950 863 3004 δυνατά.
894 2950 968 3004 Οὐ
998 2952 1109 3018 γὰρ
1137 2949 1202 3004 ἄν
1232 2967 1315 3013 τις
1357 2949 1524 3002 αὐτοῦ
1562 2949 1919 3019 κατηγοροῗη,

343 3041 425 3093 ὅτι
454 3041 565 3094 τῶν
595 3043 653 3093 ὲν
683 3040 760 3110 τῷ
791 3042 1021 3113 παρόντι
1056 3041 1157 3113 βῐῳ
1197 3042 1342 3104 τινὸς
1377 3041 1552 3093 δέοιτο
1586 3040 1737 3111 παρὰ
1770 3040 1924 3109 βασι-

341 3133 480 3198 λέως
502 3151 517 3167 ο
542 3134 675 3188 οὔτε
711 3137 822 3207 γὰρ
867 3136 1156 3207 πρότερον,
1195 3134 1319 3189 οὔτε
1348 3143 1510 3205 μέχρι
1552 3135 1646 3187 νῦν
1678 3134 1921 3221 τοιούτου
1953 3169 1994 3225 C

346 3227 494 3290 τινδς
530 3229 682 3299 παρά
698 3245 845 3293 τινος
876 3229 1095 3301 ἐδεήθη·
1129 3229 1224 3283 καὶ
1261 3230 1446 3292 αὐτοῖς
1487 3229 1775 3298 παραινεῖν
1805 3214 1924 3280 νυνὶ

343 3318 613 3381 γενναίως
647 3319 899 3373 ἵστασθαι
931 3321 1068 3389 πρὸς
1098 3320 1206 3373 τῶν
1249 3320 1442 3372 δεινῶν
1473 3319 1569 3382 τὰς
1602 3319 1923 3386 ἐπαγωγὰς,

345 3407 423 3471 ὡς
477 3410 540 3463 οὐ
595 3411 760 3480 μέχρι
811 3410 1009 3464 πολλοῦ
1055 3428 1202 3474 τινος
1249 3411 1536 3480 ἐσομένας,
1595 3408 1711 3463 ἀλλ’
1761 3408 1928 3479 ὀλίγῳ

340 3497 577 3571 ὕστερον
614 3501 994 3572 λυθησομένας
1048 3502 1211 3556 ἵλεων
1273 3504 1463 3564 αὐτοῖς
1525 3500 1925 3568 ἐπιῦλέψαντος

349 3591 675 3656 Θεοῦοτούς
716 3596 824 3665 γὰρ
873 3594 1304 3663 πολιορκοῦντας
1346 3594 1561 3656 τούτοις
1593 3594 1813 3655 Μυσοὺς
1869 3595 1927 3645 ἐν

342 3687 704 3757 προσχήματι
735 3687 918 3756 φιλίας
939 3686 1035 3740 καὶ
1056 3687 1155 3758 τὴν
1178 3685 1462 3757 παροῦσαν
1487 3688 1694 3740 ἔνδειαν
1720 3687 1931 3753 ἐπαγα-

346 3776 547 3847 γόντας
597 3780 656 3831 ἐν
708 3779 850 3832 ἑπτὰ
903 3781 1024 3840 ταῖς
1071 3779 1367 3847 ἐσομέναις
1402 3777 1641 3846 μάλιστα
1692 3777 1929 3848 ἡμέραις

350 3868 773 3939 συμπατοῦντας
800 3871 1000 3941 ὄψεσθε
1028 3870 1317 3941 ἀλλήλους,
1342 3870 1437 3922 καὶ¹
1457 3872 1599 3940 φυγῇ
1622 3873 1723 3941 τὴν
1748 3887 1951 3941 acim--

352 3963 473 4033 ρίαν
507 3964 934 4034 ποριζομένους,
981 3967 1079 4017 καὶ
1113 3963 1222 4018 τῶν
1264 3964 1640 4035 περισχόντων
1682 3964 1928 4018 ἀπαλλά-

348 4054 509 4119 ξεσθε
556 4055 769 4109 δεινῶν.
828 4055 888 4108 '0
938 4054 1037 4126 μὲν
1081 4051 1176 4109 οῦν
1234 4054 1646 4126 μητροπολίτης
1702 4054 1930 4108 τοιαῦτα

349 4138 498 4204 εἷπε.
542 4146 677 4198 πᾶσι
710 4146 766 4198 δὲ
799 4146 964 4209 εὐθὺς
1000 4146 1204 4215 ἐπῆλθε
1239 4147 1434 4216 βελτίω
1466 4147 1796 4216 προσδοκᾷν,
1838 4147 1933 4200 καὶ

349 4235 451 4303 τῆς
491 4234 734 4304 ἀθυμίας
776 4235 1206 4305 ἀπηλλάττοντο.
1251 4235 1487 4307 ’ᾘδεσαν
1522 4236 1632 4305 γὰρ
1668 4236 1831 4289 αὐτὸν
1864 4236 1933 4289 τὰ

355 4325 619 4396 μέλλοντα
643 4328 845 4381 ειδέναι
872 4329 1096 4398 μᾶλλον,
1123 4329 1246 4400 ἢτά
1265 4327 1683 4399 παρεληλυθότα
1705 4328 1894 4399 ἕτερον
1912 4371 1927 4393 ,

346 4421 447 4472 καὶ
471 4419 545 4481 ὡς
574 4420 980 4490 προφητεύοντι
1013 4424 1305 4492 προσεῖχον
1330 4420 1601 4491 φανερῶς.
1624 4421 1930 4491 Διηπόρουν

2022 560 2276 617 miserias
2304 572 2466 630 atque
2505 560 2689 614 clades
2721 561 2887 614 Deum
2920 560 3277 630 permittere,
3307 567 3367 613 ut
3397 573 3588 613 eorum

2023 663 2153 721 erga
2188 651 2579 720 imperatorem
2612 666 2767 705 amor
2800 650 3129 716 illustretur,
3149 650 3243 720 qui
3276 649 3590 719 propediem

2015 751 2283 795 venturus
2334 751 2390 796 Ct
2434 758 2530 813 pro
2565 757 2630 796 ΘΟ
2686 759 2749 797 ac
2803 753 3101 809 mereatur,
3149 757 3596 812 unumquemque

2015 844 2470 888 remuneraturus
2502 835 2592 889 sit.
2630 835 2750 890 Non
2777 837 2922 891 enim
2959 837 3286 906 putandum,
3321 851 3448 891 eum
3486 835 3597 891 Deo

2017 927 2240 981 nolente
2293 927 2565 997 imperare
2611 967 2626 993 ,
2658 928 2769 983 imo
2815 930 3032 984 volente
3058 968 3072 992 ,
3122 928 3269 999 quod
3304 931 3419 999 ipse
3449 928 3602 983 norit

2021 1018 2352 1073 certissimo.
2401 1019 2539 1075 Nam
2580 1035 2704 1075 eum
2753 1022 3021 1092 principio
3052 1021 3330 1076 dubitaret
3363 1035 3492 1075 num
3518 1018 3603 1073 di-

2018 1108 2144 1163 vina
2178 1111 2459 1166 voluntate
2482 1153 2496 1177 ,
2533 1128 2600 1166 an
2633 1112 2988 1183 indulgentiae
3014 1112 3201 1182 potius
3228 1121 3283 1166 et
3307 1110 3600 1183 cupiditati

2018 1216 2130 1255 sua:
2189 1217 2254 1256 ac
2299 1203 2535 1257 lubidini
2570 1204 2889 1267 obsecutus,
2925 1220 3224 1276 purpuram
3275 1204 3603 1274 assumpsis-

2020 1302 2132 1358 set,
2166 1293 2492 1365 timeretque
2519 1312 2586 1349 ne
2614 1298 2661 1351 si
2694 1297 2763 1351 ab
2810 1296 2918 1352 illis
2958 1306 3142 1364 esset,
3188 1312 3421 1367 quorum
3454 1298 3604 1366 cogi-

2021 1386 2258 1440 tationes
2306 1386 2418 1441 Deo
2469 1389 2766 1442 contraria:
2816 1398 2966 1454 sunt,
3002 1405 3107 1443 una
3142 1405 3267 1444 cum
3300 1390 3409 1445 illis
3436 1392 3603 1444 etiam

2026 1475 2254 1544 periret,
2288 1475 2354 1530 ad
2384 1493 2577 1547 preces
2610 1489 2667 1532 et
2713 1487 2837 1532 vota
2870 1478 3210 1543 incubuisse,
3245 1479 3604 1549 divinumque

2018 1582 2222 1621 numen
2273 1568 2528 1639 fatigasse
2581 1579 2640 1623 ut
2688 1586 2746 1624 se
2794 1570 3038 1634 doceret,
3083 1571 3282 1640 ecquid
3341 1571 3448 1626 sibi
3501 1574 3605 1628 ista

2021 1659 2413 1729 probarentur.
2469 1660 2609 1715 Tum
2679 1661 2785 1716 sibi
2835 1677 2933 1730 per
2987 1662 3241 1730 spiritum
3303 1662 3606 1718 revelatum

2020 1751 2242 1821 placere
2297 1753 2448 1816 Deo.
2498 1754 2946 1811 Cantaruzenum
3001 1755 3295 1824 imperare.
3351 1753 3422 1810 Sc
3473 1768 3608 1807 vero

2022 1843 2160 1898 citra
2229 1844 2629 1901 haesitationem
2706 1846 3053 1910 credidisse,
3117 1854 3171 1900 et
3237 1845 3608 1917 Didymotielii

2038 1950 2262 1990 manere
2288 1976 2305 2003 ,
2336 1948 2395 1990 ut
2422 1950 2693 2008 quantum
2725 1938 2916 2009 possit.
2951 1953 3173 2008 operam
3205 1953 3268 1993 ac
3299 1937 3476 1991 studia
3511 1951 3609 1991 sua

2025 2039 2153 2080 cum
2210 2025 2396 2082 divina
2447 2027 2731 2083 voluntate
2792 2030 3108 2100 eonjungat.
3164 2029 3353 2098 Neque
3404 2029 3548 2084 enim
3579 2046 3610 2083 a

2025 2130 2304 2186 quoquam
2342 2134 2400 2172 se
2432 2121 2679 2173 accusari
2715 2135 2897 2189 posse,
2929 2120 3085 2189 quasi
3114 2120 3396 2190 quidpiam
3427 2136 3609 2175 rerum

2030 2207 2399 2263 humanarum
2454 2210 2524 2263 ab
2574 2210 2910 2279 imperatore
2973 2210 3078 2265 sibi
3138 2218 3348 2281 quaerat
3387 2230 3401 2266 :
3437 2226 3614 2278 usque

2030 2312 2180 2352 nunc
2217 2301 2363 2354 enim
2401 2301 2537 2355 nihil
2571 2302 2675 2356 tale
2700 2302 2770 2356 ab
2799 2303 2912 2356 ullo
2942 2303 3287 2372 quasivisse.
3314 2303 3383 2358 Et
3411 2319 3468 2358 se
3491 2302 3615 2357 illos

2035 2385 2268 2447 hortari,
2297 2397 2358 2443 ut
2381 2389 2487 2444 hoc
2517 2399 2768 2461 tempore
2795 2391 3033 2447 viriliter
3059 2393 3217 2447 malis
3241 2393 3611 2463 prresentihus

2037 2478 2339 2547 resistant,
2394 2498 2516 2550 quae
2574 2482 2686 2536 Deo
2734 2484 2988 2553 prepitiis
3030 2486 3207 2540 oculis
3256 2487 3608 2556 respiciente,

2034 2570 2192 2625 brevi
2226 2571 2282 2626 in
2330 2573 2567 2627 nihilum
2611 2590 2804 2629 rasura
2851 2575 2980 2630 sint.
3008 2578 3211 2633 Mmsos
3242 2579 3447 2649 quippe
3477 2578 3613 2634 istos

2027 2659 2370 2723 obsessores,
2393 2669 2450 2716 et
2481 2663 2712 2716 obtentu
2746 2664 3005 2720 amicitiae
3035 2667 3327 2736 praesentis
3358 2677 3614 2723 auctores

2027 2751 2260 2821 inopite,
2289 2760 2499 2820 septem
2524 2755 2748 2808 omnino
2777 2756 2974 2811 diebus
3005 2757 3204 2812 futuris
3233 2758 3356 2829 fuga
3381 2759 3616 2815 salutem

2022 2850 2297 2912 petentes,
2331 2852 2495 2912 atque
2533 2844 2679 2899 inter
2720 2860 2779 2900 se
2828 2847 3221 2904 conculcantes
3250 2850 3470 2905 visuros
3497 2890 3515 2916 ,
3549 2862 3606 2907 et

2027 2935 2232 3005 quibus
2282 2951 2430 2990 nunc
2464 2936 2878 2992 circumdentur
2929 2939 3129 3004 malis,
3181 2940 3298 2995 fore
3370 2941 3601 3000 liberos.

2033 3024 2159 3079 Ηεερ
2223 3035 2282 3079 ιιι
2318 3027 2668 3095 metropolita
2715 3027 3015 3093 disseruit,
3076 3045 3272 3085 omnes
3326 3032 3617 3090 confestim

2030 3114 2208 3182 posita
2243 3114 2467 3169 tristitia
2492 3130 2646 3185 spem
2669 3115 2900 3171 fortunae
2920 3119 3164 3175 melioris
3195 3118 3445 3191 ingressi~
3465 3136 3615 3180 sunt.

2027 3207 2240 3262 Norant
2286 3209 2605 3278 siquidem,
2661 3212 3041 3281 perspectiora
3092 3228 3214 3270 esse
3278 3216 3354 3270 illi
3408 3217 3619 3284 futura,

2033 3313 2199 3368 quam
2251 3301 2374 3353 aliis
2431 3302 2705 3370 praeterita
2736 3344 2750 3368 ,
2806 3315 2862 3360 et
2934 3316 3191 3376 tanquam
3241 3310 3351 3364 vati
3403 3311 3619 3367 animos

2030 3391 2211 3445 eidem
2246 3392 2426 3462 palam
2457 3395 2843 3451 attendebanl.
2893 3396 3006 3453 Cur
3055 3414 3186 3454 vero
3234 3402 3385 3458 Moesi
3428 3404 3615 3477 fugam

2030 3482 2238 3538 facturi
2271 3495 2488 3549 essent,
2538 3487 2605 3541 de
2647 3488 2751 3542 hoc
2781 3490 3154 3561 ambigebant.
3208 3494 3356 3549 [dem
3390 3498 3622 3555 antistes

2033 3576 2374 3646 Apocaueho
2427 3594 2627 3650 magno
2658 3580 2788 3635 duci
2845 3582 2900 3635 in
2935 3583 3077 3638 hanc
3123 3589 3452 3643 sententiam
3485 3596 3623 3645 scr;-

2031 3670 2177 3739 psit:
2204 3669 2326 3724 Non
2356 3671 2543 3726 videre
2574 3677 3030 3743 se,quamobrem
3049 3677 3139 3732 cui
3174 3679 3259 3734 sui
3290 3681 3622 3744 documenta

2031 3777 2174 3831 saepe
2231 3762 2287 3817 in
2323 3764 2517 3819 multis
2568 3765 2898 3831 habuisset,
2945 3771 3336 3842 dictorumque
3389 3791 3620 3831 suorum

2031 3864 2294 3909 eventum
2343 3871 2453 3910 non
2507 3857 2562 3911 in
2595 3858 2819 3929 longum
2869 3860 3142 3929 dilatum,
3191 3879 3297 3921 nec
3343 3866 3413 3921 ad
3458 3866 3621 3931 alios.

2031 3945 2126 4001 sed
2159 3948 2226 4002 ad
2262 3963 2319 4002 se
2352 3948 2692 4018 pertinuisse
2724 3953 3171 4011 manifestissime
3219 3957 3421 4026 sciret,
3473 3977 3622 4016 nunc

2033 4038 2261 4108 penitus
2293 4037 2458 4094 fidem
2510 4041 2616 4094 sibi
2653 4042 2993 4114 denegaret,
3046 4056 3103 4101 et
3153 4064 3252 4116 pro
3285 4050 3473 4106 verbis
3502 4052 3622 4106 ina-

2033 4130 2200 4184 nibus
2235 4131 2488 4195 duceret,
2522 4148 2646 4201 quaa
2705 4134 3050 4191 dicerentur.
3104 4139 3276 4193 Porro
3321 4157 3401 4207 se,
3446 4159 3622 4213 quan-

2033 4236 2197 4291 quam
2228 4221 2526 4292 refraganti
2551 4266 2567 4291 ,
2619 4224 2985 4280 nihilominus
3014 4244 3135 4295 quae
3166 4245 3290 4285 cum
3321 4233 3457 4301 ipsi,
3502 4245 3618 4293 tum

2033 4314 2282 4368 Romano
2338 4315 2501 4386 539
2553 4316 2786 4386 imperio
2833 4322 3093 4374 universo
3133 4324 3445 4380 conducere
3487 4343 3619 4383 sen-

2035 4408 2183 4473 tiret,
2218 4408 2455 4462 suadere
2482 4409 2648 4463 velle.
2703 4407 2820 4464 Sibi
2853 4412 3002 4464 enitn
3047 4427 3077 4466 a
3119 4411 3232 4467 Deo
3282 4414 3614 4485 indicatum,

351 4511 409 4565 δὲ
464 4512 548 4565 ὅτι
580 4512 645 4565 ἂν
675 4512 760 4582 είη
790 4514 852 4565 τὸ
878 4514 1089 4576 Μυσοῖς
1123 4513 1296 4565 αἴτιον
1326 4512 1588 4583 ἐσόμενον
1628 4513 1829 4581 φυγῆς.
1874 4506 1926 4565 Ὀ

2038 4512 2147 4551 non
2178 4497 2324 4568 ipsi,
2360 4513 2556 4552 verum
2606 4498 3038 4566 Cantacuzeno,
3091 4504 3184 4575 qui
3229 4506 3384 4576 prius
3435 4514 3615 4583 magni

347 4601 398 4657 8'
417 4602 580 4666 αὐτὸς
605 4604 897 4674 ἀρχιερεὺς
923 4604 1019 4657 καὶ
1056 4603 1380 4673 Ἀποκαύχῳ
1401 4602 1478 4674 τῷ
1505 4604 1728 4675 μεγάλῳ
1777 4604 1930 4658 δουκὶ

349 4689 567 4761 ἔγραψε
592 4693 858 4746 τοιαῦτα·
922 4694 996 4757 ὡς
1039 4694 1274 4764 ἀποροίη
1321 4696 1446 4748 ὅτου
1513 4695 1679 4751 ἕνεκα
1734 4698 1932 4766 πεῖραν

347 4782 522 4835 αὐτοῦ
582 4783 845 4845 πολλάκις
889 4786 947 4838 ἐν
976 4786 1192 4850 πολλοῖς
1219 4786 1490 4856 πρότερον
1516 4787 1790 4858 ἐσχηκὼς,
1834 4788 1930 4841 καὶ

352 4875 464 4929 τῶν
499 4876 811 4945 εἰρημένων
855 4876 954 4949 τὴν
998 4877 1226 4931 ἔκϐασιν
1277 4881 1377 4933 οὐκ
1413 4881 1494 4942 είς
1533 4883 1777 4951 μακρὰν,
1823 4878 1932 4934 οὐδ’

354 4963 436 5027 είς
474 4962 662 5035 ἕτερόν
709 4982 851 5026 τινα,
901 4965 1021 5018 ἀλλ’
1069 4969 1150 5029 εἰς
1212 4967 1403 5021 ἑαυτὸν
1450 4966 1574 5021 ἰδὼν
1619 4970 1933 5035 σαφέστατα

353 5055 757 5125 γεγενημένην,
793 5055 891 5108 νῦν
929 5056 1186 5126 ἀπιστοίη
1230 5059 1570 5121 παντάπασι,
1607 5040 1934 5126 καὶ’λόγους

354 5146 525 5198 οῖοιτο
577 5145 702 5214 είκῆ
757 5144 1089 5215 λεγομένους
1146 5147 1215 5200 τὰ
1272 5148 1541 5218 εἰρημένα
1598 5149 1691 5203 ὑπ’
1742 5150 1933 5205 αὐτοῦ.

359 5233 536 5297 Αὐτὸς
585 5234 643 5287 δέ
716 5235 903 5288 καίτοι
939 5234 1015 5306 μὴ
1059 5233 1369 5306 βουλομένῳ
1420 5236 1729 5302 πείθεσθαι,
1782 5238 1934 5290 οὐδὲν

356 5319 524 5395 ἦττον
577 5324 1028 5395 συμϐουλεύσειν,
1091 5325 1127 5381 ἃ
1182 5327 1330 5398 αὐτῷ
1384 5344 1444 5381 τε
1499 5330 1594 5383 καὶ
1642 5329 1937 5399 Ῥωμαίοις

358 5413 532 5470 ἅπασι
556 5414 932 5488 λυσιτελήσειν
961 5416 1131 5472 οἴεται
1154 5432 1171 5449 ⁸
1204 5418 1615 5489 ἑκκαλυφθῆναι
1644 5420 1754 5490 γὰρ
1786 5420 1937 5490 αὐτῷ

363 5507 518 5576 παρὰ
536 5507 694 5575 Θεοῦ,
726 5507 803 5572 ὡς
831 5509 931 5562 οὐκ
955 5509 1150 5580 ἐκείνῳ
1185 5510 1408 5581 μᾶλλον,
1442 5512 1577 5565 ἀλλὰ
1620 5513 1939 5568 Καντακου-

361 5593 512 5666 ξηνῷ
537 5597 617 5666 τῷ
651 5598 783 5669 πρὶν
831 5599 932 5669 μὲν
981 5599 1203 5672 μεγάλῳ
1235 5600 1566 5674 δομεστίκῳ,
1598 5603 1717 5657 νυνὶ
1747 5604 1803 5658 δὲ
1840 5603 1936 5674 βα-

365 5683 507 5736 σιλεῖ
529 5689 908 5758 γεγενημένῳ,
945 5689 1007 5741 τὸ
1034 5691 1147 5752 τοῖς
1183 5689 1448 5759 βασιλέως
1496 5693 1687 5747 παισὶν
1721 5694 1937 5763 ἐπιτρο-

365 5772 558 5831 πεύειν
594 5778 687 5833 καὶ
722 5779 1143 5851 συμϐασιλεύειν
1176 5783 1468 5856 προσήκει.
1526 5784 1618 5839 Διδ
1657 5784 1752 5840 καὶ
1791 5785 1936 5840 δεδό-

2041 4588 2335 4645 domestici
2383 4605 2585 4646 munus
2624 4592 2919 4663 gessisset,
2966 4610 3117 4653 nunc
3171 4598 3489 4668 imperatori
3533 4620 3621 4660 re-

2040 4686 2296 4738 nuntiato
2347 4683 2646 4739 convenire
2711 4685 3055 4754 imperatoris
3125 4688 3369 4746 defuncti
3430 4693 3621 4751 liberis

2042 4784 2285 4830 tutorem
2317 4791 2462 4840 esse,
2497 4786 2553 4830 et
2585 4791 2691 4831 una
2726 4792 2850 4832 cum
2885 4777 2993 4834 illis
3019 4780 3313 4850 imperare.
3367 4784 3523 4840 Unde
3564 4796 3621 4842 et

2042 4871 2145 4925 hoc
2196 4870 2247 4924 ei
2305 4869 2572 4926 divinitus
2623 4870 2855 4925 datum:
2896 4871 3001 4941 ipsi
3057 4884 3239 4929 autem
3262 4876 3440 4932 eidem
3488 4879 3623 4936 sub-

2041 4980 2183 5030 esse,
2239 4973 2296 5018 et
2346 4978 2461 5017 rem
2517 4964 2765 5018 navalem
2799 4980 2997 5021 curare
3025 4982 3088 5021 ac
3140 4969 3277 5023 mari
3305 4972 3619 5040 pra'siderc.

2044 5055 2406 5124 Monebatque
2455 5064 2515 5108 ut
2550 5055 2691 5110 datis
2741 5067 3075 5122 contentus,
3122 5070 3277 5130 septa
3330 5077 3398 5117 ne
3436 5072 3618 5120 trans-

2054 5145 2232 5200 siliret
2259 5183 2275 5209 ,
2336 5154 2498 5217 atque
2530 5157 2587 5199 ut
2620 5161 2678 5200 se
2708 5146 2924 5203 audiret
2946 5183 2962 5211 ,
2993 5150 3257 5219 rogabat:
3292 5152 3437 5206 haud
3472 5154 3620 5208 enim

2044 5238 2185 5292 bene
2257 5248 2584 5291 eventurum
2648 5237 2694 5291 si
2748 5247 2940 5292 contra
3005 5240 3251 5293 divinum
3325 5244 3621 5299 consilium

2042 5328 2282 5383 venerit.
2310 5326 2380 5382 Se
2408 5341 2628 5397 quoque
2656 5326 2928 5399 principio
2952 5330 3295 5398 potissimum
3325 5335 3622 5389 creationis

2043 5407 2417 5477 Cantacuieni
2458 5419 2662 5474 factum
2687 5420 2885 5489 aegrius
2910 5420 3266 5484 ferentem,et
3289 5424 3621 5493 cogitantem

2045 5528 2115 5567 ne
2171 5511 2312 5566 forte
2363 5510 2513 5566 aliud
2561 5512 2675 5566 Deo
2728 5511 3043 5575 videretur,
3091 5513 3347 5578 precibus
3395 5530 3621 5584 operam

2045 5601 2262 5656 dedisse
2305 5608 2361 5655 et
2392 5600 2462 5655 ab
2512 5600 2632 5669 ipso
2682 5599 2770 5654 his
2798 5601 2982 5655 verbis
3013 5598 3234 5654 doctum
3279 5601 3493 5658 fuisse:
3530 5604 3624 5662 Sic

2046 5692 2193 5756 volo,
2224 5693 2304 5748 sic
2336 5692 2725 5763 complacitum
2760 5700 2843 5746 est
2867 5731 2882 5756 ,
2930 5692 3011 5746 sic
3041 5692 3280 5748 decerno
3304 5733 3319 5759 ,
3352 5696 3622 5765 imperare

2044 5781 2313 5839 Joannem
2380 5781 2866 5850 Cantacuzenum,
2922 5783 3035 5839 tiat.
3098 5782 3231 5852 Qua
3288 5785 3457 5860 igitur
3508 5788 3623 5850 Deo
