4014 6460
462 398 589 467 1-)31

1671 398 2004 462 JOANNIS
2044 397 2589 462 CANTACUZENI

3646 390 3762 457 1032

462 506 971 578 complacuerunt,
1018 505 1337 563 mortalium
1386 508 1596 563 nemini
1642 509 1724 565 fas
1767 511 2065 566 esseirrita

2183 515 2311 567 σθαι
2345 510 2501 581 παρά
2540 506 2679 562 Θεοῦ
2705 522 2718 538 ·
2752 507 2950 580 ἐκείνῳ
2998 506 3054 562 δὲ
3092 508 3185 563 ὑπ’
3237 507 3473 563 ἐκεῖνον
3516 504 3653 561 εἷναι
3684 506 3764 562 καὶ

475 603 713 658 reddere
746 602 976 669 conari,
1029 602 1158 672 quia
1197 619 1299 659 nec
1342 611 1548 673 potest.
1596 604 1942 660 Precabatur
1986 606 2075 659 in-

467 710 659 764 super,
690 711 764 751 ne
816 696 920 750 ista
968 695 1186 750 cuidam
1240 695 1558 767 gloriationi
1603 704 1659 751 et
1711 696 2072 752 ostentationi

469 789 700 844 virtutis
775 789 1119 856 ascr'beret;
1203 805 1311 843 non
1367 789 1519 845 enim
1580 788 1635 843 in
1692 789 1745 844 id
1801 789 2076 860 superbiae

473 882 799 937 barathrum
857 881 1183 948 decidisse,
1240 892 1299 936 ut
1370 882 1498 937 talia
1571 881 1840 938 adversus
1896 883 2071 937 Deum

475 973 825 1037 mentiatur,
894 975 992 1029 sed
1044 972 1111 1028 ad
1160 973 1405 1029 fructum
1464 973 1768 1029 multorum
1802 1012 1817 1036 .
1884 974 2074 1053 inique

468 1066 606 1120 adeo
689 1073 746 1119 et
815 1078 1008 1121 contra
1067 1080 1291 1120 omnem
1366 1065 1599 1135 justitiaa
1660 1066 1839 1135 legem
1925 1066 2074 1121 bello

472 1158 851 1226 pereuntium,
882 1166 938 1212 ct
969 1157 1036 1212 ad
1077 1158 1261 1228 ipsum
1293 1173 1485 1213 errore
1518 1156 1892 1222 liberandum,
1938 1157 2072 1213 dum

469 1263 532 1304 se
580 1250 974 1307 Cantacuzeno
1019 1252 1355 1322 imperatore
1391 1249 1739 1321 superiorem
1781 1250 1901 1305 fore
1941 1266 2074 1306 con-

473 1341 624 1410 lidit,
653 1343 771 1398 haec
804 1344 953 1400 dicta
988 1359 1109 1400 esse
1139 1360 1154 1398 :
1187 1344 1394 1415 quibus
1422 1343 1467 1400 si
1503 1343 1770 1413 paruerit,
1803 1355 2071 1413 quantum

471 1448 653 1503 operae
701 1435 940 1504 pretium
1006 1434 1240 1500 fecerit,
1291 1434 1447 1490 brevi
1481 1434 1912 1490 intellecturum.
1974 1435 2071 1491 Sin

472 1527 657 1581 minus
680 1568 693 1592 ,
730 1535 912 1582 tamen
945 1528 1107 1597 plane
1138 1527 1498 1598 cogniturum
1527 1567 1544 1594 ,
1591 1543 1653 1583 se
1685 1528 1926 1583 amicum
1950 1543 2071 1584 esse

471 1620 764 1683 veritatis,
819 1636 848 1674 a
904 1636 1011 1690 qua
1064 1620 1168 1675 ista
1200 1620 1480 1676 didicerit.
1538 1619 1821 1677 Hactenus
1867 1621 2071 1677 littera

476 1709 891 1778 metropolitani
924 1710 1429 1780 Didymotichensis
1456 1709 1526 1765 ad
1571 1725 1828 1780 magnum
1851 1711 2068 1776 ducem,

471 1800 678 1867 quibus
727 1802 1026 1871 perspicue
1057 1801 1512 1857 Cantacuzenum
1547 1802 1807 1857 inimicos
1838 1816 2070 1866 supera-

2180 618 2247 653 πε
2255 602 2310 670 pl
2332 599 2465 662 ναῦς
2496 597 2847 669 ἀσχολεῖσθαι
2886 601 2980 653 καὶ
3000 598 3508 671 θαλασσοκρατεῖν,
3528 598 3768 653 Συνεδοὺ-

2178 693 2304 746 λευέ
2317 710 2377 746 τε
2396 691 2739 763 ἕχεσθαιτῶν
2758 692 3078 762 δεδομένων,
3104 691 3197 746 καὶ
3216 693 3294 762 μὴ
3321 691 3477 762 ὑπὲρ
3487 691 3559 745 τά
3578 695 3765 761 salap-

2182 787 2325 858 μένα
2385 787 2601 857 ηδᾷν,
2645 785 2742 841 καὶ
2790 787 2967 842 ἐδεῖτο
3036 785 3359 841 πείθεσθαι⁸
3411 785 3553 856 μηδὲ
3576 785 3680 855 γὰρ
3709 784 3763 838 ἂν

2177 880 2257 941 είς
2291 878 2447 943 τέλος
2501 879 2656 950 ἥξειν
2676 878 2880 947 ἀγαθὸν
2899 876 3049 947 αύτῷ
3076 879 3138 930 τὸ
3158 879 3268 939 τοῖς
3322 876 3769 947 βεϐουλευμένοις

2178 970 2540 1025 ἀνθίστασθαι
2566 969 2705 1041 Θεῷ.
2750 969 2863 1025 Καὶ
2913 971 3075 1036 αὐτὸς
3113 970 3222 1040 γὰρ
3252 971 3318 1022 ἐν
3352 970 3510 1039 ἀρχῇ
3545 966 3770 1039 μάλιστα

2177 1063 2385 1133 ἔφασκε
2435 1063 2537 1131 τῆς
2580 1065 2943 1137 ἀναρρήσεως
2976 1061 3458 1132 Καντακουζηνοῦ
3493 1060 3590 1115 τοῦ
3629 1061 3774 1132 βασι-

2174 1155 2319 1219 λέως
2355 1157 2488 1224 περὶ
2519 1155 2632 1210 τῶν
2681 1156 3083 1228 πραττομένων
3121 1155 3539 1225 δυσχεραίνων,
3570 1155 3661 1208 καὶ
3696 1153 3773 1208 λο-

2174 1248 2489 1317 γιζόμενος,
2542 1249 2591 1302 εί
2625 1249 2700 1321 μὴ
2735 1248 2881 1304 κατά
2910 1246 3137 1319 γνώμην
3170 1248 3254 1318 είη
3288 1245 3429 1318 θεῷ
3467 1245 3544 1299 τὰ
3602 1248 3772 1316 εἰργα-

2177 1339 2374 1408 σμένα,
2406 1340 2500 1393 καὶ
2532 1339 2619 1394 διὰ
2648 1339 2812 1394 τοῦτο
2837 1338 3056 1409 δεήσεσι
3098 1337 3518 1411 προσκείμενος
3549 1336 3642 1390 καὶ
3671 1337 3769 1389 ius-

2177 1434 2341 1499 σίαις,
2391 1432 2780 1504 ἐκδιδαχθῆναι
2819 1432 2975 1502 παρά
3003 1433 3139 1486 Θεοῦ
3187 1433 3397 1495 αὐταῖς
3443 1431 3681 1497 λέξεσιν,
3708 1428 3771 1493 ὡς

2173 1525 2349 1589 Θέλω,
2384 1525 2612 1591 εὐδοκῶ,
2659 1525 2829 1597 ὁρίζω
2860 1523 3166 1595 βασιλεύειν
3210 1523 3489 1595 Ἰωάννην
3521 1522 3617 1576 τὸν
3646 1524 3773 1576 Καν-

2176 1616 2544 1687 τακουζηνὸν,
2581 1617 2679 1670 καὶ
2704 1617 2973 1686 γενέσθω.
3014 1619 3084 1671 ’Δ
3114 1616 3294 1670 τοίνυν
3332 1619 3363 1669 ὁ
3396 1615 3542 1679 Θεὸς
3570 1614 3772 1684 εὐδόκη-

2177 1726 2295 1775 σεν,
2322 1710 2515 1764 οὐδένα
2539 1711 2752 1764 δίκαιον
2779 1708 3090 1781 ἀνθρώπων
3115 1708 3432 1781 πειρᾶσθαι
3464 1705 3768 1769 καταλύειν,

2186 1803 2270 1857 δτι
2304 1803 2438 1875 μηδὲ
2486 1803 2750 1857 δυνατόν·
2787 1801 2943 1874 Ιι’λξίου
2977 1820 3037 1856 τε
3071 1801 3146 1874 μὴ
3192 1802 3423 1872 κόμπον
3462 1802 3535 1855 τὰ
3565 1797 3771 1853 τοιαῦτα

472 1901 665 1947 turum
723 1894 1142 1964 praenuntiavit.
1195 1893 1291 1949 His
1340 1894 1432 1949 ille
1485 1894 1745 1964 perlectis
1794 1893 1934 1947 nihil
1988 1908 2065 1947 τοι

2179 1896 2392 1950 οἴεσθαι
2413 1896 2508 1952 καὶ
2528 1896 2703 1959 ἄλλως
2726 1895 2987 1961 ἐπίδειξιν
3021 1895 3223 1968 ἀρετῆς
3240 1910 3254 1924 ·
3289 1895 3441 1966 μηδὲ
3473 1892 3590 1965 γὰρ
3618 1893 3680 1947 ἀν
3703 1893 3771 1956 είς

476 1982 723 2051 spondit.
771 1984 1045 2040 Caeterum
1095 2001 1208 2041 non
1256 1985 1326 2041 de
1374 1984 1710 2056 imperatore
1754 1985 1872 2051 solo
1903 1984 2076 2039 multa

471 2074 839 2143 istiusmodi,
918 2078 1016 2132 sed
1080 2077 1150 2133 de
1212 2078 1447 2149 privatis
1504 2093 1727 2149 quoque
1792 2075 2075 2133 nonnullis

477 2166 625 2223 haud
687 2186 865 2239 pauca
916 2171 1257 2228 vaticinatus
1305 2181 1411 2228 est.
1464 2172 1604 2229 Cum
1641 2172 1789 2226 enim
1839 2170 2074 2227 Michael

471 2259 780 2333 Bryennius
848 2263 1123 2332 Pamphili
1171 2265 1495 2334 praalectus,
1550 2263 1769 2319 insidiis
1805 2279 1834 2316 a
1871 2263 2073 2333 pupulo

473 2360 622 2406 esset
647 2354 955 2423 appetitus,
987 2363 1044 2409 et
1068 2354 1391 2425 Byzantium
1427 2355 1481 2410 in
1510 2355 1750 2410 vinculis
1776 2354 2070 2420 adductus,

468 2450 524 2497 et
578 2425 648 2499 ab
693 2445 1064 2502 archontibus
1126 2462 1350 2502 carcere
1403 2447 1737 2513 damnatus,
1794 2447 2073 2516 pauloque

474 2546 601 2604 post
662 2552 691 2591 a
758 2538 1024 2607 praefecto
1081 2539 1351 2595 custodiae
1402 2555 1572 2610 parva
1619 2539 1689 2595 de
1753 2554 1920 2595 causa
1974 2554 2072 2609 per

469 2627 732 2682 insanum
767 2628 1013 2684 furorem
1048 2631 1189 2686 adeo
1221 2632 1455 2703 ﬂagellis
1486 2633 1764 2688 laceratus
1790 2671 1805 2697 ,
1859 2642 1919 2687 ut
1969 2648 2071 2703 pro

468 2725 693 2771 mortuo
745 2717 1090 2786 haberetur,
1155 2722 1303 2776 fama
1352 2722 1800 2794 Didyutotichum
1836 2724 1903 2777 ad
1951 2725 2072 2795 ejus

466 2809 814 2879 propinquus
832 2810 1072 2874 volante.
1098 2823 1156 2868 et
1187 2813 1296 2868 illis
1320 2815 1642 2885 episcopum
1674 2814 2068 2885 rogitantibus,

465 2908 522 2953 ut
555 2903 711 2955 uxori
743 2918 935 2958 necem
970 2905 1154 2959 mariti
1195 2906 1461 2977 aperiret,
1509 2922 1621 2977 quo
1655 2907 1969 2963 reverentia
2014 2914 2071 2962 et

470 2994 682 3063 pudore
715 2995 861 3051 illius
897 2997 1140 3054 cohibita
1168 3039 1183 3066 ,
1216 3000 1382 3054 vitam
1413 3000 1520 3054 sibi
1552 3000 1618 3055 ad
1651 3001 1907 3057 nuntium
1957 3011 2065 3056 tam

466 3084 748 3142 funestum
799 3104 868 3144 ne
921 3092 1320 3163 abrumperet,
1382 3094 1679 3165 episcopus
1729 3095 2064 3167 Bryennium

478 3194 591 3233 non
632 3196 755 3238 esse
786 3198 1066 3239 ntortuum
1104 3184 1280 3249 dixit,
1320 3185 1485 3259 540
1513 3202 1715 3243 cazsum
1750 3197 1859 3243 tam
1914 3198 2065 3244 atro-

468 3272 631 3340 citer,
669 3282 731 3329 ut
765 3276 833 3330 ad
898 3279 1112 3332 saniem
1176 3288 1231 3333 et
1280 3279 1742 3335 inﬂammationes
1774 3296 1839 3335 ex
1881 3282 2068 3350 ﬂagel-

466 3362 678 3422 latiune
708 3370 1044 3425 coorcendas
1070 3409 1085 3435 ,
1118 3369 1233 3424 sale
1276 3386 1415 3439 opus
1446 3370 1633 3426 fuerit.
1673 3372 2062 3428 Verumtamen

471 3459 657 3514 adhuc
691 3461 883 3514 vivere
909 3500 924 3526 ,
959 3471 1014 3515 et
1047 3471 1159 3516 tam
1195 3463 1576 3517 inhumaniter
1622 3463 1746 3518 aliis
1778 3464 1847 3518 de
1882 3464 2066 3519 causis

467 3550 807 3620 quibusdam
855 3553 1254 3608 secretioribus
1290 3553 1622 3624 ﬂagellatum
1652 3570 1797 3620 esse,
1830 3556 2069 3612 reditus-

466 3659 576 3713 que
618 3643 685 3698 ad
731 3659 958 3699 uxorem
994 3657 1046 3700 et
1079 3645 1288 3701 liberos
1356 3647 1504 3702 illam
1533 3648 1813 3719 praecipue
1839 3664 2064 3706 causam

468 3733 608 3789 fore.
630 3733 931 3790 Dimissum
960 3738 1105 3791 enim
1135 3752 1166 3792 e
1198 3752 1423 3793 carcere
1455 3740 1523 3794 ad
1556 3740 1743 3810 plagas
1764 3741 2062 3809 curandas,

468 3824 918 3897 Didymoticltum
949 3826 1129 3898 fugam
1163 3838 1537 3900 arrepturum.
1572 3828 1847 3901 Tempore
1876 3841 2061 3888 autem

468 3917 811 3988 procedente
862 3929 919 3974 et
973 3920 1308 3991 imperatore
1356 3934 1660 3991 praesente,
1705 3940 1807 3994 pro
1848 3926 1969 3996 ipso
2007 3926 2062 3983 in

467 4007 588 4064 acie
616 4024 755 4064 oecu
770 4011 1037 4067 biturum.
1070 4011 1203 4079 Quae
1235 4016 1422 4070 omnia
1452 4016 1634 4072 exitus
1658 4017 1866 4072 docuit.
1886 4018 2063 4075 Αὺςο-

470 4099 625 4155 lutus
676 4118 913 4173 namque
940 4122 969 4159 a
1003 4121 1229 4162 carcere
1278 4108 1588 4181 Bryennius
1616 4151 1631 4176 ,
1669 4119 1729 4165 ut
1767 4126 1799 4165 a
1831 4112 2061 4169 medicis

470 4204 800 4261 curaretur,
853 4201 1327 4267 opportunitatem
1365 4201 1624 4274 fugiendi
1674 4212 1871 4259 nactus
1900 4244 1917 4271 ,
1966 4205 2063 4261 do-

470 4298 623 4339 mum
660 4286 957 4343 incolumis
988 4292 1285 4361 pervenit;
1316 4304 1509 4365 postea
1556 4296 1610 4352 in
1638 4315 1821 4371 pugna
1865 4308 2061 4356 contra

466 4375 830 4435 Mumitzilum
862 4392 991 4439 ante
1041 4387 1211 4455 pedes
1261 4388 1617 4459 imperatoris
1647 4397 1900 4465 oppetiit.
1939 4396 2059 4451 Tali

464 4469 641 4538 gratia
691 4472 784 4526 ille
819 4489 849 4526 a
903 4474 1017 4530 Deo
1070 4477 1330 4548 dignatus
1375 4491 1495 4538 erat
1523 4522 1538 4548 ,
1566 4492 1623 4538 et
1668 4489 1860 4542 .l’utura
1898 4488 2058 4558 quasi

2179 1989 2439 2046 τοσοῦτον
2465 1992 2729 2053 ἀπονοίας
2756 1988 3036 2060 βάραθρον
3064 1987 3431 2058 ἐληλακέναι,
3457 1987 3537 2050 ὡς
3562 1984 3767 2038 τοιαῦτα

2185 2081 2627 2152 καταψεύδεσθαι
2678 2078 2851 2136 Θεοῦ·
2894 2080 3033 2134 ἀλλὰ
3078 2081 3178 2150 τῆς
3221 2097 3283 2133 τε
3337 2077 3630 2148 ὠφελείας
3676 2075 3768 2129 τῶν

2176 2175 2416 2241 πολλῶν,
2470 2175 2672 2238 ἀδίκως
2702 2173 2847 2228 οὕτω
2877 2174 2972 2227 καὶ
3020 2173 3175 2244 παρά
3215 2172 3409 2226 πάντα
3446 2172 3548 2225 τοῦ
3578 2170 3765 2222 δικαίου

2176 2267 2342 2336 νόμον
2370 2266 2768 2336 ἀπολλυμένων
2814 2264 2922 2319 ὑπὸ
2943 2264 3036 2318 τοῦ
3070 2263 3339 2331 πολέμου,
3376 2265 3480 2318 καὶ
3500 2262 3600 2316 τοῦ
3628 2260 3769 2315 αὐτὸν

2176 2359 2483 2424 ἐξελέσθαι,
2514 2358 2605 2428 ὑφ’
2630 2353 2699 2430 ἧς
2724 2359 3022 2430 κατέχεται
3056 2338 3298 2426 ἀπάτης,
3341 2357 3611 2426 οἰόμενον
3641 2354 3766 2406 Καν-

2175 2448 2519 2519 τακουζηνοῢ
2567 2450 2664 2504 τοῦ
2704 2451 2971 2523 βασιλέως
3008 2447 3496 2520 περιγενήσεσθαι
3533 2444 3767 2516 εἰρῆσθαι

2175 2544 2248 2597 τὰ
2282 2543 2510 2598 τοιαῦτα
2531 2557 2545 2572 ⁶
2593 2538 2676 2608 οἷς
2707 2546 2758 2597 εί
2791 2542 3067 2614 πεισθείη,
3108 2544 3320 2597 εἵσεται
3368 2541 3479 2612 τὴν
3513 2540 3766 2610 ὠφέλειαν

2171 2639 2273 2691 οὐκ
2303 2639 2362 2692 ὲν
2392 2636 2592 2709 μακρῷ
2612 2654 2627 2669 θ
2656 2638 2707 2691 εί
2735 2638 2779 2691 δ’
2798 2638 2858 2691 οὐ
2891 2634 3162 2706 πεισθείη,
3198 2634 3433 2697 πάντως
3476 2633 3685 2685 εἵσεται
3704 2628 3766 2688 ὡς

2180 2730 2445 2802 ἀληθείας
2479 2729 2636 2799 φίλος
2665 2731 2833 2793 αὐτὸς
2879 2731 2975 2784 καὶ
3013 2732 3146 2800 παρ’
3178 2729 3407 2798 ἐκείνης
3448 2726 3524 2780 τὰ
3564 2723 3762 2779 τοιαῦτα

2171 2823 2576 2893 δεδιδαγμένος.
2626 2821 2865 2876 Τοιαῦτα
2898 2823 2998 2892 μὲν
3044 2825 3073 2875 ὁ
3118 2820 3521 2891 Διδυμοτείχου
3571 2818 3758 2886 έγραςι

2171 2913 2310 2984 πρὸς
2352 2914 2528 2984 μέγαν
2563 2912 2756 2978 δοῦκα,
2803 2912 3107 2985 διαρρήδην
3143 2911 3272 2983 περὶ
3307 2901 3754 2974 Καντακουζηνοῦ

2169 3006 2266 3061 τοῦ
2302 3005 2573 3078 βασιλέως
2608 3006 2916 3076 προλέγων,
2948 3003 3022 3067 ὡς
3074 3002 3184 3056 τῶν
3220 3002 3571 3056 ἀδικούντων
3619 3011 3753 3064 περι·

2170 3097 2609 3161 ἐσται.Ἐκεῖνος
2647 3098 2702 3152 δὲ
2730 3092 2853 3150 ἐπεὶ
2879 3097 2948 3149 τά
2983 3095 3291 3166 γράμματα
3341 3093 3586 3162 ἀνέγνω,
3619 3088 3752 3141 οὐδὲν

2174 3190 2340 3244 πλέον
2363 3190 2725 3260 ἀπεκρίνατο.
2752 3188 2828 3243 Οὐ
2849 3186 2981 3259 περὶ
3006 3185 3273 3258 βασιλέως
3294 3185 3353 3238 δὲ
3378 3183 3548 3257 μόνον
3572 3179 3754 3235 ἐκεῖνος

2172 3280 2351 3333 πολλὰ
2374 3278 2605 3334 τοιαῦτα
2641 3280 3039 3350 προηγόρευεν,
3073 3276 3208 3331 ἀλλὰ
3245 3275 3341 3329 καὶ
3373 3277 3509 3346 περὶ
3548 3265 3753 3325 ἰδιωτῶν

2150 3389 2340 3424 ’τινων
2363 3371 2463 3425 οὐκ
2494 3370 2677 3439 ὀλίγα.
2710 3369 3005 3442 Βρυεννίου
3035 3370 3147 3441 γὰρ
3175 3368 3266 3422 τοῦ
3293 3367 3544 3440 Μιχαὴλ,
3564 3358 3755 3431 Παμφί-

2169 3460 2264 3514 λου
2296 3461 2580 3531 ἄρχοντος,
2629 3460 3110 3524 ὲπιϐουλευθέντος
3160 3478 3217 3513 τε
3272 3460 3383 3513 ὑπὸ
3429 3459 3528 3512 τοῦ
3572 3455 3749 3525 δήμουο

2169 3546 2265 3606 καὶ
2315 3551 2601 3622 δεσμώτου
2657 3554 2739 3616 εἰς
2788 3551 3086 3618 Βυζάντιον
3134 3553 3502 3623 ἀπαχθέντος,
3557 3549 3752 3614 δεσμω-

2126 3675 2130 3679 -
2167 3643 2365 3718 τήριὸν
2403 3660 2464 3697 τε
2494 3643 2602 3698 ὑπὸ
2622 3643 2732 3700 τῶν
2753 3645 3035 3716 ἀρχόντων
3061 3645 3232 3697 οἰκεῖν
3253 3636 3748 3713 κατεψηφισμένον.

2167 3738 2295 3790 ἐπεὶ
2341 3737 2520 3809 χρόνῳ
2591 3736 2822 3809 ὕστερον
2880 3738 3082 3808 μικρᾶς
3117 3753 3262 3800 τινος
3313 3735 3485 3789 ἕνεκα
3528 3722 3751 3790 αἰτίαςό

2169 3830 2271 3901 τῆς
2305 3832 2556 3902 φρουρᾶς
2591 3832 2797 3902 ἄρχων,
2833 3830 2941 3884 ὑπὸ
2973 3828 3171 3900 μανίας
3202 3829 3405 3897 ἀλόγου
3444 3827 3543 3880 καὶ
3569 3817 3747 3910 eum}?

2134 3906 2145 3915 ’
2168 3927 2251 3988 εἰς
2282 3924 2543 3979 τοσοῦτον
2594 3923 2826 3994 ᾐκίσατο
2855 3921 3125 3993 σφοδρῶς,
3175 3921 3251 3987 ὡς
3290 3922 3623 3994 νομισθῆναι
3665 3908 3749 3967 καὶ

2166 4018 2490 4084 ἀποθανεῖν,
2550 4016 2688 4088 πρὸς
2722 4017 2836 4078 τοῖς
2884 4014 3109 4078 οίιιείοις
3146 4015 3205 4068 ἐν
3252 4009 3623 4084 Διδυμοτείχῳ
3660 4004 3745 4071 τῆς

2172 4111 2364 4182 φήμης
2403 4107 2842 4180 διαδραμούσης,
2878 4107 3156 4167 κάκείνων
3184 4106 3278 4160 τοῦ
3307 4106 3618 4177 ἀρχιερέως
3643 4098 3745 4150 δεο-

2172 4202 2359 4273 μένων
2387 4202 2757 4270 ἀπαγγέλλειν
2780 4204 2848 4271 τῇ
2876 4200 3099 4270 γυναικὶ
3124 4197 3217 4253 τοῦ
3241 4198 3439 4269 ἀνδρὸς
3462 4195 3561 4267 τὴν
3581 4191 3742 4244 τελευ-

2162 4292 2286 4366 τὴν,
2339 4293 2406 4347 ἵν’
2444 4293 2549 4347 ὑπὸ
2599 4293 2698 4363 τῆς
2737 4293 2878 4364 πρὸς
2923 4293 3132 4345 ἐκεῖνον
3168 4288 3355 4354 αἰδοῦς
3387 4281 3738 4357 κατεχομένη.

2111 4374 2119 4382 ’
2168 4386 2246 4455 μὴ
2270 4384 2369 4457 τὴν
2396 4384 2580 4456 ψυχὴν
2605 4382 2895 4456 ἀπορρήξῃ
2922 4383 3059 4455 πρὸς
3087 4384 3190 4454 τὴν
3226 4381 3514 4450 ἀγγελίαν,
3546 4376 3737 4430 ἐκεῖνος

2164 4475 2294 4530 οὔτε
2324 4476 2774 4547 τετελευτηκέναι
2804 4474 3013 4546 ἔφασκε
3069 4473 3381 4545 Βρυέννιον,
3451 4469 3584 4525 ἀλλά
3612 4465 3736 4533 ζῇν·

465 4576 590 4631 quzc
622 4565 801 4619 oculis
846 4568 1284 4638 conspiciuntur,
1323 4575 1667 4643 prmsciebat.
1717 4578 1873 4636 Μωδί
1903 4553 1934 4646 ,“
1963 4581 2057 4651 qui

2168 4568 2429 4638 τετύφθαι
2463 4568 2651 4639 μέντοι
2685 4568 2766 4631 είς
2796 4565 3051 4621 τοσοῦτον
3075 4564 3496 4636 ἀπανθρωπίας,
3547 4560 3619 4620 ὡς
3651 4553 3734 4651 “fit

466 4653 534 4706 ad
569 4654 1023 4727 Didymoticltum
1054 4670 1233 4716 castra
1264 4664 1544 4722 habebant
1570 4706 1586 4733 ,
1639 4671 1780 4728 haud
1813 4671 1908 4726 diu
1937 4646 2065 4742 post

2168 4662 2313 4718 ἀλῶν
2349 4662 2610 4732 δεηθῆναι
2659 4664 2758 4725 τὰς
2795 4660 3099 4732 σηπεδόνας
3151 4658 3244 4713 καὶ
3282 4653 3595 4730 φλεγμονὰς
3627 4646 3732 4742 -τὰς

467 4744 842 4816 intelligentes
889 4765 920 4804 e
948 4752 1064 4807 suis
1095 4755 1559 4826 exploratoribus,
1584 4762 1782 4818 Persas
1830 4740 2061 4818 classem

2168 4756 2232 4807 ὲκ
2265 4753 2376 4806 τῶν
2431 4754 2716 4824 μαστίγων
2786 4751 3274 4807 καταστλούντωνο
3306 4750 3383 4821 μὴ
3416 4748 3516 4819 μέν
3558 4740 3635 4794 τοί
3676 4748 3728 4801 γε

466 4839 534 4892 ad
570 4839 742 4894 Hebri
798 4842 939 4898 ostia
992 4848 1315 4917 appulisse,
1370 4868 1482 4921 pra:
1541 4855 1777 4909 tumultu
1836 4855 2059 4926 trepidi,

469 4930 714 5023 invicem
750 4936 1144 4993 conculcantes
1183 4943 1352 5011 (quod
1378 4945 1679 5016 cpiscopus
1706 4946 2058 5023 praedixerat)

465 5022 827 5092 aufugiebaut
854 5065 869 5083 .
918 5042 1021 5083 nec
1049 5029 1142 5083 ubi
1195 5042 1473 5087 terrarum
1511 5050 1570 5088 se
1613 5022 2057 5104 abscondissent,

464 5116 790 5183 apparebat.
859 5117 1380 5194 btdymotichenses
1448 5125 1589 5196 fugae
1630 5142 1855 5183 causam
1906 5131 2059 5200 igno-

463 5213 693 5270 rantes,
753 5207 943 5265 mirari
996 5214 1130 5282 quid
1166 5215 1241 5269 ita
1297 5216 1588 5271 turbarent
1646 5216 1826 5274 Illa-si.
1886 5221 2059 5277 Parvo

467 5298 737 5366 temporis
803 5301 1101 5359 intervallo
1155 5307 1482 5374 nuntiatur,
1532 5308 1826 5365 Amurium
1883 5313 2056 5368 lilium

461 5388 684 5457 Aitinte,
758 5392 1133 5451 Cautacuzeni
1208 5398 1372 5469 longe
1421 5402 1903 5468 amantissimum,
1961 5407 2055 5476 qui

462 5482 635 5536 multa
669 5497 832 5539 antea
867 5502 981 5540 sum
1010 5490 1062 5541 in
1104 5489 1261 5544 illum
1294 5492 1597 5548 voluntatis
1656 5497 2055 5568 eharitatisquc

462 5588 790 5644 argumenta
838 5580 1072 5635 dederat
1123 5580 1218 5653 (ob
1252 5582 1406 5637 illum
1439 5584 1643 5655 quippe
1678 5588 1845 5644 etiam
1882 5589 2056 5660 impe-

460 5678 700 5722 ratorem
736 5671 1413 5746 Andrumeumjuniorem
1442 5678 1588 5734 bello
1616 5681 1882 5737 adversus
1915 5681 2059 5737 Pho-

460 5774 630 5815 caeam
658 5770 715 5815 et
748 5762 986 5821 Lesbum
1035 5768 1440 5839 juverat),cum
1470 5773 1772 5843 accepisset
1793 5775 2054 5845 gravibus

463 5852 875 5909 conﬂictantem
917 5857 1260 5930 infortuniis,
1297 5872 1523 5935 lotoque
1555 5863 2052 5937 llomanoitnpcrio

2164 4845 2486 4911 ἀποθανεῖν,
2535 4844 2673 4899 ἀλλά
2708 4844 2832 4917 ζῇν,
2885 4848 2982 4898 καὶ
3028 4844 3131 4914 τὴν
3179 4839 3578 4912 ἀπανθρωπίαν
3633 4827 3728 4883 τῶν

2167 4938 2567 5007 αἰκισαμένων,
2601 4937 2781 4993 ἀλλων
2810 4954 2871 4990 τε
2902 4936 3067 4989 τινῶν
3095 4935 3554 5006 ἀποῤῥητοτέρων
3581 4926 3725 4977 ἕνεκα

2164 5031 2314 5103 αὑτῷ
2345 5032 2732 5102 ὲπενεχθττλναι,
2780 5030 2877 5084 καὶ
2917 5032 3014 5100 τῆς
3042 5030 3123 5094 είς
3159 5028 3357 5090 παῖδας
3386 5026 3481 5080 καὶ
3514 5015 3723 5090 γυναῖκα

2163 5126 2437 5179 ἐπανόδου
2470 5126 2621 5178 αἰτία
2650 5126 2889 5194 μάλιστα
2922 5124 3107 5193 ἐκείνη
3134 5121 3304 5176 ἔσται.
3339 5119 3444 5174 Τοῦ
3473 5118 3725 5182 δεσμωτη⁶

2165 5218 2282 5288 ρίου
2314 5219 2424 5288 γὰρ
2450 5217 2748 5282 ἀπολυθεὶς
2783 5219 2880 5270 ἐπὶ
2908 5217 2985 5287 τῷ
3010 5216 3197 5271 ίᾶσθαι
3235 5214 3337 5278 τὰς
3365 5207 3596 5280 πληγὰς,
3620 5198 3720 5250 δαν

2160 5308 2296 5377 δράς
2324 5309 2581 5379 ἀφίξεται
2615 5308 2804 5362 ἐνθάδε
2831 5323 2845 5337 ⁸
2877 5309 3056 5379 χρόνῳ
3098 5306 3155 5360 δὲ
3195 5303 3424 5375 ὕστερον
3461 5298 3549 5353 καὶ
3581 5291 3719 5384 βασξ“

2160 5401 2302 5463 λέως
2354 5401 2655 5471 παρόντος.
2708 5404 2962 5455 πεσεῖται
3011 5398 3321 5471 μαχόμενος
3367 5394 3506 5464 ὑπὲρ
3547 5383 3710 5482 αὐτοις·

2166 5494 2233 5546 Ἃ
2272 5493 2458 5547 πάντα
2490 5492 2718 5564 ὓστερον
2747 5494 2888 5548 κατά
2912 5494 3013 5564 τὴν
3042 5495 3254 5547 ἐκείνου
3284 5491 3576 5563 πρόρρησιν
3599 5475 3713 5529 diti"

2159 5585 2365 5640 ϐαινεν.
2408 5588 2661 5656 Ἀφεθεὶς
2699 5587 2808 5659 γὰρ
2852 5587 2948 5640 τοῦ
2971 5586 3352 5659 δεσμωτηρίου
3400 5586 3428 5637 ό
3458 5573 3709 5647 Βρυέννιος

2159 5679 2253 5733 ἐπὶ
2282 5680 2357 5752 τῷ
2388 5681 2648 5752 προνοίας
2678 5681 2825 5745 τινὸς
2850 5682 3036 5751 τυχεῖν
3061 5684 3215 5751 παρὰ
3237 5678 3350 5733 τῶν
3377 5670 3594 5764 ἱατρῶνζ
3606 5672 3707 5764 “fu:

2162 5771 2257 5843 ροῦ
2309 5774 2490 5844 τυχὼν
2537 5774 2851 5838 διεσώζετο,
2915 5773 3099 5828 οίκαδε
3144 5772 3427 5843 διαδρᾶναι
3450 5756 3699 5830 δυνηθείί”

2164 5865 2392 5937 ὕστερον
2417 5868 2495 5938 δὲ,
2532 5870 2588 5922 ὲν
2623 5871 2688 5941 τῇ
2717 5867 2854 5937 πρὸς
2889 5866 3218 5950 Μομιτζίλον
3254 5867 3404 5939 μάχῃ
3429 5861 3579 5915 ἔπεσε
3612 5857 3700 5916 μα’
