4014 6474
287 413 423 476 1033

1435 408 1970 468 lllSTORlAliUll
2019 407 2243 468 LIBER
2286 408 2396 468 111.

3380 358 3522 467 lett

275 527 505 598 χόμενος
547 520 880 592 ἐπίπροσθεν
912 519 1196 590 βασιλέως.
1235 520 1507 591 Τοιαύτης
1534 516 1602 592 ἦν
1636 523 1842 584 ἐκεῖνος

1970 519 2130 573 iidem
2165 519 2363 573 infesto
2391 515 2458 574 ad
2503 517 2772 574 Triballos
2805 518 3109 588 profugisse
3137 561 3153 583 ,
3181 527 3236 573 et
3271 519 3523 591 Didymo-

289 617 510 688 Χάριτος
551 613 851 684 ἠξιωμένος
900 614 1048 684 παρὰ
1075 611 1217 680 Θεῷ.
1264 613 1358 666 καὶ
1403 614 1471 666 τὰ
1515 614 1748 684 ἐσόμενα
1777 615 1853 676 ὡς

279 708 537 778 ὁρώμενα
571 702 820 776 προῄδει.
869 689 933 757 Ol
968 705 1070 775 μέν
1117 722 1199 758 τοι
1240 705 1418 758 Μυσοὶ
1449 705 1498 757 ol
1531 705 1662 776 περὶ
1695 704 1851 758 Διδυ-

279 799 536 868 μότειχον
580 795 1135 864 ἐστρατοπεδευμένοι
1172 795 1310 864 μετὰ
1341 794 1539 864 μικρὸν
1567 795 1718 866 παρὰ
1745 795 1854 847 τῶν

277 887 558 956 σφετέρων
592 884 888 954 πυθόμενοι
943 884 1189 949 σκοπῶν,
1220 883 1295 944 ώς
1339 883 1542 952 πλῆθος
1571 885 1854 954 Περσικῶν

275 977 416 1031 νεῶν
446 979 513 1046 τῇ
536 975 630 1028 τοῦ
656 975 860 1043 Ἕϐρου
886 976 1190 1043 προσέσχεν
1209 973 1429 1044 ἐκϐολῇ,
1450 971 1553 1027 ὑπὸ
1573 973 1667 1027 τοῦ
1696 973 1856 1044 θορύ-

277 1069 377 1120 ϐου
426 1068 520 1120 καὶ
563 1065 667 1134 τῆς
723 1065 972 1135 ταραχῆς
1011 1065 1275 1135 ἀλλήλους
1309 1063 1718 1135 συμπατοῦντες
1755 1065 1855 1134 τὴν

279 1157 582 1228 ἀρχιερέως
617 1156 930 1227 πρόρρησιν
960 1157 1189 1225 τάχιστα
1219 1154 1550 1225 ἀνεχώρουν,
1597 1157 1691 1209 καὶ
1733 1156 1854 1208 ὅποι

284 1248 394 1318 γῆς
421 1247 747 1302 κατεδύοντο
792 1246 1172 1316 ἀγνοούμενοι.
1222 1248 1282 1300 (τὶ
1315 1247 1370 1300 δὲ
1398 1249 1456 1301 ἐν
1489 1247 1855 1318 Διδυμοτείχῳ

282 1340 383 1414 τὴν
410 1343 592 1395 αἰτίαν
621 1341 948 1408 ἀγνοοῦντες
979 1339 1081 1408 τῆς
1112 1341 1311 1410 φυγῆς,
1359 1339 1669 1408 ἐθαύμαζον
1721 1340 1750 1392 ὅ
1803 1355 1857 1392 τι

282 1434 400 1490 ποτ’
431 1434 499 1488 ἂν
527 1433 614 1502 εἴη
655 1433 716 1486 τὸ
748 1431 890 1485 οὓτω
921 1432 1237 1502 θορυϐῆσαν
1264 1431 1392 1494 τοὺς
1430 1431 1670 1495 Μυσούς.
1699 1430 1856 1486 Μετὰ

281 1529 480 1600 μικρὸν
508 1527 567 1582 δὲ
603 1525 898 1596 ἠγγέλλετο
935 1527 1011 1588 ὼς
1039 1525 1248 1596 Ἀμοὺρ
1275 1527 1304 1578 ό
1333 1525 1425 1578 τοῦ
1465 1526 1656 1594 Δίτίνη
1701 1525 1857 1594 φίλος

283 1619 362 1673 ὢν
395 1621 455 1682 ἐς
496 1619 565 1670 τα
603 1617 840 1687 μάλιστα
869 1616 1307 1686 Καντακουζηνῷ
1349 1615 1426 1688 τῷ
1474 1616 1703 1686 βασιλεῖ,
1757 1617 1851 1670 καὶ

283 1708 484 1772 πολλὰς
511 1708 813 1773 ἀποδείξεις
859 1708 959 1777 τῆς
1000 1709 1081 1770 είς
1109 1709 1272 1762 ἀυτδν
1321 1708 1534 1770 εὐνοίας
1587 1709 1680 1761 καὶ
1721 1710 1858 1776 πρό-

278 1801 906 1874 τεροηπαρεσχημένος,
933 1799 1001 1853 δι’
1031 1794 1240 1854 ἐκεῖνον
1270 1801 1377 1872 γὰρ
1402 1802 1496 1854 καὶ
1541 1801 1750 1871 βασιλεῖ
1778 1800 1856 1872 τῷ

280 1895 389 1963 νέῳ
418 1891 744 1962 Ἀνδρονίκῳ
771 1893 903 1962 πρὸς
920 1892 1012 1972 τὸν
1049 1893 1194 1946 κατὰ
1233 1893 1486 1955 Φωκαίας
1515 1895 1607 1946 καὶ
1645 1893 1854 1947 Λέσϐου

280 1985 523 2056 πόλεμον
555 1984 994 2054 συνεπολέμησε,
1028 1985 1376 2054 πεπυσμένος
1402 1987 1528 2055 περὶ
1561 1986 1751 2049 αὐτοῦ,
1779 1985 1855 2050 ὡς

283 2077 550 2148 μεγάλαις
589 2076 857 2145 χρήσαιτο
910 2077 1336 2143 κακοπραγίαις,
1361 2079 1512 2147 κοιλῇ
1563 2078 1671 2130 τῶν
1722 2075 1856 2130 Ῥωο

287 2169 465 2237 μαίων
487 2169 638 2237 αὐτῷ
661 2168 883 2220 πάντων
912 2166 1427 2237 ἐκπολεμωθέντων,
1455 2168 1550 2220 καὶ
1573 2167 1734 2230 αὐτὸς
1758 2168 1857 2236 μὲν

283 2260 458 2333 ᾤχετο
483 2263 539 2324 ἐς
574 2259 880 2332 Τριϐαλσὺς
914 2261 1114 2328 φυγὰς,
1152 2259 1531 2330 Διδυμότειχον
1560 2260 1617 2314 δὲ
1641 2260 1669 2314 ὃ
1699 2261 1858 2330 μόνον

291 2353 687 2407 καταλέλειπτο
713 2351 936 2419 γυναικί
965 2368 1022 2403 τε
1054 2352 1147 2403 καὶ
1182 2350 1394 2414 τέκνοις
1420 2355 1514 2405 καὶ
1543 2353 1652 2415 τοῖς
1678 2351 1858 2417 ἄλλοις

291 2448 405 2509 τοῖς
436 2445 802 2516 ὑπολειφθεῖσι
843 2444 1016 2513 φίλοις
1048 2445 1361 2514 καταφυγὴ,
1398 2445 1586 2509 δεινῶς
1630 2447 1734 2498 ὑπὸ
1761 2448 1859 2515 τῆς

289 2537 494 2606 συχνῆς
539 2535 860 2606 πολιορκίας
909 2535 1014 2588 ὑπὸ
1051 2535 1256 2598 ἐνδείας
1305 2537 1556 2603 ὲπιέσθη,
1606 2537 1699 2590 καὶ
1745 2553 1858 2589 κιν-

283 2624 500 2678 δυνεύει
530 2625 592 2679 τὸ
625 2624 718 2679 τοῦ
749 2625 905 2694 φίλου
941 2627 1149 2694 σκάφος
1177 2625 1474 2702 αὔτανδρον
1498 2626 1856 2690 ἀπολωλέναι,

282 2715 621 2785 ὀγδοήκοντα
647 2715 742 2769 καὶ
770 2714 1093 2786 τριακοσίας
1124 2713 1254 2776 ναῦς
1282 2715 1382 2778 τὰς
1404 2715 1698 2784 συμπάσας
1725 2713 1860 2784 ὁμοῦ

287 2805 644 2875 παραλαϐὼν,
677 2809 772 2861 καὶ
813 2807 1035 2876 μείζους
1060 2808 1154 2861 καὶ
1181 2807 1464 2870 ἐλάσσους,
1502 2809 1562 2859 ἐν
1596 2800 1682 2868 αἷς
1709 2807 1863 2858 ἐνναο

285 2897 544 2969 κισχίλιοι
560 2898 693 2968 πρὸς
715 2897 1031 2968 δισμυρίους
1049 2897 1303 2951 ἐπιϐάται
1321 2897 1695 2962 κατελέγοντο,
1710 2894 1863 2965 παρὰ

289 2991 350 3044 τδ
371 2991 468 3044 τοῦ
504 2991 709 3062 Ἕϐρου
737 2991 911 3058 στόμα
940 2989 1232 3060 προσέσχε.
1267 2987 1494 3058 Πέμψας
1519 2988 1576 3040 δὲ
1607 2988 1701 3042 καὶ
1722 2989 1865 3040 ἐκεῖ·

290 3099 380 3146 νος
409 3081 665 3152 πρέσϐεις
694 3082 829 3152 πρὸς
855 3081 1094 3152 Εἰρήνην
1117 3083 1216 3150 τὴν
1245 3079 1510 3149 βασιλίδα,
1541 3079 1860 3150 ἀπήγγελλε

287 3174 358 3226 τὰ
389 3173 514 3226 ῐσαο
536 3173 730 3243 ἐδήλου
765 3188 825 3225 τε
851 3172 932 3224 ὅτι
965 3171 1088 3241 ἥξει
1122 3172 1218 3226 καὶ
1258 3171 1417 3234 αὐτὸς
1457 3172 1595 3240 μετὰ
1644 3169 1860 3240 μικρόν.
1886 3199 1935 3262 C

287 3263 496 3334 Εἰρήνη
524 3263 580 3316 δὲ
614 3265 645 3334 ή
679 3261 915 3332 βασιλὶς,
958 3260 1087 3324 τούς
1117 3277 1176 3314 τε
1227 3262 1560 3331 στρατιώτας
1595 3260 1863 3330 ἔπεμπεν,

286 3353 407 3410 ὅσοι
422 3351 563 3428 ἦσαν
584 3357 678 3409 καὶ
699 3355 821 3418 τοὺς
837 3354 1028 3416 ἄλλους
1050 3353 1159 3408 τῶν
1177 3355 1576 3423 εὐγενεστέρων
1592 3358 1670 3420 είς
1698 3354 1868 3409 ὑπάν-

285 3465 450 3518 τησιν
499 3447 733 3511 ἐκείνου,
772 3447 868 3500 καὶ
902 3446 1102 3509 ἵππους
1147 3447 1364 3512 ἑκατὸν,
1397 3447 1474 3508 ώς
1503 3448 1568 3500 ἂν
1601 3447 1763 3512 αὐτός
1806 3465 1866 3501 τε

287 3539 581 3609 χρήσαιτο,
599 3538 788 3606 καὶμὴ
807 3536 946 3605 πεζῆ
968 3535 1183 3606 βαδίζῃ,
1203 3535 1299 3589 καὶ
1329 3537 1442 3597 τοῖς
1475 3535 1658 3601 ἄλλοις
1679 3537 1864 3608 διαδῷ.

301 3627 680 3700 ’Δπήγγελλόν
704 3645 764 3680 τε
793 3629 842 3680 οἱ
875 3626 1254 3694 κεκομικότες,
1299 3626 1374 3697 μὴ
1416 3627 1733 3697 μέμφεσθαι
1767 3629 1868 3697 τῆς

287 3719 626 3788 ὀλιγότητος,
663 3717 738 3781 ὡς
771 3717 859 3770 διὰ
893 3718 988 3769 τὸν
1021 3718 1353 3786 περισχόντα
1401 3717 1657 3786 πόλεμον,
1688 3720 1869 3772 αὐτῶν

292 3811 501 3878 μᾶλλον
534 3811 719 3863 ἵππων
755 3808 1050 3878 δεομένων,
1100 3811 1193 3860 καὶ
1221 3809 1311 3861 διὰ
1338 3807 1500 3861 τοῦτο
1531 3808 1640 3862 τῶν
1667 3810 1869 3879 παρόν-

287 3919 402 3954 των
425 3900 486 3955 οὐ
531 3899 751 3962 πλείους
796 3898 1138 3968 παρέχεσθαι
1169 3898 1564 3968 δεδυνημένων.
1594 3897 1730 3963 Τοὺς
1771 3899 1870 3969 μὲν

287 3990 388 4046 οὖν
431 3992 630 4054 ἵππους
679 3990 896 4056 ἐδέξατο
935 3990 1208 4058 ἁσμένως,
1246 3992 1339 4044 καὶ
1371 3989 1603 4060 βασιλίδι
1640 3990 1872 4064 χάριτας

288 4087 394 4156 τῆς
427 4087 749 4156 εὐεργεσίας
786 4085 1056 4155 ὡμολόγει
1081 4101 1098 4117 ο
1133 4085 1354 4138 διέδωκε
1398 4085 1453 4139 δὲ
1493 4088 1608 4149 τοῖς
1652 4071 1870 4157 εὐγενεο

290 4178 513 4250 στέροις
547 4177 654 4230 τῶν
703 4175 952 4248 Περσῶν,
1006 4178 1101 4230 καὶ
1133 4177 1366 4247 μάλιστα
1411 4179 1714 4248 προήκουσι
1746 4178 1865 4232 καθ’

297 4267 546 4339 ἡλικίαν.
590 4268 879 4339 Ἐρόμενος
921 4266 977 4320 δὲ
1013 4269 1144 4336 περὶ
1184 4265 1279 4320 τοῦ
1319 4267 1477 4337 φίλου
1515 4267 1780 4338 βασιλέως
1821 4269 1870 4322 εί

293 4360 391 4430 ζῇ,
425 4357 597 4412 πολλὰ
624 4361 925 4424 στενάζων,
957 4357 1054 4412 καὶ
1081 4358 1291 4428 δάκρυα
1319 4359 1429 4412 τῶν
1444 4359 1739 4429 ὀφθαλμῶν
1769 4360 1874 4414 ὑπὸ

295 4450 644 4521 συμπαθείας
689 4449 897 4520 ἀφιεὶς,
943 4450 1066 4504 ἐπεὶ
1109 4450 1340 4504 ἐπύθετο
1382 4451 1484 4524 ζῇν
1514 4451 1650 4505 Θεοῦ
1685 4452 1871 4522 βουλοο

1957 611 2160 664 ticlium
2192 663 2208 686 ,
2257 627 2378 678 ουλε
2415 611 2528 665 sola
2577 612 2768 676 uxori,
2824 611 3051 674 liberis,
3109 612 3523 682 amicorumque

1961 699 2206 769 reliquiis
2258 699 2565 770 perfugium
2617 700 3052 770 relinquebatur,
3099 708 3324 772 propter
3372 702 3522 756 obsi-

1955 791 2176 846 dionem
2207 801 2452 846 extrema
2508 792 2690 861 inopia
2741 792 2934 861 premi,
2973 807 3279 863 parumque
3306 793 3522 856 abesse.

1954 883 2086 952 quin
2124 884 2279 939 navis
2326 884 2485 938 amici
2518 899 2644 938 cum
2679 882 2812 952 ipsis
2841 884 3155 940 vectoribus
3207 885 3524 957 submerga-

1958 985 2046 1030 tur
2100 974 2261 1045 (16),
2326 973 2580 1030 deductis
2642 990 2874 1028 mittier
2940 975 3204 1031 trecentis
3248 979 3524 1046 octoginta

1957 1066 2189 1120 navibus
2218 1065 2551 1137 majoribus,
2583 1077 2639 1120 et
2673 1066 3015 1130 minoribus,
3067 1076 3122 1122 et
3172 1069 3225 1122 in
3277 1071 3526 1125 undetri-

1959 1157 2108 1228 ginta
2144 1157 2387 1212 millibus
2413 1156 2685 1227 impositis
2720 1156 2854 1226 (17),
2889 1157 2952 1209 ad
2983 1156 3146 1211 llebri
3183 1159 3318 1213 ostia
3351 1161 3527 1230 appli-

1958 1247 2110 1302 cuit:
2150 1255 2312 1316 atque
2363 1246 2480 1300 lizec
2533 1247 2713 1301 missis
2759 1247 2822 1300 ad
2878 1247 3070 1301 lrenen
3119 1249 3524 1317 impcratricem

1960 1335 2193 1400 nuntiis,
2219 1333 2490 1404 simulque
2508 1343 2682 1389 semet
2702 1350 2824 1388 mox
2853 1335 3150 1390 amiturum
3175 1337 3524 1407 significavit.

1958 1425 2119 1480 lrene
2169 1441 2361 1480 omnes
2410 1425 2782 1495 praesidiarios
2853 1435 2909 1480 et
2955 1427 3168 1482 nobiles
3211 1429 3259 1482 ei
3309 1430 3526 1484 obviam

1958 1515 2161 1580 mittit;
2193 1530 2365 1584 equos
2391 1524 2655 1585 praeterea
2681 1523 2901 1568 centum
2931 1555 2944 1578 ,
2983 1531 3216 1584 quorum
3270 1533 3379 1572 uno
3409 1519 3528 1588 ipse

1961 1617 2232 1671 uteretur,
2259 1622 2330 1661 ne
2357 1606 2592 1677 pedibus
2630 1602 2930 1668 incederet,
2961 1607 3202 1676 reliquos
3237 1609 3532 1663 comitibus

1959 1700 2344 1754 distribueret.
2396 1697 2811 1753 Renuntiabant
2854 1708 3036 1752 autem
3082 1699 3173 1768 qui
3212 1700 3332 1755 illos
3362 1701 3531 1756 duce-

1960 1789 2108 1854 bant,
2130 1805 2237 1843 non
2267 1789 2468 1844 debere
2491 1803 2554 1844 ea
2587 1789 2864 1858 paucitate
2889 1787 3090 1842 offendi
3116 1808 3126 1849 ;
3152 1805 3276 1843 nam
3312 1803 3534 1861 propter

1963 1898 2205 1954 praesens
2229 1881 2453 1951 .bellum
2484 1896 2754 1951 equorum
2801 1882 3022 1936 raritate
3073 1883 3334 1948 laborari,
3368 1895 3531 1954 atque

1963 1975 2089 2030 ideo
2162 1975 2348 2044 plures
2405 1974 2490 2028 bis
2549 1973 2900 2043 suppeditare
2972 1974 3303 2044 nequivisse.
3371 1974 3528 2048 541

1963 2065 2149 2136 Equos
2182 2066 2438 2122 Amurin.
2466 2081 2573 2119 non
2606 2065 2811 2118 imitus
2840 2067 3081 2134 accepit,
3110 2077 3164 2120 et
3193 2067 3529 2137 imperatrici

1965 2173 2069 2226 pro
2109 2157 2212 2211 ista
2247 2159 2420 2228 gratia
2447 2167 2630 2227 grates
2665 2157 2818 2227 egit,
2865 2158 3118 2228 interque
3156 2160 3346 2215 Persas
3378 2163 3535 2217 nobi-

1963 2249 2155 2312 liores,
2184 2263 2248 2302 ac
2277 2248 2581 2319 praesertim
2608 2257 2764 2303 a-tate
2797 2251 3173 2318 provectiores
3199 2251 3532 2322 dispertivit.

1964 2339 2361 2393 Percunctatus
2391 2347 2572 2392 autem
2601 2338 2668 2392 de
2707 2340 2878 2393 cliaro
2911 2339 3012 2394 sibi
3045 2340 3378 2409 imperatore
3403 2360 3533 2398 num

1966 2430 2216 2490 viveret,
2265 2429 2431 2499 idque
2461 2430 2631 2484 multa
2665 2445 2890 2500 gemens
2915 2470 2928 2495 ,
2977 2441 3034 2488 et
3076 2432 3382 2504 lacrymans
3405 2475 3418 2500 ,
3469 2451 3535 2490 ex

1969 2521 2451 2575 commiseratione
2501 2521 2799 2587 videlicet,
2857 2522 2948 2577 ubi
2999 2523 3209 2579 audivit
3263 2541 3390 2579 eum
3442 2526 3538 2582 Dei

1970 2608 2239 2662 beneficio
2273 2608 2626 2677 superstitem
2662 2624 2784 2664 esse
2809 2648 2825 2674 ,
2883 2611 3120 2680 primum
3167 2614 3390 2682 quidem
3430 2615 3540 2670 Nu-

1971 2700 2106 2754 mini
2149 2701 2342 2755 laudes
2375 2701 2558 2766 dixit,
2613 2703 2774 2772 cujus
2820 2717 2923 2772 ope
2956 2703 3022 2756 ad
3076 2704 3338 2758 tuendum
3386 2706 3539 2760 illum

1969 2789 2087 2858 ipse
2119 2804 2243 2843 cum
2274 2793 2389 2845 suis
2420 2801 2527 2844 tam
2561 2791 2797 2860 prompti
2837 2808 2902 2846 ac
2959 2795 3288 2863 magnanimi
3317 2806 3496 2850 essent
3525 2813 3541 2859 ;

1970 2881 2170 2937 deinde
2202 2883 2311 2938 illis
2341 2898 2562 2953 quoque
2611 2884 2810 2939 eadem
2855 2884 2924 2940 de
2965 2900 3131 2941 causa
3172 2889 3373 2956 gratias
3405 2890 3539 2959 egit,

1970 2984 2028 3030 et
2055 2989 2115 3030 se
2142 2975 2316 3029 multa
2342 2985 2507 3046 atque
2535 2977 2732 3030 eximia
2767 2975 2967 3030 debere
3000 2979 3413 3046 pronuntiavit,
3441 2986 3537 3050 qui

1972 3075 2079 3120 tam
2107 3067 2275 3122 variis
2303 3078 2358 3122 et
2386 3068 2701 3136 ingentibus
2730 3083 2849 3122 sese
2875 3084 2976 3138 pro
3006 3069 3102 3124 illo
3129 3071 3543 3129 discriminibus

1970 3157 2322 3223 obtulissent,
2351 3158 2695 3228 stipatusque
2729 3159 2815 3212 bis
2845 3160 2993 3213 mille
3024 3161 3244 3216 selectis
3275 3164 3544 3221 mili-tibus

1971 3249 2037 3305 ad
2070 3249 2265 3304 urbem
2317 3249 2553 3320 pedibus
2617 3261 2672 3305 et
2727 3251 2845 3321 ipse
2903 3254 3191 3322 processit.
3244 3255 3543 3312 Orantibus

1971 3343 2068 3414 qui
2120 3343 2504 3414 Didymoticbo
2554 3342 2770 3398 obviam
2830 3345 3187 3412 prodierant,
3268 3357 3329 3402 ut
3394 3365 3538 3419 equo

1973 3447 2272 3503 uteretur,
2331 3447 2390 3491 et
2447 3436 2590 3491 alios
2642 3436 2869 3506 insuper
2922 3447 3077 3492 extra
3137 3449 3360 3496 centum
3419 3443 3544 3498 illos

1973 3531 2538 3596 subministrantibus,
2573 3546 2681 3586 nou
2716 3541 2802 3586 est
2848 3541 3064 3598 motus,
3113 3534 3220 3602 duo
3249 3535 3420 3590 millia
3445 3552 3546 3592 no-

1973 3625 2232 3680 biliorum
2262 3639 2385 3680 esse
2412 3623 2622 3686 dicens,
2653 3623 2848 3690 dignos
2897 3623 2953 3676 in
2981 3623 3174 3693 primis
3201 3626 3300 3694 qui
3336 3629 3543 3696 equita-

1973 3723 2115 3768 rent.
2152 3713 2291 3780 Quia
2343 3729 2473 3768 vero
2505 3713 2600 3784 qui
2646 3713 2702 3767 in
2755 3721 2966 3768 tantum
3020 3730 3311 3770 numerum
3363 3718 3547 3775 distri-

1973 3803 2281 3859 buerentur
2310 3818 2420 3858 non
2450 3803 2795 3868 sufficerent,
2823 3816 3101 3875 praestare,
3129 3816 3184 3862 et
3211 3822 3270 3862 se
3304 3809 3543 3877 peditem

1972 3896 2257 3960 incedere,
2310 3895 2665 3966 laboremque
2692 3897 3213 3964 communicantem,
3249 3903 3348 3956 viae
3372 3901 3548 3956 mole-

1973 3992 2135 4046 stiam
2192 3989 2302 4044 illis
2347 3989 2612 4044 leviorem
2663 3989 2898 4045 reddere
2947 3991 3082 4061 (l8).
3131 3991 3208 4046 lla
3253 3992 3547 4064 Didymoti-
3593 4059 3604 4070 .

1973 4084 2139 4140 cbum
2194 4081 2382 4146 venit,
2441 4081 2534 4136 ubi
2596 4095 2801 4150 paucos
2851 4082 2971 4138 dies
3017 4093 3292 4151 moratus,
3347 4089 3547 4157 quibus

1977 4173 2486 4244 Didymoticlienses
2532 4172 2777 4227 Thracia:
2823 4188 2990 4244 pagos
3032 4173 3411 4243 deprzedantes
3440 4180 3544 4234 sibi

1975 4267 2182 4321 vietum
2211 4264 2542 4334 conquirere
2594 4263 2916 4333 Oportebat,
2948 4274 3235 4335 postquam
3264 4270 3542 4338 negotium

1973 4374 2040 4411 ex
2098 4354 2368 4412 sententia
2419 4365 2824 4423 transegerunt,
2875 4371 3242 4427 magnumque
3285 4357 3544 4416 frumenti

1975 4461 2287 4513 numerum,
2318 4457 2373 4502 ct
2407 4445 2511 4499 alia
2557 4445 2624 4498 ad
2680 4448 2884 4500 victum
2933 4445 3125 4502 idonea
3175 4465 3299 4504 cum
3349 4466 3548 4520 pecore

1548 4610 1764 4674 Jacobi
1793 4609 2058 4674 Pontani
2093 4616 2280 4671 nolle.

372 4756 573 4828 (16)_|d
603 4765 711 4820 est,
754 4758 880 4826 quin
913 4755 1312 4813 Cantacuzemts
1341 4775 1447 4813 una
1478 4775 1594 4813 cum
1619 4759 1730 4812 suis
1764 4773 1880 4812 om-
1906 4758 1960 4817 Ι)
1985 4767 2069 4812 est
2100 4757 2152 4811 in
2183 4759 2432 4822 numero,
2465 4756 2547 4812 vel
2572 4766 2761 4812 auctor
2791 4759 2971 4828 lapsus
2993 4769 3076 4814 est
3098 4762 3380 4816 memoria.

291 4825 730 4886 nib'us'intereat.
768 4825 1155 4882 Conditionem
1193 4845 1262 4884 ac
1306 4841 1509 4884 statum
1552 4845 1711 4884 suum
1750 4829 1873 4881 navi

293 4915 396 4955 seu
424 4895 787 4964 navigationi,
820 4906 878 4950 et
902 4897 1188 4950 adversam
1212 4899 1580 4953 conditionem
1607 4900 1720 4954 sive
1750 4912 1876 4950 sor-

297 4980 409 5023 tem
436 4966 644 5020 infelici
673 4967 1030 5037 navigationi,
1060 4982 1123 5020 ac
1145 4971 1464 5037 tempeStati
1483 4969 1876 5037 naufragioqne

295 5049 656 5119 comparare,
709 5035 968 5119 usitatum
1018 5045 1100 5089 est
1141 5035 1314 5119 bonis.
1357 5035 1714 5119 scriptoribus
1759 5035 1874 5119 tum

299 5105 478 5176 poetis
499 5146 514 5170 ,
548 5114 676 5176 tum
710 5107 1053 5176 oratoribus,
1088 5105 1233 5174 quod
1263 5106 1350 5160 liic
1376 5108 1638 5161 Amurius
1668 5107 1872 5162 Canta-

299 5172 508 5230 cuzeno
542 5173 688 5228 facit.
727 5172 906 5228 Naves
947 5172 1261 5244 porrorqua:
1285 5191 1410 5229 cum
1441 5177 1754 5231 vectoribus
1779 5185 1874 5230 aut

301 5245 725 5314 deprimuntur,
776 5252 870 5297 aut
921 5243 1246 5314 capiuntur,
1285 5244 1505 5299 Grecos
1558 5261 1706 5300 nunc
1745 5260 1878 5301 voce

297 5311 489 5384 juncta
517 5311 867 5384 αὐτάνδρους,
897 5311 1044 5367 nunc
1069 5316 1336 5384 separatis
1377 5315 1623 5380 vocibus,
1645 5319 1741 5369 σὺν
1764 5319 1878 5377 τοῖς

301 5381 558 5506 magno
582 5381 806 5443 dixisse,
822 5384 1062 5438 ostendit
1088 5381 1363 5440 Victorius
1395 5385 1491 5440 lib.
1516 5400 1642 5451 xxv,
1673 5401 1795 5454 cap.
1824 5385 1879 5440 8.

379 5455 396 5506 ί
437 5453 488 5506 71
527 5450 811 5506 Trecentis
848 5454 1080 5506 navibus
1124 5465 1331 5506 tantum
1377 5470 1664 5506 numerum
1699 5457 1879 5506 inmo-

379 5450 511 5526 (l7)_
527 5450 811 5526 Trecentis
848 5454 1080 5526 navibus
1124 5465 1331 5526 tantum
1377 5450 1664 5510 numerum
1699 5450 1880 5526 impo-

303 5520 433 5578 suit.
470 5520 586 5574 ‘Sed
625 5535 692 5592 ex
720 5524 1080 5592 sequentibus
1115 5524 1334 5592 triginta
1366 5539 1533 5578 unum
1570 5526 1736 5580 millia
1765 5520 1882 5582 col-

305 5595 567 5663 ligantur.
622 5589 680 5663 Si
721 5589 866 5663 enim
908 5594 1079 5663 jussit
1127 5589 1282 5662 sequi
1329 5609 1388 5648 se
1440 5595 1628 5663 viginti
1684 5595 1878 5662 millia,

305 5659 431 5717 cum
463 5659 681 5735 selectis
706 5659 853 5735 mille
875 5659 1519 5735 quingentisJetinovem'
1532 5665 1697 5718 millia
1713 5659 1874 5735 quin;

307 5739 507 5804 gentos
529 5729 597 5784 ad
633 5730 857 5804 navium
896 5729 1202 5804 custodiam
1237 5734 1476 5802 reliquit,
1506 5749 1638 5804 ergo
1657 5729 1872 5791 summa

310 5798 535 5857 conﬁcit
587 5799 808 5869 triginta
851 5815 1039 5855 unum.
1087 5801 1194 5856 Sed
1241 5804 1323 5856 vel
1355 5798 1614 5858 erratum
1669 5806 1870 5860 librarii

641 5894 909 5955 ΡΑτιιοῑ..
944 5895 1062 5958 Gn.
1115 5875 1314 5956 eun;

2055 4829 2167 4898 (18)
2217 4828 2516 4883 Laudabile
2558 4829 2762 4883 factum
2816 4831 3064 4893 Amurii,
3107 4833 3446 4898 exn-quantis
3489 4847 3551 4888 se

1984 4898 2251 4950 militibus
2285 4901 2420 4960 suis,
2450 4899 2579 4953 dum
2614 4913 2756 4966 equo
2792 4901 3112 4968 repudiato,
3150 4915 3256 4968 una
3290 4917 3413 4955 cum
3445 4903 3554 4956 illis

2014 4968 2210 5038 euibus
2252 4968 2478 5022 incedit.
2519 4968 2574 5021 In
2611 4983 2662 5020 vt
2714 4967 2929 5022 zEneid.
2967 4979 3125 5038 poeta
3157 4967 3388 5025 Aineam
3427 4988 3552 5026 cum

2026 5037 2228 5104 rojanis
2259 5040 2376 5092 suis
2421 5039 2650 5093 arbores
2692 5037 3009 5100 cedentem,
3052 5050 3106 5091 et
3139 5039 3207 5093 ad
3240 5041 3432 5096 Miseni
3459 5059 3553 5096 ca-

1976 5108 2144 5162 daver
2170 5109 2525 5163 cremandum
2557 5109 2937 5163 advolventem
2965 5109 3090 5162 facit
3113 5127 3128 5162 :

2123 5175 2339 5230 Necnon
2364 5179 2563 5233 fEneas
2595 5194 2752 5247 opera
2780 5181 2918 5232 inter
2939 5179 3072 5231 talia
3103 5181 3304 5248 primus

2122 5248 2385 5320 Hortatur
2429 5249 2630 5312 socias,
2665 5249 2984 5317 paribusque
3016 5250 3312 5320 accingitur
3367 5253 3553 5306 armis.

1981 5317 2043 5373 In
2081 5334 2242 5388 quem
2285 5319 2462 5372 locum
2510 5327 2594 5372 sat
2627 5320 2795 5389 multa
2833 5317 3184 5372 ailduxtmus'
3213 5320 3266 5373 in
3295 5324 3554 5389 symbolis

1987 5390 2214 5451 nostris,
2249 5389 2449 5458 quibus
2483 5389 3013 5452 demonstl'aremus,
3045 5391 3216 5443 duces
3236 5399 3292 5441 et
3319 5395 3553 5454 itmer-

1989 5467 2160 5526 tores,
2185 5464 2277 5524 qui
2307 5474 2426 5513 sesc
2452 5459 2719 5513 militibus
2741 5474 3176 5527 nonnumquam,
3203 5459 3348 5512 velut
3373 5460 3550 5526 obliti,

1990 5538 2152 5597 atque
2200 5529 2550 5582 immemores
2592 5541 2707 5583 suae
2743 5544 2988 5597 persiune
3031 5543 3093 5582 ac
3138 5530 3435 5597 dignitatis,
3475 5529 3556 5583 fe-

1989 5600 2180 5652 rendis
2227 5599 2540 5660 laboribus.
2583 5611 2744 5667 atque
2796 5600 3079 5658 oneribus.
3122 5600 3347 5665 aliisque
3389 5602 3553 5652 rebus

1981 5668 2183 5723 vilibus
2219 5671 2487 5723 obeundis
2539 5684 2602 5722 ac
2677 5669 2950 5736 potiundis
2986 5678 3396 5736 cex-aequassent,
3439 5682 3554 5721 ma.

1981 5753 2142 5805 gnam
2173 5739 2384 5794 laudem
2416 5740 2661 5808 adeptos.

3019 5986 3024 5989 .
3047 5903 3127 5995 .33
