4014 6428
282 385 415 454 id“

1422 407 1960 476 HISTORIARUM
2000 415 2230 480 LIBER
2269 420 2382 484 Ill.

3389 417 3542 506 1042'

273 506 577 571 δουλεύειν,
615 507 834 580 βασιλεῖ
875 511 931 566 δὲ
974 515 1179 586 μᾶλλον
1228 517 1456 577 εὐνοεῖν.
1497 524 1761 589 Βασιλεὺς
1789 524 1843 580 δὲ

276 595 527 622 sane---
604 597 887 622 3.---1An,
941 605 995 622 ,.
1087 608 1101 622 .
1158 610 1170 622 .
1294 609 1317 622 .
1412 612 1424 622 .
1565 613 1577 622 .
1826 615 1837 622 .

1953 540 2012 622 se
2035 527 2370 600 adjunxerit.
2401 537 2750 608 Amplectens
2777 545 3070 604 consilium
3093 550 3392 622 imperator
3412 564 3525 610 sta-

273 595 548 660 ἅκούσας,
604 597 894 674 ὑπερήσθη
935 605 1037 674 μὲν
1084 608 1178 662 ἐπὶ
1232 609 1346 674 τοῖς
1376 612 1720 683 είρημένοιζ,
1752 615 1848 668 καὶ

270 687 382 740 τῶν
409 689 620 741 πολλῶν
655 692 955 749 ἀνέπνευσε
987 700 1310 767 φροντίδων,
1363 701 1423 755 τὸ
1471 702 1628 757 Θεῖον
1676 705 1846 760 αὐτοῦ

269 779 539 846 πρόνοιάν
578 799 702 836 τινα
747 788 1080 858 πεποιῆσθαι
1123 793 1348 861 οἰηθεὶς,
1383 797 1480 850 καὶ
1521 801 1616 852 τὸν
1676 801 1847 870 ἄνδρα

270 872 410 936 πρὸς
440 872 673 926 τοιαῦτα
722 883 1095 949 κεκινηκέναι.
1137 883 1345 954 Ἤρετό
1397 905 1455 940 τε
1519 872 1589 944 εί
1616 895 1741 958 τοὺς
1786 898 1845 949 ὲν

268 951 415 1032 λόγῳ
457 964 693 1032 μάλιστα
747 969 936 1040 είδείη.
993 951 1350 1045 Βερῤοιωτῶν
1407 981 1504 1035 καὶ
1555 985 1694 1055 πρὸς
1722 951 1846 1048 -οὖς

267 1070 423 1117 τινας
477 1055 657 1109 αὐτῶν
692 1059 1052 1129 συμϐουλεύει
1094 1065 1350 1136 γράφειν,
1387 1069 1481 1123 τοῦ
1524 1071 1602 1133 δὲ.
1636 1074 1847 1138 πάντας

171 1132 186 1139 ’
271 1145 372 1210 μὲν
404 1145 605 1200 εἰδέναι
645 1149 958 1219 εἰρηκότος,
991 1132 1408 1226 τοὺςνάρ-ίστους
1446 1160 1504 1214 δὲ
1543 1132 1844 1232 ὲκλεξαμέξ

265 1251 386 1301 νου,
419 1235 672 1291 ἐπείθετό
711 1255 770 1292 τε
805 1242 834 1293 ό
891 1242 1148 1312 βασιλεὺς
1170 1285 1186 1310 ,
1231 1248 1307 1307 ὡς
1339 1250 1519 1313 καλῶς
1556 1251 1846 1322 βεϐουλευ-

266 1325 438 1395 μένῳ,
472 1329 567 1381 καὶ
606 1328 846 1400 ἔγραφεν
885 1334 1104 1391 αὐτίκα.
1135 1338 1454 1409 ’Δρμπενος
1490 1342 1546 1395 δὲ
1591 1345 1847 1399 συνεϐού-

261 1417 420 1472 λευεν
446 1420 495 1472 εί
538 1421 758 1477 δύναιτο
783 1425 882 1477 καὶ
914 1427 1140 1498 Κράλην
1167 1431 1378 1486 πείθειν
1415 1436 1661 1491 ἐνδοῦναι
1692 1440 1843 1512 αὑτῷ

258 1511 357 1563 καὶ
406 1513 657 1582 φανερῶς
696 1514 837 1586 ὑπὲρ
865 1519 1032 1573 αὑτοῦ
1069 1521 1418 1596 διαλεχθῆναι
1454 1529 1841 1599 Βερῤοιώταις·

258 1601 478 1670 βασιλεῖ
500 1623 559 1658 τε
596 1607 706 1677 γὰρ
738 1608 806 1661 τὰ
839 1610 1074 1679 μέγιστα
1102 1615 1482 1689 λυσιτελήσειν
1507 1623 1568 1676 τὸ
1607 1625 1838 1692 τοιοῦτο,

257 1696 355 1746 καὶ
377 1696 530 1766 αὐτῷ
561 1699 660 1767 τὴν
679 1705 974 1774 συντυχίαν
1007 1708 1216 1778 μηδένα
1241 1711 1489 1767 κίνδυνον
1524 1714 1750 1787 ὕστερον
1775 1720 1842 1775 ἂν

252 1788 586 1857 ἐπαγαγεῖν,
619 1795 667 1846 εί
701 1795 732 1862 ἡ
775 1797 930 1860 πόλις
985 1804 1334 1874 προσχωροίη
1373 1806 1608 1875 βασιλεῖ.
1654 1813 1840 1868 Ἐπείο

1959 615 2054 708 tim
2089 618 2156 672 ad
2202 619 2415 678 Cralem
2463 627 2608 694 adit,
2659 645 2790 686 num
2853 633 3012 708 555
3064 615 3350 697 Arb'enum
3397 645 3528 700 Ber-

1958 705 2168 762 rhmam
2197 710 2416 768 mittere
2439 715 2572 770 velit
2603 705 3014 786 percunctatur.
3042 724 3160 792 Quo
3184 728 3386 793 aiente,
3415 730 3530 785 Vo-

1954 796 2130 852 lebam
2184 812 2236 857 et
2295 805 2410 873 ipse
2463 807 2531 862 ad
2589 824 2686 865 eos
2744 814 3010 882 scribere,
3070 819 3274 890 inquit,
3321 834 3526 892 eosque

1953 902 2136 956 orare,
2162 893 2240 947 uti
2273 911 2360 950 me
2405 895 2459 951 in
2515 901 2704 956 urbem
2747 904 3122 964 admitterent.
3165 910 3272 968 Sed
3311 927 3524 969 mecum

1956 989 2231 1048 repetens,
2264 999 2375 1053 quo
2405 999 2563 1056 pacto
2627 993 2864 1064 legatum
2917 1013 3098 1054 meum
3147 1001 3357 1058 Phenei
3396 1014 3525 1059 ante

1959 1074 2344 1141 tractaverim,
2381 1093 2545 1147 quem
2567 1086 3044 1154 contrucidarunt,
3081 1103 3262 1162 coepto
3310 1093 3521 1156 destiti.

1955 1159 2224 1230 timuique
2256 1180 2324 1219 ne
2376 1168 2545 1222 alium
2589 1171 2643 1226 in
2707 1174 2886 1230 simile
2922 1179 3124 1233 malum
3164 1159 3518 1252 conjicerem.
3560 1230 3566 1246 .

1958 1249 2296 1308 liortabatur
2347 1257 2532 1328 itaque
2590 1261 2829 1332 Cralem,
2884 1277 2944 1322 ut
2994 1269 3112 1335 ipse
3163 1249 3342 1341 potius
3422 1289 3523 1344 pro

1952 1355 2012 1395 se
2063 1343 2351 1408 scriberet.
2412 1359 2470 1403 et
2513 1351 2689 1407 nihilo
2771 1359 2955 1412 minus
3025 1360 3250 1416 Arbeno
3288 1364 3521 1420 manda-

1953 1444 2063 1499 ret,
2099 1447 2160 1490 ut
2185 1437 2230 1491 is
2264 1441 2552 1496 amborum
2579 1444 2724 1499 inter
2753 1461 2812 1502 se
2836 1447 3048 1503 fmdera
3087 1453 3300 1507 sancita
3341 1453 3520 1522 palam

1952 1526 2244 1592 indicaret,
2276 1539 2330 1586 et
2359 1532 2461 1603 ipsi
2509 1536 2676 1591 etiam
2716 1539 2986 1609 voluptati
3039 1540 3289 1598 futurum
3317 1584 3331 1607 ,
3363 1547 3410 1601 si
3449 1547 3521 1600 ad

1950 1617 2392 1679 Cantacuzenum
2416 1641 2476 1680 se
2506 1631 2876 1700 aggregarint.
2897 1630 3087 1687 Crales
3131 1648 3200 1689 eo
3252 1633 3522 1694 dictante.

1949 1724 2087 1778 quas
2106 1713 2210 1768 sibi
2255 1718 2574 1773 commodas
2612 1720 2866 1799 duceret,
2909 1723 3122 1778 exarari
3155 1725 3368 1781 litteras
3400 1743 3522 1796 pera

1951 1802 2122 1866 misit,
2200 1806 2528 1878 Arbenoque
2591 1815 2898 1884 praecepit,
2990 1831 3092 1885 pro
3189 1816 3525 1888 imperatore

253 1882 384 1934 θετό
425 1900 485 1935 τε
511 1884 539 1935 ό
569 1883 827 1954 βασιλεὺς
853 1891 1073 1959 αὐτίκα,
1109 1897 1204 1948 καὶ
1233 1899 1368 1968 πρδς
1395 1902 1624 1974 Κράλην
1651 1906 1842 1975 ἐλθὼν,

1950 1894 2093 1962 apud
2116 1876 2466 1953 Berrbmotas
2497 1876 2815 1970 dissereret,
2850 1876 3082 1977 illosque
3111 1876 3358 1972 doceret,
3390 1909 3525 1964 Cra-

251 1973 616 2042 ἑπυνοάνετο,
675 1981 722 2032 εί
769 1980 1018 2050 βούλοιτο
1073 1988 1212 2059 πρὸς
1275 1990 1543 2063 Βέῥροιαν
1601 1973 1844 2069 πέμπειν

257 2067 598 2136 ’Δρμπενον.
637 2069 744 2124 Τοῦ
794 2075 850 2128 δὲ
897 2077 1255 2149 συνθεμένου,
1303 2067 1686 2159 Ἐϐουλόμην,
1718 2091 1842 2147 εἷπε

253 2158 491 2228 γράφειν
514 2164 606 2214 καὶ
632 2163 792 2228 αὐτὸς
823 2168 918 2221 καὶ
945 2177 1232 2241 παραινεῖν
1261 2177 1340 2240 είς
1370 2179 1475 2251 τὴν
1512 2181 1665 2236 πόλιν
1689 2183 1843 2255 δέχε-

262 2247 409 2302 σθαι.
466 2251 694 2305 Ἐννοῶν
743 2257 798 2309 δὲ
844 2254 934 2312 οἷα
992 2261 1254 2331 δράσειαν
1295 2247 1516 2338 Φεραῖοι
1562 2273 1654 2327 τὸν
1712 2247 1845 2345 πρε-

265 2341 525 2397 σϐεύοντα
557 2347 937 2420 ἀπεκτονότες,
965 2354 1102 2425 πρὸς
1139 2359 1239 2429 τὴν
1261 2360 1606 2433 ἐπιχείρησιν
1631 2341 1844 2436 ἀμϐλύ-

261 2431 450 2528 νεσθαι
479 2474 494 2498 ,
524 2434 776 2502 δεδοικὼς
826 2441 904 2512 μὴ
947 2445 1045 2499 καὶ
1090 2443 1237 2519 ἄλλῳ
1269 2431 1387 2504 τῶν
1416 2431 1606 2509 κακῶν
1636 2431 1842 2528 ὁμοίων

255 2517 430 2576 alato:
449 2530 715 2595 καταστῇ.
740 2528 1108 2588 Συνεϐούλευέ
1139 2517 1440 2609 ’τε-μᾶλλον
1470 2517 1706 2616 γράφειν
1748 2549 1847 2602 αύ-

251 2608 348 2671 τδς
379 2611 518 2684 ὑπὲρ
550 2617 737 2672 αὐτοῦ’
772 2620 891 2692 ἅρμα
920 2623 976 2677 δὲ
1042 2629 1138 2680 καὶ
1174 2608 1490 2704 Ἀρμπένῳί
1511 2608 1846 2709 ’ἐπιτρέπειν

253 2701 625 2798 Βεᾼρροιὼταις
648 2713 742 2775 τὰς
772 2715 909 2786 πρὸς
939 2718 1204 2789 ἀλλήλους
1233 2724 1418 2779 αὐτῶν
1438 2701 1713 2798 συνθήκας
1745 2734 1840 2787 καὶ

253 2794 385 2858 τοὺς
403 2797 602 2866 ὅρκους
623 2808 891 2875 φανεροὺς
922 2814 1117 2877 ποιεῖν,
1154 2816 1249 2868 καὶ
1281 2816 1354 2878 ὼς
1380 2818 1468 2888 εῐη
1490 2794 1688 2878 καὶνσοὶ
1706 2825 1845 2894 πρὸς

255 2885 456 2959 ἡδονὴν
505 2891 569 2944 τὸ
598 2903 944 2968 προσχωρεῖν
977 2903 1178 2967 αὐτοὺς
1212 2907 1383 2977 αὐτῷ.
1441 2885 1500 2965 ’ὁ
1551 2912 1628 2980 δὲ,
1657 2918 1724 2970 τὰ

257 2978 568 3076 γράμματα
587 2985 887 3056 ἐπέτρεπεν
903 2992 1065 3046 αὑτὸν
1085 2997 1493 3068 ὑπαγορεύοντα
1510 2978 1840 3076 γρά-φεσάαι,

255 3061 348 3119 οίπι
380 3071 445 3122 ἂν
476 3072 607 3143 δοκῇ
635 3076 784 3147 αὐτῷ
820 3083 1144 3152 συμφέρειν.
1171 3061 1484 3157 Ἀρμπενον
1594 3061 1843 3151 ἐκέλευεν

254 3160 405 3251 ὑπὲρ
425 3163 688 3233 βασιλέως
723 3172 1085 3244 Ιιερροιὼταιε
1108 3178 1470 3250 διαλέγεσθαι,
1496 3187 1590 3240 καὶ
1611 3192 1842 3262 φανερὸν

254 3244 450 3319 αὐτοῖς
477 3265 676 3322 ποιεῖν,
703 3264 779 3329 ὡς
801 3268 954 3321 οὐδὲν
1004 3272 1190 3337 ἡγοῖτο
1244 3244 1524 3347 διαφέρειν
1572 3244 1724 3351 αύτῷ
1752 3244 1763 3262 |
1781 3301 1841 3337 τε

260 3353 615 3420 προσχωρεῖν
646 3356 737 3408 καὶ
779 3357 1008 3427 βασιλεῖ.
1035 3362 1194 3417 Οὕτω
1249 3367 1348 3435 μὲν
1407 3363 1500 3422 οὖν
1537 3372 1569 3439 ἠ
1630 3373 1844 3428 ἐπίνοια

255 3442 448 3503 αὐτοῖς
505 3451 586 3512 είς
625 3449 778 3514 τέλος
815 3452 962 3522 ἦκει.
1011 3456 1331 3526 Ἀρμπενος
1381 3460 1437 3514 δὲ
1473 3463 1552 3524 εἰς
1581 3461 1844 3535 Βέρῤοιαν

257 3539 456 3598 ίλθὼν.
487 3541 557 3593 τά
587 3559 645 3595 τε
684 3544 880 3618 Κρὰλῃ
905 3546 1220 3615 γράμματα
1246 3551 1543 3621 παρείχετο
1575 3553 1846 3623 ἁναγινώ-
1894 3553 1896 3557 ’

260 3631 496 3685 σκεσοαι
525 3634 610 3686 ἐπ’
658 3636 974 3704 ἐκκλησίας,
997 3640 1091 3691 καὶ
1118 3642 1184 3692 τὰ
1215 3641 1481 3710 βασιλέως
1508 3648 1620 3708 τοῖς
1650 3649 1842 3719 ἐπιτη-

254 3723 429 3785 δείοις
481 3722 664 3793 κρύφα
703 3725 950 3781 διεδίδου.
993 3728 1328 3798 Βερῤοιῶται
1359 3735 1416 3786 δὲ
1440 3739 1535 3789 καὶ
1569 3737 1839 3808 πρότερον

260 3813 371 3882 μὲν
395 3815 457 3866 τὰ
493 3813 758 3883 βασιλέως
788 3819 1077 3891 ᾑρημένοι,
1101 3822 1155 3875 οῖ
1184 3839 1243 3875 τε
1277 3823 1490 3895 ἄριστοι
1513 3828 1710 3896 ὁμοίως
1748 3831 1844 3882 καὶ

254 3907 289 3959 ὁ
315 3905 484 3975 δῆμος
507 3903 670 3978 ἦσαν,
695 3913 791 3962 καὶ
813 3912 934 3964 τότε
958 3911 1015 3965 δὲ
1039 3912 1144 3966 ὑπὸ
1171 3914 1264 3967 τοῦ
1289 3915 1581 3986 Τρισαλῶν
1603 3919 1841 3986 πολέμου

256 3997 598 4067 πιεζόμενοι,
639 3986 978 4075 πολλὰς-γὰρ
1025 4007 1210 4070 αὐτοῖς
1269 4003 1365 4062 καὶ
1415 4013 1660 4081 συνεχεῖς
1689 4013 1846 4066 ἑποι-

253 4089 420 4142 οὖντο
471 4091 570 4154 τὰς
623 4093 869 4162 ἐφόδους,
903 4099 996 4150 καὶ
1027 4098 1217 4162 κακῶς
1247 4101 1467 4155 ἐποίουν
1523 4104 1621 4173 τὴν
1653 4105 1842 4175 χώραν

254 4181 595 4251 ληϊζόμενοι,
637 4187 729 4239 καὶ
759 4189 1092 4257 συνορῶντες
1127 4192 1254 4263 ἤδη,
1299 4193 1372 4254 ὡς
1417 4195 1476 4249 ὲν
1504 4196 1620 4266 χρῷ
1656 4198 1842 4251 κινδύ-

257 4291 358 4327 νου
399 4276 703 4331 καθεστᾶσι
745 4280 1024 4334 δουλεύειν
1045 4283 1340 4352 Τριΰαλοῖς
1371 4271 1840 4359 ἀναγκαζόμενοι,

253 4365 439 4429 ἄλλως
466 4385 526 4421 τε
557 4369 654 4422 καὶ
681 4369 785 4423 ὑπὸ
802 4371 911 4424 τῶν
938 4372 1177 4442 ἀρίστων
1197 4373 1539 4444 ὲναγόμενοι,
1572 4378 1709 4448 πλὴν
1733 4380 1842 4450 γὰρ

252 4459 460 4527 ὀλίγων
473 4461 540 4514 τὰ
561 4460 824 4529 βασιλέως
838 4459 976 4533 ἦσαν
1002 4465 1200 4527 πάντες
1222 4467 1510 4538 ᾑρημένοι,
1537 4469 1840 4540 ἐψηφίσαν-

1953 1981 2059 2036 lem
2094 1985 2350 2042 arbitrari
2384 2028 2399 2053 ,
2427 1990 2567 2046 nihil
2608 1993 2902 2063 interesse,
2955 1997 3024 2052 ad
3069 2000 3272 2068 ipsum,
3323 2015 3396 2056 an
3451 2002 3534 2057 ad.

1952 2072 2106 2128 illum
2141 2091 2199 2131 se
2240 2081 2576 2137 conferrent.
2619 2084 2710 2138 Sic
2745 2085 2856 2141 illis
2882 2099 3259 2144 commentum
3299 2105 3367 2145 ex
3400 2091 3524 2147 ani-

1951 2168 2025 2222 mi
2060 2169 2330 2224 sententia
2353 2174 2642 2241 processit.
2670 2176 2924 2234 Arbenus
2953 2180 3273 2238 Berrhoeam
3306 2183 3522 2255 ingres-

1951 2269 2067 2322 sus,
2107 2257 2288 2315 Cralis
2326 2261 2540 2320 litteras
2571 2265 2628 2320 in
2682 2280 2954 2326 conventu
3002 2273 3314 2330 recitandas
3361 2277 3520 2331 exlti-

1952 2343 2044 2401 het
2115 2351 2700 2423 etaliasimperatoris
2723 2361 2940 2417 occulte
2988 2378 3089 2434 per
3116 2364 3238 2434 ejus
3273 2353 3521 2423 fautores

1950 2437 2178 2505 spargit.
2215 2438 2550 2498 Berrboeotat
2580 2454 2634 2499 et
2661 2456 2820 2504 antea
2865 2449 2939 2506 ab
2977 2453 3308 2528 imperatore
3357 2455 3520 2511 mini-

1951 2543 2039 2582 me
2067 2529 2254 2593 alieni,
2290 2533 2583 2601 cptimates
2608 2552 2764 2606 teque
2792 2555 2858 2595 ac
2879 2541 3078 2613 vulgus
3114 2553 3170 2600 et
3197 2553 3326 2602 tunc
3348 2563 3377 2602 a
3403 2547 3520 2602 Tri-

1954 2619 2110 2674 ballis
2136 2623 2311 2690 pressi
2339 2624 2558 2695 (crebro
2581 2628 2752 2695 enim,
2803 2632 3264 2704 continenterque
3299 2651 3396 2692 eos
3439 2639 3521 2692 in-

1951 2716 2272 2784 cursabant,
2303 2725 2357 2776 et
2381 2734 2570 2791 agrum
2606 2723 3057 2793 populationibus
3097 2727 3354 2784 infestum
3391 2731 3518 2786 red-

1951 2809 2197 2879 debant),
2229 2821 2286 2867 et
2329 2812 2696 2884 intelligentes
2751 2826 3040 2887 praeterea,
3091 2821 3230 2876 nihil
3295 2823 3522 2892 prepius

1949 2914 2093 2964 esse,
2131 2916 2298 2970 quam
2335 2911 2396 2958 ut
2424 2902 2795 2961 Triballorum
2813 2907 3028 2978 iugum,
3052 2912 3304 2980 quamvis
3334 2915 3524 2968 nolen-

1951 2997 2031 3045 tcs
2071 2991 2378 3060 perferant:
2409 2995 2476 3049 ad
2501 2995 2616 3051 haec
2643 2996 2711 3051 ab
2735 2997 3094 3067 optimatibus
3123 3001 3341 3072 impulsi
3359 3005 3520 3073 (prat-

1953 3089 2037 3137 ter
2071 3097 2298 3152 paucos,
2349 3084 2618 3152 siquidem
2664 3103 2858 3145 omnes
2913 3090 3234 3161 imperatori
3267 3093 3520 3150 adhaere-

1953 3171 2124 3243 bant),
2185 3174 2236 3229 ei
2277 3174 2517 3231 reditum
2563 3179 2912 3235 decernunt:
2969 3183 3235 3254 illicoque
3289 3185 3514 3256 legatos.

1946 3265 2014 3320 de
2047 3267 2384 3336 primoribus
2408 3270 2631 3340 quidem
2671 3271 3070 3346 Alteroperem,
3120 3277 3190 3333 de.
3219 3278 3378 3349 plebe
3425 3280 3519 3336 Al-

1946 3359 2192 3424 leluiam,
2222 3360 2289 3414 de
2316 3361 2511 3416 ordine
2560 3364 2888 3420 clericorum
2925 3366 3122 3437 Syrum
3153 3370 3420 3441 deligunt,
3455 3388 3518 3428 ac

1947 3467 2046 3521 per
2069 3466 2165 3506 eos
2202 3461 2400 3521 rogant
2447 3455 2523 3509 uti
2554 3454 2620 3510 ad
2659 3471 2718 3512 se
2739 3466 3088 3528 approperat.
3135 3460 3325 3533 Legati
3379 3465 3520 3520 anti-

1945 3560 2106 3612 quam
2128 3546 2368 3600 civitatis
2396 3548 2452 3600 in
2495 3547 2647 3602 illum
2691 3549 3131 3608 benevolentiam
3159 3567 3446 3627 exponunt
3467 3571 3522 3614 et

1945 3651 2064 3690 eam
2124 3637 2269 3691 inter
2320 3637 2438 3693 haec
2497 3654 2683 3718 arma‘
2734 3641 2915 3697 civilia
2965 3644 3134 3700 animi
3194 3650 3520 3718 pependisse

1943 3727 2174 3798 ejusque
2210 3727 2507 3784 adventum
2532 3712 2842 3802 excitasse,
2873 3735 2962 3790 cui
2996 3751 3056 3791 se
3095 3736 3296 3794 dedere
3321 3781 3335 3807 ,
3362 3749 3419 3796 et
3450 3741 3516 3796 ad

1951 3817 2156 3871 bellum
2191 3819 2512 3888 adjumento
2536 3837 2656 3877 esse
2690 3826 3085 3894 percupierint.
3119 3827 3394 3897 Quoniam
3421 3848 3521 3886 au-

1945 3916 2054 3963 tem
2083 3925 2307 3964 suorum
2345 3911 2658 3982 proditione
2691 3916 2744 3968 in
2783 3915 2899 3972 haec
2946 3916 3246 3976 infortunia
3295 3921 3519 3978 incidis-

1943 4009 2045 4065 set,
2073 4010 2129 4054 et
2158 4002 2312 4056 exsul
2333 4004 2397 4058 ad
2419 4004 2690 4061 Triballos
2730 4007 2981 4074 abiisset,
3026 4012 3295 4084 cogitasse
3333 4017 3517 4072 statim

1944 4107 1973 4147 a
2016 4093 2290 4164 principio
2343 4095 2410 4150 ad
2441 4096 2633 4152 urbem
2667 4113 2822 4153 suam
2875 4099 3030 4155 illum
3082 4118 3389 4169 accersere,
3421 4109 3519 4162 sed

1945 4185 2162 4247 timore,
2193 4201 2262 4240 ne
2294 4186 2364 4240 ob
2386 4185 2440 4241 id
2468 4187 2520 4241 in
2543 4189 2908 4246 calamitatem
2936 4195 3388 4251 miserabiliorem
3426 4199 3522 4255 de-

1943 4278 2281 4344 voiveretur,
2308 4279 2464 4334 Crale
2493 4291 2717 4351 propter
2767 4283 3056 4351 invidiam,
3089 4295 3144 4342 et
3185 4300 3516 4360 occupatam

1944 4367 2224 4422 civitatem
2260 4369 2492 4425 insidias
2525 4371 2574 4426 ei
2635 4373 3000 4442 instructuro,
3047 4377 3317 4434 hactenus
3354 4382 3518 4451 quie-

1945 4457 2115 4512 visse.
2153 4457 2334 4521 Nunc,
2391 4462 2519 4529 quia
2543 4462 2764 4517 occasio
2830 4467 3062 4531 venerit,
3122 4475 3178 4538 et
3221 4468 3409 4525 Crales
3465 4471 3516 4526 id

251 4566 322 4602 το
349 4551 447 4621 τὴν
478 4551 740 4621 βασιλέως
776 4553 1003 4609 κάθοδον
1031 4571 1043 4586 '
1099 4556 1301 4610 αὐτίκα
1344 4574 1402 4609 τε
1436 4559 1671 4630 ᾑροῦντο
1703 4562 1836 4633 πρέ-

1948 4549 2248 4618 approbare
2272 4551 2544 4617 videatur,
2577 4555 2768 4609 venire
2825 4557 2994 4627 ipsos,
3045 4569 3106 4613 ut
3160 4575 3284 4614 eum
3342 4563 3518 4618 multo

254 4641 434 4706 σϐεις,
460 4645 523 4696 ὲκ
549 4643 649 4714 μὲν
678 4645 790 4698 τῶν
811 4647 1070 4716 ἀρίστων,
1107 4648 1518 4721 Ἀστραπήρην,
1546 4651 1639 4705 τοῦ
1662 4653 1836 4722 δήμου

250 4737 726 4807 δὲ,Ἀλληλούῖανο
757 4741 823 4792 ὲκ
855 4739 964 4793 τῶν
988 4741 1426 4810 κατειλεγμένων
1464 4742 1521 4796 δὲ
1546 4743 1623 4812 τῷ
1653 4745 1842 4816 κλήρῳ

251 4829 361 4893 τῆς
408 4828 706 4899 ἐκκλησίας
730 4870 746 4895 ,
789 4829 960 4900 Σύρον
993 4831 1408 4902 ὼνομασμένοψ
1457 4835 1552 4887 καὶ
1591 4833 1840 4905 ἔπεμπον

253 4918 400 4988 ’πρὸς
419 4919 691 4990 ·-βασιλέα,
716 4923 950 4991 τάχιστα
977 4923 1224 4994 δεόμενοι
1253 4925 1412 4993 ἥκειν
1447 4925 1586 4994 πρὸς
1615 4926 1836 4990 αὐτούς.

255 5014 324 5064 Oi
363 5011 620 5080 πρέσϐεις
652 5012 709 5065 δὲ
753 5014 876 5066 ἐπεὶ
904 5009 1060 5085 ἧκον,
1095 5016 1197 5085 τήν
1243 5032 1305 5068 τε
1349 5016 1588 5086 ἀρχαίαν
1622 5017 1839 5069 εὔνοιαν

255 5099 360 5168 τῆς
393 5101 600 5163 πόλεως
631 5101 850 5170 ἐδήλουν
901 5101 1148 5171 βασιλεῖ,
1184 5103 1278 5154 καὶ
1325 5101 1399 5164 ὡς
1453 5101 1546 5154 τοῦ
1597 5102 1839 5173 πολέμου

255 5189 416 5242 τοῦδε
463 5192 556 5244 τοῦ
613 5192 941 5260 συγγενικοῦ
977 5192 1272 5260 Ῥωμαίοις
1318 5192 1709 5262 κεκινημένου,
1743 5209 1840 5262 με·

259 5281 460 5350 τέωροι
497 5284 650 5336 αὐτοὶ
686 5281 849 5355 ἦσαν,
886 5286 978 5338 καὶ
1025 5285 1124 5356 τὴν
1165 5284 1330 5338 αὑτοῦ
1386 5284 1678 5356 ἐπιδημίαν
1707 5285 1842 5358 ἦγον

259 5375 332 5429 δι’
385 5376 588 5446 εὐχῆς,
631 5380 722 5430 καὶ
777 5375 1049 5446 πρόθυμοι
1095 5373 1238 5448 ἦσαν
1297 5375 1448 5444 αὐτῷ
1506 5378 1841 5448 προσνέμειν

264 5467 518 5530 ἑαυτοὺς,
554 5467 767 5520 καὶτὸν
807 5469 1046 5537 πόλεμον
1073 5465 1637 5537 συγκατεργάζεσθαι.
1685 5466 1840 5520 Ἐπεὶ

264 5558 321 5611 δὲ
349 5561 414 5610 ὲκ
438 5558 728 5626 προδοσίας
755 5560 864 5612 τῶν
902 5560 1170 5613 συνόντων
1217 5559 1460 5630 συμϐαίη
1517 5561 1643 5622 περὶ
1675 5559 1839 5613 αὐτὸν

264 5647 336 5700 τὰ
379 5649 643 5718 δυσχερῆ,
697 5648 789 5701 καὶ
821 5647 966 5700 ἕλοοι
996 5648 1292 5719 ὑπερόριος
1337 5648 1472 5717 πρὸς
1512 5648 1838 5718 Τριδαλοὺς,

273 5739 514 5806 μάλιστα
567 5739 666 5809 μὲν
725 5738 1085 5809 βεϐουλῆσθαι
1147 5739 1309 5803 εὐθὺς
1367 5739 1607 5818 ὲξαρχῆς
1633 5741 1714 5804 είς
1744 5741 1842 5810 τὴν

126 5860 165 5895 ο
269 5832 428 5882 πάλιν
481 5832 891 5899 προκαλεῖσθαι,
941 5831 1246 5896 δεδοικότας
1297 5832 1351 5886 δὲ
1409 5831 1484 5903 μὴ
1530 5833 1616 5888 διὰ
1670 5831 1842 5886 ταῦτα

1943 4658 2067 4697 cum
2108 4644 2330 4713 gaudio,
2369 4644 2668 4717 laetitiaque
2700 4649 2997 4719 accipiant.
3021 4650 3259 4706 Proinde
3300 4663 3521 4708 moveat

1940 4735 2011 4788 ab
2049 4750 2109 4790 se
2143 4751 2345 4799 moras,
2379 4753 2519 4794 neve
2565 4740 2620 4794 in
2670 4741 2822 4796 aliud
2867 4751 3082 4814 tempus
3136 4744 3386 4811 diﬂ'erat,
3446 4763 3517 4804 ne

1941 4824 2067 4894 quis
2117 4840 2277 4880 casus
2338 4842 2452 4882 rem
2503 4839 2674 4883 totam
2747 4831 3019 4887 disturbet
3083 4841 3247 4904 atque
3284 4844 3518 4890 evertat.

1942 4915 2246 4999 Imperator
2276 4918 2482 4974 civitati
2510 4919 2579 4976 de
2615 4921 2718 4976 hac
2741 4938 2871 4994 erga
2915 4939 2973 4977 se
3011 4923 3176 5000 546
3208 4928 3516 4991 voluntate,

1942 5016 1998 5062 et
2050 5011 2344 5077 separatim
2405 5011 2596 5077 legatis
2626 5015 2694 5069 de
2760 5017 3005 5086 ipsorum
3046 5033 3172 5089 erga
3224 5035 3284 5074 se
3334 5021 3519 5076 studio

1941 5101 2241 5158 honorifice
2267 5104 2467 5173 gratias
2491 5105 2624 5174 agit,
2659 5107 2917 5178 Cralique
2991 5126 3258 5166 summam
3293 5113 3515 5183 legatio-

1943 5196 2028 5250 nis
2075 5197 2391 5250 renuntiat:
2463 5197 2559 5267 qui
2622 5198 2956 5266 admiratus,
3013 5206 3315 5259 nonetiam
3367 5206 3517 5260 Bero

1943 5287 2177 5351 rbceam,
2223 5295 2281 5343 ut
2323 5288 2565 5360 reliquas
2607 5293 2771 5347 urbes
2798 5334 2813 5359 ,
2858 5296 3026 5350 verba
3059 5295 3130 5352 de
3185 5297 3518 5367 imperatore

1945 5378 2066 5433 ﬁeri
2099 5379 2363 5444 vetuisse,
2416 5381 2532 5452 ipse
2580 5399 2804 5455 quoque
2846 5403 2972 5442 rem
2992 5389 3058 5442 ad
3107 5377 3314 5443 eiitum
3344 5387 3520 5444 dedu-

1944 5470 2486 5540 cendamjudicavit.
2523 5474 2728 5531 Helena
2761 5493 2893 5532 vero
2916 5481 3122 5551 conjux
3161 5493 3300 5536 mire
3359 5479 3516 5535 solli-

1943 5559 2074 5623 cita,
2139 5561 2535 5629 imperatorem
2590 5565 2911 5631 admonere,
2977 5585 3046 5623 ne
3108 5569 3516 5640 opportunitati

1944 5648 2186 5710 deesset,
2232 5649 2328 5706 sed
2366 5654 2624 5709 omnibus
2667 5658 3009 5727 postpositis,
3048 5659 3367 5715 Berrhmam
3429 5662 3514 5716 sui

1941 5740 2081 5810 juris
2129 5740 2342 5806 facere,
2381 5745 2558 5800 soluat
2605 5750 2988 5826 contenderet.
3073 5753 3516 5826 Didymoticbum

1948 5831 2154 5899 redire,
2185 5847 2306 5889 esse
2342 5834 2393 5890 id
2428 5835 2650 5905 quidem
2682 5842 3052 5899 necessarium
3089 5862 3102 5903 :
3135 5855 3518 5905 verumtamen
