  <div class='ocr_page' id='page_1' title='image "/cluster/home/n/w/nwhite01/storage/ocr_20150623/153:no.1/coo.31924054870583/534.png"; bbox 0 0 4014 6428; ppageno 0'>
   <div class='ocr_carea' id='block_1_1' title="bbox 397 434 533 508">
    <p class='ocr_par' dir='ltr' id='par_1_1' title="bbox 397 434 533 508">
     <span class='ocr_line' id='line_1_1' title="bbox 397 434 533 508; baseline 0 -2"><span class='ocrx_word' id='word_1_1' title='bbox 397 434 533 508; x_wconf 66' lang='grc'><strong>1049</strong></span> 
     </span>
    </p>
   </div>
   <div class='ocr_carea' id='block_1_2' title="bbox 1521 439 2518 506">
    <p class='ocr_par' dir='ltr' id='par_1_2' title="bbox 1521 439 2518 506">
     <span class='ocr_line' id='line_1_2' title="bbox 1521 439 2518 506; baseline 0.006 -8"><span class='ocrx_word' id='word_1_2' title='bbox 1521 439 2075 501; x_wconf 77' lang='lat' dir='ltr'><strong>HISTORIARUM</strong></span> <span class='ocrx_word' id='word_1_3' title='bbox 2117 441 2362 506; x_wconf 82' lang='lat' dir='ltr'><strong>LIBER</strong></span> <span class='ocrx_word' id='word_1_4' title='bbox 2401 444 2518 504; x_wconf 82' lang='lat' dir='ltr'><strong>ill.</strong></span> 
     </span>
    </p>
   </div>
   <div class='ocr_carea' id='block_1_3' title="bbox 3502 444 3645 503">
    <p class='ocr_par' dir='ltr' id='par_1_3' title="bbox 3502 444 3645 503">
     <span class='ocr_line' id='line_1_3' title="bbox 3502 444 3645 503; baseline 0 -1"><span class='ocrx_word' id='word_1_5' title='bbox 3502 444 3645 503; x_wconf 75' lang='grc'>1050</span> 
     </span>
    </p>
   </div>
   <div class='ocr_carea' id='block_1_4' title="bbox 387 548 1976 625">
    <p class='ocr_par' dir='ltr' id='par_1_4' title="bbox 387 548 1963 620">
     <span class='ocr_line' id='line_1_4' title="bbox 387 548 1963 620; baseline -0.003 -13"><span class='ocrx_word' id='word_1_6' title='bbox 387 572 467 614; x_wconf 82' lang='grc' dir='ltr'>το.</span> <span class='ocrx_word' id='word_1_7' title='bbox 531 550 661 606; x_wconf 70' lang='grc' dir='ltr'>ἔνθα</span> <span class='ocrx_word' id='word_1_8' title='bbox 694 552 788 605; x_wconf 69' lang='grc' dir='ltr'>καὶ</span> <span class='ocrx_word' id='word_1_9' title='bbox 839 551 869 619; x_wconf 78' lang='grc' dir='ltr'>ἠ</span> <span class='ocrx_word' id='word_1_10' title='bbox 937 549 1228 620; x_wconf 79' lang='grc' dir='ltr'>Τρισαλῶν</span> <span class='ocrx_word' id='word_1_11' title='bbox 1275 548 1652 618; x_wconf 72' lang='grc' dir='ltr'><strong>διενυκτέρευε</strong></span> <span class='ocrx_word' id='word_1_12' title='bbox 1709 552 1963 620; x_wconf 82' lang='grc' dir='ltr'>στρατιὰ,</span> 
     </span>
    </p>
   </div>
   <div class='ocr_carea' id='block_1_5' title="bbox 2078 548 3645 625">
    <p class='ocr_par' dir='ltr' id='par_1_5' title="bbox 2078 551 3645 625">
     <span class='ocr_line' id='line_1_5' title="bbox 2078 551 3645 625; baseline 0.003 -21"><span class='ocrx_word' id='word_1_13' title='bbox 2078 555 2496 622; x_wconf 61' lang='lat' dir='ltr'><strong>pernoctabant,</strong></span> <span class='ocrx_word' id='word_1_14' title='bbox 2543 553 2611 609; x_wconf 86' lang='lat' dir='ltr'><strong>ad</strong></span> <span class='ocrx_word' id='word_1_15' title='bbox 2643 570 2810 625; x_wconf 86' lang='lat' dir='ltr'><strong>quem</strong></span> <span class='ocrx_word' id='word_1_16' title='bbox 2852 555 3038 609; x_wconf 88' lang='lat' dir='ltr'><strong>vicum</strong></span> <span class='ocrx_word' id='word_1_17' title='bbox 3067 554 3231 608; x_wconf 80' lang='lat' dir='ltr'><strong>etiam</strong></span> <span class='ocrx_word' id='word_1_18' title='bbox 3265 551 3490 609; x_wconf 91' lang='lat' dir='ltr'><strong>Triballi</strong></span> <span class='ocrx_word' id='word_1_19' title='bbox 3527 569 3645 608; x_wconf 85' lang='lat' dir='ltr'><strong>ma-</strong></span> 
     </span>
    </p>
   </div>
   <div class='ocr_carea' id='block_1_6' title="bbox 386 638 1957 713">
    <p class='ocr_par' dir='ltr' id='par_1_6' title="bbox 386 638 1957 713">
     <span class='ocr_line' id='line_1_6' title="bbox 386 638 1957 713; baseline -0.004 -16"><span class='ocrx_word' id='word_1_20' title='bbox 386 642 665 713; x_wconf 74' lang='grc' dir='ltr'>ιάυρόὸου</span> <span class='ocrx_word' id='word_1_21' title='bbox 699 639 1275 710; x_wconf 81' lang='grc' dir='ltr'>προσαγορευομένης,</span> <span class='ocrx_word' id='word_1_22' title='bbox 1319 639 1490 690; x_wconf 77' lang='grc' dir='ltr'>ἐδεῖτο</span> <span class='ocrx_word' id='word_1_23' title='bbox 1523 638 1739 708; x_wconf 69' lang='grc' dir='ltr'>βασιλεῖ</span> <span class='ocrx_word' id='word_1_24' title='bbox 1765 655 1957 691; x_wconf 71' lang='grc' dir='ltr'>συντυο</span> 
     </span>
    </p>
   </div>
   <div class='ocr_carea' id='block_1_7' title="bbox 2066 645 3646 718">
    <p class='ocr_par' dir='ltr' id='par_1_7' title="bbox 2066 645 3646 718">
     <span class='ocr_line' id='line_1_7' title="bbox 2066 645 3646 718; baseline 0.003 -20"><span class='ocrx_word' id='word_1_25' title='bbox 2066 645 2294 711; x_wconf 84' lang='lat' dir='ltr'><strong>nebant,</strong></span> <span class='ocrx_word' id='word_1_26' title='bbox 2335 648 2588 718; x_wconf 85' lang='lat' dir='ltr'><strong>rogabat,</strong></span> <span class='ocrx_word' id='word_1_27' title='bbox 2661 657 2720 702; x_wconf 91' lang='lat' dir='ltr'><strong>ut</strong></span> <span class='ocrx_word' id='word_1_28' title='bbox 2752 647 2858 702; x_wconf 88' lang='lat' dir='ltr'><strong>sibi</strong></span> <span class='ocrx_word' id='word_1_29' title='bbox 2895 645 3247 716; x_wconf 88' lang='lat' dir='ltr'><strong>imperatoris</strong></span> <span class='ocrx_word' id='word_1_30' title='bbox 3269 648 3646 718; x_wconf 76' lang='lat' dir='ltr'><strong>conveniundi</strong></span> 
     </span>
    </p>
   </div>
   <div class='ocr_carea' id='block_1_8' title="bbox 383 731 1976 809">
    <p class='ocr_par' dir='ltr' id='par_1_8' title="bbox 383 731 1962 807">
     <span class='ocr_line' id='line_1_8' title="bbox 383 731 1962 807; baseline -0.003 -18"><span class='ocrx_word' id='word_1_31' title='bbox 383 740 523 807; x_wconf 79' lang='grc' dir='ltr'>χεῖν,</span> <span class='ocrx_word' id='word_1_32' title='bbox 556 736 633 799; x_wconf 87' lang='grc' dir='ltr'><strong>ὡς</strong></span> <span class='ocrx_word' id='word_1_33' title='bbox 663 735 789 802; x_wconf 87' lang='grc' dir='ltr'>περί</span> <span class='ocrx_word' id='word_1_34' title='bbox 823 751 984 786; x_wconf 85' lang='grc' dir='ltr'>τινων</span> <span class='ocrx_word' id='word_1_35' title='bbox 1016 732 1331 796; x_wconf 76' lang='grc' dir='ltr'><strong>ἀναγκαίων</strong></span> <span class='ocrx_word' id='word_1_36' title='bbox 1364 731 1762 803; x_wconf 80' lang='grc' dir='ltr'>διαλεξόμενος.</span> <span class='ocrx_word' id='word_1_37' title='bbox 1805 732 1962 785; x_wconf 68' lang='grc' dir='ltr'>Ἐπεὶ</span> 
     </span>
    </p>
   </div>
   <div class='ocr_carea' id='block_1_9' title="bbox 2078 731 3644 809">
    <p class='ocr_par' dir='ltr' id='par_1_9' title="bbox 2078 739 3644 809">
     <span class='ocr_line' id='line_1_9' title="bbox 2078 739 3644 809; baseline 0.004 -18"><span class='ocrx_word' id='word_1_38' title='bbox 2078 739 2219 809; x_wconf 86' lang='lat' dir='ltr'><strong>:opia</strong></span> <span class='ocrx_word' id='word_1_39' title='bbox 2255 741 2430 805; x_wconf 86' lang='lat' dir='ltr'><strong>lieret,</strong></span> <span class='ocrx_word' id='word_1_40' title='bbox 2467 741 2534 799; x_wconf 90' lang='lat' dir='ltr'><strong>de</strong></span> <span class='ocrx_word' id='word_1_41' title='bbox 2571 757 2630 797; x_wconf 91' lang='lat' dir='ltr'><strong>re</strong></span> <span class='ocrx_word' id='word_1_42' title='bbox 2679 744 2993 798; x_wconf 84' lang='lat' dir='ltr'><strong>necessaria</strong></span> <span class='ocrx_word' id='word_1_43' title='bbox 3025 757 3151 798; x_wconf 91' lang='lat' dir='ltr'><strong>cum</strong></span> <span class='ocrx_word' id='word_1_44' title='bbox 3177 757 3244 797; x_wconf 93' lang='lat' dir='ltr'><strong>eo</strong></span> <span class='ocrx_word' id='word_1_45' title='bbox 3275 741 3644 797; x_wconf 81' lang='lat' dir='ltr'><strong>collocutura.</strong></span> 
     </span>
    </p>
   </div>
   <div class='ocr_carea' id='block_1_10' title="bbox 385 824 1961 895">
    <p class='ocr_par' dir='ltr' id='par_1_10' title="bbox 385 824 1961 895">
     <span class='ocr_line' id='line_1_10' title="bbox 385 824 1961 895; baseline -0.002 -15"><span class='ocrx_word' id='word_1_46' title='bbox 385 829 441 881; x_wconf 75' lang='grc' dir='ltr'>δὲ</span> <span class='ocrx_word' id='word_1_47' title='bbox 472 827 727 894; x_wconf 72' lang='grc' dir='ltr'><strong>εἰσήγετο</strong></span> <span class='ocrx_word' id='word_1_48' title='bbox 758 826 892 895; x_wconf 78' lang='grc' dir='ltr'>πρὸς</span> <span class='ocrx_word' id='word_1_49' title='bbox 922 824 1168 894; x_wconf 77' lang='grc' dir='ltr'>βασιλέα,</span> <span class='ocrx_word' id='word_1_50' title='bbox 1188 825 1383 894; x_wconf 84' lang='grc' dir='ltr'>πρῶτα</span> <span class='ocrx_word' id='word_1_51' title='bbox 1418 826 1515 895; x_wconf 85' lang='grc' dir='ltr'>μὲν</span> <span class='ocrx_word' id='word_1_52' title='bbox 1542 826 1778 895; x_wconf 80' lang='grc' dir='ltr'><strong>ἀρχαίας</strong></span> <span class='ocrx_word' id='word_1_53' title='bbox 1815 825 1961 888; x_wconf 79' lang='grc' dir='ltr'>τινὸς</span> 
     </span>
    </p>
   </div>
   <div class='ocr_carea' id='block_1_11' title="bbox 383 915 1965 988">
    <p class='ocr_par' dir='ltr' id='par_1_11' title="bbox 383 915 1965 988">
     <span class='ocr_line' id='line_1_11' title="bbox 383 915 1965 988; baseline -0.003 -16"><span class='ocrx_word' id='word_1_54' title='bbox 383 920 471 972; x_wconf 65' lang='lat' dir='ltr'><strong>si):</strong></span> <span class='ocrx_word' id='word_1_55' title='bbox 483 921 705 987; x_wconf 70' lang='grc' dir='ltr'>ργετίας</span> <span class='ocrx_word' id='word_1_56' title='bbox 733 918 961 988; x_wconf 80' lang='grc' dir='ltr'>χάριτας</span> <span class='ocrx_word' id='word_1_57' title='bbox 987 915 1224 984; x_wconf 81' lang='grc' dir='ltr'>ὀφείλειν</span> <span class='ocrx_word' id='word_1_58' title='bbox 1243 916 1422 984; x_wconf 86' lang='grc' dir='ltr'>ὼμολό</span> <span class='ocrx_word' id='word_1_59' title='bbox 1437 934 1510 981; x_wconf 67' lang='grc' dir='ltr'>ίει</span> <span class='ocrx_word' id='word_1_60' title='bbox 1535 915 1965 987; x_wconf 82' lang='grc' dir='ltr'>βασιλεί.Ἔπει-</span> 
     </span>
    </p>
   </div>
   <div class='ocr_carea' id='block_1_12' title="bbox 383 1003 1962 1080">
    <p class='ocr_par' dir='ltr' id='par_1_12' title="bbox 383 1003 1962 1080">
     <span class='ocr_line' id='line_1_12' title="bbox 383 1003 1962 1080; baseline -0.003 -16"><span class='ocrx_word' id='word_1_61' title='bbox 383 1028 452 1063; x_wconf 83' lang='grc' dir='ltr'><strong>τα</strong></span> <span class='ocrx_word' id='word_1_62' title='bbox 478 1011 715 1080; x_wconf 68' lang='grc' dir='ltr'>ἐμήνυεν</span> <span class='ocrx_word' id='word_1_63' title='bbox 743 1011 816 1072; x_wconf 83' lang='grc' dir='ltr'>ὡς</span> <span class='ocrx_word' id='word_1_64' title='bbox 844 1011 874 1078; x_wconf 83' lang='grc' dir='ltr'>ἡ</span> <span class='ocrx_word' id='word_1_65' title='bbox 911 1011 1142 1078; x_wconf 79' lang='grc' dir='ltr'>στρατιά</span> <span class='ocrx_word' id='word_1_66' title='bbox 1159 1008 1445 1079; x_wconf 77' lang='grc' dir='ltr'>Τριόαλῶν</span> <span class='ocrx_word' id='word_1_67' title='bbox 1470 1003 1536 1080; x_wconf 84' lang='grc' dir='ltr'>ἦς</span> <span class='ocrx_word' id='word_1_68' title='bbox 1563 1011 1774 1077; x_wconf 75' lang='grc' dir='ltr'>ἡγεῖται</span> <span class='ocrx_word' id='word_1_69' title='bbox 1806 1010 1962 1062; x_wconf 74' lang='lat' dir='ltr'><strong>Mne-</strong></span> 
     </span>
    </p>
   </div>
   <div class='ocr_carea' id='block_1_13' title="bbox 385 1100 1965 1176">
    <p class='ocr_par' dir='ltr' id='par_1_13' title="bbox 385 1100 1965 1176">
     <span class='ocr_line' id='line_1_13' title="bbox 385 1100 1965 1176; baseline -0.001 -23"><span class='ocrx_word' id='word_1_70' title='bbox 385 1103 544 1170; x_wconf 83' lang='grc' dir='ltr'>ζίκης</span> <span class='ocrx_word' id='word_1_71' title='bbox 599 1117 685 1161; x_wconf 88' lang='grc' dir='ltr'><strong>τις</strong></span> <span class='ocrx_word' id='word_1_72' title='bbox 717 1101 1287 1171; x_wconf 75' lang='grc' dir='ltr'><strong>προσαγορευόμενος,</strong></span> <span class='ocrx_word' id='word_1_73' title='bbox 1331 1102 1429 1176; x_wconf 72' lang='grc' dir='ltr'>καὶ</span> <span class='ocrx_word' id='word_1_74' title='bbox 1481 1101 1748 1169; x_wconf 76' lang='grc' dir='ltr'>Στέφανος</span> <span class='ocrx_word' id='word_1_75' title='bbox 1779 1100 1965 1153; x_wconf 87' lang='grc' dir='ltr'>δεύτε-</span> 
     </span>
    </p>
   </div>
   <div class='ocr_carea' id='block_1_14' title="bbox 388 1191 1965 1262">
    <p class='ocr_par' dir='ltr' id='par_1_14' title="bbox 388 1191 1965 1262">
     <span class='ocr_line' id='line_1_14' title="bbox 388 1191 1965 1262; baseline -0.001 -18"><span class='ocrx_word' id='word_1_76' title='bbox 388 1209 500 1259; x_wconf 81' lang='grc' dir='ltr'>ρος,</span> <span class='ocrx_word' id='word_1_77' title='bbox 531 1192 596 1243; x_wconf 86' lang='grc' dir='ltr'>ὲκ</span> <span class='ocrx_word' id='word_1_78' title='bbox 630 1191 813 1253; x_wconf 79' lang='grc' dir='ltr'>πεζῶν</span> <span class='ocrx_word' id='word_1_79' title='bbox 849 1191 942 1244; x_wconf 80' lang='grc' dir='ltr'>καὶ</span> <span class='ocrx_word' id='word_1_80' title='bbox 1001 1191 1212 1244; x_wconf 72' lang='grc' dir='ltr'>ἱππέων</span> <span class='ocrx_word' id='word_1_81' title='bbox 1266 1192 1630 1262; x_wconf 80' lang='grc' dir='ltr'>ἠθροισμένη,</span> <span class='ocrx_word' id='word_1_82' title='bbox 1685 1191 1965 1262; x_wconf 79' lang='grc' dir='ltr'>πεμφθείη</span> 
     </span>
    </p>
   </div>
   <div class='ocr_carea' id='block_1_15' title="bbox 390 1283 1965 1355">
    <p class='ocr_par' dir='ltr' id='par_1_15' title="bbox 390 1283 1965 1355">
     <span class='ocr_line' id='line_1_15' title="bbox 390 1283 1965 1355; baseline 0 -19"><span class='ocrx_word' id='word_1_83' title='bbox 390 1285 491 1354; x_wconf 76' lang='grc' dir='ltr'>μὲν</span> <span class='ocrx_word' id='word_1_84' title='bbox 535 1285 690 1352; x_wconf 72' lang='grc' dir='ltr'>παρὰ</span> <span class='ocrx_word' id='word_1_85' title='bbox 732 1285 926 1355; x_wconf 81' lang='grc' dir='ltr'>Κραλη</span> <span class='ocrx_word' id='word_1_86' title='bbox 977 1285 1070 1338; x_wconf 76' lang='grc' dir='ltr'><strong>ἐπὶ</strong></span> <span class='ocrx_word' id='word_1_87' title='bbox 1105 1283 1184 1350; x_wconf 85' lang='grc' dir='ltr'>τῷ</span> <span class='ocrx_word' id='word_1_88' title='bbox 1244 1285 1505 1354; x_wconf 78' lang='grc' dir='ltr'><strong>βλάπτειν</strong></span> <span class='ocrx_word' id='word_1_89' title='bbox 1553 1284 1800 1355; x_wconf 79' lang='grc' dir='ltr'>βασιλέα,</span> <span class='ocrx_word' id='word_1_90' title='bbox 1863 1287 1965 1338; x_wconf 66' lang='grc' dir='ltr'>ὅσα</span> 
     </span>
    </p>
   </div>
   <div class='ocr_carea' id='block_1_16' title="bbox 383 1372 1968 1446">
    <p class='ocr_par' dir='ltr' id='par_1_16' title="bbox 383 1372 1968 1446">
     <span class='ocr_line' id='line_1_16' title="bbox 383 1372 1968 1446; baseline 0.001 -19"><span class='ocrx_word' id='word_1_91' title='bbox 383 1373 624 1428; x_wconf 88' lang='grc' dir='ltr'>δύναιτο.</span> <span class='ocrx_word' id='word_1_92' title='bbox 651 1374 812 1426; x_wconf 70' lang='grc' dir='ltr'>Αὐτοὶ</span> <span class='ocrx_word' id='word_1_93' title='bbox 846 1373 903 1426; x_wconf 84' lang='grc' dir='ltr'>δὲ</span> <span class='ocrx_word' id='word_1_94' title='bbox 945 1373 1120 1437; x_wconf 79' lang='grc' dir='ltr'>οὕτως</span> <span class='ocrx_word' id='word_1_95' title='bbox 1155 1372 1295 1428; x_wconf 74' lang='grc' dir='ltr'>εἶναι</span> <span class='ocrx_word' id='word_1_96' title='bbox 1332 1375 1866 1446; x_wconf 66' lang='grc' dir='ltr'>παρεσκευασμένοι,</span> <span class='ocrx_word' id='word_1_97' title='bbox 1890 1375 1968 1437; x_wconf 82' lang='grc' dir='ltr'><strong>ὡς</strong></span> 
     </span>
    </p>
   </div>
   <div class='ocr_carea' id='block_1_17' title="bbox 385 1463 1967 1536">
    <p class='ocr_par' dir='ltr' id='par_1_17' title="bbox 385 1463 1967 1536">
     <span class='ocr_line' id='line_1_17' title="bbox 385 1463 1967 1536; baseline 0 -18"><span class='ocrx_word' id='word_1_98' title='bbox 385 1466 434 1518; x_wconf 82' lang='grc' dir='ltr'><strong>εί</strong></span> <span class='ocrx_word' id='word_1_99' title='bbox 468 1467 718 1528; x_wconf 66' lang='grc' dir='ltr'>ἀκατίοις</span> <span class='ocrx_word' id='word_1_100' title='bbox 765 1463 944 1534; x_wconf 82' lang='grc' dir='ltr'>χρῷτο</span> <span class='ocrx_word' id='word_1_101' title='bbox 997 1467 1029 1534; x_wconf 82' lang='grc' dir='ltr'><strong>ἡ</strong></span> <span class='ocrx_word' id='word_1_102' title='bbox 1073 1465 1344 1535; x_wconf 86' lang='grc' dir='ltr'>βασιλέως</span> <span class='ocrx_word' id='word_1_103' title='bbox 1401 1466 1630 1535; x_wconf 80' lang='grc' dir='ltr'>στρατιὰ</span> <span class='ocrx_word' id='word_1_104' title='bbox 1688 1467 1825 1536; x_wconf 70' lang='grc' dir='ltr'>πρὸς</span> <span class='ocrx_word' id='word_1_105' title='bbox 1868 1466 1967 1534; x_wconf 62' lang='grc' dir='ltr'>τὴν</span> 
     </span>
    </p>
   </div>
   <div class='ocr_carea' id='block_1_18' title="bbox 390 1555 1970 1625">
    <p class='ocr_par' dir='ltr' id='par_1_18' title="bbox 390 1555 1970 1625">
     <span class='ocr_line' id='line_1_18' title="bbox 390 1555 1970 1625; baseline 0.001 -16"><span class='ocrx_word' id='word_1_106' title='bbox 390 1555 660 1621; x_wconf 68' lang='grc' dir='ltr'>διάϐασιν,</span> <span class='ocrx_word' id='word_1_107' title='bbox 691 1557 804 1618; x_wconf 83' lang='grc' dir='ltr'>τοῖς</span> <span class='ocrx_word' id='word_1_108' title='bbox 830 1555 1063 1625; x_wconf 80' lang='grc' dir='ltr'>πρώτως</span> <span class='ocrx_word' id='word_1_109' title='bbox 1089 1556 1340 1610; x_wconf 77' lang='grc' dir='ltr'>διαϐᾶσιν</span> <span class='ocrx_word' id='word_1_110' title='bbox 1368 1557 1710 1610; x_wconf 69' lang='grc' dir='ltr'><strong>ἐπιτίθεσθαι</strong></span> <span class='ocrx_word' id='word_1_111' title='bbox 1742 1557 1834 1610; x_wconf 65' lang='grc' dir='ltr'>καὶ</span> <span class='ocrx_word' id='word_1_112' title='bbox 1855 1560 1970 1610; x_wconf 85' lang='grc' dir='ltr'>δια-</span> 
     </span>
    </p>
   </div>
   <div class='ocr_carea' id='block_1_19' title="bbox 385 1642 1968 1716">
    <p class='ocr_par' dir='ltr' id='par_1_19' title="bbox 385 1642 1968 1716">
     <span class='ocr_line' id='line_1_19' title="bbox 385 1642 1968 1716; baseline 0.003 -20"><span class='ocrx_word' id='word_1_113' title='bbox 385 1643 636 1716; x_wconf 79' lang='grc' dir='ltr'>φθείρειν</span> <span class='ocrx_word' id='word_1_114' title='bbox 661 1661 676 1675; x_wconf 90' lang='grc'><strong>·</strong></span> <span class='ocrx_word' id='word_1_115' title='bbox 709 1644 900 1698; x_wconf 74' lang='grc' dir='ltr'>ἔπειτα</span> <span class='ocrx_word' id='word_1_116' title='bbox 931 1647 1287 1713; x_wconf 81' lang='grc' dir='ltr'><strong>ἀνείργοντας</strong></span> <span class='ocrx_word' id='word_1_117' title='bbox 1320 1642 1459 1709; x_wconf 72' lang='grc' dir='ltr'>τοὺξ</span> <span class='ocrx_word' id='word_1_118' title='bbox 1484 1647 1677 1705; x_wconf 74' lang='grc' dir='ltr'>ἄλλους</span> <span class='ocrx_word' id='word_1_119' title='bbox 1705 1647 1846 1715; x_wconf 72' lang='grc' dir='ltr'>πρὸς</span> <span class='ocrx_word' id='word_1_120' title='bbox 1874 1647 1968 1700; x_wconf 80' lang='grc' dir='ltr'><strong>τὸν</strong></span> 
     </span>
    </p>
   </div>
   <div class='ocr_carea' id='block_1_20' title="bbox 386 1735 1971 1808">
    <p class='ocr_par' dir='ltr' id='par_1_20' title="bbox 386 1735 1971 1808">
     <span class='ocr_line' id='line_1_20' title="bbox 386 1735 1971 1808; baseline 0.001 -20"><span class='ocrx_word' id='word_1_121' title='bbox 386 1735 576 1805; x_wconf 78' lang='grc' dir='ltr'>πόρον,</span> <span class='ocrx_word' id='word_1_122' title='bbox 599 1737 801 1800; x_wconf 74' lang='grc' dir='ltr'>αὐτοὺς</span> <span class='ocrx_word' id='word_1_123' title='bbox 833 1738 932 1806; x_wconf 83' lang='grc' dir='ltr'>μὲν</span> <span class='ocrx_word' id='word_1_124' title='bbox 970 1737 1251 1805; x_wconf 85' lang='grc' dir='ltr'>διαμένειν</span> <span class='ocrx_word' id='word_1_125' title='bbox 1296 1736 1528 1800; x_wconf 85' lang='grc' dir='ltr'>ἀπαθεῖς</span> <span class='ocrx_word' id='word_1_126' title='bbox 1560 1739 1776 1790; x_wconf 75' lang='grc' dir='ltr'>κακῶνο</span> <span class='ocrx_word' id='word_1_127' title='bbox 1813 1739 1971 1808; x_wconf 79' lang='grc' dir='ltr'>βασι-</span> 
     </span>
    </p>
   </div>
   <div class='ocr_carea' id='block_1_21' title="bbox 385 1827 1967 1896">
    <p class='ocr_par' dir='ltr' id='par_1_21' title="bbox 385 1827 1967 1896">
     <span class='ocr_line' id='line_1_21' title="bbox 385 1827 1967 1896; baseline 0.002 -17"><span class='ocrx_word' id='word_1_128' title='bbox 385 1827 484 1882; x_wconf 88' lang='grc' dir='ltr'><strong>λέα</strong></span> <span class='ocrx_word' id='word_1_129' title='bbox 515 1827 572 1880; x_wconf 69' lang='grc' dir='ltr'>δὲ</span> <span class='ocrx_word' id='word_1_130' title='bbox 607 1828 877 1896; x_wconf 63' lang='grc' dir='ltr'>μετάντῶν</span> <span class='ocrx_word' id='word_1_131' title='bbox 913 1829 1203 1890; x_wconf 86' lang='grc' dir='ltr'>συνόντων,</span> <span class='ocrx_word' id='word_1_132' title='bbox 1253 1828 1357 1882; x_wconf 74' lang='grc' dir='ltr'><strong>ὑπὸ</strong></span> <span class='ocrx_word' id='word_1_133' title='bbox 1391 1829 1492 1896; x_wconf 82' lang='grc' dir='ltr'>τῆς</span> <span class='ocrx_word' id='word_1_134' title='bbox 1534 1831 1598 1882; x_wconf 77' lang='grc' dir='ltr'>ὲκ</span> <span class='ocrx_word' id='word_1_135' title='bbox 1639 1829 1967 1882; x_wconf 79' lang='grc' dir='ltr'>Θεσσαλονί-</span> 
     </span>
    </p>
   </div>
   <div class='ocr_carea' id='block_1_22' title="bbox 2064 831 3648 902">
    <p class='ocr_par' dir='ltr' id='par_1_22' title="bbox 2064 831 3648 902">
     <span class='ocr_line' id='line_1_22' title="bbox 2064 831 3648 902; baseline 0.001 -18"><span class='ocrx_word' id='word_1_136' title='bbox 2064 831 2144 885; x_wconf 84' lang='lat' dir='ltr'><strong>Ad</strong></span> <span class='ocrx_word' id='word_1_137' title='bbox 2200 848 2364 901; x_wconf 85' lang='lat' dir='ltr'><strong>quem</strong></span> <span class='ocrx_word' id='word_1_138' title='bbox 2414 832 2803 896; x_wconf 87' lang='lat' dir='ltr'><strong>introductus,</strong></span> <span class='ocrx_word' id='word_1_139' title='bbox 2858 834 3092 902; x_wconf 88' lang='lat' dir='ltr'><strong>primum</strong></span> <span class='ocrx_word' id='word_1_140' title='bbox 3147 832 3370 902; x_wconf 80' lang='lat' dir='ltr'><strong>quidem</strong></span> <span class='ocrx_word' id='word_1_141' title='bbox 3430 831 3648 900; x_wconf 91' lang='lat' dir='ltr'><strong>antiqui</strong></span> 
     </span>
    </p>
   </div>
   <div class='ocr_carea' id='block_1_23' title="bbox 2065 924 3648 996">
    <p class='ocr_par' dir='ltr' id='par_1_23' title="bbox 2065 924 3648 996">
     <span class='ocr_line' id='line_1_23' title="bbox 2065 924 3648 996; baseline -0.001 -17"><span class='ocrx_word' id='word_1_142' title='bbox 2065 925 2348 994; x_wconf 86' lang='lat' dir='ltr'><strong>cujusdam</strong></span> <span class='ocrx_word' id='word_1_143' title='bbox 2405 925 2659 982; x_wconf 79' lang='lat' dir='ltr'><strong>beneficii</strong></span> <span class='ocrx_word' id='word_1_144' title='bbox 2699 927 2926 996; x_wconf 79' lang='lat' dir='ltr'><strong>gratiam</strong></span> <span class='ocrx_word' id='word_1_145' title='bbox 2960 943 3020 982; x_wconf 87' lang='lat' dir='ltr'><strong>se</strong></span> <span class='ocrx_word' id='word_1_146' title='bbox 3068 926 3146 980; x_wconf 85' lang='lat' dir='ltr'><strong>illi</strong></span> <span class='ocrx_word' id='word_1_147' title='bbox 3181 925 3382 981; x_wconf 82' lang='lat' dir='ltr'><strong>debere</strong></span> <span class='ocrx_word' id='word_1_148' title='bbox 3417 924 3648 980; x_wconf 80' lang='lat' dir='ltr'><strong>conﬁte-</strong></span> 
     </span>
    </p>
   </div>
   <div class='ocr_carea' id='block_1_24' title="bbox 2068 1015 3650 1080">
    <p class='ocr_par' dir='ltr' id='par_1_24' title="bbox 2068 1015 3650 1080">
     <span class='ocr_line' id='line_1_24' title="bbox 2068 1015 3650 1080; baseline 0 -12"><span class='ocrx_word' id='word_1_149' title='bbox 2068 1023 2180 1070; x_wconf 90' lang='lat' dir='ltr'><strong>tur.</strong></span> <span class='ocrx_word' id='word_1_150' title='bbox 2228 1016 2362 1069; x_wconf 91' lang='lat' dir='ltr'><strong>Post</strong></span> <span class='ocrx_word' id='word_1_151' title='bbox 2393 1015 2626 1078; x_wconf 73' lang='lat' dir='ltr'><strong>indicat,</strong></span> <span class='ocrx_word' id='word_1_152' title='bbox 2668 1016 3039 1072; x_wconf 87' lang='lat' dir='ltr'><strong>Triballorum</strong></span> <span class='ocrx_word' id='word_1_153' title='bbox 3086 1033 3307 1071; x_wconf 87' lang='lat' dir='ltr'><strong>manum</strong></span> <span class='ocrx_word' id='word_1_154' title='bbox 3340 1016 3562 1080; x_wconf 83' lang='lat' dir='ltr'><strong>Bozice,</strong></span> <span class='ocrx_word' id='word_1_155' title='bbox 3593 1023 3650 1068; x_wconf 90' lang='lat' dir='ltr'><strong>et</strong></span> 
     </span>
    </p>
   </div>
   <div class='ocr_carea' id='block_1_25' title="bbox 2068 1103 3649 1175">
    <p class='ocr_par' dir='ltr' id='par_1_25' title="bbox 2068 1103 3649 1175">
     <span class='ocr_line' id='line_1_25' title="bbox 2068 1103 3649 1175; baseline -0.001 -17"><span class='ocrx_word' id='word_1_156' title='bbox 2068 1103 2348 1174; x_wconf 81' lang='lat' dir='ltr'><strong>Stephano</strong></span> <span class='ocrx_word' id='word_1_157' title='bbox 2395 1106 2654 1166; x_wconf 86' lang='lat' dir='ltr'><strong>ducibus.</strong></span> <span class='ocrx_word' id='word_1_158' title='bbox 2702 1122 2769 1160; x_wconf 82' lang='lat' dir='ltr'><strong>ex</strong></span> <span class='ocrx_word' id='word_1_159' title='bbox 2802 1107 3080 1175; x_wconf 84' lang='lat' dir='ltr'><strong>peditibus</strong></span> <span class='ocrx_word' id='word_1_160' title='bbox 3115 1117 3172 1161; x_wconf 93' lang='lat' dir='ltr'><strong>et</strong></span> <span class='ocrx_word' id='word_1_161' title='bbox 3205 1107 3489 1175; x_wconf 79' lang='lat' dir='ltr'><strong>equitibus</strong></span> <span class='ocrx_word' id='word_1_162' title='bbox 3516 1121 3649 1160; x_wconf 57' lang='lat' dir='ltr'><strong>con.</strong></span> 
     </span>
    </p>
   </div>
   <div class='ocr_carea' id='block_1_26' title="bbox 2068 1197 3641 1268">
    <p class='ocr_par' dir='ltr' id='par_1_26' title="bbox 2068 1197 3641 1268">
     <span class='ocr_line' id='line_1_26' title="bbox 2068 1197 3641 1268; baseline 0.001 -17"><span class='ocrx_word' id='word_1_163' title='bbox 2068 1206 2325 1262; x_wconf 82' lang='lat' dir='ltr'><strong>stantem,</strong></span> <span class='ocrx_word' id='word_1_164' title='bbox 2381 1199 2602 1252; x_wconf 85' lang='lat' dir='ltr'><strong>missam</strong></span> <span class='ocrx_word' id='word_1_165' title='bbox 2645 1213 2675 1251; x_wconf 89' lang='lat' dir='ltr'><strong>a</strong></span> <span class='ocrx_word' id='word_1_166' title='bbox 2704 1197 2884 1262; x_wconf 88' lang='lat' dir='ltr'><strong>Crale,</strong></span> <span class='ocrx_word' id='word_1_167' title='bbox 2913 1207 2974 1252; x_wconf 89' lang='lat' dir='ltr'><strong>ut</strong></span> <span class='ocrx_word' id='word_1_168' title='bbox 2997 1199 3317 1268; x_wconf 86' lang='lat' dir='ltr'><strong>imperatori</strong></span> <span class='ocrx_word' id='word_1_169' title='bbox 3351 1208 3641 1260; x_wconf 87' lang='lat' dir='ltr'><strong>nocerent,</strong></span> 
     </span>
    </p>
   </div>
   <div class='ocr_carea' id='block_1_27' title="bbox 2066 1287 3646 1358">
    <p class='ocr_par' dir='ltr' id='par_1_27' title="bbox 2066 1287 3646 1358">
     <span class='ocr_line' id='line_1_27' title="bbox 2066 1287 3646 1358; baseline 0.002 -18"><span class='ocrx_word' id='word_1_170' title='bbox 2066 1296 2334 1356; x_wconf 90' lang='lat' dir='ltr'><strong>quantum</strong></span> <span class='ocrx_word' id='word_1_171' title='bbox 2385 1298 2630 1358; x_wconf 82' lang='lat' dir='ltr'><strong>possent.</strong></span> <span class='ocrx_word' id='word_1_172' title='bbox 2677 1288 2833 1357; x_wconf 90' lang='lat' dir='ltr'><strong>lpsos</strong></span> <span class='ocrx_word' id='word_1_173' title='bbox 2887 1299 3070 1344; x_wconf 88' lang='lat' dir='ltr'><strong>autem</strong></span> <span class='ocrx_word' id='word_1_174' title='bbox 3097 1354 3101 1358; x_wconf 94' lang='lat'><em>_</em></span> <span class='ocrx_word' id='word_1_175' title='bbox 3130 1287 3212 1344; x_wconf 90' lang='lat' dir='ltr'><strong>sic</strong></span> <span class='ocrx_word' id='word_1_176' title='bbox 3244 1303 3365 1343; x_wconf 89' lang='lat' dir='ltr'><strong>esse</strong></span> <span class='ocrx_word' id='word_1_177' title='bbox 3400 1298 3646 1358; x_wconf 86' lang='lat' dir='ltr'><strong>paratos.</strong></span> 
     </span>
    </p>
   </div>
   <div class='ocr_carea' id='block_1_28' title="bbox 2069 1377 3650 1447">
    <p class='ocr_par' dir='ltr' id='par_1_28' title="bbox 2069 1377 3650 1447">
     <span class='ocr_line' id='line_1_28' title="bbox 2069 1377 3650 1447; baseline -0.001 -14"><span class='ocrx_word' id='word_1_178' title='bbox 2069 1388 2130 1434; x_wconf 87' lang='lat' dir='ltr'><strong>ut</strong></span> <span class='ocrx_word' id='word_1_179' title='bbox 2183 1379 2228 1433; x_wconf 89' lang='lat' dir='ltr'><strong>si</strong></span> <span class='ocrx_word' id='word_1_180' title='bbox 2301 1379 2649 1447; x_wconf 83' lang='lat' dir='ltr'><strong>imperatoris</strong></span> <span class='ocrx_word' id='word_1_181' title='bbox 2695 1379 3255 1434; x_wconf 76' lang='lat' dir='ltr'><strong>cobortcs‘actuariis</strong></span> <span class='ocrx_word' id='word_1_182' title='bbox 3307 1379 3534 1433; x_wconf 89' lang='lat' dir='ltr'><strong>minutis</strong></span> <span class='ocrx_word' id='word_1_183' title='bbox 3580 1377 3650 1432; x_wconf 89' lang='lat' dir='ltr'><strong>ad</strong></span> 
     </span>
    </p>
   </div>
   <div class='ocr_carea' id='block_1_29' title="bbox 2072 1467 3654 1538">
    <p class='ocr_par' dir='ltr' id='par_1_29' title="bbox 2072 1467 3654 1538">
     <span class='ocr_line' id='line_1_29' title="bbox 2072 1467 3654 1538; baseline -0.001 -16"><span class='ocrx_word' id='word_1_184' title='bbox 2072 1469 2458 1537; x_wconf 83' lang='lat' dir='ltr'><strong>trajiciendum</strong></span> <span class='ocrx_word' id='word_1_185' title='bbox 2513 1478 2820 1531; x_wconf 87' lang='lat' dir='ltr'><strong>uterentur,</strong></span> <span class='ocrx_word' id='word_1_186' title='bbox 2869 1467 3031 1538; x_wconf 82' lang='lat'><strong>550</strong></span> <span class='ocrx_word' id='word_1_187' title='bbox 3079 1468 3174 1536; x_wconf 92' lang='lat' dir='ltr'><strong>qui</strong></span> <span class='ocrx_word' id='word_1_188' title='bbox 3212 1468 3375 1536; x_wconf 87' lang='lat' dir='ltr'><strong>primi</strong></span> <span class='ocrx_word' id='word_1_189' title='bbox 3419 1467 3654 1521; x_wconf 87' lang='lat' dir='ltr'><strong>transie-</strong></span> 
     </span>
    </p>
   </div>
   <div class='ocr_carea' id='block_1_30' title="bbox 2071 1557 3652 1625">
    <p class='ocr_par' dir='ltr' id='par_1_30' title="bbox 2071 1557 3652 1625">
     <span class='ocr_line' id='line_1_30' title="bbox 2071 1557 3652 1625; baseline -0.004 -10"><span class='ocrx_word' id='word_1_190' title='bbox 2071 1561 2204 1625; x_wconf 89' lang='lat' dir='ltr'><strong>rint,</strong></span> <span class='ocrx_word' id='word_1_191' title='bbox 2244 1575 2340 1616; x_wconf 88' lang='lat' dir='ltr'><strong>eos</strong></span> <span class='ocrx_word' id='word_1_192' title='bbox 2384 1560 2563 1615; x_wconf 85' lang='lat' dir='ltr'><strong>adorti</strong></span> <span class='ocrx_word' id='word_1_193' title='bbox 2597 1559 2932 1614; x_wconf 82' lang='lat' dir='ltr'><strong>interﬁciant</strong></span> <span class='ocrx_word' id='word_1_194' title='bbox 2967 1578 2980 1612; x_wconf 88' lang='lat'><strong>:</strong></span> <span class='ocrx_word' id='word_1_195' title='bbox 3019 1559 3217 1612; x_wconf 88' lang='lat' dir='ltr'><strong>deinde</strong></span> <span class='ocrx_word' id='word_1_196' title='bbox 3248 1558 3386 1611; x_wconf 88' lang='lat' dir='ltr'><strong>alios</strong></span> <span class='ocrx_word' id='word_1_197' title='bbox 3416 1557 3652 1612; x_wconf 82' lang='lat' dir='ltr'><strong>transitu</strong></span> 
     </span>
    </p>
   </div>
   <div class='ocr_carea' id='block_1_31' title="bbox 2073 1648 3653 1721">
    <p class='ocr_par' dir='ltr' id='par_1_31' title="bbox 2073 1648 3653 1721">
     <span class='ocr_line' id='line_1_31' title="bbox 2073 1648 3653 1721; baseline -0.005 -14"><span class='ocrx_word' id='word_1_198' title='bbox 2073 1663 2322 1707; x_wconf 83' lang='lat' dir='ltr'><strong>arcentes</strong></span> <span class='ocrx_word' id='word_1_199' title='bbox 2366 1653 2519 1707; x_wconf 90' lang='lat' dir='ltr'><strong>nullo</strong></span> <span class='ocrx_word' id='word_1_200' title='bbox 2550 1662 2812 1721; x_wconf 63' lang='lat' dir='ltr'><strong>praeterea</strong></span> <span class='ocrx_word' id='word_1_201' title='bbox 2853 1651 2996 1704; x_wconf 89' lang='lat' dir='ltr'><strong>malo</strong></span> <span class='ocrx_word' id='word_1_202' title='bbox 3039 1649 3320 1704; x_wconf 79' lang='lat' dir='ltr'><strong>alliciant:</strong></span> <span class='ocrx_word' id='word_1_203' title='bbox 3354 1648 3653 1717; x_wconf 83' lang='lat' dir='ltr'><strong>imperato-</strong></span> 
     </span>
    </p>
   </div>
   <div class='ocr_carea' id='block_1_32' title="bbox 2073 1740 3655 1814">
    <p class='ocr_par' dir='ltr' id='par_1_32' title="bbox 2073 1740 3655 1814">
     <span class='ocr_line' id='line_1_32' title="bbox 2073 1740 3655 1814; baseline -0.005 -14"><span class='ocrx_word' id='word_1_204' title='bbox 2073 1761 2188 1800; x_wconf 89' lang='lat' dir='ltr'><strong>rem</strong></span> <span class='ocrx_word' id='word_1_205' title='bbox 2229 1761 2352 1800; x_wconf 91' lang='lat' dir='ltr'><strong>cum</strong></span> <span class='ocrx_word' id='word_1_206' title='bbox 2386 1745 2618 1814; x_wconf 85' lang='lat' dir='ltr'><strong>reliquis</strong></span> <span class='ocrx_word' id='word_1_207' title='bbox 2648 1753 2908 1813; x_wconf 85' lang='lat' dir='ltr'><strong>superato</strong></span> <span class='ocrx_word' id='word_1_208' title='bbox 2938 1743 3049 1813; x_wconf 86' lang='lat' dir='ltr'><strong>jam</strong></span> <span class='ocrx_word' id='word_1_209' title='bbox 3086 1741 3326 1804; x_wconf 80' lang='lat' dir='ltr'><strong>facilem,</strong></span> <span class='ocrx_word' id='word_1_210' title='bbox 3352 1740 3461 1795; x_wconf 83' lang='lat' dir='ltr'><strong>levi</strong></span> <span class='ocrx_word' id='word_1_211' title='bbox 3486 1752 3655 1808; x_wconf 82' lang='lat' dir='ltr'><strong>Opera</strong></span> 
     </span>
    </p>
   </div>
   <div class='ocr_carea' id='block_1_33' title="bbox 2077 1829 3654 1893">
    <p class='ocr_par' dir='ltr' id='par_1_33' title="bbox 2077 1829 3654 1893">
     <span class='ocr_line' id='line_1_33' title="bbox 2077 1829 3654 1893; baseline -0.006 -1"><span class='ocrx_word' id='word_1_212' title='bbox 2077 1839 2145 1893; x_wconf 86' lang='lat' dir='ltr'><strong>ab</strong></span> <span class='ocrx_word' id='word_1_213' title='bbox 2195 1837 2443 1892; x_wconf 82' lang='lat' dir='ltr'><strong>exercitu</strong></span> <span class='ocrx_word' id='word_1_214' title='bbox 2499 1835 2896 1890; x_wconf 86' lang='lat' dir='ltr'><strong>Thessalonica</strong></span> <span class='ocrx_word' id='word_1_215' title='bbox 2950 1833 3196 1888; x_wconf 73' lang='lat' dir='ltr'><strong>aﬂuturo</strong></span> <span class='ocrx_word' id='word_1_216' title='bbox 3241 1831 3529 1886; x_wconf 86' lang='lat' dir='ltr'><strong>concisum</strong></span> <span class='ocrx_word' id='word_1_217' title='bbox 3562 1829 3654 1883; x_wconf 92' lang='lat' dir='ltr'><strong>iri.</strong></span> 
     </span>
    </p>
   </div>
   <div class='ocr_carea' id='block_1_34' title="bbox 386 1889 1976 1998">
    <p class='ocr_par' dir='ltr' id='par_1_34' title="bbox 386 1889 1967 1992">
     <span class='ocr_line' id='line_1_34' title="bbox 386 1889 1967 1992; baseline 0.001 -20"><span class='ocrx_word' id='word_1_218' title='bbox 386 1937 491 1989; x_wconf 87' lang='grc' dir='ltr'><strong>κης</strong></span> <span class='ocrx_word' id='word_1_219' title='bbox 529 1889 792 1990; x_wconf 78' lang='grc' dir='ltr'>στρατιᾶς</span> <span class='ocrx_word' id='word_1_220' title='bbox 845 1918 1262 1989; x_wconf 77' lang='grc' dir='ltr'>διαφθείρεσθαι</span> <span class='ocrx_word' id='word_1_221' title='bbox 1324 1889 1523 1992; x_wconf 67' lang='grc' dir='ltr'>ῥαδίως</span> <span class='ocrx_word' id='word_1_222' title='bbox 1552 1922 1967 1992; x_wconf 70' lang='grc' dir='ltr'>εὐεπιχείρητον</span> 
     </span>
    </p>
   </div>
   <div class='ocr_carea' id='block_1_35' title="bbox 2078 1889 3658 1998">
    <p class='ocr_par' dir='ltr' id='par_1_35' title="bbox 2078 1921 3658 1998">
     <span class='ocr_line' id='line_1_35' title="bbox 2078 1921 3658 1998; baseline -0.006 -15"><span class='ocrx_word' id='word_1_223' title='bbox 2078 1929 2348 1998; x_wconf 70' lang='lat' dir='ltr'><strong>Triballos</strong></span> <span class='ocrx_word' id='word_1_224' title='bbox 2384 1929 2573 1998; x_wconf 87' lang='lat' dir='ltr'><strong>itaque</strong></span> <span class='ocrx_word' id='word_1_225' title='bbox 2621 1927 2728 1982; x_wconf 91' lang='lat' dir='ltr'><strong>isto</strong></span> <span class='ocrx_word' id='word_1_226' title='bbox 2760 1925 2926 1980; x_wconf 91' lang='lat' dir='ltr'><strong>modo</strong></span> <span class='ocrx_word' id='word_1_227' title='bbox 2950 1924 3182 1981; x_wconf 83' lang='lat' dir='ltr'><strong>insidias</strong></span> <span class='ocrx_word' id='word_1_228' title='bbox 3207 1922 3514 1978; x_wconf 88' lang='lat' dir='ltr'><strong>instituisse</strong></span> <span class='ocrx_word' id='word_1_229' title='bbox 3544 1921 3658 1974; x_wconf 86' lang='lat' dir='ltr'><strong>aie-</strong></span> 
     </span>
    </p>
   </div>
   <div class='ocr_carea' id='block_1_36' title="bbox 383 2008 1970 2081">
    <p class='ocr_par' dir='ltr' id='par_1_36' title="bbox 383 2008 1970 2081">
     <span class='ocr_line' id='line_1_36' title="bbox 383 2008 1970 2081; baseline 0.001 -21"><span class='ocrx_word' id='word_1_230' title='bbox 383 2009 699 2079; x_wconf 82' lang='grc' dir='ltr'>γενόμενον.</span> <span class='ocrx_word' id='word_1_231' title='bbox 758 2009 870 2079; x_wconf 82' lang='grc' dir='ltr'>Τὴν</span> <span class='ocrx_word' id='word_1_232' title='bbox 904 2009 1004 2078; x_wconf 75' lang='grc' dir='ltr'>μὲν</span> <span class='ocrx_word' id='word_1_233' title='bbox 1044 2008 1137 2062; x_wconf 77' lang='grc' dir='ltr'>οὖν</span> <span class='ocrx_word' id='word_1_234' title='bbox 1162 2009 1484 2080; x_wconf 79' lang='grc' dir='ltr'>ἐπιϐουλὴν,</span> <span class='ocrx_word' id='word_1_235' title='bbox 1524 2009 1699 2074; x_wconf 76' lang='grc' dir='ltr'>οὕτως</span> <span class='ocrx_word' id='word_1_236' title='bbox 1728 2013 1970 2081; x_wconf 75' lang='grc' dir='ltr'>ἔφασκεν</span> 
     </span>
    </p>
   </div>
   <div class='ocr_carea' id='block_1_37' title="bbox 385 2095 1972 2171">
    <p class='ocr_par' dir='ltr' id='par_1_37' title="bbox 385 2095 1972 2171">
     <span class='ocr_line' id='line_1_37' title="bbox 385 2095 1972 2171; baseline 0.004 -19"><span class='ocrx_word' id='word_1_237' title='bbox 385 2095 524 2152; x_wconf 79' lang='grc' dir='ltr'>εἶναι</span> <span class='ocrx_word' id='word_1_238' title='bbox 561 2102 1077 2171; x_wconf 71' lang='grc' dir='ltr'>συνεσκευασμένην</span> <span class='ocrx_word' id='word_1_239' title='bbox 1137 2101 1291 2171; x_wconf 77' lang='grc' dir='ltr'>παρᾶ</span> <span class='ocrx_word' id='word_1_240' title='bbox 1343 2103 1663 2170; x_wconf 80' lang='grc' dir='ltr'>Τριϐαλῶν·</span> <span class='ocrx_word' id='word_1_241' title='bbox 1713 2105 1875 2156; x_wconf 68' lang='grc' dir='ltr'>αὑτὸν</span> <span class='ocrx_word' id='word_1_242' title='bbox 1914 2105 1972 2158; x_wconf 67' lang='grc' dir='ltr'>δὲ</span> 
     </span>
    </p>
   </div>
   <div class='ocr_carea' id='block_1_38' title="bbox 385 2189 1972 2267">
    <p class='ocr_par' dir='ltr' id='par_1_38' title="bbox 385 2189 1972 2267">
     <span class='ocr_line' id='line_1_38' title="bbox 385 2189 1972 2267; baseline 0.001 -23"><span class='ocrx_word' id='word_1_243' title='bbox 385 2190 586 2244; x_wconf 80' lang='grc' dir='ltr'>εἰδέναι</span> <span class='ocrx_word' id='word_1_244' title='bbox 625 2194 794 2262; x_wconf 84' lang='grc' dir='ltr'>πόρον</span> <span class='ocrx_word' id='word_1_245' title='bbox 831 2192 1201 2262; x_wconf 80' lang='grc' dir='ltr'>ἀγνοούμενον</span> <span class='ocrx_word' id='word_1_246' title='bbox 1246 2194 1359 2257; x_wconf 76' lang='grc' dir='ltr'>τοῖς</span> <span class='ocrx_word' id='word_1_247' title='bbox 1383 2193 1617 2258; x_wconf 76' lang='grc' dir='ltr'>πολλοῖς,</span> <span class='ocrx_word' id='word_1_248' title='bbox 1662 2189 1972 2267; x_wconf 67' lang='grc' dir='ltr'>ᾖδιαὸατδς</span> 
     </span>
    </p>
   </div>
   <div class='ocr_carea' id='block_1_39' title="bbox 387 2283 1972 2355">
    <p class='ocr_par' dir='ltr' id='par_1_39' title="bbox 387 2283 1972 2355">
     <span class='ocr_line' id='line_1_39' title="bbox 387 2283 1972 2355; baseline 0.001 -19"><span class='ocrx_word' id='word_1_249' title='bbox 387 2283 690 2352; x_wconf 81' lang='grc' dir='ltr'>ὁποταμὸς</span> <span class='ocrx_word' id='word_1_250' title='bbox 736 2283 936 2355; x_wconf 72' lang='grc' dir='ltr'>ῥᾳδίως</span> <span class='ocrx_word' id='word_1_251' title='bbox 997 2283 1195 2336; x_wconf 70' lang='grc' dir='ltr'>ἔσται’</span> <span class='ocrx_word' id='word_1_252' title='bbox 1254 2285 1311 2338; x_wconf 70' lang='grc' dir='ltr'>ὃν</span> <span class='ocrx_word' id='word_1_253' title='bbox 1369 2284 1608 2353; x_wconf 77' lang='grc' dir='ltr'>ἔφασκεν</span> <span class='ocrx_word' id='word_1_254' title='bbox 1667 2285 1972 2351; x_wconf 73' lang='grc' dir='ltr'>ὑποδείξειν</span> 
     </span>
    </p>
   </div>
   <div class='ocr_carea' id='block_1_40' title="bbox 394 2374 1971 2447">
    <p class='ocr_par' dir='ltr' id='par_1_40' title="bbox 394 2374 1971 2447">
     <span class='ocr_line' id='line_1_40' title="bbox 394 2374 1971 2447; baseline 0 -17"><span class='ocrx_word' id='word_1_255' title='bbox 394 2376 551 2444; x_wconf 76' lang='grc' dir='ltr'>χάριν</span> <span class='ocrx_word' id='word_1_256' title='bbox 585 2374 798 2444; x_wconf 86' lang='grc' dir='ltr'>βασιλεῖ</span> <span class='ocrx_word' id='word_1_257' title='bbox 829 2374 1275 2443; x_wconf 86' lang='grc' dir='ltr'>κατατιθέμενος.</span> <span class='ocrx_word' id='word_1_258' title='bbox 1319 2375 1644 2439; x_wconf 76' lang='grc' dir='ltr'>Ἐπαινέσας</span> <span class='ocrx_word' id='word_1_259' title='bbox 1670 2379 1726 2430; x_wconf 87' lang='grc' dir='ltr'>δὲ</span> <span class='ocrx_word' id='word_1_260' title='bbox 1752 2380 1778 2429; x_wconf 90' lang='grc' dir='ltr'><strong>ό</strong></span> <span class='ocrx_word' id='word_1_261' title='bbox 1813 2377 1971 2447; x_wconf 84' lang='grc' dir='ltr'>βασι-</span> 
     </span>
    </p>
   </div>
   <div class='ocr_carea' id='block_1_41' title="bbox 394 2465 1971 2540">
    <p class='ocr_par' dir='ltr' id='par_1_41' title="bbox 394 2465 1971 2540">
     <span class='ocr_line' id='line_1_41' title="bbox 394 2465 1971 2540; baseline 0.002 -20"><span class='ocrx_word' id='word_1_262' title='bbox 394 2469 516 2530; x_wconf 66' lang='grc' dir='ltr'>λευς</span> <span class='ocrx_word' id='word_1_263' title='bbox 538 2466 632 2521; x_wconf 74' lang='grc' dir='ltr'>τὸν</span> <span class='ocrx_word' id='word_1_264' title='bbox 661 2465 973 2538; x_wconf 71' lang='grc' dir='ltr'>ἄνθρωπον,</span> <span class='ocrx_word' id='word_1_265' title='bbox 994 2467 1092 2520; x_wconf 72' lang='grc' dir='ltr'>καὶ</span> <span class='ocrx_word' id='word_1_266' title='bbox 1123 2468 1596 2537; x_wconf 73' lang='grc' dir='ltr'>ἐπαγγειλάμενος</span> <span class='ocrx_word' id='word_1_267' title='bbox 1619 2469 1680 2522; x_wconf 80' lang='grc' dir='ltr'>εὖ</span> <span class='ocrx_word' id='word_1_268' title='bbox 1705 2473 1971 2540; x_wconf 76' lang='grc' dir='ltr'>ποιήσειν,</span> 
     </span>
    </p>
   </div>
   <div class='ocr_carea' id='block_1_42' title="bbox 391 2557 1971 2630">
    <p class='ocr_par' dir='ltr' id='par_1_42' title="bbox 391 2557 1971 2630">
     <span class='ocr_line' id='line_1_42' title="bbox 391 2557 1971 2630; baseline 0.004 -19"><span class='ocrx_word' id='word_1_269' title='bbox 391 2559 513 2611; x_wconf 65' lang='lat' dir='ltr'><strong>lusi</strong></span> <span class='ocrx_word' id='word_1_270' title='bbox 543 2559 638 2612; x_wconf 72' lang='grc' dir='ltr'>καὶ</span> <span class='ocrx_word' id='word_1_271' title='bbox 683 2559 716 2628; x_wconf 78' lang='grc' dir='ltr'>ἡ</span> <span class='ocrx_word' id='word_1_272' title='bbox 751 2557 934 2628; x_wconf 77' lang='grc' dir='ltr'>ἡμέρα</span> <span class='ocrx_word' id='word_1_273' title='bbox 972 2557 1073 2630; x_wconf 74' lang='grc' dir='ltr'>ἧδη</span> <span class='ocrx_word' id='word_1_274' title='bbox 1123 2558 1463 2627; x_wconf 79' lang='grc' dir='ltr'>διεφαίνετο,</span> <span class='ocrx_word' id='word_1_275' title='bbox 1511 2561 1742 2630; x_wconf 76' lang='grc' dir='ltr'>ἄραντες</span> <span class='ocrx_word' id='word_1_276' title='bbox 1777 2563 1840 2615; x_wconf 76' lang='grc' dir='ltr'>ὲκ</span> <span class='ocrx_word' id='word_1_277' title='bbox 1876 2581 1907 2617; x_wconf 92' lang='grc' dir='ltr'><strong>τ</strong></span> <span class='ocrx_word' id='word_1_278' title='bbox 1941 2564 1971 2617; x_wconf 83' lang='grc' dir='ltr'>ὖ</span> 
     </span>
    </p>
   </div>
   <div class='ocr_carea' id='block_1_43' title="bbox 392 2649 1976 2722">
    <p class='ocr_par' dir='ltr' id='par_1_43' title="bbox 392 2649 1976 2722">
     <span class='ocr_line' id='line_1_43' title="bbox 392 2649 1976 2722; baseline 0.004 -20"><span class='ocrx_word' id='word_1_279' title='bbox 392 2650 780 2719; x_wconf 74' lang='grc' dir='ltr'>στρατοπέδου,</span> <span class='ocrx_word' id='word_1_280' title='bbox 825 2649 1051 2722; x_wconf 80' lang='grc' dir='ltr'>διῄεσαν</span> <span class='ocrx_word' id='word_1_281' title='bbox 1093 2651 1185 2703; x_wconf 74' lang='grc' dir='ltr'>τοῦ</span> <span class='ocrx_word' id='word_1_282' title='bbox 1239 2650 1485 2720; x_wconf 76' lang='grc' dir='ltr'>ποταμοῦ</span> <span class='ocrx_word' id='word_1_283' title='bbox 1519 2654 1616 2721; x_wconf 79' lang='grc' dir='ltr'>τὴν</span> <span class='ocrx_word' id='word_1_284' title='bbox 1647 2652 1814 2722; x_wconf 70' lang='grc' dir='ltr'>όγθην</span> <span class='ocrx_word' id='word_1_285' title='bbox 1856 2651 1911 2707; x_wconf 74' lang='grc' dir='ltr'>οἵ</span> <span class='ocrx_word' id='word_1_286' title='bbox 1948 2657 1976 2707; x_wconf 86' lang='grc' dir='ltr'><strong>ό</strong></span> 
     </span>
    </p>
   </div>
   <div class='ocr_carea' id='block_1_44' title="bbox 393 2741 1976 2814">
    <p class='ocr_par' dir='ltr' id='par_1_44' title="bbox 393 2741 1976 2814">
     <span class='ocr_line' id='line_1_44' title="bbox 393 2741 1976 2814; baseline 0.003 -21"><span class='ocrx_word' id='word_1_287' title='bbox 393 2741 676 2809; x_wconf 80' lang='grc' dir='ltr'>ἄνθρωπος</span> <span class='ocrx_word' id='word_1_288' title='bbox 705 2743 913 2810; x_wconf 80' lang='grc' dir='ltr'>ἠγεῖτο.</span> <span class='ocrx_word' id='word_1_289' title='bbox 953 2741 1180 2810; x_wconf 80' lang='grc' dir='ltr'>Ὁμοίως</span> <span class='ocrx_word' id='word_1_290' title='bbox 1209 2741 1264 2794; x_wconf 77' lang='grc' dir='ltr'>δὲ</span> <span class='ocrx_word' id='word_1_291' title='bbox 1293 2743 1388 2795; x_wconf 74' lang='grc' dir='ltr'>καὶ</span> <span class='ocrx_word' id='word_1_292' title='bbox 1413 2744 1461 2794; x_wconf 89' lang='grc' dir='ltr'><strong>οί</strong></span> <span class='ocrx_word' id='word_1_293' title='bbox 1498 2742 1758 2812; x_wconf 78' lang='grc' dir='ltr'>Τριδαλοὶ</span> <span class='ocrx_word' id='word_1_294' title='bbox 1791 2746 1854 2797; x_wconf 83' lang='grc' dir='ltr'>ἐκ</span> <span class='ocrx_word' id='word_1_295' title='bbox 1875 2747 1976 2814; x_wconf 81' lang='grc' dir='ltr'>τῆς</span> 
     </span>
    </p>
   </div>
   <div class='ocr_carea' id='block_1_45' title="bbox 394 2833 1972 2907">
    <p class='ocr_par' dir='ltr' id='par_1_45' title="bbox 394 2833 1972 2907">
     <span class='ocr_line' id='line_1_45' title="bbox 394 2833 1972 2907; baseline 0.003 -21"><span class='ocrx_word' id='word_1_296' title='bbox 394 2833 632 2904; x_wconf 81' lang='grc' dir='ltr'>περαίας</span> <span class='ocrx_word' id='word_1_297' title='bbox 679 2833 1152 2903; x_wconf 83' lang='grc' dir='ltr'>ἀντιπαρήρχοντο</span> <span class='ocrx_word' id='word_1_298' title='bbox 1206 2833 1303 2886; x_wconf 76' lang='grc' dir='ltr'>καὶ</span> <span class='ocrx_word' id='word_1_299' title='bbox 1343 2836 1498 2887; x_wconf 84' lang='grc' dir='ltr'>αὐτοὶ</span> <span class='ocrx_word' id='word_1_300' title='bbox 1547 2837 1640 2888; x_wconf 84' lang='grc' dir='ltr'>τὸν</span> <span class='ocrx_word' id='word_1_301' title='bbox 1693 2839 1972 2907; x_wconf 77' lang='grc' dir='ltr'>ποταμόν’</span> 
     </span>
    </p>
   </div>
   <div class='ocr_carea' id='block_1_46' title="bbox 392 2919 1974 2997">
    <p class='ocr_par' dir='ltr' id='par_1_46' title="bbox 392 2919 1974 2997">
     <span class='ocr_line' id='line_1_46' title="bbox 392 2919 1974 2997; baseline 0.002 -21"><span class='ocrx_word' id='word_1_302' title='bbox 392 2927 515 2978; x_wconf 72' lang='grc' dir='ltr'>ἐπεὶ</span> <span class='ocrx_word' id='word_1_303' title='bbox 543 2925 600 2978; x_wconf 70' lang='grc' dir='ltr'>δὲ</span> <span class='ocrx_word' id='word_1_304' title='bbox 628 2928 711 2988; x_wconf 88' lang='grc' dir='ltr'><strong>είς</strong></span> <span class='ocrx_word' id='word_1_305' title='bbox 741 2927 834 2977; x_wconf 73' lang='grc' dir='ltr'><strong>τὸν</strong></span> <span class='ocrx_word' id='word_1_306' title='bbox 872 2926 1039 2995; x_wconf 85' lang='grc' dir='ltr'>πόρον</span> <span class='ocrx_word' id='word_1_307' title='bbox 1082 2919 1266 2995; x_wconf 76' lang='grc' dir='ltr'>ἦλθον,</span> <span class='ocrx_word' id='word_1_308' title='bbox 1327 2925 1590 2995; x_wconf 79' lang='grc' dir='ltr'>Τριϐαλοὶ</span> <span class='ocrx_word' id='word_1_309' title='bbox 1623 2929 1722 2996; x_wconf 82' lang='grc' dir='ltr'>μὲν</span> <span class='ocrx_word' id='word_1_310' title='bbox 1757 2930 1820 2979; x_wconf 85' lang='grc' dir='ltr'>ὲκ</span> <span class='ocrx_word' id='word_1_311' title='bbox 1873 2929 1974 2997; x_wconf 83' lang='grc' dir='ltr'>τῆς</span> 
     </span>
    </p>
   </div>
   <div class='ocr_carea' id='block_1_47' title="bbox 393 3016 1976 3088">
    <p class='ocr_par' dir='ltr' id='par_1_47' title="bbox 393 3016 1976 3088">
     <span class='ocr_line' id='line_1_47' title="bbox 393 3016 1976 3088; baseline 0.002 -20"><span class='ocrx_word' id='word_1_312' title='bbox 393 3016 629 3088; x_wconf 86' lang='grc' dir='ltr'>περαίας</span> <span class='ocrx_word' id='word_1_313' title='bbox 661 3017 1072 3087; x_wconf 82' lang='grc' dir='ltr'>παρετάσσοντο</span> <span class='ocrx_word' id='word_1_314' title='bbox 1117 3017 1192 3079; x_wconf 85' lang='grc' dir='ltr'><strong>ὡς</strong></span> <span class='ocrx_word' id='word_1_315' title='bbox 1222 3017 1589 3078; x_wconf 79' lang='grc' dir='ltr'><strong>κωλύσοντες⁸</strong></span> <span class='ocrx_word' id='word_1_316' title='bbox 1633 3019 1726 3070; x_wconf 79' lang='grc' dir='ltr'>καὶ</span> <span class='ocrx_word' id='word_1_317' title='bbox 1762 3017 1976 3088; x_wconf 80' lang='grc' dir='ltr'>βέλεσιν</span> 
     </span>
    </p>
   </div>
   <div class='ocr_carea' id='block_1_48' title="bbox 394 3108 1973 3190">
    <p class='ocr_par' dir='ltr' id='par_1_48' title="bbox 394 3108 1973 3190">
     <span class='ocr_line' id='line_1_48' title="bbox 394 3108 1973 3190; baseline 0.001 -29"><span class='ocrx_word' id='word_1_318' title='bbox 394 3110 632 3180; x_wconf 73' lang='grc' dir='ltr'>ἒχρῶντο</span> <span class='ocrx_word' id='word_1_319' title='bbox 675 3109 984 3190; x_wconf 43' lang='grc' dir='ltr'>πόρρωθεν.</span> <span class='ocrx_word' id='word_1_320' title='bbox 1009 3108 1274 3171; x_wconf 73' lang='grc' dir='ltr'>Βασιλεὺς</span> <span class='ocrx_word' id='word_1_321' title='bbox 1309 3109 1366 3162; x_wconf 89' lang='grc' dir='ltr'>δὲ</span> <span class='ocrx_word' id='word_1_322' title='bbox 1406 3111 1546 3178; x_wconf 80' lang='grc' dir='ltr'>μετὰ</span> <span class='ocrx_word' id='word_1_323' title='bbox 1573 3109 1682 3162; x_wconf 86' lang='grc' dir='ltr'><strong>τῶν</strong></span> <span class='ocrx_word' id='word_1_324' title='bbox 1711 3111 1973 3180; x_wconf 84' lang='grc' dir='ltr'>ἀρίστων,</span> 
     </span>
    </p>
   </div>
   <div class='ocr_carea' id='block_1_49' title="bbox 2070 2015 3658 2090">
    <p class='ocr_par' dir='ltr' id='par_1_49' title="bbox 2070 2015 3658 2090">
     <span class='ocr_line' id='line_1_49' title="bbox 2070 2015 3658 2090; baseline -0.006 -13"><span class='ocrx_word' id='word_1_325' title='bbox 2070 2021 2203 2088; x_wconf 87' lang='lat' dir='ltr'><strong>bat;</strong></span> <span class='ocrx_word' id='word_1_326' title='bbox 2259 2037 2318 2077; x_wconf 88' lang='lat' dir='ltr'><strong>se</strong></span> <span class='ocrx_word' id='word_1_327' title='bbox 2367 2037 2497 2076; x_wconf 88' lang='lat' dir='ltr'><strong>vero</strong></span> <span class='ocrx_word' id='word_1_328' title='bbox 2529 2022 2696 2080; x_wconf 90' lang='lat' dir='ltr'><strong>scire.</strong></span> <span class='ocrx_word' id='word_1_329' title='bbox 2730 2019 2877 2090; x_wconf 82' lang='lat' dir='ltr'><strong>quod</strong></span> <span class='ocrx_word' id='word_1_330' title='bbox 2910 2018 3072 2072; x_wconf 90' lang='lat' dir='ltr'><strong>multi</strong></span> <span class='ocrx_word' id='word_1_331' title='bbox 3103 2016 3379 2078; x_wconf 87' lang='lat' dir='ltr'><strong>nesciant,</strong></span> <span class='ocrx_word' id='word_1_332' title='bbox 3411 2029 3519 2084; x_wconf 85' lang='lat' dir='ltr'><strong>qua</strong></span> <span class='ocrx_word' id='word_1_333' title='bbox 3552 2015 3658 2068; x_wconf 84' lang='lat' dir='ltr'><strong>llu-</strong></span> 
     </span>
    </p>
   </div>
   <div class='ocr_carea' id='block_1_50' title="bbox 2071 2107 3657 2178">
    <p class='ocr_par' dir='ltr' id='par_1_50' title="bbox 2071 2107 3657 2178">
     <span class='ocr_line' id='line_1_50' title="bbox 2071 2107 3657 2178; baseline -0.004 -9"><span class='ocrx_word' id='word_1_334' title='bbox 2071 2115 2194 2168; x_wconf 89' lang='lat' dir='ltr'><strong>vius</strong></span> <span class='ocrx_word' id='word_1_335' title='bbox 2242 2112 2386 2166; x_wconf 86' lang='lat' dir='ltr'><strong>vado</strong></span> <span class='ocrx_word' id='word_1_336' title='bbox 2435 2112 2655 2167; x_wconf 84' lang='lat' dir='ltr'><strong>transiri</strong></span> <span class='ocrx_word' id='word_1_337' title='bbox 2699 2109 2988 2166; x_wconf 89' lang='lat' dir='ltr'><strong>commode</strong></span> <span class='ocrx_word' id='word_1_338' title='bbox 3035 2117 3226 2178; x_wconf 88' lang='lat' dir='ltr'><strong>queat.</strong></span> <span class='ocrx_word' id='word_1_339' title='bbox 3269 2107 3326 2161; x_wconf 90' lang='lat' dir='ltr'><strong>ld</strong></span> <span class='ocrx_word' id='word_1_340' title='bbox 3361 2107 3560 2161; x_wconf 81' lang='lat' dir='ltr'><strong>vadum</strong></span> <span class='ocrx_word' id='word_1_341' title='bbox 3596 2122 3657 2163; x_wconf 83' lang='lat' dir='ltr'><strong>se</strong></span> 
     </span>
    </p>
   </div>
   <div class='ocr_carea' id='block_1_51' title="bbox 2071 2194 3659 2274">
    <p class='ocr_par' dir='ltr' id='par_1_51' title="bbox 2071 2194 3659 2274">
     <span class='ocr_line' id='line_1_51' title="bbox 2071 2194 3659 2274; baseline -0.003 -20"><span class='ocrx_word' id='word_1_342' title='bbox 2071 2201 2258 2274; x_wconf 64' lang='lat' dir='ltr'><strong>gratia:</strong></span> <span class='ocrx_word' id='word_1_343' title='bbox 2303 2199 2608 2255; x_wconf 62' lang='lat' dir='ltr'><strong>referenda:</strong></span> <span class='ocrx_word' id='word_1_344' title='bbox 2651 2199 3181 2254; x_wconf 86' lang='lat' dir='ltr'><strong>demonstraturum.</strong></span> <span class='ocrx_word' id='word_1_345' title='bbox 3229 2194 3446 2251; x_wconf 87' lang='lat' dir='ltr'><strong>Laudat</strong></span> <span class='ocrx_word' id='word_1_346' title='bbox 3480 2195 3659 2250; x_wconf 87' lang='lat' dir='ltr'><strong>homi-</strong></span> 
     </span>
    </p>
   </div>
   <div class='ocr_carea' id='block_1_52' title="bbox 2075 2285 3658 2358">
    <p class='ocr_par' dir='ltr' id='par_1_52' title="bbox 2075 2285 3658 2358">
     <span class='ocr_line' id='line_1_52' title="bbox 2075 2285 3658 2358; baseline -0.003 -16"><span class='ocrx_word' id='word_1_347' title='bbox 2075 2305 2199 2343; x_wconf 91' lang='lat' dir='ltr'><strong>nem</strong></span> <span class='ocrx_word' id='word_1_348' title='bbox 2238 2289 2562 2358; x_wconf 87' lang='lat' dir='ltr'><strong>imperator,</strong></span> <span class='ocrx_word' id='word_1_349' title='bbox 2606 2298 2660 2342; x_wconf 87' lang='lat' dir='ltr'><strong>et</strong></span> <span class='ocrx_word' id='word_1_350' title='bbox 2695 2289 2894 2342; x_wconf 87' lang='lat' dir='ltr'><strong>merito</strong></span> <span class='ocrx_word' id='word_1_351' title='bbox 2923 2300 3320 2354; x_wconf 86' lang='lat' dir='ltr'><strong>responsurum</strong></span> <span class='ocrx_word' id='word_1_352' title='bbox 3359 2285 3658 2354; x_wconf 88' lang='lat' dir='ltr'><strong>promittit.</strong></span> 
     </span>
    </p>
   </div>
   <div class='ocr_carea' id='block_1_53' title="bbox 2075 2376 3656 2448">
    <p class='ocr_par' dir='ltr' id='par_1_53' title="bbox 2075 2376 3656 2448">
     <span class='ocr_line' id='line_1_53' title="bbox 2075 2376 3656 2448; baseline -0.005 -11"><span class='ocrx_word' id='word_1_353' title='bbox 2075 2381 2177 2437; x_wconf 91' lang='lat' dir='ltr'><strong>Ubi</strong></span> <span class='ocrx_word' id='word_1_354' title='bbox 2229 2380 2446 2443; x_wconf 77' lang='lat' dir='ltr'><strong>diluxit,</strong></span> <span class='ocrx_word' id='word_1_355' title='bbox 2479 2380 2678 2434; x_wconf 89' lang='lat' dir='ltr'><strong>castris</strong></span> <span class='ocrx_word' id='word_1_356' title='bbox 2707 2377 2940 2448; x_wconf 81' lang='lat' dir='ltr'><strong>egressi,</strong></span> <span class='ocrx_word' id='word_1_357' title='bbox 2981 2377 3137 2447; x_wconf 78' lang='lat' dir='ltr'><strong>juxta</strong></span> <span class='ocrx_word' id='word_1_358' title='bbox 3179 2376 3426 2432; x_wconf 81' lang='lat' dir='ltr'><strong>ﬂuminis</strong></span> <span class='ocrx_word' id='word_1_359' title='bbox 3454 2376 3656 2446; x_wconf 82' lang='lat' dir='ltr'><strong>ripam,</strong></span> 
     </span>
    </p>
   </div>
   <div class='ocr_carea' id='block_1_54' title="bbox 2073 2467 3659 2543">
    <p class='ocr_par' dir='ltr' id='par_1_54' title="bbox 2073 2467 3659 2543">
     <span class='ocr_line' id='line_1_54' title="bbox 2073 2467 3659 2543; baseline -0.002 -17"><span class='ocrx_word' id='word_1_360' title='bbox 2073 2489 2180 2543; x_wconf 91' lang='lat' dir='ltr'><strong>qua</strong></span> <span class='ocrx_word' id='word_1_361' title='bbox 2221 2474 2303 2526; x_wconf 91' lang='lat' dir='ltr'><strong>vir</strong></span> <span class='ocrx_word' id='word_1_362' title='bbox 2353 2472 2443 2526; x_wconf 90' lang='lat' dir='ltr'><strong>lllc</strong></span> <span class='ocrx_word' id='word_1_363' title='bbox 2478 2471 2718 2526; x_wconf 87' lang='lat' dir='ltr'><strong>ducebat</strong></span> <span class='ocrx_word' id='word_1_364' title='bbox 2753 2509 2769 2533; x_wconf 90' lang='lat'><strong>,</strong></span> <span class='ocrx_word' id='word_1_365' title='bbox 2803 2469 3091 2524; x_wconf 88' lang='lat' dir='ltr'><strong>incedunt.</strong></span> <span class='ocrx_word' id='word_1_366' title='bbox 3119 2469 3334 2526; x_wconf 87' lang='lat' dir='ltr'><strong>Pariter</strong></span> <span class='ocrx_word' id='word_1_367' title='bbox 3365 2467 3594 2522; x_wconf 89' lang='lat' dir='ltr'><strong>Triballi</strong></span> <span class='ocrx_word' id='word_1_368' title='bbox 3625 2483 3659 2523; x_wconf 73' lang='grc' dir='ltr'><strong>ε</strong></span> 
     </span>
    </p>
   </div>
   <div class='ocr_carea' id='block_1_55' title="bbox 2076 2560 3659 2635">
    <p class='ocr_par' dir='ltr' id='par_1_55' title="bbox 2076 2560 3659 2635">
     <span class='ocr_line' id='line_1_55' title="bbox 2076 2560 3659 2635; baseline -0.004 -15"><span class='ocrx_word' id='word_1_369' title='bbox 2076 2565 2298 2635; x_wconf 78' lang='lat' dir='ltr'><strong>regione</strong></span> <span class='ocrx_word' id='word_1_370' title='bbox 2357 2565 2603 2620; x_wconf 82' lang='lat' dir='ltr'><strong>vicissim</strong></span> <span class='ocrx_word' id='word_1_371' title='bbox 2659 2563 2728 2617; x_wconf 89' lang='lat' dir='ltr'><strong>ad</strong></span> <span class='ocrx_word' id='word_1_372' title='bbox 2781 2562 2984 2617; x_wconf 84' lang='lat' dir='ltr'><strong>ﬂumen</strong></span> <span class='ocrx_word' id='word_1_373' title='bbox 3033 2561 3384 2632; x_wconf 83' lang='lat' dir='ltr'><strong>gradiuntur.</strong></span> <span class='ocrx_word' id='word_1_374' title='bbox 3429 2560 3530 2616; x_wconf 90' lang='lat' dir='ltr'><strong>Ubi</strong></span> <span class='ocrx_word' id='word_1_375' title='bbox 3588 2563 3659 2614; x_wconf 90' lang='lat' dir='ltr'><strong>ad</strong></span> 
     </span>
    </p>
   </div>
   <div class='ocr_carea' id='block_1_56' title="bbox 2076 2652 3658 2727">
    <p class='ocr_par' dir='ltr' id='par_1_56' title="bbox 2076 2652 3658 2727">
     <span class='ocr_line' id='line_1_56' title="bbox 2076 2652 3658 2727; baseline -0.004 -15"><span class='ocrx_word' id='word_1_376' title='bbox 2076 2659 2368 2712; x_wconf 89' lang='lat' dir='ltr'><strong>transitum</strong></span> <span class='ocrx_word' id='word_1_377' title='bbox 2427 2667 2512 2713; x_wconf 91' lang='lat' dir='ltr'><strong>est</strong></span> <span class='ocrx_word' id='word_1_378' title='bbox 2563 2665 2913 2727; x_wconf 85' lang='lat' dir='ltr'><strong>perventum,</strong></span> <span class='ocrx_word' id='word_1_379' title='bbox 2964 2654 3191 2709; x_wconf 84' lang='lat' dir='ltr'><strong>Triballi</strong></span> <span class='ocrx_word' id='word_1_380' title='bbox 3237 2662 3389 2710; x_wconf 89' lang='lat' dir='ltr'><strong>trans</strong></span> <span class='ocrx_word' id='word_1_381' title='bbox 3433 2652 3658 2706; x_wconf 81' lang='lat' dir='ltr'><strong>ﬂuvium</strong></span> 
     </span>
    </p>
   </div>
   <div class='ocr_carea' id='block_1_57' title="bbox 2076 2744 3661 2820">
    <p class='ocr_par' dir='ltr' id='par_1_57' title="bbox 2076 2744 3661 2820">
     <span class='ocr_line' id='line_1_57' title="bbox 2076 2744 3661 2820; baseline -0.006 -15"><span class='ocrx_word' id='word_1_382' title='bbox 2076 2751 2142 2805; x_wconf 89' lang='lat' dir='ltr'><strong>ad</strong></span> <span class='ocrx_word' id='word_1_383' title='bbox 2175 2748 2581 2820; x_wconf 88' lang='lat' dir='ltr'><strong>prohibendum</strong></span> <span class='ocrx_word' id='word_1_384' title='bbox 2605 2763 2663 2803; x_wconf 87' lang='lat' dir='ltr'><strong>se</strong></span> <span class='ocrx_word' id='word_1_385' title='bbox 2684 2747 3053 2812; x_wconf 86' lang='lat' dir='ltr'><strong>instruebant,</strong></span> <span class='ocrx_word' id='word_1_386' title='bbox 3079 2753 3136 2801; x_wconf 90' lang='lat' dir='ltr'><strong>et</strong></span> <span class='ocrx_word' id='word_1_387' title='bbox 3161 2745 3266 2799; x_wconf 87' lang='lat' dir='ltr'><strong>tela</strong></span> <span class='ocrx_word' id='word_1_388' title='bbox 3290 2744 3480 2814; x_wconf 87' lang='lat' dir='ltr'><strong>procul</strong></span> <span class='ocrx_word' id='word_1_389' title='bbox 3500 2758 3661 2812; x_wconf 88' lang='lat' dir='ltr'><strong>spar-</strong></span> 
     </span>
    </p>
   </div>
   <div class='ocr_carea' id='block_1_58' title="bbox 2075 2833 3664 2912">
    <p class='ocr_par' dir='ltr' id='par_1_58' title="bbox 2075 2833 3664 2912">
     <span class='ocr_line' id='line_1_58' title="bbox 2075 2833 3664 2912; baseline -0.007 -16"><span class='ocrx_word' id='word_1_390' title='bbox 2075 2841 2299 2912; x_wconf 83' lang='lat' dir='ltr'><strong>gebant.</strong></span> <span class='ocrx_word' id='word_1_391' title='bbox 2351 2840 2422 2894; x_wconf 85' lang='lat' dir='ltr'><strong>At</strong></span> <span class='ocrx_word' id='word_1_392' title='bbox 2466 2840 2766 2909; x_wconf 90' lang='lat' dir='ltr'><strong>imperator</strong></span> <span class='ocrx_word' id='word_1_393' title='bbox 2798 2852 2924 2894; x_wconf 90' lang='lat' dir='ltr'><strong>cum</strong></span> <span class='ocrx_word' id='word_1_394' title='bbox 2973 2836 3288 2892; x_wconf 79' lang='lat' dir='ltr'><strong>fortissimis</strong></span> <span class='ocrx_word' id='word_1_395' title='bbox 3333 2833 3528 2889; x_wconf 88' lang='lat' dir='ltr'><strong>audaci</strong></span> <span class='ocrx_word' id='word_1_396' title='bbox 3559 2833 3664 2887; x_wconf 70' lang='lat' dir='ltr'><strong>im-</strong></span> 
     </span>
    </p>
   </div>
   <div class='ocr_carea' id='block_1_59' title="bbox 2079 2924 3660 3000">
    <p class='ocr_par' dir='ltr' id='par_1_59' title="bbox 2079 2924 3660 3000">
     <span class='ocr_line' id='line_1_59' title="bbox 2079 2924 3660 3000; baseline -0.004 -15"><span class='ocrx_word' id='word_1_397' title='bbox 2079 2941 2232 3000; x_wconf 81' lang='lat' dir='ltr'><strong>petu,</strong></span> <span class='ocrx_word' id='word_1_398' title='bbox 2267 2929 2715 3000; x_wconf 86' lang='lat' dir='ltr'><strong>contemptisque</strong></span> <span class='ocrx_word' id='word_1_399' title='bbox 2745 2929 3096 2998; x_wconf 86' lang='lat' dir='ltr'><strong>corporibus,</strong></span> <span class='ocrx_word' id='word_1_400' title='bbox 3129 2926 3388 2981; x_wconf 88' lang='lat' dir='ltr'><strong>Triballis</strong></span> <span class='ocrx_word' id='word_1_401' title='bbox 3408 2924 3660 2995; x_wconf 80' lang='lat' dir='ltr'><strong>jaculan-</strong></span> 
     </span>
    </p>
   </div>
   <div class='ocr_carea' id='block_1_60' title="bbox 2079 3019 3662 3092">
    <p class='ocr_par' dir='ltr' id='par_1_60' title="bbox 2079 3019 3662 3092">
     <span class='ocr_line' id='line_1_60' title="bbox 2079 3019 3662 3092; baseline -0.004 -18"><span class='ocrx_word' id='word_1_402' title='bbox 2079 3023 2248 3088; x_wconf 88' lang='lat' dir='ltr'><strong>tibus,</strong></span> <span class='ocrx_word' id='word_1_403' title='bbox 2292 3030 2670 3092; x_wconf 88' lang='lat' dir='ltr'><strong>quantumque</strong></span> <span class='ocrx_word' id='word_1_404' title='bbox 2704 3030 2962 3091; x_wconf 86' lang='lat' dir='ltr'><strong>poterant</strong></span> <span class='ocrx_word' id='word_1_405' title='bbox 2995 3019 3443 3090; x_wconf 84' lang='lat' dir='ltr'><strong>prohibentibus,</strong></span> <span class='ocrx_word' id='word_1_406' title='bbox 3478 3028 3662 3073; x_wconf 61' lang='lat' dir='ltr'><strong>trans-</strong></span> 
     </span>
    </p>
   </div>
   <div class='ocr_carea' id='block_1_61' title="bbox 2079 3111 3664 3185">
    <p class='ocr_par' dir='ltr' id='par_1_61' title="bbox 2079 3111 3664 3185">
     <span class='ocr_line' id='line_1_61' title="bbox 2079 3111 3664 3185; baseline -0.004 -15"><span class='ocrx_word' id='word_1_407' title='bbox 2079 3115 2141 3170; x_wconf 94' lang='lat' dir='ltr'><strong>iit</strong></span> <span class='ocrx_word' id='word_1_408' title='bbox 2175 3133 2190 3170; x_wconf 91' lang='lat'><strong>:</strong></span> <span class='ocrx_word' id='word_1_409' title='bbox 2233 3129 2375 3184; x_wconf 90' lang='lat' dir='ltr'><strong>quos</strong></span> <span class='ocrx_word' id='word_1_410' title='bbox 2419 3114 2605 3169; x_wconf 87' lang='lat' dir='ltr'><strong>hostes</strong></span> <span class='ocrx_word' id='word_1_411' title='bbox 2636 3127 2740 3169; x_wconf 91' lang='lat' dir='ltr'><strong>nec</strong></span> <span class='ocrx_word' id='word_1_412' title='bbox 2788 3112 2856 3167; x_wconf 92' lang='lat' dir='ltr'><strong>ad</strong></span> <span class='ocrx_word' id='word_1_413' title='bbox 2902 3125 3168 3185; x_wconf 90' lang='lat' dir='ltr'><strong>punctum</strong></span> <span class='ocrx_word' id='word_1_414' title='bbox 3196 3111 3462 3182; x_wconf 88' lang='lat' dir='ltr'><strong>temporis</strong></span> <span class='ocrx_word' id='word_1_415' title='bbox 3493 3111 3664 3165; x_wconf 86' lang='lat' dir='ltr'><strong>susti-</strong></span> 
     </span>
    </p>
   </div>
   <div class='ocr_carea' id='block_1_62' title="bbox 391 3201 1976 3283">
    <p class='ocr_par' dir='ltr' id='par_1_62' title="bbox 391 3201 1976 3274">
     <span class='ocr_line' id='line_1_62' title="bbox 391 3201 1976 3274; baseline 0 -20"><span class='ocrx_word' id='word_1_416' title='bbox 391 3201 536 3272; x_wconf 82' lang='grc' dir='ltr'>όρμῇ</span> <span class='ocrx_word' id='word_1_417' title='bbox 572 3201 912 3274; x_wconf 84' lang='grc' dir='ltr'>χρησάμενοι</span> <span class='ocrx_word' id='word_1_418' title='bbox 969 3201 1288 3272; x_wconf 71' lang='grc' dir='ltr'>παραδόὶῳ,</span> <span class='ocrx_word' id='word_1_419' title='bbox 1326 3202 1418 3255; x_wconf 75' lang='grc' dir='ltr'>καὶ</span> <span class='ocrx_word' id='word_1_420' title='bbox 1451 3203 1720 3270; x_wconf 82' lang='grc' dir='ltr'>σωμάτων</span> <span class='ocrx_word' id='word_1_421' title='bbox 1751 3203 1976 3274; x_wconf 67' lang='grc' dir='ltr'>ἀφειδῆ.-</span> 
     </span>
    </p>
   </div>
   <div class='ocr_carea' id='block_1_63' title="bbox 2078 3201 3663 3283">
    <p class='ocr_par' dir='ltr' id='par_1_63' title="bbox 2079 3203 3663 3276">
     <span class='ocr_line' id='line_1_63' title="bbox 2079 3203 3663 3276; baseline -0.003 -16"><span class='ocrx_word' id='word_1_422' title='bbox 2079 3213 2272 3260; x_wconf 90' lang='lat' dir='ltr'><strong>nentes</strong></span> <span class='ocrx_word' id='word_1_423' title='bbox 2295 3246 2310 3270; x_wconf 93' lang='lat'><strong>,</strong></span> <span class='ocrx_word' id='word_1_424' title='bbox 2346 3204 2402 3259; x_wconf 94' lang='lat' dir='ltr'><strong>in</strong></span> <span class='ocrx_word' id='word_1_425' title='bbox 2448 3204 2631 3276; x_wconf 79' lang='lat' dir='ltr'><strong>fugam</strong></span> <span class='ocrx_word' id='word_1_426' title='bbox 2681 3218 2742 3260; x_wconf 87' lang='lat' dir='ltr'><strong>se</strong></span> <span class='ocrx_word' id='word_1_427' title='bbox 2776 3205 3037 3260; x_wconf 92' lang='lat' dir='ltr'><strong>omnibus</strong></span> <span class='ocrx_word' id='word_1_428' title='bbox 3069 3203 3258 3259; x_wconf 89' lang='lat' dir='ltr'><strong>nervis</strong></span> <span class='ocrx_word' id='word_1_429' title='bbox 3287 3204 3663 3258; x_wconf 87' lang='lat' dir='ltr'><strong>tradiderunt.</strong></span> 
     </span>
    </p>
   </div>
   <div class='ocr_carea' id='block_1_64' title="bbox 393 3293 1975 3364">
    <p class='ocr_par' dir='ltr' id='par_1_64' title="bbox 393 3293 1975 3364">
     <span class='ocr_line' id='line_1_64' title="bbox 393 3293 1975 3364; baseline 0.003 -20"><span class='ocrx_word' id='word_1_430' title='bbox 393 3309 608 3358; x_wconf 83' lang='grc' dir='ltr'>σαντες,</span> <span class='ocrx_word' id='word_1_431' title='bbox 651 3294 920 3347; x_wconf 77' lang='grc' dir='ltr'>διέϐαινον</span> <span class='ocrx_word' id='word_1_432' title='bbox 983 3293 1308 3364; x_wconf 79' lang='grc' dir='ltr'>βαλλόμενοι</span> <span class='ocrx_word' id='word_1_433' title='bbox 1353 3295 1448 3348; x_wconf 73' lang='grc' dir='ltr'>καὶ</span> <span class='ocrx_word' id='word_1_434' title='bbox 1489 3294 1863 3364; x_wconf 81' lang='grc' dir='ltr'>κωλυόμενοι,</span> <span class='ocrx_word' id='word_1_435' title='bbox 1899 3296 1975 3360; x_wconf 85' lang='grc' dir='ltr'>ὡς</span> 
     </span>
    </p>
   </div>
   <div class='ocr_carea' id='block_1_65' title="bbox 392 3383 1976 3454">
    <p class='ocr_par' dir='ltr' id='par_1_65' title="bbox 392 3383 1976 3454">
     <span class='ocr_line' id='line_1_65' title="bbox 392 3383 1976 3454; baseline 0.003 -18"><span class='ocrx_word' id='word_1_436' title='bbox 392 3385 519 3454; x_wconf 61' lang='grc' dir='ltr'><strong>ὶ-ιῆν</strong></span> <span class='ocrx_word' id='word_1_437' title='bbox 541 3384 646 3437; x_wconf 79' lang='grc' dir='ltr'><strong>ὑπὸ</strong></span> <span class='ocrx_word' id='word_1_438' title='bbox 681 3383 792 3436; x_wconf 88' lang='grc' dir='ltr'><strong>τῶν</strong></span> <span class='ocrx_word' id='word_1_439' title='bbox 834 3383 1156 3453; x_wconf 75' lang='grc' dir='ltr'>Τρισαλῶνο</span> <span class='ocrx_word' id='word_1_440' title='bbox 1209 3383 1501 3446; x_wconf 80' lang='grc' dir='ltr'>διασάντας</span> <span class='ocrx_word' id='word_1_441' title='bbox 1560 3384 1618 3437; x_wconf 75' lang='grc' dir='ltr'>δὲ</span> <span class='ocrx_word' id='word_1_442' title='bbox 1666 3385 1976 3453; x_wconf 87' lang='grc' dir='ltr'>ὑπέμειναν</span> 
     </span>
    </p>
   </div>
   <div class='ocr_carea' id='block_1_66' title="bbox 391 3474 1978 3544">
    <p class='ocr_par' dir='ltr' id='par_1_66' title="bbox 391 3474 1978 3544">
     <span class='ocr_line' id='line_1_66' title="bbox 391 3474 1978 3544; baseline 0.001 -16"><span class='ocrx_word' id='word_1_443' title='bbox 391 3474 505 3528; x_wconf 77' lang='grc' dir='ltr'>οὐδ’</span> <span class='ocrx_word' id='word_1_444' title='bbox 533 3476 624 3528; x_wconf 69' lang='grc' dir='ltr'><strong>ἐπὶ</strong></span> <span class='ocrx_word' id='word_1_445' title='bbox 655 3475 849 3544; x_wconf 84' lang='grc' dir='ltr'>μικρόν</span> <span class='ocrx_word' id='word_1_446' title='bbox 871 3488 886 3505; x_wconf 85' lang='grc'>⁶</span> <span class='ocrx_word' id='word_1_447' title='bbox 916 3474 1034 3527; x_wconf 82' lang='grc' dir='ltr'>ἀλλ’</span> <span class='ocrx_word' id='word_1_448' title='bbox 1060 3475 1292 3543; x_wconf 75' lang='grc' dir='ltr'>ἔφευγον</span> <span class='ocrx_word' id='word_1_449' title='bbox 1323 3479 1659 3544; x_wconf 79' lang='grc' dir='ltr'>τραπόμενοι</span> <span class='ocrx_word' id='word_1_450' title='bbox 1680 3477 1821 3529; x_wconf 84' lang='grc' dir='ltr'><strong>κατά</strong></span> <span class='ocrx_word' id='word_1_451' title='bbox 1843 3477 1978 3543; x_wconf 76' lang='grc' dir='ltr'>κρά-</span> 
     </span>
    </p>
   </div>
   <div class='ocr_carea' id='block_1_67' title="bbox 393 3563 1974 3628">
    <p class='ocr_par' dir='ltr' id='par_1_67' title="bbox 393 3563 1974 3628">
     <span class='ocr_line' id='line_1_67' title="bbox 393 3563 1974 3628; baseline 0.001 -11"><span class='ocrx_word' id='word_1_452' title='bbox 393 3583 505 3628; x_wconf 81' lang='grc' dir='ltr'>τος.</span> <span class='ocrx_word' id='word_1_453' title='bbox 545 3566 804 3628; x_wconf 80' lang='grc' dir='ltr'>Βασιλεὺς</span> <span class='ocrx_word' id='word_1_454' title='bbox 829 3564 885 3617; x_wconf 75' lang='grc' dir='ltr'>δὶ</span> <span class='ocrx_word' id='word_1_455' title='bbox 911 3563 1020 3617; x_wconf 73' lang='grc' dir='ltr'>οὔτ’</span> <span class='ocrx_word' id='word_1_456' title='bbox 1046 3563 1363 3617; x_wconf 71' lang='grc' dir='ltr'>ἐπιδιώκειν</span> <span class='ocrx_word' id='word_1_457' title='bbox 1400 3565 1486 3616; x_wconf 81' lang='grc' dir='ltr'>εῐα</span> <span class='ocrx_word' id='word_1_458' title='bbox 1511 3606 1524 3627; x_wconf 92' lang='grc'><strong>,</strong></span> <span class='ocrx_word' id='word_1_459' title='bbox 1554 3565 1680 3616; x_wconf 73' lang='grc' dir='ltr'>οὔτε</span> <span class='ocrx_word' id='word_1_460' title='bbox 1713 3566 1974 3619; x_wconf 81' lang='grc' dir='ltr'>ἀποκτεί-</span> 
     </span>
    </p>
   </div>
   <div class='ocr_carea' id='block_1_68' title="bbox 394 3659 1980 3730">
    <p class='ocr_par' dir='ltr' id='par_1_68' title="bbox 394 3659 1980 3730">
     <span class='ocr_line' id='line_1_68' title="bbox 394 3659 1980 3730; baseline 0.001 -17"><span class='ocrx_word' id='word_1_461' title='bbox 394 3678 529 3726; x_wconf 88' lang='grc' dir='ltr'>νειν,</span> <span class='ocrx_word' id='word_1_462' title='bbox 565 3663 790 3728; x_wconf 81' lang='grc' dir='ltr'>ἄγνοιαν</span> <span class='ocrx_word' id='word_1_463' title='bbox 813 3663 912 3730; x_wconf 78' lang='grc' dir='ltr'>τῆς</span> <span class='ocrx_word' id='word_1_464' title='bbox 958 3659 1256 3728; x_wconf 73' lang='grc' dir='ltr'>ἐπιϐουλῆς</span> <span class='ocrx_word' id='word_1_465' title='bbox 1297 3661 1756 3728; x_wconf 77' lang='grc' dir='ltr'>ὑποκρινάμενος.</span> <span class='ocrx_word' id='word_1_466' title='bbox 1793 3661 1980 3714; x_wconf 79' lang='grc' dir='ltr'>Ἐϐού-</span> 
     </span>
    </p>
   </div>
   <div class='ocr_carea' id='block_1_69' title="bbox 397 3750 1979 3822">
    <p class='ocr_par' dir='ltr' id='par_1_69' title="bbox 397 3750 1979 3822">
     <span class='ocr_line' id='line_1_69' title="bbox 397 3750 1979 3822; baseline 0.001 -19"><span class='ocrx_word' id='word_1_467' title='bbox 397 3754 516 3804; x_wconf 81' lang='grc' dir='ltr'>λετο</span> <span class='ocrx_word' id='word_1_468' title='bbox 544 3751 651 3821; x_wconf 80' lang='grc' dir='ltr'>γὰρ</span> <span class='ocrx_word' id='word_1_469' title='bbox 682 3752 951 3822; x_wconf 86' lang='grc' dir='ltr'>μηδεμίαν</span> <span class='ocrx_word' id='word_1_470' title='bbox 973 3751 1168 3822; x_wconf 83' lang='grc' dir='ltr'>Κράλῃ</span> <span class='ocrx_word' id='word_1_471' title='bbox 1204 3750 1334 3820; x_wconf 79' lang='grc' dir='ltr'>πρὸς</span> <span class='ocrx_word' id='word_1_472' title='bbox 1359 3751 1450 3802; x_wconf 82' lang='grc' dir='ltr'>τὸν</span> <span class='ocrx_word' id='word_1_473' title='bbox 1479 3751 1718 3820; x_wconf 86' lang='grc' dir='ltr'>πόλεμον</span> <span class='ocrx_word' id='word_1_474' title='bbox 1762 3753 1979 3822; x_wconf 85' lang='grc' dir='ltr'>πρόφα-</span> 
     </span>
    </p>
   </div>
   <div class='ocr_carea' id='block_1_70' title="bbox 399 3843 1979 3916">
    <p class='ocr_par' dir='ltr' id='par_1_70' title="bbox 399 3843 1979 3916">
     <span class='ocr_line' id='line_1_70' title="bbox 399 3843 1979 3916; baseline 0.002 -20"><span class='ocrx_word' id='word_1_475' title='bbox 399 3863 482 3896; x_wconf 90' lang='grc' dir='ltr'><strong>σιν</strong></span> <span class='ocrx_word' id='word_1_476' title='bbox 512 3845 794 3916; x_wconf 81' lang='grc' dir='ltr'>παρέχειν.</span> <span class='ocrx_word' id='word_1_477' title='bbox 840 3845 905 3897; x_wconf 80' lang='grc' dir='ltr'><strong>Ἠ</strong></span> <span class='ocrx_word' id='word_1_478' title='bbox 957 3843 1015 3895; x_wconf 79' lang='grc' dir='ltr'>δὲ</span> <span class='ocrx_word' id='word_1_479' title='bbox 1054 3843 1190 3914; x_wconf 75' lang='grc' dir='ltr'>ἄλλη</span> <span class='ocrx_word' id='word_1_480' title='bbox 1244 3845 1499 3914; x_wconf 74' lang='grc' dir='ltr'>στρατιὰ,</span> <span class='ocrx_word' id='word_1_481' title='bbox 1556 3843 1788 3898; x_wconf 74' lang='grc' dir='ltr'>διέϐαινε</span> <span class='ocrx_word' id='word_1_482' title='bbox 1834 3846 1979 3899; x_wconf 65' lang='grc' dir='ltr'>κατὰ</span> 
     </span>
    </p>
   </div>
   <div class='ocr_carea' id='block_1_71' title="bbox 400 3935 1980 4007">
    <p class='ocr_par' dir='ltr' id='par_1_71' title="bbox 400 3935 1980 4007">
     <span class='ocr_line' id='line_1_71' title="bbox 400 3935 1980 4007; baseline 0.001 -19"><span class='ocrx_word' id='word_1_483' title='bbox 400 3937 598 4006; x_wconf 79' lang='grc' dir='ltr'>σχολὴν</span> <span class='ocrx_word' id='word_1_484' title='bbox 627 3937 794 4006; x_wconf 78' lang='grc' dir='ltr'>μηδὲν</span> <span class='ocrx_word' id='word_1_485' title='bbox 836 3935 1200 4007; x_wconf 79' lang='grc' dir='ltr'>ζημιωθεϊσα.</span> <span class='ocrx_word' id='word_1_486' title='bbox 1250 3935 1512 4001; x_wconf 72' lang='grc' dir='ltr'>Βασιλεὺς</span> <span class='ocrx_word' id='word_1_487' title='bbox 1564 3937 1622 3989; x_wconf 68' lang='grc' dir='ltr'>δὲ</span> <span class='ocrx_word' id='word_1_488' title='bbox 1678 3937 1980 4006; x_wconf 85' lang='grc' dir='ltr'>φιλοτίμως</span> 
     </span>
    </p>
   </div>
   <div class='ocr_carea' id='block_1_72' title="bbox 398 4029 1979 4099">
    <p class='ocr_par' dir='ltr' id='par_1_72' title="bbox 398 4029 1979 4099">
     <span class='ocr_line' id='line_1_72' title="bbox 398 4029 1979 4099; baseline -0.003 -14"><span class='ocrx_word' id='word_1_489' title='bbox 398 4029 775 4099; x_wconf 74' lang='grc' dir='ltr'>ἀμειψάμενος</span> <span class='ocrx_word' id='word_1_490' title='bbox 835 4029 925 4082; x_wconf 80' lang='grc' dir='ltr'>τὸν</span> <span class='ocrx_word' id='word_1_491' title='bbox 983 4029 1337 4098; x_wconf 76' lang='grc' dir='ltr'>ἡγησάμενον</span> <span class='ocrx_word' id='word_1_492' title='bbox 1397 4031 1534 4098; x_wconf 82' lang='grc' dir='ltr'>πρὸς</span> <span class='ocrx_word' id='word_1_493' title='bbox 1609 4029 1700 4081; x_wconf 76' lang='grc' dir='ltr'>τὸν</span> <span class='ocrx_word' id='word_1_494' title='bbox 1771 4030 1979 4096; x_wconf 90' lang='grc' dir='ltr'>πόρον,</span> 
     </span>
    </p>
   </div>
   <div class='ocr_carea' id='block_1_73' title="bbox 398 4117 1980 4194">
    <p class='ocr_par' dir='ltr' id='par_1_73' title="bbox 398 4117 1980 4194">
     <span class='ocr_line' id='line_1_73' title="bbox 398 4117 1980 4194; baseline 0.013 -24"><span class='ocrx_word' id='word_1_495' title='bbox 398 4123 534 4193; x_wconf 73' lang='grc' dir='ltr'>πρὸς</span> <span class='ocrx_word' id='word_1_496' title='bbox 589 4123 852 4194; x_wconf 79' lang='grc' dir='ltr'>Βέῤῥοιαν</span> <span class='ocrx_word' id='word_1_497' title='bbox 897 4121 1146 4192; x_wconf 73' lang='grc' dir='ltr'>ἐπανῄει,</span> <span class='ocrx_word' id='word_1_498' title='bbox 1199 4119 1403 4181; x_wconf 74' lang='grc' dir='ltr'>πολλὰς</span> <span class='ocrx_word' id='word_1_499' title='bbox 1437 4117 1605 4172; x_wconf 68' lang='grc' dir='ltr'><strong>αὑτοῦ</strong></span> <span class='ocrx_word' id='word_1_500' title='bbox 1655 4136 1712 4171; x_wconf 79' lang='grc' dir='ltr'>τε</span> <span class='ocrx_word' id='word_1_501' title='bbox 1750 4121 1842 4172; x_wconf 53' lang='grc' dir='ltr'>καὶ</span> <span class='ocrx_word' id='word_1_502' title='bbox 1879 4123 1980 4190; x_wconf 70' lang='grc' dir='ltr'><strong>τῆῖ</strong></span> 
     </span>
    </p>
   </div>
   <div class='ocr_carea' id='block_1_74' title="bbox 401 4207 1975 4282">
    <p class='ocr_par' dir='ltr' id='par_1_74' title="bbox 401 4207 1975 4282">
     <span class='ocr_line' id='line_1_74' title="bbox 401 4207 1975 4282; baseline -0.002 -18"><span class='ocrx_word' id='word_1_503' title='bbox 401 4213 662 4282; x_wconf 81' lang='grc' dir='ltr'>στρατιᾶς</span> <span class='ocrx_word' id='word_1_504' title='bbox 700 4211 800 4282; x_wconf 80' lang='grc' dir='ltr'>τῆς</span> <span class='ocrx_word' id='word_1_505' title='bbox 830 4211 1110 4279; x_wconf 72' lang='grc' dir='ltr'>σωτηρίας</span> <span class='ocrx_word' id='word_1_506' title='bbox 1179 4208 1299 4281; x_wconf 88' lang='grc' dir='ltr'><strong>Θεῷ</strong></span> <span class='ocrx_word' id='word_1_507' title='bbox 1360 4209 1592 4279; x_wconf 84' lang='grc' dir='ltr'>χάριτας</span> <span class='ocrx_word' id='word_1_508' title='bbox 1661 4207 1975 4278; x_wconf 78' lang='grc' dir='ltr'><strong>ὁμολογῶν⁹</strong></span> 
     </span>
    </p>
   </div>
   <div class='ocr_carea' id='block_1_75' title="bbox 399 4301 1978 4374">
    <p class='ocr_par' dir='ltr' id='par_1_75' title="bbox 399 4301 1978 4374">
     <span class='ocr_line' id='line_1_75' title="bbox 399 4301 1978 4374; baseline 0 -18"><span class='ocrx_word' id='word_1_509' title='bbox 399 4305 456 4358; x_wconf 83' lang='grc' dir='ltr'>ὲν</span> <span class='ocrx_word' id='word_1_510' title='bbox 519 4303 634 4374; x_wconf 84' lang='grc' dir='ltr'><strong>χρῷ</strong></span> <span class='ocrx_word' id='word_1_511' title='bbox 701 4305 814 4373; x_wconf 73' lang='grc' dir='ltr'><strong>γὰρ</strong></span> <span class='ocrx_word' id='word_1_512' title='bbox 875 4303 1038 4374; x_wconf 73' lang='grc' dir='ltr'>εἴπερ</span> <span class='ocrx_word' id='word_1_513' title='bbox 1090 4301 1223 4356; x_wconf 73' lang='grc' dir='ltr'>ποτε</span> <span class='ocrx_word' id='word_1_514' title='bbox 1287 4303 1630 4372; x_wconf 80' lang='grc' dir='ltr'>κατέστησαν</span> <span class='ocrx_word' id='word_1_515' title='bbox 1708 4301 1978 4356; x_wconf 84' lang='grc' dir='ltr'>κινδύνου.</span> 
     </span>
    </p>
   </div>
   <div class='ocr_carea' id='block_1_76' title="bbox 399 4393 1982 4466">
    <p class='ocr_par' dir='ltr' id='par_1_76' title="bbox 399 4393 1982 4466">
     <span class='ocr_line' id='line_1_76' title="bbox 399 4393 1982 4466; baseline -0.002 -18"><span class='ocrx_word' id='word_1_516' title='bbox 399 4395 512 4464; x_wconf 79' lang='grc' dir='ltr'><strong>Τῆς</strong></span> <span class='ocrx_word' id='word_1_517' title='bbox 565 4395 736 4466; x_wconf 78' lang='grc' dir='ltr'>αὐτῆς</span> <span class='ocrx_word' id='word_1_518' title='bbox 795 4395 850 4448; x_wconf 78' lang='grc' dir='ltr'>δὲ</span> <span class='ocrx_word' id='word_1_519' title='bbox 914 4393 1130 4465; x_wconf 81' lang='grc' dir='ltr'>ἡμέρας</span> <span class='ocrx_word' id='word_1_520' title='bbox 1181 4394 1334 4462; x_wconf 76' lang='grc' dir='ltr'>καὶὴ</span> <span class='ocrx_word' id='word_1_521' title='bbox 1393 4395 1456 4446; x_wconf 77' lang='grc' dir='ltr'>ἐκ</span> <span class='ocrx_word' id='word_1_522' title='bbox 1489 4393 1710 4463; x_wconf 83' lang='grc' dir='ltr'>Θρᾴκης</span> <span class='ocrx_word' id='word_1_523' title='bbox 1740 4395 1834 4445; x_wconf 84' lang='grc' dir='ltr'>καὶ</span> <span class='ocrx_word' id='word_1_524' title='bbox 1864 4393 1982 4447; x_wconf 83' lang='grc' dir='ltr'><strong>Μα-</strong></span> 
     </span>
    </p>
   </div>
   <div class='ocr_carea' id='block_1_77' title="bbox 401 4485 1980 4560">
    <p class='ocr_par' dir='ltr' id='par_1_77' title="bbox 401 4485 1980 4560">
     <span class='ocr_line' id='line_1_77' title="bbox 401 4485 1980 4560; baseline -0.003 -18"><span class='ocrx_word' id='word_1_525' title='bbox 401 4489 650 4553; x_wconf 86' lang='grc' dir='ltr'>κεδονίας</span> <span class='ocrx_word' id='word_1_526' title='bbox 703 4490 931 4560; x_wconf 83' lang='grc' dir='ltr'>στρατιὰ</span> <span class='ocrx_word' id='word_1_527' title='bbox 980 4491 1096 4559; x_wconf 82' lang='grc' dir='ltr'>ἆμα</span> <span class='ocrx_word' id='word_1_528' title='bbox 1131 4491 1244 4553; x_wconf 84' lang='grc' dir='ltr'>τοῖς</span> <span class='ocrx_word' id='word_1_529' title='bbox 1288 4491 1351 4541; x_wconf 85' lang='grc' dir='ltr'>ὲκ</span> <span class='ocrx_word' id='word_1_530' title='bbox 1381 4487 1487 4540; x_wconf 88' lang='grc' dir='ltr'><strong>τῶν</strong></span> <span class='ocrx_word' id='word_1_531' title='bbox 1524 4488 1800 4557; x_wconf 85' lang='grc' dir='ltr'>τριήρεων</span> <span class='ocrx_word' id='word_1_532' title='bbox 1825 4485 1980 4540; x_wconf 76' lang='grc' dir='ltr'>ὁπλί-</span> 
     </span>
    </p>
   </div>
   <div class='ocr_carea' id='block_1_78' title="bbox 2079 3292 3663 3364">
    <p class='ocr_par' dir='ltr' id='par_1_78' title="bbox 2079 3292 3663 3364">
     <span class='ocr_line' id='line_1_78' title="bbox 2079 3292 3663 3364; baseline -0.001 -16"><span class='ocrx_word' id='word_1_533' title='bbox 2079 3295 2406 3364; x_wconf 83' lang='lat' dir='ltr'><strong>lmperator,</strong></span> <span class='ocrx_word' id='word_1_534' title='bbox 2436 3294 2762 3348; x_wconf 85' lang='lat' dir='ltr'><strong>insidiarum</strong></span> <span class='ocrx_word' id='word_1_535' title='bbox 2811 3292 3155 3363; x_wconf 78' lang='lat' dir='ltr'><strong>ignoratione</strong></span> <span class='ocrx_word' id='word_1_536' title='bbox 3213 3293 3508 3358; x_wconf 83' lang='lat' dir='ltr'><strong>simulata,</strong></span> <span class='ocrx_word' id='word_1_537' title='bbox 3557 3306 3663 3347; x_wconf 86' lang='lat' dir='ltr'><strong>nec</strong></span> 
     </span>
    </p>
   </div>
   <div class='ocr_carea' id='block_1_79' title="bbox 2078 3382 3662 3455">
    <p class='ocr_par' dir='ltr' id='par_1_79' title="bbox 2078 3382 3662 3455">
     <span class='ocr_line' id='line_1_79' title="bbox 2078 3382 3662 3455; baseline -0.003 -15"><span class='ocrx_word' id='word_1_538' title='bbox 2078 3385 2291 3455; x_wconf 88' lang='lat' dir='ltr'><strong>insequi</strong></span> <span class='ocrx_word' id='word_1_539' title='bbox 2333 3400 2484 3447; x_wconf 88' lang='lat' dir='ltr'><strong>suos,</strong></span> <span class='ocrx_word' id='word_1_540' title='bbox 2521 3399 2625 3441; x_wconf 89' lang='lat' dir='ltr'><strong>nec</strong></span> <span class='ocrx_word' id='word_1_541' title='bbox 2657 3383 2910 3439; x_wconf 85' lang='lat' dir='ltr'><strong>occidere</strong></span> <span class='ocrx_word' id='word_1_542' title='bbox 2938 3383 3211 3455; x_wconf 82' lang='lat' dir='ltr'><strong>fugientes</strong></span> <span class='ocrx_word' id='word_1_543' title='bbox 3240 3385 3482 3452; x_wconf 86' lang='lat' dir='ltr'><strong>sineuat,</strong></span> <span class='ocrx_word' id='word_1_544' title='bbox 3509 3382 3662 3453; x_wconf 88' lang='lat' dir='ltr'><strong>quod</strong></span> 
     </span>
    </p>
   </div>
   <div class='ocr_carea' id='block_1_80' title="bbox 2080 3473 3664 3531">
    <p class='ocr_par' dir='ltr' id='par_1_80' title="bbox 2080 3473 3664 3531">
     <span class='ocr_line' id='line_1_80' title="bbox 2080 3473 3664 3531; baseline -0.001 -2"><span class='ocrx_word' id='word_1_545' title='bbox 2080 3475 2284 3529; x_wconf 89' lang='lat' dir='ltr'><strong>nullam</strong></span> <span class='ocrx_word' id='word_1_546' title='bbox 2315 3473 2462 3530; x_wconf 91' lang='lat' dir='ltr'><strong>Crali</strong></span> <span class='ocrx_word' id='word_1_547' title='bbox 2487 3490 2767 3529; x_wconf 90' lang='lat' dir='ltr'><strong>armorum</strong></span> <span class='ocrx_word' id='word_1_548' title='bbox 2799 3475 3151 3531; x_wconf 90' lang='lat' dir='ltr'><strong>occasionem</strong></span> <span class='ocrx_word' id='word_1_549' title='bbox 3181 3473 3312 3530; x_wconf 89' lang='lat' dir='ltr'><strong>dare</strong></span> <span class='ocrx_word' id='word_1_550' title='bbox 3341 3477 3523 3529; x_wconf 87' lang='lat' dir='ltr'><strong>vellet.</strong></span> <span class='ocrx_word' id='word_1_551' title='bbox 3553 3474 3664 3529; x_wconf 82' lang='lat' dir='ltr'><strong>Re-</strong></span> 
     </span>
    </p>
   </div>
   <div class='ocr_carea' id='block_1_81' title="bbox 2083 3564 3665 3637">
    <p class='ocr_par' dir='ltr' id='par_1_81' title="bbox 2083 3564 3665 3637">
     <span class='ocr_line' id='line_1_81' title="bbox 2083 3564 3665 3637; baseline 0 -17"><span class='ocrx_word' id='word_1_552' title='bbox 2083 3567 2295 3636; x_wconf 89' lang='lat' dir='ltr'><strong>liqnum</strong></span> <span class='ocrx_word' id='word_1_553' title='bbox 2347 3581 2542 3637; x_wconf 86' lang='lat' dir='ltr'><strong>agmen</strong></span> <span class='ocrx_word' id='word_1_554' title='bbox 2599 3566 2899 3636; x_wconf 87' lang='lat' dir='ltr'><strong>paulatim,</strong></span> <span class='ocrx_word' id='word_1_555' title='bbox 2947 3573 3003 3623; x_wconf 90' lang='lat' dir='ltr'><strong>et</strong></span> <span class='ocrx_word' id='word_1_556' title='bbox 3055 3567 3208 3621; x_wconf 91' lang='lat' dir='ltr'><strong>nullo</strong></span> <span class='ocrx_word' id='word_1_557' title='bbox 3274 3581 3400 3621; x_wconf 91' lang='lat' dir='ltr'><strong>cum</strong></span> <span class='ocrx_word' id='word_1_558' title='bbox 3460 3564 3665 3620; x_wconf 91' lang='lat' dir='ltr'><strong>damno</strong></span> 
     </span>
    </p>
   </div>
   <div class='ocr_carea' id='block_1_82' title="bbox 2084 3657 3665 3729">
    <p class='ocr_par' dir='ltr' id='par_1_82' title="bbox 2084 3657 3665 3729">
     <span class='ocr_line' id='line_1_82' title="bbox 2084 3657 3665 3729; baseline 0 -16"><span class='ocrx_word' id='word_1_559' title='bbox 2084 3661 2373 3716; x_wconf 88' lang='lat' dir='ltr'><strong>transibat.</strong></span> <span class='ocrx_word' id='word_1_560' title='bbox 2415 3657 2553 3712; x_wconf 90' lang='lat' dir='ltr'><strong>Tum</strong></span> <span class='ocrx_word' id='word_1_561' title='bbox 2599 3657 2900 3729; x_wconf 85' lang='lat' dir='ltr'><strong>imperator</strong></span> <span class='ocrx_word' id='word_1_562' title='bbox 2931 3658 3171 3714; x_wconf 90' lang='lat' dir='ltr'><strong>indicem</strong></span> <span class='ocrx_word' id='word_1_563' title='bbox 3194 3657 3321 3713; x_wconf 89' lang='lat' dir='ltr'><strong>vadi</strong></span> <span class='ocrx_word' id='word_1_564' title='bbox 3361 3657 3665 3713; x_wconf 84' lang='lat' dir='ltr'><strong>honoriﬁce</strong></span> 
     </span>
    </p>
   </div>
   <div class='ocr_carea' id='block_1_83' title="bbox 2081 3741 3668 3815">
    <p class='ocr_par' dir='ltr' id='par_1_83' title="bbox 2081 3741 3668 3815">
     <span class='ocr_line' id='line_1_83' title="bbox 2081 3741 3668 3815; baseline 0 -11"><span class='ocrx_word' id='word_1_565' title='bbox 2081 3760 2487 3815; x_wconf 85' lang='lat' dir='ltr'><strong>remuneratus,</strong></span> <span class='ocrx_word' id='word_1_566' title='bbox 2535 3750 2854 3806; x_wconf 82' lang='lat' dir='ltr'><strong>Bcrrbceam</strong></span> <span class='ocrx_word' id='word_1_567' title='bbox 2899 3765 2958 3806; x_wconf 83' lang='lat' dir='ltr'><strong>se</strong></span> <span class='ocrx_word' id='word_1_568' title='bbox 2994 3741 3207 3814; x_wconf 65' lang='lat' dir='ltr'><strong>retulit,</strong></span> <span class='ocrx_word' id='word_1_569' title='bbox 3233 3750 3305 3805; x_wconf 87' lang='lat' dir='ltr'><strong>ob</strong></span> <span class='ocrx_word' id='word_1_570' title='bbox 3337 3766 3494 3805; x_wconf 85' lang='lat' dir='ltr'><strong>suam</strong></span> <span class='ocrx_word' id='word_1_571' title='bbox 3522 3750 3668 3804; x_wconf 85' lang='lat' dir='ltr'><strong>mili-</strong></span> 
     </span>
    </p>
   </div>
   <div class='ocr_carea' id='block_1_84' title="bbox 2083 3842 3665 3914">
    <p class='ocr_par' dir='ltr' id='par_1_84' title="bbox 2083 3842 3665 3914">
     <span class='ocr_line' id='line_1_84' title="bbox 2083 3842 3665 3914; baseline -0.001 -16"><span class='ocrx_word' id='word_1_572' title='bbox 2083 3854 2311 3914; x_wconf 91' lang='lat' dir='ltr'><strong>tumque</strong></span> <span class='ocrx_word' id='word_1_573' title='bbox 2341 3843 2573 3898; x_wconf 90' lang='lat' dir='ltr'><strong>salutem</strong></span> <span class='ocrx_word' id='word_1_574' title='bbox 2605 3843 2716 3898; x_wconf 91' lang='lat' dir='ltr'><strong>Deo</strong></span> <span class='ocrx_word' id='word_1_575' title='bbox 2748 3843 2953 3913; x_wconf 83' lang='lat' dir='ltr'><strong>gratias</strong></span> <span class='ocrx_word' id='word_1_576' title='bbox 2981 3858 3148 3914; x_wconf 89' lang='lat' dir='ltr'><strong>agens</strong></span> <span class='ocrx_word' id='word_1_577' title='bbox 3174 3859 3189 3898; x_wconf 91' lang='lat'><strong>:</strong></span> <span class='ocrx_word' id='word_1_578' title='bbox 3221 3842 3468 3914; x_wconf 89' lang='lat' dir='ltr'><strong>periculo</strong></span> <span class='ocrx_word' id='word_1_579' title='bbox 3489 3845 3665 3910; x_wconf 89' lang='lat' dir='ltr'><strong>enim,</strong></span> 
     </span>
    </p>
   </div>
   <div class='ocr_carea' id='block_1_85' title="bbox 2079 3929 3667 4002">
    <p class='ocr_par' dir='ltr' id='par_1_85' title="bbox 2079 3929 3667 4002">
     <span class='ocr_line' id='line_1_85' title="bbox 2079 3929 3667 4002; baseline -0.003 -14"><span class='ocrx_word' id='word_1_580' title='bbox 2079 3931 2126 3988; x_wconf 90' lang='lat' dir='ltr'><strong>si</strong></span> <span class='ocrx_word' id='word_1_581' title='bbox 2186 3947 2428 4002; x_wconf 87' lang='lat' dir='ltr'><strong>unquam</strong></span> <span class='ocrx_word' id='word_1_582' title='bbox 2490 3933 2662 3997; x_wconf 87' lang='lat' dir='ltr'><strong>alias,</strong></span> <span class='ocrx_word' id='word_1_583' title='bbox 2723 3931 2960 4002; x_wconf 73' lang='lat' dir='ltr'><strong>proximi</strong></span> <span class='ocrx_word' id='word_1_584' title='bbox 3013 3932 3256 3987; x_wconf 82' lang='lat' dir='ltr'><strong>fuerant.</strong></span> <span class='ocrx_word' id='word_1_585' title='bbox 3311 3929 3519 3986; x_wconf 87' lang='lat' dir='ltr'><strong>Eodem</strong></span> <span class='ocrx_word' id='word_1_586' title='bbox 3576 3931 3667 3986; x_wconf 85' lang='lat' dir='ltr'><strong>die</strong></span> 
     </span>
    </p>
   </div>
   <div class='ocr_carea' id='block_1_86' title="bbox 2079 4021 3665 4092">
    <p class='ocr_par' dir='ltr' id='par_1_86' title="bbox 2079 4021 3665 4092">
     <span class='ocr_line' id='line_1_86' title="bbox 2079 4021 3665 4092; baseline -0.001 -15"><span class='ocrx_word' id='word_1_587' title='bbox 2079 4023 2245 4078; x_wconf 90' lang='lat' dir='ltr'><strong>etiam</strong></span> <span class='ocrx_word' id='word_1_588' title='bbox 2286 4039 2317 4078; x_wconf 92' lang='lat' dir='ltr'><strong>e</strong></span> <span class='ocrx_word' id='word_1_589' title='bbox 2367 4023 2600 4077; x_wconf 89' lang='lat' dir='ltr'><strong>Thracia</strong></span> <span class='ocrx_word' id='word_1_590' title='bbox 2641 4032 2698 4078; x_wconf 93' lang='lat' dir='ltr'><strong>et</strong></span> <span class='ocrx_word' id='word_1_591' title='bbox 2751 4023 3067 4079; x_wconf 85' lang='lat' dir='ltr'><strong>Macedonia</strong></span> <span class='ocrx_word' id='word_1_592' title='bbox 3129 4023 3463 4092; x_wconf 82' lang='lat' dir='ltr'><strong>conscripti,</strong></span> <span class='ocrx_word' id='word_1_593' title='bbox 3495 4021 3665 4078; x_wconf 88' lang='lat' dir='ltr'><strong>simul</strong></span> 
     </span>
    </p>
   </div>
   <div class='ocr_carea' id='block_1_87' title="bbox 2081 4113 3672 4188">
    <p class='ocr_par' dir='ltr' id='par_1_87' title="bbox 2081 4113 3672 4188">
     <span class='ocr_line' id='line_1_87' title="bbox 2081 4113 3672 4188; baseline 0 -19"><span class='ocrx_word' id='word_1_594' title='bbox 2081 4129 2207 4170; x_wconf 90' lang='lat' dir='ltr'><strong>cum</strong></span> <span class='ocrx_word' id='word_1_595' title='bbox 2234 4114 2535 4169; x_wconf 82' lang='lat' dir='ltr'><strong>classiariis</strong></span> <span class='ocrx_word' id='word_1_596' title='bbox 2558 4115 2850 4184; x_wconf 89' lang='lat' dir='ltr'><strong>utriusque</strong></span> <span class='ocrx_word' id='word_1_597' title='bbox 2880 4121 3200 4188; x_wconf 67' lang='lat' dir='ltr'><strong>armaturae,</strong></span> <span class='ocrx_word' id='word_1_598' title='bbox 3226 4123 3282 4169; x_wconf 91' lang='lat' dir='ltr'><strong>et</strong></span> <span class='ocrx_word' id='word_1_599' title='bbox 3307 4113 3487 4170; x_wconf 85' lang='lat' dir='ltr'><strong>Persis</strong></span> <span class='ocrx_word' id='word_1_600' title='bbox 3512 4115 3672 4169; x_wconf 79' lang='lat' dir='ltr'><strong>auxi-</strong></span> 
     </span>
    </p>
   </div>
   <div class='ocr_carea' id='block_1_88' title="bbox 2079 4207 3670 4277">
    <p class='ocr_par' dir='ltr' id='par_1_88' title="bbox 2079 4207 3670 4277">
     <span class='ocr_line' id='line_1_88' title="bbox 2079 4207 3670 4277; baseline -0.001 -14"><span class='ocrx_word' id='word_1_601' title='bbox 2079 4208 2257 4264; x_wconf 87' lang='lat' dir='ltr'><strong>liariis</strong></span> <span class='ocrx_word' id='word_1_602' title='bbox 2307 4208 2375 4262; x_wconf 90' lang='lat' dir='ltr'><strong>ad</strong></span> <span class='ocrx_word' id='word_1_603' title='bbox 2419 4208 2618 4262; x_wconf 78' lang='lat' dir='ltr'><strong>Axium</strong></span> <span class='ocrx_word' id='word_1_604' title='bbox 2668 4208 2993 4272; x_wconf 82' lang='lat' dir='ltr'><strong>adveniunt,</strong></span> <span class='ocrx_word' id='word_1_605' title='bbox 3028 4207 3419 4277; x_wconf 89' lang='lat' dir='ltr'><strong>imperatorem</strong></span> <span class='ocrx_word' id='word_1_606' title='bbox 3448 4221 3670 4276; x_wconf 84' lang='lat' dir='ltr'><strong>aggres-</strong></span> 
     </span>
    </p>
   </div>
   <div class='ocr_carea' id='block_1_89' title="bbox 2081 4299 3667 4366">
    <p class='ocr_par' dir='ltr' id='par_1_89' title="bbox 2081 4299 3667 4366">
     <span class='ocr_line' id='line_1_89' title="bbox 2081 4299 3667 4366; baseline -0.003 -9"><span class='ocrx_word' id='word_1_607' title='bbox 2081 4301 2219 4357; x_wconf 87' lang='lat' dir='ltr'><strong>suri.</strong></span> <span class='ocrx_word' id='word_1_608' title='bbox 2273 4301 2446 4366; x_wconf 88' lang='lat' dir='ltr'><strong>Quem</strong></span> <span class='ocrx_word' id='word_1_609' title='bbox 2492 4301 2718 4355; x_wconf 82' lang='lat' dir='ltr'><strong>ﬂumine</strong></span> <span class='ocrx_word' id='word_1_610' title='bbox 2749 4301 2984 4355; x_wconf 90' lang='lat' dir='ltr'><strong>transito</strong></span> <span class='ocrx_word' id='word_1_611' title='bbox 3021 4299 3338 4354; x_wconf 73' lang='lat' dir='ltr'><strong>Berrhceam</strong></span> <span class='ocrx_word' id='word_1_612' title='bbox 3383 4313 3667 4353; x_wconf 90' lang='lat' dir='ltr'><strong>reversum</strong></span> 
     </span>
    </p>
   </div>
   <div class='ocr_carea' id='block_1_90' title="bbox 2083 4386 3671 4460">
    <p class='ocr_par' dir='ltr' id='par_1_90' title="bbox 2083 4386 3671 4460">
     <span class='ocr_line' id='line_1_90' title="bbox 2083 4386 3671 4460; baseline -0.005 -12"><span class='ocrx_word' id='word_1_613' title='bbox 2083 4394 2373 4448; x_wconf 86' lang='lat' dir='ltr'><strong>audientes</strong></span> <span class='ocrx_word' id='word_1_614' title='bbox 2394 4434 2411 4460; x_wconf 92' lang='lat'><strong>,</strong></span> <span class='ocrx_word' id='word_1_615' title='bbox 2465 4392 2916 4448; x_wconf 87' lang='lat' dir='ltr'><strong>Thessalonicam</strong></span> <span class='ocrx_word' id='word_1_616' title='bbox 2955 4391 3160 4457; x_wconf 59' lang='lat' dir='ltr'><strong>maesti,</strong></span> <span class='ocrx_word' id='word_1_617' title='bbox 3194 4389 3342 4460; x_wconf 90' lang='lat' dir='ltr'><strong>quod</strong></span> <span class='ocrx_word' id='word_1_618' title='bbox 3377 4388 3558 4444; x_wconf 89' lang='lat' dir='ltr'><strong>serius</strong></span> <span class='ocrx_word' id='word_1_619' title='bbox 3591 4386 3671 4441; x_wconf 76' lang='lat' dir='ltr'><strong>al-</strong></span> 
     </span>
    </p>
   </div>
   <div class='ocr_carea' id='block_1_91' title="bbox 2086 4479 3671 4552">
    <p class='ocr_par' dir='ltr' id='par_1_91' title="bbox 2086 4479 3671 4552">
     <span class='ocr_line' id='line_1_91' title="bbox 2086 4479 3671 4552; baseline -0.003 -13"><span class='ocrx_word' id='word_1_620' title='bbox 2086 4484 2342 4552; x_wconf 82' lang='lat' dir='ltr'><strong>luissent,</strong></span> <span class='ocrx_word' id='word_1_621' title='bbox 2375 4493 2679 4540; x_wconf 88' lang='lat' dir='ltr'><strong>retrorsum</strong></span> <span class='ocrx_word' id='word_1_622' title='bbox 2716 4484 2996 4538; x_wconf 86' lang='lat' dir='ltr'><strong>abierunt.</strong></span> <span class='ocrx_word' id='word_1_623' title='bbox 3035 4483 3341 4552; x_wconf 83' lang='lat' dir='ltr'><strong>Imperator</strong></span> <span class='ocrx_word' id='word_1_624' title='bbox 3369 4488 3484 4535; x_wconf 87' lang='lat' dir='ltr'><strong>tum</strong></span> <span class='ocrx_word' id='word_1_625' title='bbox 3506 4495 3537 4534; x_wconf 92' lang='lat' dir='ltr'><strong>a</strong></span> <span class='ocrx_word' id='word_1_626' title='bbox 3559 4479 3671 4534; x_wconf 87' lang='lat' dir='ltr'><strong>Deo</strong></span> 
     </span>
    </p>
   </div>
   <div class='ocr_carea' id='block_1_92' title="bbox 400 4561 1976 4648">
    <p class='ocr_par' dir='ltr' id='par_1_92' title="bbox 400 4576 1976 4647">
     <span class='ocr_line' id='line_1_92' title="bbox 400 4576 1976 4647; baseline 0 -18"><span class='ocrx_word' id='word_1_627' title='bbox 400 4593 522 4640; x_wconf 85' lang='grc' dir='ltr'>ταις</span> <span class='ocrx_word' id='word_1_628' title='bbox 551 4578 645 4630; x_wconf 70' lang='grc' dir='ltr'>καὶ</span> <span class='ocrx_word' id='word_1_629' title='bbox 669 4577 867 4646; x_wconf 72' lang='grc' dir='ltr'>ψιλοῖς,</span> <span class='ocrx_word' id='word_1_630' title='bbox 907 4579 1002 4632; x_wconf 75' lang='grc' dir='ltr'>καὶ</span> <span class='ocrx_word' id='word_1_631' title='bbox 1034 4576 1272 4647; x_wconf 74' lang='grc' dir='ltr'>Πέρσαις</span> <span class='ocrx_word' id='word_1_632' title='bbox 1303 4579 1413 4638; x_wconf 83' lang='grc' dir='ltr'>τοῖς</span> <span class='ocrx_word' id='word_1_633' title='bbox 1450 4578 1786 4646; x_wconf 74' lang='grc' dir='ltr'>συμμάχοις,</span> <span class='ocrx_word' id='word_1_634' title='bbox 1844 4576 1976 4646; x_wconf 77' lang='grc' dir='ltr'>πρὸς</span> 
     </span>
    </p>
   </div>
   <div class='ocr_carea' id='block_1_93' title="bbox 2078 4561 3670 4648">
    <p class='ocr_par' dir='ltr' id='par_1_93' title="bbox 2093 4570 3670 4648">
     <span class='ocr_line' id='line_1_93' title="bbox 2093 4570 3670 4648; baseline -0.005 -16"><span class='ocrx_word' id='word_1_635' title='bbox 2093 4591 2152 4632; x_wconf 88' lang='lat' dir='ltr'><strong>se</strong></span> <span class='ocrx_word' id='word_1_636' title='bbox 2195 4591 2306 4633; x_wconf 92' lang='lat' dir='ltr'><strong>non</strong></span> <span class='ocrx_word' id='word_1_637' title='bbox 2344 4576 2581 4648; x_wconf 89' lang='lat' dir='ltr'><strong>negligi,</strong></span> <span class='ocrx_word' id='word_1_638' title='bbox 2626 4573 2974 4630; x_wconf 82' lang='lat' dir='ltr'><strong>manifestius</strong></span> <span class='ocrx_word' id='word_1_639' title='bbox 3004 4572 3282 4645; x_wconf 90' lang='lat' dir='ltr'><strong>cognovit,</strong></span> <span class='ocrx_word' id='word_1_640' title='bbox 3311 4580 3367 4627; x_wconf 90' lang='lat' dir='ltr'><strong>et</strong></span> <span class='ocrx_word' id='word_1_641' title='bbox 3393 4570 3670 4626; x_wconf 68' lang='lat' dir='ltr'><strong>Berrhataa</strong></span> 
     </span>
    </p>
   </div>
   <div class='ocr_carea' id='block_1_94' title="bbox 417 4664 1982 4740">
    <p class='ocr_par' dir='ltr' id='par_1_94' title="bbox 417 4664 1982 4740">
     <span class='ocr_line' id='line_1_94' title="bbox 417 4664 1982 4740; baseline -0.001 -18"><span class='ocrx_word' id='word_1_642' title='bbox 417 4669 624 4736; x_wconf 80' lang='grc' dir='ltr'>’Δξειὺν</span> <span class='ocrx_word' id='word_1_643' title='bbox 657 4664 792 4740; x_wconf 81' lang='grc' dir='ltr'>ἧκον</span> <span class='ocrx_word' id='word_1_644' title='bbox 844 4670 936 4722; x_wconf 75' lang='grc' dir='ltr'><strong>ἐπὶ</strong></span> <span class='ocrx_word' id='word_1_645' title='bbox 983 4669 1229 4738; x_wconf 79' lang='grc' dir='ltr'>βασιλέα.</span> <span class='ocrx_word' id='word_1_646' title='bbox 1262 4667 1563 4737; x_wconf 82' lang='grc' dir='ltr'>Πυθόμενοι</span> <span class='ocrx_word' id='word_1_647' title='bbox 1598 4667 1657 4721; x_wconf 83' lang='grc' dir='ltr'>δὲ</span> <span class='ocrx_word' id='word_1_648' title='bbox 1686 4667 1761 4732; x_wconf 82' lang='grc' dir='ltr'>ὡς</span> <span class='ocrx_word' id='word_1_649' title='bbox 1789 4668 1982 4733; x_wconf 76' lang='grc' dir='ltr'>διαϐὰς</span> 
     </span>
    </p>
   </div>
   <div class='ocr_carea' id='block_1_95' title="bbox 400 4760 1984 4834">
    <p class='ocr_par' dir='ltr' id='par_1_95' title="bbox 400 4760 1984 4834">
     <span class='ocr_line' id='line_1_95' title="bbox 400 4760 1984 4834; baseline -0.001 -19"><span class='ocrx_word' id='word_1_650' title='bbox 400 4766 543 4832; x_wconf 74' lang='grc' dir='ltr'>πρὸς</span> <span class='ocrx_word' id='word_1_651' title='bbox 574 4763 836 4834; x_wconf 75' lang='grc' dir='ltr'>Βέρῤοιαν</span> <span class='ocrx_word' id='word_1_652' title='bbox 875 4760 1188 4824; x_wconf 73' lang='grc' dir='ltr'>ἐπανέλθοι,</span> <span class='ocrx_word' id='word_1_653' title='bbox 1230 4760 1573 4831; x_wconf 84' lang='grc' dir='ltr'>ὑπέστρεφον</span> <span class='ocrx_word' id='word_1_654' title='bbox 1611 4762 1692 4824; x_wconf 88' lang='grc' dir='ltr'><strong>είς</strong></span> <span class='ocrx_word' id='word_1_655' title='bbox 1713 4760 1984 4814; x_wconf 82' lang='grc' dir='ltr'>Θεσσαλο·</span> 
     </span>
    </p>
   </div>
   <div class='ocr_carea' id='block_1_96' title="bbox 401 4851 1982 4922">
    <p class='ocr_par' dir='ltr' id='par_1_96' title="bbox 401 4851 1982 4922">
     <span class='ocr_line' id='line_1_96' title="bbox 401 4851 1982 4922; baseline -0.001 -16"><span class='ocrx_word' id='word_1_656' title='bbox 401 4853 560 4922; x_wconf 75' lang='grc' dir='ltr'>νίκην</span> <span class='ocrx_word' id='word_1_657' title='bbox 599 4851 915 4921; x_wconf 80' lang='grc' dir='ltr'>ἀνιώμενοι,</span> <span class='ocrx_word' id='word_1_658' title='bbox 948 4852 1028 4903; x_wconf 85' lang='grc' dir='ltr'>ὄτι</span> <span class='ocrx_word' id='word_1_659' title='bbox 1059 4851 1440 4919; x_wconf 80' lang='grc' dir='ltr'>ὑστερήσειαν.</span> <span class='ocrx_word' id='word_1_660' title='bbox 1468 4851 1735 4914; x_wconf 78' lang='grc' dir='ltr'>Βασιλεύς</span> <span class='ocrx_word' id='word_1_661' title='bbox 1775 4868 1835 4904; x_wconf 91' lang='grc' dir='ltr'><strong>τε</strong></span> <span class='ocrx_word' id='word_1_662' title='bbox 1857 4851 1982 4904; x_wconf 85' lang='grc' dir='ltr'>τότε</span> 
     </span>
    </p>
   </div>
   <div class='ocr_carea' id='block_1_97' title="bbox 405 4940 1986 5016">
    <p class='ocr_par' dir='ltr' id='par_1_97' title="bbox 405 4940 1986 5016">
     <span class='ocr_line' id='line_1_97' title="bbox 405 4940 1986 5016; baseline -0.001 -18"><span class='ocrx_word' id='word_1_663' title='bbox 405 4943 1022 5016; x_wconf 62' lang='grc' dir='ltr'>μᾶλλονάκριόέστερον</span> <span class='ocrx_word' id='word_1_664' title='bbox 1066 4940 1319 5012; x_wconf 86' lang='grc' dir='ltr'>συνεώρα</span> <span class='ocrx_word' id='word_1_665' title='bbox 1362 4943 1461 5012; x_wconf 77' lang='grc' dir='ltr'>τὴν</span> <span class='ocrx_word' id='word_1_666' title='bbox 1486 4943 1613 5012; x_wconf 72' lang='grc' dir='ltr'>περὶ</span> <span class='ocrx_word' id='word_1_667' title='bbox 1658 4943 1819 4997; x_wconf 77' lang='grc' dir='ltr'>αὑτὸν</span> <span class='ocrx_word' id='word_1_668' title='bbox 1851 4943 1986 5014; x_wconf 87' lang='grc' dir='ltr'>πρό-</span> 
     </span>
    </p>
   </div>
   <div class='ocr_carea' id='block_1_98' title="bbox 404 5031 1987 5106">
    <p class='ocr_par' dir='ltr' id='par_1_98' title="bbox 404 5031 1987 5106">
     <span class='ocr_line' id='line_1_98' title="bbox 404 5031 1987 5106; baseline -0.001 -18"><span class='ocrx_word' id='word_1_669' title='bbox 404 5051 553 5090; x_wconf 89' lang='grc' dir='ltr'>νοιαν</span> <span class='ocrx_word' id='word_1_670' title='bbox 583 5034 679 5088; x_wconf 86' lang='grc' dir='ltr'>τοῦ</span> <span class='ocrx_word' id='word_1_671' title='bbox 709 5033 868 5086; x_wconf 82' lang='grc' dir='ltr'>Θεοῦ.</span> <span class='ocrx_word' id='word_1_672' title='bbox 912 5032 1068 5085; x_wconf 67' lang='grc' dir='ltr'>Ἐπεὶ</span> <span class='ocrx_word' id='word_1_673' title='bbox 1095 5031 1152 5084; x_wconf 86' lang='grc' dir='ltr'>δὲ</span> <span class='ocrx_word' id='word_1_674' title='bbox 1196 5033 1413 5099; x_wconf 74' lang='grc' dir='ltr'>ἐγένετο</span> <span class='ocrx_word' id='word_1_675' title='bbox 1462 5035 1519 5085; x_wconf 81' lang='grc' dir='ltr'>ὲν</span> <span class='ocrx_word' id='word_1_676' title='bbox 1559 5033 1815 5106; x_wconf 75' lang='grc' dir='ltr'>Βερῤοίᾳ,</span> <span class='ocrx_word' id='word_1_677' title='bbox 1852 5033 1987 5104; x_wconf 83' lang='grc' dir='ltr'>Γερ-</span> 
     </span>
    </p>
   </div>
   <div class='ocr_carea' id='block_1_99' title="bbox 407 5125 1986 5197">
    <p class='ocr_par' dir='ltr' id='par_1_99' title="bbox 407 5125 1986 5197">
     <span class='ocr_line' id='line_1_99' title="bbox 407 5125 1986 5197; baseline 0 -17"><span class='ocrx_word' id='word_1_678' title='bbox 407 5129 613 5197; x_wconf 67' lang='grc' dir='ltr'>μαν›ὺς</span> <span class='ocrx_word' id='word_1_679' title='bbox 645 5127 744 5194; x_wconf 86' lang='grc' dir='ltr'>τῆς</span> <span class='ocrx_word' id='word_1_680' title='bbox 769 5127 850 5189; x_wconf 82' lang='grc' dir='ltr'><strong>είς</strong></span> <span class='ocrx_word' id='word_1_681' title='bbox 891 5125 1054 5178; x_wconf 81' lang='grc' dir='ltr'>αὐτὸν</span> <span class='ocrx_word' id='word_1_682' title='bbox 1087 5125 1300 5185; x_wconf 76' lang='grc' dir='ltr'>εὐνοίας</span> <span class='ocrx_word' id='word_1_683' title='bbox 1335 5126 1713 5196; x_wconf 72' lang='grc' dir='ltr'>ἀμειψάμενος</span> <span class='ocrx_word' id='word_1_684' title='bbox 1760 5128 1986 5196; x_wconf 82' lang='grc' dir='ltr'>εὐεργε-</span> 
     </span>
    </p>
   </div>
   <div class='ocr_carea' id='block_1_100' title="bbox 407 5216 1985 5289">
    <p class='ocr_par' dir='ltr' id='par_1_100' title="bbox 407 5216 1985 5289">
     <span class='ocr_line' id='line_1_100' title="bbox 407 5216 1985 5289; baseline -0.004 -16"><span class='ocrx_word' id='word_1_685' title='bbox 407 5223 576 5287; x_wconf 66' lang='grc' dir='ltr'>σίαιτ,</span> <span class='ocrx_word' id='word_1_686' title='bbox 610 5220 943 5287; x_wconf 86' lang='grc' dir='ltr'>ἀπέπεμπεν</span> <span class='ocrx_word' id='word_1_687' title='bbox 983 5220 1064 5280; x_wconf 76' lang='grc' dir='ltr'><strong>εἰς</strong></span> <span class='ocrx_word' id='word_1_688' title='bbox 1108 5216 1364 5287; x_wconf 76' lang='grc' dir='ltr'>Κράλην·</span> <span class='ocrx_word' id='word_1_689' title='bbox 1407 5218 1661 5280; x_wconf 77' lang='grc' dir='ltr'>καὶτοὺς</span> <span class='ocrx_word' id='word_1_690' title='bbox 1713 5219 1840 5289; x_wconf 72' lang='grc' dir='ltr'>περὶ</span> <span class='ocrx_word' id='word_1_691' title='bbox 1886 5218 1985 5288; x_wconf 79' lang='grc' dir='ltr'>τὴν</span> 
     </span>
    </p>
   </div>
   <div class='ocr_carea' id='block_1_101' title="bbox 405 5309 1986 5379">
    <p class='ocr_par' dir='ltr' id='par_1_101' title="bbox 405 5309 1986 5379">
     <span class='ocr_line' id='line_1_101' title="bbox 405 5309 1986 5379; baseline -0.001 -13"><span class='ocrx_word' id='word_1_692' title='bbox 405 5315 660 5368; x_wconf 81' lang='grc' dir='ltr'>δ.ά6ασιν</span> <span class='ocrx_word' id='word_1_693' title='bbox 704 5309 912 5375; x_wconf 81' lang='grc' dir='ltr'><strong>’Δξειοῦ</strong></span> <span class='ocrx_word' id='word_1_694' title='bbox 941 5309 1274 5375; x_wconf 77' lang='grc' dir='ltr'>κωλύοντας,</span> <span class='ocrx_word' id='word_1_695' title='bbox 1312 5310 1722 5379; x_wconf 76' lang='grc' dir='ltr'>προσήγγελλεν</span> <span class='ocrx_word' id='word_1_696' title='bbox 1751 5311 1828 5373; x_wconf 84' lang='grc' dir='ltr'><strong>ῶς</strong></span> <span class='ocrx_word' id='word_1_697' title='bbox 1867 5311 1986 5364; x_wconf 85' lang='grc' dir='ltr'>ἀδι-</span> 
     </span>
    </p>
   </div>
   <div class='ocr_carea' id='block_1_102' title="bbox 407 5401 2032 5477">
    <p class='ocr_par' dir='ltr' id='par_1_102' title="bbox 407 5401 2032 5477">
     <span class='ocr_line' id='line_1_102' title="bbox 407 5401 2032 5477; baseline -0.002 -18"><span class='ocrx_word' id='word_1_698' title='bbox 407 5408 707 5477; x_wconf 78' lang='grc' dir='ltr'>κήσαντας,</span> <span class='ocrx_word' id='word_1_699' title='bbox 739 5405 832 5458; x_wconf 79' lang='grc' dir='ltr'>καὶ</span> <span class='ocrx_word' id='word_1_700' title='bbox 863 5403 1018 5470; x_wconf 69' lang='grc' dir='ltr'>παρὰ</span> <span class='ocrx_word' id='word_1_701' title='bbox 1061 5403 1160 5466; x_wconf 72' lang='grc' dir='ltr'><strong>τὰς</strong></span> <span class='ocrx_word' id='word_1_702' title='bbox 1205 5401 1437 5463; x_wconf 67' lang='grc' dir='ltr'>σπονδὰς</span> <span class='ocrx_word' id='word_1_703' title='bbox 1485 5403 1578 5455; x_wconf 79' lang='grc' dir='ltr'>καὶ</span> <span class='ocrx_word' id='word_1_704' title='bbox 1611 5402 1737 5466; x_wconf 77' lang='grc' dir='ltr'>τοὺς</span> <span class='ocrx_word' id='word_1_705' title='bbox 1789 5405 1988 5474; x_wconf 83' lang='grc' dir='ltr'>ὅρκους</span> <span class='ocrx_word' id='word_1_706' title='bbox 2026 5432 2032 5436; x_wconf 65' lang='grc' dir='ltr'><strong>τ</strong></span> 
     </span>
    </p>
   </div>
   <div class='ocr_carea' id='block_1_103' title="bbox 408 5490 1988 5563">
    <p class='ocr_par' dir='ltr' id='par_1_103' title="bbox 408 5490 1988 5563">
     <span class='ocr_line' id='line_1_103' title="bbox 408 5490 1988 5563; baseline -0.001 -15"><span class='ocrx_word' id='word_1_707' title='bbox 408 5495 587 5548; x_wconf 78' lang='grc' dir='ltr'>αὐτῶν</span> <span class='ocrx_word' id='word_1_708' title='bbox 626 5495 748 5556; x_wconf 71' lang='grc' dir='ltr'>τοὺς</span> <span class='ocrx_word' id='word_1_709' title='bbox 779 5496 858 5556; x_wconf 81' lang='grc' dir='ltr'><strong>είς</strong></span> <span class='ocrx_word' id='word_1_710' title='bbox 905 5491 1164 5563; x_wconf 71' lang='grc' dir='ltr'>ἀλλήλους</span> <span class='ocrx_word' id='word_1_711' title='bbox 1192 5490 1614 5562; x_wconf 72' lang='grc' dir='ltr'>εἰργασμένους.</span> <span class='ocrx_word' id='word_1_712' title='bbox 1652 5492 1877 5563; x_wconf 82' lang='grc' dir='ltr'>Κράλης</span> <span class='ocrx_word' id='word_1_713' title='bbox 1929 5493 1988 5546; x_wconf 77' lang='grc' dir='ltr'>δὲ</span> 
     </span>
    </p>
   </div>
   <div class='ocr_carea' id='block_1_104' title="bbox 409 5584 1988 5657">
    <p class='ocr_par' dir='ltr' id='par_1_104' title="bbox 409 5584 1988 5657">
     <span class='ocr_line' id='line_1_104' title="bbox 409 5584 1988 5657; baseline -0.003 -15"><span class='ocrx_word' id='word_1_714' title='bbox 409 5588 563 5642; x_wconf 70' lang='grc' dir='ltr'>οὔπω</span> <span class='ocrx_word' id='word_1_715' title='bbox 587 5588 836 5657; x_wconf 83' lang='grc' dir='ltr'>φανερῶς</span> <span class='ocrx_word' id='word_1_716' title='bbox 863 5585 1422 5657; x_wconf 74' lang='grc' dir='ltr'>ἐξενηνεγμένοςπρδς</span> <span class='ocrx_word' id='word_1_717' title='bbox 1440 5584 1531 5636; x_wconf 76' lang='grc' dir='ltr'>τὸν</span> <span class='ocrx_word' id='word_1_718' title='bbox 1547 5584 1799 5654; x_wconf 83' lang='grc' dir='ltr'>πόλεμον,</span> <span class='ocrx_word' id='word_1_719' title='bbox 1817 5584 1988 5639; x_wconf 82' lang='grc' dir='ltr'>θέλων</span> 
     </span>
    </p>
   </div>
   <div class='ocr_carea' id='block_1_105' title="bbox 414 5674 1990 5751">
    <p class='ocr_par' dir='ltr' id='par_1_105' title="bbox 414 5674 1990 5751">
     <span class='ocr_line' id='line_1_105' title="bbox 414 5674 1990 5751; baseline -0.004 -15"><span class='ocrx_word' id='word_1_720' title='bbox 414 5681 639 5751; x_wconf 70' lang='grc' dir='ltr'>βασιλέα</span> <span class='ocrx_word' id='word_1_721' title='bbox 663 5679 1014 5751; x_wconf 84' lang='grc' dir='ltr'>θεραπεύειν,</span> <span class='ocrx_word' id='word_1_722' title='bbox 1035 5677 1157 5730; x_wconf 75' lang='grc' dir='ltr'>επεὶ</span> <span class='ocrx_word' id='word_1_723' title='bbox 1175 5676 1250 5746; x_wconf 84' lang='grc' dir='ltr'>μὴ</span> <span class='ocrx_word' id='word_1_724' title='bbox 1263 5677 1353 5730; x_wconf 82' lang='grc' dir='ltr'>διὰ</span> <span class='ocrx_word' id='word_1_725' title='bbox 1367 5676 1465 5748; x_wconf 80' lang='grc' dir='ltr'>τῆς</span> <span class='ocrx_word' id='word_1_726' title='bbox 1492 5674 1781 5745; x_wconf 61' lang='grc' dir='ltr'>ἐπιϐουλῆς</span> <span class='ocrx_word' id='word_1_727' title='bbox 1801 5675 1990 5745; x_wconf 67' lang='grc' dir='ltr'>ἐξεγέ-</span> 
     </span>
    </p>
   </div>
   <div class='ocr_carea' id='block_1_106' title="bbox 416 5766 1988 5840">
    <p class='ocr_par' dir='ltr' id='par_1_106' title="bbox 416 5766 1988 5840">
     <span class='ocr_line' id='line_1_106' title="bbox 416 5766 1988 5840; baseline -0.003 -15"><span class='ocrx_word' id='word_1_728' title='bbox 416 5789 536 5826; x_wconf 75' lang='grc' dir='ltr'>νῖτο</span> <span class='ocrx_word' id='word_1_729' title='bbox 562 5769 908 5840; x_wconf 77' lang='grc' dir='ltr'>διαφθείρειν,</span> <span class='ocrx_word' id='word_1_730' title='bbox 935 5767 1226 5836; x_wconf 76' lang='grc' dir='ltr'>Μποζίκην</span> <span class='ocrx_word' id='word_1_731' title='bbox 1258 5770 1352 5818; x_wconf 69' lang='grc' dir='ltr'>καὶ</span> <span class='ocrx_word' id='word_1_732' title='bbox 1376 5766 1646 5834; x_wconf 82' lang='grc' dir='ltr'>Στέφανον</span> <span class='ocrx_word' id='word_1_733' title='bbox 1663 5769 1786 5829; x_wconf 73' lang='grc' dir='ltr'>τοὺς</span> <span class='ocrx_word' id='word_1_734' title='bbox 1817 5769 1988 5836; x_wconf 77' lang='grc' dir='ltr'>ἡγου-</span> 
     </span>
    </p>
   </div>
   <div class='ocr_carea' id='block_1_107' title="bbox 423 5854 1987 5933">
    <p class='ocr_par' dir='ltr' id='par_1_107' title="bbox 423 5854 1987 5933">
     <span class='ocr_line' id='line_1_107' title="bbox 423 5854 1987 5933; baseline -0.003 -15"><span class='ocrx_word' id='word_1_735' title='bbox 423 5854 616 5933; x_wconf 80' lang='grc' dir='ltr'>μένους</span> <span class='ocrx_word' id='word_1_736' title='bbox 634 5862 732 5933; x_wconf 81' lang='grc' dir='ltr'>τῆς</span> <span class='ocrx_word' id='word_1_737' title='bbox 766 5861 1020 5930; x_wconf 62' lang='grc' dir='ltr'>στρατιᾶς</span> <span class='ocrx_word' id='word_1_738' title='bbox 1044 5860 1255 5928; x_wconf 74' lang='grc' dir='ltr'>ἔπεμπε</span> <span class='ocrx_word' id='word_1_739' title='bbox 1293 5857 1426 5929; x_wconf 80' lang='grc' dir='ltr'>πρὸς</span> <span class='ocrx_word' id='word_1_740' title='bbox 1463 5857 1709 5928; x_wconf 75' lang='grc' dir='ltr'>βασιλέα,</span> <span class='ocrx_word' id='word_1_741' title='bbox 1735 5859 1809 5924; x_wconf 83' lang='grc' dir='ltr'><strong>ὡς</strong></span> <span class='ocrx_word' id='word_1_742' title='bbox 1830 5859 1987 5924; x_wconf 82' lang='grc' dir='ltr'>δίκας</span> 
     </span>
    </p>
   </div>
   <div class='ocr_carea' id='block_1_108' title="bbox 2085 4651 3672 4738">
    <p class='ocr_par' dir='ltr' id='par_1_108' title="bbox 2085 4651 3672 4738">
     <span class='ocr_line' id='line_1_108' title="bbox 2085 4651 3672 4738; baseline -0.004 -16"><span class='ocrx_word' id='word_1_743' title='bbox 2085 4666 2388 4722; x_wconf 87' lang='lat' dir='ltr'><strong>Germanos</strong></span> <span class='ocrx_word' id='word_1_744' title='bbox 2436 4683 2538 4738; x_wconf 93' lang='lat' dir='ltr'><strong>pro</strong></span> <span class='ocrx_word' id='word_1_745' title='bbox 2582 4682 2774 4722; x_wconf 91' lang='lat' dir='ltr'><strong>eorum</strong></span> <span class='ocrx_word' id='word_1_746' title='bbox 2818 4666 2872 4721; x_wconf 90' lang='lat' dir='ltr'><strong>in</strong></span> <span class='ocrx_word' id='word_1_747' title='bbox 2924 4682 2983 4722; x_wconf 90' lang='lat' dir='ltr'><strong>se</strong></span> <span class='ocrx_word' id='word_1_748' title='bbox 3029 4663 3414 4720; x_wconf 89' lang='lat' dir='ltr'><strong>benevolentia</strong></span> <span class='ocrx_word' id='word_1_749' title='bbox 3445 4651 3672 4731; x_wconf 83' lang='lat' dir='ltr'><strong>congia—</strong></span> 
     </span>
    </p>
   </div>
   <div class='ocr_carea' id='block_1_109' title="bbox 2087 4755 3670 4828">
    <p class='ocr_par' dir='ltr' id='par_1_109' title="bbox 2087 4755 3670 4828">
     <span class='ocr_line' id='line_1_109' title="bbox 2087 4755 3670 4828; baseline -0.006 -11"><span class='ocrx_word' id='word_1_750' title='bbox 2087 4762 2172 4817; x_wconf 90' lang='lat' dir='ltr'><strong>rio</strong></span> <span class='ocrx_word' id='word_1_751' title='bbox 2215 4761 2469 4826; x_wconf 87' lang='lat' dir='ltr'><strong>donatos,</strong></span> <span class='ocrx_word' id='word_1_752' title='bbox 2521 4760 2589 4816; x_wconf 87' lang='lat' dir='ltr'><strong>ad</strong></span> <span class='ocrx_word' id='word_1_753' title='bbox 2638 4760 2855 4816; x_wconf 89' lang='lat' dir='ltr'><strong>Cralem</strong></span> <span class='ocrx_word' id='word_1_754' title='bbox 2904 4759 3116 4814; x_wconf 89' lang='lat' dir='ltr'><strong>dimisit</strong></span> <span class='ocrx_word' id='word_1_755' title='bbox 3160 4775 3174 4812; x_wconf 90' lang='lat'><strong>:</strong></span> <span class='ocrx_word' id='word_1_756' title='bbox 3221 4757 3427 4828; x_wconf 79' lang='lat' dir='ltr'><strong>quique</strong></span> <span class='ocrx_word' id='word_1_757' title='bbox 3468 4755 3670 4810; x_wconf 75' lang='lat' dir='ltr'><strong>Axium</strong></span> 
     </span>
    </p>
   </div>
   <div class='ocr_carea' id='block_1_110' title="bbox 2087 4845 3672 4918">
    <p class='ocr_par' dir='ltr' id='par_1_110' title="bbox 2087 4845 3672 4918">
     <span class='ocr_line' id='line_1_110' title="bbox 2087 4845 3672 4918; baseline -0.005 -13"><span class='ocrx_word' id='word_1_758' title='bbox 2087 4851 2407 4907; x_wconf 90' lang='lat' dir='ltr'><strong>transituris</strong></span> <span class='ocrx_word' id='word_1_759' title='bbox 2430 4851 2800 4917; x_wconf 87' lang='lat' dir='ltr'><strong>obstitissent,</strong></span> <span class='ocrx_word' id='word_1_760' title='bbox 2826 4864 2924 4904; x_wconf 89' lang='lat' dir='ltr'><strong>eos</strong></span> <span class='ocrx_word' id='word_1_761' title='bbox 2955 4863 3054 4918; x_wconf 86' lang='lat' dir='ltr'><strong>pro</strong></span> <span class='ocrx_word' id='word_1_762' title='bbox 3086 4847 3305 4918; x_wconf 85' lang='lat' dir='ltr'><strong>injuriis</strong></span> <span class='ocrx_word' id='word_1_763' title='bbox 3333 4845 3672 4914; x_wconf 68' lang='lat' dir='ltr'><strong>hederisque</strong></span> 
     </span>
    </p>
   </div>
   <div class='ocr_carea' id='block_1_111' title="bbox 2086 4933 3674 4998">
    <p class='ocr_par' dir='ltr' id='par_1_111' title="bbox 2086 4933 3674 4998">
     <span class='ocr_line' id='line_1_111' title="bbox 2086 4933 3674 4998; baseline -0.005 -2"><span class='ocrx_word' id='word_1_764' title='bbox 2086 4941 2234 4996; x_wconf 87' lang='lat' dir='ltr'><strong>inter</strong></span> <span class='ocrx_word' id='word_1_765' title='bbox 2291 4943 2484 4998; x_wconf 89' lang='lat' dir='ltr'><strong>ambos</strong></span> <span class='ocrx_word' id='word_1_766' title='bbox 2530 4941 2730 4997; x_wconf 87' lang='lat' dir='ltr'><strong>saneiti</strong></span> <span class='ocrx_word' id='word_1_767' title='bbox 2788 4938 3156 4994; x_wconf 86' lang='lat' dir='ltr'><strong>violatoribus</strong></span> <span class='ocrx_word' id='word_1_768' title='bbox 3214 4936 3434 4992; x_wconf 89' lang='lat' dir='ltr'><strong>detulit.</strong></span> <span class='ocrx_word' id='word_1_769' title='bbox 3484 4933 3674 4990; x_wconf 88' lang='lat' dir='ltr'><strong>Crales</strong></span> 
     </span>
    </p>
   </div>
   <div class='ocr_carea' id='block_1_112' title="bbox 2087 5029 3674 5103">
    <p class='ocr_par' dir='ltr' id='par_1_112' title="bbox 2087 5029 3674 5103">
     <span class='ocr_line' id='line_1_112' title="bbox 2087 5029 3674 5103; baseline -0.006 -17"><span class='ocrx_word' id='word_1_770' title='bbox 2087 5031 2332 5086; x_wconf 90' lang='lat' dir='ltr'><strong>nondum</strong></span> <span class='ocrx_word' id='word_1_771' title='bbox 2361 5041 2552 5103; x_wconf 86' lang='lat' dir='ltr'><strong>aperte</strong></span> <span class='ocrx_word' id='word_1_772' title='bbox 2585 5032 2793 5087; x_wconf 88' lang='lat' dir='ltr'><strong>bellum</strong></span> <span class='ocrx_word' id='word_1_773' title='bbox 2825 5045 3144 5101; x_wconf 88' lang='lat' dir='ltr'><strong>capessens,</strong></span> <span class='ocrx_word' id='word_1_774' title='bbox 3169 5029 3674 5099; x_wconf 87' lang='lat' dir='ltr'><strong>imperatoremque</strong></span> 
     </span>
    </p>
   </div>
   <div class='ocr_carea' id='block_1_113' title="bbox 2088 5115 3672 5191">
    <p class='ocr_par' dir='ltr' id='par_1_113' title="bbox 2088 5115 3672 5191">
     <span class='ocr_line' id='line_1_113' title="bbox 2088 5115 3672 5191; baseline -0.006 -15"><span class='ocrx_word' id='word_1_775' title='bbox 2088 5120 2275 5189; x_wconf 86' lang='lat' dir='ltr'><strong>aliquo</strong></span> <span class='ocrx_word' id='word_1_776' title='bbox 2329 5119 2508 5176; x_wconf 81' lang='lat' dir='ltr'><strong>cilicio</strong></span> <span class='ocrx_word' id='word_1_777' title='bbox 2546 5121 2650 5176; x_wconf 89' lang='lat' dir='ltr'><strong>sibi</strong></span> <span class='ocrx_word' id='word_1_778' title='bbox 2692 5120 2939 5191; x_wconf 89' lang='lat' dir='ltr'><strong>obligare</strong></span> <span class='ocrx_word' id='word_1_779' title='bbox 2971 5119 3184 5183; x_wconf 92' lang='lat' dir='ltr'><strong>volens,</strong></span> <span class='ocrx_word' id='word_1_780' title='bbox 3221 5115 3672 5190; x_wconf 88' lang='lat' dir='ltr'><strong>quandoquidem</strong></span> 
     </span>
    </p>
   </div>
   <div class='ocr_carea' id='block_1_114' title="bbox 2088 5213 3671 5288">
    <p class='ocr_par' dir='ltr' id='par_1_114' title="bbox 2088 5213 3671 5288">
     <span class='ocr_line' id='line_1_114' title="bbox 2088 5213 3671 5288; baseline -0.008 -16"><span class='ocrx_word' id='word_1_781' title='bbox 2088 5215 2339 5286; x_wconf 69' lang='lat' dir='ltr'><strong>insidiae,</strong></span> <span class='ocrx_word' id='word_1_782' title='bbox 2388 5216 2592 5288; x_wconf 88' lang='lat' dir='ltr'><strong>quibus</strong></span> <span class='ocrx_word' id='word_1_783' title='bbox 2637 5216 2792 5270; x_wconf 92' lang='lat' dir='ltr'><strong>illum</strong></span> <span class='ocrx_word' id='word_1_784' title='bbox 2851 5214 3084 5284; x_wconf 88' lang='lat' dir='ltr'><strong>perdere</strong></span> <span class='ocrx_word' id='word_1_785' title='bbox 3134 5213 3502 5274; x_wconf 87' lang='lat' dir='ltr'><strong>moliebatur,</strong></span> <span class='ocrx_word' id='word_1_786' title='bbox 3561 5221 3671 5261; x_wconf 91' lang='lat' dir='ltr'><strong>non</strong></span> 
     </span>
    </p>
   </div>
   <div class='ocr_carea' id='block_1_115' title="bbox 2087 5303 3673 5381">
    <p class='ocr_par' dir='ltr' id='par_1_115' title="bbox 2087 5303 3673 5381">
     <span class='ocr_line' id='line_1_115' title="bbox 2087 5303 3673 5381; baseline -0.009 -16"><span class='ocrx_word' id='word_1_787' title='bbox 2087 5318 2492 5381; x_wconf 82' lang='lat' dir='ltr'><strong>processerant,</strong></span> <span class='ocrx_word' id='word_1_788' title='bbox 2539 5309 2800 5374; x_wconf 82' lang='lat' dir='ltr'><strong>Bozicen,</strong></span> <span class='ocrx_word' id='word_1_789' title='bbox 2842 5316 2897 5363; x_wconf 92' lang='lat' dir='ltr'><strong>et</strong></span> <span class='ocrx_word' id='word_1_790' title='bbox 2933 5306 3278 5376; x_wconf 85' lang='lat' dir='ltr'><strong>Stephanum</strong></span> <span class='ocrx_word' id='word_1_791' title='bbox 3311 5303 3522 5366; x_wconf 85' lang='lat' dir='ltr'><strong>duces,</strong></span> <span class='ocrx_word' id='word_1_792' title='bbox 3554 5313 3673 5367; x_wconf 75' lang='lat' dir='ltr'><strong>pte-</strong></span> 
     </span>
    </p>
   </div>
   <div class='ocr_carea' id='block_1_116' title="bbox 2087 5391 3672 5471">
    <p class='ocr_par' dir='ltr' id='par_1_116' title="bbox 2087 5391 3672 5471">
     <span class='ocr_line' id='line_1_116' title="bbox 2087 5391 3672 5471; baseline -0.01 -15"><span class='ocrx_word' id='word_1_793' title='bbox 2087 5415 2188 5456; x_wconf 88' lang='lat' dir='ltr'><strong>nas</strong></span> <span class='ocrx_word' id='word_1_794' title='bbox 2221 5399 2621 5471; x_wconf 88' lang='lat' dir='ltr'><strong>improbitatis,</strong></span> <span class='ocrx_word' id='word_1_795' title='bbox 2656 5397 2804 5470; x_wconf 90' lang='lat' dir='ltr'><strong>quod</strong></span> <span class='ocrx_word' id='word_1_796' title='bbox 2847 5398 3109 5452; x_wconf 87' lang='lat' dir='ltr'><strong>nimirum</strong></span> <span class='ocrx_word' id='word_1_797' title='bbox 3152 5409 3212 5448; x_wconf 91' lang='lat' dir='ltr'><strong>se</strong></span> <span class='ocrx_word' id='word_1_798' title='bbox 3243 5391 3519 5446; x_wconf 88' lang='lat' dir='ltr'><strong>nesciente</strong></span> <span class='ocrx_word' id='word_1_799' title='bbox 3543 5401 3672 5442; x_wconf 88' lang='lat' dir='ltr'><strong>cum</strong></span> 
     </span>
    </p>
   </div>
   <div class='ocr_carea' id='block_1_117' title="bbox 2087 5477 3675 5564">
    <p class='ocr_par' dir='ltr' id='par_1_117' title="bbox 2087 5477 3675 5564">
     <span class='ocr_line' id='line_1_117' title="bbox 2087 5477 3675 5564; baseline -0.012 -13"><span class='ocrx_word' id='word_1_800' title='bbox 2087 5494 2268 5551; x_wconf 90' lang='lat' dir='ltr'><strong>amico</strong></span> <span class='ocrx_word' id='word_1_801' title='bbox 2303 5509 2404 5549; x_wconf 91' lang='lat' dir='ltr'><strong>suo</strong></span> <span class='ocrx_word' id='word_1_802' title='bbox 2439 5492 2643 5548; x_wconf 90' lang='lat' dir='ltr'><strong>bellum</strong></span> <span class='ocrx_word' id='word_1_803' title='bbox 2667 5500 2944 5564; x_wconf 87' lang='lat' dir='ltr'><strong>gererent,</strong></span> <span class='ocrx_word' id='word_1_804' title='bbox 2971 5477 3208 5544; x_wconf 88' lang='lat' dir='ltr'><strong>luituros</strong></span> <span class='ocrx_word' id='word_1_805' title='bbox 3239 5483 3306 5539; x_wconf 90' lang='lat' dir='ltr'><strong>ad</strong></span> <span class='ocrx_word' id='word_1_806' title='bbox 3331 5497 3458 5538; x_wconf 87' lang='lat' dir='ltr'><strong>eum</strong></span> <span class='ocrx_word' id='word_1_807' title='bbox 3488 5488 3675 5535; x_wconf 82' lang='lat' dir='ltr'><strong>trans-</strong></span> 
     </span>
    </p>
   </div>
   <div class='ocr_carea' id='block_1_118' title="bbox 2088 5571 3644 5654">
    <p class='ocr_par' dir='ltr' id='par_1_118' title="bbox 2088 5571 3644 5654">
     <span class='ocr_line' id='line_1_118' title="bbox 2088 5571 3644 5654; baseline -0.012 -14"><span class='ocrx_word' id='word_1_808' title='bbox 2088 5577 2278 5650; x_wconf 81' lang='lat' dir='ltr'><strong>misit,</strong></span> <span class='ocrx_word' id='word_1_809' title='bbox 2325 5582 2657 5654; x_wconf 89' lang='lat' dir='ltr'><strong>permittens</strong></span> <span class='ocrx_word' id='word_1_810' title='bbox 2699 5591 2761 5636; x_wconf 88' lang='lat' dir='ltr'><strong>ut</strong></span> <span class='ocrx_word' id='word_1_811' title='bbox 2810 5595 2976 5651; x_wconf 86' lang='lat' dir='ltr'><strong>quam</strong></span> <span class='ocrx_word' id='word_1_812' title='bbox 3025 5577 3228 5633; x_wconf 88' lang='lat' dir='ltr'><strong>liberet</strong></span> <span class='ocrx_word' id='word_1_813' title='bbox 3261 5571 3518 5642; x_wconf 91' lang='lat' dir='ltr'><strong>supplicii</strong></span> <span class='ocrx_word' id='word_1_814' title='bbox 3543 5585 3644 5625; x_wconf 85' lang='lat' dir='ltr'><strong>seu</strong></span> 
     </span>
    </p>
   </div>
   <div class='ocr_carea' id='block_1_119' title="bbox 2093 5661 3668 5743">
    <p class='ocr_par' dir='ltr' id='par_1_119' title="bbox 2093 5661 3668 5743">
     <span class='ocr_line' id='line_1_119' title="bbox 2093 5661 3668 5743; baseline -0.01 -13"><span class='ocrx_word' id='word_1_815' title='bbox 2093 5673 2326 5730; x_wconf 90' lang='lat' dir='ltr'><strong>tentiam</strong></span> <span class='ocrx_word' id='word_1_816' title='bbox 2360 5676 2416 5730; x_wconf 92' lang='lat' dir='ltr'><strong>in</strong></span> <span class='ocrx_word' id='word_1_817' title='bbox 2451 5688 2548 5729; x_wconf 89' lang='lat' dir='ltr'><strong>eos</strong></span> <span class='ocrx_word' id='word_1_818' title='bbox 2577 5674 2997 5743; x_wconf 86' lang='lat' dir='ltr'><strong>pronuntiaret;</strong></span> <span class='ocrx_word' id='word_1_819' title='bbox 3029 5683 3141 5723; x_wconf 90' lang='lat' dir='ltr'><strong>non</strong></span> <span class='ocrx_word' id='word_1_820' title='bbox 3171 5665 3318 5723; x_wconf 90' lang='lat' dir='ltr'><strong>enim</strong></span> <span class='ocrx_word' id='word_1_821' title='bbox 3349 5677 3530 5730; x_wconf 84' lang='lat' dir='ltr'><strong>posse,</strong></span> <span class='ocrx_word' id='word_1_822' title='bbox 3561 5661 3668 5716; x_wconf 84' lang='lat' dir='ltr'><strong>nisi</strong></span> 
     </span>
    </p>
   </div>
   <div class='ocr_carea' id='block_1_120' title="bbox 2083 5755 3673 5838">
    <p class='ocr_par' dir='ltr' id='par_1_120' title="bbox 2083 5755 3673 5838">
     <span class='ocr_line' id='line_1_120' title="bbox 2083 5755 3673 5838; baseline -0.007 -17"><span class='ocrx_word' id='word_1_823' title='bbox 2083 5767 2292 5838; x_wconf 87' lang='lat' dir='ltr'><strong>justum</strong></span> <span class='ocrx_word' id='word_1_824' title='bbox 2322 5764 2701 5836; x_wconf 88' lang='lat' dir='ltr'><strong>pronuntiare.</strong></span> <span class='ocrx_word' id='word_1_825' title='bbox 2735 5760 2892 5832; x_wconf 80' lang='lat'><strong>551</strong></span> <span class='ocrx_word' id='word_1_826' title='bbox 2923 5761 3135 5828; x_wconf 89' lang='lat' dir='ltr'><strong>Quibus</strong></span> <span class='ocrx_word' id='word_1_827' title='bbox 3163 5759 3458 5828; x_wconf 88' lang='lat' dir='ltr'><strong>imperator</strong></span> <span class='ocrx_word' id='word_1_828' title='bbox 3482 5755 3673 5810; x_wconf 81' lang='lat' dir='ltr'><strong>scelus</strong></span> 
     </span>
    </p>
   </div>
   <div class='ocr_carea' id='block_1_121' title="bbox 2091 5846 3668 5930">
    <p class='ocr_par' dir='ltr' id='par_1_121' title="bbox 2091 5846 3668 5930">
     <span class='ocr_line' id='line_1_121' title="bbox 2091 5846 3668 5930; baseline -0.011 -13"><span class='ocrx_word' id='word_1_829' title='bbox 2091 5859 2453 5930; x_wconf 81' lang='lat' dir='ltr'><strong>exprobrans,</strong></span> <span class='ocrx_word' id='word_1_830' title='bbox 2490 5856 2636 5926; x_wconf 86' lang='lat' dir='ltr'><strong>quod</strong></span> <span class='ocrx_word' id='word_1_831' title='bbox 2680 5855 2912 5919; x_wconf 78' lang='lat' dir='ltr'><strong>nefaria,</strong></span> <span class='ocrx_word' id='word_1_832' title='bbox 2945 5864 2999 5908; x_wconf 88' lang='lat' dir='ltr'><strong>et</strong></span> <span class='ocrx_word' id='word_1_833' title='bbox 3024 5852 3200 5908; x_wconf 80' lang='lat' dir='ltr'><strong>Cralis</strong></span> <span class='ocrx_word' id='word_1_834' title='bbox 3227 5866 3354 5920; x_wconf 80' lang='lat' dir='ltr'><strong>erga</strong></span> <span class='ocrx_word' id='word_1_835' title='bbox 3382 5863 3438 5905; x_wconf 89' lang='lat' dir='ltr'><strong>se</strong></span> <span class='ocrx_word' id='word_1_836' title='bbox 3473 5846 3668 5903; x_wconf 86' lang='lat' dir='ltr'><strong>amici-</strong></span> 
     </span>
    </p>
   </div>
  </div>
