4014 6480
369 402 506 469 1051

1577 403 1905 468 JOANNIS
1945 407 2482 470 CANTACUZENI

3557 412 3684 513 tota

370 510 442 564 tia
491 511 714 583 indigna
742 520 1191 584 perpetrassent,
1226 515 1445 570 veniam
1475 516 1651 583 dedit,
1678 525 1845 587 atque
1881 518 1956 571 ita

2080 519 2162 588 τῆς
2177 519 2575 590 ἀγνωμοσύνης
2607 518 2898 589 δώσοντας,
2911 521 2995 575 ὅτι
3011 521 3236 592 βασιλεῖ
3253 522 3342 593 τῷ
3357 523 3506 591 φίλῳ
3524 510 3686 576 αὑτοῦ

369 605 635 660 laudabili
690 608 836 664 facto
882 609 1079 664 missos
1118 609 1269 664 fecit.
1319 612 1686 680 Apocauehus
1730 626 1960 680 magnus

373 697 505 761 dux,
533 701 625 752 ubi
663 716 840 769 pugna
877 703 1176 755 frustratus
1205 712 1309 768 est,
1344 711 1400 756 et.
1438 703 1758 758 Berrhceam
1789 703 1964 772 impe-

374 800 614 843 ratorem
668 792 900 845 infestus
943 794 1099 862 sequi
1144 810 1251 847 non
1298 798 1509 863 potuit,
1539 795 1753 848 Cralem
1794 795 1965 847 multa

377 896 606 935 munera
658 884 851 950 partim
881 885 1080 946 dando,
1119 887 1318 953 partim
1352 885 1664 954 pollicendo
1699 885 1966 939 adversus

378 990 505 1027 eum
548 978 784 1038 irritare,
811 977 921 1047 jtfm
952 994 1048 1032 sua
1075 988 1269 1047 sponte
1303 995 1371 1033 eo
1401 979 1686 1032 incitatum
1713 978 1961 1031 studuit:

378 1082 502 1118 cum
567 1070 780 1120 interim
841 1067 1195 1138 Synadenum
1256 1071 1553 1138 quemdam
1605 1072 1861 1136 nomine,
1898 1070 1966 1124 ad

380 1161 768 1223 itttperatorcm
841 1162 1090 1230 legaret,
1149 1164 1550 1232 tremendoque
1619 1174 1969 1218 sacramento

380 1250 759 1313 conﬁrmaret,
792 1251 1000 1304 nullum
1034 1267 1092 1304 se
1119 1254 1239 1322 ejus
1267 1252 1456 1305 odium
1486 1254 1832 1320 concepisse,
1866 1267 1969 1306 nec

381 1342 522 1392 ferre
557 1341 630 1393 illi
667 1343 993 1409 perniciem,
1023 1359 1124 1395 nec
1158 1343 1296 1396 velle
1330 1343 1498 1401 istuc.
1526 1357 1629 1396 nec
1661 1343 1772 1396 ullo
1803 1343 1969 1397 modo

383 1447 636 1500 qnairere
672 1451 684 1486 :
722 1433 818 1487 sed
859 1435 1099 1503 quodam
1147 1435 1378 1504 impetu,
1423 1445 1586 1504 atque
1618 1446 1752 1489 testu
1785 1452 1966 1490 rerum

381 1523 545 1575 simul
590 1539 647 1576 se
696 1524 762 1577 ad
795 1525 898 1578 hoc
932 1525 1136 1578 bellum
1173 1528 1462 1594 abreptum
1497 1543 1638 1581 esse.
1671 1527 1808 1593 Quia
1837 1543 1968 1583 vero

384 1627 532 1666 nunc
581 1613 626 1666 is
687 1623 869 1668 status
899 1617 992 1679 sit,
1022 1631 1225 1685 cupere
1274 1632 1460 1682 nosse,
1495 1618 1626 1688 quid
1668 1619 1736 1673 de
1766 1635 1823 1673 se
1855 1619 1969 1688 ipse

383 1705 708 1767 constituat,
759 1715 853 1759 aut
892 1722 1001 1775 quo
1040 1723 1098 1761 se
1146 1718 1474 1762 convertere
1503 1711 1829 1766 decreverit.
1861 1711 1969 1764 lm-

384 1805 608 1866 perator
657 1797 894 1852 hominis
955 1799 1352 1866 impudentiam
1405 1801 1837 1871 obstupescens,
1890 1805 1970 1859 sic

2065 614 2142 683 μὴ
2170 613 2472 675 συνειδότος
2505 611 2794 682 πολεμοῖεν
2817 628 2832 644 ⁸
2871 614 2966 667 καὶ
3005 616 3302 685 ἐπέτρεπε
3339 615 3568 684 βασιλεί
3595 615 3686 686 τὴν

2061 703 2241 772 ψῆφον
2270 704 2367 772 τὴν
2398 704 2517 755 κατ’
2547 704 2748 766 αὐτῶν,
2779 704 2855 766 ὡς
2885 705 3110 767 δικαίως
3135 708 3262 757 πᾶν
3299 705 3496 758 ὁτιοῦν
3524 723 3690 759 κατα-

2061 791 2441 862 ψηφιζομὲνῳ.
2473 791 2737 854 Βασιλεὺς
2771 793 2826 846 δὲ
2872 793 3058 855 αὐτοῖς
3094 794 3202 864 τὴν
3272 793 3692 864 ἀγνωμοσύνην

2063 883 2351 945 ὀνειδίσας,
2389 883 2486 935 καὶ
2543 884 2616 946 ὡς
2647 884 2810 937 ἄδικά
2867 901 2925 936 τε
2981 885 3118 954 ὁμοῦ
3185 887 3293 938 καὶ
3343 885 3556 950 ἀνάξια
3603 888 3695 954 τῆς

2067 973 2259 1043 Κράλη
2290 973 2425 1042 πρὸς
2459 975 2623 1027 αὐτὸν
2656 975 2990 1046 τολμήσαιεν
3046 978 3273 1045 φιλίας,
3316 977 3529 1030 ἔπειτα
3564 996 3694 1045 συγ-

2067 1063 2295 1132 γνώμην
2332 1082 2390 1117 τε
2434 1067 2764 1135 παρείχετο,
2818 1069 2912 1120 καὶ
2969 1069 3238 1132 ἀπέλυεν,
3314 1069 3384 1122 εὖ
3433 1072 3694 1138 ποιήσας.

2081 1156 2420 1226 Ἀπὸκαυχοῖ
2452 1158 2506 1209 δὲ
2555 1160 2582 1210 ὁ
2635 1159 2808 1227 μέγας
2855 1158 3002 1223 δοὺξ,
3060 1161 3187 1211 ἐπεὶ
3245 1160 3352 1228 τῆς
3398 1162 3588 1231 μάχης
3639 1179 3693 1212 τε

2071 1246 2308 1314 ὑστέρει,
2366 1248 2460 1300 καὶ
2495 1249 2630 1317 πρὸς
2660 1249 2925 1320 Βέῤῥοιαν
2975 1249 3156 1302 ἐλθεῖν
3209 1252 3318 1302 ἐπὶ
3355 1252 3595 1319 βασιλέα
3627 1248 3690 1321 ἦν

2071 1336 2353 1400 ἀδύνατος,
2398 1340 2621 1407 Κράλην
2648 1340 2748 1408 μὲν
2776 1341 2946 1394 πολλὰ
2977 1341 3043 1394 τὰ
3069 1341 3196 1410 μὲν,
3234 1343 3500 1410 πέμπων
3527 1341 3691 1409 δῶρα.

2071 1430 2139 1482 τὰ
2168 1430 2225 1483 δὲ
2258 1431 2710 1502 ὑπισχνούμενος⁹
2745 1433 3088 1501 ἐκπολεμοῦν
3113 1434 3332 1503 ἐκείνῳ
3379 1436 3691 1503 ἐπεχείρει,

2073 1522 2165 1574 καὶ
2198 1521 2411 1575 οἴκοθεν
2450 1524 2548 1593 ἤδη
2588 1525 2725 1592 πρδς
2782 1523 2943 1577 τοῦτο
2978 1524 3334 1594 ὡρμημένον
3353 1541 3374 1572 .’
3419 1526 3564 1594 πρὸς
3599 1524 3691 1593 βα-

2076 1614 2228 1667 σιλέα
2257 1615 2332 1675 δὲ,
2361 1615 2664 1682 Συναδηνόν
2698 1633 2816 1668 τινα
2852 1615 3074 1684 πέμψας
3101 1615 3321 1686 ὄνομα,
3370 1618 3565 1686 ὅρκοις
3592 1620 3695 1677 τοῖς

2079 1706 2537 1774 φρικωδεστάτοις
2587 1707 2983 1772 διεϐεϐαιοῦτο,
3040 1708 3340 1778 μηδεμίαν
3377 1709 3536 1778 ἔχειν
3569 1709 3694 1778 πρὸς

2079 1797 2238 1850 αὑτὸν
2270 1797 2586 1865 ἀπέχθειαν,
2615 1799 2748 1865 μηδὲ
2811 1799 2838 1850 ὅ
2886 1817 2938 1851 τι
2965 1800 3125 1868 φέρει
3172 1801 3327 1868 πρὸς
3366 1802 3541 1853 αὑτὸν
3575 1801 3696 1868 φθο-

387 1888 672 1955 respondit
703 1907 719 1944 :
750 1888 1108 1952 .lnramentis,
1144 1893 1400 1961 praefecte
1441 1893 1704 1958 cubiculi,
1737 1896 1879 1950 velle
1911 1897 1972 1949 ti-

2080 1888 2201 1959 ρὰν,
2234 1889 2369 1957 μήτε
2416 1888 2728 1957 βούλεο-θαι,
2775 1893 2913 1959 μήτε
2949 1891 3135 1960 ζητεῖν
3201 1896 3278 1945 ἐκ
3315 1893 3694 1964 τρόπου-παν-

385 1978 513 2031 dem
545 1979 724 2034 facere
760 1981 815 2034 in
854 1997 913 2036 re
936 1983 1204 2051 qualibet,
1230 1999 1340 2037 non
1374 1995 1457 2038 est
1485 1986 1649 2056 hujus
1677 1988 1970 2056 temporis.

387 2071 553 2134 Fuit,
605 2072 832 2141 quando
877 2089 980 2144 ego
1023 2075 1102 2128 tui
1148 2076 1582 2144 cupidissimus,
1621 2079 1975 2133 sermonibus

389 2164 500 2218 tuis
543 2173 650 2218 tam
692 2165 938 2236 injurati,
987 2182 1148 2236 quam
1187 2169 1357 2238 jurati
1400 2169 1596 2232 tidens,
1643 2170 1885 2240 gladium
1920 2172 1974 2225 in

387 2265 590 2310 memet
617 2257 944 2326 imprudens
980 2259 1194 2324 exacui,
1221 2275 1532 2329 magnoque
1560 2262 1634 2314 illi
1656 2262 1976 2332 adjumento

386 2363 454 2402 ac
488 2349 742 2417 prtesidio
775 2350 875 2415 fni,
916 2353 1340 2422 quixaliquando
1369 2355 1614 2422 potentia
1655 2370 1753 2410 sua
1784 2367 1975 2412 contra

387 2441 595 2509 optime
626 2439 694 2494 de
724 2456 783 2496 se
809 2443 1067 2498 meritum
1093 2445 1373 2499 abusurus
1397 2454 1539 2500 erat.
1569 2445 1892 2516 Quanquam
1921 2456 1978 2502 et

387 2530 497 2598 iam
550 2539 664 2586 tum
705 2548 816 2586 non
860 2537 1056 2597 semel,
1099 2537 1194 2591 sed
1234 2538 1319 2591 bis
1348 2546 1434 2590 ter
1463 2539 1765 2606 pejerasse,
1799 2550 1855 2593 et
1885 2556 1978 2609 pe-

389 2621 566 2674 ricula
630 2623 679 2676 ei
732 2625 1083 2680 arcltitectari
1135 2627 1518 2696 deprehensus
1562 2643 1656 2692 es,
1711 2631 1807 2700 qui
1860 2631 1977 2685 solo

389 2721 615 2782 aspectu
647 2717 949 2792 nequitiam
987 2726 1135 2772 tuam
1163 2719 1328 2789 digne
1352 2721 1543 2776 ulcisci
1576 2723 1869 2792 potuisset.
1898 2723 1978 2777 Ex

391 2819 506 2872 quo
536 2817 722 2860 autem
747 2787 970 2877 tempus
1004 2820 1200 2865 nactus
1230 2824 1630 2882 Opportunum,
1664 2814 1892 2868 omnino
1924 2824 1981 2870 et

391 2898 492 2950 Dei
530 2898 782 2953 timorem
808 2942 822 2964 ,
869 2909 924 2954 et
961 2901 1254 2957 hominum
1289 2907 1659 2966 reverentiam
1702 2907 1976 2978 abjecisti,

391 2990 694 3060 multisque
719 2995 1000 3048 ementitis
1041 2996 1098 3049 in
1144 3011 1230 3051 me
1272 2999 1600 3052 criminibus
1636 3001 1739 3055 hoc
1771 2987 1975 3055 bellum

389 3085 762 3150 commovisti,
791 3087 939 3141 unde
969 3088 1240 3143 hactenus
1269 3100 1351 3145 tot
1379 3091 1722 3148 calamitates
1751 3096 1980 3148 exstite-

2078 1980 2190 2045 τὸς,
2243 1981 2379 2033 ἀλλὰ
2433 1984 2575 2050 φορᾷ
2628 1982 2734 2034 τινὶ
2785 1982 2893 2035 τῶν
2945 1985 3306 2052 πραγμάτων
3382 1988 3487 2040 καὶ
3543 1986 3696 2038 αὑτὶν

2079 2073 2470 2144 συνενεχθῆναι
2507 2074 2640 2142 πρὸς
2666 2074 2758 2125 τὸν
2791 2074 3051 2144 πόλεμον.
3095 2077 3225 2130 Τῶν
3253 2079 3625 2147 πραγμάτων
3647 2077 3694 2130 δὲ

2078 2163 2160 2226 εἰς
2193 2163 2348 2216 τοῦτο
2374 2163 2468 2216 νῦν
2500 2166 2764 2234 ήκεεντων,
2801 2167 2995 2234 μαθεῖν
3029 2168 3246 2221 ἐθέλειν
3305 2172 3334 2223 ὅ
3363 2171 3692 2240 τιβούλοιτο

2083 2256 2212 2324 περὶ
2274 2255 2577 2326 ἑαυτοῦοῆ
2638 2258 2773 2327 πρὸς
2831 2260 2859 2311 ὃ
2915 2277 2964 2312 τι
3018 2261 3344 2329 τρέπεσθαι
3397 2263 3690 2331 ἐσκέψατο.

2079 2347 2346 2408 Βασιλεὺς
2397 2349 2453 2399 δὲ
2484 2349 2647 2401 αὐτὸν
2681 2351 2778 2417 τῆς
2817 2351 3095 2413 ἀναιδείας
3136 2354 3490 2422 ἐκπλαγεὶς,
3518 2353 3694 2406 τοιαύο

2079 2457 2178 2510 την
2210 2442 2446 2493 ἐποιεῖτο
2477 2443 2576 2513 τὴν
2613 2443 2913 2511 ἀπολογίαν
2976 2445 3116 2513 πρὸς¹
3163 2450 3306 2509 τοῦς
3350 2450 3554 2512 λόγους
3583 2463 3596 2476 ·
3630 2448 3695 2499 Τὸ

2083 2533 2184 2602 μὲν
2201 2533 2407 2603 ὅρκοις,
2433 2531 2477 2586 ὅ)
2503 2536 2994 2604 παρακοιμώμενε,
3015 2537 3234 2590 πείθειν
3272 2557 3344 2591 πε
3358 2541 3412 2608 ρῗι
3442 2543 3696 2610 πράγμα-

2079 2636 2170 2682 τος
2217 2622 2456 2684 ὁτονούν,
2504 2623 2562 2673 ού
2601 2624 2697 2676 τοῦ
2725 2627 2996 2694 παρόντος
3023 2629 3249 2696 καιροῦ.
3289 2625 3404 2682 Ἦν
3430 2630 3542 2701 γάρ
3573 2643 3692 2681 ποτε

2081 2705 2273 2781 χρόνος
2303 2713 2380 2765 ὅτ’
2413 2713 2524 2781 ἐγὼ
2579 2715 2782 2784 πολλὴν
2828 2717 2961 2788 περὶ
3012 2719 3070 2771 σὲ
3098 2720 3204 2788 τὴν
3236 2721 3545 2791 εὐμένειαν
3574 2725 3686 2773 ἐπι-

2081 2804 2446 2874 δεικνύμενος,
2481 2806 2574 2860 καὶ
2605 2811 2678 2877 μὴ
2712 2808 2873 2877 μόνον
2914 2812 3029 2874 τοῖς
3055 2809 3123 2863 δι’
3152 2811 3351 2881 ὅρκων
3386 2813 3689 2880 γινομένοις

2082 2897 2284 2965 λόγοις,
2315 2899 2450 2952 ἀλλὰ
2482 2903 2575 2953 καὶ
2625 2905 2737 2964 τοῖς
2771 2903 2946 2972 χωρὶς
2983 2903 3197 2957 τούτων
3239 2905 3500 2975 θαρρῶν,
3537 2904 3682 2958 ἑλάν-

2084 2990 2243 3042 θανον
2262 2992 2470 3044 ἀκονῶν
2488 2993 2608 3044 κατ’
2635 2994 2894 3062 ἐμαυτοῦ,
2918 2995 3013 3048 καὶ
3031 2995 3213 3065 ῥοπὴν
3245 2997 3506 3066 μεγάλην
3536 3011 3686 3064 προσ.

2081 3083 2256 3144 τιθεὶς
2308 3085 2384 3150 τῷ
2437 3086 2688 3152 μέλλοντι
2725 3088 2789 3153 τῇ
2828 3085 3055 3153 δυνάμει
3107 3089 3368 3156 χρῆσθαι
3426 3087 3570 3142 κατὰ
3598 3083 3680 3136 τοῦ

391 3188 550 3239 runt,
592 3186 647 3231 et
685 3179 871 3248 plures
901 3183 1293 3250 gravioresque
1315 3223 1329 3245 ,
1366 3194 1421 3236 ut
1449 3185 1612 3240 video
1635 3228 1649 3250 ,
1687 3189 1975 3252 exsistent,

2085 3177 2255 3239 πολλὰ
2291 3178 2755 3251 εὐηργετηκότοςέ
2793 3179 2882 3231 καί
2913 3179 2992 3230 τοί
3024 3191 3090 3243 γε
3123 3163 3227 3232 ἰαὶ
3269 3182 3400 3234 κατ’
3448 3179 3680 3237 ἐκείνους

391 3283 500 3322 non
550 3280 640 3324 est
680 3271 826 3340 quod
881 3284 990 3328 tam
1035 3275 1376 3344 frequenter,
1404 3293 1567 3350 quam
1601 3281 1972 3345 mendacium,

389 3368 554 3427 atque
587 3363 890 3430 perjurium
922 3367 1276 3433 usurpaveris
1317 3385 1329 3421 :
1358 3369 1563 3435 quibus
1587 3369 1976 3437 prudentiores

389 3453 558 3504 etiam
600 3453 654 3506 in
689 3469 931 3508 errorem
966 3457 1227 3511 induxisti
1266 3460 1499 3525 multos,
1536 3470 1592 3514 et
1619 3464 1978 3530 persuasione

391 3543 526 3595 falsa
584 3543 856 3611 delusisti,
912 3555 971 3599 ut
1007 3547 1224 3602 deserta
1280 3551 1510 3605 veritate
1561 3551 1659 3605 tibi
1693 3554 1974 3606 ausculta-

393 3646 518 3690 rent
571 3653 585 3687 :
633 3637 835 3704 quibus
896 3652 954 3692 ut
997 3653 1050 3694 et
1105 3651 1197 3694 tua
1232 3644 1629 3712 perversitate,
1669 3655 1721 3698 et
1756 3647 1990 3702 illorum.

391 3727 652 3781 vecordia
706 3730 1088 3799 dignissimum
1148 3735 1248 3788 fuit
1272 3778 1285 3800 ,
1323 3737 1519 3790 bonam
1558 3736 1805 3806 profecto
1837 3754 1980 3789 mer—

393 3819 588 3873 cedem
643 3821 909 3878 tribuisti.
949 3825 1066 3878 Jam
1116 3828 1262 3893 quod
1297 3827 1458 3894 dicis,
1493 3844 1601 3880 non
1636 3827 1763 3879 odio
1804 3830 1854 3879 in
1893 3843 1978 3879 me

393 3911 604 3981 aliquo,
645 3929 749 3968 nec
785 3916 1013 3970 utvmale
1045 3917 1114 3970 sit
1150 3919 1306 3979 mihi,
1338 3928 1434 3972 aut
1466 3925 1526 3971 ut
1559 3921 1748 3982 vitam,
1776 3919 1819 3971 si
1862 3917 1978 3972 ﬁeri

396 4006 593 4074 possit.
620 4009 888 4075 amittam,
919 4019 970 4064 te
991 4011 1176 4065 omnia
1209 4012 1452 4081 cogitare
1480 4021 1534 4065 et
1559 4011 1758 4074 facere,
1793 4014 1980 4066 nescio

396 4115 526 4153 num
553 4109 702 4155 tanto
719 4113 946 4173 stupore
969 4119 1269 4174 oppressus
1285 4105 1382 4166 sis,
1407 4112 1465 4157 ut
1492 4112 1613 4172 post
1651 4113 1728 4157 tot
1759 4113 1981 4174 tamque

394 4194 668 4249 evidentia
697 4196 1042 4266 argumenta,
1066 4198 1272 4267 quibus
1293 4198 1427 4251 mihi
1452 4199 1628 4252 hostis
1647 4198 1982 4254 deterrimus

395 4287 720 4355 apparuisti,
760 4299 811 4343 te
857 4291 1202 4344 moderatum
1249 4298 1540 4358 quemdam
1587 4291 1888 4355 hominem,
1919 4309 1983 4348 ac

399 4381 588 4434 mitem
630 4384 952 4437 existimes:
997 4398 1064 4436 an
1115 4384 1186 4436 ita
1225 4385 1549 4438 veteratorie
1573 4386 1771 4454 αεὶ-δε.
1813 4394 1869 4439 et
1903 4386 1986 4440 sic

399 4473 684 4528 hominum
716 4476 907 4530 oculos
943 4474 1262 4540 fascinasse,
1307 4487 1367 4529 ut
1405 4487 1508 4530 tam
1551 4479 1720 4532 multa
1773 4489 1826 4532 et
1871 4487 1979 4532 tam

2080 3269 2207 3331 τοὺς
2266 3272 2517 3339 καιροὺς,
2574 3272 2671 3341 οὐχ
2738 3271 2904 3337 ἅπαξ,
2970 3271 3109 3324 ἀλλὰ
3166 3275 3267 3325 καὶ
3315 3273 3402 3336 δὶς
3451 3273 3545 3326 καὶ
3573 3268 3680 3338 τρὶς

2080 3361 2356 3428 ἐπιορκῶν
2404 3361 2612 3422 ἑάλως·
2650 3363 2743 3414 καὶ
2795 3363 2947 3416 δεινά
3001 3364 3506 3436 συσκευαζόμενος
3547 3360 3680 3415 κατὰ

2080 3454 2174 3506 τοῦ
2221 3458 2314 3506 καὶ
2356 3453 2628 3522 βλέμματι
2681 3455 2828 3523 μόνῳ
2884 3455 3192 3524 δυναμένου
3230 3460 3336 3526 τῆς
3376 3454 3676 3525 μοχθηρίας

2083 3546 2406 3611 κολάζεσθαι
2460 3548 2624 3612 ἀξίως
2653 3563 2668 3578 ο
2700 3548 2758 3611 ἐξ
2787 3549 2908 3600 ὅτου
2945 3549 3000 3601 δὲ
3033 3549 3231 3617 καιροῦ
3269 3549 3458 3620 τυχὼν
3496 3550 3679 3609 ἐττειτη⁴

2080 3640 2244 3694 δείου.
2295 3640 2387 3690 καὶ
2446 3639 2625 3691 πάντα
2660 3642 2756 3693 καὶ
2795 3639 2930 3692 Θεοῦ
2971 3641 3136 3708 φόϐον
3183 3644 3278 3693 καὶ
3322 3637 3667 3709 ἀνθρωπίνην

2083 3732 2396 3800 ἁπερριψας
2454 3732 2608 3793 αἰδῶ,
2651 3734 2744 3786 καὶ
2782 3731 2984 3794 πολλὰς
3015 3733 3376 3801 πλασάμενος
3409 3728 3674 3788 διαϐολὰς.

2082 3823 2172 3877 τὸν
2207 3825 2442 3891 πόλεμον
2493 3825 2705 3876 τουτονὶ
2753 3826 3053 3892 κεκίνηκας
3096 3824 3188 3876 τὸν
3243 3824 3463 3883 πολλῶν
3512 3821 3672 3873 αττιον

2084 3919 2268 3969 κακῶν
2302 3916 2395 3968 νῦν
2441 3934 2496 3967 τε
2531 3918 2657 3985 ἄχρι
2707 3916 3106 3984 γεγενημένον,
3166 3920 3259 3968 καὶ
3292 3915 3376 3968 ἔτι
3415 3911 3674 3965 πλειόνων

2085 4009 2341 4077 ἐπέμενον
2382 4008 2474 4061 καὶ
2525 4007 2867 4075 δεινοτέρων,
2925 4006 3000 4068 ὡς
3060 4006 3197 4072 ὁρῶ,
3231 4008 3338 4060 οὐκ
3371 4007 3520 4058 ἐστιν
3572 4001 3668 4066 ὅτῳ

2084 4105 2349 4172 κέχρησαι
2397 4101 2620 4168 μᾶλλον,
2671 4099 2702 4166 ἦ
2732 4097 2920 4167 ψεύδει
2953 4097 3049 4151 καὶ
3099 4097 3440 4163 ἐπιορκίαις,
3467 4089 3554 4156 αἷς
3585 4089 3672 4142 καὶ

2084 4195 2192 4254 τῶν
2255 4196 2638 4260 συνετωτέρων
2709 4191 3060 4260 ἐξηπάτησας
3114 4190 3388 4253 πολλοὺς,
3447 4186 3538 4240 καὶ
3587 4177 3663 4232 σοὶ

2086 4287 2429 4355 παρέπεισας
2457 4285 2744 4354 προσέχειν
2767 4283 2862 4348 τῆς
2887 4281 3145 4349 ἀληθείας
3177 4280 3554 4338 ἀποστάντας·
3581 4270 3665 4330 οὓς

2779 4374 2862 4425 σοὶ
2905 4373 3219 4442 προσούσης
3267 4369 3534 4442 πονηρίας
3579 4362 3662 4414 καὶ

2084 4473 2183 4541 τῆς
2211 4472 2442 4532 ὲκεῖνοις
2495 4468 2832 4538 ἀϐελτηρίας
2881 4467 3160 4532 ἀξιώτατα
3197 4463 3454 4536 ὴμείψω’
3502 4458 3580 4511 ὅτι
3612 4452 3664 4505 δὲ

2086 4377 2265 4439 καλῶς
2298 4377 2488 4438 ποιῶν,
2523 4375 2622 4444 τῆς
2665 4391 2722 4426 τε

397 4565 632 4634 insignia
692 4568 901 4622 scelera
947 4579 1040 4622 tua
1081 4583 1277 4621 omnes
1319 4569 1488 4624 latere
1520 4571 1735 4625 credas.
1777 4572 1974 4627 Verum

2089 4564 2214 4616 οὗτε
2245 4563 2379 4631 πρὸς
2417 4560 2714 4630 ἀπέχθειαν
2754 4561 2898 4628 ἐμοὶ,
2928 4559 3054 4611 οὔτε
3105 4558 3242 4627 πρὸς
3271 4559 3331 4608 τὸ
3359 4558 3537 4630 κακιῖες
3568 4561 3661 4638 παξ

395 4672 498 4722 pro
547 4657 667 4710 istis
697 4657 846 4712 aliud
878 4659 1119 4711 tribunal
1155 4673 1255 4712 nos
1295 4672 1497 4718 manet.
1539 4661 1700 4736 552
1727 4663 1978 4731 etjudett-

396 4749 786 4816 integerrimus
827 4763 891 4802 ac
927 4749 1212 4817 terribilis,
1251 4762 1308 4806 et
1362 4764 1530 4810 testes
1557 4759 1758 4822 angeli.
1790 4756 1976 4808 omnia

397 4839 714 4905 mortalium
759 4839 904 4894 facta
944 4842 1340 4910 perspicientes
1393 4846 1532 4912 ('2l),
1561 4844 1664 4898 etsi
1701 4843 1850 4897 mille
1881 4860 1975 4912 pa—

398 4933 656 4998 rictibus,
686 4941 780 4986 aut
802 4932 1265 5002 peripetasmatis.
1295 4936 1640 5006 autealigine
1660 4935 1975 5000 tenebrosa,

399 5035 496 5079 aut
547 5025 716 5080 densa
760 5027 962 5081 nebula
1007 5030 1524 5097 circumtegantur:
1560 5041 1747 5080 coram
1779 5027 1982 5095 quibus

400 5121 467 5173 de
502 5121 706 5176 mutuis
737 5120 956 5176 delictis
988 5131 1043 5176 et
1086 5122 1314 5178 ollensis
1344 5117 1614 5192 judicium
1641 5119 1982 5175 subibimus.

401 5212 457 5264 In
491 5220 607 5264 arte
642 5227 772 5266 vero
801 5221 890 5272 tua
920 5212 1295 5280 imperatoria,
1325 5226 1455 5266 sane
1484 5209 1820 5278 admirabili,
1848 5210 1982 5265 illud

405 5306 733 5372 ridiculum,
766 5306 911 5375 quod
962 5306 1258 5376 praeteritis
1306 5303 1600 5368 universis,
1637 5304 1804 5358 etiam
1849 5303 1981 5358 olim

2087 4657 2221 4718 θεῖν,
2265 4655 2296 4721 ἣ
2335 4655 2426 4704 καὶ
2463 4653 2755 4705 ἀποθανεῖν
2805 4653 2854 4702 εἰ
2902 4646 3012 4704 οἷόν
3047 4668 3126 4714 τε,
3164 4651 3344 4703 πάντα
3377 4645 3466 4698 καὶ
3489 4635 3658 4704 διανοῇ

2086 4752 2177 4802 καὶ
2217 4749 2500 4817 πράττεις,
2521 4746 2620 4798 οὐκ
2659 4743 2774 4798 οἶδα
2806 4745 2902 4796 εἰτ’
2939 4737 3103 4805 αὐτος
3129 4744 3209 4805 είς
3243 4739 3494 4793 τοσοῦτον
3517 4735 3657 4785 ἀναιο

2087 4840 2317 4910 σθησίας
2378 4839 2573 4908 ἥκεις,
2623 4837 2696 4898 ὡς
2749 4837 2888 4904 μετὰ
2936 4834 3208 4896 τοσαύτας
3269 4829 3516 4901 ἐναργεῖς
3559 4835 3654 4872 των

2088 4931 2436 5003 πραγμάτων
2473 4930 2800 4994 ἀποδείξεις,
2847 4928 2916 4980 δι’
2963 4922 3040 4979 ὧν
3087 4928 3212 4995 ἐμοὶ
3267 4916 3653 5016 πολεμιώταξοῖ

2091 5025 2318 5093 ἐφάνης,
2348 5022 2555 5074 οἴεσθαι
2586 5023 2677 5075 καὶ
2706 5021 2928 5092 μέτριός
2963 5037 3047 5081 τις
3083 5015 3221 5071 εἶναι
3264 5015 3356 5068 καὶ
3396 5013 3645 5093 ἐπιεικὴς)

2092 5116 2203 5170 εἴτε
2269 5117 2507 5186 τοσαύτη
2579 5113 2822 5182 νομίζεις
2881 5112 3184 5183 κεχρῆσθαι
3272 5103 3500 5174 πονηρίᾳ
3563 5090 3646 5145 ut

2092 5209 2390 5279 ὀφθαλμῶν
2452 5207 2691 5271 ἀπάταις
2751 5207 2845 5260 καὶ
2898 5206 3279 5272 φενακισμοῖς,
3334 5198 3406 5257 ὡς
3457 5190 3644 5243 πάντας

2093 5301 2303 5356 οἴεσθαι
2337 5299 2621 5354 λανθάνειν
2645 5343 2659 5367 ,
2710 5298 2950 5352 τοσαῦτα
2982 5297 3077 5350 καὶ
3105 5291 3402 5367 τηλικαῦτα
3431 5290 3644 5341 κακουρ⁰

1646 5443 1862 5505 Jacobi
1899 5439 2167 5505 Pontani
2210 5449 2396 5502 notae.

479 5568 592 5636 (9.1)
655 5565 869 5639 Saepius
914 5568 970 5624 in
1025 5568 1308 5636 Scriptura
1359 5565 1545 5621 divina
1597 5568 1773 5638 angeli
1809 5567 1989 5625 'testes

406 5641 668 5694 citantur.
714 5638 877 5694 Luca:
901 5655 974 5693 xu
1013 5657 1028 5695 :
1077 5641 1182 5702 Qui
1211 5653 1288 5691 me
1317 5640 1584 5708 confessus
1615 5641 1780 5708 fuerit.
1803 5656 1988 5693 coram

407 5712 703 5781 hominibus
720 5749 736 5774 ,
772 5710 1060 5781 conﬁtebor
1083 5717 1132 5761 et
1158 5725 1260 5781 ego
1285 5726 1402 5762 eum
1427 5726 1607 5763 coram
1639 5710 1840 5781 angelis
1867 5709 1985 5781 Dei.

411 5781 429 5832 l
465 5779 717 5834 Corinth.
749 5797 798 5834 Iv
833 5801 846 5836 :
873 5779 1258 5850 'Spcctacttlum
1284 5781 1412 5850 [uoti
1436 5796 1618 5850 sumus
1649 5779 1824 5834 coram
1857 5780 1986 5846 Deo,

412 5851 615 5920 angelis
660 5860 708 5903 ct
760 5852 1077 5904 hominibus.
1128 5849 1509 5908 Psal.’cxxxvtt
1545 5870 1556 5906 :
1592 5849 1658 5904 Iit
1710 5861 1989 5906 consoecm

2094 5568 2407 5651 αηυείρνιιηι
2444 5534 3633 5651 etamen“??-.t'i!!°--'?£‘1€ﬁliifilii}?

2095 5613 2835 5704 Ξὶίἴιῖεἰῖ’ὃιῖζιιιῖἰὶὶξίίιξιιιιιίιι
2879 5631 3017 5686 facta
3051 5613 3628 5704 perspiciam,

2526 5683 2956 5776 "perspicit—itit},
2975 5683 3132 5755 Deus
3161 5683 3307 5753 s'olns
3337 5683 3626 5751 καρδιογνω·

2100 5795 2252 5848 στης.
