4014 6428
401 409 547 475 1053

1537 402 2091 468 HISTORIARUM
2132 400 2365 466 LIBER
2410 400 2527 462 ΠΙ.

3524 394 3662 461 mst
3755 488 3762 495 .

399 516 534 593 γῶν.
568 504 846 594 Περῗμὲν
872 522 936 593 δὴ
980 521 1387 577 τῶν-τοιούτων
1407 561 1424 586 ,
1478 520 1596 574 εστι
1626 521 1977 592 δικαστήριον

2089 521 2224 574 fama
2256 515 2564 573 notissimis
2598 512 2728 570 belli
2762 512 3022 578 duribus,
3053 526 3250 568 novam
3281 502 3576 582 quamdam
3606 520 3664 564 et

399 616 610 685 ἓτερον,
640 617 734 669 καὶ
749 616 1284 687 κριτὴς-ἀδέκαστος,
1313 618 1406 670 καὶ
1436 615 1692 685 φοϐερὸς,
1718 618 1813 669 καὶ
1839 617 1981 686 μάρ-

376 701 561 773 ’τυρες
586 706 807 774 ἄγγελοι
841 708 1019 761 πάντα
1049 708 1117 761 τὰ
1166 708 1519 777 πραττόμενα
1551 706 1864 776 ἀνθρώποις
1900 706 1979 758 είς

399 794 551 856 δότες
580 795 855 863 φανερῶς,
906 795 1011 849 κᾶν
1051 797 1268 865 μυρίοις
1306 798 1532 864 τοίχοις,
1581 796 1613 864 ἢ
1656 795 1981 864 παραπετά-

403 901 629 950 σμασιν,
652 887 686 955 ἣ
720 884 867 956 ζόφῳ
891 888 1171 956 σκοτεινῷ,
1190 888 1222 958 ἢ
1243 887 1440 958 βαθείᾳ
1461 886 1978 957 περικαλύπτωνται

400 975 623 1047 ὁμίχλῃ,
650 975 733 1045 ἐφ’
754 971 830 1029 ὧν
864 977 1002 1046 ὑπὲρ
1052 978 1161 1030 τῶν
1189 964 1322 1046 πρὸς
1358 977 1621 1047 ἀλλήλους
1643 974 1988 1044 δικασόμεθασ

401 1068 776 1136 ἀδικημάτων.
845 1070 1056 1122 Ἐκεῖνο
1090 1068 1146 1122 δέ
1201 1087 1292 1139 μοι
1341 1070 1440 1138 τῆς
1489 1069 1816 1137 θαυμαστῆς
1883 1083 1980 1118 σου

404 1160 741 1230 στρατηγίας
766 1159 950 1214 ἔπεισι
985 1162 1172 1232 γελᾷν,
1194 1163 1276 1214 ὅτι
1299 1161 1509 1222 πάντας
1536 1163 1629 1214 καὶ
1653 1160 1783 1220 τοὺς
1805 1158 1978 1212 πάλαι

405 1249 773 1319 βεϐοημένους
808 1251 903 1303 ἐπὶ
943 1252 1303 1319 στρατηγίαις
1356 1250 1569 1320 περιὼν
1600 1250 1801 1318 καινήν
1832 1265 1979 1312 τινα,

404 1339 500 1390 καὶ
530 1337 845 1405 θαυμασίαν
887 1340 982 1393 καὶ
1014 1342 1097 1393 σοὶ
1138 1343 1528 1412 προσήκουσαν
1556 1342 1801 1392 ἐπίνοιαν
1830 1336 1987 1403 essm

404 1442 520 1495 ρες,
559 1427 626 1480 δι’
656 1422 723 1499 ἧς
757 1443 838 1479 σοι
868 1428 976 1481 τῶν
1006 1430 1283 1498 πολεμίων
1313 1431 1471 1498 ὀλίγα
1513 1430 1814 1498 πονήσαντι
1842 1445 1982 1496 κρα-

401 1520 517 1572 τεῖν
543 1518 780 1584 ἐξέσται,
831 1521 901 1591 ἢν
945 1523 996 1574 εἰ
1033 1523 1295 1591 Σκηπίων
1338 1523 1663 1593 ’Λφρικανὸς
1712 1522 1809 1574 καὶ
1837 1521 1991 1588 Πομ-

399 1610 560 1680 πήϊος
583 1614 610 1663 ό
632 1612 852 1680 Μάγνος
884 1615 978 1666 καὶ
1003 1614 1228 1676 Σύλλας,
1249 1616 1341 1667 καὶ
1365 1614 1421 1667 ετ
1445 1631 1528 1677 τις
1558 1614 1717 1676 ἄλλος
1735 1613 1991 1681 ὑμνεῖτατ

408 1702 734 1772 στρατηγὸς,
771 1704 971 1775 ᾔδεσαν
1041 1705 1375 1776 Ῥωμαίων,
1432 1709 1535 1760 οὐκ
1587 1706 1653 1760 ἂν
1689 1708 1985 1759 ἐκόπτοντο

399 1794 599 1860 ταῦτα,
634 1797 728 1850 καὶ
756 1798 986 1861 πολλοὺς
1015 1799 1287 1868 ὑπέμενον
1316 1800 1516 1861 πόνους
1555 1799 1650 1853 καὶ
1679 1799 1981 1862 κινδύνους,

398 1886 528 1958 ἔθνη
554 1888 767 1955 μεγάλα
788 1892 883 1943 καὶ
929 1889 1340 1962 πολυάνθρωπα
1365 1890 1880 1960 καταδουλούμενοι.
1917 1889 1980 1941 El
2014 1877 2057 1929 Β

399 1977 511 2047 γὰρ
530 1976 745 2041 ἐξέσται
767 1995 850 2035 σοι
877 1980 978 2050 τὴν
1004 1981 1249 2035 διάνοιαν
1275 1981 1387 2034 τῶν
1414 1981 1690 2052 πολεμίων
1716 1981 1781 2045 ἐξ
1803 1980 1987 2033 αὐτῶν

400 2069 862 2139 καταμανθάνειν,
920 2073 1083 2136 αὐτός
1130 2090 1192 2125 τε
1249 2073 1521 2144 ἀήττητος
1585 2074 1748 2143 μέχρι
1782 2072 1985 2134 παντὸς

400 2156 693 2226 διαμενεῇς,
717 2160 811 2212 καὶ
839 2159 940 2230 τὴν
970 2160 1263 2231 Ῥωμαίων
1284 2162 1561 2231 βασιλείαν
1583 2163 1685 2215 οὐκ
1721 2164 1779 2215 ἐν
1806 2160 1986 2230 πολλῴ

400 2248 480 2319 τῷ
511 2248 693 2318 χρόνῳ
735 2251 987 2321 μεγάλην
1018 2252 1142 2304 τινὰ
1175 2253 1271 2305 καὶ
1310 2253 1621 2322 θαυμασίαν
1653 2252 1982 2317 ἀποδείξεις,

405 2337 594 2410 ὥσπερ
620 2339 686 2410 δὴ
713 2342 806 2393 καὶ
852 2344 1046 2403 ποιεῖς.
1088 2343 1240 2395 Ἔδει
1280 2345 1380 2412 μὲν
1421 2339 1519 2396 οὖν
1547 2343 1686 2413 πρὸς
1712 2345 1986 2414 τοσαύτην

407 2426 592 2486 ἄνοιαν
622 2433 832 2503 μηδένα
867 2435 1137 2489 ποιεῖσθαι
1173 2435 1355 2505 λόγον.
1389 2435 1530 2505 Ἐγὼ
1553 2437 1612 2490 δι
1656 2453 1739 2491 σοι
1760 2440 1861 2506 τὴν
1891 2439 1990 2508 ἀρ-

403 2525 566 2596 χαίαν
618 2526 774 2593 τάξιν
828 2527 1039 2598 τηρῶν,
1080 2530 1176 2581 καὶ
1212 2528 1576 2599 χαριζόμενος
1624 2532 1682 2583 ὲν
1713 2530 1903 2595 πᾶσιν,
1937 2528 1987 2583 εί

406 2618 660 2687 μέλλοιμι
712 2620 809 2671 καὶ
858 2614 1018 2683 αὖθις
1057 2619 1160 2689 τῆς
1215 2620 1540 2691 εὐεργεσίας
1575 2619 1814 2690 ἀμοιϐὰς
1866 2621 1987 2682 ταῖς

402 2709 667 2780 πρότερον
686 2710 880 2779 ὁμοίας
903 2709 1181 2780 δέχεσθαι,
1198 2712 1299 2785 τὴν
1331 2714 1471 2782 ἀμὴν
1498 2712 1741 2767 διάνοιαν
1774 2713 1988 2782 ποιήσω

403 2802 667 2870 φανεράν.
715 2801 860 2870 Ἐγὼ
888 2804 1099 2873 νομίζω
1130 2805 1280 2858 οὐδὲν
1313 2800 1457 2859 εἷναί
1511 2822 1594 2860 σοι
1631 2805 1987 2859 cacus-urite.

407 2911 499 2963 ρον
527 2896 623 2948 καὶ
668 2894 830 2962 λόγου
882 2895 1197 2967 ἀξιώτεροη
1219 2896 1437 2964 πολλοῦ,
1472 2897 1505 2967 ἢ
1560 2896 1656 2951 τοῦ
1703 2892 1841 2969 πρὸς
1886 2898 1989 2968 ἐμὲ
2014 2948 2030 2960 ,

402 2981 666 3050 πολέμου.
698 2983 879 3052 Τριῶν
921 2984 977 3038 δὲ
1022 2985 1193 3039 ὅντων
1235 2982 1317 3049 οἷς
1348 2988 1416 3043 ἄν
1469 3004 1555 3050 τις
1585 2989 1987 3057 ἐπιχειρήσειε,

404 3073 613 3127 τούτων
659 3076 815 3128 οὐδὲν
838 3076 1021 3147 οἴομαι
1035 3080 1118 3131 σοὶ
1148 3078 1471 3135 λυσιτελεῖν.
1520 3081 1590 3132 Ἢ
1632 3081 1739 3150 γὰρ
1773 3082 1852 3144 είς
1884 3082 1988 3133 Βυ-

2083 602 2365 670 eximiam,
2400 606 2613 676 tibique
2636 604 3062 660 convenientem
3092 606 3364 658 rationem
3385 617 3667 658 commen-

2082 708 2169 754 tus
2201 716 2283 763 es,
2320 715 2428 769 qua
2462 712 2633 768 parvo
2660 698 2847 752 labore
2880 698 3168 753 victoriam
3196 696 3263 749 de
3302 695 3553 749 hostibus
3580 710 3666 748 re-

2081 791 2266 856 feras;
2319 805 2484 859 quam
2550 790 2596 844 si
2644 790 3038 859 cognovissent
3094 788 3279 857 St-ipio
3336 786 3662 847 Africanus,

2081 884 2373 952 Pompeius
2427 882 2649 951 Magnus
2676 933 2689 957 ,
2735 882 2884 937 Sulla
2907 925 2919 944 ,
2955 891 3011 936 et
3053 882 3142 950 qui
3208 889 3472 950 pt-aaterea
3501 894 3532 932 e
3559 878 3667 931 du-

2081 977 2238 1029 cibus
2268 976 2530 1029 Romanis
2559 975 2949 1044 praedicantur,
2993 990 3100 1028 non
3133 973 3271 1027 adeo
3303 981 3476 1027 semet
3518 969 3670 1023 defa-

2084 1068 2344 1136 tigassent
2380 1085 2404 1121 ς
2449 1083 2552 1121 nec
2599 1068 2655 1120 in
2712 1067 2921 1131 magnis
2968 1081 3031 1121 ac
3076 1067 3360 1134 pepulosis
3408 1064 3666 1132 gentibus

2083 1157 2406 1228 subigendis
2431 1197 2445 1221 ,
2507 1167 2587 1212 tot
2630 1165 2688 1213 et
2721 1168 2828 1213 tam
2866 1157 3208 1227 periculosos
3243 1157 3463 1210 labores
3500 1169 3667 1208 exan-

2089 1252 2339 1305 tlassent.
2377 1251 2434 1306 Si
2459 1252 2618 1305 enint-
2644 1251 2883 1306 hostium
2912 1266 3071 1305 sensa
3096 1265 3163 1303 ex
3189 1250 3326 1319 ipsis
3348 1246 3538 1302 licebit
3566 1246 3663 1300 tibi

2083 1345 2404 1413 percipere,
2448 1352 2505 1397 et
2553 1351 2612 1396 tu
2656 1343 2901 1396 invictus
2943 1357 3160 1411 semper
3186 1342 3318 1404 eris,
3347 1349 3403 1393 et
3430 1337 3667 1394 Romani

2084 1435 2304 1504 imperii
2339 1436 2606 1489 terminos
2637 1448 2699 1487 ac
2730 1435 3068 1501 maiestatem
3101 1432 3255 1487 brevi
3289 1441 3537 1500 tempore
3567 1429 3671 1484 ad-

2086 1525 2419 1579 mirabiliter
2463 1523 2717 1590 proferes
2769 1522 3146 1592 augebisque,
3201 1519 3668 1590 quemadmodum

2084 1625 2141 1670 et
2190 1631 2337 1670 nunc
2385 1615 2522 1671 facis
2551 1614 2832 1668 videlicet.
2862 1611 3167 1682 Oportebat
3198 1612 3364 1681 igitur
3393 1610 3458 1665 ad
3492 1610 3673 1665 istanc

2086 1710 2376 1763 stultitiam
2423 1717 2571 1762 tuam
2613 1723 2714 1763 nec
2752 1707 2985 1762 verbum
3040 1705 3401 1774 respondere.
3444 1703 3558 1774 Ego
3588 1710 3675 1756 ta-

2089 1814 2216 1854 men
2269 1799 2567 1868 pristinum
2607 1798 2711 1852 tibi
2749 1798 2934 1852 locum
2981 1811 3233 1859 servans,
3279 1806 3334 1850 et
3357 1795 3673 1865 gratiﬁcans

2087 1890 2142 1944 in
2186 1889 2468 1949 omnibus,
2501 1888 2549 1941 si
2586 1900 2806 1941 rursum
2837 1902 2939 1956 pro
2968 1885 3242 1941 beneﬁcio
3276 1901 3439 1954 pares
3472 1884 3676 1954 priori-

2087 1980 2193 2035 bus
2235 1981 2438 2050 gratias
2482 1986 2808 2046 exSpectare
2857 1979 3051 2042 debeo,
3106 1978 3468 2047 cogitationes
3522 1990 3674 2031 meas

2087 2084 2141 2128 te
2174 2091 2281 2129 non
2318 2075 2530 2129 celabo.
2557 2072 2827 2142 Equidem
2862 2073 3008 2126 bello
3036 2078 3234 2126 contra
3269 2086 3377 2136 me,
3408 2070 3547 2124 nihil
3574 2068 3677 2123 abs

2089 2173 2142 2219 te
2168 2165 2473 2219 studiosius
2501 2165 2710 2233 expeti,
2746 2163 2886 2217 nihil
2923 2161 3062 2217 tanti
3096 2161 3194 2215 abs
3226 2170 3278 2215 te
3307 2160 3423 2215 fieri
3449 2159 3671 2228 opinor.

2086 2257 2222 2312 Cum
2272 2271 2438 2325 porro
2484 2257 2588 2310 tria
2639 2255 2770 2318 sint,
2814 2270 2936 2324 quae
2984 2253 3176 2317 facias,
3220 2267 3412 2307 eorum
3460 2250 3677 2305 nullum‘

2087 2347 2400 2402 rationibus
2428 2347 2541 2402 tuis
2571 2347 2888 2403 conducere
2923 2353 3129 2402 statuo.
3156 2346 3264 2399 Aut
3290 2344 3437 2398 enim
3466 2334 3677 2414 ByzauJ

2088 2441 2227 2495 tium
2253 2440 2461 2495 reverti
2486 2455 2715 2494 necesse
2737 2448 2841 2503 est,
2873 2448 2971 2492 aut
2995 2452 3218 2492 manere
3241 2435 3672 2501 Thessalonicrc,
3733 2494 3739 2498 μ

2089 2541 2186 2587 aut
2220 2546 2433 2586 mecum
2482 2530 2654 2585 armis
2683 2530 2990 2584 decertare.
3026 2528 3167 2583 Eum
3208 2527 3396 2596 igitur,
3427 2525 3521 2595 qui
3559 2533 3679 2579 tan-

2091 2634 2199 2680 tam
2225 2624 2473 2694 pecuniae
2496 2624 2612 2678 vim
2642 2621 3002 2692 impenderit,
3032 2621 3127 2691 qui
3154 2628 3304 2674 tanta
3334 2618 3556 2672 inflatus
3587 2631 3682 2670 su-

2088 2717 2280 2787 perbia
2327 2726 2437 2771 tam
2481 2715 2810 2787 iuveniliter
2859 2713 3182 2777 exsultarit,
3226 2711 3537 2782 qui‘totum
3565 2709 3679 2764 Ro-

2090 2823 2315 2863 manum
2359 2808 2656 2877 imperium
2703 2806 3094 2877 permiscuerit
3129 2812 3296 2875 atque
3339 2800 3676 2873 CODJUliel‘il,

2093 2909 2200 2953 tam
2251 2914 2422 2970 prope
2478 2899 2548 2954 ad
2600 2899 2792 2954 hostes
2840 2898 3185 2954 accessisse:
3232 2895 3431 2951 deinde
3477 2891 3682 2964 prioris

2087 2993 2365 3063 iactantiae
2386 2993 2540 3047 velut
2566 2991 2826 3057 oblitum,
2850 2991 3041 3045 vacuis
3069 2988 3324 3043 manibus
3347 2988 3674 3048 recessisse,

2092 3100 2196 3140 nec
2245 3088 2527 3153 aspectum
2579 3085 2774 3138 saltem
2831 3083 3077 3137 hostium
3125 3080 3461 3151 pertulisse’,
3512 3078 3685 3150 idque

405 3166 619 3264 ζάντιον
646 3168 861 3264 άνάγκη
890 3172 1280 3241 ἀναστρέφειν,
1312 3174 1346 3244 ἢ
1397 3175 1584 3243 μένειν
1634 3178 1692 3226 εν
1719 3176 1990 3230 Θεσσαλο-

2093 3177 2386 3231 ducentem
2430 3177 2738 3230 etercitum
2771 3175 3121 3244 frequentem
3153 3188 3217 3227 ac
3240 3168 3591 3236 bellicosum,
3621 3177 3679 3224 et

404 3257 615 3329 νίκῃ,ἢ
652 3258 810 3330 ἥκειν
861 3261 997 3330 πρὸς
1033 3262 1132 3330 ἐμὲ
1187 3265 1552 3334 μαχούμενον.
1602 3264 1711 3318 Τοῦ
1746 3268 1848 3335 μὲν
1895 3262 1989 3318 οὖν

2092 3269 2279 3323 hostili
2310 3270 2498 3324 multo
2552 3268 3019 3333 numerosiorem,
3070 3265 3209 3321 nihil
3254 3265 3360 3320 hoc
3402 3264 3575 3335 magis
3598 3263 3676 3316 ri-

403 3345 642 3400 τοσαῦτα
667 3349 929 3418 χρήματα
958 3352 1299 3418 ἀναλωκότα,
1336 3356 1430 3407 καὶ
1468 3355 1639 3409 πολλὰ
1664 3359 1991 3427 φυσήσαντα

407 3435 501 3492 καῖ
532 3442 1005 3511 νεανιευσάμενον,
1036 3444 1133 3497 καὶ
1162 3444 1263 3515 τὴν
1316 3443 1609 3515 Ῥωμαίων
1640 3450 1824 3502 πᾶσαν
1860 3450 1992 3518 ὴγε-

409 3531 601 3602 μονίαν
635 3535 1069 3606 συγκυκήσαντα
1122 3538 1275 3608 παρὰ
1300 3538 1558 3592 τοσοῦτον
1612 3541 1781 3609 ἐγγὺς
1814 3541 1999 3595 ἐλθεῖν

407 3628 519 3682 τῶν
573 3629 890 3700 πολεμίων,
930 3631 1130 3687 ἔπειτα
1180 3616 1374 3702 ὥσπερ
1440 3634 1839 3704 ἐπιλαθόμενον
1881 3634 1999 3689 τῶν

408 3721 645 3789 κόμπων
667 3723 776 3776 τῶν
818 3723 1127 3793 προτέρων,
1161 3727 1346 3788 κεναῖς
1378 3726 1781 3796 ἐπανέρχεσθαι
1811 3716 1995 3797 χερσὶ,

413 3813 550 3883 μηδὲ
583 3813 711 3866 θέαν
764 3815 896 3882 γοῦν
947 3815 1057 3868 τῶν
1113 3816 1391 3885 πολεμίων
1450 3817 1843 3885 ὑπομείναντα,
1895 3818 1992 3871 καὶ

407 3907 583 3959 ταῦτα
613 3908 883 3978 στρατιὰν
902 3908 1107 3975 ἄγοντα
1138 3908 1341 3975 πολλὴν
1365 3912 1470 3975 ,καὶ
1502 3910 1735 3977 ἀγαθὴν,
1764 3912 1860 3964 xei.
1881 3910 1995 3963 τῶν

410 3997 689 4065 πολεμίων
726 3998 1132 4063 πολλαπλασίω,
1165 4001 1318 4054 οὐδὲν
1363 4000 1430 4055 ἂν
1464 4002 1550 4075 εἴη
1588 4002 1992 4069 καταγελαστῦ-

406 4105 589 4160 τερον,
615 4089 736 4143 οὐδὲ
764 4090 968 4160 μᾶλλον
990 4092 1209 4156 ἀδοξίαν
1230 4093 1292 4146 οὐ
1327 4094 1623 4162 Ῥωμαίοις
1646 4093 1826 4164 οίσοντ
1855 4096 1996 4147 εκεῖ-

410 4199 492 4235 νοι
522 4183 632 4251 γὰρ
653 4184 742 4234 ἀεὶ
768 4185 1006 4250 γενναῖοι
1042 4186 1177 4254 πρὸς
1201 4184 1299 4248 τὰς
1330 4185 1529 4255 μάχας,
1550 4187 1644 4237 καὶ
1671 4186 1876 4255 τόλμης
1898 4187 1996 4241 καὶ

409 4273 674 4344 εὐψυχίας
706 4274 860 4328 οὐδὲν
885 4275 1251 4341 ιλλείποντες,
1287 4276 1422 4329 ἀλλά
1448 4278 1530 4328 σοὶ
1562 4275 1640 4346 τῷ
1671 4277 1991 4348 στρατηγῷν

398 4366 510 4418 ικαὶ
540 4366 740 4429 πάντες
783 4365 947 4429 εὐθὺς
995 4366 1058 4419 τὸ
1100 4367 1346 4438 Χαϐρίου
1390 4368 1487 4420 τοῦ
1537 4367 1647 4422 τῶν
1689 4367 1993 4437 Ἀθηναίων

414 4445 725 4530 στρατηγοῦ
778 4459 1018 4527 ἐροῦσιν,
1067 4458 1144 4522 ὡς
1172 4459 1548 4531 φοόερὼτερόν
1576 4461 1728 4513 ἐστιν
1778 4460 1992 4529 ἐλάφων

2089 3362 2369 3428 dendum;
2427 3376 2606 3431 neque
2664 3360 2815 3416 aliud
2865 3358 3077 3414 nomini
3134 3359 3508 3413 Romanorum
3568 3365 3677 3409 tam

2090 3446 2519 3523 ignominiosum
2564 3452 2684 3505 fieri
2730 3458 2913 3521 potest
2962 3467 2977 3506 :
3033 3463 3268 3519 quorum
3307 3463 3527 3517 semper
3575 3447 3683 3501 fuit

2091 3544 2155 3595 ad
2186 3542 2538 3613 pugnandum
2566 3555 2890 3612 generosus,
2921 3538 3332 3610 imperterritus
3352 3546 3407 3592 et
3429 3537 3682 3592 excelsus

2092 3633 2332 3687 animus.
2360 3631 2562 3687 Verum
2589 3632 2692 3687 tibi
2723 3639 2835 3686 tam
2860 3632 3084 3701 egregio
3107 3631 3238 3685 duci
3269 3644 3461 3684 omnes
3489 3627 3676 3683 statim

2092 3726 2227 3781 illud
2269 3726 2525 3782 Chabriae
2566 3723 2969 3781 Atltenensium
3018 3723 3369 3795 imperatoris
3403 3722 3678 3783 occinent,

2096 3818 2593 3873 formidabiliorem
2643 3833 2766 3873 esse
2826 3831 3121 3872 cervorum
3178 3817 3485 3872 exercitum
3540 3813 3686 3867 duce

2093 3910 2283 3971 leone,
2327 3923 2492 3978 quam
2530 3909 2754 3962 leonum
2800 3921 2966 3962 cervo
3022 3906 3164 3961 duce
3215 3905 3352 3976 (22).
3405 3903 3503 3958 Sin
3535 3900 3681 3972 apud

2094 3999 2544 4054 Thessalonicam
2592 3997 2842 4053 residere
2881 3997 3234 4067 praeoptabis,
3277 3995 3515 4065 primum
3559 3993 3684 4062 qui-

2094 4089 2220 4144 dem
2259 4088 2391 4158 quid
2418 4102 2486 4142 ex
2509 4088 2614 4142 ista
2642 4087 3170 4142 commemoratione
3197 4082 3537 4141 lucrifacias.
3568 4097 3678 4135 non

2093 4184 2371 4253 intelligo.
2417 4182 2646 4238 Accedit
2682 4181 3058 4251 impensarum
3096 4178 3427 4249 ingentium,
3464 4176 3530 4231 ad
3558 4184 3682 4229 tan—

2096 4284 2204 4329 tam
2260 4272 2666 4327 multitudinem
2690 4311 2704 4335 ,
2746 4285 2980 4340 eamque
3021 4270 3269 4324 navalem
3300 4267 3554 4322 alendam
3584 4281 3682 4319 ne-

2093 4365 2344 4429 cessitas,
2373 4363 2534 4434 553
2565 4378 2732 4434 quam
2761 4363 2830 4417 de
2861 4361 3083 4432 publico
3119 4360 3193 4416 ali
3222 4357 3679 4435 oportebitJtem

2094 4476 2127 4514 e
2155 4457 2439 4529 Byzantio,
2487 4465 2544 4510 et
2591 4454 2806 4524 reliqua
2854 4450 3114 4518 Thracia,
3175 4449 3550 4511 continentis,
3597 4448 3683 4502 in-

414 4552 774 4639 στρατρπεδον
802 4551 1109 4620 ἡγουμένου
1136 4552 1375 4615 λέοντος,
1420 4551 1454 4623 ἢ
1497 4551 1730 4606 λεόντων
1751 4552 1991 4623 ἡγουμέ-

2093 4564 2294 4619 qualn,
2342 4548 2616 4603 militibus
2667 4546 3026 4602 mercenariis
3066 4543 3389 4614 permultis,
3434 4555 3535 4596 nec
3572 4556 3681 4594 non

411 4662 503 4698 νου
531 4642 756 4711 ἑλάφου.
790 4644 852 4697 Εἰ
878 4643 935 4697 δὲ
973 4642 1158 4712 μένειν
1186 4645 1244 4698 ὲν
1295 4643 1668 4715 Θεσσαλονίκῃ
1700 4644 1988 4716 διανοήσει,

413 4735 632 4806 πρῶτον
656 4735 754 4803 μὲν
778 4734 840 4788 τδ
862 4735 1053 4804 κέρδος
1082 4737 1179 4804 οὐχ
1205 4735 1319 4807 ὁρῶ
1347 4739 1447 4806 τῆς
1465 4735 1774 4805 διατριϐῆς.
1807 4736 1997 4789 Ἐπει-

412 4844 482 4882 τα
550 4827 805 4896 μεγάλων
861 4826 1235 4894 ἀναλωμάτων
1289 4827 1481 4898 χρείας
1522 4829 1661 4897 πρὸς
1718 4826 1993 4898 τοσαύτην

416 4922 701 4991 στρατιὰν,
732 4921 826 4974 καὶ
856 4918 1030 4971 ταῦτα
1070 4919 1353 4990 ναυτικὴν,
1379 4921 1445 4990 ἣν
1472 4923 1537 4973 ἐκ
1567 4920 1679 4973 τῶν
1713 4919 1995 4990 δημοσίων

412 5011 712 5083 τρέφεσθαι
747 5011 984 5079 ἀνάγκη.
1009 5010 1117 5065 Καὶ⁵
1137 5012 1232 5079 τῆς
1265 5012 1624 5081 ἠπειρώτιδος
1645 5014 1701 5066 δὲ
1732 5013 1997 5082 στρατιᾶς

417 5107 543 5169 τοὺς
573 5107 637 5160 ὲκ
692 5094 991 5170 Βυζαντίου
1040 5104 1135 5158 καὶ
1174 5104 1273 5168 τῆς
1305 5105 1474 5174 ἄλλης
1512 5105 1738 5177 Θράκης
1768 5106 1996 5177 τρέφειν

424 5197 631 5269 δεήσει·
669 5197 1035 5266 μισθοφόρους
1075 5211 1137 5248 τε
1164 5194 1266 5248 οὐκ
1298 5195 1513 5265 ὀλίγους
1535 5197 1695 5262 ὂντας
1723 5199 1821 5251 καὶ
1863 5198 1996 5261 τοὺς

428 5286 632 5352 illam,
666 5286 732 5340 ἂν
759 5285 871 5339 τῶν
896 5285 1087 5338 οἰκιῶν
1117 5285 1224 5352 ἔξω
1244 5287 1432 5356 χρόνον
1450 5287 1772 5357 διατρίϐωσι
1799 5288 1990 5342 πολύν·

430 5376 1044 5448 ξκατεξανασίέήσονταί
1066 5394 1170 5431 σου
1214 5378 1289 5442 ὡς
1310 5378 1489 5431 ἑκοντὶ
1512 5377 1842 5448 βουλομένου

438 5467 698 5540 ρ’)είρειν·
734 5467 767 5538 ἢ
799 5469 865 5522 τά
906 5482 969 5536 γε
1018 5468 1265 5539 δεύτερα,
1299 5468 1365 5523 ἂν
1420 5470 1617 5541 μέτρια
1652 5470 1993 5543 δοκιμάζωτι

2092 4643 2237 4706 aliis,
2296 4640 2394 4696 sed
2445 4640 2657 4695 diutius
2716 4654 2748 4694 a
2799 4639 3028 4695 sedibus
3076 4636 3194 4692 suis
3250 4633 3570 4697 abfuerint,
3612 4632 3682 4697 de

2096 4736 2243 4791 victu
2298 4732 2702 4803 providendum
2745 4731 2854 4787 erit
2885 4749 2899 4786 :
2931 4729 3140 4800 alioqui
3181 4727 3473 4782 adversum
3508 4735 3582 4785 te,
3622 4733 3691 4786 ut,

2095 4839 2192 4881 eos
2220 4823 2454 4894 perdere
2482 4823 2757 4877 volentem
2784 4822 3091 4890 insurgent,
3115 4827 3213 4872 aut
3232 4826 3383 4873 certe
3410 4816 3455 4871 si
3492 4815 3689 4871 mitius

2094 4919 2331 4989 egerint,
2355 4916 2577 4971 deserto
2608 4923 2662 4970 te
2691 4913 2945 4978 abibunt,
2982 4912 3237 4968 sacculos
3267 4912 3465 4967 inanes
3484 4918 3685 4964 osten-s

2097 5015 2299 5072 tantes,
2323 5000 2387 5063 et
2411 5015 2712 5077 egestatem
2741 5021 2855 5075 pra:
2885 5020 2944 5061 se
2977 5005 3240 5060 ferentes.
3266 5004 3380 5060 Nec
3412 5006 3555 5059 istuc
3582 5018 3679 5058 so-

2093 5100 2234 5166 lum,
2277 5100 2374 5156 sed
2416 5101 2643 5170 insuper
2687 5098 3015 5154 Macedones
3054 5110 3113 5154 et
3160 5097 3681 5154 Thessalonicensrs

2097 5193 2300 5265 singuli
2349 5194 2643 5262 stipendia,
2697 5202 2754 5247 et
2798 5192 3059 5247 donativa
3093 5190 3442 5261 ﬂagitabant,
3471 5205 3593 5261 qua:
3622 5191 3679 5250 in

2100 5284 2334 5340 militem
2385 5283 2722 5339 distribuere
2761 5282 2992 5337 Romani
3022 5284 3369 5353 principatus
3399 5283 3676 5352 guberna-

2103 5380 2279 5434 torem
2312 5388 2528 5447 atquum
2567 5386 2672 5431 est.
2714 5374 2792 5429 Ad
2829 5373 3045 5430 Cralem
3096 5374 3322 5443 insuper
3356 5383 3547 5427 contra
3586 5386 3675 5427 me

2098 5469 2491 5533 concitandum
2530 5468 2719 5525 multis
2745 5467 3070 5523 muneribus
3101 5475 3158 5522 et
3185 5464 3436 5536 pecuniis
3459 5462 3674 5535 indige-

1670 5624 1891 5687 Jacobi
1923 5625 2191 5689 Ponta’ni
2224 5635 2413 5691 notae.
3380 5694 3389 5699 _

491 5741 604 5814 (2‘2)
653 5741 774 5824 [ioc
801 5743 952 5824 dicto
1002 5754 1263 5824 quantum
1313 5744 1368 5800 in
1403 5749 1606 5824 virtute
1666 5749 1829 5824 ducis
1880 5750 2046 5805 situm
2104 5751 2371 5814 videatur,
2422 5751 2683 5824 prmelare
2732 5746 3066 5805 ostenditur.
3121 5745 3234 5805 Leo
3292 5742 3670 5813 fortitudinis,

422 5827 619 5870 cervus
660 5814 972 5870 timiditatis
1001 5816 1311 5886 symbolum
1367 5833 1463 5874 seu
1491 5819 1991 5893 bieroglyphicum.
