4014 6450
353 356 494 422 1063

1526 351 1856 415 JOANNIS
1897 345 2427 412 CANTACUZENI

3482 337 3618 402 ιοιι

347 469 520 536 centi,
583 480 642 526 et
709 469 955 525 nondum
1011 468 1357 524 confirmatis
1415 467 1622 523 civium
1684 484 1814 538 erga
1881 483 1940 523 se

2046 461 2134 536 εἴη
2162 463 2264 534 τὴν
2289 462 2447 515 πόλιν
2479 459 2604 530 ἀρτι
2637 457 3111 529 προσχωρήσασαν
3146 456 3250 510 ’καὶ
3283 455 3435 508 οὔπω
3486 456 3622 527 πρὶς

347 563 553 618 studiis
574 563 892 634 relinquere
916 577 1026 616 non
1054 577 1240 632 posse,
1263 561 1570 632 praesertim
1595 575 1722 614 cum
1754 561 1940 615 hostes

347 651 517 707 vicini
573 655 705 716 sint,
759 662 816 707 et
863 653 1085 708 obsidio
1143 652 1426 708 timeatur.
1487 651 1708 705 Mittere
1753 661 1937 705 autem

353 743 555 804 ﬁlium,
584 750 641 797 et
669 743 1092 808 consobrinum,
1123 752 1181 796 ut
1218 743 1310 797 ubi
1351 758 1449 812 per
1483 757 1583 797 eos
1628 743 1935 802 resciverit.

350 833 422 888 de
454 834 660 904 quibus
696 849 856 888 suum
900 842 1124 904 expetat
1151 834 1464 900 consilium,
1499 836 1828 888 sententiam
1861 833 1940 888 illi

349 925 702 979 utilissimam
730 924 997 994 proferat.
1022 925 1237 991 (Irales,
1270 926 1533 996 quoniam
1556 925 1692 995 quid
1725 925 1779 979 in
1808 941 1942 979 con-

351 1017 652 1070 sultatione
700 1026 958 1086 poneret,
1013 1033 1120 1072 non
1169 1017 1411 1072 habebat
1447 1019 1576 1088 (hoc
1606 1017 1750 1072 enim
1785 1029 1940 1086 tegu-

353 1110 747 1172 mentum,'et
806 1107 1160 1162 involucrum
1222 1110 1499 1180 quoddam
1560 1111 1942 1164 tantummodo

355 1197 681 1251 insidiarum
709 1200 872 1264 erat),
895 1196 1062 1268 558
1084 1198 1152 1252 de
1183 1199 1308 1255 aliis
1335 1200 1633 1265 nonnullis,
1659 1200 1940 1270 prioribus

354 1302 700 1356 nequaquam
749 1290 1142 1344 consentaneis
1186 1291 1520 1356 collocutus,
1574 1292 1798 1346 domum
1844 1307 1941 1346 eos

353 1380 608 1434 remittit.
641 1379 812 1435 Breve
846 1381 1164 1435 intercessit
1193 1383 1460 1452 spatium,
1487 1397 1638 1448 cum,
1671 1383 1818 1454 quod
1855 1384 1941 1438 in-

318 1471 512 1527 .sidiis
559 1473 702 1528 nihil
749 1474 1142 1544 promovisset,
1173 1489 1414 1544 persona
1445 1473 1661 1543 abiecta
1707 1476 1940 1532 manife-

293 1593 300 1596 —
356 1573 503 1618 stum
539 1564 616 1618 illi
648 1565 852 1620 bellum
889 1564 1201 1619 denuntiat.
1238 1565 1419 1620 Missis
1451 1582 1691 1636 namque
1722 1569 1940 1640 legatis,

2043 557 2143 629 τὴν
2202 555 2373 610 αὐτοῦ
2403 553 2616 607 εὔνοιαν
2673 553 2909 623 βεϐαίως
2964 551 3316 621 ἡδρασμένὴν
3375 549 3627 602 natals!-

2043 667 2190 704 πειν.
2224 648 2438 711 ’Δλλως
2469 664 2529 698 τε
2565 645 2662 700 καὶ
2718 645 2832 697 τῶν
2897 643 3182 711 πολεμίων
3236 642 3622 710 ἐπικειμένων,

2044 745 2142 797 καὶ
2168 742 2562 814 προσδοκίμων
2597 739 2768 791 ὄντων
2793 738 2979 801 αὐτοῖς
3014 735 3485 806 ἐπιστρατεύσειν.
3521 733 3625 789 Τὸν

2041 835 2245 902 olivas
2278 833 2538 903 πέμψειε,
2587 831 2680 883 καὶ
2739 831 2832 883 τὸν
2900 829 3150 898 ἀνεψιὸν,
3199 828 3287 880 ἵνα
3349 827 3626 880 διἀύτῶν

2043 923 2348 992 πυθόμενος
2405 921 2537 991 περὶ
2569 913 2646 974 ὧν
2677 920 2787 972 δέοι
2820 919 3218 984 συμϐουλεύειν
3252 916 3480 986 γνώμην
3511 916 3613 980 εξε-

2049 1015 2223 1085 ιέγκῃ
2288 1015 2388 1083 τὴν
2453 1013 2690 1083 μάλιστα
2729 1011 2878 1079 αὐτῷ
2931 1010 3310 1065 συνοίσουσαν.
3341 1009 3457 1062 ⁸06*
3504 1010 3626 1060 ἐπεὶ

2051 1103 2412 1175 βουλεύεσθαι
2462 1100 2576 1172 εἶχε
2627 1103 2756 1172 περὶ
2790 1101 3025 1165 οὐδενὸς,
3096 1101 3326 1170 σκήψεις
3381 1103 3488 1168 γὰρ
3533 1099 3627 1151 καὶ

2047 1198 2361 1267 προφάσεις
2409 1197 2479 1248 τὰ
2542 1194 2768 1248 τοιαῦτα
2821 1189 2983 1264 ἦσαν,
3015 1192 3109 1247 καὶ
3175 1191 3274 1259 τῆς
3333 1193 3359 1243 ὲ
3409 1191 3622 1258 ιϐουλῆς

2045 1289 2542 1359 περικαλύμματα,
2575 1288 2702 1357 περὶ
2729 1286 2905 1340 ἄλλων
2926 1286 3092 1337 τινῶν
3123 1285 3309 1347 αὐτοῖς
3323 1283 3621 1353 διαλεχθεὶς

2052 1382 2259 1452 ἦκιστα
2319 1380 2730 1449 συμϐαινόντων
2767 1374 2850 1441 οἷς
2913 1377 3066 1446 ἠξίου
3103 1378 3387 1448 πρότερον,
3440 1375 3621 1428 οίκαδε

2047 1474 2404 1545 ἀπέπεμπεν.
2431 1473 2704 1542 ’Ὕστερον
2737 1471 2794 1525 δὲ
2838 1469 3028 1540 ὀλίγῳ,
3080 1470 3207 1522 ἐπεὶ
3255 1468 3622 1522 ἐπιϐουλεύων

2043 1566 2235 1620 ἀνύειν
2272 1566 2510 1636 ἠδύνατο
2547 1565 2725 1630 οὐδὲν,
2759 1564 2822 1617 τὸ
2849 1565 3208 1633 προσωπεῖον
3267 1561 3622 1628 ἀποθέμενος,

355 1672 550 1728 pacem
597 1668 653 1711 et
703 1658 884 1714 fmdus
920 1659 1234 1716 rescindit:
1286 1665 1566 1731 Augustaz,
1599 1678 1679 1727 se,
1723 1663 1769 1716 si
1806 1661 1941 1732 quid

2046 1657 2391 1726 κατήγγελλε
2439 1655 2696 1727 φανερῶς
2751 1655 2845 1709 τὸν
2927 1655 3187 1722 πόλεμον·
3239 1652 3464 1720 πέμψας
3519 1653 3627 1721 γὰρ

351 1759 562 1820 posset,
593 1765 754 1819 opem
787 1751 1063 1818 laturum;
1099 1751 1406 1822 ipse,‘quid
1442 1753 1548 1808 sibi
1577 1753 1937 1823 conduceret,

2046 1751 2347 1822 πρεσϐείαν
2379 1751 2515 1820 πρὸς
2543 1748 2796 1820 βασιλέα,
2822 1747 2923 1818 τὴν
2953 1750 3088 1816 πρὸς
3112 1745 3274 1799 αὑτὸν
3295 1745 3512 1817 εἰρήνην
3534 1745 3652 1829 καὶ,

351 1818 498 1909 apud
539 1818 788 1896 animum
837 1818 1136 1914 cogitaret.
1182 1818 1304 1899 liae
1337 1845 1761 1903 denuntiatione
1810 1818 1939 1901 belli

2049 1818 2151 1906 τάς
2183 1818 2434 1902 σπονδὰς
2456 1818 2658 1907 διέλυε,
2703 1841 2798 1894 καὶ
2826 1839 2955 1901 τοὺς
2987 1839 3207 1910 ὅρκους·
3265 1837 3495 1906 βασιλίδι
3519 1837 3625 1899 φάο

353 1929 637 1986 Triballici
671 1932 833 2002 plebe
862 1949 972 1987 non
1012 1934 1209 1990 leviter
1245 1938 1667 2006 perterrefacta,
1705 1940 1942 2010 impera-

2046 1952 2194 1990 σκων
2238 1935 2650 2006 συμμαχήσειν,
2695 1933 2751 1986 εῐ
2792 1949 2848 1986 τι
2899 1931 3143 1997 δύναιτο,
3198 1929 3360 1982 αὐτὸν
3407 1929 3464 1981 δὲ
3499 1928 3626 1998 περὶ

355 2032 444 2075 tor
473 2031 528 2076 et
559 2022 858 2093 optimates
901 2025 1024 2096 ejus
1058 2025 1128 2080 de
1177 2027 1526 2096 providentia
1578 2027 1692 2083 Deo
1738 2031 1943 2101 gratias

2046 2027 2241 2081 ἑαυτοῦ
2266 2026 2623 2097 βουλεύεσθαι
2649 2026 2789 2080 ἄττα
2819 2025 2887 2079 ἂν
2943 2023 3241 2078 λυσιτελεῖν
3264 2022 3416 2092 δοκῇ.
3447 2023 3509 2074 Ol
3527 2023 3627 2089 μὲν

351 2124 605 2182 egerunt.
639 2114 758 2170 Nisi
799 2117 950 2171 enim
992 2117 1040 2172 is
1087 2117 1327 2188 desuper
1377 2129 1600 2176 extenta
1631 2137 1798 2176 manu
1845 2137 1943 2179 eos

2046 2121 2136 2175 οὖν
2161 2122 2300 2192 πρὸς
2329 2119 2429 2191 τὴν
2459 2120 2725 2190 ἀγγελίαν
2757 2119 2944 2172 πολλοὶ
2972 2117 3065 2171 τοῦ
3100 2115 3428 2187 Τριϐαλικοῦ
3469 2115 3628 2168 πολέ-

353 2215 659 2270 servasset,
693 2207 828 2276 quid
863 2209 1085 2263 tandem
1117 2209 1358 2275 Cralem,
1394 2227 1522 2266 cum
1550 2227 1646 2267 eos
1676 2213 1731 2266 in
1763 2215 1943 2268 mani-

2048 2229 2152 2282 μου
2187 2211 2550 2281 ἐθορυϐοῦντο
2578 2211 2639 2264 οὐ
2675 2211 2937 2281 μετρίως.
2993 2208 3257 2272 Βασιλεὺς
3293 2209 3350 2261 δὲ
3381 2210 3478 2262 καὶ
3514 2209 3624 2259 τῶν

351 2293 458 2349 bus
491 2293 746 2361 haberet,
781 2297 1208 2369 interlieereque
1245 2301 1506 2366 lacillime
1542 2311 1751 2372 posset,
1784 2303 1940 2373 quid,

2053 2305 2184 2376 περὶ
2213 2305 2379 2358 αὐτὸν
2424 2305 2473 2356 οί
2503 2304 2724 2375 ἄριστοι
2781 2301 2988 2364 πολλὰς
3032 2301 3343 2372 ὡμολόγουν
3397 2300 3630 2370 χάριτας

352 2381 602 2453 inquam,
647 2385 1074 2454 prohibuisset?
1104 2386 1424 2455 Enimvero,
1457 2404 1585 2444 cum
1613 2391 1683 2446 ab
1724 2392 1943 2462 imperii

2046 2395 2166 2466 Θεῷ
2191 2397 2290 2466 τῆς
2323 2397 2582 2468 προνοίας
2615 2396 2716 2464 τῆς
2740 2394 2868 2462 περὶ
2901 2392 3120 2454 αὐτούς.
3168 2393 3231 2445 El
3263 2391 3340 2462 μὴ
3394 2393 3502 2460 γὰρ
3528 2390 3629 2443 αύ-

353 2473 897 2552 administratoribus
945 2477 1119 2532 multo
1171 2479 1295 2549 plus
1324 2482 1712 2550 pecuniarum,
1748 2492 1804 2538 et
1851 2499 1945 2536 ur-

355 2565 510 2620 bium
540 2568 592 2622 ei
614 2568 910 2623 offerretur
932 2568 1093 2638 (quas
1121 2586 1361 2640 namque
1387 2588 1537 2628 nunc
1568 2573 1671 2642 ipsi
1699 2573 1942 2639 teneant,

357 2657 423 2710 iis
468 2658 656 2725 plures
695 2659 834 2713 citra
870 2659 1036 2714 ullam
1087 2661 1547 2728 sollicitudinem,
1585 2663 1945 2735 laboremque

353 2745 426 2800 ab
452 2745 537 2800 eis
569 2746 822 2818 accipere
852 2747 1103 2819 licebat),
1135 2758 1252 2803 tum
1297 2751 1522 2820 quidem
1567 2753 1705 2806 nihil
1737 2753 1942 2809 factum

357 2838 700 2908 hujusmodi,
727 2839 822 2894 sed
852 2840 1022 2895 semel
1043 2841 1358 2912 iterumque
1390 2858 1586 2898 eorum
1612 2845 1942 2915 legationem

356 2929 617 3001 rejecisse
652 2948 664 2981 :
699 2948 849 2987 nunc
875 2943 1064 2988 autem
1097 2933 1319 3003 quando
1347 2950 1551 2991 nocere
1585 2939 1797 3007 nequit,
1829 2947 1944 2996 tota

2042 2487 2135 2549 τὸς
2174 2485 2385 2539 ἄνωθεν
2437 2484 2664 2547 διέσωζε
2719 2487 2882 2554 χεῖρα
2933 2481 3238 2552 ὑπερέχων,
3321 2481 3374 2534 τί
3423 2479 3628 2533 ἐκώλυε

2049 2577 2280 2648 Κράλην
2313 2576 2481 2645 ἡνίκα
2527 2576 2670 2645 ἔχων
2706 2577 2765 2628 ἐν
2787 2575 2981 2645 χερσὶν
3004 2580 3010 2587 ’
3037 2570 3258 2639 αὐτοὺς,
3310 2571 3404 2626 καὶ
3454 2572 3629 2642 ῥᾷστα

2045 2666 2374 2734 δυνάμενος.
2419 2664 2791 2733 διαφθείρειν;
2834 2665 3012 2715 καίτοι
3046 2679 3108 2731 γε
3144 2661 3328 2732 πολλῷ
3371 2661 3628 2713 πλειόνων

2047 2757 2154 2808 ὑπὸ
2189 2755 2298 2808 τῶν
2338 2755 2406 2807 τὰ
2448 2755 2743 2824 Ῥωμαίων
2797 2753 3144 2806 διοικούντων
3183 2753 3278 2807 καὶ
3330 2755 3626 2822 χρημάτων

2046 2847 2143 2899 καὶ
2175 2844 2384 2898 πόλεων
2427 2845 2849 2916 παρεχομένων,
2880 2845 2916 2898 ἀ.
2943 2845 3054 2914 γὰρ
3113 2843 3271 2896 αὐτοὶ
3320 2843 3436 2896 νυνὶ
3466 2842 3624 2895 κατέ-

2047 2951 2230 3005 χουσι,
2265 2939 2370 2988 καὶ
2395 2933 2476 2986 ἔτι
2505 2933 2692 3005 πολλῷ
2725 2933 2897 2987 πλείω
2928 2935 3075 3003 ἔχειν
3111 2933 3260 3002 ἐξῆν,
3312 2933 3628 3002 πολυπραγ-

359 3029 564 3088 mente,
598 3031 651 3076 et
680 3024 1014 3094 cogitatione
1055 3024 1148 3080 illa
1185 3026 1392 3094 moliri,
1427 3043 1552 3097 quae
1606 3038 1739 3086 tunc
1789 3030 1942 3086 dicto

2050 3029 2367 3099 μονήσαντα
2403 3028 2592 3098 μηδὲν,
2623 3029 2747 3081 τότε
2780 3027 2882 3098 μὲν
2898 3026 3051 3080 οὐδὲν
3081 3028 3343 3097 εῐργαστο
3364 3026 3621 3094 τοιοῦτον,

355 3108 521 3165 citius
542 3108 759 3166 ellicere
785 3112 1078 3182 potuisset.
1110 3113 1267 3170 Unde
1297 3125 1581 3181 constare,
1613 3133 1780 3188 quam
1809 3129 1942 3177 tunc

2049 3118 2188 3173 ἀλλά
2227 3121 2325 3172 καὶ
2353 3118 2504 3182 ἅπαξ
2530 3120 2624 3171 καὶ
2653 3118 2737 3181 δὶς
2768 3117 2904 3188 πρὸς
2931 3119 3034 3187 τὴν
3083 3117 3386 3188 πρεσϐείαν
3416 3119 3621 3188 ἀπηγό-

357 3201 715 3270 probitatem,
744 3203 1156 3274 candoremque
1192 3205 1247 3259 in
1279 3206 1430 3276 ipsos
1462 3222 1574 3276 prae
1611 3224 1672 3264 se
1701 3209 1938 3278 tulisset,

2048 3225 2176 3279 psus
2207 3207 2307 3279 τὴν
2342 3208 2472 3278 παρ’
2499 3209 2706 3273 αὐτῶν,
2741 3211 2867 3262 νυνὶ
2909 3207 2966 3260 δὲ
2993 3210 3082 3261 ὅτε
3122 3209 3385 3278 βλάπτειν
3410 3208 3624 3263 δύναιτο

356 3307 469 3347 non
502 3293 624 3365 ejus
655 3294 886 3378 ingeniil
921 3296 1021 3350 sed
1059 3295 1304 3352 caelestis
1337 3299 1526 3353 auxilii
1560 3299 1757 3356 fuisse.
1783 3302 1942 3359 Nunc

2048 3301 2235 3353 ἐκεῖνα
2272 3300 2540 3370 πράττειν
2594 3301 2879 3371 ἐπιχειρεῖ
2908 3303 3091 3355 πᾶσαν
3145 3300 3390 3354 ἐπίνοιαν
3437 3300 3622 3367 κινῶν,

355 3385 578 3462 quando
613 3386 714 3455 ipsi
753 3386 1111 3443 securitatem
1149 3387 1490 3458 invenerint,
1537 3392 1694 3447 illum
1737 3395 1944 3464 cogita-

360 3477 543 3532 tiones
571 3494 702 3534 suas
727 3481 966 3550 aperire.
1011 3483 1379 3552 Apocauchus
1426 3485 1575 3540 bello
1609 3498 1804 3544 contra
1841 3490 1946 3544 im-

359 3581 676 3639 peratorem
701 3573 1016 3643 desperato,
1046 3577 1335 3634 cuniculos
1369 3593 1554 3651 agere,
1581 3591 1640 3636 ut
1668 3593 1851 3647 antea,
1887 3593 1945 3640 et

357 3663 512 3717 varie
569 3663 804 3719 insidias
860 3665 1087 3722 tendere
1143 3668 1427 3738 instituit;
1475 3672 1544 3726 ad
1592 3673 1946 3732 Berrhuaotas

355 3753 507 3809 enim
531 3754 770 3812 latenter
795 3758 869 3812 ita
887 3758 1134 3828 scripsit,
1153 3760 1310 3818 Scire
1330 3775 1412 3828 se,
1442 3764 1592 3834 ipsos
1615 3781 1725 3820 non
1745 3778 1943 3837 suopte

355 3852 498 3899 nutu
546 3845 614 3902 ad
662 3846 1129 3916 Cantacuzenum,
1165 3867 1518 3910 communem
1567 3856 1942 3914 Romanorum

358 3933 580 3990 hostem
613 3936 977 4010 declaratum,
1017 3951 1073 3996 et
1121 3942 1362 4000 filiorum
1416 3946 1768 4017 imperatoris
1813 3951 1947 4006 insi-

359 4025 655 4092 diatorem,
671 4029 767 4083 sed
790 4031 918 4100 quia
941 4031 1310 4088 Triballorum
1329 4037 1501 4091 armis
1523 4039 1941 4108 premebantur,

358 4117 690 4174 necessitate
727 4120 954 4178 adactos
989 4125 1294 4182 accessisse
1326 4143 1342 4180 :
1378 4127 1604 4198 aliquod
1640 4130 1766 4186 inde
1795 4147 1948 4187 emo-

358 4208 670 4266 Iumentum
695 4213 799 4266 sibi
822 4215 1233 4284 promittentes,
1257 4219 1404 4288 quod
1425 4220 1711 4278 audissent
1727 4223 1944 4280 Cralem

358 4297 541 4355 {cadus
583 4315 711 4358 cum
764 4320 853 4370 eo,
912 4305 1346 4377 societatemque
1397 4311 1692 4382 pepigisse.
1737 4313 1944 4370 Verum

363 4389 508 4446 istuc
541 4407 758 4448 merum
789 4410 1060 4463 errorem,
1097 4415 1164 4455 ac
1200 4401 1502 4456 ludibrium
1548 4403 1750 4472 fuisse;
1787 4407 1944 4462 illum

2045 3392 2083 3446 ἃ
2120 3393 2238 3447 τότε
2273 3393 2527 3462 θᾶττονῆ
2573 3393 2737 3462 ,λόγο,
2787 3393 2937 3463 αὐτῷ
2978 3393 3107 3464 ἐξῆν
3160 3396 3430 3454 ἀνύττειν.
3463 3394 3624 3452 Ὅθεν

2047 3485 2208 3555 δῆλον
2260 3483 2400 3540 εἶναι
2460 3485 2718 3554 ἔφασκον,
2764 3489 2839 3552 ὼς
2909 3487 3032 3541 οὐδὲ
3094 3487 3216 3541 τότε
3275 3487 3369 3541 τοῦ
3419 3491 3640 3558 ἐκεῖνον¹

2046 3575 2214 3645 ἧθους
2242 3579 2275 3646 ἡ
2310 3577 2439 3645 περὶ
2459 3576 2658 3639 αὐτοὺς
2681 3575 3071 3646 εὐγνωμοσύνη
3110 3573 3202 3646 ἦν,
3224 3577 3360 3632 ἀλλὰ
3402 3579 3499 3648 τῆς
3527 3577 3621 3632 τοῦ

2049 3667 2379 3735 Κρείττονος
2431 3667 2775 3739 ἐπικουρίας.
2825 3668 2964 3721 Νυνὶ
2995 3669 3052 3722 δὲ
3099 3670 3188 3723 ὅτε
3241 3672 3301 3726 ἐν
3359 3670 3626 3740 ἀσφαλείᾳ

2051 3759 2404 3813 καθέστασαν
2437 3762 2592 3814 αὐτοὶ
2622 3762 2722 3831 τὴν
2755 3762 2964 3816 οἰκείαν
2985 3761 3214 3834 γνώμην
3248 3766 3486 3835 φανερὰν
3509 3779 3626 3816 ποι-

2049 3851 2147 3904 εῖν.
2172 3851 2518 3922 ’Δπόκαυχος
2548 3853 2604 3905 δὲ
2631 3854 2660 3906 ό
2699 3854 2872 3923 μέγας
2895 3853 3042 3920 δοὺξ,
3082 3855 3208 3908 ἐπεὶ
3237 3855 3334 3926 τὴν
3361 3855 3495 3924 πρὸς
3532 3855 3629 3926 βα-

2051 3940 2206 3994 σιλέα
2230 3943 2413 4012 μάχην
2439 3944 2808 4012 ἀπηγόρευεν,
2833 3945 3057 4013 ἀφανεῖς
3079 3947 3472 4012 ἐπιϐουλεύειν,
3523 3947 3628 4000 ὧσ-

2058 4043 2166 4096 περ
2193 4028 2295 4079 καὶ
2327 4028 2599 4099 πρότερον
2643 4031 2948 4101 ἐπεχείρει,
3009 4032 3106 4084 καὶ
3135 4033 3395 4095 παντοίας
3444 4033 3630 4105 συνέρ-

2033 4121 2261 4196 γραπτεν
2327 4119 2645 4183 ἐπιϐουλάς.
2693 4122 2838 4194 Πρὸς
2899 4123 3009 4194 γὰρ
3053 4124 3394 4195 Βερροιώτας
3444 4124 3627 4194 κρύφα

2051 4210 2302 4280 πέμψας,
2333 4211 2544 4284 ἔγραφε
2594 4215 2841 4270 τοιαῦτα.
2902 4216 2992 4280 Ὠς
3045 4217 3212 4286 είδείη
3281 4218 3381 4286 μὲν
3432 4219 3625 4283 αὐτοὺς

2048 4303 2147 4373 οὐχ
2172 4305 2354 4358 ἑκοντὶ
2389 4307 2928 4378 προσκεχωρηκότας
2967 4307 3429 4380 Καντακουζηνῷ,
3467 4309 3626 4380 κοινῷ

2049 4397 2296 4468 πολεμίῳ
2322 4397 2434 4451 τῶν
2449 4397 2738 4467 Ῥωμαίων
2759 4400 3091 4469 ἀναφανέντι
3125 4401 3220 4452 καὶ
3237 4401 3343 4452 τῶν
3367 4401 3626 4471 βασιλέως

358 4483 563 4554 quippe
586 4485 698 4555 jam
737 4503 849 4542 non
883 4489 1297 4546 dissimulanter
1328 4509 1358 4548 a
1406 4509 1466 4548 se
1513 4505 1774 4563 stantem,
1810 4499 1943 4555 Can-

2053 4485 2326 4558 ἐπιϐούλῳ
2356 4487 2585 4542 παίδων*
2615 4488 2731 4541 ἀλλ’
2765 4489 2870 4541 ὑπὸ
2914 4489 3011 4542 τοῦ
3043 4489 3331 4558 Τριϐαλῶν
3388 4475 3623 4561 πολέμου

360 4585 685 4632 tacuzenum
719 4594 1040 4651 oppugnare
1069 4584 1409 4640 decrevisse.
1433 4588 1636 4656 Quare,
1666 4590 1712 4646 si
1739 4601 1948 4648 mutata

361 4677 546 4723 mente
579 4672 993 4739 communitati,
1036 4684 1093 4728 et
1125 4677 1382 4746 privatim
1421 4661 1525 4734 sibi
1555 4683 1790 4752 quisque
1820 4699 1951 4754 pro-

356 4768 610 4834 spectum
657 4763 832 4817 velint
880 4766 1104 4834 (nempe
1141 4777 1201 4822 ut
1256 4770 1433 4838 ipsum
1486 4769 1794 4843 detineant,
1848 4791 1950 4831 nec

359 4847 661 4905 discrimen
717 4851 960 4924 eﬂ‘ngere
1013 4857 1233 4921 sinant;
1291 4876 1350 4914 se
1402 4863 1552 4917 enim
1606 4863 1763 4919 brevi
1821 4882 1946 4921 cum

360 4940 493 4998 totis
518 4943 693 5011 copiis
715 4945 771 5000 in
801 4946 952 5002 illum
981 4953 1309 5022 moturum),
1342 4955 1750 5012 eonsultissime
1777 4958 1950 5015 factu-

361 5048 487 5100 ros;
521 5035 693 5090 multa
726 5039 898 5103 enim,
929 5048 987 5094 et
1029 5043 1301 5113 exquisita
1346 5055 1460 5099 tum
1501 5046 1580 5100 ab
1601 5049 1949 5107 adolescente

359 5124 693 5195 imperatore
723 5128 959 5196 Joanne,
995 5139 1109 5189 tum
1155 5150 1186 5189 a
1225 5150 1284 5190 se
1336 5135 1604 5193 benelicia
1651 5141 1942 5199 relaturos.

363 5217 421 5273 Si
466 5219 847 5290 obtemperare
883 5224 1217 5291 detrectent,
1263 5227 1532 5299 illumque
1565 5231 1765 5286 animis
1794 5249 1948 5288 com-

364 5310 530 5379 plexi.
559 5327 741 5367 secum
771 5330 1016 5386 pugnare
1045 5317 1341 5383 voluerint,
1372 5321 1564 5390 utique
1597 5337 1664 5377 eo
1695 5327 1948 5383 amentiae

359 5416 769 5472 progressuros,
833 5401 1000 5480 559
1060 5419 1118 5462 ut
1172 5407 1393 5464 demum
1459 5421 1581 5482 post
1649 5419 1946 5474 multarum

355 5496 722 5551 acerbitatum
781 5499 1187 5568 experientiam
1244 5501 1487 5568 discant,
1527 5506 1725 5561 melius
1779 5508 1948 5567 fuisse

359 5589 675 5643 auscultare
728 5605 894 5660 quam
945 5605 1014 5646 eo
1074 5591 1422 5648 miseriarum
1477 5595 1758 5654 devenire.
1813 5601 1948 5657 Ber-

360 5676 593 5734 rbmotae
641 5682 875 5752 epistola
910 5683 1066 5753 prius
1102 5682 1422 5760 imperatori
1455 5697 1698 5752 ostensa,
1740 5693 1822 5748 sic
1857 5713 1946 5751 re-

358 5767 699 5840 scripserunt
721 5789 736 5826 ;
763 5770 920 5830 llaud
946 5771 1172 5838 mirum,
1198 5773 1548 5847 Apocauche,
1573 5780 1718 5849 quod
1743 5795 1942 5841 contra

2052 4578 2412 4644 πιεζομένους
2445 4577 2693 4649 ὠσθῆναι
2716 4580 2810 4632 ἐπὶ
2837 4579 2998 4634 τοῦτο
3051 4579 3122 4632 δι’
3146 4581 3419 4651 ἀνάγκην,
3473 4581 3624 4650 νομί-

2054 4672 2251 4732 σαντα,
2281 4688 2333 4724 τι
2370 4671 2476 4724 ὑπὸ
2519 4672 3107 4742 τούτουάῦφελείσθαι,
3149 4675 3238 4728 διὰ
3291 4673 3354 4726 τὸ
3405 4673 3626 4745 Κρὰλην

2054 4761 2424 4815 πυνθάνεσθαι
2462 4764 2698 4827 σπονδὰς
2721 4763 2867 4835 ἔχειν
2893 4767 3031 4833 πρὸς
3078 4766 3240 4820 αὐτὸν
3271 4770 3366 4820 καὶ
3402 4782 3622 4837 συμμα-

2054 4853 2200 4921 χίαν.
2234 4854 2277 4906 Τ
2280 4853 2407 4907 οῦτο
2433 4855 2489 4908 δὲ
2514 4857 2666 4909 οὐδὲν
2694 4857 2885 4928 ἕτερον
2911 4853 3002 4928 ἦν,
3031 4858 3064 4928 ἢ
3091 4859 3301 4927 ἀπάτη,
3344 4860 3436 4912 καὶ
3467 4875 3625 4927 φενα-

2056 4944 2275 5014 κισμός.
2317 4947 2541 5017 Κράλης
2579 4949 2688 5019 γὰρ
2727 4950 2828 5019 ήδη
2858 4950 3110 5019 φανερῶς
3161 4953 3293 5021 ἡμῖν
3318 4951 3624 5021 προσθέμε-

2050 5054 2160 5104 νος,
2189 5039 2386 5110 ἐκείνῳ
2422 5040 2630 5108 ἔγνωκε
2669 5042 2957 5113 πολεμεῖν.
3009 5044 3071 5096 El
3103 5044 3205 5114 μὲν
3263 5043 3356 5097 οῦν
3390 5045 3627 5114 petemu-

2049 5132 2232 5195 λόντες
2261 5133 2331 5185 τὰ
2357 5135 2511 5202 κοινῇ
2548 5151 2608 5186 τε
2639 5135 2777 5188 πᾶσι
2825 5137 2920 5188 καὶ
2969 5137 3153 5203 σφίσιν
3187 5136 3368 5202 αὐτοῖς
3413 5138 3624 5190 λυσιτεο

1992 5292 2017 5314 .
2051 5217 2248 5275 λοῦντα
2282 5222 2522 5289 ἕλοισθε,
2545 5224 2722 5279 ταῦτα
2744 5225 2806 5279 δέ
2829 5227 2969 5292 ἐστι,
2998 5227 3253 5297 κατέχειν
3280 5227 3490 5293 τοῦτον,
3533 5230 3627 5281 καὶ.

2053 5317 2144 5368 τὸν
2181 5317 2431 5370 κίνδυνον
2478 5319 2556 5388 μὴ
2588 5318 2684 5388 ἑᾷν
2717 5318 3142 5390 διαδιδράσκειν,
3205 5322 3266 5373 οὐ
3299 5320 3478 5390 πολλῷ
3519 5324 3628 5393 γὰρ

2052 5409 2282 5480 ὕστερον
2328 5409 2641 5481 ἀφιξόμεθα
2692 5411 2781 5463 ἐπ’
2824 5413 2986 5465 αὑτὸν
3031 5416 3400 5485 πανστρατιᾷ,
3428 5416 3626 5486 ἄριστα

2051 5506 2415 5576 βουλεύσεσθε
2447 5508 2592 5578 ὑπὲρ
2635 5507 2790 5578 ὑμῶν
2827 5509 3035 5563 αὐτῶν·
3089 5512 3301 5565 πολλῶν
3354 5513 3462 5582 γὰρ
3494 5512 3630 5565 ἀπο·

2050 5601 2280 5656 λαύσετε
2309 5603 2405 5654 καὶ
2464 5601 2721 5670 μεγάλων
2745 5600 2856 5655 τῶν
2895 5603 3047 5672 παρά
3100 5603 3366 5673 βασιλέως
3412 5619 3472 5656 τε
3532 5601 3629 5656 τοῦ

2049 5687 2170 5740 νέου
2241 5686 2337 5738 καὶ
2381 5685 2515 5756 ἐμοῦ
2569 5685 2926 5756 εὐεργεσιῶν.
2964 5689 3066 5741 Ἢν
3133 5687 3479 5759 δ’ἀπειθῆτι,
3534 5687 3629 5741 καὶ

2050 5780 2243 5851 ἐκείνῳ
2284 5777 2705 5851 προστιθέμενοι
2739 5784 2859 5846 ταῖς
2903 5782 3150 5852 γνώμαις
3173 5823 3187 5848 ,
3221 5780 3492 5851 γνώσεσθε
3530 5795 3627 5834 που
