4014 6426
500 312 636 376 166⁸1

1689 311 2010 375 JOANNIS
2059 297 2585 370 CANTACUZEN‘I

3590 285 3716 369 1068'

494 438 806 496 peratorem
837 439 938 494 pro
969 425 1374 481 consuetudine
1413 426 1522 481 illic
1557 433 1818 482 stantem.
1853 433 1911 479 et
1939 437 2071 493 prter

2183 419 2342 473 λιστα
2408 416 2722 488 ἀρλομέψςς
2789 414 2883 484 τῆς
2945 414 3137 478 νυκτὸς
3193 414 3282 468 ἐπί
3313 431 3448 478 τινος
3512 417 3700 474 ἑστάναι
3771 465 3779 474 .

495 523 683 567 sentes
714 514 1085 584 atloquentem
1126 524 1351 584 tangere
1387 525 1565 585 parat.
1598 515 1832 584 Jamque
1885 527 2075 568 arcum

497 614 823 668 curvaturo,
857 609 1056 675 sagitta
1089 624 1282 671 nervo,
1332 608 1683 678 imprudente
1719 607 1813 662 illo
1850 605 2073 660 excidit.

495 700 633 752 Cum
677 699 772 768 qui
824 699 1102 770 delapsam
1155 701 1373 755 toileret
1422 715 1531 753 non
1589 699 1819 753 haberet
1874 695 2079 768 (stabat

498 805 735 860 namque
776 806 942 859 super
977 806 1138 845 muro
1171 791 1341 854 urbis,
1377 799 1434 846 et
1473 791 1642 844 telum
1689 790 1831 843 intra
1864 787 2080 843 cecide-

495 883 604 948 rat)
641 883 860 937 timeret
888 893 1094 945 autem,
1124 898 1191 937 ne
1223 884 1278 937 in
1311 881 1436 937 talis
1466 882 1875 952 machinatione
1905 879 2076 935 scele-

497 974 572 1026 ris
607 974 1143 1042 deprehenderetur,
1175 984 1530 1042 exspectans,
1561 972 1740 1044 quoad
1779 975 2080 1042 imperator

497 1066 875 1133 preteriisset,
911 1066 1129 1120 sublata
1165 1067 1363 1136 sagitta
1411 1071 1634 1119 domum
1679 1064 1974 1128 concessit,
2009 1077 2078 1118 eo

493 1155 680 1206 animo
727 1163 786 1206 ut
827 1155 1088 1223 sequenti
1139 1165 1304 1210 nocte
1357 1155 1572 1210 facinus
1625 1157 1867 1209 iterarct.
1908 1153 2080 1209 Adest

495 1261 624 1306 nox.
664 1261 805 1314 opus
842 1262 1061 1302 rursum
1090 1247 1427 1330 aggreditur,
1461 1263 1586 1302 cum
1619 1249 1785 1302 telum
1821 1247 2080 1303 similiter

495 1352 658 1390 manu
683 1338 954 1408 elapsum,
979 1354 1040 1393 re
1071 1338 1298 1404 infecta,
1330 1339 1608 1394 hominem
1637 1339 2078 1395 remittit.Tertia

495 1440 656 1484 nocte
695 1430 937 1494 rediens,
975 1429 1380 1488 studiosissime
1424 1441 1606 1499 cavet,
1639 1448 1710 1487 ne
1755 1432 1900 1486 idem
1948 1432 2076 1498 sibi,

494 1521 641 1588 quod
696 1521 1034 1590 antegressis
1078 1522 1340 1577 noctibus
1390 1523 1624 1579 accidat.
1670 1521 1943 1578 Tendenti
1987 1537 2078 1577 ar-

491 1626 640 1677 cum,
677 1628 881 1666 nervus
916 1621 1065 1668 totus
1111 1614 1184 1668 ita
1213 1615 1500 1684 aequaliter
1532 1615 1888 1684 dirumpitur,
1940 1621 2001 1670 ut
2031 1613 2078 1670 si

491 1705 675 1758 cultro
707 1715 853 1760 esset
882 1705 1182 1770 dissectus.
1213 1717 1270 1763 et
1306 1717 1448 1770 erat,
1499 1717 1560 1762 ut
1610 1706 1916 1762 afﬁrmabat
1962 1706 2074 1774 ille,

2178 515 2349 568 τόπου
2376 513 2476 581 τὴν
2523 510 2728 580 ἐσθῆτα
2761 507 3058 569 ἀποδύντα,
3118 506 3332 575 εὐφυῶς
3366 507 3494 578 πρὸς
3548 509 3601 560 τὸ
3621 510 3704 579 τὴν

2179 607 2289 660 ἀπὸ
2319 605 2414 660 τοῦ
2468 604 2661 675 θέρους
2715 602 2879 655 ἀλέαν
2934 599 3272 670 καταψύχειν
3303 585 3506 668 ἔχοντα,
3557 596 3705 667 ἐρόἶι

2178 695 2382 750 δύναιτ’
2413 693 2795 764 ἂνβὰλλεσθαι
2820 690 3042 762 ῥᾳδίως.
3091 689 3160 742 ’Δ
3195 688 3433 742 ἐδίδασκε
3460 687 3546 740 τὸν
3579 686 3706 752 τοξό-

2177 806 2279 859 την
2304 791 2537 850 ἐκεῖνον,
2587 787 2710 841 οὐδὲ
2764 784 2930 842 αὑτὸν
2983 784 3075 837 τὸν
3127 787 3290 837 τόπον
3327 781 3626 850 ἀγνοοῦντα.
3655 781 3706 834 '0

2178 878 2258 943 δὲ,
2291 880 2354 932 τὸ
2409 875 2744 933 ἀπολύεσθαι
2783 874 2895 928 τῶν
2946 872 3165 945 δεσμῶν
3236 871 3546 942 ποιούμενος
3600 870 3711 940 περὶ

2181 970 2463 1031 πλείστου,
2500 970 2597 1024 καὶ
2642 967 2752 1022 τῶν
2785 965 3126 1036 εὐεργεσιῶν
3153 965 3215 1018 τὸ
3253 961 3474 1035 μέγεθος
3517 961 3708 1024 ἐννοῶν,

2179 1060 2246 1122 ἃς
2289 1059 2438 1129 αὐτῷ
2468 1058 2841 1129 ἐπηγγέλλετο
2862 1058 2891 1110 ὁ
2920 1057 3098 1127 μέγας
3131 1053 3278 1120 δοὺξ,
3347 1053 3599 1123 ὑπέσχετο
3626 1051 3712 1122 τὴν

2178 1153 2550 1223 ἐπιχείρησιν.
2593 1153 2708 1208 Καὶ
2766 1153 3064 1222 γενόμενος
3123 1152 3182 1205 ἐν
3246 1148 3493 1220 Βερῤοίᾳ,
3546 1146 3714 1209 νυκτὸς

2187 1244 2290 1315 ήδη
2316 1243 2731 1316 ἐπιγενομένης,
2765 1243 2918 1316 παρὰ
2949 1245 3041 1297 τὸν
3061 1243 3226 1296 τόπον
3266 1258 3328 1295 τε
3362 1242 3587 1312 ἐγένετο,
3634 1237 3716 1291 καὶ
3772 1288 3780 1297 ,

2181 1334 2402 1407 βάλλειν
2431 1336 2707 1407 ἐπεχείρει
2733 1334 2956 1405 βασιλέα
2978 1333 3224 1404 συνήθως
3270 1331 3478 1387 ἑστῶτα
3507 1329 3594 1384 καὶ
3620 1329 3716 1392 τοῖς

2185 1424 2407 1478 συνοῦσι
2443 1426 3000 1496 προσδιαλεγόμενον,
3035 1427 3134 1479 καὶ
3163 1423 3412 1495 μέλλοντι
3457 1421 3550 1491 ἤδη
3575 1419 3716 1492 ἔργου

2180 1515 2428 1586 ἔχεσθαι,
2463 1518 2564 1572 καὶ
2584 1516 2782 1570 τείνειν
2836 1517 2898 1570 τὸ
2929 1516 3107 1582 τόξον,
3165 1516 3226 1570 τὸ
3281 1516 3434 1586 βέλος
3489 1515 3715 1580 ἐξέπιπτε

2177 1611 2278 1678 τῆς
2317 1612 2518 1682 νευρᾶς
2543 1609 2728 1663 λαθόν.
2774 1609 3016 1673 Ἐκεῖνος
3052 1609 3110 1662 δὲ
3159 1608 3234 1680 μὴ
3270 1609 3406 1679 ἔχων
3434 1609 3572 1672 ὅπως
3614 1605 3713 1660 avi-

2179 1701 2324 1754 λοιτο
2354 1701 2415 1754 τὸ
2447 1701 2622 1771 βέλος,
2653 1702 2746 1754 ἐπὶ
2772 1700 2866 1755 τοῦ
2905 1701 3121 1770 τείχους
3174 1701 3282 1770 γὰρ
3313 1701 3412 1768 τῆς
3460 1699 3644 1759 πόλεως
3661 1692 3716 1766 ἦν

493 1812 668 1850 novus
714 1798 876 1866 plane
933 1760 1781 1870 ruptuque'difﬁcillimus.Hic
1829 1760 2071 1873 cogitare

2182 1791 2376 1856 ἑστὼς,
2426 1760 2488 1846 τὸ
2513 1760 2934 1847 δὲνκατέπιπτεν
3185 1760 3198 1768 ⁷
3217 1760 3406 1845 ἐδεδίει
3435 1790 3488 1844 δὲ
3524 1790 3592 1860 μὴ
3623 1760 3716 1858 φῶ-

490 1903 506 1936 t
523 1888 681 1955 (epit,
710 1889 950 1944 inaniter
972 1905 1032 1945 se
1059 1891 1334 1956 laborare,
1358 1891 1604 1946 divinam
1629 1892 1924 1962 quamdam
1951 1907 2074 1948 esse

487 1979 775 2046 virtutem,
797 1996 920 2050 qua:
943 1983 1334 2052 imperatorem
1356 1993 1624 2050 tueretur,
1641 1999 1874 2054 quaeque
1891 1983 2070 2054 ipsum

489 2081 600 2123 tam
653 2072 819 2140 impia
874 2072 1168 2128 audentem
1219 2072 1616 2143 frustraretur;
1667 2091 1902 2146 moxque
1943 2091 2072 2131 cum

488 2164 598 2215 telo
638 2171 694 2216 et
727 2179 858 2217 arcu
919 2165 1038 2235 ejus
1069 2164 1303 2234 pedibus
1344 2165 1659 2232 advolutus,
1690 2182 1808 2222 rem
1850 2182 2070 2223 onmem

485 2257 554 2307 ab
614 2255 776 2309 initio
829 2255 1150 2323 confitetur,
1209 2256 1398 2311 multis
1447 2257 1742 2328 promirsis
1789 2273 1820 2312 a
1873 2271 2072 2329 magno

482 2346 627 2399 duce
663 2345 805 2400 male
839 2361 1168 2415 persuasum
1202 2362 1346 2411 esse,
1385 2359 1444 2402 ut
1471 2363 1622 2412 cum,
1665 2349 1710 2403 si
1743 2357 1950 2418 posset,
1985 2349 2072 2403 in-

487 2440 786 2502 terﬁceret,
827 2452 939 2507 quo
971 2449 1134 2508 pacto
1164 2440 1334 2494 telum
1367 2440 1454 2494 bis
1489 2455 1654 2494 manu
1693 2441 1983 2506 exciderit,
2015 2448 2072 2494 et

488 2531 554 2583 ad
581 2540 904 2584 extremum
933 2547 1078 2585 nunc
1104 2547 1308 2586 nervus
1335 2531 1596 2602 diruptus
1621 2532 1714 2595 sit,
1747 2533 1904 2603 cujus
1928 2531 2070 2588 ratio

487 2623 633 2676 nulla
670 2633 872 2692 pateat,
907 2623 1241 2692 veniamque
1273 2635 1449 2695 rogat,
1476 2624 1922 2695 quandoquidem
1957 2640 2070 2680 non

488 2714 660 2783 magis
716 2723 909 2768 contra
972 2715 1369 2784 imperatorem
1427 2731 1595 2786 quam
1644 2726 1835 2771 contra
1885 2717 2066 2788 ipsum

486 2805 660 2859 Deum
713 2820 908 2859 manus
959 2805 1124 2875 impie
1177 2806 1434 2862 moverit.
1485 2806 1544 2863 Si
1577 2807 1744 2862 etiam
1795 2808 2068 2879 supplicio

493 2901 812 2964 damnetur,
840 2901 1084 2954 laturum
1129 2899 1398 2970 quidquid
1446 2899 1748 2971 imperator
1797 2902 2068 2956 meruisse

485 2994 766 3047 statuerit.
802 2992 928 3047 Haec
961 2993 1056 3047 illo
1090 3001 1371 3058 narrante,
1409 3007 1534 3047 cum
1564 2993 1657 3046 alii
1689 3000 1933 3048 astantes
1966 3008 2067 3063 pro

2183 1887 2378 1957 ραθείη
2409 1886 2638 1940 τοιαῦτα
2675 1887 3024 1958 κακουργῶν,
3080 1885 3402 1958 περιμείνας
3447 1884 3570 1955 ἄχρι
3601 1899 3719 1951 παρ-

2181 1978 2358 2032 ελθεῖν
2385 1979 2479 2031 τὸν
2543 1979 2788 2049 βασιλέα,
2849 1979 2914 2033 τὸ
2965 1979 3116 2050 βέλος
3171 1978 3510 2048 ἄνελόμειος,
3563 1973 3717 2029 οἶκαδε

2179 2069 2468 2142 ἀνεχώρει,
2497 2068 2727 2143 γνώμην
2755 2073 2894 2144 ἔχων
2923 2074 2999 2134 ώς
3025 2069 3183 2135 αὖθις
3223 2074 3307 2135 είς
3335 2071 3430 2142 τὴν
3461 2066 3718 2138 ὑστεραίαν

2179 2163 2582 2235 ιπιχειρήσων.
2629 2163 3057 2236 Ἐπιγενομένης
3108 2165 3166 2217 δὲ
3219 2164 3314 2218 καὶ
3361 2161 3458 2228 τῆς
3492 2161 3718 2227 δευτέρας

2179 2262 2399 2327 νυκτὸς,
2435 2259 2648 2324 ἐκεῖνός
2675 2277 2733 2313 τε
2766 2256 2929 2324 αὖθις
2971 2262 3084 2324 τοῖς
3111 2260 3246 2322 ἴσοις
3291 2257 3578 2328 ἐπεχείρει.
3630 2255 3719 2306 Καὶ

2123 2389 2128 2394 ς
2177 2349 2240 2403 τὸ
2276 2350 2433 2419 βέλος
2490 2350 2598 2404 τῶν
2635 2349 2838 2422 χειρῶν
2891 2349 3096 2420 ὁμοίως
3170 2347 3404 2403 ἐκπεσὸν
3471 2349 3720 2415 ἄπρακτον

2177 2442 2356 2497 ἐποίει
2415 2443 2746 2514 ἐπανήκειν.
2791 2443 2950 2497 Ἐπεὶ
2998 2442 3056 2496 δέ
3103 2443 3200 2496 καὶ
3253 2443 3288 2514 ἡ
3338 2441 3490 2512 τρίτη
3546 2437 3721 2510 ﬁxam

2180 2535 2282 2606 μὲν
2343 2535 2545 2606 ἐχώρει
2622 2536 2762 2608 πρὸς
2816 2535 2879 2590 τὸ
2926 2536 3090 2606 ἔργον
3137 2532 3318 2602 αὖθις,
3378 2536 3470 2589 καὶ
3516 2529 3721 2599 σπουδὴ)

2178 2627 2417 2680 ἐποιεῖτο
2444 2625 2726 2696 πλείστην,
2794 2627 2870 2698 μὴ
2902 2627 2970 2681 τὰ
2997 2629 3090 2681 ῐσα
3151 2629 3273 2691 ταῖς
3311 2627 3596 2698 προτέραις
3621 2619 3721 2684 Wa

2183 2717 2400 2784 παθεῖν,
2434 2718 2647 2772 ἕλκοντι
2681 2718 2740 2772 δὲ
2767 2717 2830 2772 τὸ
2879 2718 3033 2784 τόξον
3090 2717 3191 2789 ήδη
3225 2719 3526 2790 ὲρῤήγνυτο
3554 2711 3720 2784 ἀθρόον

2174 2807 2209 2876 ἡ
2262 2807 2450 2877 νευρὰ,
2495 2807 2687 2880 ῶσπερ
2733 2807 2878 2872 τινὸς
2936 2808 3104 2878 αὐτὴν
3153 2807 3521 2880 διατεμόντος·
3558 2800 3620 2875 ἦν
3656 2801 3719 2863 δὲ»

2173 2900 2251 2964 ὡς
2281 2900 2509 2971 ἔφασκε,
2537 2903 2703 2972 καινὴ
2733 2903 2816 2956 ἔτι
2870 2902 2965 2957 καὶ
2997 2903 3439 2973 δυσπαθεστάτη.
3471 2901 3655 2955 Τούτου
3675 2897 3719 2949 δε

2172 2993 2568 3060 γεγενημένου,
2621 2993 2802 3048 ἐννοιά
2858 3011 2942 3058 τις
2982 2994 3146 3048 αὑτὸν
3200 2993 3402 3065 εἰσῄει,
3463 2993 3535 3062 μὴ
3564 2991 3715 3060 μάτην

483 3085 819 3151 imperatore
851 3083 1253 3139 admirabiliter
1275 3093 1601 3139 conservato
1632 3086 1932 3140 immensas
1956 3075 2069 3137 Nu-

2174 3085 2240 3137 τά
2268 3101 2327 3138 τε
2353 3085 2448 3138 νῦν
2479 3085 2574 3140 καὶ
2621 3087 2690 3140 τὰ
2743 3087 2980 3158 πρότερα
3028 3087 3384 3158 γεγενῆσθαι,
3425 3085 3551 3140 ἀλλὰ
3595 3080 3718 3134 θεία)

483 3178 618 3227 tnini
651 3175 858 3245 gratias
884 3176 1142 3246 agebant,
1172 3183 1294 3230 tum
1323 3176 1480 3230 multi
1507 3176 1674 3232 etiam
1705 3177 1760 3231 in
1794 3178 2068 3250 lacrymas

485 3271 880 3336 erumpebant,
913 3268 1287 3338 recogitantes
1313 3269 1524 3339 justum
1557 3269 1652 3323 Dei
1682 3269 1978 3340 judicium,
2013 3279 2068 3324 et

483 3377 647 3428 quam
680 3361 814 3415 nihil
842 3360 1278 3432 lateatejusdem
1310 3361 1754 3430 providentiam;
1791 3363 1907 3430 ipse
1930 3377 2069 3432 quo-

485 3471 595 3524 que
630 3455 936 3524 imperator
969 3437 1258 3524 suspirans
1301 3467 1428 3508 eum
1475 3453 1760 3520 laudabat,
1809 3454 1955 3522 quod
2007 3468 2068 3508 se

483 3557 600 3600 tam
655 3548 891 3618 benigne
940 3547 1009 3601 ab
1066 3547 1336 3619 improbis
1373 3545 1796 3601 insidiatoribus
1857 3553 2070 3600 tutatus

481 3649 633 3695 esset
682 3640 970 3695 llominetn
999 3651 1181 3696 autem
1210 3657 1323 3696 non
1353 3641 1515 3696 venia
1541 3639 1745 3705 solum,
1776 3637 1934 3710 561
1973 3639 2069 3694 sed

481 3732 708 3799 insuper
740 3731 904 3785 denis
951 3731 1336 3802 compluribus
1389 3729 1639 3794 donavit,
1695 3729 1843 3799 quod
1895 3728 2075 3783 admi-

481 3825 655 3876 randa
695 3823 790 3877 Dei
822 3839 1013 3892 opera,
1054 3824 1242 3877 multis
1282 3822 1575 3877 utilitatetn
1609 3821 1736 3876 inde
1762 3822 2073 3892 percipien-

481 3917 605 3967 dum
642 3916 940 3970 invidendo
973 3931 1082 3970 non
1105 3915 1356 3970 celasset.

2171 3180 2291 3231 τινὰ
2317 3177 2548 3248 δύναμιν
2570 3175 2712 3232 εἶναι
2741 3179 2841 3252 τὴν
2879 3181 3231 3252 φρουροῦσαν
3264 3181 3515 3252 βασιλέα,
3563 3173 3643 3245 ὑφ’
3663 3187 3719 3244 ης

2171 3269 2469 3337 σφάλλεται
2500 3270 2687 3337 αὐτὸς,
2703 3271 2968 3336 τοιούτοις
2997 3274 3232 3337 ἀνοσίοις
3259 3273 3446 3344 ἔργοις
3464 3267 3716 3340 ἐγχειρῶν.

2166 3361 2366 3414 αὐτίκα
2399 3379 2458 3415 τε
2485 3365 2545 3415 τὸ
2568 3363 2720 3432 βέλος
2748 3363 2889 3434 ἔχων
2915 3367 3012 3419 καὶ
3040 3365 3100 3419 τὸ
3129 3365 3315 3432 τόξον,
3344 3368 3456 3427 τοῖς
3485 3359 3720 3436 βασιλέως

2168 3453 2512 3523 προσέπιπτε
2537 3456 2688 3520 ποσὶ,
2737 3457 2834 3510 καὶ
2865 3456 3042 3511 πάντα
3069 3457 3169 3511 ὅσα
3221 3457 3468 3530 συμϐαίη
3517 3453 3722 3525 διηγεῖτο

2166 3544 2443 3617 ἀπαρχῆς·
2513 3546 2574 3598 τ’)
2620 3551 3068 3618 παραπεπεῖσθαι
3138 3549 3366 3612 πολλαῖς
3407 3547 3721 3618 εὐποσχέσεσι

2167 3639 2321 3708 παρὰ
2365 3638 2606 3708 μεγάλου
2638 3639 2852 3708 δουκὸς,
2885 3643 2934 3694 εί
2961 3641 3218 3712 δυνηθείη
3251 3643 3480 3696 ἀνελεῖν·
3505 3641 3562 3693 τὸ
3590 3637 3719 3708 βέλος

2168 3728 2245 3790 ὼς
2271 3729 2354 3792 δὶς
2387 3729 2616 3785 ἐκπέσοι
2653 3731 2763 3785 τῶν
2799 3733 3022 3802 χειρῶν,
3070 3732 3165 3786 καὶ
3217 3731 3289 3786 τὰ
3322 3733 3596 3786 τελευταῖα
3643 3724 3721 3777 νῦν

2168 3825 2270 3892 τῆς
2299 3827 2500 3895 νευρᾶς
2527 3826 2628 3896 τὴν
2663 3823 2820 3896 ῥῆξιν
2858 3825 2926 3895 ἣν
2960 3825 3230 3895 ὑποσταίη
3283 3823 3405 3878 κατ’
3425 3821 3604 3876 οὐδένα
3651 3815 3723 3868 λό-

2169 3931 2290 3984 γον,
2321 3918 2417 3970 καὶ
2446 3917 2616 3971 ἐδεῖτο
2646 3919 2978 3987 συγγνώμης
2999 3917 3146 3981 τινὸς
3174 3919 3383 3988 τυχεῖν,
3415 3917 3489 3977 ὡς
3517 3915 3572 3965 ού
3604 3907 3723 3964 κατὰ

481 4009 746 4074 βασιλέως
773 4007 996 4076 μᾶλλον,
1027 4007 1058 4074 ἢ
1081 4005 1222 4057 κατὰ
1235 4003 1370 4057 Θεοῦ
1395 4005 1554 4075 χεῖρα
1570 4005 1756 4060 ἄδικον
1777 4004 2108 4077 κεκινηκώς.
2127 4006 2192 4060 Et
2213 4008 2272 4060 δὲ
2302 4010 2400 4062 καὶ
2427 4010 2698 4079 τιμωρίας
2727 4007 2876 4073 ἄξιος
2904 4007 3145 4078 κριθείη,
3173 4009 3356 4063 πάντα
3369 4008 3534 4061 οἴσειν
3560 4006 3650 4057 ὅσα
3667 4000 3722 4053 ἂν

479 4101 736 4173 βασιλεὺς
769 4101 1160 4170 ἐπιψηφίσαιτο
1187 4096 1261 4160 ὡς
1281 4095 1488 4152 δίκαια.
1513 4097 1751 4153 Τοιαῦτα
1772 4100 2135 4170 διηγουμένου
2167 4100 2261 4154 τοῦ
2311 4101 2624 4173 ἀνθρώπου,
2656 4101 2709 4156 οἶ
2730 4119 2789 4156 τε
2811 4102 2960 4156 ἄλλοι
2991 4101 3044 4155 oi
3081 4102 3350 4172 παρόντες
3383 4099 3698 4170 πολλὰςὴφίε

482 4215 582 4252 σαν
609 4196 792 4272 φωνὰς
839 4192 1290 4264 εὐχαριστηρίους
1323 4191 1440 4263 Θεῷ
1461 4193 1554 4246 ἐπὶ
1581 4196 1648 4264 τῇ
1680 4193 1974 4264 παραδόξῳ
2006 4194 2100 4248 τοῦ
2134 4194 2400 4265 βασιλέως
2427 4196 2696 4266 σωτηρίᾳ,
2733 4179 2920 4249 πολλοὶ
2945 4197 3004 4251 δέ
3031 4197 3126 4250 καὶ
3158 4199 3238 4260 είς
3265 4197 3470 4267 δάκρυα
3499 4191 3719 4267 φανερῶς

481 4300 763 4367 ἐνήγοντο,
801 4292 882 4355 είς
929 4291 1141 4344 ἔννοιαν
1169 4291 1461 4362 ἐρχόμενοι
1492 4289 1593 4358 τῆς
1621 4290 2026 4360 δικαιοκρισίας
2045 4291 2142 4345 τοῦ
2176 4291 2336 4356 Θεοῦ,
2385 4291 2484 4345 καὶ
2508 4293 2584 4354 ὡς
2611 4291 2767 4345 οὐδὲν
2787 4291 2897 4345 τῶν
2934 4292 3105 4346 ὄντων
3129 4292 3324 4362 λέληθε
3351 4293 3446 4366 τὴν
3477 4293 3708 4364 πρόνοιαν

483 4386 673 4442 αὑτοῦ·
699 4383 797 4438 καὶ
833 4382 1253 4454 βασιλεὺςαίηδς
1277 4383 1416 4452 μετὰ
1443 4381 1763 4451 στεναγμῶν
1783 4381 2054 4452 ὡμολόγει
2081 4383 2314 4455 χάριτας
2352 4383 2555 4447 πολλὰς
2585 4382 2731 4454 Θεῷ,
2754 4383 2837 4436 ὅτι
2861 4382 3006 4438 οὕτω
3042 4383 3426 4456 φιλανθρώπου
3447 4385 3623 4456 ῥύεται
3663 4379 3718 4432 ἑκ

482 4485 595 4536 τῶν
625 4481 828 4544 ἀδίκως
861 4477 1346 4534 ἐπιϐουλευόντων.
1381 4477 1488 4529 Τὸν
1531 4475 1590 4529 δὲ
1637 4475 1930 4546 ἄνθρωπον
1971 4479 2034 4531 ού
2074 4478 2408 4547 συγγνώμης
2465 4479 2618 4548 ⁴ίιξίου
2655 4479 2835 4549 μόνον,
2869 4479 3007 4534 ἀλλὰ
3037 4479 3131 4532 καὶ
3155 4478 3376 4549 δωρεῶν
3406 4478 3622 4540 πολλῶν,
3646 4476 3716 4528 ὅτι

478 4578 560 4646 ,μὴ
603 4573 943 4642 συνέκρυπτε
998 4570 1065 4624 τὰ
1099 4568 1195 4622 τοῦ
1248 4566 1385 4620 Θεοῦ
1432 4565 1739 4634 παράδοξα,
1791 4567 2070 4638 φθονήσας
2107 4572 2222 4633 τοῖς
2247 4569 2464 4633 πολλοῖς
2497 4570 2596 4640 τῆς
2617 4569 2906 4640 ὠφελείας.

1904 4709 2134 4767 CAPUT
2174 4711 2334 4768 LXII.

485 4811 822 4873 Consultatio
862 4809 1183 4882 Apocattchi.
1216 4806 1426 4882 Duplex
1453 4808 1715 4882 :ententia
1755 4806 2116 4882 Menemachi.
2150 4812 2328 4867 litaret
2358 4829 2580 4882 magnus
2605 4812 2737 4874 dux,
2787 4821 2838 4866 et
2888 4811 3254 4882 revertendum
3283 4806 3708 4882 statuit.__i_’t1frum

550 4886 721 4936 denuo
759 4877 1095 4934 Monomaclti
1125 4878 1428 4933 consilium.
1472 4878 1762 4932 Persarum
1797 4880 1940 4948 apud
1984 4881 2292 4936 Berrltaeam
2341 4877 2648 4936 latrocinia.
2699 4882 3100 4937 Cantacuzenus
3134 4881 3349 4936 ducibus
3395 4877 3711 4933 stoliditatem

465 5012 474 5018 _
555 4954 754 5020 objicit.
792 4949 1082 5024 Castellum
1113 4961 1349 5011 captum.
1374 4947 1688 5024 _Crudelitas
1717 4947 2022 5020 Apocauchi
2055 4953 2112 5004 in
2147 4951 2474 5006 Theodorum
2517 4952 2972 5024 Pepagomenum.
3009 4949 3292 5006 Obscurius
3314 4968 3346 5004 α
3369 4950 3709 5004 Cantacttzcno

552 5024 678 5076 dicti
710 5022 988 5092 expositio.
1019 5020 1172 5074 Mare
1200 5021 1512 5075 custoditur.

453 5227 458 5230 ,
554 5165 783 5236 Magnus
809 5163 918 5219 dux
940 5171 1002 5219 ut
1034 5172 1090 5219 et
1122 5163 1222 5218 has
1250 5163 1317 5218 ab
1361 5178 1420 5218 se
1450 5177 1707 5233 perverse
1734 5167 2067 5237 excogitatas

2246 5167 2382 5232 Δοῖδξ
2405 5167 2461 5221 δὲ
2490 5167 2518 5220 ὁ
2546 5167 2718 5237 μέγας
2744 5167 2869 5220 ἐπεὶ
2895 5165 3056 5236 μάθοι
3083 5165 3178 5220 καὶ⁹
3205 5163 3404 5233 ταύτην
3434 5162 3707 5243 ἐσκαιωρη·

486 5259 715 5312 insidias
743 5258 796 5311 in
829 5256 1047 5310 irritum
1071 5254 1340 5310 cecidisse
1365 5253 1525 5318 vidit,
1549 5267 1674 5308 cum
1700 5254 2068 5313 familiaribus

2173 5261 2338 5330 μένην
2367 5259 2467 5329 τὴν
2508 5257 2825 5326 ἐπιϐουλὴν,
2853 5257 3169 5312 ἐϐουλεύετο
3200 5256 3339 5328 μετὰ
3376 5250 3482 5306 τῶν
3534 5241 3702 5299 συνόν-

487 5354 619 5421 quid
634 5351 860 5415 faceret,
876 5348 1172 5415 consilium
1193 5346 1404 5400 habuit.
1423 5344 1648 5415 Magnus
1664 5348 2066 5410 contostaulus,

487 5445 752 5512 quoniam
777 5456 898 5510 qua:
929 5439 996 5493 de
1036 5454 1171 5510 pace
1219 5447 1347 5492 ante
1378 5437 1707 5508 disputarat,
1756 5453 1951 5508 parum
1984 5440 2063 5494 illi

484 5533 738 5586 arrisisse
786 5531 1152 5599 intelligebat,
1181 5527 1319 5581 ultra
1349 5528 1470 5598 ejus
1503 5528 1822 5583 meminisse
1868 5542 2062 5598 super-

487 5625 652 5687 se'dit,
689 5633 990 5692 auctorque
1028 5623 1151 5688 fuit,
1185 5631 1247 5675 ut
1290 5623 1373 5676 vel
1403 5621 1807 5677 Thessalonicae
1861 5621 2060 5678 seden-

2167 5366 2296 5415 των,
2341 5351 2370 5404 ὃ
2398 5366 2451 5403 τι
2483 5350 2592 5403 δέοι
2649 5349 2932 5420 πράττειν.
2998 5347 3320 5418 Μονομάχος
3373 5344 3429 5400 δὲ
3478 5342 3506 5394 ό
3552 5337 3703 5420 μέγας

2165 5441 2574 5506 κοντοσταῦλος,
2623 5419 2746 5495 ἐπεὶ
2799 5443 3066 5512 πρότερον
3121 5440 3250 5511 περὶ
3297 5435 3512 5507 είρήνης
3559 5419 3705 5479 πολλά

2162 5531 2485 5604 διαλεχθεὶς,
2519 5531 2662 5599 ἔγνω
2697 5532 2774 5604 μὴ
2811 5519 2934 5586 καθ’
2969 5531 3162 5603 ἡδονὴν
3209 5527 3333 5590 τοὺς
3386 5524 3574 5614 λόγους,

2162 5630 2218 5678 at".
2247 5625 2322 5695 τῷ
2361 5624 2581 5695 μεγάλῳ
2609 5624 2958 5695 γεγενῆσθαι,
2991 5622 3120 5694 περὶ
3161 5622 3379 5693 εἰρήνης
3409 5615 3504 5684 μὲν
3533 5610 3587 5663 τὸ
3607 5607 3705 5658 δεύ-

483 5725 570 5772 tcs
614 5718 832 5771 occulte
880 5732 1002 5769 cuin
1039 5715 1400 5786 optimatibus
1441 5714 1792 5784 imperatoris
1817 5725 2063 5784 agerent,

2173 5733 2347 5802 τερον,
2364 5717 2486 5801 φὺέὲ
2511 5714 2857 5802 ἐπεμνήσθη,
2891 5713 3238 5798 συνεϐούλευε
3264 5710 3318 5764 δέ
3334 5707 3368 5776 ἢ
3395 5697 3695 5792 καθημένους
