4014 6430
423 323 556 395 10θο

1603 308 2152 393 ms'romin'un
2192 328 2428 391 LIBER
2470 316 2589 390 ni.

3552 322 3694 388 1070

419 452 478 506 ιν
501 447 872 522 Θεσσαλονίκῃ
937 448 1126 522 κρύφα
1155 446 1522 517 διαλέγεσθαι,
1552 447 1649 503 καὶ
1674 447 2011 518 διαφθείρειν

2128 457 2317 515 ξοειιιιο
2339 453 2790 514 corrumperent,
2818 442 2965 513 quod
2989 441 3193 513 alioqui
3217 439 3367 520 longi
3429 441 3700 510 temporis

421 543 549 604 τοὺς
617 541 878 604 συνόντας
927 542 1159 613 βασιλεῖ,
1217 540 1302 610 ἐφ’
1333 535 1416 604 οἷς
1463 539 1660 594 πολλοῦ
1704 557 1767 594 τε
1806 540 2001 611 χρόνον

421 633 519 687 καὶ
562 633 817 703 μεγάλων
844 633 1128 704 δεήσονται
1189 633 1588 701 ἀναλωμάτων,
1642 633 1678 703 ἢ
1728 632 1779 684 εί
1828 631 2005 684 ταῦτα

417 723 653 795 δυσχερῆ
688 723 778 777 διὰ
810 723 912 794 τὴν
937 723 1149 779 ἔνδειαν
1187 724 1298 777 τῶν
1339 724 1662 795 χρημάτων,
1693 738 2009 794 παρασκευέ

418 817 726 884 ασαμένους
762 816 900 869 ίέναι
932 815 1021 869 ἐπ’
1063 817 1290 879 ἐκεῖνον,
1314 815 1390 878 ὡς
1426 819 1484 868 ἐν
1511 814 1687 887 ταύτῃ
1733 818 1798 885 τῇ
1855 815 2003 885 μάχῃ

421 925 485 960 ιτε
498 911 554 976 pi.
585 907 696 960 τῶν
729 907 868 960 ὅλων
900 907 1394 976 διαγωνισαμένους
1430 907 1568 976 πρὸς
1596 906 1782 960 αὐτόν.
1834 905 2006 958 Ἐκεῖ-

421 1015 513 1050 νον
543 998 656 1068 γάρ
686 998 888 1052 εἰδέναι
921 999 1022 1052 οὐκ
1052 1000 1120 1052 ἂν
1149 999 1600 1067 ἀποστησάμενον
1642 999 1742 1067 τῆς
1806 997 2008 1067 μάχης,

419 1087 540 1140 οὐδὲ
597 1088 978 1156 ὐπομενοῦντα
1053 1089 1254 1158 τειχῶν
1339 1087 1491 1150 me;
1567 1087 2009 1158 πολιορκεῖσθαι,

423 1176 529 1231 κᾶν
555 1177 721 1248 εἰδείη
755 1179 850 1231 καὶ
881 1177 1196 1246 σαφέστατα
1227 1175 1448 1248 ἐκείνην
1481 1175 1582 1247 τὴν
1638 1176 1851 1245 ἡμέραν
1909 1192 2012 1245 μα-

421 1270 652 1338 χόμενος
681 1268 993 1334 πεσεῖσθαι,
1053 1267 1288 1338 μάλιστα
1342 1267 1812 1336 ἐπαγγειλάμενον
1876 1268 2014 1334 μετά

421 1358 616 1428 τρίτην
651 1359 866 1429 ἡμέραν
895 1360 988 1412 ἰπὶ
1019 1359 1080 1412 τὺ
1105 1358 1382 1430 ἡμέτερον
1427 1357 1582 1429 ἧξειν
1643 1357 2016 1428 στρατόπεδον

426 1450 790 1521 μαχούμενον.
821 1452 886 1504 Οί
921 1451 1020 1520 μὲν
1055 1451 1152 1505 οὖν
1200 1452 1351 1506 ἄλλοι
1381 1452 1582 1514 πάντες
1635 1450 2011 1521 συνεπεψηφί·

432 1542 608 1620 Ceno,
644 1543 741 1596 καὶ
769 1543 882 1597 οὐδ’
909 1544 1065 1598 αὐτοί
1086 1561 1141 1597 τι
1167 1543 1375 1598 τούτων
1405 1543 1575 1615 χωρὶς
1597 1543 1861 1614 πράττειν
1885 1544 2017 1611 εφαι-

431 1652 532 1690 σαν
563 1635 843 1704 προσῆκον
866 1629 1026 1690 εἶναι.
1075 1634 1168 1706 Τῷ
1197 1637 1419 1706 μεγάλῳ
1443 1637 1500 1690 δὲ
1527 1635 1679 1688 δουκὶ
1731 1634 1768 1703 ἦ
1817 1650 1877 1685 τε
1911 1634 2016 1702 μά-

425 1745 496 1797 χη
534 1728 743 1800 φοϐερὰ
767 1729 967 1792 ἐδόκει,
994 1728 1090 1782 καὶ
1117 1730 1181 1782 τὸ
1211 1727 1511 1800 διατρίϐειν
1544 1730 1602 1782 ἐν
1640 1726 2015 1797 Θεσσαλονίκῃ

2112 546 2168 590 et
2225 535 2507 590 immodici
2563 544 2820 599 sumptus
2879 551 2968 590 res
3017 535 3203 589 futura
3255 533 3346 598 sit,
3381 534 3463 587 vel
3514 534 3559 588 si
3594 533 3702 587 hoc

2110 627 2335 683 difﬁcile
2364 627 2640 693 videatur,
2671 645 2800 684 cum
2841 628 3096 698 pecuniis
3149 627 3252 698 ipsi
3301 627 3697 687 destituuntur,

2117 735 2238 775 sese
2269 719 2324 774 in
2362 736 2490 774 eum
2546 729 2894 790 comparent,
2931 728 2987 774 et
3016 735 3129 774 uno
3169 717 3458 792 przeliode
3487 733 3698 772 summa

2113 814 2330 882 imperii
2379 827 2505 868 cum
2557 828 2626 868 eo
2678 812 2966 866 dimicent.
2996 811 3171 866 Nosse
3219 810 3364 864 enim
3418 800 3496 872 se,
3549 809 3701 862 illmn

2121 920 2358 974 pugnam
2385 919 2495 958 non
2527 902 3053 973 subterfugiturum,
3091 919 3271 971 neque
3305 916 3364 954 sc
3397 901 3543 954 intra
3581 917 3704 952 mu-

2115 1009 2206 1048 ros
2266 994 2506 1050 obsideri
2532 1009 2846 1064 passurum,
2871 993 3088 1049 etiamsi
3130 993 3221 1048 illo
3253 992 3372 1062 ipso
3407 991 3499 1046 die
3522 1005 3580 1044 se
3613 1006 3706 1044 ca-

2117 1099 2306 1138 Snrum
2331 1085 2775 1154 exploratissimo
2799 1085 2962 1149 sciat,
2993 1085 3227 1140 maxime
3256 1099 3380 1138 cum
3414 1091 3539 1150 post
3561 1083 3706 1135 diem

2119 1176 2342 1230 tertium
2370 1178 2436 1230 ad
2479 1191 2670 1230 eorum
2721 1187 2898 1232 castra
2935 1187 3228 1232 ventorum
3287 1176 3704 1229 conﬂicturum-

2118 1283 2226 1336 qne
2251 1268 2590 1337 promiserit.
2623 1270 2723 1324 ilic
2749 1271 2837 1324 alii
2870 1285 3066 1325 omnes
3093 1270 3354 1326 assentiri
3417 1277 3473 1323 et
3501 1269 3706 1322 conﬁr-

2119 1373 2308 1424 mare,
2367 1359 2531 1415 aliter
2585 1361 2886 1431 quidQuatn
2939 1363 3026 1432 agi
3087 1362 3316 1415 minime
3379 1361 3704 1415 convenire.

2128 1449 2325 1520 Magno
2368 1461 2558 1507 autem
2593 1452 2722 1507 duci
2759 1461 2815 1506 et
2845 1454 3016 1507 armis
3049 1468 3386 1509 concurrere
3414 1453 3707 1518 horribile,-

2117 1553 2175 1597 et
2197 1543 2603 1600 Thessalonica
2633 1545 2731 1599 diu
2770 1545 3003 1610 haerere,
3035 1545 3250 1614 magnis
3283 1559 3350 1599 ac
3378 1544 3710 1598 necessariis

2121 1635 2398 1691 defectum
2422 1637 2742 1708 sumptibus
2761 1636 3133 1702 intolerabile,
3155 1645 3212 1691 et
3237 1636 3385 1692 nulla
3411 1651 3469 1690 re
3489 1637 3710 1704 penitus

2123 1729 2358 1800 alicujus
2403 1729 2665 1784 momenti
2700 1738 3016 1799 perpetrata
3052 1729 3276 1793 reverti,
3313 1727 3552 1782 infamia!
3596 1727 3713 1797 plc-

380 1819 386 1826 ’
437 1821 629 1890 χρόνον
686 1821 860 1874 πολὺν
911 1822 1002 1876 διὰ
1038 1822 1100 1876 τὸ
1141 1821 1251 1875 τῶν
1289 1821 1686 1890 ἀναλωμάτων,
1730 1816 1806 1874 ὧν
1846 1819 2015 1872 ἐδεῖτο

2128 1834 2256 1872 num
2319 1819 2627 1876 videbatur.
2687 1821 2880 1876 Potius
2947 1829 3132 1875 tamen
3186 1819 3580 1875 declinandum
3640 1831 3710 1872 ex

399 4327 406 4337 ο

393 4346 415 4453 .i

407 4525 428 4583 λ

410 4717 424 4734 ε

424 1911 628 1981 πλῆθος
652 1913 754 1966 οὐκ
781 1913 1029 1980 ἀνεκτὸν,
1066 1914 1162 1966 καὶ
1205 1913 1270 1967 τὸ
1319 1913 1488 1983 μηδὲν
1532 1912 1670 1976 ὅλως
1721 1909 2017 1974 δοκοῦντας

426 1998 577 2070 ἄξιον
637 2005 799 2074 λόγου
857 2006 1208 2077 πεπραχότας
1271 2005 1633 2078 ἀναστρέφειν
1699 2005 2017 2074 αἴσχιστον.

445 2095 732 2149 Ἐϐούλετο
756 2095 814 2149 δὲ
846 2095 1082 2164 μάλιστα
1109 2096 1172 2151 τό
1204 2106 1264 2150 τε
1293 2094 1722 2150 διακινδυνεύειν
1747 2095 1887 2165 πρὸς
1918 2093 2017 2164 βα-

434 2185 589 2240 σιλέα
618 2187 1029 2258 παραιτεῖσθαι,
1061 2187 1158 2241 καὶ
1183 2187 1486 2258 πρόσχημα
1516 2198 1568 2240 τι
1597 2185 1837 2253 εὐδοξίας
1869 2185 2019 2256 ἔχονο

426 2295 500 2332 τα
546 2279 886 2333 ἐπανελθεῖν.
945 2278 1270 2350 Μονομάχος
1335 2278 1392 2332 δὲ
1444 2278 1544 2348 τῆς
1585 2277 1753 2332 αὑτοῦ
1783 2276 2020 2340 διανοίας

427 2370 986 2441 καταστοχασάμενος
1029 2370 1238 2436 καλῶς,
1271 2368 1439 2441 ἤρετο
1481 2370 1532 2422 εἰ
1577 2367 1676 2422 καὶ
1727 2369 1890 2433 αὐτὸς
1920 2369 2020 2421 αὐ-

427 2465 540 2525 τοῖς
574 2461 816 2532 βούλοιτο
846 2465 1086 2517 συνεῖναι
1112 2462 1207 2516 καὶ
1241 2463 1594 2532 στρατηγεῖν,
1627 2460 1724 2516 τοῦ
1755 2462 1816 2515 δὲ
1860 2463 2022 2514 ἀπει-

429 2557 700 2626 παμένου,
728 2555 964 2622 Οὐκοῦν,
1003 2555 1263 2625 ἔφασκεν,
1301 2556 1350 2607 εί
1383 2557 1481 2607 καὶ
1512 2554 1597 2608 σοὶ
1630 2553 1898 2617 συνδοκεῖ,
1921 2553 2022 2622 τὴν

433 2646 698 2719 στρατιὰν
733 2646 874 2717 ἔχων
921 2645 1107 2712 αὐτὸς,
1164 2644 1502 2714 ἐλευσόμεθα
1545 2645 1678 2718 ἄχρι
1730 2645 2020 2717 Βερροίας.

431 2741 526 2794 καὶ
562 2741 702 2811 μήτε
752 2731 1363 2809 στρατοπεδευσάμενοι
1392 2736 1584 2806 ἔγγὺς,
1617 2737 1759 2807 μήτε
1791 2736 1900 2790 τῶν
1926 2736 2020 2790 ῐπ·

431 2848 548 2886 πων
574 2831 900 2895 ἀποϐάντες,
934 2829 1072 2884 ἀλλὰ
1127 2829 1327 2900 μικρὸν
1369 2827 1836 2900 ἐνδιατρίψαντες,
1865 2830 2021 2898 τάχιο

433 2940 536 2978 στα
565 2925 1016 2995 ἀναχωρήσομεν.
1049 2921 1206 2976 Οὖτω
1243 2923 1352 2993 γὰρ
1403 2921 1506 2992 τήν
1536 2937 1597 2974 τε
1652 2921 1836 2992 μάχην
1883 2923 2022 2992 ἡμῖν

431 3016 702 3069 ἐκκλίνειν
748 3015 1074 3086 περιέσταιο
1102 3013 1164 3067 ού
1199 3013 1312 3085 γὰρ
1352 3014 1580 3083 ἀρκέσει
1619 3029 1686 3082 γε
1747 3015 1776 3066 δ
1829 3014 2022 3084 χρόνος

432 3111 548 3171 τοῖς
581 3105 868 3177 πολεμίοις
916 3104 1505 3178 παρασκευασαμέναις
1553 3105 1790 3169 ἐπιέναι,
1817 3106 1916 3178 τήν
1957 3121 2019 3157 τε

436 3199 654 3264 ἀδοξίαν
717 3198 1122 3272 ἀποτρίϐεσθαι
1185 3200 1299 3261 τοῖς
1363 3196 1644 3268 πολεμίοις
1709 3196 2021 3264 ἐπελθοῦσι,

432 3293 531 3346 καὶ
565 3291 825 3363 ποιήσασι
847 3293 1148 3363 τειχήρεις.
1183 3289 1344 3346 Οὕτω
1377 3289 1478 3360 μὲν
1508 3288 1602 3344 οὖν
1623 3289 1654 3343 δ
1697 3290 2025 3361 Μονομάχος

435 3380 616 3452 εἶπενο
653 3384 854 3457 ἀρίστη
889 3384 946 3438 δὲ
982 3383 1061 3454 τῷ
1098 3383 1321 3454 μεγάλῳ
1350 3381 1506 3436 δουκὶ
1548 3381 1807 3452 ἐφαίνετο
1830 3381 2028 3452 ήγνὼ-

441 3494 539 3546 μη,
578 3477 676 3531 καὶ
728 3474 1102 3548 ἐπεψηφίζετο
1157 3476 1381 3540 αὐτίκα,
1418 3476 1517 3530 καὶ
1566 3476 1961 3546 ἐχειροτονεῖτο
1998 3475 2028 3528 δ

435 3568 763 3639 Μονομάχος
799 3567 894 3620 ἐπὶ
926 3569 1064 3621 πᾶσι
1092 3567 1422 3638 στρατηγός.
1465 3567 1564 3630 Ὃς
1617 3567 1721 3638 τήν
1744 3583 1805 3619 τε
1853 3565 2027 3636 πεζὴν

436 3659 558 3731 ἅμα
599 3660 694 3713 καὶ
723 3660 823 3729 τὴν
859 3659 1091 3730 ἱππικὴν
1135 3658 1425 3729 Ῥωμαίων
1455 3657 1597 3728 ἔχων
1646 3657 1902 3728 δύναμιν,
1929 3658 2025 3725 ἑγ-

437 3751 539 3819 γῦς
574 3749 774 3820 τειχῶν
804 3751 1026 3819 ἐγένετο
1054 3750 1342 3822 Βερῤοίας,
1400 3749 1529 3804 ὅσον
1553 3749 1630 3822 μὴ
1653 3749 1765 3805 ἀπὸ
1792 3748 1888 3803 τοῦ
1915 3748 2027 3802 τεί-

438 3859 568 3913 χους
603 3841 935 3912 βάλλεσθαιο
976 3841 1036 3895 τὸ
1095 3840 1369 3910 Περσικὸν
1419 3840 1479 3895 δὲ
1525 3839 1878 3895 διεσκέδαστο
1932 3841 2027 3894 ἐπὶ

438 3931 771 4002 λεηλασίαν·
805 3932 901 3985 καὶ
928 3933 984 3985 ὲν
1013 3931 1201 4002 ἡμέρᾳ
1252 3932 1353 4003 μιᾷ
1409 3931 1511 4002 τὴν
1576 3933 1705 4002 περὶ
1764 3931 2029 4004 Βέρῤοιαν

441 4025 662 4080 ἃπασαν
697 4023 897 4093 ἐπῆλθε
943 4025 1068 4093 γῆν,
1127 4023 1224 4077 καὶ
1253 4022 1348 4076 ’τὰ
1409 4023 1648 4090 μέγιστα
1703 4022 2025 4094 ἐκάκωσεν·

441 4117 761 4187 ἀνθρώπους
794 4135 856 4171 τε
885 4116 997 4188 γὰρ
1049 4113 1515 4187 ἠνδραποδίσαντο
1558 4117 1655 4169 καὶ
1699 4115 2029 4168 ἀπέκτειναν

443 4210 695 4276 πολλοὺς,
724 4211 818 4264 καὶ
843 4208 1211 4280 βοσκημάτων
1257 4207 1468 4279 ἧλασαν
1517 4205 1746 4274 ἀγέλας,
1797 4207 1894 4260 καὶ
1947 4208 2029 4259 oi-

444 4301 572 4364 κίας
594 4301 910 4368 ὲνέπρησαν
933 4298 1034 4362 τὰς
1062 4298 1156 4352 ἐπὶ
1180 4298 1279 4360 τὰς
1324 4297 1543 4366 κώμας,
1569 4297 1663 4350 καὶ
1704 4295 1815 4351 τῶν
1849 4295 2028 4352 ἄλλων

444 4395 543 4447 ὅσα
576 4394 849 4464 προσήκει
872 4390 1192 4462 πολεμίους,
1221 4388 1436 4452 οὐδενὸς
1478 4387 1742 4465 ⁴ἠμέλουν.
1763 4387 2030 4450 Βασιλεὺς

2125 1909 2388 1966 conflictu
2419 1912 2728 1981 periculum
2753 1951 2770 1978 ,
2803 1918 2864 1966 et
2899 1927 3024 1965 cum
3056 1911 3287 1966 obtentu
3319 1909 3555 1980 quodam
3587 1910 3709 1981 glo-

2125 2004 2221 2058 riae
2250 2004 2648 2058 revertendum
2701 2003 3103 2059 constituebat.
3151 2003 3547 2057 Monomachus
3587 2003 3710 2072 ejus

2121 2094 2490 2164 cogitationes
2511 2095 2830 2165 conjectura
2847 2094 2990 2149 bene
3013 2103 3323 2158 assecutus,
3357 2093 3554 2162 ecquid
3576 2093 3711 2163 ipsis

2121 2184 2316 2240 adesse
2361 2195 2418 2239 et
2463 2201 2667 2241 munus
2719 2186 2884 2242 ducis
2935 2185 3088 2256 (ungi
3169 2186 3714 2255 vellet,pcrcuncta-

2125 2279 2308 2332 batur.
2344 2277 2466 2342 Quo
2493 2279 2798 2344 abnuente,
2827 2279 3001 2350 Igitur
3043 2279 3089 2333 si
3118 2277 3340 2348 probas,
3365 2275 3566 2346 inquit,
3603 2290 3705 2346 ego

2121 2371 2426 2426 exercitum
2457 2371 2654 2426 ducam
2680 2412 2696 2438 ,
2747 2381 2804 2427 et
2851 2371 2943 2427 ubi
2972 2371 3292 2426 Berrltmam
3338 2372 3661 2425 venerimus
3684 2407 3704 2434 ,

2125 2476 2304 2530 neque
2338 2461 2570 2532 propius
2599 2471 2781 2517 castra
2834 2461 3172 2543 locabimus,
3215 2476 3397 2531 neque
3431 2459 3501 2516 ab
3551 2459 3713 2530 equis

2123 2553 2550 2618 descendemus,
2598 2553 2696 2610 sed
2745 2555 2974 2626 paulum
3020 2553 3223 2609 ibidem
3257 2553 3480 2619 morati,
3526 2553 3712 2607 statim

2125 2645 2450 2701 recedemus
2484 2662 2499 2700 :
2527 2646 2610 2702 sic
2635 2649 2786 2702 enim
2816 2646 3041 2701 dabitur
3071 2646 3232 2700 nonis
3265 2644 3517 2714 prelium
3537 2641 3715 2697 decli-

2127 2749 2259 2790 nare
2291 2735 2424 2806 (non
2459 2735 2608 2791 enim
2651 2746 2872 2808 tempus
2906 2736 3051 2791 hosti
3105 2735 3173 2790 ad
3201 2751 3266 2791 se
3329 2734 3717 2790 instruendum

2124 2841 2338 2898 nosque
2393 2827 2739 2884 invadendos
2781 2828 3048 2898 sulliciet)
3076 2838 3135 2884 et
3178 2828 3492 2899 ignmniniaa
3535 2827 3716 2882 labem

2126 2918 2417 2988 repellere,
2449 2927 2649 2988 utpote
2683 2919 2778 2989 qui
2834 2919 2902 2974 ad
2955 2919 3144 2975 hostes
3200 2919 3624 2984 accesserimus,
3662 2925 3722 2974 ct

2127 3006 2270 3060 intra
2314 3023 2502 3063 muros
2537 3024 2596 3064 se
2635 3017 2820 3064 tenere
2841 3010 3205 3080 coegerimus.
3237 3009 3504 3082 562$ic
3531 3009 3722 3064 Mono-

2130 3099 2378 3165 machus,
2397 3102 2556 3173 cujus
2573 3103 2848 3157 sententia
2867 3102 3173 3159 delectatus
3189 3119 3421 3174 magnus
3443 3102 3572 3164 dux.
3595 3117 3717 3158 eam

2139 3193 2398 3262 protinus
2418 3194 2762 3264 approbavit,
2779 3204 2836 3250 et
2860 3194 3173 3252 declaratus
3186 3205 3270 3252 est
3296 3195 3413 3267 ipse
3430 3197 3717 3266 cepiarum

2127 3277 2446 3348 imperator,
2482 3281 2909 3355 Rerrboeamque
2929 3300 3053 3341 cum
3067 3287 3315 3356 peditatu
3342 3286 3507 3342 simul
3559 3289 3718 3358 equi-

2132 3380 2366 3443 tatuque
2394 3374 2642 3430 Romano
2667 3375 2921 3442 tendens,
2949 3392 3017 3432 eo
3038 3392 3213 3448 usque
3230 3381 3714 3451 appropinquavit,

2131 3474 2189 3518 ut
2218 3473 2372 3520 extra
2399 3465 2493 3520 teli
2528 3467 2735 3538 jactum
2767 3477 2937 3524 esset.
2977 3469 3158 3525 Persa
3187 3471 3452 3526 continuo
3479 3474 3545 3526 ad
3575 3489 3720 3542 pra:-

2129 3559 2252 3612 dam
2285 3561 2565 3626 conversi,
2607 3576 2720 3616 uno
2753 3561 2843 3618 die
2881 3571 3056 3619 totum
3106 3581 3298 3636 agrum
3333 3567 3545 3624 circum
3588 3571 3721 3626 Ber-

2133 3656 2344 3706 rhteam
2378 3653 2779 3710 maximiscum
2805 3655 3156 3713 detrimentis
3173 3658 3549 3716 devastarunt.
3580 3663 3718 3720 Nam

2129 3753 2187 3798 et
2220 3743 2411 3799 multis
2443 3744 2732 3815 jugulatis,
2763 3761 2992 3818 magnos
3028 3748 3378 3820 captivorum
3409 3757 3719 3822 pecudum-

2129 3851 2238 3906 que
2261 3852 2454 3908 greges
2479 3838 2807 3909 abegerunt,
2832 3841 3116 3896 etzedibus
3133 3847 3371 3915 pagatim
3398 3847 3717 3902 incendium

2135 3928 2460 3994 intulerunt,
2487 3928 2827 4000 reliquorum
2848 3933 3087 4003 denique
3105 3936 3372 4002 omnium,
3394 3953 3515 4008 quae
3534 3939 3720 3997 hostes

2132 4019 2332 4084 solent,
2373 4020 2514 4074 nihil
2549 4023 2936 4089 neglexerunt.
2992 4024 3303 4095 Imperator
3356 4028 3616 4085 Berrhma
3651 4033 3719 4087 ad

2133 4111 2552 4168 Monomachum
2609 4123 2666 4169 et
2702 4115 2872 4171 duces
2927 4117 3096 4172 misso
3147 4118 3374 4190 legato,
3428 4123 3720 4178 stultitiam

2133 4203 2244 4258 illis
2268 4203 2651 4273 exprobravit,
2681 4205 2826 4274 quod
2849 4223 2975 4262 cum
3000 4217 3211 4264 tantum
3239 4227 3270 4264 e
3297 4211 3562 4268 Romanis
3587 4216 3722 4270 solis

2133 4293 2406 4350 haberent
2436 4297 2762 4363 exercitum,
2804 4300 3012 4370 quique
3066 4317 3166 4370 per
3215 4318 3276 4359 se
3322 4305 3462 4375 ipsis
3514 4309 3720 4377 opponi

2134 4397 2343 4456 posset,
2375 4381 2636 4458 quasi‘eo
2662 4389 2810 4445 haud
2839 4392 3172 4458 sufﬁciente,
3213 4395 3381 4470 etiam
3423 4397 3718 4466 Barbaros,

445 4483 502 4536 δὲ
540 4485 603 4549 ὲκ
634 4483 900 4554 Βεῤῥοίας
929 4482 1067 4553 πρὸς
1119 4481 1444 4552 Μονομάχον
1488 4478 1711 4550 πέμψας
1761 4479 2023 4551 πρεσϐευ-

2137 4478 2204 4533 ad
2228 4483 2555 4535 atrociorem
2580 4481 2850 4537 Romanis
2873 4485 3040 4538 rebus
3065 4485 3278 4540 cladem
3303 4489 3720 4560 injungendam,
3767 4495 3775 4530 έ

401 4561 565 4662 ξτὴν,
604 4575 809 4646 πολλὴν
879 4574 1060 4628 αὐτῶν
1107 4571 1504 4643 ἀγνωμοσύνην
1555 4569 1878 4662 κατηγόρει,
1945 4571 2023 4624 ὅτι

2131 4570 2234 4627 sibi
2258 4571 2797 4629 adduxisseutJllud
2832 4587 3016 4629 tamen
3041 4576 3312 4646 viderent,
3348 4597 3417 4635 ne
3449 4599 3508 4637 se
3533 4597 3724 4653 postea
3767 4561 3774 4575 ’

451 4668 716 4737 τοσαύτην
747 4668 974 4736 ἄγοντες
1017 4665 1308 4735 Ῥωμαίων
1335 4662 1599 4735 στρατιὰν
1630 4662 1727 4716 καὶ⁵
1751 4661 1879 4716 καθ’
1902 4663 2031 4716 έαυ-

445 4761 545 4830 τὴν
601 4761 910 4831 δυναμένην
967 4756 1383 4812 ἀντιτάττεσθαι
1437 4753 1609 4826 αὐτῷ,
1629 4754 1681 4807 οἱ
1718 4750 1762 4807 δ’
1841 4751 2030 4825 ὥσπερ

447 4855 550 4907 οὐκ
585 4853 800 4916 ἐκείνης
833 4851 1178 4922 ὲξαρκούσης
1232 4848 1368 4921 πρὸς
1391 4848 1484 4902 τὸν
1532 4847 1790 4918 πόλεμον,
1821 4848 2032 4917 ἐπήγα-

452 4962 546 5013 γον
573 4941 723 5011 αὺτῷ
746 4942 840 4995 καὶ
885 4941 1012 5003 τοὺς
1062 4939 1394 5011 βαρδάρους,
1426 4939 1516 4994 ίνα
1545 4939 1746 5011 μᾶλλον
1797 4938 1868 4992 τὰ
1901 4939 2032 4994 Ῥω-

452 5039 627 5107 μαίων
691 5035 1106 5105 διαφθείρωσιν.
1155 5033 1364 5087 Ἐκεῖνο
1395 5034 1584 5103 μέντοι
1629 5034 1737 5105 χρὴ
1789 5033 2032 5097 σκοπεῖν,

448 5133 595 5192 ὅπως
627 5127 902 5200 μηδεμίαν
934 5124 1086 5194 αὗτῷ
1131 5123 1344 5194 μέμψιν
1376 5123 1606 5196 ὕστερον
1631 5125 1934 5192 ἐπάγωσιν,
1967 5123 2038 5176 ἂν

452 5225 562 5284 τοῖς
587 5219 720 5292 παρ’
753 5217 934 5273 αὐτῶν
974 5217 1275 5290 ὴργμένοις
1313 5215 1464 5280 τέλος
1502 5215 1818 5288 ὲπιθήσειεν
1853 5216 2035 5280 αὑτός.

471 5311 854 5381 Επηγγέλλετό
875 5328 932 5364 τε
953 5308 1469 5381 παρεσκευασμένος
1498 5304 1788 5378 εἶναιπρὸς
1815 5307 1913 5376 τὴν
1937 5308 2041 5377 μάο

452 5423 554 5476 χην
581 5403 646 5476 ἢν
681 5405 842 5474 μόνον
870 5404 904 5471 ἡ
933 5401 1241 5473 προθεσμία
1295 5400 1440 5471 ἥξει.
1504 5400 1564 5453 Ὀ
1593 5399 1638 5452 δ’
1682 5400 2039 5471 ἀπεκρίνατο,

453 5498 584 5566 παρ’
619 5496 769 5565 αύτῷ
807 5491 949 5548 εἶναι
976 5494 1241 5565 πράττειν
1266 5493 1367 5547 ὅσα
1419 5494 1486 5547 ἂν
1534 5492 1667 5565 δοκῇ
1723 5492 2041 5558 λυσιτελεῖν,

453 5588 641 5658 ὥσπερ
673 5588 810 5657 δῆτα
831 5587 927 5641 καὶ
950 5586 1104 5639 αὐτοὶ
1149 5585 1397 5639 ποιοῦσιν
1415 5600 1430 5618 ⁸
1455 5584 1583 5656 ἄχρι
1607 5586 1666 5639 δὲ
1713 5586 1884 5656 μέσης
1909 5585 2047 5656 ἡμέ-

462 5697 561 5751 ρας
589 5682 704 5732 ἐκεῖ
736 5679 1086 5747 περιμείνας,
1140 5676 1431 5748 ἱστάμενος
1487 5678 1595 5750 πρὸ
1656 5679 1764 5731 τῶν
1823 5677 2044 5748 τειχῶν,

455 5769 802 5841 ἀναστρέψας
833 5769 1068 5840 ἡλαυνεν
1095 5768 1276 5822 ὀπίσω
1306 5770 1404 5840 τῆς
1435 5769 1648 5842 ἡμέρας
1699 5772 1759 5823 τὸ
1809 5769 1997 5842 λοιπρν
2026 5785 2040 5802 ⁸

2131 4663 2585 4728 criminarentur,
2623 4666 2670 4720 si
2701 4666 2819 4736 ipse
2846 4667 2915 4722 ab
2946 4668 3056 4723 illis
3089 4669 3350 4727 inchoata
3393 4674 3719 4742 absolverit,

2135 4755 2613 4826 promittebatque
2671 4757 2739 4811 ad
2797 4768 3077 4816 certamen
3105 4774 3357 4831 paratum
3407 4764 3547 4830 fore,
3595 4786 3724 4824 cum

2135 4849 2373 4917 primqu
2402 4849 2519 4904 dies
2547 4853 2854 4920 praestituta
2886 4853 3172 4909 adfuisset.
3202 4855 3504 4926 Respondit
3534 4860 3727 4917 Mono-

2139 4942 2388 5006 nzachus,
2424 4942 2479 4995 in
2512 4942 2631 5013 ejus
2663 4942 2938 4999 arbitratu
2979 4947 3148 5000 situm
3198 4964 3344 5016 eSse,
3391 4949 3572 5008 facere
3597 4972 3722 5025 quae

2138 5031 2243 5087 sibi
2290 5031 2600 5088 conducere
2650 5043 2826 5102 putet,
2853 5035 3133 5103 quomodo
3183 5039 3448 5096 nimirum
3502 5052 3557 5097 et
3616 5045 3720 5116 ipsi

2139 5125 2362 5182 faciant.
2405 5126 2579 5182 Porro
2620 5142 2747 5182 cum
2803 5128 2917 5184 illic
2951 5145 3126 5200 usque
3174 5131 3230 5185 in
3264 5136 3554 5192 meridiem
3595 5150 3724 5196 ante

2141 5233 2329 5272 muros
2377 5219 2793 5285 constitissent,
2847 5221 3121 5292 reliquum
3177 5225 3287 5281 diei
3334 5227 3388 5282 in
3437 5230 3724 5287 redeundo

2143 5319 2468 5382 posuerunt,
2494 5322 2549 5368 et
2583 5322 2742 5370 nocte
2766 5315 2855 5370 illa
2875 5322 3230 5386 quieverunt.
3253 5321 3414 5376 simul
3451 5323 3723 5382 Barbaros
3756 5304 3766 5314 ’

2145 5421 2174 5458 a
2232 5407 2593 5477 populatione
2645 5409 2926 5466 redituros
2984 5415 3386 5480 praestolantes.
3445 5417 3723 5477 Postridie

2145 5499 2431 5554 castellum
2460 5501 2616 5570 juxta
2642 5500 2922 5572 Pydnam,
2951 5502 3041 5556 cui
3078 5500 3380 5571 imperator
3403 5507 3722 5575 praesidium

2148 5590 2508 5660 imposuerat.
2537 5592 2715 5658 primo
2740 5592 2946 5661 impetu
2975 5593 3224 5662 capiunt,
3257 5594 3310 5648 in
3333 5611 3445 5666 quo
3470 5611 3724 5669 repertus

2147 5689 2231 5734 est
2268 5681 2436 5734 etiam
2472 5681 2799 5736 Theodorus
2830 5684 3242 5752 Pepagomenus
3270 5701 3301 5740 e
3331 5689 3597 5744 ministris
3624 5696 3728 5746 im-

2152 5773 2444 5842 peratoris,
2467 5789 2628 5844 quem
2649 5775 2802 5844 jussu
2826 5777 3006 5846 magni
3030 5777 3186 5833 ducis
3205 5782 3455 5836 vestibus
3471 5796 3719 5856 exutum,
