4014 6432
344 447 508 527 ,16⁸17
1493 448 1940 514 ΗῙΞῬΟΒΙᾹΗ

2043 451 2055 510 [
2094 447 2329 513 LIBER
2372 452 2430 511 ll
2443 451 2485 511 ῐ.
3469 443 3611 511 1078

361 565 475 637 γὰρ
503 562 774 632 ἀπόληται
804 560 1058 634 βασιλεὺς
1082 560 1189 617 ὑπὸ
1205 560 1317 617 τῶν
1339 560 1621 633 πολεμίων
1642 552 1932 631 περισχόν-

2043 553 2132 614 ros
2157 558 2227 614 ad
2256 568 2469 615 tantum
2503 556 2810 631 periculum
2845 555 3162 614 adeundum
3193 555 3477 619 adhortor,
3507 556 3606 609 sed

360 670 494 718 των,
513 653 775 725 οὐδεμίαν
811 654 945 725 ἡμῖν
993 652 1238 725 ἀθυμίας
1289 652 1386 707 καὶ
1407 651 1591 723 λύπης
1617 648 1930 721 ὑπερϐολὴν

2043 651 2195 706 illam
2228 652 2624 709 demonstrabo
2653 652 2823 715 viam,
2849 666 2974 722 quae
3018 665 3143 707 eum
3192 664 3365 720 parvo
3416 649 3606 704 labore

361 745 598 816 ἐλλείψει
623 746 763 817 πρὸς
791 744 873 816 τῷ
905 745 1003 802 καὶ
1025 744 1214 809 κακῶς
1247 742 1475 799 ἀκούειν
1525 743 1635 798 ὑπὸ
1683 741 1931 808 πάντων,

2043 757 2303 799 summam
2363 742 2606 799 nominis
2682 742 3059 799 celebritatem
3145 741 3609 812 splendoremque

358 820 445 893 δτι
470 838 732 910 ἀνανδρίᾳ
756 838 854 893 καὶ
877 837 1124 909 μαλακίᾳ
1146 839 1214 910 τῇ
1238 838 1370 909 περὶ
1387 839 1518 902 τοὺς
1539 837 1738 901 πόνους
1760 851 1933 891 κατα-

2043 834 2303 891 continet.
2353 833 2544 890 Trium
2606 850 2845 904 namque
2904 836 3175 889 virtutum
3244 834 3606 888 maximarum

359 931 687 1002 προδέδοται
713 933 827 993 τοτς
858 931 1144 1002 πολεμίοις
1180 932 1316 1003 ἡμῖν
1340 933 1368 986 δ
1394 930 1573 1001 φίλος.
1611 932 1714 985 Ἂν
1738 946 1801 984 τε
1832 945 1935 983 πε-

2043 924 2364 981 tlocumenta
2403 925 2563 982 nobis
2601 925 2767 982 edere
2809 924 3020 991 licebit,
3047 924 3411 986 fortitudinis.
3443 925 3611 996 justi-

360 1023 647 1095 ριγένηται
698 1021 859 1095 ἡμῶν
908 1022 1102 1094 χωρὶς,
1155 1024 1217 1076 τὸ
1270 1022 1459 1094 μεῖξον
1488 1023 1589 1093 τῆς
1617 1022 1934 1093 φιλοτιμίας

2043 1019 2129 1076 tite
2179 1028 2345 1090 atque
2380 1019 2707 1089 prudentiae.
2739 1019 2876 1075 Nam
2908 1036 2940 1075 a
2972 1021 3153 1075 ventis
3175 1029 3233 1075 et
3262 1020 3400 1074 mari
3438 1019 3614 1072 inter-

360 1113 757 1186 παρῃρημεθα.
792 1114 867 1168 Τὸ
901 1113 1002 1185 μὲν
1047 1110 1142 1169 οὖν
1172 1114 1313 1186 πρὸς
1345 1115 1584 1187 ἀνίμους
1611 1114 1932 1171 ἀντιπνέονο

2043 1109 2222 1167 clusos
2283 1110 2433 1165 aliud
2474 1110 2582 1166 iter
2626 1111 2925 1177 invenisse,
2955 1126 3066 1181 quo
3109 1110 3177 1165 ad
3229 1110 3393 1165 ﬁnem
3450 1109 3613 1164 nobis

359 1222 479 1271 τας,
511 1204 608 1259 καὶ
635 1204 911 1260 θάλασσαν
945 1205 1261 1271 ὲξοιδοῠσαν
1292 1207 1391 1261 καὶ
1427 1209 1767 1279 μαινομένην
1795 1209 1934 1263 ἀπο-

2043 1203 2381 1275 propositum
2430 1203 2836 1273 perveniamus,
2875 1203 3183 1274 prudentiae
3224 1204 3438 1273 Optimo
3485 1202 3614 1272 jure

369 1296 660 1367 ιιάχεσθαι,
716 1297 1178 1369 μελαγχολώντων
1239 1298 1428 1368 σαφῶς
1453 1297 1550 1352 καὶ
1573 1295 1937 1353 θανατώντων

2043 1294 2367 1351 ascribatur.
2394 1292 2632 1351 Iustitiae
2661 1303 2870 1356 autem,
2899 1310 2990 1351 res
3040 1310 3236 1350 omnes
3282 1310 3397 1365 prae
3430 1294 3614 1349 salute

363 1388 455 1441 ἐπ’
496 1387 727 1459 οὐδεμιᾷ
785 1388 1091 1461 φιλοτιμίᾳ.
1141 1389 1310 1444 Ὅθεν
1343 1389 1466 1444 ούδὶ
1515 1389 1654 1460 πρὸς
1678 1387 1939 1443 τοσοῦτον

2043 1387 2202 1443 amici
2230 1386 2673 1457 contempsisse;
2708 1384 3041 1453 fortitudini,
3072 1387 3220 1457 quod
3252 1401 3353 1441 nec
3396 1385 3615 1441 itineris

362 1476 611 1531 κίνδυνον
635 1475 968 1534 ἀποδύεσθαι
1006 1479 1154 1551 ὑμᾶς
1205 1478 1440 1545 κελεύω,
1500 1478 1695 1549 ἑτέραν
1739 1478 1797 1532 δὲ
1831 1478 1939 1546 ὑφ-

2043 1481 2185 1551 longi
2233 1480 2486 1536 molestia
2528 1495 2594 1534 ac
2644 1478 3057 1549 defatigatione,
3089 1495 3193 1534 nec
3237 1479 3473 1534 transitu
3519 1493 3619 1549 per

362 1568 645 1641 ηγήσομαι
675 1570 863 1637 αὐτὸς,
892 1571 1180 1644 πόνονςμὲν
1199 1572 1381 1642 ὀλίγον
1409 1572 1661 1643 ἔχουσαν,
1684 1572 1939 1625 εδκλειαν

2043 1573 2242 1628 multas
2285 1580 2497 1643 gentes,
2525 1562 2647 1641 qua
2684 1569 2847 1625 nobis
2898 1585 2956 1625 se
3019 1584 3355 1640 oppositum
3405 1561 3618 1636 essent,

359 1661 420 1717 δὲ
442 1662 534 1715 καὶ
555 1661 802 1728 εὐδοξίαν
829 1662 1161 1733 ἀκροτάτην,
1181 1663 1367 1734 Τριῶν
1393 1663 1503 1735 γὰρ
1527 1661 1638 1717 τῶν
1662 1663 1939 1733 μεγίστων

2043 1662 2276 1733 perculsi
2308 1671 2474 1730 atque
2502 1661 2864 1739 consternati,
2901 1675 2931 1713 a
2967 1668 3117 1713 recto
3148 1658 3365 1713 tramite
3412 1656 3622 1713 oilicio—

356 1752 630 1822 δείγματα
659 1755 795 1825 ημῖν
845 1755 1154 1823 ἐξενεγκεῖν
1186 1755 1427 1822 ἐξέσται,
1467 1755 1693 1827 ἀνδρίας
1746 1755 1843 1810 καὶ
1862 1756 1940 1809 δι-

359 1842 657 1915 καιοσύνης
703 1843 802 1899 καὶ
857 1847 1199 1917 φρονήσεως.
1250 1846 1326 1899 Τὸ
1384 1848 1483 1918 μὲν
1531 1847 1642 1918 γάρ
1672 1846 1780 1901 ὑπὸ
1826 1848 1938 1901 τῶν

2041 1766 2148 1821 que
2170 1749 2570 1806 deﬂexerimus.
2597 1747 2740 1815 Quid
2770 1748 2938 1820 igitur
2968 1748 3069 1803 tibi
3100 1749 3232 1803 vis?
3260 1747 3410 1803 dicet
3457 1748 3617 1818 quis-

2042 1843 2215 1914 piam.
2289 1843 2359 1899 Ut
2403 1842 2664 1926 qu.oniam
2716 1842 2769 1896 in
2825 1856 2952 1896 oras
3002 1839 3335 1896 Macedonia
3380 1839 3622 1894 navibus

362 1934 584 2005 ἀνίμων
613 1936 709 1990 καὶ
737 1934 1017 2008 θαλάσσης
1047 1938 1430 2007 κωλυομένους
1464 1939 1661 2010 ἑτέραν
1691 1941 1938 2012 ἐξευρεῖν

2043 1935 2245 1992 deferri
2277 1950 2387 1991 non
2440 1951 2753 2005 possumus,
2800 1950 2897 1991 eas
2946 1935 3039 1990 bic
3081 1944 3341 2006 tanquam
3394 1934 3621 1989 Inutiles

359 2025 481 2079 ὁδὸν
509 2027 580 2080 δι’
611 2020 682 2099 ἧς
709 2027 847 2098 ἡμῖν
901 2028 1166 2100 ἀνυσθείη
1223 2031 1287 2084 τὺ
1318 2032 1705 2101 προκείμενον,
1738 2034 1942 2105 φρονή-

362 2134 505 2185 σεως
527 2118 752 2186 δικαίως
771 2121 839 2176 ἄν
859 2140 943 2188 τις
962 2122 1163 2194 τιθείη.
1176 2125 1556 2196 ,Δικαιοσύνης
1571 2125 1650 2192 δὲ,
1678 2126 1739 2179 τὸ
1761 2127 1942 2182 πάντα

361 2212 627 2284 χρήματα
668 2214 989 2285 ἡγήσασθαι
1028 2216 1259 2289 δεύτερα
1294 2217 1395 2288 τῆς
1446 2216 1542 2271 τοῦ
1582 2219 1739 2288 φίλου
1765 2235 1943 2292 σωτηο

367 2304 511 2375 ρίας.
557 2305 809 2377 ’Δνδρίας
857 2306 903 2360 δ’
937 2306 1044 2374 δτι,
1090 2292 1153 2360 οὐ
1205 2309 1271 2379 τῇ
1324 2309 1454 2381 περὶ
1494 2309 1597 2382 τὴν
1625 2309 1941 2382 ὁδοιπορίαν

361 2390 532 2447 οὖσαν
572 2396 796 2465 μακρὰν
850 2402 1217 2468 ταλαιπωρία,
1280 2398 1398 2453 οὔθ’
1451 2401 1535 2456 ὅτι
1593 2402 1682 2457 διά
1730 2404 1941 2458 πολλῶν

362 2485 559 2550 ἐθνῶν,
584 2486 636 2541 οἱ
668 2488 958 2555 μέλλουσιν
984 2492 1118 2563 ἡμῖν
1150 2492 1471 2562 μαχεῖσθαι,
1506 2493 1702 2552 διιέναι
1726 2497 1945 2568 μέλλον-

364 2595 479 2645 τες,
516 2580 839 2651 ἀπέστημεν
870 2581 964 2635 τοῦ
994 2583 1208 2648 δέοντος
1242 2572 1713 2656 καταπλαγέντες.
1747 2588 1813 2642 Τί
1847 2585 1942 2644 οὖν

366 2672 518 2725 ἔστιν
545 2671 575 2725 δ
605 2672 769 2741 mw;
806 2672 897 2737 Ὧς
929 2675 1052 2726 ἐπεὶ
1081 2677 1203 2740 ταῖς
1233 2663 1424 2731 ναυσὶν
1445 2679 1821 2751 ἀδυνατοῦμεν
1862 2685 1943 2746 εἰς

260 2753 279 2763 ’
340 2759 714 2815 ΑΜακεδονίαν
775 2758 1060 2833 ἔρχεσθαι,
1112 2765 1319 2829 ταύτας
1353 2768 1454 2837 μὲν
1508 2768 1585 2832 ὡς
1632 2772 1945 2842 ἀχρήστους

364 2850 618 2906 ἐνταυθοῖ
649 2852 783 2924 πυρὶ
836 2858 1274 2928 καταπιμπρᾷνο
1334 2859 1535 2924 αὐτοὺς
1594 2861 1653 2915 δὴ
1699 2863 1769 2916 τὰ
1798 2865 1943 2919 ὅπλα

362 2935 593 3007 Ιχοντας
615 2936 754 2993 ίέναι
785 2940 873 2993 διά
905 2941 1003 3011 τῆς
1040 2943 1275 3013 ἠπείρου
1306 2946 1444 3014 πρ³ς
1481 2945 1733 3016 βασιλέα.
1770 2950 1943 3006 Τοῦτο

362 3027 474 3096 γάρ
505 3026 701 3098 ὲκείνῳ
725 3045 787 3083 τε
813 3032 1063 3102 μεγάλην
1085 3033 1225 3087 οἴσει
1248 3035 1348 3107 τὴν
1369 3035 1664 3104 ὠφέλειαν,
1683 3041 1782 3094 καὶ
1804 3043 1941 3113 ἡμῖν

359 3117 464 3190 τὴν
489 3118 740 3187 εὐδοξίαν
757 3122 818 3176 οὐ
838 3125 1067 3194 μικράν.
1093 3124 1169 3179 Ού
1200 3126 1309 3197 χρὴ
1333 3128 1390 3181 δὲ
1410 3128 1478 3185 τά
1496 3131 1554 3184 ἐν
1582 3132 1733 3203 μέσῳ
1757 3134 1941 3189 σκῶλα

2042 2045 2482 2095 conerememus,
2517 2031 2621 2101 ipsi
2652 2045 2779 2085 cum
2811 2031 2982 2086 armis
3013 2045 3114 2100 per
3143 2029 3517 2086 continentem
3552 2028 3623 2082 ad

2044 2124 2431 2195 imperatorem
2482 2122 2823 2195 gradiantur,
2856 2122 3003 2195 quod
3034 2121 3113 2178 illi
3165 2137 3434 2193 perquam
3503 2120 3637 2175 [τυ-ι

2044 2227 2320 2307 ctuosum.
2352 2216 2512 2274 nobis
2545 2232 2675 2273 vero
2720 2218 3018 2289 gloriosum
3059 2217 3344 2273 acciderit.
3380 2216 3494 2272 Nec
3522 2216 3628 2271 im-

2042 2306 2359 2377 pedimenta
2413 2315 2472 2363 et
2523 2307 2856 2364 oﬂendicula
2912 2308 2970 2364 in
3034 2308 3217 2365 medio
3271 2307 3626 2364 occurrentis.

2043 2400 2469 2470 perpendentes,
2512 2400 2581 2455 ab
2640 2398 2747 2454 hoc
2800 2398 2992 2455 labore
3052 2399 3324 2455 deterreri
3378 2407 3626 2468 oportet;
3711 2464 3714 2467 ,

2044 2493 2171 2562 quis
2216 2490 2366 2547 enim
2401 2508 2640 2563 unquam
2685 2492 2958 2547 recubans
2986 2493 3238 2563 supinus,
3263 2501 3320 2547 et
3358 2500 3623 2554 stertens,

2043 2584 2113 2640 de
2156 2585 2408 2640 hostibus
2454 2594 2718 2654 tropaeum
2781 2587 2996 2640 erexit?
3026 2587 3119 2641 sed
3192 2585 3317 2640 linis
3371 2585 3623 2640 laborum

2046 2684 2174 2731 ante
2206 2676 2397 2731 oculos
2446 2676 2736 2731 habendus
2761 2684 2865 2743 est,
2900 2692 3063 2746 quem
3113 2676 3386 2747 plurimus
3413 2686 3469 2733 et
3505 2677 3629 2732 exi-

2046 2768 2192 2823 mius
2239 2768 2416 2824 Itonos
2454 2769 2835 2825 comitabitur.
2890 2769 3017 2825 llaec
3040 2784 3144 2841 ego
3176 2771 3324 2842 iusta
3370 2780 3427 2826 et
3469 2770 3634 2827 utilia:

2045 2856 2258 2922 censui,
2287 2855 2543 2926 factoque
2581 2857 2703 2928 ipso
2730 2872 2821 2913 me
2854 2858 3054 2913 ducem
3106 2866 3163 2913 et
3191 2873 3474 2914 suasorem
3504 2857 3628 2927 aliis

2044 2947 2338 3003 exhibebo.
2370 2948 2527 3014 Quod
2578 2949 2621 3003 si
2678 2949 3009 3019 quibusdam
3047 2957 3292 3005 vestrum
3350 2950 3629 3021 magnitu-

2044 3038 2230 3093 dinem
2284 3039 2537 3094 laborum
2610 3039 3092 3110 periculorumque
3122 3039 3625 3102 considerantibus.

2045 3126 2271 3186 minime
2297 3130 2439 3187 istuc
2479 3130 2914 3201 aggrediundum
2947 3124 3181 3198 videtur,
3212 3146 3315 3203 ego
3345 3147 3476 3187 sane
3517 3133 3635 3203 pri-7

360 3213 458 3266 καὶ
491 3214 907 3285 προσκόμματα
935 3216 1322 3290 λογιζομένους
1368 3222 1631 3279 ἀποκνεῖν
1661 3227 1800 3297 πρὸς
1850 3228 1940 3283 τὸν

2048 3238 2173 3279 mus
2205 3224 2385 3277 navim
2421 3222 2655 3278 ﬂammis
2685 3239 2935 3289 exuram,
2960 3232 3015 3279 et
3050 3225 3286 3295 arreptis
3318 3226 3488 3280 armis
3521 3225 3629 3279 iter

360 3303 553 3372 ἀγῶνα
586 3322 602 3338 ο
631 3306 808 3371 οὐδεὶς
859 3308 972 3380 γάρ
1026 3326 1157 3365 ποτε
1211 3313 1577 3385 ἀνακείμενος
1607 3318 1702 3372 καὶ
1728 3320 1944 3393 ρἑχων

357 3396 626 3467 τρόπαιον
647 3397 880 3470 ιστησεν
902 3402 1013 3456 ἀπὸ
1037 3405 1145 3458 τῶν
1174 3407 1452 3477 πολεμίων
1474 3424 1489 3440 ο
1534 3410 1675 3466 ἀλλά
1703 3416 1840 3486 πρὸς
1883 3417 1945 3470 τὸ

358 3488 474 3543 τῶν
502 3491 684 3545 πόνων
709 3493 865 3558 τέλος
903 3496 1137 3566 ἀφορᾷν,
1192 3498 1271 3562 ὡς
1304 3500 1509 3572 πολλὴν
1555 3505 1692 3557 οἴσει
1726 3512 1818 3560 καί
1852 3527 1947 3578 με·

361 3581 542 3654 γάλην
567 3584 668 3655 τὴν
688 3583 1023 3655 φιλοτιμίαν.
1056 3585 1238 3642 Ταῦτα
1269 3592 1367 3659 μὲν
1395 3588 1490 3647 οὖν
1518 3596 1642 3666 ἐμοὶ
1674 3597 1862 3653 δίκαιά
1883 3618 1942 3654 τε

362 3674 513 3741 εδοξε
563 3678 660 3730 καὶ
714 3677 1065 3749 συμφέροντα
1098 3681 1257 3749 ὁμοῦ.
1292 3684 1401 3737 Καὶ
1426 3686 1589 3749 αύτός
1638 3707 1696 3742 τε
1729 3692 1857 3763 ποιή
1899 3714 1945 3748 ω

361 3764 604 3836 πρῶτος,
655 3767 753 3821 καί
781 3771 896 3833 τοίς
943 3769 1121 3835 ἀλλοις
1172 3776 1586 3845 συμϐουλεύσω.
1618 3782 1682 3837 Et
1716 3784 1770 3835 δέ
1799 3803 1943 3841 τισιν

362 3855 547 3926 ὑμῶν,
573 3857 713 3930 πρὸς
736 3858 799 3913 τδ
821 3859 931 3914 τῶν
949 3861 1128 3916 πόνων
1150 3866 1245 3918 καὶ
1274 3865 1386 3921 τῶν
1407 3869 1670 3926 κινδύνων
1694 3873 1942 3945 ἀφορῶσι

363 3950 621 4042 μέγεθος,
668 3951 732 4006 οὗ
766 3954 1006 4021 μάλιστα
1067 3956 1220 4012 δοκεῖ
1263 3964 1526 4028 τοιούτοις
1557 3968 1941 4042 ἐπιχειρητέον

361 4038 525 4109 εῖναι,
549 4045 666 4099 ἀλλ’
686 4046 799 4116 ἐγὼ
825 4048 1044 4119 πρῶτος
1069 4052 1171 4122 τήν
1191 4070 1249 4106 τε
1274 4054 1408 4109 ναῦν
1433 4038 1727 4131 ἐμπρήσω,
1745 4038 1850 4118 καὶ
1878 4067 1943 4120 τά

359 4136 505 4191 επὶα
525 4138 668 4209 ἔχων
693 4139 1018 4212 βαδιοῦμαι·
1046 4146 1340 4216 συνέψεται
1358 4149 1413 4202 δὲ
1447 4153 1539 4207 καὶ
1567 4148 1714 4219 ὅστις
1767 4158 1945 4215 είλετο

358 4232 485 4299 ἐμοὶ
515 4233 978 4299 συγκινδυνεύειν.
1011 4238 1076 4290 Οί
1100 4238 1155 4290 δὲ
1183 4241 1383 4308 λοιποὶ,
1414 4242 1511 4308 τὰς
1542 4246 1674 4312 ναῦς
1696 4249 1937 4321 ἔχοντες,

362 4322 393 4375 ὅ
423 4338 475 4376 τι
508 4323 663 4393 φίλον
699 4324 831 4393 ὑμῖν
864 4330 965 4380 καὶ
1009 4329 1287 4395 λυσιτελὲς
1320 4336 1488 4403 δοκεῖ,
1528 4342 1750 4395 ποιεῖτε.
1781 4342 1941 4399 Οὕτω

357 4416 498 4483 πρὸς
528 4417 652 4478 τοὺ,
686 4418 745 4471 ὲν
770 4418 915 4472 τέλει
952 4420 1062 4473 τῶν
1094 4423 1322 4495 Περσῶν
1367 4427 1574 4499 ’Δμοὶιρ
1606 4432 1935 4505 διαλεχθεὶς,

2050 3317 2338 3381 invadam;
2362 3327 2647 3387 sequetur,
2674 3315 2833 3387 567
2876 3317 3196 3388 quicunque
3237 3317 3503 3373 adversus
3530 3333 3626 3373 ca-

2047 3423 2145 3464 sus
2178 3407 2506 3478 participare
2538 3423 2752 3462 mecum
2794 3408 3033 3462 voluerit
3060 3426 3076 3474 ;
3116 3410 3298 3464 cteteri
3329 3410 3499 3465 salvis
3527 3425 3627 3463 na-

2046 3501 2210 3556 vibus
2256 3500 2403 3569 quod
2437 3499 2726 3570 placuerit,
2757 3510 2813 3555 et
2852 3516 2919 3555 ex
2969 3516 3073 3555 usu
3116 3500 3511 3570 iudicaverint,
3547 3501 3631 3556 la-

2046 3595 2192 3649 ciant
2221 3596 2367 3649 licet.
2418 3593 2510 3648 Sic
2552 3593 2744 3649 Persas
2791 3593 3067 3664 primores
3100 3594 3303 3649 allatus
3334 3595 3624 3657 Amurius.

2046 3684 2208 3739 ﬁdem
2241 3684 2370 3741 fecit
2405 3700 2463 3739 se
2500 3701 2719 3755 aaquum
2770 3696 2829 3741 et
2860 3685 2998 3740 utile
3030 3686 3346 3741 consulere.
3374 3687 3444 3741 At
3473 3686 3623 3741 enim

2044 3791 2153 3829 non
2190 3774 2314 3844 plus
2339 3773 2616 3844 sexaginta
2645 3774 2904 3828 navarclii
2937 3790 3065 3830 cum
3095 3775 3395 3832 classiariis
3448 3779 3622 3845 remi-

2044 3864 2205 3935 gibus
2237 3864 2314 3917 illi
2361 3878 2422 3918 se
2468 3864 2746 3919 associare
2789 3863 3200 3934 instituerunt;
3231 3866 3432 3936 reliqui
3464 3866 3625 3924 brevi

2044 3957 2226 4025 spatio
2268 3955 2358 4011 ubi
2411 3964 2636 4011 ventum
2672 3956 2971 4026 propitium
2998 3966 3189 4013 essent
3225 3959 3396 4025 nacti,
3432 3959 3488 4014 in
3514 3959 3629 4015 Ma-

2044 4049 2334 4104 cedomam
2372 4064 2596 4103 cursum
2637 4049 2971 4121 directurqs,
3017 4065 3351 4121 rursumque
3397 4064 3522 4106 cum
3557 4067 3626 4107 eo

2043 4139 2260 4194 futuros
2311 4150 2718 4195 asscverarunt.
2755 4139 3049 4210 Postquam
3100 4141 3248 4197 inter
3296 4141 3424 4197 illos
3474 4156 3627 4197 com-

2043 4232 2287 4298 munitur
2327 4233 2401 4286 ita
2434 4232 2714 4296 convenit,
2747 4248 2816 4287 ex
2865 4232 3074 4288 Eubtea
3121 4234 3188 4288 ad
3245 4233 3496 4291 Locridis
3535 4235 3645 4301 lit:

2046 4331 2166 4378 tora
2207 4322 2396 4388 delati,
2437 4323 2530 4377 alii
2562 4324 2618 4378 in
2667 4324 2902 4380 navibus
2946 4335 3392 4396 permanserunt,
3453 4326 3627 4382 Amu-

2043 4417 2163 4471 rius
2189 4426 2398 4476 autem.
2431 4422 2487 4469 et
2517 4415 2798 4485 sexaginta
2825 4416 3108 4483 navarcbi,
3142 4434 3282 4488 quos
3313 4419 3449 4474 tanti
3488 4418 3624 4475 facie

359 4507 574 4572 πάντας
610 4510 709 4580 μὲν
737 4509 959 4565 ἔπεισεν
1002 4514 1077 4577 ὡς
1103 4514 1291 4572 δίκαιά
1334 4537 1391 4573 τε
1417 4523 1557 4589 ὁμοῦ
1591 4528 1688 4580 καὶ
1718 4527 1935 4584 λυσιτε-

2044 4508 2199 4563 noris
2231 4517 2517 4562 consortes
2557 4505 2635 4561 illi
2680 4522 2800 4563 esse
2831 4507 3148 4579 oportebat,
3178 4507 3470 4566 subductis
3519 4527 3624 4565 ua-

356 4595 560 4654 λοῦντα
616 4599 997 4671 συμϐουλεύει.
1063 4605 1283 4662 Εἴλοντο
1329 4610 1386 4664 δὲ
1443 4611 1710 4685 ἑξήκοντα
1768 4623 1930 4691 μόνον

2042 4598 2204 4671 vigiis
2242 4608 2299 4654 et
2323 4598 2495 4654 armis
2537 4598 2855 4671 assumptis,
2892 4608 3315 4670 commeatuque
3370 4603 3425 4656 in
3477 4603 3623 4657 viam

360 4689 625 4779 ναύαρχοι
654 4695 1097 4761 συγκινδυνεύειν
1132 4701 1272 4767 μετᾶ
1304 4703 1414 4755 τῶν
1444 4689 1852 4779 πληρωμάτων.
1875 4722 1939 4774 Οί

2043 4693 2389 4763 deprompto,
2447 4691 2603 4763 juxta
2669 4693 2824 4748 littus
2881 4703 3302 4765 pernoctaruut,
3348 4704 3408 4751 ut
3460 4711 3622 4751 manu

304 4826 313 4835 .
355 4778 415 4833 δὲ
445 4779 598 4834 ἄλλοι
631 4783 994 4853 ἰσχυρίζοντο,
1026 4788 1102 4852 ὡς
1130 4791 1300 4864 ὀλίγῳ
1331 4778 1567 4868 iis-tapeti
1594 4778 1796 4872 ούρίων
1846 4827 1940 4862 τυ-

357 4872 553 4967 χδντες
589 4874 701 4967 τῶν
733 4876 954 4946 ἀνίμων
982 4879 1299 4938 ἀλεύσονται
1335 4889 1416 4950 εἷς
1439 4889 1538 4960 τὴν
1566 4892 1937 4967 Μακεδονίαν,

358 4963 520 5029 αὖθις
543 4964 621 5037 τῷ
646 4968 906 5040 σατράπῃ
941 4972 1312 5042 συνεσόμενοι.
1362 4976 1520 5033 Οὕτω
1557 4982 1657 5052 μὲν
1686 4984 1781 5039 οὖν
1829 4963 1941 5042 ὲδέξ

356 5057 524 5151 δοκτο
556 5062 735 5130 κοινῇ,
759 5062 857 5114 καὶ
881 5063 945 5114 ὲκ
968 5062 1067 5133 τῆς
1114 5064 1346 5134 Εὐϐοίας
1394 5073 1477 5134 είς
1533 5074 1636 5145 τὴν
1670 5078 1936 5151 Λοκρίδος

359 5149 628 5221 παράλιον
658 5151 928 5218 ἐλθόντες,
955 5155 1004 5208 oi
1034 5154 1185 5211 ἄλλοι
1244 5161 1344 5229 μὲν
1398 5164 1678 5235 ἡσύχαζον
1723 5149 1798 5222 ἐν
1813 5175 1935 5237 ταῖς

360 5244 574 5307 ναυσὶν,
613 5242 822 5316 Ἀμοὺρ
853 5245 911 5299 δὲ
961 5248 1055 5301 καὶ
1108 5249 1159 5301 οί
1219 5251 1487 5323 ἑξήκοντα
1521 5257 1807 5330 ναύαρχοι,
1841 5260 1937 5327 οὓς

356 5330 469 5386 εδει
502 5335 642 5405 πρὸς
664 5334 726 5390 τὺ
756 5336 1019 5410 τόλμημα
1066 5341 1426 5414 συναίρεσθαι
1460 5348 1678 5420 ἐκείνῳ,
1706 5353 1936 5409 ἀνελκύο

2039 4787 2248 4869 exustis
2295 4785 2406 4841 illis
2464 4785 2783 4844 Berrbtnam
2840 4788 2947 4844 iter
3010 4798 3390 4860 capesserent.
3448 4791 3622 4847 Nocte

2040 4892 2205 4947 porro
2251 4877 2365 4944 illa;
2397 4893 2522 4932 cum
2563 4878 2711 4933 venti
2758 4878 3036 4937 luctantes
3083 4882 3412 4948 cessissent,
3441 4894 3499 4939 et
3533 4899 3623 4939 se-

2038 4967 2207 5024 cundi
2235 4967 2531 5038 spirarent,
2555 4968 2811 5025 deductis
2846 4971 3050 5036 denuo,
3076 4987 3215 5043 quas
3242 4974 3622 5031 subduxerunt

2041 5057 2295 5125 navibus,
2321 5068 2376 5114 et
2395 5052 2627 5114 sublatis
2645 5060 2799 5129 velis,
2824 5077 3017 5119 omnes
3041 5064 3206 5120 simul
3223 5065 3313 5121 die
3342 5069 3620 5137 sequenti,

2040 5152 2260 5219 portum
2317 5166 2427 5206 non
2462 5153 2655 5222 procul
2685 5152 3079 5210 Thessalonica
3125 5155 3350 5228 Clopam
3378 5159 3621 5229 appelln-

2043 5240 2183 5308 tum,
2259 5247 2578 5307 tenuerunt,
2629 5242 2828 5313 partim
2886 5244 3035 5314 quod
3092 5260 3351 5317 magnum
3420 5247 3620 5302 ducem

2040 5336 2450 5393 Thessalonicae
2472 5338 2671 5410 degere
2694 5338 3122 5405 arbitrarentur,
3151 5341 3467 5409 vellentque
3491 5354 3621 5395 cum

362 5434 560 5489 σαντες
612 5426 715 5491 τὰς
772 5429 925 5496 ναῦς,
976 5432 1072 5486 καὶ⁵
1112 5433 1253 5488 ὅπλα
1306 5449 1368 5487 τε
1398 5436 1789 5509 ἀναλαϐόντες,
1839 5443 1936 5498 καὶ

2043 5442 2130 5493 eo,
2187 5427 2232 5484 si
2291 5436 2539 5498 possent,
2586 5430 2779 5485 navale
2824 5431 3073 5500 praelium
3117 5430 3371 5496 miscere,
3415 5431 3620 5501 partim

356 5515 566 5589 ἄλευρα
626 5519 1015 5593 ἐπιφερόμενοι
1065 5520 1149 5590 οἷς
1202 5527 1432 5598 ἔμελλον
1460 5530 1931 5606 διατραφήσεσθαι

2043 5521 2189 5591 quod
2235 5524 2468 5577 adversa
2517 5539 2611 5577 ora
2658 5522 2874 5577 Botiaea:
2919 5523 3261 5593 importuosa
3304 5531 3471 5585 esset,
3501 5532 3650 5593 tam;

358 5611 499 5678 πρὸς
522 5613 620 5680 τὴν
646 5612 766 5666 δδόν
786 5631 802 5645 ·
838 5617 932 5670 καὶ
964 5616 1131 5688 ’Δμοὺ
1141 5637 1171 5691 ρ
1194 5622 1359 5686 αὐτὺς
1374 5626 1489 5688 τοῖς
1517 5624 1700 5690 ἄλλοις
1727 5628 1931 5699 ὁμοίως

2044 5621 2268 5683 tamque
2308 5611 2545 5667 classem
2573 5612 2768 5667 eodem
2799 5613 2921 5668 loco
2955 5610 3210 5682 nequiret
3241 5610 3509 5681 recipere.
3542 5670 3549 5677 ,

356 5704 549 5802 πάσιν,
578 5705 871 5802 ηὐλίσαντο
897 5711 1063 5766 αὑτοῦ
1103 5714 1202 5785 τὴν
1232 5716 1407 5772 νύκτα
1471 5718 1626 5790 παρά
1663 5721 1758 5774 τὸν
1815 5723 2103 5795 αἰγιαλόν·
2165 5726 2241 5791 ὡς
2298 5727 2416 5797 ἅμα
2474 5725 2548 5779 ἕω
2574 5726 2674 5790 τὰς
2721 5726 2852 5791 ναῦς
2903 5727 3310 5798 ἐμπρήσαντες,
3377 5727 3478 5795 τῆς
3539 5725 3626 5802 εἷς

355 5799 625 5869 “Nm”
656 5798 888 5869 ἔχωνται
923 5803 1219 5876 ψερούσης.
1253 5805 1366 5877 Τῆς
1430 5813 1625 5875 νυκτὸς
1663 5812 1720 5866 δὲ
1749 5815 1966 5887 ἐκείνης
2003 5819 2113 5874 τῶν
2177 5821 2441 5876 ἐναντίων
2500 5821 2831 5891 πνευμάτων
2883 5820 3269 5891 παυσαμένων,
3319 5820 3521 5893 οὑρίων
3558 5821 3621 5875 δὲ

359 5897 828 5965 ὲπιπγευσάντων,
863 5898 958 5963 τάς
988 5899 1419 5976 ἀνειλκυσμένας
1458 5908 1915 5980 καθελκύσαντες,
1964 5917 2054 5970 καὶ
2087 5918 2202 5990 ἅμα
2268 5918 2472 5982 πείσαις
2520 5917 2757 5987 ἄραντες
2812 5918 2981 5985 ἱστία,
3033 5920 3111 5982 εἰς
3178 5918 3277 5987 τὴν
3319 5919 3616 5991 ὑστεραίαν
