4014 6426
312 309 461 374 1089

1450 299 2001 391 ms'ronmnun
2044 300 2280 363 manu
2328 304 2443 365 Ill.

3362 344 3371 349 ’
3432 312 3569 375 1030

306 418 624 487 ἀναγκαίως
655 415 747 471 καὶ
788 418 950 481 αὐτὸς
993 418 1191 489 ἐχώρει
1222 416 1355 488 πρὸς
1383 417 1477 468 τὸν
1506 415 1765 481 πόλεμον,
1793 412 1882 466 καὶ

1993 412 2098 467 iam
2133 429 2284 484 spem
2318 418 2471 485 pacis
2528 417 2850 484 faciebant,
2902 424 3216 479 necessario
3249 433 3304 479 et
3346 425 3463 495 ipse
3500 426 3568 479 ad

302 512 616 581 1ῖεενὶιγκιιιζεν
646 510 797 582 αὑτῷ
828 511 930 574 τὰς
976 510 1158 572 πόλεις
1194 509 1541 580 προσχωρεῖν
1585 505 1618 575 ἢ
1654 504 1888 565 ἑκούσας

303 605 338 675 ἢ
374 603 723 673 βιαζομένας.
769 602 1011 655 Βασιλίδι
1063 601 1120 654 δὲ
1170 600 1380 672 Είρὴνῃ
1422 601 1478 651 ἐν
1522 594 1889 666 Διδυμοτείχῳ

307 696 475 765 μηδὲν
498 696 684 767 ἕτερον
707 695 834 766 περὶ
863 693 1130 764 βασιλέως
1161 691 1514 763 πεπυσμένη,
1531 691 1615 743 ότι
1643 684 1723 759 μὴ’
1750 688 1888 758 πρὸς

304 789 573 859 Βὲῤῥοταν
629 785 902 857 διατρίϐει
944 785 1450 857 προσχωρήσασαν,
1483 780 1831 850 ἀπήγγελλεν
1860 781 1888 833 ὁ

302 878 597 949 ἀρχιερεὺς
643 878 1053 949 Διδυμοτείχου,
1087 877 1171 930 ὅτι
1207 875 1462 947 βασιλεὺς
1494 873 1581 943 εἴη
1615 877 1715 942 τῆς
1745 871 1890 927 Χαλ-

300 971 514 1040 κηδέων
543 970 761 1035 ὲπιόὰς,
793 970 888 1024 καὶ
935 968 1255 1022 ἐπιστεύετο
1295 966 1516 1022 αὐτίκα.
1565 961 1749 1019 Ἦσαν
1777 964 1887 1033 γὰρ

204 1071 213 1081 ⁶
302 1062 454 1115 οὐδὲν
487 1063 683 1132 μικρὸν
705 1062 834 1132 περὶ
852 1061 1063 1114 ἐκείνου
1087 1059 1451 1129 πεπυσμένοι,
1472 1057 1588 1112 ἀλλ’
1608 1057 1684 1120 ὡς
1707 1057 1888 1112 πάντα

302 1156 371 1207 τά
403 1156 637 1224 ἐσόμενα
668 1153 832 1206 είδότι
861 1153 1155 1224 προσεῖχον
1183 1151 1454 1219 ἀκριϐῶς.
1479 1149 1588 1203 Καὶ
1616 1144 1760 1221 ἦσαν
1792 1149 1884 1200 eo-

302 1247 399 1308 θῦς
428 1246 484 1297 ὲν
518 1245 733 1314 κρότοις
767 1246 863 1298 καὶ
892 1246 1130 1315 ἑορταῖς,
1164 1243 1388 1313 καὶτῆς
1424 1240 1687 1295 ἐπανόδου
1727 1240 1888 1311 βασι-

300 1336 439 1399 λέως
474 1336 675 1399 πολλὰς
721 1334 843 1406 Θεῷ
872 1336 1153 1407 προσῆγον
1181 1335 1281 1397 τὰς
1314 1331 1694 1405 εὐχαριστίας.
1737 1330 1886 1384 Μετὰ

301 1431 496 1500 τρίτην
528 1429 582 1482 δὲ
605 1427 835 1498 -ἠμέραν
882 1429 941 1494 ἐξ
985 1429 1221 1492 ἐκείνου,
1254 1428 1348 1480 καὶ
1393 1428 1422 1480 ὁ
1454 1425 1756 1490 Μουζάλων
1780 1419 1884 1495 ἧκε

303 1523 457 1592 παρὰ
495 1520 760 1592 βασιλέως
802 1520 897 1573 καί¹
940 1519 1255 1592 ἀπήγγελλε
1295 1520 1473 1573 πάντα
1505 1517 1579 1578 ὡς
1619 1517 1839 1585 ἐγένετο
1867 1530 1884 1547 ο

301 1615 398 1668 καὶ
429 1613 592 1665 πάλιν
616 1607 759 1679 ἦσαν
792 1612 852 1664 ἐν
883 1613 1005 1674 ταῖς
1035 1612 1254 1681 ὁμοίαις
1288 1610 1505 1680 ἑορταῖς
1527 1609 1631 1679 ἠδη
1672 1605 1888 1676 βεϐαιό-

300 1720 482 1775 τερον.
512 1702 726 1765 Γλάϐας
749 1700 809 1755 δὲ
844 1701 1120 1769 Γεώργιος
1155 1698 1214 1763 ὃς
1246 1698 1357 1752 τῶν
1382 1701 1462 1761 είς
1500 1698 1886 1769 Διδυμὸτειχον

297 1792 653 1860 τεταγμένων
678 1789 871 1861 ἄρχειν
899 1784 981 1853 εἷς
1002 1785 1094 1860 ἦν,
1127 1786 1300 1841 ἐλθὼν
1324 1788 1461 1858 πρὸς
1478 1790 1572 1840 τὸν
1596 1787 1882 1857 ἀρχιερέα,

299 1882 470 1950 εὐχὴν
503 1880 625 1951 ᾔτει
663 1880 795 1950 παρ’
829 1878 1020 1942 αὐτοῦ,
1049 1879 1125 1942 ὡς
1151 1880 1231 1941 είς
1266 1878 1495 1948 βασιλέα
1515 1877 1845 1948 ἀφιξόμενις
1866 1892 1881 1908 ο

296 1970 597 2024 δεδοικέναι
630 1971 742 2041 γὰρ
796 1970 872 2041 μὴ
922 1970 1054 2040 πρὶν
1088 1971 1300 2024 ἐκεῖνον
1350 1972 1650 2039 ιπανήκειν
1700 1971 1888 2022 τελευ-

280 2065 493 2137 τήσας,
521 2066 619 2133 τῆς
648 2062 876 2134 ἡδίστης
925 2062 1101 2132 ὅψεως
1141 2061 1405 2133 βασιλέως
1436 2060 1790 2131 ἀποστερηοῇ
1820 2077 1833 2089 ·
1857 2062 1886 2114 ὁ

295 2154 342 2208 δ’
369 2156 644 2225 ἐπέτρεπε
687 2155 788 2225 μὲν
838 2155 975 2225 πρὸς
1022 2157 1230 2208 ἐκεῖνον
1281 2154 1616 2224 ἀφικέσθαι,
1649 2156 1884 2225 παρῄνει

293 2248 354 2303 δὲ
390 2248 637 2319 θαρρεῖν,
686 2248 762 2312 ὡς
795 2246 990 2316 ὄψεται
1037 2246 1285 2317 βασιλέα,
1314 2246 1412 2300 καὶ
1458 2248 1539 2309 εἰς
1570 2248 1731 2317 τήνδε
1786 2248 1885 2318 τὴν

298 2338 457 2393 πόλιν
487 2339 858 2408 ὶπανήκοντα,
906 2339 1003 2392 καὶ
1039 2339 1177 2407 πρός
1210 2354 1364 2400 τινας
1405 2337 1712 2406 ὑπηρεσίας
1752 2342 1887 2408 χρή-

299 2449 457 2503 σιμος
489 2433 681 2499 ἐκείνῳ
717 2431 898 2484 ἔσται.
934 2432 1095 2511 Meri:
1127 2430 1184 2484 δέ
1204 2447 1326 2484 τινα
1366 2430 1563 2501 χρόνον
1592 2430 1757 2500 ⁴ἡνίκα
1789 2432 1886 2484 καὶ

295 2524 464 2579 αὐτὸν
495 2524 619 2595 ἤδη,
653 2522 791 2593 πρὸς
830 2526 900 2574 τὰ
935 2524 1150 2577 ἐκεῖθεν
1190 2522 1558 2593 δικαιωτήρια
1590 2521 1882 2590 κληθέντα,

296 2614 822 2688 παρασκευάζεσθαι
874 2615 969 2667 καὶ
1019 2614 1205 2678 αὐτὸν,
1234 2615 1308 2675 ὡς
1345 2614 1486 2683 μετὰ
1519 2613 1715 2683 μικρὸν
1746 2614 1883 2666 duro-

295 2700 643 2777 λείψοντατὸ
682 2707 788 2778 ζῇν
814 2724 828 2738 ⁸
858 2704 1002 2760 οὕτω
1042 2707 1151 2776 γὰρ
1199 2702 1340 2760 εἶναι
1378 2706 1701 2775 δεδογμένον
1730 2706 1883 2775 παρὰ

292 2797 441 2868 Θεῷ.
463 2788 650 2851 Ταῦτα
691 2796 791 2865 μὲν
831 2795 946 2862 οὖν,
976 2796 1168 2867 ὥσπερ
1212 2795 1700 2867 είρηται,ΰστερον
1743 2798 1884 2851 ἀπέ-

297 2892 474 2945 6αινε.
506 2890 782 2953 Βασιλέως
813 2890 868 2942 δὲ
914 2889 1283 2961 Περιθεώριον
1317 2890 1756 2963 πολιορκοῦντος,
1787 2891 1882 2943 καὶ

297 2981 577 3050 κλίμακας
624 2980 717 3033 καὶ
771 2982 1023 3050 μηχανὰς
1056 2975 1567 3045 κατασκευάζοντος
1606 2980 1742 3051 πρὸς
1782 2981 1880 3052 τὴν

1998 506 2203 562 bellum
2252 508 2751 566 administrandum
2795 513 3160 581 incumbere,
3200 527 3255 570 et
3294 518 3458 571 urhes
3502 519 3569 570 ad
3658 548 3667 559 η

1994 594 2332 656 deditionem
2374 602 2624 658 volentes
2666 604 3031 674 nolentesque
3077 620 3296 675 cogere.
3330 607 3571 676 impera-

1992 692 2119 748 trici
2164 706 2299 748 vero
2349 694 2721 764 Didymotiehi
2752 710 2878 751 eum
2933 697 3083 751 aliud
3139 698 3206 752 de
3237 697 3571 767 imperatore

1991 783 2193 839 marito
2221 784 2361 839 nihil
2381 787 2763 856 comperisset,
2800 788 2906 841 nisi
2946 788 3090 858 apud
3124 788 3443 844 Berrhmam
3478 804 3574 842 ur-

1991 874 2117 929 bem
2177 873 2491 931 dedititiam
2558 891 2718 943 esse,
2775 877 3073 948 episcopus
3130 879 3409 932 nuntiavit
3460 879 3571 948 jam

1989 962 2345 1020 Chalcidicen
2398 966 2745 1036 pervenisse,
2776 968 2867 1022 cui
2896 969 3081 1023 statim
3121 968 3380 1039 adjuncta
3414 968 3573 1034 lides,

1990 1054 2443 1125 quandoquidem
2494 1057 2636 1111 nihil
2687 1058 3102 1127 non‘magnum
3155 1059 3224 1113 de
3254 1073 3322 1113 eo
3368 1057 3574 1113 sentie-

1989 1144 2150 1213 bant,
2205 1157 2261 1201 et
2303 1154 2364 1201 ut
2392 1154 2754 1203 venturorum
2786 1151 3037 1224 omnium
3072 1150 3307 1221 provido
3338 1151 3574 1220 diligen-

1993 1245 2079 1292 ter
2135 1237 2522 1296 attendebant.
2597 1240 2851 1310 Aguntur
2918 1256 3047 1295 mox
3105 1241 3295 1305 feria),
3348 1242 3574 1310 plausus

1991 1330 2190 1396 edunt,
2218 1340 2275 1386 et
2308 1331 2552 1386 reditum
2577 1332 2930 1399 imperatoris
2959 1333 3069 1389 Deo
3095 1334 3356 1403 impensa:
3386 1342 3572 1403 gratu-

1990 1423 2195 1478 lantur.
2245 1424 2375 1478 Post
2399 1425 2545 1479 diem
2591 1428 2814 1480 tertium
2848 1426 3102 1480 analon
3136 1428 3203 1481 ab
3234 1427 3570 1495 imperatore

1990 1517 2314 1576 adveniens.
2352 1518 2537 1572 omnia
2565 1528 2627 1573 ut
2678 1528 2830 1589 gesta
2874 1525 3043 1594 erant
3084 1518 3398 1584 recensuit;
3448 1533 3571 1572 iur-

1989 1624 2227 1680 sumque
2292 1608 2446 1666 feriae
2480 1619 2538 1666 et
2577 1610 2803 1681 quidem
2859 1611 3213 1666 constantius
3260 1610 3571 1664 celebratae.

1988 1701 2258 1772 Gemgius
2282 1712 2465 1756 autem
2487 1702 2707 1765 Glabas,
2734 1718 2879 1757 unus
2904 1702 3293 1773 prml‘cctorum
3325 1702 3570 1772 praesidii

1991 1794 2515 1867 Didymotichcusis,
2542 1795 2866 1865 episcopum
2890 1794 3253 1861 conveniens,
3282 1801 3342 1848 ut
3364 1794 3468 1848 sibi
3502 1794 3570 1848 ad

1989 1887 2381 1956 imperatorem
2430 1887 2751 1957 profecturo
2785 1887 2929 1943 bene
2977 1894 3296 1957 precaretur
3326 1887 3571 1956 petebat,

1988 1978 2137 2047 quod
2164 1994 2224 2033 se
2252 1978 2450 2032 timere
2475 1980 2690 2033 diceret
2716 1994 2784 2033 ne
2812 1988 2939 2034 ante
2970 1978 3122 2033 illius
3152 1978 3383 2033 reditum
3425 1992 3573 2032 mor—
3610 1972 3613 1975 ’

1991 2082 2139 2134 tuus,
2167 2070 2495 2126 suavissimo
2514 2070 2635 2142 ejus
2656 2081 2878 2139 aSpectu
2904 2073 3240 2141 privaretur.
3266 2069 3573 2139 Episcopus
3655 2077 3662 2085 '

1987 2178 2113 2218 eum
2142 2162 2412 2232 proﬁcisci
2440 2163 2716 2232 permisit,
2738 2163 2994 2219 hortatus
3016 2162 3164 2218 bono
3189 2168 3337 2218 esset
3358 2161 3569 2227 animo,

1989 2257 2232 2309 \isurum
2263 2237 2676 2324 imperatorem,
2697 2262 2752 2309 et
2781 2254 3002 2324 quidem
3030 2254 3085 2308 in
3110 2269 3173 2307 ea
3196 2255 3309 2323 ipsa
3335 2255 3487 2309 urbe.
3515 2263 3572 2308 ct

1989 2346 2043 2400 iu
2069 2346 2397 2415 quihusdam
2426 2345 2807 2401 [unctionibus
2836 2346 3047 2400 utiliter
3068 2348 3117 2400 ei
3140 2345 3302 2417 574
3335 2345 3572 2400 inservi-

1991 2450 2198 2494 turum.
2245 2439 2539 2510 Inlerjecto
2562 2450 2747 2494 autem
2778 2439 3049 2494 nonnullo
3079 2448 3352 2509 tempore.
3397 2438 3487 2494 ubi
3512 2454 3573 2493 se

1986 2531 2193 2587 viderit
2219 2532 2286 2585 ad
2320 2532 2461 2585 illud
2477 2532 2702 2587 caeleste
2734 2531 2977 2585 tribunal
3007 2543 3325 2595 evocatum,
3357 2547 3573 2601 praepa-

1989 2636 2073 2679 ret
2106 2624 2352 2678 animum
2383 2632 2439 2677 ut
2473 2623 2641 2693 paulo
2680 2631 2805 2693 post
2848 2624 2968 2698 ipse
3001 2638 3225 2693 quoque
3270 2623 3575 2676 mortalita—

1991 2724 2100 2770 tem
2135 2713 2460 2784 expiaturus
2497 2730 2513 2767 :
2542 2713 2625 2768 sic
2650 2713 2797 2767 enim
2820 2712 3002 2765 visum
3039 2711 3171 2765 Deo.
3221 2710 3344 2765 lia-c
3365 2719 3426 2763 ut
3450 2725 3576 2779 pro-

1985 2804 2239 2860 nuntiata
2261 2813 2418 2869 sunt,
2445 2801 2519 2855 ita
2549 2811 2872 2857 evenerunt.
2902 2802 3239 2870 imperatore
3266 2811 3451 2856 autem
3475 2801 3575 2856 Pc-

1970 2895 2317 2951 ritheorium
2375 2893 2700 2959 obsidente,
2734 2894 3027 2962 seaiasque
3065 2902 3120 2948 et
3168 2893 3451 2947 machinas
3494 2893 3564 2946 ad

1987 2999 2176 3039 muros
2229 2981 2631 3053 oppugnandos
2681 2993 3060 3051 comparantc,
3124 2983 3332 3036 Sancta
3366 2982 3479 3038 Pax
3516 2990 3573 3036 et

291 3071 679 3143 τειχομαχίαν,
707 3073 775 3124 τὰ
808 3074 866 3124 ὲν
892 3074 958 3143 τῇ
991 3072 1223 3144 Μερόπη
1257 3073 1495 3142 φρούρια
1525 3072 1881 3143 προσεχώρη-

1988 3074 2265 3129 Pobisdus
2318 3073 2543 3127 castella
2597 3072 2851 3141 Meropes
2915 3072 3028 3143 (29)
3076 3086 3137 3127 se
3185 3073 3569 3136 tradiderunt,

298 3180 422 3229 σαν,
454 3165 576 3232 ἦτε
630 3162 789 3231 Ἀγία
823 3164 1017 3233 εἰρήνη
1071 3165 1646 3234 προσαγορευόμενον,
1695 3167 1790 3218 καὶ
1855 3168 1883 3220 ὁ

295 3255 582 3320 Ποὸισδόςζ
651 3257 758 3311 Καὶ
809 3257 1058 3320 ἐλθόντες
1127 3258 1266 3327 πρὸς
1327 3258 1576 3327 βασιλέα,
1633 3260 1883 3330 ἡγεμόνα

295 3349 512 3405 ἐδέοντο
562 3349 750 3413 αὐτοῖς
810 3349 1252 3420 παρασχεθῆναι,
1287 3351 1386 3403 σὺν
1438 3353 1651 3414 τούτοις
1697 3352 1753 3405 δὲ
1787 3352 1883 3406 καὶ

290 3443 479 3511 ἕτεροι
531 3441 765 3510 νομάδες
796 3444 856 3494 τὸ
900 3442 1033 3495 αὐτὸ
1077 3443 1356 3505 οἰκοῦντες
1388 3443 1514 3512 ὅρος
1558 3445 1614 3497 ὲν
1660 3444 1881 3512 κώμαις

172 3544 189 3556 ⁸
291 3534 627 3605 ἀτειχίστοις
649 3550 662 3562 ·
688 3533 739 3585 οἳ
771 3534 858 3587 διὰ
890 3534 993 3602 τὴν
1023 3534 1158 3603 πρὸς
1183 3535 1418 3589 Βασιλέα
1447 3536 1685 3590 εὔνοιανο
1717 3534 1881 3608 (ἦσαν

298 3624 406 3697 γὰρ
439 3624 835 3701 καὶ-πρότερον
869 3625 962 3676 ὑπ’
990 3625 1199 3679 ἐκεῖνον
1244 3630 1574 3697 τεταγμένοι
1616 3627 1879 3698 βασιὶέως

304 3717 649 3787 Ἀνδρονίκου
670 3716 750 3769 ἔτι
777 3712 1101 3786 περιόντος),
1128 3717 1235 3770 τῶν
1267 3718 1444 3772 ἄλλων
1472 3719 1676 3789 πρῶτοι
1704 3738 1880 3789 παρε-

289 3809 539 3876 γένοντο,
564 3808 659 3860 καὶ
695 3811 957 3879 παρεῖχον
992 3809 1217 3871 ἑαυτοὺς
1238 3809 1458 3872 ἑκόντες
1487 3811 1719 3880 βασιλεῖ.
1750 3812 1882 3864 Σκε-

288 3899 552 3970 πτομένῳ
576 3898 634 3952 δὲ
668 3900 796 3968 περὶ
829 3900 1010 3953 αὐτῶν
1061 3901 1197 3972 πρὸς
1255 3901 1283 3953 ὁ
1330 3919 1383 3953 τι
1441 3905 1727 3973 χρήσαιτο.
1783 3904 1880 3958 καὶ

285 3991 419 4044 τίνα
448 3990 800 4060 ὲπιστήσειεν
834 3991 1073 4062 ἄρχοντα
1101 3992 1307 4056 αὐτοῖς,
1338 3992 1518 4045 ἐδόκει
1563 3993 1672 4047 δεῖν
1699 3995 1879 4063 Μομι-

286 4082 462 4153 τζίλῳ
493 4084 594 4154 τὴν
628 4081 801 4153 ἀρχὴν
828 4082 1010 4136 αὐτῶν
1044 4083 1332 4153 παρέχειν,
1376 4084 1436 4135 οὐ
1486 4084 1647 4152 μόνον
1688 4085 1779 4138 διὰ
1818 4087 1879 4137 τὸ

289 4175 566 4243 ὁμόφυλον
609 4175 839 4243 νομίσας
870 4175 1247 4228 διακείσεσθαι
1280 4175 1429 4245 αὑτῷ
1459 4175 1721 4240 εὐνοϊκῶς
1750 4177 1878 4238 τοὺς

286 4268 516 4338 νομίδας
545 4267 809 4331 ἐκείνους,
845 4266 959 4320 ἀλλ’
991 4269 1072 4320 ὅτι
1122 4270 1215 4320 κα)⁵
1249 4267 1515 4336 εὐψυχίας
1548 4270 1641 4322 καὶ
1671 4269 1877 4338 τόλμης

1986 3180 2221 3236 quorum
2258 3164 2451 3219 incola:
2478 3163 2767 3219 venientes
2794 3166 3113 3233 praefectum
3141 3165 3244 3218 sibi
3279 3165 3392 3219 dari
3414 3179 3568 3234 roga-

1986 3258 2136 3311 bant.
2166 3256 2511 3311 Dediderunt
2541 3269 2742 3310 secum
2768 3255 2879 3310 illis
2935 3265 2991 3310 et
3028 3256 3121 3309 alii
3149 3255 3374 3326 quidam
3413 3270 3571 3324 agre-

1983 3365 2117 3417 sws,
2146 3350 2210 3404 ad
2243 3351 2494 3404 etundem
2533 3358 2774 3403 montem
2799 3349 2951 3404 vicus
2971 3349 3091 3403 sine
3115 3348 3289 3403 muris
3316 3348 3571 3402 habitan-

1956 3452 2088 3503 tes,
2120 3443 2214 3513 qui
2270 3452 2497 3513 propter
2531 3441 2965 3512 propensionem
2998 3456 3125 3510 erga
3174 3441 3567 3510 imperatorem

1987 3536 2115 3609 (sub
2145 3549 2212 3589 eo
2234 3536 2382 3589 enim
2412 3541 2597 3599 antea,
2624 3533 2756 3588 vivo
2780 3532 2962 3589 adhuc
2988 3532 3308 3586 Andronico
3334 3533 3573 3602 impera-

1986 3638 2132 3692 tore,
2186 3626 2582 3696 militaverant)
2612 3640 2724 3695 prae
2764 3625 2978 3681 caeteris
3018 3624 3084 3678 ad
3115 3639 3241 3678 eum
3273 3635 3568 3677 venerunt.

1981 3718 2083 3773 Cui
2121 3716 2383 3787 cogitanti
2425 3716 2563 3786 quid
2597 3715 2678 3770 eis
2706 3715 2915 3786 negotii
2955 3715 3284 3783 imponeret,
3316 3721 3373 3768 et
3401 3728 3564 3782 quem

1983 3811 2308 3882 praeﬁceret,
2354 3808 2717 3862 Momitzilum
2748 3807 3032 3876 praeﬁcere
3068 3807 3298 3876 placuit,
3343 3820 3455 3859 non
3480 3820 3570 3860 so-

1982 3904 2097 3958 lmu
2140 3902 2270 3971 quia
2314 3909 2536 3971 propter
2572 3899 3025 3953 communionem
3074 3898 3254 3968 gentis
3299 3895 3567 3952 rus:icani

1984 3994 2060 4049 illi
2093 4009 2218 4047 eum
2252 3990 2591 4060 complexuri
2621 3999 2828 4052 essent,
2856 3989 2952 4043 sed
2976 3989 3123 4058 quod
3147 3988 3314 4044 etiam
3339 3987 3393 4041 in
3427 4003 3567 4055 prw-
3650 3981 3665 3992 ’

1979 4084 2054 4139 1ἰο
2111 4082 2324 4135 nullum
2381 4096 2410 4134 a
2453 4096 2513 4134 se
2571 4079 3043 4147 magnanimitatis
3092 4092 3159 4133 ac
3221 4078 3567 4132 fortitudinis

1980 4174 2223 4230 cilicium
2271 4172 2581 4228 desiderari
2620 4181 2927 4241 pateretur,
2956 4170 3022 4225 ad
3061 4171 3438 4240 pmdandum,
3472 4184 3562 4224 ra-

1979 4267 2358 4338 piendumque
2406 4263 2929 4318 exercitatissimus.
2980 4263 3111 4316 Erat
3168 4261 3317 4317 enim
3361 4275 3564 4331 genere
3611 4248 3623 4260 ’

250 4391 259 4397 -
287 4359 436 4429 πρὸς
463 4363 563 4421 τὰς
600 4362 779 4430 μάχας
811 4361 964 4412 οὐδὲν
996 4359 1212 4412 ἐνέλιπε
1234 4375 1247 4389 ·
1298 4360 1393 4412 καὶ
1426 4359 1564 4428 πρὸς
1617 4360 1876 4431 λῃστείας

1984 4357 2211 4421 Mcesus,
2244 4363 2300 4408 et
2330 4361 2554 4422 pr0pter
2593 4368 2689 4407 eas
2716 4350 2861 4421 quas
2887 4351 3000 4405 dixi
3028 4361 3177 4406 artes
3206 4349 3558 4420 proﬂigatus,

290 4419 397 4505 κᾷι
417 4419 906 4521 ⁷όιρπαγόιςηόίριστα
932 4452 1226 4521 ὲξήσκητο.
1248 4447 1359 4504 Ἦν
1389 4419 1499 4521 γὰρ
1534 4419 1599 4522 δὴ
1625 4419 1875 4520 dubiam;

1984 4448 2047 4502 ad
2084 4447 2361 4501 Romanos
2398 4460 2456 4498 se
2487 4445 2861 4513 applicaverat
2884 4483 2899 4509 ,
2932 4457 3171 4511 eumque
3204 4441 3560 4497 Andronicus

290 4541 479 4607 τζίλος
507 4533 662 4604 οὗτος
723 4541 782 4596 τὸ
811 4544 968 4609 γένος
1001 4539 1100 4609 μὲν
1141 4541 1348 4604 Μυσὸς,
1397 4540 1483 4594 διὰ
1527 4542 1583 4594 δὲ
1624 4542 1880 4613 λῃστείας

291 4632 395 4686 καὶ
443 4631 696 4700 ἁρπαγὰς
732 4630 946 4684 ἐκεῖθεν
998 4631 1235 4694 ἐλαθεὶς,
1288 4631 1422 4700 πρὸς
1482 4632 1792 4699 Ῥωμαίους
1818 4647 1877 4683 τε

288 4720 535 4790 ἐγένετο,
570 4723 663 4776 xui.
712 4723 816 4775 ὑπὸ
865 4722 1130 4791 βασιλέως
1193 4722 1536 4792 Ἀνδρονίκου
1567 4723 1678 4784 τοῖς
1713 4738 1867 4792 στρα·

285 4814 521 4877 τιώταις
560 4814 883 4884 κατελέχθη.
943 4815 1167 4885 Χαίρων
1214 4815 1271 4868 δὲ
1320 4818 1407 4868 ἀεὶ
1468 4814 1753 4886 λῃστείαις
1786 4815 1877 4867 καὶ

294 4904 474 4959 πολλὰ
515 4905 613 4977 τὴν
653 4905 871 4958 Μυσίαν
925 4905 1252 4974 κακουργῶν
1281 4905 1369 4958 διὰ
1399 4905 1460 4958 τὸ
1494 4906 1733 4974 μάλιστα
1776 4904 1876 4973 ἔμ-

293 5014 492 5067 πειρον
529 4996 639 5049 τῶν
672 4997 854 5049 τόπων
883 4990 1065 5057 εἶναι..
1085 4998 1382 5065 stop-qvam
1426 4996 1527 5064 μὲν
1573 4995 1742 5049 πολλὰ
1773 4995 1879 5047 ὑπὸ

232 5090 239 5095 ’
288 5088 406 5141 τῶν
425 5088 494 5141 τά
521 5086 752 5157 μεθόρια
780 5087 879 5157 τῆς
897 5086 1098 5140 Μυσῶν
1126 5088 1221 5139 καὶ
1253 5086 1547 5155 Ῥωμαίων
1578 5085 1877 5157 ἡγεμονίας

289 5178 574 5248 ἀρχόντων
617 5179 691 5249 μὴ
725 5179 951 5232 τοιαῦτα
1005 5181 1335 5248 κακουργεῖν
1385 5178 1630 5231 σπονδῶν
1675 5180 1874 5243 οὐσῶν,

290 5272 394 5322 καὶ
425 5269 665 5338 πόλεμον
708 5272 900 5325 κινεῖν.
943 5268 1004 5324 '0
1031 5271 1089 5324 δὲ
1143 5271 1203 5323 οὐ
1243 5271 1388 5324 πάνυ
1439 5269 1721 5322 πείθεσθαι
1746 5270 1896 5349 ἡδύ-ιχ

290 5376 431 5416 να.το
454 5378 470 5393 ·
499 5362 619 5416 ἀλλ’
647 5363 740 5415 ἐπί
773 5381 896 5417 τινα
924 5364 1119 5436 χρόνον
1158 5361 1468 5433 ἡσυχάζων,
1514 5361 1628 5423 τοῖς
1665 5361 1875 5431 ὁμοίοις

291 5452 464 5507 πάλιν
501 5455 803 5526 ἐπεχείρει.
861 5456 1087 5508 Μέλλων
1130 5455 1187 5508 δὲ
1237 5454 1337 5525 ἠδη
1373 5452 1475 5522 τῆς
1533 5455 1872 5522 κακουργίας

1980 4543 2282 4611 imperator
2337 4537 2390 4591 in
2441 4536 2628 4591 album
2683 4535 2921 4589 militum
2970 4535 3254 4589 retulerat.
3284 4533 3388 4599 Qui
3431 4547 3560 4587 cum

1979 4631 2182 4703 praedis
2245 4629 2480 4699 agundis
2527 4642 2749 4697 semper
2791 4627 3182 4690 delectaretur,
3228 4633 3286 4680 et
3313 4625 3561 4690 Messias,

1983 4732 2174 4793 utpote
2215 4723 2467 4774 locorum
2520 4718 2916 4788 peritissimus,
2959 4732 3066 4770 non
3107 4731 3299 4785 parum
3351 4716 3562 4769 incom-

1985 4816 2237 4868 modaret
2266 4853 2280 4878 ,
2344 4828 2486 4880 saepe
2542 4812 2870 4866 monebatur
2902 4810 2972 4864 ab
3008 4812 3093 4864 his
3135 4810 3228 4880 qui
3264 4810 3560 4864 Marsorum

1982 4907 2474 4975 Romanorumque
2504 4903 2760 4959 conﬁniis
2797 4904 3018 4958 tuendis
3062 4910 3359 4972 prat'crant,
3393 4916 3477 4969 ne
3503 4900 3556 4954 in

1978 4997 2189 5052 findere
2217 4995 2537 5064 huiusmodi
2565 4996 2835 5050 maleficia
2873 4996 3213 5065 designaret,
3254 5003 3311 5047 et
3352 4993 3557 5046 bellum

1980 5088 2251 5144 irritaret.
2284 5086 2534 5154 Quorum
2567 5089 2803 5142 vocibus
2834 5088 2925 5141 ille
2968 5101 3077 5140 non
3124 5086 3346 5156 penitus
3384 5100 3560 5154 eXpn-

1980 5180 2278 5252 gnabatur,
2333 5179 2429 5234 sed
2480 5180 2549 5233 ad
2609 5189 2827 5249 tempus
2874 5180 3192 5249 quiescens,
3244 5179 3558 5232 intermissa

1981 5270 2287 5343 repetebat.
2320 5271 2550 5341 Jamque
2581 5272 2849 5326 scelerum
2894 5287 3120 5326 suorum
3150 5272 3386 5340 pretium
3416 5270 3557 5322 latu-

1977 5379 2099 5428 rus,
2142 5362 2405 5432 quoniam
2447 5370 2505 5417 et
2534 5360 2720 5418 Moesis
2750 5371 2978 5432 prepter
3013 5362 3304 5416 latrocinia
3343 5360 3560 5413 invisus

1974 5467 2113 5522 erat,
2141 5463 2198 5510 et
2248 5456 2510 5510 Romanis
2561 5470 2687 5511 eum
2722 5454 3199 5526 comprehendere
3240 5452 3555 5507 volentibus

1524 5585 1739 5647 Jacobi
1782 5588 2049 5650 Pontani
2087 5596 2272 5650 notae.

371 5712 480 5785 (29)
505 5713 717 5771 Μίτυος
746 5716 843 5788 {uit
875 5732 981 5771 una
1008 5733 1072 5771 ea:
1108 5716 1406 5788 provinciis,
1433 5730 1523 5775 seu
1562 5711 1858 5783 regionibus
1896 5715 2127 5771 Thracia?
2159 5718 2295 5774 sicut
2318 5716 2584 5788 Rhodopa.

2400 6008 2429 6022 ’Ὦ
