4014 6428
292 368 305 373 -
362 273 532 384 ’1093

1521 306 2069 374 lllSTOltlAliUM
2115 308 2347 369 LIBER
2390 307 2505 366 Ill.

3494 307 3638 373 1096

383 437 496 514 ρῶς
529 433 630 507 μὶν
666 434 1084 492 ἀντιτάττεσθαι
1115 434 1248 508 πρὸς
1266 434 1366 506 τὴν
1395 434 1654 506 στρατιὰν
1682 436 1782 504 τὴν
1814 435 1956 503 Περι

2064 430 2215 495 bant,
2251 431 2373 486 aliis
2394 445 2494 501 pro
2520 428 2780 483 facultate
2797 423 3187 514 consulebant,
3221 436 3287 514 ne
3317 421 3384 475 ab
3409 431 3546 514 tpsts
3568 419 3639 474 σι’

385 527 544 597 σικὴν
592 526 692 580 οὐκ
742 520 882 596 ἦσαν
927 527 1161 583 δυνατοί.
1216 526 1538 598 Πέμψαντες
1593 527 1651 581 δὲ
1703 529 1963 597 στρατιὰν

388 616 522 686 πρὸς
572 616 672 687 τὴν
717 601 1022 685 Ἀδριανοῦ,
1055 614 1359 686 ἐφρούρουν
1401 607 1478 669 ὦν
1496 610 1665 685 ἦρχεν
1689 615 1717 668 6
1747 614 1961 684 Σφραν-

384 709 539 777 τζὴς,
590 706 826 777 μάλιστα
882 705 993 759 τῶν
1026 709 1103 773 {sv
1149 710 1216 777 τῇ
1272 706 1466 778 θράκῃ
1519 706 1730 759 πόλεων
1785 703 1960 775 μείζω

394 797 491 849 καὶ
519 796 958 865 ἀναγκαιοτέραν
980 797 1147 851 οὖσαν
1176 811 1192 829 ⁸
1227 797 1323 852 καὶ⁵
1350 797 1461 850 τῶν
1482 796 1656 850 ἄλλων
1679 796 1960 850 ἐποιοῦντο

387 876 642 949 πρόνοιαν
709 884 808 953 ὅση
862 884 1083 955 δυνατὴ,
1139 883 1282 938 ὥστε
1336 886 1413 956 μὴ
1466 882 1764 955 ἀποστῆναι
1822 886 1961 956 προς

390 975 849 1046 Καντακουζηνὺν
890 976 980 1030 τὸν
1015 976 1244 1045 βασιλέα
1276 976 1371 1030 ἀπ’
1403 976 1605 1033 αὐτῶν.
1636 977 1961 1048 Σφραντζὴς

386 1061 480 1118 οὖν
514 1064 818 1135 πυθόμενος
858 1067 993 1136 »περὶ
1044 1065 1336 1143 βασιλέως,
1387 1066 1464 1131 ὡς
1508 1067 1960 1138 ἐπιστρατεύσειε

386 1153 734 1223 Στενιμάχῳ,
784 1154 878 1207 καὶ
922 1154 1153 1224 νομίσας
1197 1155 1275 1220 ὡς
1332 1156 1420 1227 εἴη
1467 1155 1692 1210 δυνατὸν
1747 1156 1958 1212 ἐκείνου

389 1244 619 1307 ἀπόντος
652 1244 810 1314 ἄχρις
856 1245 1104 1319 ἐπανήξει
1135 1247 1206 1302 τὰ
1265 1249 1399 1318 περὶ
1445 1248 1828 1318 Διδυμότειχον
1855 1264 1963 1303 κα-

389 1336 645 1390 κώσαντα
678 1331 832 1399 αὖθις
883 1340 965 1402 εἰς
1009 1338 1448 1408 Ἀδριανούπολιν
1483 1340 1679 1404 ἐλθεῖν,
1713 1348 1963 1412 παραλα-

390 1424 505 1479 ϐὼν
533 1428 695 1489 ὅσους
724 1419 884 1497 ἦγεν,
914 1423 1211 1498 ἦλθενιὲπὶ
1234 1429 1640 1499 Διδυμότειχον.
1674 1429 1883 1501 Συνέϐη
1905 1429 1963 1483 δὲ

389 1517 488 1587 ιζ’ής
511 1518 680 1588 αὐτῆς
708 1516 859 1589 ὥρας
892 1520 988 1573 καὶ
1020 1518 1244 1591 βασιλέα
1270 1521 1336 1574 ὲκ
1368 1521 1468 1592 τῆς
1498 1522 1725 1592 Μόρῤας
1751 1522 1964 1592 ἐπανή-

396 1625 517 1663 κειν
541 1610 682 1680 μετὰ
710 1610 809 1681 τὴς
839 1613 1124 1682 στρατιᾶς,
1155 1613 1249 1666 καὶ
1277 1611 1578 1683 γενομένης
1614 1612 1962 1684 συμπλοκῆς,

388 1701 442 1752 οἱ
474 1699 694 1764 πλείους
717 1700 821 1770 μὶν
861 1704 969 1755 τῶν
997 1702 1337 1758 ἐπελθόντων
1383 1702 1600 1771 ἔπεσον,
1644 1703 1742 1759 καὶ
1786 1704 1962 1758 ἑάλω-

394 1793 497 1844 σάν
521 1808 666 1854 τινες
704 1790 913 1862 ὀλίγοιο
946 1795 1184 1848 ἀπέθανε
1208 1795 1265 1850 δὲ
1287 1796 1381 1851 καὶ
1410 1797 1736 1867 στρατηγός.
1754 1796 1963 1867 ’Δμοὺρ

391 1883 456 1935 δὶ
480 1884 573 1936 καὶ
603 1885 765 1947 αύτδς
815 1880 981 1956 ἦλθεν
1005 1888 1064 1939 έν
1113 1885 1228 1957 χρῷ
1275 1886 1523 1940 κινδύνου
1577 1887 1698 1942 κατ’
1738 1878 1965 1957 εκείνην

392 1974 492 2045 τὴν
522 1977 725 2046 μάχην.
771 1977 1008 2041 Ἐκεῖνος
1038 1979 1176 2048 γᾶρ,
1244 1980 1426 2033 καίτοι
1457 1981 1655 2049 μικρὸν
1680 1980 1779 2049 τῆς
1805 1980 1962 2034 νόσου

393 2066 611 2139 ῥαΐσας.
642 2067 716 2130 ὡς
760 2067 981 2137 ἐγένετο
1027 2069 1062 2140 ἡ
1095 2070 1381 2142 συμπλοκὴ
1423 2071 1532 2124 τῶν
1563 2070 1963 2142 στρατοπέδων,

391 2157 988 2229 όπ>.ισάμενο;’ἐχώρει
1030 2160 1178 2229 μετὰ
1214 2160 1324 2214 τῶν
1361 2161 1682 2231 προτάκτων
1713 2176 1727 2189 ⁸
1753 2163 1964 2225 κοντοῖς

391 2249 450 2300 ει
512 2250 622 2302 τῶν
675 2249 950 2321 πολεμίων
1011 2253 1161 2322 τρισὶ
1213 2252 1545 2324 περιτυχὼν,
1606 2254 1759 2325 παρὰ
1806 2253 1965 2319 δόξαν

390 2339 647 2409 διεσώθη,
683 2341 821 2412 πρὸς
843 2342 941 2403 τὰς
974 2341 1187 2410 πληγὰς
1212 2343 1323 2396 τῶν
1357 2344 1540 2397 ὃπλων
1570 2344 1961 2416 ἀντισχόντων,

393 2431 489 2485 καὶ
518 2431 717 2494 πολλὰς
744 2430 1016 2504 ὡμολόγει
1056 2433 1265 2505 βασιλεῖ
1285 2434 1513 2505 χάριτας
1544 2438 1643 2508 τῆς
1665 2437 1962 2507 σωτηρίας.

395 2521 640 2576 Είωθὸτα
681 2522 789 2591 γὰρ
856 2524 1040 2580 ὃπλων
1093 2525 1362 2596 μάχεσθαι
1409 2529 1599 2599 χωρὶς,
1653 2527 1965 2599 δβασιλεὺς

396 2614 633 2684 ἡμέραις
665 2613 875 2683 ὀλίγαις
928 2617 1197 2689 πρότερον
1234 2620 1335 2688 τῆς
1372 2620 1579 2691 μάχης,
1617 2618 1853 2692 παρῄνει
1888 2621 1964 2692 μὴ

398 2705 681 2777 ἄφρακτον
737 2709 965 2763 εἰσιέναι
999 2712 1079 2773 εἰς
1124 2710 1223 2773 τὰς
1280 2712 1484 2782 μάχας,
1514 2714 1566 2766 εί
1615 2715 1690 2784 μὴ
1725 2713 1968 2784 βούλοιτο

398 2799 633 2853 θανάτου
661 2800 832 2864 αῐτιος
869 2802 1208 2872 καταστῆναι
1235 2803 1415 2874 ἐαυτῷ
1440 2820 1454 2835 ο
1482 2805 1593 2876 ὅσῳ
1630 2807 1739 2876 γὰρ
1769 2806 1835 2861 ἄν
1880 2824 1966 2871 τις

396 2891 715 2961 ἀγωνίζοιτο
803 2893 1073 2964 εὐψύχως,
1160 2894 1400 2967 τοσούτῳ
1477 2900 1722 2951 πεσεῖται
1793 2900 1971 2970 ῥᾷστα

396 2987 578 3058 πληγῇ
623 3004 730 3040 τινι
779 2986 1112 3059 περιτυχὼν,
1141 2987 1236 3041 καὶ
1283 2990 1687 3058 κατεργασθεὶς
1715 2991 1914 3062 ῥᾳδίως
1944 3007 1963 3024 ο

396 3071 439 3146 ᾧ
468 3081 564 3131 καὶ
629 3078 973 3150 πειθόμενος,
1023 3079 1201 3134 καίτοι
1246 3081 1479 3144 ἄνοπλος
1515 3084 1607 3135 τὸν
1660 3082 1825 3136 ῐππον
1845 3086 1962 3139 επι-

398 3169 520 3232 ϐὰς,
560 3168 715 3232 αὖθις
759 3169 1129 3241 ἀναστρέψας,
1166 3171 1506 3242 ἀνελάμϐανε
1556 3174 1625 3228 τὰ
1659 3174 1820 3240 ὅπλα,
1855 3178 1964 3229 τῶν

398 3259 662 3328 βασιλέως
721 3262 1098 3333 παραινέσεων
1159 3261 1444 3334 μνησθείς.
1499 3264 1741 3318 Βασιλίδι
1788 3265 1850 3320 δὲ
1895 3268 1962 3338 τῇ

400 3353 593 3423 ’Λννη,
626 3352 722 3405 καὶ
748 3355 1085 3425 πατριάρχῃ,
1127 3358 1218 3408 καὶ
1265 3355 1484 3426 μεγάλῳ
1514 3356 1665 3411 δουκὶ
1726 3359 1821 3411 καὶ
1853 3361 1969 3422 τοῖς

393 3443 577 3506 ἄλλοις
614 3446 727 3507 τοῖς
770 3446 828 3497 ὲν
858 3445 1022 3509 τέλει,
1044 3447 1217 3501 ἐδόκει
1252 3448 1363 3502 δεῖν
1428 3451 1564 3520 πρὸς
1616 3450 1967 3520 Ἀλέξανδρον

390 3533 695 3602 ,πρεσϐείαν
726 3536 999 3589 ποιεῖσθαι
1034 3537 1125 3591 τὸν
1156 3537 1360 3591 Μυσῶν
1378 3537 1625 3608 βασιλέα,
1650 3539 1792 3594 ὥστε
1825 3559 1967 3611 συμ-

397 3624 595 3692 μαχεῖν
648 3625 832 3687 αὐτοῖς
883 3625 979 3678 ἐπὶ
1027 3627 1484 3699 Καντακουζηνὺν
1557 3632 1651 3684 τὸν
1711 3631 1963 3701 βασιλέα.

407 3714 642 3769 Ἐκόικου
674 3716 783 3786 γὰρ
814 3716 848 3786 ἠ
877 3716 985 3770 τῶν
1016 3717 1241 3789 Περσῶν
1273 3719 1506 3790 στρατιὰ
1536 3720 1632 3775 καὶ
1670 3708 1772 3792 τὴν
1815 3723 1968 3775 ὲκεί-

395 3825 486 3860 νου
515 3823 529 3839 ·
562 3806 590 3859 6
618 3807 673 3860 δὲ
706 3808 998 3878 ὑπέσχετο,
1028 3810 1097 3863 ἂν
1137 3811 1330 3880 μισθὸν
1359 3811 1510 3884 αύτῷ
1542 3813 1828 3885 παρέχωσι
1863 3815 1969 3884 τῆς

397 3900 711 3971 συμμαχίας
753 3900 851 3963 τὰς
923 3901 1069 3956 κατά
1113 3903 1450 3975 Στενίμαχον
1506 3909 1603 3960 καὶ
1655 3906 1968 3972 Τζέπαιναν

400 3990 583 4053 πόλεις
619 3990 712 4043 καὶ
758 3989 982 4060 μείζους
1019 3992 1115 4045 καὶ
1154 3991 1431 4067 suum,
1471 3997 1568 4050 καὶ
1600 3998 1699 4065 τὴν
1742 3997 1970 4060 ταύταις

397 4080 865 4151 ἐγκαθιδρυμένην
895 4082 1178 4150 στρατιάν.
1241 4077 1422 4139 Ἦσαν
1454 4086 1510 4140 δὲ
1560 4087 1740 4153 ἐννέα,
1773 4090 1807 4160 ἡ
1833 4090 1971 4153 Τζέ-

396 4189 572 4237 παινα
616 4172 790 4226 καὶ.τὸ
854 4174 1188 4245 Κροτζιμδς,
1228 4176 1263 4247 ἠ
1315 4178 1672 4247 Περιστίτζα,
1731 4183 1771 4252 η
1829 4182 1963 4250 ἁγία

398 4261 682 4329 Ἰουστίνα,
712 4264 746 4334 ἡ
814 4264 1266 4330 ⁴ιθιλιππούπολις,
1332 4269 1490 4333 πόλις
1540 4269 1824 4342 θαυμασία
1877 4274 1970 4328 καὶ

398 4359 634 4428 μεγάλη,
678 4360 706 4411 6
757 4358 1109 4430 Στενίμαχος,
1158 4362 1187 4413 6
1231 4360 1438 4427 Ἀετὸς.
1497 4365 1528 4418 6
1576 4366 1885 4433 Μπέαδνος,
1940 4368 1968 4421 6

2063 520 2509 576 Gantacuzenum
2540 517 2857 571 deficerent.
2886 513 3194 584 Spltranzes
3223 511 3425 580 itaque,
3451 519 3508 563 ut
3530 510 3639 563 im-

2062 619 2371 681 peratorem
2406 607 2823 663 Stenimacbum
2878 606 3103 661 tendere
3150 602 3441 659 intelletit.
3484 611 3639 653 ratus

2062 716 2121 757 se
2149 717 2326 769 posse,
2357 714 2425 754 eo
2455 701 2706 763 absente,
2726 712 2915 768 agrum
2955 695 3493 766 Didymoticbensem
3540 691 3637 744 dc-

2060 792 2312 863 prmdari,
2353 799 2410 846 et
2474 789 2889 857 Adrianopolim
2956 786 3183 848 reverti,
3246 799 3312 835 co
3374 795 3636 851 quantum

2061 895 2328 955 quantum
2380 884 2617 955 habebat
2669 880 2904 934 militum
2967 877 3218 932 adduxit.
3250 874 3454 928 Eadem
3506 873 3639 924 bern

2062 974 2359 1046 imperator
2383 974 2615 1029 fortuito
2641 987 2707 1026 ex
2735 970 2951 1024 Morrha
2983 984 3106 1024 cum
3136 968 3253 1021 suis
3283 967 3447 1025 redit,
3474 964 3641 1017 factu-

1996 1075 2009 1087 ’
2061 1079 2168 1134 que
2202 1052 2484 1125 conflictu,
2540 1064 2729 1132 plures
2777 1059 2844 1114 de
2892 1058 3292 1129 praedatoribus
3335 1060 3639 1111 czcutuntnr,

2016 1162 2022 1168 '
2061 1155 2272 1225 aliquot
2318 1155 2637 1225 capiuntur,
2678 1153 2789 1207 dux
2827 1153 2946 1221 ipse
2977 1149 3332 1204 interﬁcitur.
3382 1147 3642 1201 Amurins

2062 1254 2177 1302 tum
2206 1247 2258 1301 in
2286 1255 2537 1301 extremo
2577 1244 2895 1299 discrimine
2935 1252 3189 1296 versatus
3237 1251 3342 1293 est.
3366 1238 3503 1292 Nam
3536 1237 3639 1290 etsi

2061 1353 2092 1393 e
2121 1338 2311 1392 morbo
2333 1352 2528 1407 parum
2561 1336 2735 1390 adhuc
2761 1350 2818 1390 se
2836 1333 3237 1398 conﬁrmasset,
3257 1346 3435 1401 pugna
3464 1339 3639 1396 empta

2063 1444 2216 1483 arma
2250 1428 2450 1492 induit,
2481 1434 2536 1481 et
2585 1427 2637 1481 itt
2674 1428 2901 1497 primam
2937 1426 3112 1480 aciem
3149 1422 3437 1495 processit.
3468 1436 3532 1474 ac
3554 1422 3643 1472 tri-

2063 1517 2165 1572 bus
2189 1517 2369 1574 contis
2399 1515 2626 1586 petitus,
2656 1522 2855 1585 prater
2901 1513 3215 1584 opinionem
3243 1551 3260 1574 ,
3293 1511 3462 1564 armis
3494 1509 3643 1560 vide-

2061 1608 2419 1664 licetvultteri
2452 1607 2859 1672 resistentibus,
2893 1614 3144 1661 servatus
3166 1613 3271 1664 est,
3299 1600 3637 1670 singulares

2063 1715 2171 1770 que
2230 1700 2547 1770 imperatori
2603 1700 2671 1754 de
2737 1698 2914 1754 salute
2983 1698 3189 1768 gratias
3236 1693 3367 1765 egit.
3405 1691 3637 1747 Solitum

1992 1783 2038 1843 Β
2066 1792 2213 1848 enim
2249 1807 2495 1862 pugnare
2544 1807 2657 1844 non
2709 1791 3077 1854 obarmatum,
3109 1789 3409 1856 imperator
3458 1786 3649 1855 paucis

2068 1894 2193 1938 ante
2223 1883 2418 1938 diebus
2450 1883 2830 1945 admonuerat,
2856 1895 2925 1935 ne
2959 1895 3067 1933 non
3094 1876 3644 1931 munituscertamiui

2065 1991 2123 2029 se
2177 1976 2448 2038 crederet,
2512 1974 2615 2027 nisi
2676 1982 2907 2028 mortem
2959 1970 3066 2024 sibi
3119 1982 3403 2023 accersere
3456 1966 3641 2020 vellet.

2064 2067 2282 2134 Quanto
2317 2067 2466 2122 enim
2496 2066 2621 2137 quis
2641 2065 2811 2120 armis
2836 2079 2945 2118 non
2974 2071 3151 2119 tectus
3199 2061 3520 2132 generosius
3560 2061 3645 2112 di-

2066 2159 2369 2223 micaverit,
2391 2167 2542 2214 tanto
2577 2156 2797 2212 facilius
2820 2155 3008 2211 lethali
3039 2155 3196 2230 plaga
3230 2153 3644 2208 occubiturum.

2062 2249 2235 2321 Cujus
2267 2250 2656 2305 admonitionis
2680 2263 2913 2312 memor,
2945 2249 3166 2302 tametsi
3210 2261 3416 2314 equum
3456 2243 3641 2298 nudus

2065 2340 2420 2405 ascendisset,
2470 2355 2727 2395 reversus
2785 2353 2907 2394 sese
2959 2338 3290 2393 obarm‘avit.
3326 2336 3480 2389 Anna
3508 2349 3643 2387 vero

2066 2433 2412 2501 imperatrix,
2444 2441 2501 2488 et
2526 2431 2868 2503 patriarcha,
2900 2430 3028 2485 item
3075 2443 3316 2496 magnus
3353 2427 3487 2489 dux,
3521 2425 3638 2479 reli-

2065 2526 2270 2597 quique
2298 2512 2578 2596 principes
2608 2524 2815 2595 legatos
2848 2522 2915 2578 ad
2946 2522 3319 2577 Alexandrum
3345 2518 3647 2583 Mmsorum

2066 2632 2250 2688 regem
2282 2617 2603 2680 mittendos,
2629 2629 2869 2685 eumque
2897 2614 2967 2669 ad
2990 2613 3278 2683 suppetias
3303 2621 3492 2666 contra
3505 2609 3620 2665 Can

2066 2713 2391 2761 tacuzenum
2422 2705 2680 2777 ferendas
2720 2705 3064 2759 invitandum
3094 2702 3436 2775 iudicarunt.
3465 2700 3649 2755 Persr

2011 2812 2017 2819 '
2068 2783 2338 2868 siquidem
2370 2799 2538 2853 etiam
2567 2797 2786 2851 illorum
2819 2797 2959 2851 lines
2975 2795 3355 2851 incursabant.
3390 2791 3630 2863 Spopon-

2066 2893 2168 2956 dit,
2203 2893 2250 2947 si
2298 2892 2405 2947 sibi
2435 2891 2771 2947 Stenimacbi
2816 2899 2872 2945 et
2902 2890 3149 2960 Zcpaena:
3196 2889 3431 2959 majores
3472 2887 3648 2941 mino~

2069 2999 2265 3055 resque
2308 2985 2472 3039 urbes
2509 2998 2638 3039 cum
2692 2997 2879 3037 earum
2909 2980 3179 3052 prmsidiis
3206 2979 3513 3033 mercedem
3546 2979 3648 3034 da-

2070 3087 2213 3135 rent,
2253 3081 2413 3128 erant
2477 3084 2660 3128 autem
2720 3090 2917 3129 novem
2951 3091 2964 3125 :
2997 3073 3251 3142 Zcpazna,
3281 3072 3648 3137 Croetzimus,

2071 3166 2375 3231 l’eristitza,
2404 3174 2592 3219 sancta
2624 3163 2860 3228 Justina,
2895 3164 3296 3234 Philippopolis
3328 3166 3344 3234 (
3372 3164 3505 3218 urbs
3531 3165 3650 3219 exi-

2068 3258 2176 3314 mia
2197 3268 2252 3313 et
2296 3257 2537 3326 ampla),
2582 3256 2988 3321 Stcnimacbns,
3022 3261 3212 3322 Actus,
3247 3257 3517 3319 Bcadnus,
3543 3257 3651 3313 Co-

2067 3352 2295 3408 smicus.
2325 3349 2601 3403 Numerus
2659 3348 2895 3403 militum
2947 3364 3045 3419 per
3081 3349 3186 3403 boc
3231 3349 3647 3418 dispertitorum

2068 3443 2223 3513 prius
2257 3441 2360 3495 fuit
2387 3440 2534 3496 mille
2553 3440 2838 3513 quingenti
2866 3457 2882 3506 ;
2907 3450 3023 3494 tum
3055 3457 3186 3495 vero
3213 3442 3356 3496 bello
3394 3442 3647 3497 Romano

2068 3535 2318 3607 plurimis
2350 3533 2568 3591 deletis.
2597 3534 2759 3603 paulo
2810 3522 2953 3589 infra
3011 3535 3156 3590 mille
3195 3539 3649 3604 numerabantur,

2069 3640 2264 3682 omnes
2297 3625 2397 3679 \‘iri
2427 3625 2735 3686 fortissimi,
2756 3625 2851 3693 qui
2880 3627 3045 3681 nullis
3065 3626 3345 3693 Romanis,
3376 3637 3653 3699 quotquot

2071 3718 2389 3779 militarent,
2421 3716 2590 3769 animi
2621 3717 3001 3786 magnitudine
3046 3718 3346 3787 quidquam
3377 3719 3652 3773 concede-

2069 3814 2215 3861 rent.
2247 3804 2505 3860 Petitioni
2535 3805 2830 3861 Alexandri
2860 3808 3269 3877 promptissime
3304 3808 3648 3867 satisfactum

2068 3904 2153 3952 est
2182 3912 2197 3951 :
2225 3897 2518 3951 timebatur
2545 3896 2791 3959 enim,ne
2816 3904 2873 3951 et
2900 3896 3008 3951 illis
3031 3890 3249 3967 oppidis
3264 3897 3652 3956 Cantacuzene

2067 3988 2503 4051 adbaerentibus,
2535 3989 2725 4042 hostes
2753 4002 2853 4057 pro
2877 3988 3236 4059 adjutricibus
3283 3998 3341 4045 et
3380 3992 3651 4062 subjectis

2070 4088 2426 4148 paterentur;
2450 4086 2507 4132 et
2532 4078 2681 4133 velut
2707 4093 2775 4132 ex
2821 4080 3233 4159 comparatione
3276 4081 3650 4137 Alexandrum

2069 4170 2301 4234 socium,
2333 4184 2498 4239 quam
2562 4168 2853 4223 bellantem
2910 4172 3178 4225 adversus
3218 4185 3278 4226 se
3312 4170 3651 4227 Cautacuae-

2069 4276 2201 4315 num
2254 4248 2639 4330 imperatorem
2699 4259 2945 4313 futurum
3006 4261 3301 4316 malebant.
3328 4262 3491 4339 577
3553 4264 3648 4319 Sic

2069 4354 2236 4409 etiam
2263 4361 2429 4421 atque
2454 4351 2619 4406 etiam
2664 4350 3006 4416 labet-abant,
3033 4352 3077 4407 si
3109 4353 3325 4422 superis
3352 4355 3554 4424 placet,
3579 4371 3650 4411 ne

394 4449 683 4511 Κόσνικος.
733 4448 973 4520 Στρατιὰ
1034 4450 1092 4503 δὲ
1174 4452 1441 4524 πρότερον
1494 4454 1594 4526 μὲν
1653 4457 1794 4528 ὑπὲρ
1841 4457 1966 4522 τοὺς

2073 4444 2141 4500 de
2176 4444 2409 4515 imperio
2465 4443 2713 4498 Rotuano
2765 4442 3062 4500 diminutio
3114 4444 3293 4501 ﬁeret.
3348 4446 3647 4518 Postquam

395 4538 789 4603 πεντακοσίους
847 4539 943 4593 καὶ⁵
976 4540 1180 4612 χιλίους
1210 4539 1350 4615 ἦσαν
1383 4559 1400 4576 °
1429 4545 1553 4599 τότε
1599 4546 1656 4601 δὲ
1709 4548 1815 4602 ὑπὸ
1870 4548 1966 4603 τοῦ

416 4624 729 4707 Ῥωμαῖκοῦ
757 4625 998 4695 πολέμου
1032 4627 1301 4683 κάκείνων
1334 4630 1768 4703 διεφθαρμένων,
1803 4634 1971 4707 ὀλίγῳ

395 4700 618 4781 πλέίους
666 4717 854 4788 χιλίων
898 4713 1039 4789 ἦσαν
1066 4758 1086 4786 ,
1150 4723 1354 4787 πάντες
1404 4700 1812 4795 μαχιμώτατοι,

393 4809 625 4862 οὐδένων
647 4808 823 4862 ἄλλων
850 4809 961 4862 τῶν
994 4810 1146 4879 παρὰ
1188 4812 1488 4883 Ῥωμαίοις
1519 4819 1971 4887 στρατευομένων

393 4902 711 4972 λειπόμενοι
768 4903 849 4964 είς
894 4901 1183 4972 εὐψυχίαν.
1216 4905 1283 4957 Oi
1335 4906 1414 4973 δὲ,
1451 4908 1528 4970 ὼς
1582 4909 1845 4965 ἐπύθοντο
1871 4910 1971 4983 τὴν

391 4992 620 5058 ἀξίωσιν
645 4992 1021 5063 Ἀλεξάνδρου,
1064 4995 1387 5064 παρείχοντο
1431 4998 1819 5066 προθυμότατα
1869 5004 1969 5068 τὰς

394 5083 600 5148 πόλεις,
625 5081 922 5147 δείσαντες,
959 5080 1036 5145 ὡς
1074 5081 1243 5149 ἔοικε,
1306 5085 1383 5156 μὴ
1419 5088 1863 5171 Καντακουζηνίῥ
1891 5091 1969 5162 τῷ

397 5173 609 5245 βασιλεῖ
659 5174 930 5227 κάκείνων
967 5174 1382 5245 προσθεμένων,
1425 5179 1724 5249 πολεμίους
1770 5183 1969 5254 ἔχωσιν

395 5267 524 5323 ἀντὶ
584 5268 894 5338 συμμάχων
950 5267 1044 5320 καὶ
1105 5267 1360 5336 ὑπηκόων
1385 5284 1399 5300 ·
1434 5272 1531 5326 καὶ
1585 5274 1661 5337 ὡς
1713 5277 1772 5328 ιν
1834 5294 1963 5346 συγ-

389 5361 578 5429 κρίσει
634 5359 1075 5429 προτιμήσαντες
1134 5356 1485 5431 Ἀλέξανδρον
1553 5365 1756 5433 μᾶλλον
1817 5367 1964 5438 ἔχειν
2017 5426 2025 5435 _

399 5445 691 5516 σύμμαχον
728 5446 1007 5516 ἐσόμενον,
1060 5446 1095 5516 ἢ
1135 5445 1226 5501 τδν
1258 5449 1602 5522 πολεμοῦντα
1643 5456 1963 5511 Καντακου-

394 5537 560 5607 ζηνὸν
588 5538 679 5592 τὸν
708 5536 955 5607 βασιλέα.
985 5537 1142 5593 Οὕτω
1175 5541 1357 5595 πᾶσαν
1390 5542 1769 5601 ἐπεδείκνυντο
1792 5565 1965 5602 σπου·

393 5626 492 5698 δὴν
516 5629 636 5680 ικαὶ
669 5625 981 5697 προθυμίαν
1022 5627 1163 5699 ὑπὲρ
1193 5631 1302 5684 τῶν
1341 5628 1626 5701 Ῥωμαίων
1657 5634 1756 5706 τὴν
1785 5635 1962 5708 ἀρχὴν

396 5722 476 5792 μὴ
499 5718 878 5775 ἐλασσοῦσθαι.
906 5719 1076 5803 ’Ἐπεὶ
1112 5721 1301 5792 μέντοι
1376 5723 1476 5788 τὰς
1532 5724 1714 5792 πόλεις
1750 5723 1899 5800 εἶχεν
1931 5732 1962 5786 6

2071 4535 2379 4592 Alexander
2418 4540 2582 4591 urbes
2614 4537 2848 4606 accepit.
2873 4535 2950 4591 illi
2981 4552 3107 4592 eum
3127 4553 3195 4593 ex
3215 4539 3392 4608 pactis
3409 4554 3649 4594 conven-

2072 4629 2145 4685 tis
2176 4645 2335 4701 opem
2366 4638 2623 4698 poscunt.
2657 4628 2771 4683 Rex
2804 4627 3076 4686 allirmare
3101 4647 3162 4686 se
3188 4646 3296 4685 non
3337 4646 3498 4703 posse
3520 4647 3649 4687 suc-

2071 4735 2333 4783 currere,
2388 4721 2636 4790 quandiu
2674 4720 2852 4775 Persa:
2892 4721 2948 4775 in
2985 4720 3219 4777 Thracia
3267 4731 3650 4787 versarentur,

2071 4827 2213 4882 quos
2267 4811 2312 4866 si
2341 4828 2451 4881 quo
2475 4811 2638 4865 modo
2668 4811 2736 4866 ad
2761 4810 2946 4866 Asiam
2993 4813 3348 4883 repetendam
3375 4815 3651 4886 perpulis-

2072 4912 2215 4967 sent,
2255 4913 2373 4957 tum
2404 4904 2625 4959 demum
2663 4903 2880 4959 infestis
2914 4903 3085 4975 signis
3119 4905 3173 4960 iu
3207 4904 3650 4963 Cantacuzenum

2071 4994 2676 5064 cupidissimeiturum.
2711 4993 2827 5049 Hoc
2893 5011 3061 5064 porro
3107 4997 3271 5052 aliam
3310 4997 3649 5055 molitionem

2069 5093 2264 5140 etnon
2306 5086 2531 5155 vulgare
2580 5086 2824 5140 studium
2865 5088 3204 5157 postulabat.
3250 5090 3649 5147 Verumtamen

2071 5193 2196 5233 cum
2231 5176 2363 5245 quid
2398 5177 2544 5230 aliud
2574 5185 2802 5245 agerent
2835 5192 2946 5232 non
2999 5177 3272 5239 vidi-rent.
3312 5182 3365 5234 in
3402 5182 3522 5250 ejus
3558 5198 3650 5235 ro-

2070 5266 2283 5322 luntate
2327 5265 2786 5336 conquieverunt,
2833 5276 2888 5322 et
2942 5269 3083 5323 clam
3128 5271 3522 5333 subtnisertmt,
3553 5288 3651 5341 per

2067 5372 2209 5428 quos
2236 5373 2359 5425 cum
2389 5357 2617 5411 Amurio
2647 5357 3048 5429 colloquentes,
3081 5362 3375 5416 immanem
3406 5364 3456 5417 ei
3481 5379 3649 5431 pecn-

2066 5452 2214 5505 niam
2241 5448 2470 5518 polliciti
2501 5460 2648 5514 sunt.
2681 5454 2726 5506 si
2754 5451 2888 5521 ipsis
2909 5454 3204 5508 obsecutus
3219 5452 3442 5509 domum
3482 5470 3646 5510 rena—

2064 5545 2299 5615 vigaret.
2338 5530 2444 5599 Ubi
2492 5545 2638 5612 quod
2673 5544 2932 5601 volebant
2967 5562 3077 5600 non
3125 5546 3511 5614 impetrarunt.
3549 5547 3645 5602 illo

2064 5637 2193 5692 talia
2211 5636 2478 5706 promissa
2498 5636 2694 5690 inanes
2708 5637 3003 5692 verborum
3030 5638 3295 5707 strepitus
3323 5646 3639 5710 reputante,

2063 5728 2198 5785 alias
2226 5726 2453 5785 insidias
2483 5735 2838 5798 occeperunt,
2895 5739 2953 5786 et
2982 5730 3417 5788 Maurommaten
3451 5744 3646 5803 quem-
