4014 6436
462 328 607 409 1095

1628 354 1633 359 ·
1659 332 1987 394 JOANNIS
2006 320 2541 394 CANTACUZENI

3563 327 3679 396 1096

460 460 585 515 dam
612 428 1172 522 lshiladelpbienscm,
1210 462 1374 517 quem
1408 446 1827 501 Cantacuzenus
1852 445 1920 500 ad
1978 445 2066 501 di-

2182 440 2817 517 ’Δλέξανδρος,ἀπῄτουν
2844 432 2991 496 οὗτοι
3010 437 3108 509 τὴν
3137 439 3446 511 συμμαχίαν
3465 443 3590 497 κατὰ
3602 452 3684 508 τας

460 561 715 605 mensum
748 544 804 598 in
835 542 957 598 dies
987 542 1219 597 Amurio
1249 537 1604 610 praebendum
1662 537 2055 601 constituerat,

461 636 753 704 promissis
790 631 1100 687 .uberrimis
1151 626 1392 699 aggressi
1446 633 1596 690 sunt,
1630 631 1690 677 ut
1741 623 1924 693 aliqua
1958 638 2055 676 ra-

463 733 614 784 tione
647 727 831 783 Persis
851 724 1180 778 reditioncm
1214 721 1270 774 in
1306 718 1489 774 Asiam
1523 717 1904 788 persuaderet,
1929 730 2057 771 eum

462 824 692 887 propter
725 829 844 868 eam
877 811 1216 865 iunctionem
1274 808 1409 875 ipsis
1433 807 1545 876 jam
1580 803 1872 859 familiaris
1901 802 2058 856 vide-

466 917 713 975 retur,e_t
744 904 889 975 quod
922 901 1143 956 Persice
1172 901 1523 968 loquebatur,
1559 897 1725 951 etiam
1758 896 1827 950 ab
1867 895 2061 950 iisdem

2165 538 2469 608 συνθήκας.
2530 536 2590 590 '0
2620 535 2665 587 δ’
2699 535 2909 603 ἔφασκε
2948 531 3027 602 μὴ
3063 531 3343 600 δύνασθαι,
3396 532 3542 603 ἄχρις
3567 536 3625 590 ἂν
3644 539 3686 591 ol

2161 630 2373 700 Πέρσαι
2402 625 2782 698 ἐνδιατρίϐωσι
2825 627 2893 696 τῇ
2928 624 3121 698 Θράκῃ
3147 640 3164 657 ο
3198 624 3262 678 ἂν
3318 624 3376 678 δέ
3413 642 3511 679 τινι
3534 626 3689 699 τρόπῳ

2159 719 2423 773 δύνωνται
2458 718 2668 772 πείθειν
2701 716 3008 788 ἀποχωρεῖν
3027 717 3107 779 εἰς
3136 715 3234 785 τὴν
3265 714 3466 781 Ἀσίαν»
3487 718 3583 771 τότ’
3607 719 3691 789 ἤδη

2163 811 2609 882 Καντακουζηνῷ
2632 811 3094 880 ἐπιστρατεύσειν
3125 809 3523 880 προθυμότατα.
3547 811 3692 866 Τοῦτο

2167 906 2265 975 μὲν
2293 901 2389 958 οὖν
2429 905 2631 975 ἐτέρας
2686 903 2866 956 ἐδεῖτο
2926 904 3300 974 παρασκευῆς,
3329 904 3431 959 ’καὶ
3474 921 3698 975 πραγμα-

469 1015 573 1071 pro
616 996 881 1051 benevolo
931 994 1254 1047 haberetur.
1289 987 1391 1045 Hic
1452 989 1777 1071 diuturnam
1821 1003 1850 1041 a
1888 989 2063 1055 patria

2173 994 2315 1057 τείας
2340 995 2400 1047 ού
2429 994 2529 1063 τῆς
2557 992 2853 1064 τυχούσης.
2880 992 3074 1063 Ὅμως
3103 993 3205 1046 οὐκ
3237 994 3442 1063 ἔχοντες
3465 993 3562 1065 ὅτῳ
3582 995 3699 1065 χρή⁴

470 1068 771 1148 tit-sentiam
808 1087 916 1141 illis
961 1086 1247 1141 moleSIam
1308 1098 1431 1137 esse
1469 1068 1794 1153 conjiciens,
1834 1082 2066 1135 ducibus

469 1180 815 1250 potissimum
864 1173 1143 1230 exercitus
1203 1172 1498 1226 consilium
1529 1171 1623 1223 dat
1656 1183 1764 1223 non
1800 1181 2058 1239 oportere

468 1284 577 1326 tam
611 1270 911 1340 longinquo
946 1277 1193 1335 tempore
1226 1262 1544 1318 domesticis
1592 1261 1879 1333 neglectis,
1914 1275 2066 1330 pere-

467 1380 560 1435 gre
594 1364 761 1417 vitam
794 1362 1052 1415 miseram
1087 1357 1339 1425 exigere,
1363 1356 1456 1409 sed
1476 1355 1638 1409 simul
1663 1368 1857 1408 omnes
1889 1353 2062 1407 Amu-

470 1457 612 1509 rium
637 1452 957 1516 convenire,
1000 1448 1069 1503 ab
1094 1463 1273 1518 eoque
1321 1445 1561 1502 reditum
1599 1444 1868 1516 ﬂagitare,
1912 1458 2066 1498 asse-

483 1560 788 1616 wrareque
823 1558 882 1598 se
921 1544 973 1595 in
1009 1539 1212 1595 exteris
1248 1540 1388 1594 locis
1446 1539 1590 1592 ultra
1647 1554 1757 1591 non
1792 1551 1953 1607 posse
1984 1536 2067 1589 vi-

468 1654 621 1699 rere,
654 1651 779 1689 cum
842 1631 1142 1688 domestica
1199 1629 1589 1702 procuratione
1636 1628 1869 1682 maxime
1923 1628 2068 1681 india

471 1738 633 1799 grant
685 1724 841 1779 [laud
876 1724 1023 1777 cnim
1073 1738 1137 1776 ea
1184 1722 1505 1776 conditione
1537 1721 1645 1774 huc
1670 1718 1971 1790 profectos,
2003 1725 2067 1773 ut

2166 1103 2348 1139 σονται
2396 1086 2594 1155 ἑτέρῳ,
2662 1084 2982 1155 ἐτράπησαν
3036 1086 3126 1138 ἐπί
3172 1078 3356 1151 τοῦτο,
3414 1085 3500 1139 καὶ
3542 1085 3701 1156 κρύφα

2164 1177 2645 1247 προσπέμποντες,
2663 1177 2972 1245 διελέγοντο
3019 1177 3249 1247 Ἀμοὺρ,
3271 1178 3515 1248 χρήματα
3540 1176 3704 1246 δώσειν

2165 1268 2635 1341 ἐπαγγελλόμενοι
2664 1269 2861 1334 πολλὰ,
2901 1270 2951 1323 εί
2981 1269 3306 1338 πειθόμενος
3354 1268 3526 1333 αὐτοῖς
3548 1270 3704 1323 οἶκαδε

2164 1360 2596 1432 ἀναχωρήσειεν.
2642 1362 2731 1425 Ὧς
2762 1362 2818 1414 δέ
2840 1360 2994 1415 οὐδὲν
3014 1362 3122 1414 τῶν
3154 1360 3576 1431 βεϐουλευμένων
3597 1358 3705 1430 ἡδύ-

2168 1466 2329 1505 ναντο
2362 1454 2572 1518 ἀνύειν,
2601 1452 2704 1517 τὰς
2738 1454 2994 1517 τοιαύτας
3018 1451 3379 1525 ’ὑποσχέσεις
3414 1452 3605 1523 ψόφους
3634 1469 3707 1505 κερ

2166 1544 2292 1607 νοὺς
2324 1542 2536 1597 ἐκείνου
2560 1543 2946 1614 λογισομένου,
2967 1544 3054 1613 ἐφ’
3076 1545 3272 1614 ἑτέραν
3299 1546 3584 1615 ἐτράποντο
3607 1545 3706 1596 ἐπι-

2164 1626 2386 1700 ϐουλήν.
2432 1631 2539 1683 Καὶ
2585 1631 3011 1705 Μαυρομμάτην
3069 1635 3195 1689 τινὰ
3249 1634 3313 1687 ἐκ
3355 1632 3706 1700 Φιλαδελφείας

2167 1721 2316 1788 δντα,
2356 1722 2415 1786 ὃς
2448 1721 2553 1775 ὑπὸ
2577 1722 3039 1791 Καντακουζηνοῦ
3080 1724 3174 1778 τοῦ
3205 1724 3472 1795 βασιλέως
3490 1723 3708 1793 προσετέ-

474 1820 858 1886 imperatorem
896 1822 1162 1883 pcrpetuo
1206 1819 1636 1875 assectarentur,
1680 1810 1778 1865 sed
1829 1818 1887 1865 ιι
1931 1824 2061 1865 cum

2173 1829 2338 1867 τακτο
2366 1813 2465 1885 τὴν
2519 1813 2644 1867 καθ’
2673 1815 2892 1886 ἡμέραν
2932 1816 3041 1869 τῶν
3081 1817 3406 1887 ἐπιτηδείων
3444 1815 3619 1885 χρείαν
3642 1814 3708 1884 τῷ

473 1925 521 1958 ιιι
563 1914 834 1974 quantum
888 1902 1082 1956 liceret
1137 1901 1386 1956 subsidio
1437 1900 1693 1965 fuissent,
1721 1900 1944 1954 domum
1971 1915 2061 1954 re-

475 2006 739 2050 tncarcnt.
770 1993 926 2048 Nunc
972 2008 1079 2046 non
1108 2008 1298 2062 parum
1330 1991 1423 2046 diu
1454 2000 1597 2047 totos
1629 1991 1842 2046 scilicet
1869 1989 2062 2045 decem

476 2103 691 2143 ncnses
725 2088 780 2141 in
817 2085 934 2141 solo
976 2086 1227 2140 Romano
1256 2085 1502 2140 haesisse.
1535 2082 1692 2151 Quod
1739 2084 1785 2138 si
1814 2098 1911 2137 eos
1936 2083 2081 2138 diu-r

2178 1905 2235 1959 ’Δ
2249 1904 2392 1977 μοὺρ
2445 1905 2826 1976 ἀποπληροῦν,
2858 1907 3047 1960 τοῦτον
3079 1907 3144 1979 δὴ
3182 1907 3405 1961 ἔπεισαν
3429 1907 3709 1977 ὑποσχέσεσι

2168 1999 2438 2068 μεγάλαις
2466 1997 2568 2067 τὴν
2601 1998 2833 2068 Περσῶν
2879 2001 3144 2070 στρατιὰν
3180 2001 3373 2073 τρόπῳ
3408 2000 3469 2071 δή
3493 2017 3590 2053 τινι
3616 1999 3712 2051 πεί-

2165 2086 2282 2140 θειν
2312 2088 2617 2159 ἀναχωρεῖν
2648 2089 2786 2158 προς
2820 2088 2920 2159 τὴν
2948 2088 3180 2147 οἰκείαν.
3227 2088 3299 2144 Ὀ
3329 2090 3405 2155 δὲ,
3433 2090 3530 2162 ἤδη
3554 2088 3713 2159 ἐπιτή-

476 2185 584 2237 tius
626 2183 867 2236 retinere
902 2191 1216 2242 conaretur,
1249 2166 1316 2233 ne
1332 2177 1802 2247 obtemperarent,
1829 2173 2067 2229 ulterio-

2173 2174 2311 2237 Βειός
2358 2192 2417 2228 τε
2458 2170 2600 2229 εἶναι
2662 2177 2904 2248 Πέρσαις
2934 2178 3109 2233 δοκῶν
3158 2178 3251 2233 διὰ
3288 2180 3384 2250 τὴν
3413 2180 3707 2251 ὑπηρεσίαν,

474 2292 701 2344 remque
762 2288 971 2339 moram
1036 2271 1207 2325 litere
1282 2270 1694 2323 aversarentur.
1775 2266 2063 2321 Amurium

474 2369 676 2438 quippe
703 2369 962 2423 statuisse
992 2365 1183 2421 tandiu
1214 2363 1304 2417 hic
1329 2362 1474 2433 apud
1503 2362 1898 2432 imperatorem
1929 2374 2063 2430 per-

473 2478 755 2526 severare,
775 2460 957 2530 quoad
989 2474 1115 2513 cum
1142 2457 1403 2510 hostibus
1434 2455 1775 2525 superiorem
1794 2450 2065 2517 effecerit,

368 2552 377 2561 ’
477 2555 617 2607 etin
654 2553 756 2606 hoc
780 2553 898 2606 solo
945 2550 1176 2604 multam
1214 2562 1405 2602 curam
1461 2561 1809 2607 consumere,
1832 2545 2066 2600 salutem

2166 2265 2345 2330 ἄλλως
2401 2266 2450 2320 θ’
2479 2266 2561 2342 ὅτι
2610 2268 2706 2322 καὶ
2769 2271 3026 2340 περσιστὶ
3094 2271 3498 2342 διαλεγόμενος,
3547 2270 3708 2332 εὔιους

2167 2357 2356 2420 αὐτοῖς
2373 2339 2569 2423 ἐδόκὲι,
2628 2339 3032 2431 στοχαζόμενος
3094 2361 3171 2427 ὡς
3239 2339 3486 2435 ἀχθοιντο
3527 2365 3606 2417 διὰ
3638 2364 3715 2433 τὴν

2169 2449 2400 2518 χρονίαν
2439 2447 2549 2502 τῶν
2600 2449 2792 2503 οἰκιῶν
2834 2451 3166 2523 ἀποδημίαν,
3233 2456 3578 2509 συνεϐούλευε
3623 2455 3715 2516 τοῖς

2167 2541 2499 2610 ἡγουμένοις
2562 2541 2803 2612 μάλιστα
2869 2545 2982 2607 τοῖς
3046 2548 3342 2616 στρατιᾶς,
3424 2550 3496 2611 ὡς
3525 2548 3580 2601 ού
3620 2547 3716 2600 δέον

480 2660 708 2698 suorum
784 2644 1023 2698 militum
1082 2641 1454 2709 laborumque
1516 2639 1850 2693 levationem
1928 2635 2069 2690 nihil

2173 2629 2316 2682 οὕτω
2342 2630 2596 2685 τοσοῦτον
2627 2633 2816 2703 χρόνον
2871 2633 3249 2706 ταλαιπωρεῖν
3296 2638 3390 2690 ἐπὶ
3439 2639 3534 2707 τῆς
3566 2638 3714 2706 ξένης,

479 2738 635 2805 pensi
680 2737 907 2790 habere.
945 2734 1000 2787 Si
1039 2735 1333 2802 penuriam
1389 2730 1617 2785 navium
1663 2729 1868 2798 quibus
1908 2728 1963 2781 in
1998 2725 2069 2781 Α-

2173 2722 2565 2792 ἀμελήσαντας
2603 2725 2715 2778 τῶν
2741 2724 2908 2792 οῐκοι,
2939 2724 3057 2779 ἀλλ’
3096 2727 3214 2798 ἅμα
3270 2730 3475 2793 πάντας
3517 2730 3714 2801 προσελ-

434 2826 441 2831 ’
478 2828 614 2881 siam
660 2825 932 2897 trajieiant
961 2821 1247 2887 obtendant,
1275 2836 1333 2875 sc
1364 2820 1487 2874 illos
1508 2833 1576 2873 ex
1611 2819 1715 2871 ista
1747 2814 2069 2870 difficultate

2173 2812 2366 2878 θόντας
2396 2813 2473 2885 τῷ
2523 2815 2738 2887 Ἀμοὺρ
2787 2816 2999 2870 δεῖσθαι
3028 2819 3158 2889 περὶ
3202 2821 3465 2875 ἐπανόδου
3489 2835 3505 2854 ⁸
3544 2820 3716 2892 ἰσχυρί-

478 2919 906 2987 eXpIieaturum,
950 2913 1210 2984 Byzantio
1261 2911 1469 2967 etenim
1521 2910 1836 2979 complures
1877 2906 2069 2971 adure,

2174 2904 2366 2968 ζισθαί
2396 2923 2454 2958 τε
2485 2905 2562 2971 ὡς
2602 2908 2789 2963 οὐκέτι
2808 2910 3047 2964 δύναιντ’
3083 2909 3155 2965 ἂν
3193 2913 3291 2967 ἐπὶ
3319 2916 3423 2985 τῆς
3453 2913 3599 2985 ξένης
3624 2914 3715 2966 δισ-

480 3012 679 3082 qniiaus
705 3026 855 3063 mare
886 3008 1282 3062 transmittant.
1318 3004 1395 3059 Ad
1428 3006 1545 3059 haec
1575 3003 1806 3073 gratiam
1842 3001 1947 3055 illis
1977 3000 2069 3054 ha-

2173 2999 2406 3068 τρξϐειν,
2443 3001 2554 3054 τῶν
2607 3002 2748 3055 οἴκοι
2798 3004 3038 3072 μάλιστα
3091 3007 3418 3076 ἐπιμελείας
3460 3007 3709 3078 δεομένων.

480 3104 676 3164 hitum,
721 3110 773 3154 et
806 3100 1095 3170 pecuniam
1130 3110 1338 3169 quanto
1373 3085 1512 3165 opus
1546 3098 1617 3149 sit
1656 3093 2067 3163 suppeditatum

2175 3089 2250 3143 Οὐ
2284 3091 2396 3160 γὰρ
2428 3093 2521 3143 ἐπὶ
2547 3092 2760 3156 τούτοις
2785 3095 3023 3150 ἐνταῦθα
3058 3098 3391 3166 ἀφικέσθαι,
3422 3099 3551 3153 ὥστε
3579 3099 3712 3170 μέχρι

481 3196 571 3250 iri.
606 3196 845 3249 llierant
879 3194 1134 3247 hortatus
1171 3190 1604 3254 Maurommatis,
1632 3188 1726 3258 qui
1761 3203 1861 3240 nec
1892 3186 2069 3242 Persia

2180 3182 2383 3243 παντὸς
2426 3186 2671 3240 συνεῖναι
2724 3185 2955 3257 βασιλεῖ,
2986 3187 3103 3242 ἀλλ’
3150 3167 3596 3264 ἐπιμαχήσαντας
3618 3167 3717 3241 ὅσον

479 3288 870 3355 displicebant.
931 3287 1099 3356 578
1169 3285 1247 3337 Ad
1311 3292 1585 3351 satrapam
1667 3281 1835 3350 igitur
1912 3294 2075 3333 suum

478 3380 704 3442 adeunt,
763 3393 929 3447 super
976 3377 1159 3430 reditu
1209 3388 1311 3428 suo
1358 3372 1832 3443 quemadmodum
1866 3385 1896 3424 a
1929 3369 2074 3423 Mau-

481 3477 750 3523 rommate
802 3467 983 3522 cdocti
1028 3469 1285 3528 fuerant,
1312 3468 1479 3518 verba
1537 3462 1767 3517 faciunt.
1814 3460 2079 3515 Amurius

483 3555 762 3630 principio
791 3572 859 3613 eo
890 3573 1147 3612 sermone
1181 3556 1540 3610 vehementer
1567 3554 1987 3622 obstupescere,
2020 3564 2078 3608 et

482 3650 699 3714 mirari,
725 3651 819 3717 qui
845 3649 949 3703 ista
978 3663 1075 3702 eos
1097 3645 1356 3716 cogitatio
1388 3647 1667 3700 subiisset.
1692 3644 1899 3699 Deinde
1939 3642 2076 3700 eniti

485 3751 546 3794 nt
572 3742 694 3795 illos
722 3742 788 3794 ad
822 3744 1213 3810 imperatorem
1256 3753 1420 3809 porro
1450 3736 1821 3809 adjuvandum
1871 3737 2078 3791 retine~

484 3831 1007 3886 ietznecessariam
1068 3832 1217 3885 enim
1278 3845 1471 3885 eorum
1525 3843 1648 3885 esse
1700 3829 2073 3899 praesentiam,

485 3923 577 3991 qui
612 3924 656 3976 si
695 3923 1044 3990 recesserint,
1074 3938 1171 3993 per
1190 3939 1329 3993 quos
1356 3925 1630 3993 praecipue
1659 3923 2073 3985 defenderetur,

486 4015 673 4069 hostes
710 4030 837 4069 mox
881 4015 1171 4070 confertim
1229 4018 1492 4085 impetum
1547 4015 1602 4069 in
1650 4030 1775 4070 eum
1812 4004 2074 4069 facturos.

484 4106 591 4159 Sed
623 4107 727 4160 hoc
760 4118 875 4161 erat
910 4108 1140 4162 nebulas
1171 4107 1566 4172 diverberare;
1610 4109 1789 4176 palam
1837 4120 2076 4176 namque

486 4197 909 4264 proﬁtebantur,
945 4197 1049 4251 nisi
1092 4213 1218 4250 cum
1254 4198 1387 4266 ipsis
1411 4198 1643 4266 patriam
1694 4205 1989 4266 repeteret,
2017 4210 2077 4249 se

485 4287 808 4356 Byzantium
854 4287 1133 4357 profectos
1170 4288 1354 4356 (unde
1389 4289 1497 4358 jam
1527 4288 1872 4354 accepissent
1912 4286 2074 4341 [idem

416 4401 425 4407 »
487 4379 787 4446 publicam,
824 4393 934 4447 quo
999 4379 1197 4432 securi
1237 4380 1475 4448 essent)
1512 4378 1643 4432 inde
1673 4379 1726 4431 in
1764 4378 2074 4449 Bithyniam

2181 3273 2417 3339 εξεστυὰ
2455 3274 2616 3341 αὖθις
2651 3279 3035 3352 ἀναστρέφειν.
3083 3282 3221 3336 Νυνὶ
3273 3284 3355 3347 δὲ.
3389 3282 3520 3338 εἶναι
3560 3283 3615 3336 οὐ
3642 3297 3718 3352 με·

2178 3364 2334 3433 τρίαν
2366 3365 2464 3434 τὴν
2482 3366 2769 3436 διατριϐὴν
2792 3371 2882 3421 ἐπὶ
2899 3370 3030 3423 δέκα
3074 3374 3240 3441 μησὶν
3275 3373 3332 3426 ἐν
3361 3373 3426 3444 τῇ
3467 3369 3715 3439 Ῥωμαίων

2178 3457 2552 3525 γεγενημένην
2582 3471 2598 3487 ⁴
2630 3457 2696 3528 ἢν
2725 3459 2770 3512 δ’
2788 3461 3040 3533 ἐπιχειρῇ
3064 3466 3157 3517 καὶ
3187 3460 3371 3529 αὖθις,
3399 3463 3613 3533 ἔφασκε,
3639 3475 3717 3511 κα-

2177 3544 2380 3614 τέχειν,
2431 3546 2548 3598 ἀλλ’
2581 3548 2739 3618 ὑμεῖς
2768 3552 2843 3622 μὴ
2871 3553 3146 3617 πείθεσθε,
3192 3552 3314 3607 ἀλλ’
3335 3550 3715 3623 ἁπαγορεύσατε

2180 3639 2434 3710 φανερῶς
2461 3640 2561 3712 τὴν
2594 3643 2859 3698 ἐπιπλέον
2881 3646 3191 3717 διατριϐήν.
3217 3647 3423 3719 ’Δμοὺρ
3451 3648 3553 3718 γὰρ
3576 3643 3722 3704 οὕτως

2177 3731 2438 3799 ἔγνωκεν,
2474 3734 2550 3798 ὼς
2576 3736 2818 3790 ἐνταῦθα
2882 3738 3245 3809 συνεσόμενος
3282 3740 3510 3810 βασιλεῖ,
3542 3736 3637 3793 ἕως
3670 3733 3724 3787 ἂν

2177 3825 2286 3876 τῶν
2315 3825 2591 3895 πολεμίων
2626 3831 3035 3901 παρασκευάσῃ
3068 3832 3478 3902 περιγενέσθαι,
3509 3830 3597 3884 καὶ
3620 3826 3726 3879 τού-

2177 3931 2271 3968 του
2299 3917 2465 3984 μόνου
2498 3919 2699 3990 πολλὴν
2731 3924 2972 3976 ποιεῖται
3010 3923 3105 3993 τὴν
3155 3923 3436 3994 φροντίδα.
3472 3918 3724 3988 Σωτηρίας

2176 4007 2233 4061 δὲ
2266 4009 2421 4078 ὑμῶν
2455 4013 2550 4064 καὶ
2612 4014 2903 4086 ἀνακωχῆς
2959 4015 3065 4067 τῶν
3103 4017 3282 4070 πόνων
3341 4016 3498 4083 λόγος
3523 4012 3677 4073 οὐδεὶς
3711 4021 3722 4036 ⁸

2181 4096 2248 4150 ἂν
2276 4096 2332 4151 δὲ
2366 4102 2502 4150 νεῶν
2526 4100 2768 4171 ἀπορίαν
2815 4104 3229 4175 προφασίζηται
3289 4110 3346 4161 ἐν
3375 4099 3463 4167 αἷς
3483 4096 3723 4159 ἀποπλεύ-

2179 4205 2311 4258 σητε
2345 4194 2426 4255 είς
2462 4191 2674 4261 Ἀσίαν,
2705 4195 2815 4262 ἐγὼ
2851 4196 2980 4266 ὑμῖν
3009 4198 3105 4250 καὶ
3143 4197 3351 4269 ταύτην
3384 4198 3482 4267 τὴν
3520 4191 3725 4262 ἀπορίαν

2179 4279 2347 4334 λύσω.
2397 4281 2493 4338 Ἐκ
2530 4284 2832 4348 Βυζαντίου
2897 4290 3005 4359 γὰρ
3055 4289 3375 4344 ἐλεύσονται
3418 4285 3621 4351 πολλαὶ,
3672 4283 3719 4334 ἐν

2179 4370 2268 4436 αἷς
2301 4376 2706 4444 περαιώσεσθε,
2750 4380 2886 4449 πρὸς
2916 4381 2990 4449 τῷ
3023 4382 3118 4434 καὶ
3150 4382 3312 4452 χάριν
3344 4380 3579 4441 ἐκείνους
3610 4373 3721 4442 ὑμῖν

484 4474 784 4532 soluturos,
810 4477 935 4536 post
962 4482 1061 4537 per
1084 4468 1402 4540 Phrygiam,
1430 4477 1484 4521 ct
1511 4468 1725 4522 Cariam
1764 4469 1817 4522 in
1864 4468 2069 4521 Ioniam

2184 4464 2382 4516 εἰδέναι
2414 4505 2429 4530 ,
2501 4468 2596 4519 καὶ
2645 4471 2907 4539 χρήματα
2980 4472 3360 4542 παρασχέσθαι
3438 4471 3532 4540 τῆς
3609 4468 3713 4518 ἀνι·

486 4570 771 4614 venturos.
804 4561 1131 4629 Interrogati
1157 4575 1393 4628 quonam
1427 4561 1509 4613 usi
1540 4560 1772 4623 arbitro,
1802 4576 1898 4613 seu
1919 4562 2071 4629 paci-

314 4634 325 4643 ’
380 4698 385 4707 ,
485 4649 713 4703 ticatore
745 4664 872 4703 cum
910 4650 1189 4719 Byzantiis
1213 4649 1390 4702 foedus
1421 4648 1777 4718 pepigissent,
1814 4651 1933 4718 ejus
1967 4663 2065 4703 no-

484 4755 610 4793 men
642 4754 700 4794 se
734 4740 982 4793 edituros
1014 4748 1376 4808 negaverunt,
1420 4742 1640 4808 quando
1691 4740 1740 4793 ei
1789 4739 2068 4792 silentium

481 4832 811 4900 iuraverint.
850 4832 927 4884 Ad
971 4831 1283 4899 quimlenos
1344 4832 1568 4885 omnino
1601 4831 1719 4885 dies
1773 4832 2057 4893 Amurius,

485 4937 611 4975 cum
649 4924 832 4977 Persis
869 4924 1216 4976 continenter
1264 4932 1475 4994 agendo
1551 4908 1956 4993 laborandoque
2003 4939 2073 4979 ne

487 5012 543 5065 in
596 5011 780 5065 Asiam
831 5016 1160 5082 cogitarent,
1198 5016 1564 5082 consumpsit.
1599 5012 1700 5067 Ubi
1740 5027 1799 5067 se
1841 5013 2073 5067 mortuis

485 5103 873 5157 concionatum
901 5106 1055 5167 vidit,
1092 5120 1355 5175 perquam
1409 5105 1580 5159 tristis
1616 5105 1937 5175 imperatori
1958 5121 2075 5160 om-

486 5194 578 5247 nia
603 5195 878 5263 exposuit,
913 5196 1084 5250 Deum
1106 5207 1339 5252 testatur
1368 5212 1426 5252 se
1454 5196 1677 5266 quidem
1701 5198 1766 5253 ad
1802 5198 1982 5268 ipsum
2008 5213 2073 5254 eo

486 5300 655 5354 scopo
689 5288 925 5351 venisse,
947 5295 1008 5339 ιιι
1029 5298 1157 5342 ante
1181 5291 1393 5342 exitum
1427 5288 1553 5342 belli
1583 5289 1745 5358 hujus
1774 5289 1842 5341 ab
1870 5304 1936 5343 eo
1964 5305 2072 5342 non

485 5378 817 5442 discederet,
874 5392 927 5434 ct
980 5396 1077 5435 eos
1136 5381 1431 5447 delegisse,
1469 5396 1607 5448 quos
1640 5382 1692 5434 in
1725 5382 1919 5449 primis
1949 5396 2075 5450 pro-

484 5478 608 5538 pter
640 5474 947 5525 animorum
980 5474 1032 5524 in
1067 5486 1126 5525 se
1160 5471 1586 5540 propensionem
1621 5472 1799 5526 cuivis
1826 5472 2075 5541 periculo

488 5576 651 5627 pares
679 5562 893 5616 futuros
918 5562 1267 5631 speravisset.
1306 5563 1462 5618 Nunc
1480 5579 1705 5633 prorsus
1727 5577 1917 5619 contra
1948 5578 2084 5618 eve:

487 5651 650 5705 nisse.
690 5653 1004 5708 Exercitum
1063 5656 1208 5708 enim
1265 5670 1293 5708 a
1328 5655 1690 5710 clandestinis
1744 5656 2073 5726 quibusdam

470 5739 853 5809 imperati-teis
907 5743 1216 5801 fautoribus
1279 5755 1627 5817 corruptum,
1656 5755 1711 5802 et
1756 5747 1822 5801 ad
1870 5747 2076 5816 patrias

2189 4557 2507 4623 χωρήσεως.
2559 4559 2802 4614 Τοιαῦτα
2865 4578 2924 4614 τε
2979 4563 3207 4633 παρῄνει
3259 4566 3355 4616 καὶ
3377 4561 3573 4623 ἔπειθε,
3603 4552 3723 4610 κατά

2179 4650 2411 4718 γνώμην
2439 4651 2572 4703 ὄντα
2597 4655 2695 4704 καλ
2720 4653 2926 4717 αὐτοῖς.
2964 4655 3073 4707 Καὶ
3102 4655 3179 4724 τῷ
3218 4654 3465 4724 σφετέρῳ
3496 4646 3721 4718 σατράπῃ

2173 4741 2562 4809 προσελθόντες
2591 4744 2819 4814 Ἀμοὺρ,
2853 4747 2980 4817 περὶ
3017 4747 3114 4817 τῆς
3143 4747 3401 4802 ἐπανόδου
3428 4743 3722 4808 διελέγοντο,

2174 4831 2363 4903 ὥσπερ
2410 4834 2516 4886 ὑπὸ
2545 4837 2959 4907 Μαυρομμάτου
3019 4838 3397 4907 ἐδιδάχθησαν.
3436 4835 3628 4904 ’Δμοὺρ
3675 4826 3721 4879 δὲ

2176 4924 2373 4993 πρῶτα
2427 4925 2527 4991 μὲν
2571 4925 2951 4997 ἐξεπέπληκτο
3006 4928 3196 4991 δεινῶς
3226 4929 3353 4989 τοὺς
3386 4926 3592 4993 λόγους,
3641 4916 3721 4970 καὶ

2179 5015 2492 5086 ἐθαύμαζεν
2519 5017 2641 5071 ὅθεν
2658 5022 2738 5082 εἰς
2752 5021 2975 5074 τοιαῦτα
2999 5021 3340 5091 προαχθεῖεν.
3371 5019 3591 5070 Ἔπειτα
3612 5014 3721 5064 ἔπε’

2175 5110 2347 5179 χείρει
2376 5111 2610 5179 πείθειν,
2652 5111 2727 5175 ὡς
2777 5113 2895 5166 δέον
2926 5114 3006 5165 ἔτι
3042 5113 3359 5183 περιμένειν
3404 5102 3721 5174 ἐπικουροῦν-

2177 5218 2273 5263 τας
2299 5201 2548 5271 βασιλεῖ’
2584 5204 2892 5269 ἀναγκαίαν
2940 5205 3049 5274 γὰρ
3093 5201 3232 5257 εἶναι
3276 5203 3377 5273 τὴν
3419 5199 3588 5255 αὐτῶν
3629 5209 3719 5244 11a-

2183 5293 2425 5361 ρουσίαν,
2460 5294 2672 5347 πολλῶν
2710 5296 2916 5348 αὐτίκα
2961 5296 3393 5365 ἐπικεισομένων
3450 5287 3715 5358 πολεμίων

2177 5386 2244 5439 ἂν
2281 5387 2437 5438 αὐτοὶ
2469 5387 2816 5456 ἀναχωρῶσι,
2855 5390 3092 5459 μάλιστα
3119 5389 3188 5440 δι’
3216 5387 3410 5450 αὐτοὺς
3469 5375 3716 5455 ἀμυνομέ·

2178 5493 2309 5530 νωψ
2346 5479 2477 5550 ἤνυε
2529 5479 2587 5531 δὲ
2626 5480 2800 5535 οὐδέν.
2840 5481 3091 5551 Ἔφασαν
3134 5483 3241 5552 γὰρ
3298 5474 3620 5547 ἀναφανδὸν»
3653 5466 3716 5527 ὡς

2180 5572 2231 5621 εἰ
2274 5576 2347 5639 μὴ
2379 5573 2624 5641 βούλοιτο
2667 5574 2763 5628 σὺν
2798 5576 2986 5638 αὐτοῖς
3018 5579 3271 5636 κὲικεῐνος
3301 5572 3486 5625 οἴκαδε
3530 5569 3716 5631 ἀναχω-

2183 5664 2315 5731 ρεῖν.
2371 5664 2490 5716 ἀλλ’
2540 5667 2697 5719 αὐτοὶ
2726 5667 2862 5737 πρὸς
2897 5666 3192 5731 Βυζάντιον
3237 5665 3498 5726 ἐλθόντες
3532 5658 3716 5737 πίστεις

2180 5742 2313 5824 γὰρ¹
2348 5756 2537 5809 λαϐεῖν
2578 5758 2790 5812 ἐκεῖθεν
2847 5757 2942 5811 τοῦ
3005 5760 3078 5829 μὴ
3140 5754 3580 5823 ἐπιϐουλευθῆναι
3631 5734 3715 5796 ὑπ’
