4014 6466
309 447 450 512 Π)θῖ

1443 448 1989 511 HiSTORiARUM
2031 450 2260 510 LIBER
2312 451 2418 510 ΙΙῐ.
2486 467 2489 472 ·

3422 457 3552 519 1098

280 548 504 623 αὐτῶν,
533 559 928 630 περαιὼσονται
966 560 1104 631 πρὶς
1139 560 1396 616 υιθυνίαν
1424 577 1438 591 ·
1467 558 1585 614 εἶτα
1621 560 1709 613 διὰ
1736 561 1872 629 Φρυ-

1979 561 2140 615 sedes
2166 563 2485 629 repetendas
2521 562 2808 631 tmpnlsum
2841 577 2980 617 esse.
3012 564 3258 633 Cumque
3302 583 3398 636 per
3443 575 3559 624 (Ιιος

261 647 425 721 ’γίας
476 653 571 703 καὶ
603 651 814 723 Καρίας
848 650 1127 720 ἀφίξονται
1166 655 1247 716 είς
1285 653 1520 707 Ἰωνίαν.
1575 654 1869 722 Ἐρομένου

298 747 357 799 δὲ
391 743 554 797 αὐτοῦ
595 745 699 796 τίνι
727 745 1004 813 χρώμενοι
1033 743 1324 814 διαλλακτῇ
1360 743 1460 808 τὰς
1493 745 1630 813 πρὸς
1658 743 1868 807 Βυζαν-

298 839 450 897 τίους
475 835 810 903 ποιήσαιντο
861 835 1159 904 συνθήκας,
1206 836 1305 888 οὐκ
1338 836 1544 904 ἔφασαν
1575 836 1871 905 κατάδηλον

304 927 554 994 ποιήσειν
585 925 938 994 ὀμωμοκότες
975 925 1371 996 ἀποκρύπτειν.
1413 927 1540 979 Ἐπὶ
1587 927 1873 980 πεντεκαί-

294 1016 430 1069 δεκα
462 1016 562 1084 μὲν
595 1011 689 1069 οὖν
721 1017 958 1087 ἡμέραις
986 1019 1014 1068 ὁ
1046 1017 1250 1086 ’Λμοὺρ
1283 1021 1394 1079 τοῖς
1433 1018 1669 1088 Πέρσαις
1701 1019 1873 1070 διετέ-

297 1109 420 1160 λεσε
451 1107 866 1177 διαλεγόμενος,
899 1108 996 1162 καὶ
1031 1108 1245 1163 πείθειν
1274 1111 1571 1181 ἐπιχειρῶν
1609 1111 1682 1180 μὴ
1704 1111 1871 1162 ἀπαί-

298 1213 416 1265 ρειν
445 1198 523 1258 είς
552 1194 758 1248 Ἀσίαν.
791 1197 940 1250 Ἐπεὶ
956 1196 1012 1249 δὲ
1035 1197 1270 1268 ἀνήνυτα
1295 1201 1470 1253 πονῶν
1502 1198 1670 1269 ἐώρα,
1696 1201 1872 1269 ἀπήγ-

296 1287 457 1356 γελλε
491 1289 669 1340 πάντα
730 1287 946 1357 βασιλεῖ
993 1289 1132 1358 μετὰ
1193 1291 1396 1359 πολλῆς
1459 1290 1558 1358 τῆς
1582 1289 1822 1360 ἀθυμίας
1853 1305 1867 1320 ⁸

298 1382 393 1433 καὶ
427 1379 768 1448 ἐμαρτύρετο
794 1379 954 1444 Θεὸν,
982 1385 1059 1444 ὡς
1091 1381 1252 1444 αὐτὸς
1289 1382 1391 1450 μὲν
1417 1379 1644 1451 τοιαύτῃ
1676 1379 1870 1451 γνώμῃ

297 1474 436 1540 πρὸς
465 1471 631 1525 αὐτὸν
660 1472 932 1538 ἀφίκοιτο,
972 1473 1048 1536 ὡς
1073 1473 1226 1542 αὐτῷ
1272 1472 1666 1544 συνδιατρίψων
1712 1473 1872 1542 ἄχρις

295 1566 365 1618 ἄν
401 1581 454 1617 τι
484 1565 577 1617 τοῦ
611 1565 731 1616 νυνὶ
755 1565 997 1634 πολέμου
1034 1564 1208 1635 πέρας
1239 1564 1472 1633 γένοιτο,
1498 1564 1593 1617 καὶ
1619 1564 1697 1626 ὡς
1728 1563 1873 1616 ἐκεί⁴

294 1673 424 1720 νους
483 1655 759 1721 ἐκλέξοιτο
800 1658 1040 1710 συνεῖναι
1089 1652 1173 1720 οἷς
1228 1655 1463 1725 μάλιστα
1515 1655 1873 1728 ἐθάρῤει,ὅτι

1980 651 2293 722 quindecim
2339 667 2434 707 eos
2475 652 2713 707 retinere
2763 653 2997 708 annixus
3045 653 3234 719 fuerit,
3263 659 3438 713 satius
3476 662 3559 714 ni-

1981 743 2090 796 hilo
2119 743 2334 804 fecisse.
2368 742 2638 798 universis
2682 743 2750 797 ad
2794 746 3034 798 reditum
3089 747 3281 801 audaci
3323 752 3556 818 quodam

1979 849 2043 888 ac
2101 833 2392 888 temerario
2436 833 2642 902 impetu
2675 835 2982 901 concitatis,
3023 851 3125 892 nec
3170 853 3228 892 se
3257 823 3556 897 auctorem

1979 925 2142 995 hujus
2174 923 2408 983 consilii.
2433 926 2786 993 quantumvis
2813 927 2960 981 serio
2987 927 3382 997 inquirentem,
3406 933 3559 987 inve-

1978 1020 2098 1071 nire
2131 1018 2239 1098 ullo
2290 1018 2453 1071 modo
2490 1020 2752 1087 potuisse.
2791 1019 2860 1074 Se
2893 1021 3075 1090 itaque
3118 1024 3294 1078 solum
3322 1038 3556 1089 restare.

1979 1113 2250 1160 carentem
2295 1107 2563 1170 exercitu,
2597 1107 2842 1177 ineptum
2893 1112 3170 1180 negotium
3213 1118 3555 1174 existimare.

1979 1196 2119 1261 Quid
2157 1198 2303 1250 enim
2351 1212 2450 1254 sua
2491 1199 2656 1254 unius
2704 1204 2994 1269 praesentia
3048 1207 3420 1263 conduxerit?
3453 1211 3548 1265 Sin

1978 1286 2094 1354 ipse
2127 1289 2314 1344 utilius
2362 1299 2604 1355 censeat,
2642 1304 2852 1362 suoque
2893 1294 3153 1366 sull‘ragio
3179 1303 3466 1368 approbet.
3497 1319 3556 1359 se

1978 1376 2200 1432 domum
2235 1377 2288 1432 in
2315 1394 2556 1447 praesens
2585 1395 2710 1436 cum
2734 1383 2910 1452 copiis
2942 1385 3337 1454 discessurum,
3370 1390 3558 1461 ibique

1978 1471 2122 1539 quod
2178 1470 2439 1526 facillime
2501 1473 2696 1542 possit,
2747 1489 2940 1543 pinnas
2983 1477 3072 1530 sui
3117 1488 3178 1533 et
3209 1479 3556 1548 imperatoris

1929 1578 1956 1599 ι
1979 1560 2178 1629 proditi
2204 1576 2366 1631 quam
2394 1563 2770 1618 severissimus
2793 1572 3190 1634 expetiturum.
3223 1571 3416 1624 Postea
3461 1573 3560 1628 do-

1979 1669 2069 1708 mo
2095 1668 2189 1708 sua
2223 1655 2361 1710 bene
2395 1657 2720 1725 composita,
2752 1668 2808 1712 et
2832 1658 3108 1724 ordinata,
3131 1662 3406 1729 praefectis
3423 1680 3555 1732 pro.

294 1748 477 1801 πάντα
512 1747 758 1800 κίνδυνον
784 1746 1181 1817 ύποστήσονται
1206 1747 1305 1817 τῆς
1330 1749 1408 1810 είς
1445 1748 1608 1802 αὐτὸν
1634 1748 1866 1812 εὐνοίας.

1978 1745 2171 1800 vinciae
2197 1753 2251 1800 et
2274 1747 2690 1803 successoribus
2722 1757 2846 1818 post
2875 1761 3106 1805 mortem
3147 1767 3301 1807 suam
3332 1755 3558 1810 institu-

294 1836 434 1889 Νυνὶ
461 1837 517 1889 δὲ
563 1836 869 1890 τούναντίον
918 1835 1069 1890 una»
1095 1836 1445 1906 γεγενῆσθαι.
1475 1837 1547 1890 Τὸ
1567 1837 1677 1906 γάρ
1705 1853 1870 1908 στρα·

1981 1837 2048 1891 tis
2079 1835 2213 1906 (non
2262 1837 2409 1892 enim
2446 1837 2587 1892 intra
2614 1839 2779 1895 breve
2813 1851 3027 1911 tempus
3064 1842 3119 1898 in
3159 1843 3347 1900 Asiam
3374 1862 3556 1903 rever-

291 1926 525 1980 τόπεδον
566 1926 673 1980 ὑπό
702 1943 864 1980 τινων
895 1923 1138 1979 ἐνταῦθα
1187 1925 1254 1980 τὰ
1297 1925 1568 1996 βασιλίδος
1609 1927 1868 1996 φρονούν-

1975 1943 2186 1993 surum,
2219 1928 2314 1983 sed
2354 1935 2448 1983 aut
2494 1929 2696 1984 bellum
2741 1945 2865 1986 cum
2919 1947 2985 1987 eo
3025 1934 3428 2001 confecturum,
3459 1949 3556 1994 aut

292 2033 407 2069 των
463 2015 812 2087 διεφθάρθαι,
871 2016 964 2069 καὶ
1005 2015 1143 2086 πρὸς
1198 2017 1300 2087 τὴν
1337 2018 1546 2070 οἰκείαν
1572 2019 1872 2088 ἀναχωρεῖν

1976 2019 2062 2074 hic
2090 2018 2144 2073 in
2173 2019 2290 2073 acie
2327 2017 2771 2088 occubiturum),
2812 2035 2939 2076 cum
2963 2022 3087 2076 aliis
3112 2023 3272 2093 longe
3300 2024 3556 2082 ﬁdelissi-

295 2109 621 2162 πεπεῖσθαι.
670 2107 849 2161 [Ιολλά
881 2108 939 2161 δὲ
968 2109 1025 2161 ἐν
1057 2108 1449 2162 πεντεκαίδεκα
1481 2108 1715 2178 ἡμέραις
1749 2111 1872 2179 περὶ

1974 2109 2096 2176 mis,
2132 2125 2462 2180 semperque
2492 2124 2680 2166 secum
2704 2112 2944 2168 militare
2995 2115 3326 2184 volentibus,
3353 2119 3553 2174 celeri-

295 2202 392 2255 τοῦ
424 2201 609 2272 μένειν
636 2201 822 2264 αὐτοῖς
851 2198 1228 2270 διαλεχθέντα,
1273 2199 1440 2269 ιιηδέν
1470 2201 1636 2252 πλέον
1675 2201 1870 2270 ἠνυκέ-

1974 2208 2054 2256 ter
2080 2209 2459 2256 reventurum.

297 2311 413 2358 ναι,
444 2295 664 2348 πάντων
695 2291 836 2362 ὁμοῦ
866 2293 1007 2363 πρὸς
1037 2291 1138 2362 τὴν
1177 2293 1437 2347 ἐπάνοδον
1462 2293 1608 2364 ὁρμῇ
1663 2308 1770 2346 τινι
1801 2292 2241 2362 κατασχεθέντων
2273 2294 2570 2365 παραϐόλῳ
2598 2312 2613 2326 ·
2647 2295 2977 2360 ἐξετάσαντα
3013 2297 3072 2352 δὲ
3101 2299 3273 2354 πολλὰ
3301 2302 3551 2375 περὶτοῦ

303 2388 532 2443 τοιαῦτα
563 2387 913 2454 πεπεικότος,
941 2387 1206 2459 μηδαμῶς
1263 2385 1561 2457 δυνηθῆναι
1587 2389 1850 2460 ἐξευρεῖν.
1914 2389 1989 2442 Τὸ
2015 2389 2117 2459 μὲν
2157 2387 2257 2443 οὖν
2315 2391 2479 2444 αὐτὸν
2524 2392 2683 2461 μόνον
2719 2393 3059 2464 παραμένειν
3086 2394 3428 2463 ἀπελθούσης
3453 2397 3550 2465 τῆς

295 2485 584 2554 στρατιᾶς,
615 2480 937 2550 ἀσύμφορον
1011 2481 1282 2550 ἡγεῖσθαι.
1333 2481 1577 2552 Οὐδεμία
1603 2484 1711 2552 γὰρ
1751 2480 1996 2550 ὠφέλειά
2020 2498 2104 2545 τις
2149 2482 2303 2536 ἔσται
2336 2483 2437 2552 τῆς
2465 2483 2768 2554 παρούσίας
2795 2486 2892 2552 τῆς
2909 2484 3101 2538 αὐτοῦ.
3138 2487 3201 2539 Εἰ
3221 2486 3266 2538 δ’
3291 2485 3440 2556 αὐτῷ
3460 2486 3554 2538 λυ-

295 2580 674 2652 σιτελέστερον
699 2579 867 2644 δοκεῖ,
899 2577 996 2631 καὶ
1067 2579 1464 2648 ἐπιψηφίσαιτο
1503 2580 1602 2633 καὶ
1631 2578 1794 2642 αὐτὸς
1837 2583 1900 2632 τὸ
1929 2577 2025 2633 νῦν
2056 2579 2158 2648 μὲν
2213 2579 2358 2650 ἔχον,
2393 2581 2477 2644 είς
2534 2582 2630 2650 τὴν
2664 2582 2874 2634 οἰκείαν
2943 2581 3262 2635 ἐπανελθεῖν
3283 2584 3422 2651 μετὰ
3446 2583 3544 2650 τῆς

294 2675 592 2745 στρατιᾶς·
616 2677 735 2727 ἐκεῖ
754 2674 810 2728 δὲ
847 2675 1004 2738 δίκας
1034 2673 1136 2737 τὰς
1171 2671 1407 2742 ἐσχάτας
1440 2672 1573 2742 παρ’
1604 2672 1784 2726 αὐτῶν
1820 2672 1920 2741 τῆς
1949 2672 2031 2734 είς
2063 2672 2227 2726 αὐτὸν
2271 2673 2370 2726 καὶ
2403 2672 2633 2743 βασιλέα
2679 2673 2914 2727 λαϐόντα
2953 2674 3275 2743 προδοσίας
3314 2675 3552 2744 μάλιστα

292 2765 408 2836 γὰρ
435 2767 550 2820 ἐκεῖ
587 2766 745 2820 τοῦτο
793 2763 936 2821 εῖναι
971 2766 1201 2822 ἀνυστδν
1243 2764 1416 2834 αὐτῷ,
1452 2765 1647 2818 ἔπειτα
1676 2765 1900 2834 ἐτέρους
1940 2765 2132 2835 ἔχοντα
2178 2767 2307 2830 τοὺς
2341 2765 2576 2836 μάλιστα
2616 2767 2997 2832 πιστοτάτους,
3033 2769 3126 2820 καὶ⁵
3161 2769 3324 2839 μέχρι
3351 2769 3552 2832 παντὸς

293 2861 446 2932 αύτῷ
479 2861 908 2934 βουλησομένους
970 2861 1435 2930 συγκινδυνεύειν,
1493 2862 1636 2915 κατὰ
1706 2863 1866 2932 τάχος
1909 2861 2211 2934 ἐπανήκειν
2249 2845 2310 2915 εὖ
2351 2863 2674 2933 διαθέμενον
2725 2861 2796 2915 τὰ
2863 2862 3008 2916 κατὰ
3038 2862 3138 2934 τὴν
3169 2864 3374 2928 οἰκίαν,
3433 2865 3556 2918 ἐπι-

293 2960 528 3024 τρόπου,
577 2957 1001 3028 καταστήσαντα
1028 2957 1127 3026 τῆς
1187 2956 1383 3027 ἀρχῆς,
1425 2953 1522 3009 καὶ
1561 2955 1839 3026 διαδόχους
1923 2957 2062 3026 μετά
2127 2955 2404 3024 τελευτὴν,
2473 2954 2552 3018 ὡς
2599 2956 2661 3008 οὐ
2700 2954 2912 3026 ταχέως
2954 2953 3116 3020 αὖθις
3188 2957 3548 3027 ἐπανήξοντα,

301 3050 416 3106 ἀλλ’
451 3050 484 3121 ἢ
514 3049 1096 3120 συγκατέργασόμενον
1131 3047 1225 3104 τὸν
1279 3049 1540 3119 πόλεμον,
1602 3047 1636 3118 ἦ
1682 3050 1744 3101 ἐν
1793 3048 1870 3118 τῷ
1911 3047 2180 3119 μάχεσθαι
2205 3047 2563 3117 πεσούμενον.

1583 3186 1748 3272 579
1783 3184 2012 3241 CAPUT
2055 3185 2265 3241 LXVII.

293 3287 518 3343 Amurio
551 3290 756 3359 gratias
791 3289 899 3358 agit
910 3288 1237 3359 jmperator,
1267 3285 1584 3359 legationem
1613 3287 1677 3359 de
1718 3300 1847 3359 pace
1871 3282 2210 3359 ‘Byzuntium
2262 3285 2814 3359 mittendum_suadet,
2840 3303 2940 3357 quo
2965 3289 3035 3341 ad
3068 3289 3347 3342 discessum
3372 3304 3552 3342 neces-

367 3360 516 3429 saria
544 3355 851 3429 suppetant.
901 3355 1326 3429 Reprehenditur
1364 3355 1822 3429 Constantinopoli
1849 3355 2118 3429 Amurius,
2147 3371 2249 3424 quo
2292 3371 2347 3408 se
2379 3356 2519 3429 apud
2565 3355 2990 3429 Qantacuzenum
3045 3359 3200 3411 nimis
3253 3359 3467 3426 abjiciat
3501 3367 3553 3410 et

370 3424 657 3497 abjecerii.
672 3427 843 3482 Naves
869 3438 919 3480 et
956 3424 1232 3497 pecuniam
1271 3427 1320 3478 ei
1347 3426 1684 3494 promittunt.
1719 3425 1772 3478 Is
1798 3439 1852 3477 se
1883 3433 1933 3476 et
1973 3424 2348 3493 imperatorem
2396 3425 2650 3495 defendit.
2683 3425 2850 3481 Locus
2889 3426 3104 3497 elegans
3149 3430 3212 3481 de
3243 3424 3553 3481 discrimine

363 3496 652 3553 servitutis.
683 3497 890 3552 Petitur
922 3501 986 3548 ab
1016 3511 1077 3549 eo
1104 3496 1385 3549 discessus.

367 3643 634 3706 Βασιλεὺς
684 3641 742 3695 δὲ
796 3642 987 3711 ἠνιᾶτο
1038 3640 1139 3710 μὲν
1186 3639 1324 3710 πρὸς
1367 3639 1466 3710 τὴν
1517 3640 1868 3710 ἀναχωρησιν

2045 3637 2344 3708 imperator
2368 3637 2435 3693 de
2465 3637 2571 3694 hoc
2601 3639 2850 3694 discessu
2896 3639 3156 3700 indoluit,
3189 3640 3336 3710 quod
3361 3655 3420 3694 se
3450 3657 3556 3694 un-

286 3741 532 3801 cxeivou,
571 3736 689 3808 ᾔδει
739 3735 849 3805 γὰρ
895 3733 1326 3803 ἐπιϐησομένους
1372 3733 1709 3803 πανταχόθεν
1735 3734 1872 3785 πάν-

1974 3725 2140 3796 dique
2187 3726 2488 3796 appetitum
2545 3727 2607 3780 iri
2660 3739 2932 3784 cerneret.
2990 3726 3305 3794 Itttclligcns
3367 3737 3550 3782 autem

285 3849 417 3895 τας.
439 3889 442 3893 _
467 3829 641 3896 Ὁρῶν
673 3827 730 3881 δὲ
761 3827 840 3890 ὡς
871 3826 1136 3880 ἀδύνατον
1169 3826 1268 3892 τὴν
1301 3825 1524 3895 Περσῶν
1555 3825 1870 3894 παρακατέ-

1974 3818 2167 3873 Persas
2205 3816 2272 3871 ad
2313 3818 2548 3872 reditum
2585 3827 2868 3888 tantopere
2904 3818 3270 3874 inﬂammatos
3303 3830 3362 3874 ut
3393 3821 3552 3874 colli-

288 3943 416 3998 χειν
444 3925 728 3995 στρατιὰν,
761 3923 898 3994 πρὸς
930 3922 1032 3994 τὴν
1066 3922 1328 3976 ἐπάνοδον
1375 3922 1476 3993 ἤδη
1504 3920 1866 3993 ὡρμημένην,

303 4019 518 4087 ’Δμοὺρ
547 4018 648 4087 μὲν
674 4017 773 4086 τῆς
805 4017 884 4079 είς
917 4015 1080 4069 αὐτὸν
1108 4015 1326 4079 εὐνοίας
1366 4013 1568 4083 πολλάς
1600 4012 1869 4084 ὡμολόγει

290 4111 554 4183 χάριτας,
611 4107 970 4162 συνεϐούλευε
1015 4106 1073 4160 δὲ
1119 4107 1241 4159 ἐπεὶ
1294 4105 1369 4176 μὴ
1417 4104 1624 4160 πείθειν
1653 4098 1764 4169 οἷός
1810 4122 1869 4158 τε

292 4202 540 4270 ἐγένετο,
574 4200 874 4271 πρεσϐείαν
915 4199 1052 4270 πρὸς
1099 4198 1350 4268 βασιλίδα
1383 4197 1624 4269 πέμπειν
1653 4199 1734 4260 είς
1771 4198 1872 4250 Bu-

293 4293 538 4361 ζάντιον,
578 4293 672 4346 καὶ
705 4291 927 4364 ὁμοίους
956 4292 1070 4355 τοῖς
1101 4289 1390 4362 προτέροις
1421 4289 1550 4358 περὶ
1588 4289 1689 4353 τῆς
1719 4289 1870 4359 είρή·

295 4404 401 4457 νης
433 4383 708 4439 ποιεῖσθαι
755 4383 971 4452 λόγους,
1005 4381 1102 4436 καὶ
1147 4381 1245 4452 τὴν
1284 4379 1543 4434 ἀϐουλίαν
1591 4379 1871 4444 ὀνειδίζειν

295 4477 508 4542 αὐτοῖς,
535 4477 618 4530 ὅτι
645 4474 735 4530 διὰ
765 4474 974 4546 ταύτην
1003 4475 1072 4544 τῇ
1124 4471 1414 4542 Ῥωμαίων
1441 4472 1710 4544 ἡγεμονίᾳ
1738 4471 1870 4524 πολ-

291 4571 413 4632 λοῖς
439 4568 602 4623 αῐτιοι
633 4567 958 4638 γεγένηνται
991 4564 1231 4635 φθοοᾶς’
1275 4564 1370 4618 καὶ
1395 4564 1475 4617 ἐτι
1504 4563 1770 4632 πλείονος,
1804 4563 1871 4616 ἂν

293 4663 378 4734 μὴ
402 4659 1081 4728 πείθωνται,γενήσονται·
1102 4657 1389 4728 παραινεῖν
1403 4672 1463 4709 τε
1489 4650 1646 4718 αὖθις
1665 4653 1755 4708 τὸν
1777 4656 1848 4708 πό
1871 4684 1874 4689 -

293 4757 359 4808 λε
366 4771 466 4824 μον
479 4752 792 4816 καταλύειν,
808 4751 904 4804 καὶ
926 4749 1001 4821 μὴ
1025 4750 1113 4804 διά
1127 4749 1456 4819 φιλονεικίαν
1470 4748 1701 4818 ἔχουσαν
1719 4747 1902 4800 οὐδέν’

293 4846 473 4915 ὑγιὲς,
506 4845 770 4915 περιορᾷν
799 4842 1071 4912 ὁσημέραι
1106 4842 1232 4904 τοὺς
1261 4839 1573 4911 ὁμοφύλους
1607 4838 1870 4910 ἐξανδρα-

295 4939 691 5009 ποδιξομένους
702 4977 716 5002 ,

1972 3905 2092 3962 beri
2123 3922 2232 3961 non
2259 3914 2505 3976 possent,
2539 3907 2768 3961 Amurio
2793 3907 2861 3962 de
2910 3917 3018 3962 tam
3055 3909 3268 3979 prolixa
3321 3925 3449 3980 erga
3491 3925 3552 3966 se

1971 4001 2254 4054 voluntate
2301 3999 2503 4068 gratias
2559 4000 2674 4068 agit
2724 3999 3116 4069 amplissimas,
3151 4003 3436 4072 suasitque
3469 4012 3551 4068 ut,

1972 4090 2231 4162 quoniam
2257 4090 2489 4143 militem
2537 4103 2696 4143 suum
2721 4088 2946 4144 ﬂectere
2975 4091 3334 4160 nequivisset,
3369 4103 3556 4146 orato-

1973 4201 2060 4240 res
2089 4183 2411 4254 Byzantium
2436 4182 2502 4236 ad
2532 4181 2936 4251 imperatricem
2967 4180 3232 4240 mitteret,
3274 4181 3367 4250 qui
3402 4182 3556 4236 simi-

1973 4275 2118 4341 liter,
2158 4282 2216 4328 ut
2249 4274 2504 4335 antehac,
2537 4271 2606 4325 de
2642 4285 2776 4340 pace
2805 4269 3166 4336 dissererent,
3206 4270 3424 4339 illisque
3453 4272 3554 4326 de-

1975 4363 2236 4420 mentiam
2277 4363 2698 4433 exprobrarent,
2728 4375 2826 4432 per
2867 4375 3031 4431 quam
3067 4361 3316 4414 Romano
3351 4361 3556 4431 princi-

1975 4468 2125 4540 patui
2154 4467 2384 4524 exitium
2421 4480 2679 4537 magnum
2707 4463 3043 4527 invexerint,
3081 4477 3148 4518 ac
3175 4462 3281 4518 nisi
3319 4465 3371 4517 in
3408 4463 3551 4518 viam

1975 4565 2222 4628 redeant,
2271 4561 2447 4633 majus
2501 4556 2770 4614 invecturi
2817 4556 2947 4611 sint.
2975 4555 3341 4611 l—lortarentur
3370 4568 3553 4610 autem

1975 4673 2167 4714 rursus
2208 4655 2409 4712 bellum
2463 4653 2688 4707 missum
2727 4651 2991 4718 facerent,
3028 4665 3135 4704 neu
3184 4649 3254 4703 ob
3291 4648 3558 4715 insipien-

1978 4761 2086 4807 tem
2113 4751 2272 4805 istam
2299 4744 2729 4808 contentionem,
2761 4741 3010 4813 quotidie
3043 4756 3156 4797 suae
3185 4741 3365 4811 gentis
3407 4755 3557 4794 mor-

1979 4844 2115 4898 tales
2150 4843 2205 4896 in
2247 4842 2582 4897 servitutem
2612 4836 2817 4906 abripi,
2858 4834 3144 4898 trucidari,
3173 4841 3228 4888 et
3257 4832 3324 4886 ad
3359 4847 3558 4886 aerum-

778 4937 874 4991 καὶ
923 4934 1332 5002 κτεινομένους,
1391 4933 1488 4986 καὶ
1539 4933 1610 4986 τὰ
1665 4931 1870 5001 ἔσχατα

1981 4949 2078 4989 nas
2102 4933 2274 5002 redigi
2321 4933 2584 4988 sinerent.
2619 4931 2748 4985 [llos
2773 4942 2924 4992 vero,
2969 4935 3028 4979 nt
3059 4925 3196 4979 alias
3241 4924 3451 4978 nullum
3484 4924 3554 4978 de

294 5031 690 5098 ὑπομένοντας.
753 5029 982 5082 Ἐκεῖνοι
1029 5025 1112 5090 δέ,
1146 5026 1242 5079 καὶ
1295 5024 1401 5094 γὰρ
1455 5024 1644 5078 οὐδένα
1693 5019 1819 5078 αὖθι
1842 5043 1872 5088 ι,

1981 5039 2113 5096 pace
2140 5025 2370 5079 verbum
2423 5023 2732 5098 locuturos,
2766 5019 2860 5074 sed
2908 5016 3246 5089 persuadere
3294 5016 3555 5071 enisuros
3599 5029 3605 5083 ξ

295 5123 489 5194 ὥσπερ
518 5123 612 5176 καὶ
647 5122 915 5193 πρότερον
946 5120 1261 5191 ποιήσονται
1295 5118 1394 5187 τῆς
1426 5119 1652 5188 εἰρήνης
1691 5117 1874 5186 λόγον,

1982 5117 2059 5170 uti
2108 5112 2514 5184 quamprimum
2554 5127 2585 5165 a
2632 5110 3014 5166 Cantacuzeno
3063 5121 3122 5161 se
3173 5105 3469 5176 disjungat.
3503 5116 3558 5158 et

297 5217 394 5270 ἐπὶ
418 5215 478 5266 τὸ
515 5213 728 5267 πείθειν
761 5213 927 5266 αὐτὸν
955 5212 1153 5263 αὐτίκα
1203 5209 1492 5279 τρέψονται
1539 5208 1872 5278 ἀφίστασθαι

1982 5208 2148 5262 misso
2183 5204 2438 5275 quopiam
2492 5203 2622 5258 huic
2674 5201 2889 5255 muneri
2925 5199 3142 5260 idoneo,
3183 5212 3433 5266 magnam
3465 5213 3557 5265 pe-

298 5307 518 5359 ἐκείνου
539 5321 556 5339 ο
589 5307 684 5358 καὶ
708 5304 1026 5374 πέμψαντες
1061 5300 1364 5372 ἀξιόχρεών
1394 5317 1538 5362 τινα,
1571 5299 1628 5352 ὃν
1661 5300 1872 5367 στήσον-

1980 5297 2157 5351 cuniae
2184 5296 2318 5360 vim,
2352 5295 2631 5350 discessus
2669 5291 3004 5353 mercedem,
3041 5305 3106 5344 ac
3131 5299 3390 5358 praeterea
3419 5289 3558 5341 clas-

296 5416 390 5451 ται
445 5397 608 5450 τοῦτο
668 5395 1108 5464 κατεργάσεσθαι
1163 5390 1492 5462 δυνήσεσθαι
1547 5391 1872 5457 παρέξονται

1979 5403 2093 5442 sem
2142 5386 2609 5456 suppeditaturos.
2645 5382 2734 5437 Sic
2774 5391 2830 5436 et
2863 5381 3008 5450 quod
3046 5378 3323 5435 exercitus
3382 5391 3556 5443 usque

299 5492 395 5544 καὶ
423 5487 684 5560 χρήματα
721 5488 892 5541 πολλὰ
939 5486 1039 5556 τῆς
1082 5484 1487 5554 ἀναχωρήσεως
1528 5481 1743 5552 μισθὸν,
1780 5483 1872 5536 καὶ

1974 5476 2113 5530 adeo
2143 5472 2526 5536 contenderet,
2561 5471 2864 5542 perfectum
2893 5469 3030 5533 fore,
3059 5476 3115 5520 et
3147 5465 3299 5519 illum
3331 5475 3554 5531 accepta

298 5559 454 5643 ναῦς
487 5574 571 5643 αἷς
616 5580 881 5650 χρήσεται
935 5576 1072 5648 πρὸς
1112 5575 1212 5646 τὴν
1251 5573 1532 5627 διάϐασινο
1571 5573 1669 5626 καὶ
1715 5574 1780 5642 τῇ
1811 5589 1868 5624 τε

1975 5566 2212 5637 pecunia
2263 5564 2500 5619 libenter
2564 5562 2668 5617 sub
2722 5576 2781 5615 se
2850 5559 3147 5612 militantes
3208 5559 3555 5608 remunerari

302 5673 538 5742 στρατιᾷ
570 5671 630 5722 τὸ
682 5669 1118 5736 σπουδαζόμενον
1153 5667 1307 5719 ἐσται
1361 5665 1578 5732 ἠνυκὼς
1602 5704 1618 5729 ,
1681 5665 1776 5716 καὶ
1807 5666 1872 5717 τὰ

1974 5673 2153 5728 posse.
2185 5656 2300 5711 Non
2335 5656 2484 5710 enim
2531 5667 2747 5722 aequum
2807 5650 2968 5702 irasci
3021 5646 3226 5714 pariter
3272 5642 3553 5704 omnibus,

301 5737 566 5836 χρηματα
597 5759 780 5813 λαϐὼν
808 5758 1105 5830 ἀμείψεται
1131 5757 1256 5819 τοὺς
1304 5755 1601 5825 προθύμως
1635 5770 1872 5825 συστρα-

1975 5752 2069 5806 sed
2097 5750 2368 5820 superbia
2395 5757 2450 5802 et
2474 5743 2836 5802 contumaciae
2862 5742 3178 5794 inccntorcs
3211 5737 3424 5791 modice
3456 5751 3556 5802 pn-

299 5825 696 5922 seuuzpévouc.
733 5851 806 5903 Οὐ
842 5825 1424 5920 γάρνδίκαιονύμοίως
1457 5849 1624 5902 πᾶσιν
1653 5846 1868 5918 ὀργίζε-

1977 5844 2223 5901 niendos.
2285 5856 2351 5895 ne
2416 5839 2555 5894 alios
2606 5834 3001 5907 impudentiam
3047 5831 3298 5899 exemplo
3325 5842 3422 5882 suo
3449 5825 3572 5881 do.‘

552 5949 817 6009 Ρλτιιοι.
851 5948 968 6005 Gn.
1009 5943 1206 6004 CLIII.

3129 5923 3211 5983 35
