4014 6428
568 416 709 484 Ῑῠιλε)

1745 402 2075 465 JOANNlS
2115 399 2655 463 CANTACUZENI

3674 395 3783 452 llttU

560 543 724 592 ceant
758 551 773 589 :
801 528 1036 602 reliquis
1070 518 1994 583 cunvenienterlabornm.meritis
2019 532 2163 587 prato

2282 516 2398 571 σθαι
2427 518 2517 571 καὶ
2547 516 2706 579 δίκας
2733 515 3018 579 ἀπαιτεῖν,
3049 508 3187 568 ἀλλὰ
3218 508 3343 575 τούς
3379 504 3472 577 μὲν
3509 505 3690 568 αἰτίους
3711 504 3787 572 τῆς

562 632 674 688 mia
714 625 1101 700 persolvenila,
1138 631 1201 677 ut
1228 629 1285 677 et
1316 616 1591 689 supplicio
1622 613 2006 684 improborum
2040 619 2155 665 ter-

562 732 704 790 reat,
738 733 797 778 et
818 716 1204 776 beneﬁcentiae
1234 712 1422 769 studio
1451 709 1590 766 alios
1617 712 1683 762 ad
1720 721 1778 762 se
1813 702 2155 776 diligendum

564 814 791 872 alliciat.
828 812 1094 867 Amurius
1122 805 1401 876 extemplo
1424 810 1603 874 paret,
1632 808 1687 856 et
1724 799 1792 856 de
1825 795 2160 853 admonitio-

564 924 636 964 ne
664 905 984 979 imperatori
1013 901 1218 974 gratias
1241 901 1375 971 agit,
1404 897 1617 967 legatos
1647 892 1715 948 ad
1749 889 2159 962 imperatriccm

565 1003 749 1057 denuo
782 998 852 1053 de
886 1009 1023 1067 pace
1051 1003 1235 1049 actum
1279 988 1473 1046 mittit.
1505 984 1876 1058 Apocauchus
1927 994 2162 1051 magnus

564 1093 678 1147 dux
725 1098 783 1145 et
845 1087 1074 1157 collega
1099 1085 1168 1140 de
1197 1098 1336 1153 pace
1363 1080 1531 1136 silent
1560 1076 1808 1149 penitus,
1835 1074 2166 1128 Amurlum-

564 1201 676 1259 que
706 1185 951 1255 primum
1003 1174 1444 1249 reprehendunt,
1476 1169 1625 1242 quod
1671 1178 1913 1238 satrapa,
1943 1173 2003 1221 et
2052 1172 2164 1218 tam

563 1256 785 1350 potens,
815 1283 983 1344 atque
1015 1269 1163 1342 apud
1195 1268 1477 1325 Romanos
1502 1266 1658 1335 juxta
1692 1277 1759 1317 ac
1801 1259 2075 1317 barbaros
2109 1256 2166 1311 in

565 1380 721 1428 tanta
754 1366 1146 1429 admiratione,
1198 1359 1461 1430 mancipii
1496 1361 1672 1414 instar
1713 1354 2166 1412 Cantacuzenum

566 1476 858 1534 sequatur,
897 1456 1112 1515 tamdiu
1157 1456 1211 1510 in
1242 1454 1408 1510 terris
1442 1450 1754 1523 peregrinis
1795 1444 1988 1511 miser,
2017 1443 2169 1498 nullo

565 1557 744 1617 lucro,
780 1566 908 1608 cum
943 1547 1247 1622 ignominia
1276 1554 1465 1600 autem
1527 1556 1767 1604 summa,
1833 1553 1960 1610 qua:
2010 1536 2197 1592 illum.

569 1648 841 1704 scientem
865 1643 1261 1710 volentemque
1292 1636 1599 1708 cooperuit.
1637 1633 1760 1690 Jam
1792 1629 1928 1687 illud
1963 1628 2171 1701 turpis-

570 1742 777 1797 simum
822 1752 945 1793 esse
1008 1734 1175 1805 580
1210 1731 1359 1804 quod
1414 1739 1470 1785 et
1510 1726 1765 1785 satellitis
1801 1726 1985 1781 locum
2023 1720 2170 1793 apud

567 1836 1016 1895 Cantacuzenum
1053 1839 1245 1884 tenere
1268 1841 1379 1881 non
1399 1822 1714 1887 erubuerit,
1747 1820 1813 1875 ad
1844 1808 2172 1891 cujus‘prte-

572 1930 778 1989 torium
807 1935 975 1981 noctu
1014 1920 1324 1985 excubarit,
1348 1926 1409 1974 ut
1440 1918 1558 1988 ipse
1593 1915 1745 1973 omni
1768 1923 1924 1969 metu
1959 1912 2175 1967 solutus

570 2028 852 2081 sterteret.
892 2019 1021 2073 Haec
1076 2015 1247 2087 igitur
1300 2012 1437 2068 tanti
1466 2011 1627 2083 plena
1672 2006 1968 2067 dedecoris
1993 2004 2041 2061 si
2069 2003 2176 2075 ipsi

570 2123 725 2188 grata
752 2113 884 2177 sint,
927 2124 1033 2165 nec
1057 2107 1189 2171 sibi,
1213 2105 1349 2179 quid
1376 2108 1431 2161 ci
1453 2102 1664 2161 ftedum
1700 2110 1869 2173 atque
1888 2099 2177 2170 indignum

571 2207 787 2263 accidat
818 2216 968 2259 cura:
998 2200 1272 2256 laturum.
1309 2197 1472 2254 Nunc
1505 2195 1550 2251 si
1587 2204 1695 2250 tam
1724 2194 1873 2264 longi
1906 2189 2177 2261 temporis

575 2299 631 2352 in
657 2306 851 2352 extero
884 2291 1004 2348 solo
1045 2289 1417 2347 incommodis
1450 2288 1706 2352 satiatus,
1746 2285 1815 2340 ad
1845 2283 2006 2340 sedes
2050 2295 2179 2336 suas

573 2378 779 2441 reverti
822 2382 1205 2453 concupiscat.
1245 2395 1305 2436 se
1354 2392 1579 2448 quoque
1613 2376 1797 2447 ipsum
1832 2375 1887 2429 in
1934 2374 2041 2429 hoc
2068 2386 2177 2426 non

573 2476 776 2532 leviter
828 2474 1165 2546 adjuturos.‘
1202 2471 1334 2527 Sive
1404 2470 1555 2525 enim
1610 2483 1709 2536 per
1761 2466 2073 2538 Bithyniam
2126 2473 2182 2520 et

575 2567 872 2639 Phrygiam
901 2565 957 2619 in
998 2564 1208 2619 loniam
1239 2563 1322 2618 ire
1365 2571 1545 2631 paret,
1574 2569 1752 2615 tutum
1786 2562 1894 2616 iter
1928 2575 2027 2630 per
2051 2556 2182 2612 Hel-

577 2662 920 2729 leSpontum,
953 2666 1048 2711 aut
1103 2670 1202 2725 per
1254 2652 1461 2708 fretum
1506 2653 1870 2725 Byzantinum
1900 2651 2180 2722 praestitu-

582 2764 707 2816 rus;
760 2750 878 2802 sive
936 2736 1086 2801 recta
1133 2747 1189 2799 in
1251 2759 1407 2800 suam
1446 2743 1789 2813 provinciam
1827 2742 2182 2811 abnavigare,

585 2843 867 2897 triremes
896 2852 954 2896 et
1008 2838 1115 2893 alia
1154 2835 1372 2908 navigia
1412 2835 1667 2900 daturos,
1708 2849 1831 2904 quae
1873 2834 2183 2888 exercitum

586 2936 902 3006 deportent.
937 2932 1002 2987 Et
1035 2910 1166 3002 quia
1205 2944 1433 2987 necesse
1463 2929 1684 2993 habeat,
1711 2930 1879 2984 etiam
1907 2926 2184 2998 stipendia

586 3027 705 3084 suis
733 3038 844 3082 tam
895 3027 993 3081 diu
1027 3025 1299 3080 militibus
1344 3023 1578 3088 solvere,
1609 3030 1878 3092 quantum
1916 3020 2185 3076 debeatur

584 3121 900 3193 largiturus.
933 3119 1059 3176 Haec
1086 3133 1319 3190 magnus
1345 3116 1457 3172 dux
1502 3116 1685 3186 legato
1735 3113 2042 3183 respondit.
2082 3111 2186 3168 Ve-

590 3215 1005 3274 rumenimvero
1063 3213 1336 3269 barbarus
1410 3208 1624 3266 domini
1688 3206 2182 3280 reprehensionem

589 3325 698 3364 non
742 3308 951 3372 ferens,
1000 3305 1277 3363 Videmini
1310 3304 1468 3369 mihi,
1504 3303 1708 3374 inquit,
1748 3310 1966 3357 tantum
1996 3301 2185 3355 odisse

588 3402 817 3467 multos,
843 3389 1076 3471 diligere
1104 3397 1403 3453 neminem.
1430 3394 1590 3462 Quod
1609 3394 1657 3450 si
1684 3410 1847 3451 secus
1871 3404 2038 3458 esset,
2072 3408 2183 3449 non

590 3498 668 3547 ita
698 3494 764 3547 ad
799 3491 1082 3545 machinas
1131 3497 1189 3544 et
1226 3487 1460 3542 insidias
1489 3495 1683 3540 contra
1729 3488 1921 3542 hostes
1967 3486 2189 3556 excogi-

593 3585 787 3640 tandas
828 3581 1073 3653 expediti
1108 3580 1333 3645 essetis,
1380 3578 1572 3648 lingua
1622 3578 1758 3650 largi
1794 3578 1861 3634 ad
1897 3587 2188 3634 contume-

589 3678 720 3742 lias,
750 3690 813 3730 ac
861 3675 908 3729 si
946 3672 1070 3727 ideo
1128 3686 1250 3726 eam
1297 3669 1680 3741 possideretis,
1717 3677 1774 3725 et
1807 3684 1972 3724 omne
2013 3684 2188 3740 genus

593 3768 964 3840 nequitiarnm
1014 3772 1356 3829 exercentes,
1415 3762 1719 3816 amicorum
1775 3772 1961 3816 autem
1998 3761 2184 3817 ollicia

593 3862 847 3918 funditus
892 3857 1223 3915 nescientes.
1256 3856 1376 3911 Prae
1426 3855 1622 3909 horum
1660 3862 1857 3925 magna
1886 3854 2186 3925 ‘imperitia

595 3957 881 4011 dominum
918 3966 1101 4007 meum
1136 3951 1214 4006 rei
1268 3947 1556 4022 cujusdam
1605 3948 1822 4003 servilis
1853 3957 1910 4004 et
1940 3948 2188 4020 ingloria“:

592 4047 916 4114 accusastis,
945 4046 1092 4117 quod
1122 4045 1520 4114 imperatorem
1545 4050 1672 4096 ante
1707 4042 1826 4113 ejus
1861 4040 2190 4096 tabernacu-

592 4142 710 4198 lum
743 4139 1047 4203 excubans,
1101 4136 1171 4192 ab
1222 4135 1665 4201 insidiatorihus,
1699 4134 1792 4205 qui
1844 4134 2003 4189 multi
2031 4141 2190 4190 erant

592 4235 940 4299 custodierit,
962 4233 1143 4287 vir-tus
1167 4230 1384 4286 st-ilicet
1404 4244 1592 4284 amore
1620 4229 1790 4295 illius,
1823 4238 1877 4284 et
1898 4231 2189 4283 atlectione

593 4327 709 4382 sola
744 4322 991 4380 omnium
1023 4320 1379 4377 all‘cctionum
1412 4319 1843 4392 jucundissima,
1875 4330 1932 4375 et
1970 4321 2039 4375 ab
2067 4336 2190 4376 om-

596 4421 760 4477 nibus
786 4416 1098 4489 expetenda
1137 4414 1428 4470 subactus.
1465 4411 1829 4484 lnterrogabo
1865 4424 2053 4468 autem
2097 4431 2192 4471 \os

596 4525 721 4569 uter
750 4511 949 4567 melius
999 4509 1068 4564 de
1108 4507 1333 4573 decoro,
1364 4515 1421 4562 et
1463 4505 1533 4560 de
1584 4507 1738 4576 justo
1785 4516 1841 4561 et
1885 4507 2193 4563 honorifico

595 4606 795 4672 sensit,
821 4613 1042 4673 satrapa
1074 4600 1337 4655 dominus
1362 4614 1541 4665 meus,
1574 4599 1669 4668 qui
1702 4615 1768 4655 ex
1807 4600 2051 4654 amicitia
2074 4614 2192 4655 tan-

598 4709 715 4753 tunt
735 4710 836 4767 pro
859 4696 1194 4764 imperatore
1222 4691 1469 4747 laborem
1504 4701 1561 4745 et
1597 4689 1843 4746 dedecus
1871 4693 2190 4761 capessivit.
2240 4749 2260 4769 .

600 4802 660 4847 ut
691 4789 894 4853 d.citis,
921 4804 988 4841 an
1023 4802 1121 4841 vos
1153 4786 1247 4857 qui
1278 4784 1661 4855 compluribus
1706 4795 1761 4840 et
1792 4786 2195 4841 excellentibus

599 4882 881 4940 beneﬁciis
908 4881 975 4935 ab
1003 4894 1071 4934 eo
1098 4878 1303 4943 aﬂ'ecti,
1332 4878 1534 4934 deinde
1566 4879 1813 4933 omnium
1834 4878 1986 4933 velut
2008 4878 2192 4941 obliti,

600 4975 1145 5048 perimprobitatetn
1190 4981 1247 5027 et
1277 4972 1480 5044 ingrati
1518 4971 1690 5027 animi
1728 4973 1947 5039 vitium,
1986 4973 2098 5027 imo
2137 4980 2196 5027 et

609 5090 707 5143 per
735 5069 1041 5126 calumnias
1082 5076 1140 5123 et
1174 5067 1565 5140 sycophantias
1620 5068 1829 5123 bellum
1884 5067 2191 5131 excitastis,

601 5166 746 5237 quod
773 5179 946 5234 usque
980 5164 1147 5219 hodie
1181 5171 1261 5216 tut
1289 5161 1448 5216 malis
1476 5176 1574 5216 vos
1600 5162 1925 5228 cumulavit,
1948 5170 1999 5215 et
2020 5176 2197 5231 quan-

604 5272 718 5313 tum
760 5272 1025 5327 auguror,
1056 5254 1310 5325 pluribus
1341 5252 1671 5319 cumulabit.
1718 5253 1833 5307 Nec
1863 5252 1969 5307 hoc
1999 5253 2192 5307 saltem

603 5349 1063 5415 animadvertitis,
1090 5357 1150 5402 ut
1175 5347 1354 5403 insani
1381 5346 1657 5409 videlicet,
1694 5344 1973 5414 quomodo
1997 5360 2196 5399 carnes

604 5456 817 5501 vestras
846 5441 950 5513 ipsi
997 5439 1300 5496 devoretis.
1334 5437 1415 5491 An
1451 5436 1659 5490 clarum
1711 5443 1818 5498 est,
1851 5435 2030 5503 ipsum
2067 5434 2195 5504 qni-

606 5536 734 5592 dem
804 5535 1106 5603 ingenuum
1197 5540 1255 5585 et
1330 5526 1772 5598 magnanimum,
1828 5525 2195 5596 gerendaeque

607 5624 865 5681 amicitia:
889 5639 1003 5678 non
1032 5621 1351 5691 imperitum
1380 5616 1581 5672 imitari
1612 5617 1982 5681 voluisse,vos
2008 5628 2194 5671 autent

609 5718 1146 5789 improbissimorum
1180 5731 1243 5769 ac
1276 5714 1600 5768 stulidorum
1658 5726 1860 5776 mores,
1922 5719 1976 5763 et
2023 5725 2193 5764 unum

605 5811 871 5863 duntaxat
898 5825 1007 5864 non
1037 5808 1179 5862 male
1205 5808 1471 5878 scientes,
1501 5805 1727 5875 quosvis
1761 5819 2082 5874 oppugnare
2137 5813 2194 5858 et

608 5903 941 5971 interﬁcere,
972 5902 1107 5961 nulli
1142 5908 1323 5957 autem
1354 5900 1659 5970 prodesse?
1695 5898 1794 5955 llic
1823 5913 2054 5968 nmgntts
2083 5896 2193 5954 dux

1550 6168 1567 6195 Ι

2269 609 2565 673 αὐθαδείας
2595 610 2797 682 μέτρια
2826 605 3107 674 κολάζειν,
3139 606 3229 659 ἵνα
3252 604 3327 674 μὴ
3358 601 3683 674 παράδειγμα
3703 598 3788 658 τοῖς

2261 701 2451 766 ἄλλοις
2474 703 2737 769 γίνωνται
2759 701 3182 772 ἀναισχυντίας,
3207 698 3335 761 τοὺς
3360 696 3415 749 δὲ
3438 694 3641 755 λοιποὺς
3661 691 3791 755 ἀξίως

2267 794 2606 865 ἀμείϐεσθαι
2659 794 2768 849 τῶν
2817 794 3022 857 πόνων,
3082 792 3171 846 ἵνα
3222 793 3289 861 τῇ
3354 805 3413 842 τε
3465 786 3668 840 κολάσει
3710 781 3791 834 τῶν

2264 888 2608 956 ἀγνωμόνων
2638 886 2875 958 ἐκφοϐᾖ,
2904 887 3000 940 καὶ
3025 885 3093 955 τῇ
3127 883 3258 954 περὶ
3285 881 3382 945 τὰς
3407 876 3701 948 εὐεργεσίας
3725 892 3792 941 quo

2265 977 2491 1050 λοτιμίᾳ⁴
2520 979 2659 1050 πρὸς
2692 978 2912 1032 εὐνοιαν
2950 977 3277 1048 ἐφέλκηται.
3323 974 3382 1028 ’0
3426 974 3520 1035 μὲν
3564 965 3649 1023 οὖν
3682 968 3798 1021 ἐπεί-

2268 1070 2393 1125 θετο
2420 1072 2624 1126 αὐτίκα
2651 1112 2665 1139 ,
2712 1073 2819 1126 καὶ
2865 1073 2965 1140 τῆς
3016 1069 3399 1142 παραινέσεως
3450 1064 3796 1135 εὐχαριστήσας

2270 1161 2524 1233 βασιλέα,
2556 1163 2859 1235 πρεσϐείαν
2888 1163 3110 1234 ἔπεμπε
3142 1161 3279 1232 πρὸς
3317 1157 3580 1231 βασιλίδα,
3610 1158 3693 1208 καὶ
3720 1153 3799 1204 διε-

2272 1259 2463 1325 λέγετο
2496 1257 2628 1327 περὶ
2670 1256 2900 1327 εἰρήνης
2930 1251 3110 1320 αὖθις.
3164 1252 3502 1321 Ἀπόκαυχος
3535 1248 3586 1302 δὲ
3607 1249 3632 1301 ὁ
3666 1247 3801 1316 μέγα(

2269 1348 2399 1414 δοὺξ
2458 1348 2602 1419 μετὰ
2639 1347 2750 1400 τῶν
2796 1346 3173 1417 συναρχόντων
3206 1344 3338 1415 περὶ
3378 1341 3475 1412 μὶν
3506 1343 3595 1408 τῆς
3626 1336 3802 1407 εἰρήνης

2273 1441 2468 1495 οὐδένα
2492 1441 2653 1509 λόγον
2697 1441 3053 1510 ἐποιήσαντο,
3091 1436 3233 1491 ἀλλὰ
3269 1434 3488 1508 πρῶτον
3516 1434 3605 1504 μὲν
3634 1428 3802 1483 ἐκείνου

2272 1534 2643 1606 κατηγόρουν,
2677 1533 2758 1587 ὅτι
2797 1532 3085 1602 σατράπης
3117 1530 3216 1596 ὣν,
3260 1530 3358 1584 καὶ
3397 1528 3616 1595 δύναμιν
3648 1520 3803 1576 rorati-

2273 1645 2378 1700 την
2406 1628 2771 1701 κεκτημένος,
2809 1629 2902 1680 καὶ
2935 1631 3091 1698 παρὰ
3127 1622 3415 1696 Ῥωμαίων
3446 1618 3538 1674 καὶ
3566 1616 3804 1689 βαρὸάρων

2275 1720 2593 1791 τιμώμενος
2649 1719 2950 1787 τοσοῦτον,
3009 1719 3204 1786 ὥσπερ
3271 1712 3597 1786 ἀνδράποδον
3655 1710 3807 1762 ἕποιτο

2278 1811 2748 1884 Καντακουζηνῷ,
2783 1813 3043 1866 τοσοῦτον
3088 1810 3283 1882 χρόνον
3331 1809 3425 1860 ἐπὶ
3475 1805 3621 1874 ξένης
3661 1799 3808 1884 satiat:

2206 1885 2251 1947 Β
2286 1905 2508 1978 πωρῶν,
2533 1879 2844 1976 επὶ-κέρδει
2888 1903 2990 1975 μὲν
3023 1879 3225 1965 οὐδενὶ,
3263 1899 3450 1969 ἀδοξίᾳ
3480 1896 3536 1950 δὲ
3579 1890 3749 1961 ἐσχάτῃ

2279 2000 2689 2073 περιϐέϐληκεν
2737 2000 2906 2054 αὐτὸν
2955 1996 3120 2053 ἑκών.
3166 1996 3246 2050 Ἰὸ
3295 1996 3352 2050 δὲ
3391 1994 3456 2064 δὴ
3500 1991 3726 2063 μέγιστον
3747 1987 3807 2038 ὅτι

2279 2094 2377 2149 καὶ
2423 2095 2730 2166 δορυφόρου
2783 2093 2940 2158 τάξιν
2988 2092 3214 2162 ἐπέχειν
3271 2090 3374 2141 οὐκ
3425 2083 3657 2159 ᾐσχύνθη
3706 2077 3807 2147 πρὸς

2279 2187 2770 2258 Καντακουζηνδν,
2820 2185 2938 2240 ἀλλ’
2966 2187 3059 2239 ἐπὶ
3091 2184 3192 2255 τὴν
3223 2182 3442 2237 ἐκείνου
3478 2178 3669 2248 σκηνὴν
3692 2170 3807 2241 ἐρχό-

2284 2297 2468 2352 μενος,
2501 2280 2818 2351 άγρυπνοίη
2883 2277 3123 2347 νύκτωρ,
3178 2275 3260 2339 ὡς
3319 2275 3388 2329 ἂν
3438 2273 3634 2332 ἐκεῖνος
3677 2266 3802 2338 ρέηω

2286 2372 2456 2443 μηδὲν
2488 2372 2847 2443 ὑφορώμενος
2871 2370 3069 2425 δεινόν.
3103 2365 3299 2422 Ταῦτα
3332 2367 3431 2439 μὲν
3459 2362 3549 2419 οὖν
3572 2363 3644 2424 εἰς
3668 2355 3801 2412 τοσοῦ-

2282 2481 2377 2518 τον
2408 2463 2631 2529 ἀδοξίας
2664 2464 2870 2532 ἄγοντα
2904 2462 3095 2527 αὐτὸν,
3132 2463 3181 2513 εί
3228 2460 3392 2529 φίλον
3422 2457 3610 2525 ἐκείνῳ
3638 2446 3795 2505 τοιαῦτα

2285 2558 2609 2626 ὑπομένειν,
2673 2555 2786 2611 οὐδ’
2810 2556 2999 2618 αὐτοῖς
3059 2555 3327 2625 μελήσειν
3373 2552 3501 2623 περὶ
3532 2548 3622 2616 τῆς
3648 2540 3800 2597 ἐκείνου

2286 2648 2521 2721 ὕϐρεως.
2558 2648 2700 2717 Νυνὶ
2729 2650 2787 2703 δὲ
2822 2651 2875 2703 εί
2913 2647 3166 2718 ἀρκοῦσα
3202 2645 3390 2710 ἔδοξεν
3419 2646 3452 2714 ἡ
3481 2641 3571 2695 ἐπὶ
3608 2632 3805 2692 τοσοῦτον

2283 2745 2478 2815 χρόνον
2508 2744 2604 2797 ἐπὶ
2645 2746 2745 2812 τῆς
2782 2743 2942 2814 ξένης
2976 2740 3337 2810 ταλαιπωρία
3379 2740 3475 2793 καὶ
3503 2735 3662 2788 δέοιτο
3686 2730 3808 2815 ἐπανέ-

2228 2902 2233 2909 κ
2286 2814 2463 2890 ελθετν
2490 2836 2628 2909 προς
2655 2835 2754 2908 τὴν
2778 2835 3013 2900 οίκείαν,
3047 2830 3420 2903 ξυλλήψεσθαι
3463 2827 3559 2882 οὐκ
3585 2822 3717 2888 ὀλίγα
3742 2814 3809 2909 καὶ

2288 2927 2514 2992 αὐτούς.
2536 2908 2671 2982 Εἴτε
2703 2928 2814 2998 γὰρ
2836 2927 2928 2981 διὰ
2953 2925 3208 2988 Βιθυνίας
3260 2926 3359 2978 καὶ
3394 2919 3621 2991 Φρυγίας
3646 2915 3720 2968 ἐπὶ
3740 2908 3810 2976 τὴν

2300 3022 2513 3077 Ἰωνίαν
2553 3020 2805 3092 βούλοιτο
2838 3019 3039 3081 ἐλθεῖν,
3076 3017 3208 3071 ἀδεᾶ
3242 3017 3341 3071 τὸν
3374 3016 3537 3084 πόρον
3570 3002 3811 3075 παρασχεῖν

2289 3115 2488 3179 αὐτοὺς
2518 3116 2613 3167 ἐπὶ
2649 3114 2744 3167 τὸν
2787 3111 3204 3182 Ἑλλήσποντον,
3234 3110 3275 3182 ᾗ
3295 3108 3388 3161 τὸν
3415 3105 3551 3161 κατὰ
3577 3105 3630 3156 τὸ
3658 3093 3813 3158 Βυξάν⁴

2289 3225 2410 3261 τιον
2434 3205 2729 3279 πορθμόνο
2784 3204 2897 3257 εἴτε
2948 3203 3111 3256 ναυσὶ
3170 3202 3315 3272 πρὸς
3351 3199 3451 3270 τὴν
3491 3194 3679 3252 οξκ;ίαν
3713 3191 3813 3241 6m-

2292 3296 2551 3362 πλεῦσαι,
2608 3295 2866 3367 τριήρεις
2914 3290 3308 3365 παρασχέσθαι
3365 3294 3456 3345 καὶ
3500 3286 3622 3348 ναῦς
3668 3281 3813 3346 ἐτέρας

2292 3391 2395 3461 τὴν
2434 3389 2705 3461 στρατιὰν
2756 3386 3134 3458 δυνησομένας
3185 3383 3570 3451 ὐποδέξασθαι.
3619 3369 3811 3432 Ἐπεὶδὲ

2289 3483 2452 3556 χρεία
2510 3482 2606 3537 καὶ
2645 3481 2954 3555 χρημάτων
3012 3478 3163 3550 αὐτῷ
3211 3478 3544 3548 ἀμείϐεσθαι
3593 3476 3702 3534 τοὺς
3745 3468 3810 3519 ιπι

2288 3573 2547 3629 τοσοῦτον
2578 3574 2731 3645 αὐτῷ
2774 3573 2969 3646 χρόνον
3018 3572 3578 3643 συστρατευομένους.
3613 3559 3811 3633 παρέξω

2294 3662 2396 3717 ὅσα
2422 3662 2458 3717 ἃ
2491 3662 2770 3733 συμϐῶσι.
2807 3659 3050 3714 Τοιαῦτα
3097 3661 3195 3729 μὲν
3221 3663 3247 3712 ὁ
3287 3661 3458 3730 μέγας
3499 3656 3617 3721 δούξ
3642 3646 3813 3718 impr

2291 3773 2423 3810 νατο
2457 3754 2596 3825 πρὸς
2617 3754 2716 3824 τὴν
2748 3752 3069 3824 πρεσϐείαν.
3115 3751 3172 3806 '0
3200 3751 3482 3824 βάρϐαρος
3509 3752 3562 3804 δὲ
3603 3746 3719 3820 πρὸς
3746 3740 3807 3810 τίῖν

2294 3848 2438 3902 κατὰ
2465 3847 2560 3901 τοῦ
2597 3846 2868 3901 δεσπότου
2919 3844 3262 3917 κατηγορίαν
3314 3844 3628 3916 βουλόμενος
3656 3838 3808 3892 ἐνίστα-

2295 3942 2442 4009 σθαι,
2461 3943 2679 3995 Δοκεῖτε
2715 3959 2830 4012 μοι,
2860 3940 2990 4009 ἔφη,
3010 3939 3262 4010 πολέμιοι
3294 3942 3454 4013 μόνον
3482 3926 3810 3992 ablat-1201151",

2294 4037 2440 4106 φίλοι
2471 4036 2527 4090 δὲ
2556 4035 2789 4098 οὐδενός.
2814 4037 2876 4090 Εἰ
2910 4035 3017 4106 γάρ
3047 4035 3122 4106 μὴ
3161 4034 3322 4088 τοῦτο
3351 4030 3439 4106 ἦν,
3477 4033 3572 4086 οὐκ
3603 4030 3662 4083 ἂν
3687 4023 3813 4080 οὕτως

2294 4127 2392 4198 ἦτε
2429 4130 2659 4201 πόριμοι
2683 4130 2930 4199 μηχανὰς
2968 4128 3068 4198 μὲν
3096 4129 3187 4180 καὶ
3220 4127 3515 4189 ἐπιϐουλὰς
3538 4118 3815 4191 ἐξευρίσκειν

2297 4225 2439 4278 κατὰ
2464 4223 2573 4277 τῶν
2606 4222 2912 4292 πολεμίων,
2947 4224 3013 4291 τῇ
3050 4238 3110 4274 τε
3158 4218 3377 4292 γλώττῃ
3412 4223 3674 4291 χρώμενοι
3696 4212 3816 4277 ἀφει-

2301 4315 2410 4377 δῶς
2452 4314 2591 4385 πρὸς
2625 4314 2832 4384 ὐϐρεις,
2878 4311 3068 4383 ὥσπερ
3112 4311 3198 4365 διὰ
3246 4305 3409 4365 τοῦτο
3439 4310 3631 4377 ταύτην
3668 4313 3817 4364 κεκτη·

2300 4408 2480 4479 μένοι,
2515 4407 2612 4460 καὶ
2647 4407 2827 4458 πᾶσαν
2875 4403 3046 4474 ἄλλην
3099 4401 3536 4471 ἐπιδεικνύμενοι
3582 4390 3813 4461 πονηρίαν,

2295 4478 2406 4552 τῶν
2428 4497 2484 4551 δὲ
2515 4498 2691 4567 φίλοις
2718 4495 3109 4566 προσηκόντων
3132 4494 3492 4560 ἐπιστάμενοι
3512 4488 3668 4541 οὐδέν.
3694 4478 3813 4533 Ὅθεν

2224 4606 2268 4662 ι)
2299 4591 2405 4644 ὐπὸ
2436 4593 2535 4661 τῆς
2576 4591 2717 4659 ἄγαν
2774 4588 2900 4659 περὶ
2954 4584 3127 4639 ταῦτα
3183 4584 3445 4654 ἀπειρίας
3481 4582 3571 4637 καὶ
3609 4576 3692 4632 τοῦ
3716 4568 3816 4641 ἐμοῦ

2298 4682 2566 4735 δεσπότου
2599 4680 3026 4751 κατηγορήκατε
3071 4677 3313 4741 ἀδοξίαν.
3349 4678 3430 4731 ὅτι
3471 4678 3601 4743 πρὸς
3626 4673 3712 4739 τὴν
3744 4667 3818 4735 βα-

2298 4772 2495 4836 σιλέως
2552 4771 2765 4842 σκηνὴν
2819 4771 3026 4835 ἐλθὼν,
3088 4772 3198 4824 ἀπὸ
3252 4770 3363 4824 τῶν
3415 4763 3817 4824 ἐπιϐουλευόντων

2298 4866 2516 4919 πολλῶν
2547 4865 2717 4920 ὄντων
2750 4864 3054 4933 ἀγρυπνῶν
3094 4864 3420 4932 ἐφύλαττεν,
3472 4862 3570 4917 ὑπὸ
3600 4861 3686 4927 τῆς
3723 4847 3819 4917 περὶ

2300 4960 2531 5031 βασιλέα
2601 4960 2921 5029 ἡττώμενος
2968 4958 3209 5025 εὐνοίας,
3262 4955 3359 5010 καὶ
3391 4955 3550 5010 πάθει
3582 4952 3710 5022 μόνῳ
3736 4942 3818 4996 τῶν

2298 5054 2522 5108 πάντων
2554 5051 2744 5105 παθῶν
2772 5052 2976 5123 ἡδίστῳ
3005 5067 3064 5103 τε
3097 5050 3213 5120 ἅμα
3240 5050 3333 5102 καὶ
3362 5046 3583 5117 ζηλωτῴ
3610 5038 3819 5096 δεδουλω-

2300 5146 2487 5217 μένος.
2535 5145 2831 5215 Ἐρωτήσω
2877 5142 2935 5196 δὶ
2989 5142 3156 5212 ὑμᾶς,
3184 5142 3265 5203 τίς
3321 5141 3524 5211 βέλτιον
3552 5135 3665 5205 περί
3693 5145 3745 5183 τε
3770 5124 3815 5176 τὸ

2299 5242 2582 5311 προσῆκον
2619 5239 2717 5292 καὶ
2745 5238 2805 5290 τὸ
2835 5236 3048 5290 δίκαιον
3082 5237 3179 5290 καὶ
3218 5235 3353 5306 πρὸς
3385 5230 3678 5303 φιλοτιμίαν
3698 5221 3819 5274 ἐϐου-

2298 5336 2555 5403 λεύσατο,
2590 5333 2878 5406 σατράπης
2939 5334 2970 5385 ὁ
3016 5331 3146 5402 ἐμὸς
3201 5330 3491 5392 δεσπότης,
3539 5326 3593 5387 ὃς
3638 5323 3721 5389 τῆς
3758 5315 3817 5406 εἷς

2302 5430 2531 5501 βασιλέι
2573 5430 2740 5483 ἕνεκα
2795 5424 2980 5496 φιλίας
3034 5422 3288 5477 τοσοῦτον
3346 5421 3518 5473 εἵλετο
3563 5415 3704 5468 πόνον
3744 5402 3816 5457 καὶ

2299 5499 2543 5589 άδοξίαν,
2572 5520 2648 5584 ὡς
2681 5520 2841 5590 ὑμεῖς
2871 5533 3034 5586 φατε,
3066 5516 3099 5586 ἢ
3144 5515 3303 5585 ὑμεῖς
3330 5512 3379 5565 οί
3408 5508 3608 5563 πολλῶν
3636 5499 3716 5556 καὶ
3740 5513 3765 5563 ρ

2298 5618 2486 5687 γάλων
2549 5612 2989 5673 ἀπολελαυκότες
3055 5608 3316 5679 βασιλέως
3368 5596 3811 5687 εὐεργετημάτιιιγ⁶

2301 5679 2495 5765 ἒπειτα
2545 5708 2767 5761 πάντων
2822 5703 3013 5771 ὥσπερ
3059 5697 3490 5764 ἐπιλελησμένοι,
3536 5689 3621 5743 καὶ
3654 5679 3809 5771 πολλὴν

2306 5801 2710 5871 ἐπιδειξάμενοι
2747 5769 3145 5865 ἀγνωμοσύνην
3175 5791 3267 5844 καὶ
3315 5784 3641 5857 ἀχαριςτίαν,
3669 5769 3808 5871 διαβεε

2305 5898 2424 5961 λαῖς
2479 5891 2821 5965 χρησάμενοι
2877 5887 2972 5943 καὶ
3036 5883 3441 5954 συκοφαντίαις,
3485 5875 3568 5930 τὸν
3625 5864 3806 5929 Tali-59"”

3773 5508 3815 5542 ε-
