4014 6428
574 427 710 489 ilOl

1777 417 2018 479 JOANN
2032 417 2047 474 l
2061 416 2100 476 S
2141 412 2672 475 CANTACUZENI

3665 408 3772 469 lilii

573 552 678 596 ret.
711 538 880 593 Nocte
917 536 972 591 in
996 535 1121 591 vico
1153 533 1373 590 deserto
1404 531 1594 602 paucis
1620 528 1800 585 adhuc
1831 529 2156 584 \‘it'lnlal'llm

2276 526 2382 578 τῶν
2410 525 2658 595 Περσῶν,
2693 521 2944 587 ἐϐάδιζεν
2974 519 3054 585 εἰς
3083 516 3485 590 Κουμουτζηνά,
3530 516 3606 571 διὰ
3626 517 3677 570 ab
3701 538 3777 588 μη.

577 631 867 703 parietinis
914 627 1262 683 exstantibus
1323 631 1667 680 manserunt.
1739 621 1943 676 Eadem
1997 627 2162 674 nocte

576 726 869 780 Persarum
897 721 1145 791 peditum
1180 734 1373 772 manus.
1409 734 1475 772 ex
1506 716 1633 771 Asia
1661 715 1727 768 ad
1756 713 1948 768 eadem
1975 711 2160 766 littora

491 849 494 852 .
579 811 954 883 populationis
986 825 1118 879 ergo
1169 809 1490 879 appellitur.
1548 805 1911 876 Egredientes
1956 803 2022 856 ad
2072 819 2167 856 cu-

579 905 814 959 stodiam
861 904 1084 956 navium
1121 911 1390 955 centenos
1422 900 1766 969 relinquunt,
1814 897 1905 950 alii
1939 895 2166 950 circiter

580 995 730 1048 mille
780 1004 995 1062 raptum
1041 993 1271 1046 vadunt.
1327 992 1470 1045 Cum
1513 1006 1581 1045 eo
1619 987 2042 1060 processissent,
2073 983 2164 1039 ubi

585 1089 883 1156 imperatur
923 1085 1302 1155 pernoctabat,
1339 1084 1460 1138 foco
1483 1083 1778 1141 luculento
1817 1080 2006 1150 procul
2038 1093 2171 1132 cou-

579 1188 790 1248 specto,
832 1180 1063 1248 propius
1111 1177 1179 1231 ad
1221 1178 1403 1232 locum
1436 1177 1793 1247 pededentim
1840 1184 1918 1229 et-
1952 1187 2171 1227 summo

579 1270 825 1327 silentio.
864 1278 923 1323 ut
953 1270 1218 1332 laterent,
1249 1269 1545 1334 accedunt,
1577 1276 1920 1338 speculatum
1969 1264 2170 1320 videli-

581 1372 690 1425 cet,
726 1363 954 1431 quinam
1004 1361 1072 1414 ad
1125 1377 1316 1431 pyram
1367 1361 1515 1415 illam
1568 1360 1834 1415 mortales
1863 1367 2071 1422 essent,
2112 1357 2171 1412 id

581 1453 731 1522 quod
762 1453 864 1522 ipsi
897 1461 1088 1521 postea
1114 1458 1506 1505 narrat-erunt.
1537 1450 1604 1505 Et
1631 1465 1761 1505 ecce
1791 1450 1983 1504 vident
2009 1463 2172 1502 exer-

584 1547 788 1607 citum,
847 1559 968 1609 suo,
1025 1551 1084 1596 ut
1127 1543 1420 1611 putabant,
1478 1542 1652 1596 multo
1703 1541 2170 1596 numerosiorem.

583 1637 739 1692 lllico
769 1636 966 1689 timore
1000 1623 1406 1703 cerripiuntur,
1452 1649 1521 1688 ne
1556 1633 1666 1688 illis
1718 1643 1868 1687 tanto
1921 1632 2174 1703 pluribus

587 1743 704 1784 rem
761 1725 1157 1791 sentientibus,
1215 1741 1340 1779 cum
1394 1723 1498 1796 ipsi
1559 1723 1627 1779 ad
1671 1726 2036 1779 resistendum
2092 1723 2175 1777 in-

587 1819 730 1873 ﬁrmi
761 1827 971 1882 essent,
1011 1817 1139 1871 victi
1169 1816 1616 1873 conciderentur.
1647 1809 1786 1871 Post
1817 1817 1908 1872 ubi
1943 1832 2002 1871 se
2033 1831 2173 1870 non-

2274 617 2471 686 δεμίαν
2499 619 2556 669 ἐν
2588 614 2667 684 τῷ
2694 615 2899 684 μεταξὺ
2949 611 3225 682 πολεμίων
3258 609 3570 663 ὑποπτεύειν
3614 609 3779 677 ἔξοδον.

2287 709 2522 761 Ἐπεὶδέ
2556 708 2852 776 ἐπεγένετο
2896 707 2930 777 ἡ
2958 705 3075 770 νὺξ,
3111 704 3401 774 ηὐλίσαντο
3433 703 3636 756 ἐπίτινι
3659 702 3781 770 κώμῃ

2273 799 2540 870 ἀοικήτῳ,
2565 798 2799 867 λείψανα
2833 796 2931 866 τῆς
2964 795 3202 874 ἀρχαίας
3235 794 3501 854 συνοικίας
3532 791 3670 859 ὀλίγα
3693 793 3784 843 τινὰ

2274 890 2498 962 ἐχούσῃ.
2552 887 2758 954 Συνέϐη
2789 887 2845 940 δὲ
2871 886 2972 956 τῆς
3000 886 3168 952 αὐτῆς
3201 884 3392 947 νυκτὸς
3415 883 3655 954 στρατιὰν
3678 883 3782 959 Περ-

2275 981 2386 1034 σῶν
2434 980 2609 1052 πεζὴν
2652 979 2778 1048 ἀρτι
2838 978 3243 1050 περαιωθεῖσαν
3295 977 3358 1029 ἐκ
3412 974 3508 1042 τῆς
3539 974 3701 1035 Ἀσίας
3720 975 3785 1025 ἐπὶ

2276 1071 2449 1138 λείαν,
2481 1075 2597 1136 τοῖς
2636 1071 2760 1124 ἐκεῖ
2811 1071 3078 1138 αἰγιαλοῖς
3113 1069 3389 1139 προσχεῖν·
3439 1066 3695 1120 ἀποϐᾶσαν
3729 1065 3784 1130 δὲ,

2275 1166 2368 1218 ἐπὶ
2401 1165 2504 1234 μὲν
2539 1163 2650 1219 τῶν
2689 1163 2824 1216 νεῶν
2849 1162 2950 1233 τὴν
2977 1160 3226 1231 φυλακὴν
3283 1158 3471 1213 ἐκατὺν
3501 1155 3786 1220 καταλιπεῖν,

2273 1261 2404 1320 τοὺς
2439 1258 2759 1320 ἐπιλοίπους
2786 1257 2842 1309 δὲ
2871 1257 3030 1320 ὄντας
3064 1255 3194 1324 περὶ
3225 1253 3454 1326 χιλίους,
3490 1252 3576 1304 ἐπὶ
3623 1250 3706 1321 τὴν
3723 1249 3788 1302 λεσ

2273 1351 2507 1424 ηλασίαν
2563 1351 2822 1416 ἐξελθεῖν·
2861 1348 3190 1418 γενομένους
3244 1345 3300 1400 δέ
3355 1345 3479 1397 ἔνθα
3525 1341 3790 1413 ηύλίζετοό

2275 1443 2552 1512 βασιλεὺς,
2613 1445 2706 1494 καὶ
2759 1439 3044 1512 πόρρωθεν
3069 1436 3326 1509 ἡμμένην
3379 1436 3550 1505 πυρὰν
3611 1433 3790 1492 ίδόντας,

2276 1536 2455 1589 ἐλθεῖν
2485 1536 2578 1588 ἐπὶ
2613 1535 2672 1586 τὸ
2693 1535 2916 1604 χωρίον,
2969 1534 3152 1586 πᾶσαν
3187 1531 3544 1598 ποιουμένους
3580 1526 3791 1598 πρόνηιαε

2274 1628 2636 1698 ἀγνοηθῆναι,
2677 1626 2818 1679 ὥστε
2855 1625 3332 1694 κατασκέψασθαι,
3385 1623 3574 1684 οἵτινες
3636 1615 3726 1672 εἶεν
3753 1619 3790 1670 al

2277 1721 2556 1792 χρώμενοι
2585 1720 2782 1789 ἐκείνῳ
2808 1718 2886 1790 τῷ
2916 1718 3071 1788 πυρὶ,
3093 1715 3236 1770 οὕτω
3251 1716 3359 1786 γὰρ
3390 1715 3543 1767 αὐτοὶ
3562 1711 3790 1782 διηγοῦντ)

2281 1814 2534 1882 ὕστερον.
2571 1812 2724 1865 Ἐπεὶ⁸
2768 1811 2827 1865 δὲ
2880 1811 3132 1878 ἐγένοντο
3184 1810 3371 1878 ἐγγὺς,
3426 1805 3657 1878 στρατιὰν
3695 1803 3791 1856 ἰδεῖν

528 1957 530 1960 μ
586 1911 718 1967 dum
739 1911 940 1967 sentiri
965 1910 1502 1976 animadverterunt,
1523 1911 1929 1981 quadripartito
1954 1909 2173 1978 agmine

2282 1875 2482 1976 πλήθει
2514 1875 2932 1975 ὑπερέχουσαν,
2953 1903 3030 1967 ὡς
3048 1875 3231 1967 ἔδοξεν
3262 1875 3439 1957 αὐτῶν
3463 1875 3608 1953 πολύ.
3654 1897 3788 1956 Εὐθὺς

584 2005 789 2060 castris
825 2003 1208 2067 circumdatis,
1259 2002 1508 2073 undique
1553 2004 1621 2058 de
1667 2003 1973 2074 improviso
2019 2003 2072 2055 in
2113 2001 2177 2055 il-

587 2098 674 2152 ios
731 2114 948 2152 trruere
998 2098 1368 2152 constituunt.
1410 2095 1723 2152 Credebant
1769 2097 1917 2149 enim
1965 2095 2177 2165 impetu

585 2188 874 2257 inopinato
921 2196 1347 2251 consternatos,
1397 2185 1653 2256 quamvis
1707 2186 1895 2256 plures
1947 2185 2173 2250 forent,

587 2291 968 2352 superaturos.
1035 2276 1261 2333 Barbari
1310 2276 1482 2348 igitur
1548 2278 1841 2332 consilium
1907 2275 2181 2346 explican-

596 2385 699 2440 tes,
733 2382 914 2426 castra
948 2372 1205 2442 cingunt,
1240 2371 1307 2425 ad
1359 2370 1655 2425 invadendi
1689 2371 1909 2441 signum
1954 2369 2174 2425 intenti.

587 2467 658 2523 At
685 2441 824 2518 .vero
872 2464 986 2517 dux
1031 2441 1314 2524 arbitrari,
1369 2477 1494 2518 cum
1541 2465 1711 2516 tantis
1742 2463 1918 2532 copiis
1949 2475 2056 2515 non
2100 2461 2176 2515 ita

591 2569 804 2614 temere
833 2557 1238 2622 dimicandum,
1270 2556 1492 2627 quando
1515 2571 1617 2610 nec
1642 2555 1811 2620 unde,
1834 2570 1938 2609 nec
1959 2565 2178 2625 quanta:

589 2651 812 2705 tandem
863 2651 997 2717 sint,
1030 2651 1163 2704 satis
1206 2658 1443 2703 constet.
1484 2648 1631 2702 Duos
1687 2647 1756 2700 ad
1802 2649 2176 2717 propinquum

595 2753 652 2797 et
699 2751 890 2796 notum
943 2740 1055 2795 illis
1104 2739 1311 2794 fontem
1363 2749 1622 2808 aquatum
1675 2739 1866 2805 mittit,
1903 2739 2178 2808 simulque

592 2834 822 2889 mandat
866 2842 926 2887 ut
951 2854 981 2887 e
1008 2833 1206 2886 castris
1241 2832 1506 2901 aliquem,
1543 2830 1586 2884 si
1628 2830 1864 2900 possint,
1897 2832 2175 2902 captivum

589 2924 891 2986 adducant,
937 2939 1002 2978 ex
1038 2939 1149 2992 quo
1197 2923 1335 2976 certi
1381 2921 1665 2991 quippiam
1716 2922 1784 2975 de
1835 2940 1900 2975 eo
1928 2924 2177 2978 exercitu

589 3017 938 3086 exsculpaut.
971 3015 1160 3069 Militis
1187 3013 1475 3082 cujusdam
1519 3015 1773 3069 servulus
1814 3012 1882 3068 ad
1916 3013 2174 3069 haurien-

590 3113 723 3165 dum
771 3107 1010 3169 act-edit,
1061 3105 1282 3160 barbari
1322 3115 1548 3176 propter
1597 3107 1803 3162 fontem
1853 3108 1908 3161 in
1957 3108 2176 3162 insidiis

2283 1999 2386 2070 μὲν
2418 1999 2514 2052 οὖν
2537 1999 2707 2070 εἰσῄει
2727 1997 2844 2059 δέος
2875 1997 2950 2068 μὴ
2981 1995 3330 2066 αἰσθομένοις
3379 1996 3550 2054 αὐτοῖς
3573 1989 3788 2044 τοσούτοις

2279 2091 2453 2167 οὖσιν,
2479 2091 2577 2162 οὐχ
2629 2084 2734 2144 οἷοί
2763 2108 2820 2142 τε
2844 2083 2979 2142 ὦσιν
3006 2090 3305 2157 ἀντισχεῖν,
3350 2085 3479 2140 ἀλλά
3515 2080 3788 2150 διαφθαρῶσι

2283 2184 2668 2254 κρατηθέντες.
2725 2181 2960 2235 Ἔπειτα
3020 2173 3096 2243 ὡς
3137 2179 3433 2252 ᾐσθάνοντο
3476 2173 3785 2244 ἀγνοηθέντες,

2279 2277 2673 2332 ἐϐουλεύσαντο
2720 2274 3023 2344 διελόμενοι
3057 2273 3298 2342 τετραχῆ
3331 2273 3420 2323 καὶ
3477 2263 3783 2337 περιελθόντες

2280 2371 2342 2425 τὸ
2369 2369 2753 2440 στρατόπεδον,
2789 2364 3152 2436 προσϐάλλειν
3177 2363 3598 2433 ἀπροσδοκήτοις
3639 2369 3784 2408 παντα-

2280 2463 2459 2534 χόθεν.
2496 2462 2760 2532 Οίηθῆναι
2789 2458 2897 2528 γὰρ
2938 2457 3026 2511 διά
3049 2456 3108 2510 τὸ
3141 2455 3546 2527 ἀπροσδόκητον
3573 2445 3777 2512 uariauit}-

2282 2557 2482 2621 ξαντας
2506 2553 2898 2626 περιγενέσθαι
2921 2552 3018 2605 καὶ
3047 2549 3310 2603 πλειόνων
3338 2549 3521 2601 ὄντων.
3554 2546 3610 2596 0i
3633 2538 3779 2613 βαρύσ-

2285 2668 2368 2724 ροι
2407 2650 2508 2720 μὲν
2567 2644 2660 2702 οὖν
2707 2647 2926 2699 ἐποίουν
2980 2644 3122 2698 κατά
3169 2643 3238 2694 τὰ
3299 2637 3685 2713 βεϐουλευμένα,
3726 2629 3786 2724 καὶ

2282 2741 2682 2814 περιεκάθηντο
2708 2741 2770 2793 τὸ
2799 2739 3185 2811 στρατοπεδον,
3211 2736 3571 2805 ἀναμένοντες
3620 2727 3670 2780 τὸ
3695 2723 3786 2775 σύν-

2281 2835 2453 2906 θημα.
2478 2834 2569 2904 Τῷ
2595 2833 2997 2904 στρατηγοῦντι
3046 2831 3103 2884 δέ
3159 2831 3348 2884 αὐτῶν
3405 2828 3568 2882 ἐδόκει
3597 2824 3661 2894 μὴ
3690 2817 3786 2887 πρὸς

2277 2927 2548 2998 τοσαύτην
2582 2926 2866 2997 στρατιὰν,
2889 2923 3033 2977 οὕτω
3073 2920 3500 2977 διακινδυνεύειν
3529 2912 3785 2985 ἀγνοοῦντα.

2276 3021 2400 3074 ὅθεν
2423 3035 2482 3070 τε
2517 3019 2603 3088 εἴη
2639 3018 2733 3071 καὶ
2777 3017 2869 3070 τὸν
2904 3015 3160 3086 ἀριθμὸν,
3218 3017 3318 3070 καὶ
3364 3013 3574 3083 πέμψας
3605 3008 3680 3062 δύο
3712 3002 3789 3056 τῶν

2279 3113 2575 3186 βαρϐάρων
2604 3109 2740 3180 πρὸς
2778 3108 2840 3161 τὸ
2875 3108 3020 3179 ὓδωρ
3077 3107 3303 3178 (ᾔδεσαν
3355 3107 3462 3176 γὰρ
3511 3104 3674 3158 οὗσαν’
3703 3097 3789 3148 ἐκεῖ

592 3205 834 3257 latentes
877 3200 942 3252 ad
993 3211 1118 3251 eum
1168 3197 1466 3251 tenendum
1492 3197 1654 3268 583
1684 3197 2000 3267 prosiliunt.
2049 3197 2169 3264 Quo

2276 3201 2504 3275 πηγὴν),
2535 3202 2787 3254 ἐκέλευον
2814 3203 2861 3254 εἰ
2882 3199 3130 3252 δύναιντο
3157 3202 3272 3254 τῶν
3295 3201 3357 3253 ἐκ
3379 3197 3471 3251 τοῦ
3495 3189 3788 3263 στρατοπέδου

592 3294 723 3361 l'uga
756 3290 968 3357 elapso.
1005 3288 1132 3341 duci
1181 3288 1327 3357 quod
1376 3289 1680 3349 acciderat,
1722 3297 1783 3341 ut
1809 3289 1919 3358 jam
1964 3288 2172 3358 proditi

592 3387 928 3437 memorant.
961 3379 1100 3433 Tum
1130 3396 1260 3434 vero
1293 3378 1548 3434 barbaris
1575 3379 1765 3434 multis
1787 3380 2044 3450 partibus
2075 3397 2174 3434 nu-

592 3485 751 3524 mero
806 3468 1168 3536 superiores,
1222 3477 1278 3520 et
1341 3467 1459 3521 solo
1516 3479 1742 3536 aspectu
1798 3467 2174 3521 formidabiles

595 3567 1008 3630 apparuerunt.
1035 3558 1216 3624 Quare
1246 3559 1410 3613 etiam
1452 3573 1800 3628 nequaquam
1835 3558 2177 3614 adoriundos

592 3651 939 3717 sentiebant,
968 3651 1098 3706 boni
1134 3650 1467 3714 consulturi,
1502 3651 1548 3704 si
1597 3649 1726 3704 inde
1769 3665 1999 3720 corpora
2033 3652 2176 3706 inte-

593 3761 688 3814 gra
744 3745 1054 3799 auferrent.
1115 3743 1306 3813 itaque
1353 3744 1491 3798 nihil
1549 3754 1905 3810 attentantes,
1958 3745 2173 3799 abitum

592 3839 969 3892 ltotnauorum
1015 3838 1432 3906 exspectabant.
1475 3835 1779 3907 Imperator
1826 3839 2072 3892 caculam
2111 3838 2176 3892 il-

593 3927 709 3984 lum
763 3941 914 3986 metu
964 3931 1260 3987 attonitum
1311 3941 1718 3996 occurrentem,
1765 3938 1822 3984 et
1867 3945 1977 3999 quo
2013 3937 2174 3999 pacto

593 4023 741 4094 apud
791 4025 1000 4078 fontem
1053 4027 1233 4095 ipsum
1268 4025 1492 4095 quidam
1527 4023 1762 4080 insecuti
1807 4033 1995 4080 essent
2027 4023 2174 4078 refe-

592 4125 831 4180 rentem.
880 4114 1356 4185 aliirmantemque
1397 4115 1591 4171 Persas
1639 4132 1798 4182 esse,
1855 4127 1912 4172 ut
1958 4129 2175 4188 spectro

594 4204 783 4274 aliquo
829 4208 1163 4276 exagitatum
1207 4208 1440 4270 dimisit,
1482 4207 1681 4277 jubens
1715 4207 1826 4262 Deo
1874 4210 2176 4265 matutinos

594 4297 833 4368 hymnos
879 4300 1208 4368 depromere
1239 4299 1376 4370 (50),
1410 4299 1686 4368 siquidem
1712 4301 1822 4370 jam
1867 4301 2177 4358 dilucesce-

595 4388 712 4444 bat.
764 4392 838 4446 lis
872 4393 1139 4446 absolutis
1187 4406 1362 4461 equos
1397 4393 1801 4456 conscendunt,
1839 4395 1963 4450 loco
2008 4411 2172 4452 exce-

593 4484 755 4547 dunt,
783 4484 987 4552 quibus
1022 4483 1178 4536 malis
1210 4482 1442 4553 proximi
1476 4482 1710 4539 fuissent
1756 4499 1985 4554 prorsus
2019 4486 2175 4557 igno-

2278 3293 2692 3364 συλλαμϐάνειν
2766 3293 2910 3357 τινὰ,
2967 3292 3110 3345 ὥστε
3168 3290 3304 3360 παρ’
3328 3290 3489 3344 αὐτοῦ
3536 3305 3584 3340 τι
3631 3284 3789 3355 βέϐαιον

2276 3403 2406 3454 περι
2425 3385 2520 3456 τῆς
2550 3385 2806 3454 στρατιᾶς
2821 3383 3035 3455 μαθεῖν.
3053 3385 3116 3437 Ol
3141 3384 3239 3453 μὲν
3267 3381 3362 3439 οὖν
3379 3381 3542 3442 οὕτως
3563 3379 3788 3449 ἐνήδρευον

2276 3480 2413 3546 πρὸς
2440 3480 2504 3548 τῇ
2524 3481 2698 3548 πηγῇ’
2716 3477 2931 3530 παιδίου
2951 3476 3008 3530 δὲ
3035 3475 3152 3540 ἐνδς
3169 3475 3286 3530 τῶν
3337 3476 3541 3548 βασιλεῖ
3572 3469 3784 3527 συνόντων

2277 3571 2522 3634 ἐλθόντος
2544 3571 2637 3622 ἐπὶ
2665 3569 2728 3622 τὸ
2748 3569 3081 3640 ἀρύσασθαι,
3103 3568 3375 3640 ὥρμησαν
3402 3569 3498 3638 μὲν
3515 3565 3561 3618 oi
3583 3558 3785 3634 βάρϐαρο’

2277 3665 2599 3734 κατασχεῖν.
2627 3663 2720 3734 Μὴ
2746 3662 3067 3733 δυνηθέντες
3096 3661 3153 3715 δὲ
3183 3662 3274 3716 διὰ
3304 3663 3364 3716 τὸ
3395 3658 3657 3730 διαδράναι
3681 3650 3785 3722 φυγῇ

2277 3758 2658 3828 χρησάμενον,
2706 3755 2845 3825 πρὸς
2877 3753 2968 3806 τὸν
3017 3755 3328 3824 στρατηγὸν
3378 3752 3628 3811 ἐλθόντες,
3654 3743 3784 3807 ἀπήγ-

2276 3849 2470 3917 γελλον
2501 3848 2562 3900 τὸ
2587 3845 2803 3916 συμϐὰν
2835 3845 2911 3909 ὡς
2941 3844 3044 3916 ἤδη
3073 3845 3442 3915 ἐγνωσμένον,
3490 3843 3607 3905 Τοῖς
3635 3833 3786 3911 βαρὸἀι

2279 3955 2394 4010 ροις
2446 3937 2504 3990 δὲ
2554 3937 2677 3990 τότε
2731 3936 2934 4007 μᾶλλον
2991 3936 3170 4002 ἔδοξεν
3205 3939 3238 4007 ἠ
3271 3937 3497 4010 στρατιά
3540 3931 3709 4003 πλῆθει
3745 3939 3785 3975 τε

2277 4031 2459 4084 αὐτῶν
2491 4029 2840 4100 ὑπερέχουσα
2895 4027 3081 4101 πολλῷ
3123 4030 3220 4084 καὶ
3273 4030 3382 4086 ἀπὸ
3425 4029 3589 4102 μόνης
3632 4018 3786 4094 φοϐερά

2275 4125 2373 4195 τῆς
2411 4122 2612 4195 ὂψεως,
2662 4123 2805 4177 ὥστε
2845 4125 2943 4178 καὶ
2993 4125 3377 4192 ἀπεγίνωσκον
3425 4124 3484 4175 τὸ
3517 4123 3600 4174 διὰ
3648 4116 3785 4186 μάχης

2277 4220 2462 4282 αὐτοῖς
2483 4219 2646 4283 ἱέναι,
2663 4217 2951 4287 ἀγαπητὸν
2973 4216 3268 4288 ἡγούμενοι
3291 4217 3358 4271 ἂν
3379 4215 3581 4270 ἐκεῖθεν
3605 4204 3785 4266 ἀπαθεῖς

2277 4311 2468 4366 κακῶν
2497 4309 2888 4378 ἀπαλλαγῶσι,
2920 4311 3018 4363 καὶ
3041 4309 3339 4379 ἡσύχαζον,
3369 4310 3464 4377 τὴν
3496 4301 3785 4373 ἀναχώρησιν

2277 4405 2672 4474 περιμένοντες
2725 4405 2824 4474 τῆς
2871 4405 3152 4475 στρατιᾶς.
3203 4405 3465 4468 Βασιλεὺς
3511 4403 3564 4455 δὲ
3609 4395 3713 4451 ἐπεὶ
3747 4387 3788 4441 τὺ

2281 4496 2496 4550 παιδίον
2536 4495 2978 4566 τεθορυϐημένον
3007 4496 3162 4550 ἐλθὸν
3189 4496 3551 4569 ἀπήγγελλεν,
3585 4490 3654 4554 ὡς
3684 4482 3782 4554 πρὸς

596 4585 802 4628 rantes.
839 4573 994 4627 llaud
1031 4575 1266 4628 multum
1318 4579 1596 4645 progressi
1633 4577 1932 4630 tumultum
1967 4555 2173 4633 clamo-

2281 4593 2351 4661 τῇ
2385 4595 2539 4661 πηγῇ
2578 4555 2831 4644 διέκοιτό
2855 4591 2964 4645 ύπό
2992 4609 3177 4659 τινων,
3221 4555 3436 4662 Πέρσας
3477 4555 3674 4647 δὲ’τοὺς
3695 4578 3786 4634 διώ-

598 4681 800 4735 rcsque
831 4665 1123 4720 Persarum
1151 4683 1181 4720 e
1211 4668 1469 4723 tentoriis
1507 4669 1835 4722 exaudiunt.
1869 4669 2175 4740 Imperator

595 4758 664 4810 de
689 4752 955 4810 comitatu
1002 4773 1103 4811 suo
1150 4758 1290 4814 duos
1324 4761 1519 4816 Persas
1568 4762 1760 4829 mittit,
1803 4761 1900 4831 qui
1948 4767 2175 4833 propius

597 4849 795 4919 pedem
831 4849 1030 4914 ferant,
1059 4861 1114 4904 et
1138 4852 1364 4921 quinam
1391 4854 1525 4919 siut,
1559 4869 1626 4908 ex
1655 4853 1789 4924 ipsis
1815 4867 2173 4924 cognoscant.

596 4931 712 4997 Illis
739 4945 792 4995 in
828 4941 928 4997 hos
964 4944 1406 5012 incurrentibus,
1446 4946 1586 5000 alter
1618 4947 1857 5016 capitur,
1891 4949 2031 5004 alter
2059 4952 2180 5005 vu|«

599 5043 831 5087 neratus
858 5035 1022 5102 redit,
1059 5052 1124 5090 ac
1164 5037 1388 5090 nuntiat
1429 5038 1841 5093 multitudinem
1883 5055 2004 5096 esse
2051 5041 2182 5096 Pcr-

597 5140 707 5190 sas,
741 5137 797 5180 et
828 5127 1052 5196 quidem
1087 5143 1366 5198 magnam,
1401 5128 1548 5197 quod
1582 5130 2178 5200 nescissent.Barbari,

597 5233 720 5271 cum
776 5219 844 5272 de
891 5221 1109 5288 captivo
1161 5221 1492 5274 didicissent
1549 5219 1999 5278 Cantacuzenum
2065 5227 2178 5283 illic

597 5311 994 5382 quinquaginta
1045 5313 1312 5366 duntaxat
1345 5311 1617 5369 militibus
1669 5314 1934 5385 stipatum
1980 5317 2174 5385 fuisse,

2287 4700 2481 4743 κοντας
2526 4679 2666 4736 εἶναι
2709 4683 2984 4753 οἰηθῆναι,
3017 4684 3077 4736 τὸ
3105 4683 3209 4754 μὲν
3245 4683 3596 4755 ἀπεπέμψατο
3625 4679 3687 4740 ὡς
3713 4669 3786 4726 ὑπὸ

2286 4776 2573 4845 φάσματός
2607 4792 2752 4839 τινος
2810 4776 3284 4846 ἐκπεπληγμένον.
3345 4776 3584 4831 Ἐκέλευε
3619 4772 3666 4825 δὲ
3693 4764 3786 4824 τοὺς

2287 4868 2548 4932 ἑωθινοὺς
2599 4866 2804 4937 ὕμνους
2847 4866 2998 4937 ᾅδειν
3030 4867 3170 4938 Θεῷ,
3204 4869 3305 4940 ἤδη
3337 4869 3444 4938 γὰρ
3479 4864 3598 4934 περὶ
3637 4858 3786 4930 ὄρθρον

2280 4955 2350 5030 ἦν
2381 4957 2414 5029 ἢ
2449 4960 2565 5025 νύξ.
2613 4960 2769 5015 Ἐπεὶ
2817 4959 2875 5013 δὲ
2923 4963 3122 5013 ἐκεῖνοι
3164 4959 3464 5025 ἐτελοῦντο,
3509 4958 3608 5011 τῶν
3647 4953 3785 5006 ἵππων

2281 5047 2573 5112 ἐπιϐάντες
2605 5047 2918 5119 ἀνεχώρουν
2961 5047 3056 5100 τοῦ
3086 5051 3309 5120 χωρὶου,
3344 5049 3505 5119 μηδὲν
3533 5044 3632 5099 τῶν
3668 5050 3786 5104 περι”

2283 5138 2520 5207 σχόντων
2564 5138 2750 5191 κακῶν
2787 5138 3012 5201 ειδότες.
3058 5137 3201 5208 Ἤδη
3233 5137 3288 5190 δὲ
3325 5139 3470 5198 ὄντες
3499 5133 3557 5185 οὐ
3590 5124 3780 5199 μακρὰν,

2281 5228 2517 5297 θορύϐου
2541 5230 2740 5297 ἢκουον
2768 5231 2862 5283 παλ⁸
2879 5227 3198 5298 ἀλαλαγμοῦ
3221 5227 3440 5297 Περσῶν
3465 5223 3543 5290 ἐφ’
3563 5215 3618 5274 οὗ
3637 5219 3788 5280 ἐστί⁴α’

2277 5320 2468 5373 τοπεδε
2480 5319 2634 5374 ύοντο
2658 5319 2881 5390 χωρίου.
2903 5319 3173 5384 Βασιλεὺς
3193 5321 3250 5376 δὲ
3273 5317 3489 5388 πέμψας
3507 5314 3619 5372 τοὺς
3639 5301 3784 5359 συνόν-

1867 5460 2081 5522 Jacobi
2121 5463 2387 5524 Pontani
2415 5472 2605 5526 notae.
2653 5540 2658 5544 _

677 5582 788 5650 (50)
840 5579 1116 5652 Nusquam
1161 5580 1338 5633 minor
1388 5580 1550 5652 hodie
1581 5621 1597 5648 ,
1659 5598 1820 5652 quam
1855 5584 1931 5638 .in
1981 5586 2177 5642 castris

599 5647 824 5720 pietatis
865 5649 1110 5722 ducitur”
1131 5652 1269 5704 ratio
1301 5668 1314 5701 :
1351 5665 1450 5706 nec
1480 5647 1648 5706 ullum
1677 5647 1842 5721 'pene
1870 5670 2042 5722 genus
2074 5657 2174 5708 ho-

600 5723 806 5774 mitium
858 5721 1041 5795 minus
1083 5720 1251 5774 Deum
1285 5723 1453 5790 colit,
1504 5731 1600 5777 aut
1652 5720 2171 5795 gravius—oll'endit,

597 5805 760 5856 quam
798 5791 1020 5842 milites.

683 5859 850 5911 Nulla
885 5861 1008 5912 ﬁdes
1037 5863 1307 5929 pietasque
1329 5863 1472 5928 viris,
1509 5864 1598 5932 qui
1645 5872 1815 5918 castra
1857 5875 2164 5934 sequvntur.

2285 5590 2355 5643 At
2387 5589 2516 5662 olim
2550 5590 2752 5662 dabant
2779 5605 2996 5660 operam
3037 5593 3224 5654 duces,
3259 5598 3314 5644 ut
3367 5584 3630 5658 coelestem_

2283 5660 2540 5727 precibus
2572 5648 2895 5728 imploraret
2927 5648 3220 5726 exemtus,
3272 5668 3326 5713 et
3363 5668 3564 5710 onmem
3589 5648 3778 5728 viclllfjj"

2281 5719 2438 5797 spem
2471 5731 2521 5782 in
2561 5719 2672 5785 Deo
2701 5742 2947 5799 poneret,
2985 5733 3172 5785 nonin
3208 5719 3407 5787 viribus
3442 5734 3490 5781 et
3511 5719 3654 5776 armis
3673 5719 3774 5766 SUIS:

2279 5815 2389 5868 quo
2429 5804 2707 5870 pertinent
2733 5801 2893 5855 etiam
2922 5803 3103 5871 hymni
3128 5800 3395 5854 matutini.
