4014 6428
238 450 241 453 »
330 401 473 467 1105

1480 400 2026 463 ΗΙΞΤΟΒΙΛΒΗΜ
2064 404 2298 466 LIBER
2338 406 2460 469 ΙΙΙ.

3450 411 3583 475 illiti

323 517 545 594 ascanio
592 519 830 589 Πέρσας.
861 519 1084 574 ἐκέλευε
1131 516 1359 589 πλησίον
1391 515 1719 588 γενομένους
1766 533 1901 588 μαν-

2014 517 2372 591 ωὺειυρεεεεη
2384 531 2483 586 tes,
2514 521 2702 578 divina
2724 536 2851 578 eum
2876 531 3199 594 protegente
3225 523 3451 580 dextera
3474 536 3584 581 tam

323 590 532 675 θάιῖειν,
572 611 770 674 οῖτινες
818 608 930 665 εῖεν
992 609 1127 685 παρ’
1160 610 1363 665 αὐτῶν.
1405 609 1526 663 Τῶν
1574 609 1633 664 δὲ
1672 609 1899 680 ἐπιδρα-

328 703 558 769 μόντων,
589 703 617 755 ό
643 702 831 772 ἔτερος
863 701 965 772 μὲν
1010 702 1154 756 ἑάλω
1205 701 1314 754 τῶν
1352 701 1713 773 πεμφθέντων
1739 717 1753 731 ο
1785 702 1814 755 ό
1845 699 1902 754 δὲ

322 793 512 856 λοιπὸς
559 794 1106 865 τετραυματισμένος
1154 793 1494 858 ἐπανελθὼν,
1550 785 1902 864 ἀπήγγελλεν

321 885 401 947 ὡς
436 885 522 955 εἴη
554 886 785 956 στρατιᾶ
817 884 1041 954 Περσῶν
1079 884 1272 955 πολλὴ,
1297 884 1637 956 ἀγνοουμένη
1674 886 1768 939 ὑπ’
1808 886 1906 942 αὑ-

321 975 457 1029 τῶψ
497 977 547 1029 οί
591 977 691 1045 μέν
739 993 822 1030 τοι
858 977 1130 1047 βὰρδαροι
1178 976 1331 1047 παρὰ
1377 976 1474 1030 τοῦ
1532 978 1904 1047 κρατηθέντος

326 1066 571 1134 γνόντες,
604 1067 679 1131 ὡς
711 1067 799 1132 εἴη
846 1066 1103 1137 βασιλεὺς
1135 1069 1165 1120 ό
1197 1065 1656 1137 Καντακουζηνὺς
1701 1072 1904 1140 πεντή-

325 1175 494 1213 κοντα
532 1159 728 1226 μόνους
757 1157 908 1227 ἄγων
933 1159 1300 1229 στρατιώτας,
1338 1158 1733 1229 ἐξεπὶήττοιτό
1756 1178 1816 1214 τε
1843 1160 1904 1215 τὸ

325 1251 721 1321 γεγενημένον,
743 1252 841 1303 καὶ
871 1251 1004 1303 Θεὸν
1029 1248 1200 1320 ᾤοντο
1226 1251 1392 1305 αὑτοῦ
1421 1253 1581 1323 χεῖρα
1610 1251 1904 1323 ὑπερέχειν

327 1343 422 1396 καὶ
479 1340 709 1412 ῥύεσθαι
751 1339 896 1393 οὕτω
925 1341 1046 1395 κινδ
1061 1342 1193 1394 ᾇνων
1223 1341 1501 1412 χαλεπῶν.
1544 1341 1809 1404 Βασιλεὺς
1844 1341 1904 1395 δὲ

326 1433 482 1488 οὐδὲν
540 1434 702 1487 πλέον
764 1434 960 1502 μαθεῖν
1012 1434 1395 1505 δεδυνημένος,
1442 1435 1478 1507 ἢ
1530 1438 1612 1490 ὃτι
1660 1434 1906 1507 Περσικὴ

327 1529 561 1601 στρατιὰ
590 1531 624 1601 η
657 1529 966 1583 ἐπελθοῦσα
1018 1525 1113 1600 ἦν,
1154 1525 1321 1601 ἦλθεν
1374 1530 1455 1593 εἰς
1502 1529 1906 1600 Κουμουτζηνὰ

326 1621 464 1691 πρὸς
521 1621 610 1673 τὸν
664 1622 802 1676 υίόν.
862 1620 976 1674 Καὶ
1028 1622 1298 1692 ὁμιλήσας
1360 1621 1462 1675 ὅσα
1503 1620 1635 1686 ἔδει,
1692 1623 1902 1693 ταχέως

325 1711 736 1782 ἔπανέστρεφεν
790 1715 871 1777 είς
926 1712 988 1766 τὸ
1036 1713 1419 1783 στρατόπεδον.
1497 1713 1803 1768 Ἐπανιόντι
1846 1713 1905 1767 δὲ

325 1803 625 1872 ἠγγέλλετο
657 1803 731 1866 ὡς
763 1806 829 1858 ὲκ
858 1802 1158 1869 Βυζαντίου
1183 1805 1332 1873 ψιλοὶ
1360 1805 1580 1872 τοξόται
1605 1806 1666 1858 ἐν
1704 1823 1904 1875 πεντη-

326 1893 603 1964 κοντόροις
637 1894 933 1964 τέσσαρσιν
985 1895 1255 1961 ἐλθόντες,
1303 1899 1397 1950 καὶ
1420 1896 1644 1966 ἑτέρων
1693 1899 1757 1952 ἐκ
1805 1898 1902 1969 τῆς

321 1988 548 2061 Θρᾴκης
568 1978 974 2060 ιπιγενομένων
997 1990 1202 2055 πεζῶν,
1223 1990 1541 2060 Ἀσώματον
1568 1994 1628 2047 τὸ
1645 1992 1906 2063 φρούριον

330 2079 694 2149 πολιορκοῖεν.
734 2082 944 2137 Ἐδόκει
975 2083 1041 2153 δὴ
1068 2079 1162 2138 οὗν
1191 2084 1309 2154 ἅμα
1353 2087 1467 2149 τοῖς
1502 2084 1725 2138 συνοῦσι
1776 2102 1907 2138 πενθ

327 2175 588 2244 τήκοντα,
628 2175 844 2248 βοηθεῖν
872 2176 968 2230 ἐπὶ
1001 2179 1129 2241 τοὺς
1163 2178 1225 2231 τὸ
1255 2177 1518 2248 φρούριον
1544 2177 1906 2248 πολιορκοῦν-

329 2282 450 2329 τας.
486 2266 722 2322 Ἐκεῖνοι
744 2269 803 2324 δὲ
832 2270 960 2323 ἐπεὶ
990 2268 1254 2324 ἐπιοῦσαν
1287 2265 1430 2324 εἶδον
1474 2271 1574 2343 τὴν
1615 2271 1902 2342 στρατιὰν,

327 2360 424 2412 ἐπὶ
448 2361 728 2429 γεωλόφου
758 2362 906 2425 τινὸς
925 2361 1200 2433 ἠμύνοντο
1222 2363 1558 2429 ἀνελθόντες·
1588 2367 1683 2420 καὶ
1702 2366 1750 2419 oi
1776 2365 1907 2437 rupi.

332 2450 560 2519 ﬁndi-5a
597 2452 681 2516 δὶς
709 2456 805 2508 καὶ
847 2456 969 2524 τρὶς
997 2456 1474 2526 ἐπιχειρήσαντες,
1519 2458 1735 2511 ἐκείνου
1765 2459 1910 2512 ἁπα-

330 2541 657 2614 γορεύοντος
684 2544 775 2601 διὰ
803 2545 863 2598 τὸ
899 2545 976 2616 μὴ
1000 2546 1277 2617 μάχεσθαι
1310 2548 1448 2616 μετὰ
1474 2550 1743 2612 συνέσεως
1776 2567 1909 2619 πρε-

328 2633 540 2705 πούσης
575 2640 911 2708 στρατιώτῃ,
951 2639 1054 2693 οὐκ
1103 2638 1454 2711 ἠδυνήθησαν
1508 2642 1784 2712 κρατῆσαι
1817 2642 1908 2697 διὰ

326 2725 432 2794 τὴν
454 2727 519 2781 ὲκ
550 2725 644 2780 τοῦ
674 2728 845 2781 τόπου
877 2727 1209 2798 ὀχυρότητα,
1252 2730 1347 2782 καὶ
1372 2730 1435 2781 τὸ
1464 2729 1773 2800 ἀμύνεσθαι
1806 2731 1907 2783 αὐ-

327 2816 458 2879 τοὺς
482 2820 597 2882 τοῖς
628 2816 810 2889 βέλεσι
868 2821 1106 2888 συχνοῖς.
1148 2818 1235 2883 Ὠς
1264 2819 1320 2873 δὲ
1347 2821 1812 2892 ὲτραυματίζοντο
1857 2823 1911 2876 οῖ

327 2922 394 2961 τε
425 2906 585 2964 ῖπποι
639 2910 735 2965 καὶ
769 2911 819 2965 οι
876 2910 1239 2982 στρατιῶται,
1293 2912 1546 2969 ἐκέλευεν
1588 2916 1617 2967 ὁ
1654 2913 1909 2985 βασιλεὺς

330 3000 568 3057 ἕπεσθαι
600 3003 770 3074 αὐτῷ,
810 3006 860 3058 εἰ
913 3004 1194 3075 βούλοιντο
1246 3008 1471 3077 κρατεῖν
1518 3006 1631 3060 τῶν
1690 3010 1910 3063 ἀντιτε-

328 3095 624 3163 ταγμένων
645 3110 662 3127 ο
713 3099 809 3151 καὶ
856 3097 1080 3151 ἐδόκουν
1126 3099 1434 3170 ἀναχωρεῖν
1486 3099 1905 3166 καταλιπόντες.

2004 610 2216 667 exitiali
2269 615 2519 684 periculo
2557 623 2813 686 ereptum
2870 626 3235 672 censuerunt.
3277 616 3586 686 imperator

2005 718 2133 758 cum
2167 705 2291 775 plus
2335 706 2644 777 comperire
2683 722 2795 761 non
2842 707 3134 777 potuisset.
3173 724 3341 778 quam
3388 708 3587 764 Persas

2003 807 2061 852 et
2129 797 2418 868 praedones
2462 813 2608 864 esse,
2661 798 3004 873 Cumutzena
3057 801 3124 855 ad
3181 800 3354 855 lilium
3410 802 3586 862 venit,

2005 905 2244 959 quocum
2280 907 2402 963 quae
2446 903 2665 961 tempus
2707 893 2968 948 monebat
3015 894 3353 960 collocutus,
3403 905 3587 949 castra

2005 996 2132 1037 mox
2159 983 2402 1052 repetiit.
2436 984 2495 1040 In
2535 983 2736 1040 itinere
2772 985 2980 1039 certior
3026 985 3106 1049 ﬁt,
3146 985 3412 1054 Byzantio
3447 986 3589 1041 levis

2004 1082 2306 1129 armaturae
2350 1076 2686 1146 sagittarios,
2728 1066 2988 1132 Threicio
3033 1077 3294 1145 adjuncto
3337 1078 3585 1147 peditatu

2007 1165 2077 1220 ad
2123 1164 2445 1220 Asomatum
2494 1167 2782 1222 castellum
2830 1167 3256 1238 expugnandum
3313 1167 3589 1236 quinqua-
3690 1185 3698 1193 ο

2006 1253 2160 1325 ginta
2244 1270 2529 1310 remorum
2610 1255 2877 1311 actuariis
2961 1268 3202 1326 quatuor
3276 1258 3583 1314 advenisse.

2007 1344 2211 1402 Statuit
2285 1347 2455 1416 igitur
2525 1347 2981 1403 Asomatensibus
3044 1363 3169 1402 cum
3234 1350 3352 1404 suis
3415 1348 3584 1419 quin-

2006 1441 2286 1512 quaginta.
2320 1441 2624 1497 comitibus
2672 1456 3023 1497 succurrere.
3075 1442 3272 1497 llostes
3324 1442 3444 1498 viso
3482 1458 3583 1510 ap-

2008 1532 2504 1602 propinquantium
2566 1531 2732 1601 globo
2793 1532 2850 1586 in
2928 1532 3125 1586 collem
3203 1532 3585 1601 confugientes

2005 1621 2399 1678 setuebantur.
2435 1621 2797 1692 lmperatoria
2817 1620 3017 1676 cohors
3058 1620 3144 1676 bis
3175 1629 3233 1675 et
3270 1629 3352 1676 ter
3377 1621 3586 1691 impetu

2005 1714 2149 1770 facto
2200 1714 2318 1787 (illo
2366 1721 2626 1780 vetante,
2687 1712 2835 1783 quod
2893 1713 3161 1771 adversus
3229 1711 3586 1783 prudentiam

2006 1807 2301 1861 tnilitarem
2359 1813 2688 1877 pugnarent,
2719 1803 2983 1877 quoniant
3030 1804 3340 1861 adversarii
3393 1813 3591 1859 natura

2012 1898 2119 1953 loci
2139 1897 2530 1955 muniebantur
2558 1897 2695 1969 (3|),
2713 1906 2770 1952 et
2794 1897 3103 1952 subeuntes
3119 1897 3332 1951 crebris
3351 1894 3589 1950 telorum

2005 1990 2249 2059 jactibus
2279 1989 2634 2060 repellebant)
2667 1988 2734 2044 iis
2767 1989 2932 2059 potiri
2968 2004 3078 2042 non
3111 1989 3392 2042 valebant.
3446 1985 3586 2045 Cum

2013 2079 2183 2151 igitur
2232 2089 2291 2135 et
2347 2079 2498 2151 equi,
2546 2088 2602 2135 et
2655 2079 2860 2134 milites
2915 2079 3364 2143 vulnerarentur,
3417 2076 3593 2132 edixit

2014 2172 2318 2244 imperator
2371 2188 2431 2228 se
2489 2181 2907 2242 sequerentur,
2959 2170 3005 2224 si
3067 2171 3276 2226 vellent
3340 2169 3587 2225 vincere.

2014 2262 2155 2335 Ergo
2184 2279 2243 2319 se
2273 2264 2385 2319 illis
2411 2263 2619 2320 relictis
2645 2265 2801 2320 abire
2824 2263 3111 2319 simulant.
3142 2261 3344 2317 llostes
3367 2275 3477 2316 non
3501 2260 3593 2315 in-

2014 2357 2233 2412 tellecta
2284 2356 2520 2420 fallacia,
2582 2357 2798 2427 ratique
2853 2372 2951 2414 eos
2977 2369 3177 2427 pugnat
3220 2353 3588 2424 desperantes

2013 2449 2325 2513 discedere,
2381 2450 2523 2505 colle
2558 2449 2807 2519 degressi
2860 2464 3028 2505 naves
3061 2455 3280 2520 petunt.
3314 2446 3455 2502 Tum
3491 2446 3592 2516 qui

2015 2543 2239 2599 abibant
2264 2544 2522 2599 conversi
2550 2543 2607 2599 in
2644 2558 2741 2600 eos
2769 2558 2929 2614 atquo
2959 2556 3156 2613 campo
3188 2541 3374 2598 statim
3403 2540 3595 2595 incur-

2015 2644 2166 2699 runt,
2202 2635 2405 2691 multos
2438 2634 2724 2701 occidunt,
2754 2635 2949 2705 paucis
2977 2642 3128 2705 terga
3156 2631 3443 2696 dantibus,
3473 2646 3595 2684 ma-

2011 2728 2189 2798 jorem
2211 2712 2431 2796 partem
2465 2726 2711 2796 capiunt.
2748 2724 2916 2796 585
2963 2725 3265 2794 Imperator
3314 2722 3371 2777 in
3418 2730 3596 2779 castra

2017 2816 2427 2889 Trajanopolim
2461 2831 2740 2881 reversus,
2770 2823 3057 2886 postquam
3084 2823 3142 2870 et
3179 2828 3375 2868 manus
3407 2813 3524 2879 illa,
3561 2830 3596 2868 ιι

2015 2923 2125 2978 qua
2170 2919 2359 2973 noctu,
2412 2916 2473 2962 ut
2528 2906 2739 2962 dictum
2800 2917 2909 2972 est,
2956 2904 3170 2961 obsessi
3229 2905 3449 2960 Inerant
3525 2903 3596 2963 ad

2014 3000 2307 3056 Amurium
2341 3014 2400 3054 se
2430 2998 2684 3076 contulit,
2713 3012 2836 3067 quae
2860 2997 2967 3053 sibi
3001 2997 3338 3062 evenissent,
3368 3005 3425 3050 et
3454 3009 3593 3064 quo.

2016 3094 2179 3150 modo
2203 3109 2330 3150 cum
2381 3095 2500 3150 suis
2540 3094 2833 3161 universis,
2897 3093 3008 3149 Deo
3051 3094 3318 3161 secundo,
3358 3093 3596 3151 manile-

345 3185 578 3239 Ἐκεῖνοι
601 3185 752 3270 obob
787 3189 1092 3254 συνιδόντες
1121 3189 1223 3261 τὴν
1252 3190 1496 3263 ἀπάτην,
1529 3193 1623 3247 καὶ
1648 3195 1902 3265 νομίσαν·

2016 3194 2161 3244 stum
2197 3184 2499 3242 discrimen
2547 3187 2838 3256 evasisset,
2876 3186 3178 3242 'narravit.
3240 3184 3446 3242 Omnes
3496 3200 3596 3255 pro

329 3293 425 3339 τες
458 3265 794 3342 ἀπειπόντας
820 3282 918 3350 τὴν
950 3281 1086 3351 πρὸς
1119 3283 1318 3346 αὐτοὺς
1365 3283 1550 3355 μάχην
1578 3286 1908 3358 ἀναχωρειν,

330 3368 427 3421 τοῦ
466 3370 630 3434 λόφου
657 3372 1040 3439 κατελθόντες,
1069 3372 1316 3445 ἐχώρουν
1335 3375 1428 3429 επὶ.
1456 3377 1557 3440 τὰς
1587 3376 1741 3442 ναῦς·
1775 3380 1824 3431 οἱ
1852 3380 1911 3432 δὲ

331 3461 536 3516 εὒτίκα
567 3463 991 3533 ἐπιδραμόντες,
1032 3467 1155 3521 ἐπεὶ
1213 3467 1351 3538 πρὸς
1402 3467 1464 3520 τὸ
1516 3468 1699 3523 πεδίον
1745 3466 1910 3543 ἦσαν,

332 3553 667 3608 ἀπέκτεινάν
695 3571 756 3608 τε
790 3556 892 3610 οὐκ
925 3556 1168 3625 ὀλίγους,
1206 3557 1302 3611 καὶ
1339 3558 1469 3622 τοὺς
1495 3558 1784 3623 πλείστους
1813 3561 1912 3615 αὐ-

334 3646 449 3700 τῶν
488 3641 654 3712 εἷλον,
707 3648 907 3717 ὀλίγων
961 3649 1128 3703 τινῶν
1171 3650 1462 3720 διαφυγεῖν
1514 3651 1913 3724 δεδυνημένων.

337 3738 607 3802 Βασιλεὺς
630 3738 688 3793 δὲ
712 3741 793 3804 είς
815 3741 875 3794 τὸ
903 3741 1270 3811 στρατόπεδον
1300 3743 1441 3812 πρὸς
1473 3744 1915 3813 Τραϊανούπολιν

336 3829 679 3896 επανελθὼν,
712 3831 836 3885 ἐπεὶ
864 3832 960 3885 καὶ
990 3834 1024 3904 η
1056 3832 1288 3905 στρατιὰ
1318 3834 1505 3906 εκείνη
1548 3837 1583 3907 η
1610 3839 1916 3911 περικαθη-

338 3920 480 3990 μένη
509 3922 607 3991 τῆς
633 3923 850 3987 νυκτὸς,
882 3922 1072 3995 ὥσπερ
1109 3926 1323 4005 εἴρητο,
1359 3920 1463 3998 ἧκε
1503 3928 1642 3999 πρὸς
1681 3930 1911 4002 ’Aptobp,

336 4014 616 4083 γνωρίσας
645 4011 735 4069 οἷα
764 4014 1009 4087 συμϐαίη
1037 4018 1169 4089 περὶ
1202 4018 1386 4086 αὐτὸν,
1413 4019 1510 4074 καὶ
1542 4020 1690 4086 ὅπως
1715 4023 1779 4076 ιχ
1805 4040 1918 4078 κιν-

334 4108 512 4163 δύνων
542 4108 794 4180 φανερῶν
847 4109 955 4164 ὑπὸ
985 4110 1122 4164 Θεοῦ
1162 4111 1387 4184 ρυσθείη
1433 4112 1597 4176 αὐτός
1628 4116 1689 4167 τε
1720 4117 1816 4169 καὶ
1863 4115 1915 4170 οί

337 4202 473 4267 περὶ
501 4201 664 4255 αὐτὸν
686 4201 949 4266 ἅπαντες,
974 4202 1175 4266 πολλὰς
1192 4202 1510 4274 ὡμολόγουν
1536 4205 1768 4277 χάριτας
1793 4206 1917 4278 Θεῷ

336 4295 441 4363 τῆς
472 4293 748 4365 σωτηρίας
781 4296 876 4348 καὶ
924 4294 1024 4365 τῆν,
1057 4296 1316 4366 προνοίας
1348 4297 1450 4367 τῆς
1504 4298 1634 4369 περὶ
1687 4299 1913 4363 αὐτούς.

341 4385 588 4457 Ιιαρῄνει
613 4403 676 4441 τε
707 4389 736 4440 ό
764 4387 1020 4458 βασιλεὺς
1055 4390 1167 4451 τοῖς
1200 4388 1419 4443 συνοῦσι
1450 4390 1723 4460 μηδέποτε
1770 4395 1913 4464 ἀμε-

339 4480 459 4533 λεῖν
487 4481 588 4549 τῆς
638 4482 910 4552 φυλακῆς,
941 4480 1181 4548 μάλιστα
1218 4481 1435 4559 νυκτὸς,
1481 4484 1596 4547 τοῖς
1643 4484 1919 4557 συμϐεϐη-

2017 3291 2211 3333 eorum
2238 3277 2425 3333 salute.
2474 3275 2679 3333 divinat
2712 3277 3072 3347 providentiae
3104 3278 3310 3348 gratias
3339 3283 3595 3348 egerunt.

2018 3368 2358 3426 Hortabatur
2387 3377 2574 3426 autem
2600 3384 2731 3425 suos
2759 3369 3059 3440 imperator
3092 3385 3161 3427 ne
3190 3384 3432 3436 unquam
3460 3367 3600 3439 vigi-

2019 3460 2146 3529 lias,
2178 3460 2487 3532 praesertim
2517 3464 2833 3530 jnocturnas
2873 3462 3238 3532 negligerent,
3276 3461 3599 3517 recentissi-

2020 3566 2220 3622 moque
2239 3550 2490 3626 exemplo
2503 3550 2572 3606 ad
2589 3551 3063 3607 conﬁrmationem
3087 3551 3361 3607 utebatur.
3388 3549 3596 3605 Namsi

2021 3642 2125 3714 ipsi
2148 3658 2259 3698 non
2287 3642 2558 3698 conlisiad
2601 3641 3010 3714 Trajanopolim
3035 3642 3389 3705 metantibus.
3415 3657 3599 3711 neque

2020 3731 2088 3786 iis
2114 3730 2210 3801 qui
2239 3729 2599 3787 Cumutzenis
2625 3739 2785 3788 erant
2815 3746 2945 3788 cum
2991 3730 3125 3795 ﬁlio,
3152 3748 3253 3801 pro
3287 3747 3370 3797 se,
3407 3741 3467 3786 ut
3499 3748 3599 3801 par

2020 3822 2220 3888 fuerat,
2268 3824 2535 3880 excubias
2564 3824 2835 3894 egissent,
2878 3824 2934 3879 in
2983 3839 3174 3879 casum
3215 3825 3600 3896 hujuscemodi

2020 3917 2360 3973 deventuros
2390 3933 2500 3972 non
2537 3915 2730 3982 fuisse,
2772 3932 2883 3987 quo
2919 3918 3022 3972 nisi
3055 3918 3198 3972 Dens
3228 3919 3465 3989 benigno
3500 3936 3600 3976 eos

2021 4009 2403 4080 respexisset,
2446 4007 2611 4078 digna
2671 4007 2929 4078 lacrymis
2984 4008 3364 4078 pertulissent.
3418 4009 3601 4080 Atque

2022 4100 2140 4156 haec
2165 4099 2273 4155 isto
2318 4097 2484 4154 modo
2533 4099 2909 4169 contigerunt.
2960 4098 3225 4155 Amurius
3249 4109 3308 4162 ut
3336 4100 3601 4172 Byzantio

2025 4193 2276 4247 triremes
2306 4190 2372 4246 ad
2406 4189 2606 4246 IEnum
2638 4205 2762 4246 cum
2798 4189 3017 4260 triginta
3060 4190 3127 4245 de
3157 4192 3273 4245 suis
3299 4190 3599 4259 aﬂuerunt,

2014 4283 2301 4357 pollicitus
2335 4282 2676 4354 imperatori,
2710 4281 3029 4352 quindecim
3054 4282 3256 4338 diebus
3282 4284 3599 4341 subsidium

2025 4375 2349 4441 missurum,
2387 4386 2445 4429 et
2470 4389 2528 4430 se
2556 4379 2779 4444 quoque
2811 4374 2992 4439 brevi,
3020 4374 3343 4449 domesticis
3374 4375 3604 4431 ordina-

2027 4469 2097 4525 tis
2128 4477 2295 4538 atque
2326 4466 2670 4537 compositis,
2710 4481 3083 4532 reversurum,
3114 4481 3444 4536 semperque
3473 4481 3602 4521 cum

296 4604 305 4607 ν
345 4570 470 4637 atth
504 4571 919 4643 παραδείγμασι
948 4572 1275 4644 χρωμένοις.
1309 4573 1373 4626 Εί
1399 4571 1511 4643 γὰρ
1543 4572 1620 4646 μὴ
1654 4574 1911 4648 θαρροῦν-

2026 4580 2118 4627 eo,
2167 4562 2345 4617 donec
2403 4560 2607 4615 brllum
2668 4557 2910 4622 ﬁniatur,
2962 4574 3310 4627 mansurum,
3341 4559 3603 4630 dictaque

345 4678 444 4724 τες
476 4661 635 4716 αὐτοὶ
679 4664 795 4727 τθῖς
821 4679 882 4716 τε
912 4665 970 4717 ιν
1006 4662 1282 4734 Τραϊανοῦ
1338 4665 1924 4737 στρατοπεδευομένοις

346 4754 576 4816 καὶτοῖς
609 4754 668 4807 ἐν
687 4755 1135 4825 Κουμουτζηνοῖς
1167 4756 1307 4825 μετὰ
1336 4755 1431 4810 τοῦ
1452 4755 1571 4812 υίοῦ
1595 4758 1697 4830 τὴν
1719 4760 1928 4832 προσή-

350 4856 558 4895 κουσαν
587 4841 798 4895 ἑαυτῶν
827 4841 1116 4897 ιποιοῦντο
1151 4844 1423 4917 φυλακὴν,
1453 4848 1554 4901 οὐκ
1571 4847 1639 4902 ἂν
1662 4850 1927 4917 τοιούτοις

346 4932 718 5003 περιέπιπτον
742 4933 1032 4999 κινδύνοις,
1051 4928 1126 4990 ὧν
1149 4937 1197 4989 εί
1223 4936 1299 5006 μὴ
1320 4936 1454 5002 Θεὸς
1479 4939 1714 5010 ἐρρύετο
1733 4940 1928 5008 φιλαν-

349 5020 612 5091 θρώπως,
632 5022 738 5080 κᾶν
762 5023 1097 5086 πεπονθότες
1125 5019 1266 5094 ἦσαν
1293 5024 1420 5092 ἄξια
1443 5026 1717 5097 δακρύων.
1736 5027 1924 5082 Ταῦτα

357 5110 460 5182 μὲν
492 5110 586 5175 οὖν
634 5113 728 5166 τὸν
759 5112 966 5184 τρόπον
1001 5112 1191 5168 τοῦτον
1229 5114 1559 5186 συνηνέχθη.
1602 5118 1810 5188 ’Δμοὺρ
1865 5118 1924 5173 δὲ

351 5204 480 5256 ἐπεὶ
514 5203 577 5257 αῖ
625 5219 687 5257 τε
732 5203 1104 5272 Βυζαντίηθεν
1139 5205 1389 5275 τριήρεις
1428 5199 1587 5278 ἧκον,
1637 5196 1743 5262 καὶ¹
1771 5209 1926 5280 τριάο

348 5310 523 5348 κοντα
561 5295 627 5347 ἐκ
686 5294 797 5347 τῶν
856 5295 1138 5365 σφετέρων
1186 5297 1270 5359 εἰς
1322 5296 1425 5366 τὴν
1473 5292 1656 5365 Αἶνον.
1714 5299 1929 5369 βασιλεῖ

352 5385 826 5457 ἐπαγγειλάμενος
869 5387 927 5440 ὲν
969 5386 1364 5442 πεντεκαίδεκα
1409 5388 1652 5462 ἡμέραις
1684 5390 1926 5462 πέμψειν

2024 4657 2226 4723 salute,
2281 4655 2430 4710 illico
2479 4651 2662 4714 solvit.
2711 4651 2857 4706 Intra
2908 4650 3029 4706 dics
3080 4651 3348 4708 tredecim
3400 4651 3606 4708 adsunt

2023 4750 2197 4822 copiae
2223 4763 2362 4819 quas
2392 4744 2739 4818 promiserat.
2772 4744 2984 4799 Amurii
3010 4744 3272 4800 discessio
3299 4746 3471 4802 multa
3498 4746 3603 4801 itn-

2027 4840 2266 4912 peratori
2301 4838 2647 4895 incommoda
2672 4852 2961 4908 generasse
2990 4836 3104 4891 visa
3129 4846 3233 4905 est,
3268 4854 3391 4907 quae
3419 4847 3602 4896 tamen

1986 4933 2148 5000 'ipsa
2206 4930 2578 5001 postmodum,
2633 4944 2800 4999 quam
2840 4930 2888 4984 is
2925 4929 3038 4984 Deo
3081 4945 3229 4984 cura:
3270 4940 3437 4996 esset,
3488 4947 3601 4987 non

2023 5023 2135 5079 levi
2194 5023 2525 5077 documento
2574 5019 2678 5076 fuit
2734 5019 3016 5076 Triremes
3059 5036 3297 5091 namque
3353 5033 3599 5092 quatuor
3680 5023 3689 5030 ’

2024 5130 2193 5186 supra
2227 5114 2421 5185 viginti
2456 5113 2666 5171 Latina
2702 5127 2833 5168 cum
2867 5112 3210 5170 Rhodiorum
3260 5123 3317 5170 et
3364 5117 3602 5171 aliorum

2024 5206 2394 5278 quorumdam
2464 5206 2748 5261 instructae
2815 5204 3102 5274 Smyrnam
3172 5206 3601 5277 adnavigarunt,

2025 5298 2426 5368 castellumque
2465 5297 2517 5350 in
2549 5304 2709 5365 portu
2736 5307 3031 5365 ceperunt,
3067 5307 3124 5351 et
3154 5312 3323 5355 naves
3354 5298 3605 5354 Persicas
3667 5299 3689 5349 ἰ

2025 5389 2343 5461 complures
2389 5396 2746 5445 exusserant.
2778 5386 3043 5443 Amurius
3075 5402 3339 5457 praesens,
3376 5404 3442 5443 ac
3472 5391 3603 5445 totis

1594 5548 1810 5612 Jacobi
1839 5513 2106 5614 Pontani
2133 5555 2346 5630 notae,

431 5694 545 5767 (5!)
601 5694 896 5752 Docuimus
949 5695 1105 5765 alibi,
1164 5704 1449 5767 quantam,
1486 5694 1925 5767 commoditatem

354 5765 584 5835 Igalnaret
626 5767 680 5821 in
716 5767 899 5834 pnelio
952 5767 1104 5824 locus
1132 5765 1396 5835 superior.
1429 5766 1617 5821 Livius
1655 5765 1752 5821 lib.
1795 5782 1868 5821 vn
1906 5783 1920 5820 :

352 5834 466 5891 .Pra
485 5846 563 5891 ter
586 5838 822 5894 virtutem
858 5838 997 5893 locus
1035 5834 1237 5910 quoque
1266 5837 1494 5909 adjuvit,
1527 5845 1583 5891 ut
1611 5837 1721 5909 pila
1746 5838 1923 5892 omnia

2026 5698 2297 5768 ligatisque
2333 5706 2437 5768 non
2464 5700 2723 5768 tanquam
2748 5707 2817 5746 ea:
2855 5700 3005 5768 (equo
3039 5695 3224 5768 misso,
3264 5711 3404 5750 vana
3434 5699 3598 5768 (quod

2026 5760 2335 5849 plangitque
2464 5766 2712 5817 caderent
2741 5778 2760 5817 :
2784 5764 2876 5849 sed
2904 5760 3087 5819 omnia
3123 5764 3320 5819 librata
3340 5760 3598 5838 peliden.-

2026 5837 2124 5891 bus
2160 5834 2466 5906 ﬁgerentur.
