4014 6472
411 366 552 431 1109

1541 381 2088 448 HISTORIARUM
2133 386 2367 447 LIBER
2410 386 2522 448 III.

3530 388 3665 451 illi)

405 481 620 532 ἐκεῖνον
640 478 902 551 ἄρασθαι,
934 477 1043 537 Ἦν
1091 483 1202 557 γὰρ
1232 487 1330 559 ήδη
1380 490 1439 541 ὲν
1479 490 1626 562 λόγῳ
1662 494 1771 577 1th
1810 495 1839 547 ό
1871 496 1977 549 Μο-

2087 498 2235 553 tione
2262 498 2431 568 igitur
2454 500 2813 569 temperabat,
2849 498 2993 570 quod
3036 515 3200 556 manu
3230 509 3283 556 et
3314 502 3480 556 armis
3517 501 3668 556 inex-

409 571 674 637 μιτζίλος,
698 573 795 624 καὶ
813 572 1049 645 δύναμιν
1074 578 1545 651 περιϐεϐλημένος
1579 571 1800 655 ἱκανήν.
1822 585 1980 641 Οὕτω

407 661 505 729 μὲν
537 657 632 712 οὖν
662 663 688 713 ό
723 663 959 733 πόλεμος
1006 669 1346 738 πανταχόθεν
1378 669 1607 737 βασιλέα
1626 675 1979 744 περιΐστατο,

404 752 500 804 καὶ
531 753 865 807 ὑποπτεύειν
882 757 1032 810 δεινά
1051 759 1251 830 εἰσῄει.
1279 761 1451 826 Αὐτὸς
1477 762 1533 815 δὲ
1551 765 1743 837 ὥσπερ
1763 767 1980 833 εἴωθεν,

410 845 502 896 ἀεὶ
557 845 696 914 πρὸς
746 849 872 909 τοὺς
926 848 1206 912 κινδύνους
1265 853 1686 924 μεγαλοψυχῶν,
1734 856 1830 911 καὶ
1877 856 1986 911 τῶν

404 933 595 986 δεινῶν
627 936 727 996 τὰς
757 936 1028 1007 ἐπιφορὰς
1058 938 1280 1009 ὁμαλῶς
1310 942 1408 995 καὶ
1459 945 1650 1014 πράως
1684 946 1983 1014 διαφέρων,

408 1029 542 1094 πρὸς
579 1027 680 1094 μὲν
717 1028 1072 1098 Ἀλέξανδρον
1093 1029 1183 1083 τὸν
1205 1032 1409 1085 Μυσῶν
1432 1034 1657 1104 βασιλέα
1677 1035 1986 1107 πρεσϐείαν

403 1120 667 1185 ἐποιεῖτο,
701 1122 797 1173 καὶ
835 1124 1073 1194 παρῄνει
1105 1126 1338 1196 ἡσυχίαν
1370 1126 1549 1195 ἄγειν,
1589 1128 1665 1191 ὡς
1697 1129 1756 1180 οὺ
1795 1128 1977 1198 πολλῷ

400 1209 637 1280 ὕστερον
666 1213 864 1281 ἐκείνῳ
913 1200 1090 1269 ἆίτίου
1127 1221 1426 1289 συμφορῶν
1468 1220 1680 1273 πολλῶν
1716 1221 1811 1274 τοῦ
1844 1222 1986 1290 πρὸς

400 1303 570 1355 αὑτὸν
608 1305 850 1374 πολέμου
913 1311 1309 1379 γενησομένου.
1368 1312 1540 1374 Αὐτὸς
1586 1312 1643 1363 δὲ
1687 1313 1986 1381 γενόμενος

399 1394 542 1463 πρὸς
575 1395 674 1465 τὴν
720 1397 1094 1471 Χαλκηδικὴν,
1149 1401 1249 1472 τὴν
1308 1402 1610 1472 Γρατιανοῦ
1667 1403 1829 1456 πόλιν
1860 1394 1987 1455 tuo;

401 1483 625 1553 λιόρκει.
649 1480 814 1539 οὖσαν
858 1488 920 1539 οὐ
975 1489 1240 1560 μεγάλην,
1290 1490 1647 1561 ὀχυρωτάτην
1685 1492 1764 1554 δὲ,
1813 1491 1878 1545 ἐκ
1924 1509 1985 1546 τε

401 1573 622 1638 φύσεως
648 1575 744 1627 τοῦ
766 1576 934 1630 τόπου
968 1580 1063 1633 καὶ
1090 1580 1199 1633 τῶν
1229 1581 1427 1651 τειχῶν
1460 1583 1558 1650 τῆς
1599 1585 1977 1653 κατασκευῆςσ

402 1666 580 1727 ἄλλως
636 1669 691 1723 δὲ
735 1672 956 1739 εὐφυῶς
998 1673 1135 1740 πρὸς
1173 1673 1352 1727 πάντα
1373 1673 1633 1744 ἔχουσαν,
1664 1675 1762 1729 καὶ
1787 1678 1983 1747 ὥσπερ

2089 593 2437 661 pugnabilcm
2464 591 2652 646 sciret.
2682 590 2743 645 In
2792 593 2949 663 cujus
2978 606 3105 646 arce
3140 607 3265 647 cum
3298 593 3453 646 multi
3492 594 3663 655 cives,

2090 680 2235 748 quod
2289 680 2368 736 illi
2416 681 2560 736 bene
2597 682 2816 748 vellent,
2863 682 3029 737 vincti
3081 691 3426 746 tenerentur,
3458 700 3555 753 per
3585 685 3666 736 in-

2090 769 2430 822 ternuntium
2478 769 2618 824 clam
2655 784 2781 824 cum
2810 770 2880 824 iis
2913 771 3046 840 egit,
3081 779 3143 824 ut
3172 771 3216 826 si
3250 780 3498 841 possent,
3538 788 3667 826 arce

2087 859 2266 927 potiti,
2297 860 2488 914 urbem
2524 860 2630 914 sibi
2687 861 2991 924 traderent.
3045 850 3391 916 l‘romitt’unt
3431 861 3663 932 impigre

2087 965 2146 1004 se
2177 961 2492 1013 conaturos,
2549 959 2604 1006 et
2657 960 2923 1006 tesseram
2964 953 3085 1007 sive
3139 953 3380 1022 signum,
3418 956 3561 1009 unde
3607 964 3667 1009 et

2087 1042 2237 1112 ipsos
2284 1042 2399 1110 jam
2444 1056 2582 1111 opus
2612 1042 2855 1112 aggredi,
2905 1051 2961 1097 et
2996 1057 3083 1108 se
3128 1044 3392 1098 accersiri
3450 1054 3660 1106 nosset,

2087 1141 2250 1187 noctu
2285 1133 2505 1202 quidem
2543 1134 2816 1189 sublatam
2847 1133 3023 1188 facem
3055 1132 3191 1205 ('52),
3225 1133 3391 1205 586
3419 1133 3663 1189 interdiu

2087 1233 2273 1278 autem
2308 1223 2516 1279 fumum
2557 1225 2927 1280 constituunt.
2961 1223 3074 1279 Hae
3111 1224 3178 1278 de
3208 1239 3374 1279 causa
3419 1224 3664 1293 impera-

2087 1326 2175 1371 tor
2208 1331 2522 1386 quanquam
2570 1317 2825 1372 hostibus
2857 1316 3104 1387 undique
3133 1317 3476 1372 instantibus
3514 1318 3666 1371 obsi-

2088 1408 2305 1461 dionem
2333 1409 2644 1472 continuat,
2681 1416 2738 1462 et
2761 1408 3022 1462 omnibus
3054 1423 3210 1477 teque
3246 1409 3507 1462 resistere
3533 1422 3664 1462 con-

2088 1500 2281 1554 tendit.
2313 1500 2470 1555 Circa
2502 1500 2647 1554 idem
2684 1509 2922 1569 tempus,
2975 1500 3213 1568 paulove
3245 1508 3370 1568 post
3402 1514 3512 1568 quo
3550 1500 3665 1554 haec

2088 1591 2314 1655 ﬁebant,
2366 1591 2546 1645 Latini
2594 1589 2883 1659 Smyrnam
2913 1598 3151 1659 quatuor
3186 1599 3240 1645 ct
3269 1589 3462 1659 viginti
3496 1590 3664 1644 trire-

2044 1662 2266 1736 .mibus
2314 1683 2636 1737 invaserunt
2690 1689 2745 1735 et
2791 1689 3195 1751 expugnarunt.
3249 1681 3318 1736 Et
3350 1695 3474 1736 eum
3517 1680 3664 1750 apud

406 1762 741 1828 μητρόπολιν
771 1760 942 1817 οὖσαν
972 1766 1073 1833 τῆς
1121 1765 1496 1836 Χαλκηδικῆς.
1544 1766 1688 1835 Πρὸς
1745 1769 1845 1837 μὲν
1881 1768 1977 1822 οὖν

2085 1770 2366 1835 Pallenen,
2413 1769 2481 1825 ad
2511 1778 2732 1839 portum
2776 1771 3073 1840 quemdam
3107 1769 3380 1840 indigenis
3412 1769 3664 1840 Longum

400 1852 761 1922 τειχομαχίαν
818 1854 918 1907 οὐκ
972 1857 1290 1928 ἐπεχείρει·
1352 1859 1471 1930 ᾔδει
1523 1862 1632 1931 γὰρ
1694 1862 1970 1917 ἀνάλωτον

2081 1862 2431 1930 appellatum,
2484 1876 2653 1915 naves
2702 1862 2950 1917 Persicas
2996 1860 3283 1929 sexaginta
3333 1859 3545 1914 delatas
3574 1874 3664 1915 re-

394 1942 593 2005 ὅπλοις
621 1947 738 1997 καὶ.
763 1946 965 2016 χειρῶν
1010 1946 1102 2019 βίᾳ
1131 1950 1420 2021 ὲσομένηνυ
1462 1953 1761 2021 δεσμωτῶν
1789 1955 1848 2008 δὲ
1876 1957 1980 2008 οὐκ

398 2031 598 2100 ὀλίγων
627 2036 693 2088 ὲκ
745 2037 856 2089 τῶν
909 2039 1147 2093 πολιτῶν
1195 2042 1253 2094 ὲν
1305 2045 1371 2113 τῇ
1426 2043 1634 2113 ταύτης
1684 2048 1981 2117 ἀκροπόλει

398 2129 831 2197 φρουρουμένων
849 2131 938 2184 διὰ
958 2131 1058 2201 τὴν
1079 2135 1216 2202 πρὸς
1250 2137 1461 2187 ἐκεῖνον
1484 2134 1721 2201 εὔνοιαν,
1748 2138 1978 2208 πέμψας

399 2218 608 2287 κρύφα,
641 2220 914 2289 διελέγετο
951 2224 1157 2288 αὐτοῖς,
1182 2225 1231 2277 εί
1277 2225 1551 2293 δύναιντο,
1594 2231 1982 2299 κρατήσαντες

397 2310 497 2377 τῆς
528 2312 899 2379 ἀκροπόλεως,
928 2315 1280 2384 παραδιδόναι
1313 2315 1412 2387 τήν
1453 2318 1608 2373 πόλιν
1628 2337 1640 2350 ·
1675 2322 1771 2372 καὶ
1800 2322 1972 2391 επηγ-

2078 1952 2337 2014 scissent,
2371 1952 2427 2006 in
2483 1966 2581 2007 eos
2625 1967 2791 2007 cursu
2829 1953 3063 2018 directo,
3096 1954 3286 2007 vacuis
3316 1953 3472 2023 potiti
3509 1962 3661 2009 sunt.

2079 2045 2257 2100 Persae
2305 2044 2580 2115 siquidem
2626 2044 2806 2099 navali
2854 2047 3044 2114 pra‘lio
3092 2044 3362 2110 imbelles,
3392 2056 3556 2100 terra?
3587 2062 3650 2101 se

2078 2135 2397 2202 credentes,
2432 2151 2602 2191 naves
2645 2139 2699 2191 in
2750 2138 2869 2191 solo
2903 2137 3293 2203 destituerant,
3326 2140 3529 2208 quibus
3561 2138 3663 2193 La-

2080 2227 2178 2281 tini
2208 2226 2494 2282 subductis
2526 2236 2583 2283 et
2639 2228 2900 2284 crematis
2936 2240 3307 2284 recesserunt.
3348 2228 3535 2285 Persae
3564 2245 3660 2284 na-

2076 2320 2241 2375 vibus
2291 2327 2566 2383 carentes,
2620 2319 3036 2376 Cherronesum
3074 2320 3322 2376 Thraciae
3372 2337 3470 2393 per
3526 2336 3662 2377 eon-

397 2401 656 2468 γέλλοντο
686 2403 787 2457 καὶ
812 2405 968 2458 αὐτοὶ
1005 2408 1305 2478 προθύμως
1340 2409 1599 2463 ὑπελθεῖν
1637 2411 1738 2481 τὴν
1767 2410 1977 2481 ἐπιχεί-

2081 2412 2341 2466 ιίηεηιεηι
2396 2410 2639 2466 eundum
2673 2451 2689 2477 ,
2763 2420 2820 2465 et
2896 2412 3024 2467 inde
3096 2414 3321 2468 navium
3399 2413 3662 2469 facultate

400 2510 582 2563 ρησιν,
621 2498 715 2547 καὶ
750 2495 1003 2567 σύνθημα
1031 2499 1129 2569 τῆς
1156 2499 1346 2566 ἐφόδου
1373 2500 1587 2567 ἔδοσαν,
1622 2503 1815 2566 νυκτὸς
1871 2504 1972 2573 μὲν

2081 2500 2491 2571 suppeditante,
2544 2500 2601 2555 in
2657 2500 2843 2556 Asiam
2897 2500 3005 2556 sibi
3059 2500 3443 2573 trajiciendum
3472 2501 3662 2557 existi-

392 2589 639 2657 φρυκτὸν
668 2589 931 2660 ἀνίσχειν,
963 2592 1182 2662 ἡμέρας
1209 2594 1268 2646 δὲ
1304 2595 1511 2648 καπνδν
1552 2594 1825 2649 δεικνύειν
1866 2598 1970 2666 τῆς
2079 2602 2321 2649 marum.

395 2681 796 2751 ἐπιχειρήσεως
849 2686 1097 2754 σημεῖον.
1153 2686 1253 2739 Διά
1308 2686 1516 2759 ταύτην
1566 2687 1673 2757 μὲν
1721 2683 1816 2742 οὖν
1862 2687 1961 2759 τὴν
1997 2684 2180 2743 αἰτίαν
2233 2689 2262 2739 ό
2310 2685 2588 2757 βασιλεὺς,
2624 2684 2804 2740 καίτοι
2830 2685 3262 2757 περιρῤεόμενος
3311 2683 3660 2755 πανταχόθεν

394 2772 501 2826 ὑπὸ
564 2772 659 2826 τοῦ
708 2774 986 2845 πολέμου,
1030 2764 1135 2829 οὐκ
1187 2778 1445 2833 ἀνίστατο
1486 2780 1550 2832 ὲκ
1586 2779 1689 2849 τῆς
1752 2778 2092 2849 πολιορκίας,
2145 2776 2264 2831 ἀλλ’
2328 2776 2659 2846 ἐφιλονείκει
2720 2773 2859 2848 πρὸς
2927 2778 3110 2832 πάντα
3156 2778 3658 2834 ἀντικαθίστασθαι

396 2855 619 2940 ὁμοίως.
663 2872 787 2940 Ὑφ’
834 2872 894 2926 δν
941 2875 999 2925 δε
1039 2874 1210 2927 ταῦτα
1264 2875 1456 2946 χρόνον
1490 2876 1753 2940 ἐτελεῖτο,
1787 2878 1881 2930 καὶ
1927 2876 1961 2947 ἡ
1999 2873 2269 2943 Λατινικὴ
2305 2872 2537 2944 δύναμις
2602 2874 2637 2945 ἢ
2671 2872 2840 2943 ὀλίγῳ
2870 2871 3102 2944 ὕστερον
3128 2871 3435 2930 ἐπελθοῦσα
3492 2875 3661 2942 sapa.

391 2978 528 3032 τησε
561 2965 913 3035 τειχομαχίᾳ,
946 2966 1005 3017 ὲν
1034 2966 1300 3037 τέσσαρσι
1355 2968 1452 3020 καὶ
1508 2969 1683 3022 εἴκοσι
1711 2971 1968 3041 τριήρεσι
2007 2967 2140 3036 περὶ
2170 2967 2461 3038 Παλλήνην
2524 2968 2878 3037 πεπυσμένοι
2947 2965 3089 3035 πρός
3120 2982 3242 3019 τινα
3284 2965 3483 3034 λιμένα
3518 2966 3661 3032 A07-

391 3058 490 3122 γθιν
547 3056 827 3126 ὲγχωρίως
884 3060 1435 3128 προσαγορευόμενον
1492 3060 1624 3123 ναῦς
1695 3061 1961 3132 ἑξήκοντα
2002 3061 2269 3129 ἐφορμεῖν
2301 3059 2601 3129 Περσικὰς,
2633 3058 2896 3112 ἐπέθεντό
2952 3074 3013 3110 τε
3049 3056 3144 3110 καὶ
3206 3057 3523 3127 ἐκράτησαν
3558 3057 3659 3110 ati—

392 3147 503 3200 τῶν
525 3149 722 3203 κενῶν.
747 3149 822 3201 Τὸ
848 3150 960 3220 γὰρ
986 3150 1277 3219 Περσικὸν,
1316 3152 1391 3222 μὴ
1453 3153 1754 3223 δυνάμενον
1811 3151 2303 3207 ἀντικαθίστασθαι
2355 3152 2493 3222 πρὸς
2532 3149 2870 3221 ναυμαχίαν,
2908 3150 3011 3214 τὰς
3067 3148 3198 3211 ναῦς
3245 3148 3656 3213 καταλιπόντες,

393 3240 717 3305 διεσώζοντο
755 3243 836 3305 είς
880 3242 979 3313 τὴν
1025 3243 1150 3311 γῆν.
1184 3243 1406 3298 Λατῖνοι
1459 3245 1517 3298 δὲ
1565 3245 1969 3309 ἀνελκύσαντες
2007 3247 2107 3308 τὰς
2135 3245 2270 3308 ναῦς
2302 3245 2400 3298 καὶ
2429 3245 2570 3316 πυρὶ
2602 3242 2975 3314 παραδόντες,
3035 3241 3371 3310 ἀνεχώρουν.
3404 3240 3467 3293 Οἱ
3521 3240 3658 3308 Πέρ-

396 3353 485 3389 σαι
519 3336 575 3389 δὲ
622 3335 1050 3407 ἀπολειφθέντες
1084 3339 1293 3412 ἀπορία
1344 3340 1503 3407 νεῶν,
1558 3342 1803 3410 ἔγνωσαν
1851 3342 1963 3395 δεῖν
2003 3343 2100 3396 ἐπὶ
2139 3341 2490 3414 Χερρόνησον
2535 3339 2637 3411 τῆς
2702 3338 2929 3410 Θρᾴκης
2975 3336 3065 3391 διὰ
3097 3335 3199 3404 τῆς
3231 3334 3463 3407 ἠπείρου
3523 3318 3658 3389 ἀναρ-

392 3434 614 3506 χωρεῖν,
676 3434 751 3500 ὠς
792 3433 1004 3489 ἐκεῖθεν
1043 3436 1124 3500 είς
1164 3435 1353 3491 Ἀσίαν
1395 3439 1838 3510 περαιωσόμενοι
1874 3439 2288 3512 εὐπορήσαντες
2323 3437 2477 3492 νεῶν.

1789 3638 2023 3697 CAPUT
2063 3638 2255 3697 LXIX.

395 3731 690 3806 Persarum
720 3742 768 3788 et
803 3732 1483 3806 Triballorum‘certanien.
1523 3734 1697 3806 Persa:
1724 3745 1845 3790 astu
1876 3738 2110 3806 quodam
2151 3737 2388 3804 vincunt,
2427 3742 2476 3789 et
2518 3746 2675 3806 pacta
2719 3737 2951 3792 mercede
2997 3731 3655 3806 Cantacuzenoterviun‘t.

468 3804 860 3876 Gratianopolis
896 3806 1126 3876 capitur.
1160 3802 1427 3876 anmodo
1458 3804 1757 3876 Angelitzes
1787 3802 2063 3876 praifectus
2099 3802 2380 3874 pecuniam
2409 3802 2765 3876 suppeditarit
2820 3824 2925 3861 non
2991 3807 3277 3861 modicam.
3325 3803 3509 3876 Obitus
3539 3803 3656 3871 epi-

463 3876 605 3941 scopi
638 3872 1133 3943 Didgmotiuhensis.
1165 3872 1470 3928 Alexander
1492 3872 1678 3930 Moesus
1712 3872 1977 3930 Merrham

467 3945 620 4016 fugit.
666 3943 876 4015 Legatis
911 3945 1192 4014 respondet

2081 3872 2301 3946 pressus,
2348 3872 2688 3946 imperatoris
2734 3878 2965 3932 adventu
3010 3879 3217 3939 audito,
3243 3884 3391 3930 trans
3426 3873 3660 3934 Hebrum

465 4089 690 4160 Κράλης
721 4088 779 4141 δὲ
830 4087 888 4140 ὲν
936 4085 1104 4158 Ζίχνξι
1141 4087 1721 4159 ἐστρατοπεδευμένος,
1778 4105 1968 4161 ωσπερ

2143 4087 2263 4143 Jam
2321 4101 2456 4143 vero
2498 4087 2685 4144 Crales
2732 4086 2855 4142 ﬁxis
2895 4085 3038 4157 apud
3085 4086 3327 4145 Zicbnas
3379 4084 3670 4143 tentoriis.-

394 4182 621 4252 ἔφημεν,
654 4183 746 4234 ἐπὶ
793 4178 873 4248 τῷ
930 4177 1369 4251 Καντακουζηνῷ
1430 4178 1510 4249 τῷ
1562 4179 1776 4248 βασιλεῖ
1814 4179 1975 4233 πολε-

2081 4196 2182 4252 quo
2212 4196 2338 4235 cum
2380 4180 2768 4234 Cantaruzeno
2813 4180 3173 4250 conﬂigeret,
3228 4189 3289 4232 ut
3310 4176 3659 4232 demonstra-

399 4278 542 4346 μεῖν,
579 4274 703 4349 ἐπεὶ
754 4272 982 4325 πύθοιτο
1037 4271 1099 4325 τδ
1159 4273 1289 4341 περὶ
1319 4272 1444 4335 τοὺς
1480 4265 1694 4341 Πέρσας
1730 4271 1969 4340 συμϐὰν,

2081 4284 2186 4329 tum
2213 4282 2317 4335 est,
2355 4280 2417 4326 ut
2452 4271 2519 4326 de
2552 4271 2847 4327 Persarum
2883 4279 3111 4336 eventu,
3141 4277 3198 4325 et
3234 4269 3355 4323 illac
3387 4269 3439 4322 in
3470 4267 3652 4322 Cher-

396 4370 489 4421 καὶ
512 4366 587 4430 ὼς
615 4365 703 4419 διὰ
742 4366 842 4433 τῆς
871 4364 1044 4433 αὐτῆς
1074 4363 1195 4417 ὁδοῦ
1233 4364 1326 4417 ἐπὶ
1369 4363 1718 4434 Χερρόνησον
1750 4363 1976 4433 μέλλουο

2081 4376 2323 4418 ronesum
2356 4361 2463 4414 iter
2500 4359 2744 4415 facturos
2766 4359 2998 4424 audivit,
3036 4358 3267 4414 delectis
3298 4357 3367 4412 de
3403 4359 3655 4412 exercitu

398 4476 481 4512 σιν
510 4458 671 4523 ἱέναι,
702 4459 763 4510 τὸ
804 4458 1098 4528 κράτιστον
1131 4455 1232 4524 τῆς
1269 4457 1402 4525 περὶ
1434 4453 1598 4507 αὐτὸν
1629 4452 1974 4524 ἀπολεξίμε-

2081 4468 2172 4508 suo
2219 4452 2560 4515 fortissimis,
2609 4451 2848 4522 datoque
2887 4452 2997 4507 illis
3042 4452 3324 4520 duce,qui
3366 4452 3652 4521 praestanti

396 4568 486 4614 νος
519 4551 801 4621 στρατιᾶς,
826 4551 920 4603 καὶ
960 4548 1270 4620 στρατηγὸν
1310 4547 1497 4611 αὐτοῖς
1532 4547 1839 4617 ἐπιστήσας
1880 4549 1974 4601 τὸν

2081 4547 2257 4602 animo
2298 4557 2354 4604 et
2400 4564 2501 4602 usu
2535 4548 2680 4601 inter
2716 4562 2976 4617 proceres
2999 4546 3368 4601 Triballorum
3401 4546 3652 4601 eminere

395 4641 628 4715 εὐψυχίᾳ
661 4644 753 4696 καὶ
784 4641 960 4714 τόλμῃ
1012 4642 1109 4694 καὶ
1168 4639 1434 4710 ἐμπειρίᾳ
1487 4639 1596 4692 τῶν
1652 4639 1785 4710 παρ’
1825 4638 1977 4711 αὐτῷ

2081 4639 2389 4705 videbatur,
2439 4640 2812 4710 Prealimpum
2872 4641 3169 4706 vocabulo,
3216 4654 3342 4693 cum
3393 4637 3650 4693 barbaris

395 4733 640 4786 δυνατῶν
691 4733 957 4787 δοκοῦντα
1019 4733 1310 4803 ὑπερέχειν
1357 4730 1715 4802 Πρεάλιμτιον
1761 4729 1977 4802 ὠνομα-

2081 4728 2257 4784 obviis
2284 4746 2461 4800 pugna
2494 4728 2989 4801 decertarejussit.
3023 4730 3215 4800 Itaque
3258 4729 3378 4784 loco
3404 4727 3645 4798 quodam

399 4824 595 4893 σμένον
619 4824 875 4877 ἐκέλευσε
903 4825 1314 4890 συμπλέκεσθαι
1343 4826 1454 4887 τοῖς
1482 4822 1800 4896 βαρϐάροις,
1818 4817 1977 4890 οἷπερ

2081 4820 2444 4892 Stephaniana
2474 4821 2624 4877 dicto
2673 4824 2726 4876 in
2778 4837 2876 4878 eos
2923 4822 3260 4888 incidentes,
3306 4822 3375 4875 ad
3406 4835 3644 4891 pugnam
3702 4837 3705 4840 ·

399 4914 465 4970 ἂν
495 4916 826 4985 συντύχωσι,
855 4917 950 4969 καὶ
976 4916 1116 4987 πρός
1146 4933 1271 4970 τινα
1314 4917 1477 4970 τόπον
1520 4914 1865 4985 Στεφανιανὰ
1893 4914 1977 4968 λε-

2081 4916 2486 4988 aggrediuntur.
2546 4916 2747 4978 Persae,
2799 4925 2859 4971 ut
2907 4916 2961 4971 in
3012 4915 3245 4988 planitie
3296 4914 3548 4987 equitum
3582 4915 3658 4970 ti-

1638 5100 1856 5165 Jacobi
1896 5102 2166 5165 Pontani
2198 5110 2386 5166 notae.

470 5227 582 5301 ('52)
613 5228 736 5301 Dari
775 5236 943 5301 noctu
1000 5229 1216 5299 signum
1252 5227 1471 5301 ignibus
1487 5227 1698 5301 _jact_i_s,
1757 5235 1850 5280 aut
1882 5226 1963 5281 i‘a-

396 5296 741 5353 cilius'elatis
769 5299 1028 5353 usitatum
1057 5296 1147 5352 est
1198 5296 1424 5351 militise.
1482 5296 1575 5352 Sic
1603 5297 1864 5352 Sinonem
1902 5306 1959 5350 et

397 5369 656 5425 Helenam
679 5368 886 5423 Graecis
913 5368 1128 5422 dedisse
1158 5368 1376 5437 signum
1407 5368 1641 5437 navibus
1665 5366 1960 5428 redeundi,

398 5448 455 5511 et
498 5437 714 5506 Trojam
759 5438 1100 5511 occupandi,
1143 5446 1474 5511 θυρίον-εει
1528 5436 1960 5511 Trypltiodorus,

396 5510 487 5562 bis
522 5504 798 5573 versibus,
839 5504 917 5562 ιη’
941 5504 1163 5577 quidem
1202 5522 1233 5562 a
1269 5506 1543 5579 Xylaudro
1592 5504 1785 5561 Latine
1834 5512 1967 5559 sunt

362 5634 365 5637 λ
398 5579 598 5636 redditi
626 5596 638 5630 :

472 5648 619 5701 Ilicet
652 5646 897 5701 Ai'acidre
909 5656 1067 5717 Juxta
1094 5647 1311 5701 sublime
1342 5645 1638 5717 sepulcrum

474 5717 720 5771 Exhibuit
748 5714 954 5786 signum
981 5718 1171 5770 lucenti
1195 5717 1440 5786 lampade
1471 5714 1651 5769 Graiis

473 5789 773 5851 Λίεοιιὶιιτε,
827 5788 992 5843 tacita
1021 5789 1323 5856 monuitque
1352 5801 1621 5841 recurrere
1656 5790 1842 5841 classe.

2146 5227 2384 5300 Pervigil
2417 5232 2532 5299 ipsa
2566 5230 2732 5284 etiam
2767 5247 2795 5283 e
2824 5230 2959 5285 celso
2981 5232 3216 5300 formosa
3239 5231 3407 5285 cubilt

2144 5298 2418 5371 [furpitreo
2451 5303 2617 5353 socios
2639 5301 2853 5355 hortata
2885 5310 2960 5354 est
2982 5298 3249 5371 Tyndaris
3284 5302 3394 5371 igni

2072 5364 2148 5421 De
2174 5364 2376 5423 lleiena
2407 5384 2664 5439 expresse
2688 5371 2922 5424 aliirmat
2951 5364 3117 5424 etiam
3144 5370 3290 5423 Maro
3304 5364 3458 5422 'lihro
3481 5382 3532 5423 γι
3557 5384 3572 5421 :

2597 5440 2874 5507 ﬂammam
2898 5440 3067 5492 media
3092 5442 3205 5509 ipsa
3231 5440 3436 5491 tenebat

2146 5508 2436 5578 Ingentem,
2466 5519 2513 5562 et
2542 5526 2750 5563 summa
2779 5509 2991 5562 Danaos
3018 5526 3081 5562 ea:
3114 5524 3237 5563 arce
3266 5512 3505 5578 vocabat.

2076 5576 2284 5633 Arabes
2315 5595 2532 5648 quoque
2571 5579 2863 5631 adventum
2908 5578 3147 5648 hostium
3196 5576 3649 5648 interdiu_l‘umo,

2072 5657 2249 5721 noctu
2269 5645 2394 5719 igne
2435 5645 2771 5721 signiﬁcasse
2815 5655 3047 5702 testatur
3080 5645 3376 5703 Frontinus
3427 5646 3523 5700 lib.
3584 5661 3648 5712 ιι,

2071 5733 2192 5788 cap.
2220 5719 2275 5773 5.
