4014 6466
483 316 614 384 ΗΠ

1658 335 1692 395 Ι
1698 335 1901 397 OANN
1910 325 1984 397 IS
2025 338 2112 399 CA
2124 340 2556 407 NTACUZENI

3603 353 3720 419 iii:

477 439 692 488 mentes
755 434 1078 504 incursum,
1135 439 1190 494 iu
1243 450 1486 496 montem
1537 443 1779 499 vicinum
1826 462 1885 502 et
1939 447 2057 504 loca

2170 452 2404 522 γὸμενον
2436 457 2840 529 περιτυχόντες,
2891 459 3216 515 καθίσταντο
3248 460 3392 533 πρὸς
3440 463 3629 534 μάχην,
3665 468 3720 519 Li

477 522 740 592 impedita
797 527 1084 583 secedunt.
1131 529 1359 588 Triballi
1412 533 1663 592 diﬂiciles
1711 536 1900 592 aditus
1933 555 2055 594 cer-

477 622 693 672 nentes.
728 617 964 686 ratique,
1021 620 1066 673 si
1111 635 1210 688 per
1239 623 1523 692 angustias
1555 627 1897 696 penetrando
1934 643 2058 685 sese

477 704 823 774 impellerent
901 719 957 764 et
1017 722 1404 783 coarctarent,
1481 733 1655 788 equos
1741 720 2058 790 complures

477 795 609 849 hinc
649 797 776 852 inde
827 801 1042 869 sagittis
1083 805 1332 861 contixos
1376 821 1408 860 a
1453 806 1708 863 barbaris
1751 810 2052 879 perituros,

480 902 651 956 seque
712 891 847 958 nilnil
900 894 1005 948 nisi
1052 897 1278 952 vulnera
1323 907 1729 969 reportaturus,
1780 901 1849 956 de
1897 902 2058 971 equis

479 978 902 1048 descendentes,
937 987 1172 1055 pedibus
1197 1005 1296 1058 per
1333 991 1560 1046 acclivia
1588 1007 1822 1062 Operose
1854 1008 1918 1048 ac
1946 993 2056 1049 dif-

477 1073 713 1140 ficulter,
774 1093 1055 1133 armorum
1106 1081 1349 1151 pondere
1407 1084 1693 1152 retardati,
1763 1086 1817 1140 in
1870 1085 2058 1142 hostes

477 1166 651 1222 ibant.
724 1168 983 1224 Videutes
1021 1170 1202 1226 Persae
1250 1173 1520 1230 Triballos
1566 1177 1703 1231 adeo
1758 1191 1853 1246 per
1900 1178 2051 1234 invia

475 1259 802 1321 eluctantes,
835 1263 1100 1339 quiddam
1153 1268 1436 1324 curiosum
1474 1270 1648 1339 magis
1692 1286 1857 1340 quam
1889 1287 2060 1342 gene-

477 1365 666 1404 rosum
718 1353 899 1408 facere
947 1355 1277 1423 decernunt,
1309 1370 1366 1414 et
1412 1359 1538 1431 fuga
1568 1361 1824 1416 simulata
1853 1363 2058 1420 montis

477 1442 739 1499 ulteriora
775 1457 990 1515 petnnt.
1024 1449 1258 1505 Triballi
1293 1451 1506 1507 fraudis
1529 1453 1704 1524 ignari
1723 1464 2053 1524 sequuntur.

476 1531 577 1598 Qui
608 1547 898 1606 postquam
931 1539 1001 1594 ab
1033 1541 1212 1610 equis.
1246 1543 1426 1612 iisque
1455 1542 1563 1598 non
1589 1545 1787 1615 paucis
1818 1546 2053 1604 destite-

476 1636 627 1688 runt,
681 1629 860 1684 Persas
913 1631 1094 1688 denuo
1145 1635 1523 1704 aggiomerati,
1577 1637 1787 1696 directe
1828 1641 2054 1710 quidem

478 1718 641 1789 587
671 1733 867 1775 contra
911 1738 1008 1779 cos
1035 1741 1144 1781 non
1190 1728 1618 1795 contenderunt,
1654 1731 1750 1786 sed
1776 1731 1846 1786 ab
1875 1732 2048 1786 altera

2162 545 2370 616 Πέρσαι
2401 547 2460 601 δὲ
2489 551 2613 605 ἐπεὶ
2658 551 2841 606 πεδίον
2867 547 2935 625 ἦν
2963 553 3052 622 ἐφ’
3082 547 3143 606 οἶδ
3177 553 3471 624 Τριόαλοῖς
3516 555 3722 625 ἔμελλον

2164 636 2304 690 ίέναι
2332 639 2389 702 ἐς
2439 639 2538 703 τὰς
2587 643 2798 711 χεῖρας,
2826 643 3107 707 δείσαντες
3135 644 3233 714 τὴν
3278 643 3474 714 ἔφοδον
3507 645 3613 699 τῶν
3647 648 3724 699 itt-

2162 731 2332 797 πέων,
2364 732 2679 804 ἀνεχώρουν
2710 735 2846 807 πρὸς
2873 735 2936 789 τὸ
2967 737 3092 805 ὅρος
3119 738 3214 790 καὶ
3240 737 3347 799 τὰς
3381 737 3716 809 δυσχωρίας·

2159 818 2227 892 ἦν
2258 823 2369 893 γάρ
2407 823 2599 893 ἐγγύς.
2644 825 2914 896 Ὀρῶντες
2942 827 2997 880 δὲ
3036 829 3086 881 οί
3116 827 3384 899 Τριϐαλοὶ
3443 827 3723 898 δυσπρόσο-

2159 914 2249 968 δον
2286 915 2347 969 τὸ
2400 917 2618 986 χωρίον,
2657 920 2755 972 καὶ
2804 917 3130 987 νομίσαντες
3161 920 3208 970 εί
3256 916 3350 971 διά
3385 916 3496 970 τῶν
3540 915 3727 970 στενῶν

2161 1005 2439 1060 είσωθοῖεν
2466 1008 2719 1075 ἑαυτοὺς,
2748 1009 2948 1070 ἵππους
2978 1025 3038 1061 τε
3067 1007 3293 1062 ἀπολεῖν
3327 1007 3558 1072 πολλοὺς
3585 1025 3727 1076 περι-

2159 1096 2550 1166 τοξευομένους
2581 1099 2686 1152 ὑπὸ
2714 1098 2823 1154 τῶν
2861 1099 3176 1171 βαρόάρων,
3205 1099 3304 1153 καὶ
3339 1099 3539 1160 αὐτοὺς
3567 1115 3724 1168 τραυο

2165 1190 2622 1259 ματισθήσεσθαι,
2647 1190 2952 1256 ἀποϐάντες
2980 1192 3089 1245 τῶν
3119 1191 3327 1256 ἵππων,
3356 1189 3606 1255 ἐϐάδιζον
3630 1207 3724 1243 πε-

2159 1283 2244 1346 ζοὶ
2297 1284 2390 1337 ἐπὶ
2423 1285 2550 1347 τοὺς
2581 1283 2899 1355 πολεμίους,
2943 1283 3226 1354 δυσέργως
3273 1283 3374 1338 καὶ
3429 1282 3569 1353 μετά
3617 1281 3726 1351 βίας

2159 1375 2255 1428 ἐπὶ
2288 1374 2349 1428 τὸ
2381 1375 2611 1437 ἄναντες
2639 1376 2812 1440 ἰόντες
2843 1375 2930 1430 διά
2966 1375 3250 1447 βαρύτητα
3284 1375 3403 1428 τῶν
3442 1373 3638 1428 ὅπλων.
3669 1372 3726 1426 Οί

2160 1467 2369 1536 Πέρσαι
2401 1467 2459 1521 δὲ
2498 1466 2701 1529 ἰδόντες
2723 1466 2867 1520 οὕτω
2896 1465 3095 1530 πεζοὺς
3124 1467 3216 1520 ἐπὶ
3259 1466 3366 1536 τὴν
3401 1465 3584 1520 ἄνοδον
3616 1464 3722 1534 βια-

2159 1557 2443 1627 ζομένους,
2483 1558 2909 1630 περιεργότερον
2936 1575 2991 1612 τι
3033 1559 3236 1628 μᾶλλον
3267 1557 3545 1625 ἔγνωσαν,
3575 1556 3606 1626 ἢ
3635 1559 3718 1609 civ

2157 1649 2467 1720 δρειότερον
2497 1652 2702 1705 ποιεῖν’
2741 1650 2836 1704 καὶ
2881 1649 3322 1720 ὑποκρινάμενοι
3355 1648 3558 1720 φυγὴν,
3598 1649 3718 1718 μᾶλ-

2159 1738 2251 1793 λον
2302 1739 2614 1811 ἀνεχώρουν
2666 1741 2803 1811 πρὸς
2860 1741 2922 1794 τὸ
2956 1739 3100 1810 ὅρος,
3129 1740 3180 1794 οἱ
3211 1739 3255 1794 δ’
3293 1740 3623 1808 ἐφείποντο,
3656 1737 3720 1808 μὴ

477 1821 633 1878 parte
662 1811 1078 1882 circumventis,
1108 1819 1176 1874 ad
1207 1835 1382 1890 equos
1413 1821 1633 1876 illorum
1661 1833 2054 1889 cucurrerunt,

2164 1831 2471 1892 συνιδόντες
2503 1833 2605 1903 τὴν
2636 1832 2879 1901 ἀπάτην.
2921 1832 3077 1886 Ἐπεὶ
3102 1831 3160 1884 δὲ
3187 1833 3519 1903 ἀπέστησαν
3550 1831 3720 1884 έκάτε-

477 1910 536 1956 et
563 1904 691 1973 quin
720 1906 889 1964 armis
921 1925 1032 1964 non
1065 1914 1452 1982 gravabantur,
1483 1924 1899 1972 antevertentes
1929 1916 2054 1971 Tri-

475 1995 652 2052 ballos
713 2002 1159 2060 conscenderunt
1227 2024 1241 2061 :
1312 2007 1407 2077 qui
1484 2008 1644 2079 equis
1705 2009 1924 2080 spoliati
1987 2009 2057 2065 ad

475 2088 678 2144 caedem
714 2095 1012 2162 Opportuni
1042 2107 1222 2161 erant,
1253 2099 1690 2171 cecideruntque
1719 2101 2056 2172 complures,

477 2195 580 2234 nec
607 2187 766 2250 pauci
796 2187 939 2254 capti
969 2198 1120 2255 sunt,
1149 2189 1352 2260 reliqui
1384 2206 1484 2261 per
1511 2201 1756 2248 montem
1789 2193 1902 2248 huc
1924 2193 2058 2249 illuc

477 2271 776 2343 fugientes,
806 2294 952 2348 aegre
1000 2296 1060 2338 se
1111 2284 1275 2338 morti
1321 2283 1730 2342 subduxerunt.
1762 2284 1951 2342 Crales
1989 2285 2059 2340 de

476 2381 704 2423 suorum
763 2370 918 2427 clade
972 2383 1200 2444 accepto
1242 2377 1462 2441 nuntio,
1499 2377 1666 2432 etiam
1699 2377 1828 2448 gipse
1873 2392 2060 2434 receso

476 2461 570 2526 sit,
609 2475 836 2534 propter
862 2468 1257 2536 calamitatem,
1293 2469 1420 2526 belli
1456 2469 1510 2524 in
1535 2471 1925 2541 imperatorem
1959 2473 2061 2527 im-

476 2571 725 2636 memor.
773 2560 893 2615 Non
944 2571 1124 2617 tamen
1179 2579 1295 2618 rem
1343 2567 1566 2634 penitus
1600 2567 1932 2638 negligebat,
1963 2566 2062 2624 sed

475 2660 534 2704 et
561 2650 708 2706 domi
759 2652 961 2709 sedens
1005 2653 1414 2712 bellaturiebat.
1458 2659 1640 2715 Persa:
1693 2662 1936 2717 victores
1991 2661 2060 2716 ad

474 2742 922 2800 Larttacuzenum
977 2745 1412 2819 Gratianopolim
1455 2750 1800 2807 obsidentem
1852 2753 2064 2824 legatos

448 2877 450 2880 μ
479 2835 724 2901 mittunt,
761 2853 930 2894 naves
956 2854 1086 2895 suas
1113 2839 1504 2904 iullarinnatas,
1538 2852 1596 2901 et
1619 2844 1892 2900 Tribalios
1917 2846 1986 2901 ab
2005 2861 2067 2903 se

474 2930 657 2985 victos
688 2930 955 2998 iudicant,
1008 2943 1064 2989 et
1097 2948 1157 2988 se
1206 2934 1352 2990 illius
1397 2936 1628 3006 cupidos
1657 2936 2061 2994 Cherronesum

475 3031 684 3090 petere,
724 3033 782 3078 ut
814 3023 943 3079 inde
972 3024 1026 3079 in
1057 3025 1240 3081 Asiam
1276 3026 1558 3098 navigent.
1588 3028 1764 3085 Orant
1795 3030 1961 3085 etiam
1993 3046 2063 3087 ne

475 3113 607 3182 quid
641 3114 746 3170 sibi
786 3131 884 3186 per
919 3117 1042 3187 ejus
1077 3118 1365 3188 regionem
1392 3119 1757 3177 ambulaturis
1783 3123 2063 3180 molestia-

477 3223 598 3263 rum
641 3209 989 3268 exbibeatur.
1022 3211 1201 3279 'Quod
1247 3213 1292 3269 si
1345 3214 1481 3286 quid
1547 3216 1684 3287 ipsis
1715 3225 1909 3273 contra
1952 3218 2057 3274 lto-

475 3311 590 3357 stes
651 3312 883 3373 egeret,
926 3306 1251 3376 promittere
1310 3322 1369 3363 se
1424 3319 1736 3380 promptam
1793 3325 2039 3381 operam,

475 3392 520 3446 si
579 3394 864 3461 stipendia.
913 3405 1070 3468 pacta
1135 3407 1501 3454 numerentur
1549 3417 1563 3454 :
1641 3410 1802 3456 erant
1871 3412 2056 3457 autem

475 3495 560 3538 ter
613 3486 764 3539 mille
807 3495 864 3541 et
920 3499 1165 3543 centum.
1229 3491 1560 3561 Imperatori.
1609 3492 1916 3547 subsidium
1954 3493 2059 3548 hoc

478 3588 744 3642 perquam
817 3586 1229 3646 opportunum,
1279 3596 1744 3651 summopereque
1805 3596 2061 3638 necessa-

477 3666 619 3719 rium
647 3667 844 3733 videri,
883 3686 1007 3724 cum
1043 3671 1231 3728 bustes
1257 3683 1364 3727 tam
1393 3673 1574 3735 multi,
1603 3682 1825 3744 tamque
1859 3682 2058 3743 poten-

479 3747 562 3827 έεε
594 3763 1014 3821 incumberent:
1044 3766 1291 3822 nondum
1317 3767 1465 3820 enim
1495 3765 1684 3822 Crales
1706 3766 1927 3824 Zichnis
1962 3767 2060 3823 d0-

478 3876 630 3916 mum
663 3860 1014 3917 discesserat.
1070 3857 1310 3912 Pecunia
1335 3865 1517 3912 autem
1553 3873 1663 3914 non
1705 3869 2055 3931 suppetente,

477 3952 623 4008 haud
682 3965 874 4021 parum
939 3948 1315 4003 cruciabatur.
1385 3947 1640 4004 Attamen
1701 3950 1919 4006 donatis
1981 3952 2054 4006 le-

478 4046 619 4116 gatis
652 4058 749 4098 eos
779 4040 1030 4102 adduxit.
1065 4048 1128 4094 ut
1164 4039 1222 4093 in
1269 4039 1606 4111 stipendium
1639 4053 1852 4098 certum
1896 4059 2058 4100 exer-

475 4140 620 4192 citus
690 4135 841 4191 illius
907 4129 1292 4186 commilitium
1367 4147 1552 4187 secum
1618 4134 2055 4204 paciscerentur,

478 4243 654 4299 usque
684 4228 750 4282 ad
800 4215 918 4281 dies
961 4223 1344 4294 quadraginta.
1397 4225 1553 4293 Quod
1585 4242 1654 4282 ne
1684 4228 1872 4283 statim
1901 4237 2056 4299 pete-

477 4332 623 4388 rent,
658 4305 753 4377 sed
770 4329 907 4391 ‘post
931 4319 1111 4374 lucem
1149 4317 1420 4374 decimam
1455 4321 1730 4391 quintam,
1755 4336 1822 4375 ex
1850 4337 1960 4391 quo
1988 4321 2056 4377 ad

476 4433 537 4474 se
566 4415 929 4471 accessissent
957 4428 972 4467 :
999 4411 1222 4467 volebat
1254 4413 1640 4469 enim-interea
1665 4414 2057 4485 Didymoticbo

2163 1942 2248 1994 ροι
2279 1925 2390 1978 τῶν
2424 1924 2607 1978 ἵππων
2632 1924 2734 1979 οὐκ
2754 1924 2956 1993 ὀλίγον,
2986 1925 3038 1977 οἱ
3072 1923 3284 1995 Πέρσαι
3315 1922 3720 1995 συστραφέντες,

2157 2017 2403 2070 ἐναντίον
2429 2017 2530 2086 μὲν
2562 2017 2666 2072 οὐκ
2700 2015 2943 2088 ἐχώρουν
2988 2015 3300 2086 Τριὼλῶν,
3343 2016 3461 2069 ἀλλ’
3513 2015 3722 2083 ἐκπερι-

2160 2107 2412 2171 ελθόντες
2442 2107 2806 2179 ἑκατέρωθεν,
2842 2107 2998 2161 ἔθεον
3029 2108 3122 2161 ἐπὶ
3153 2108 3281 2180 τοὺς
3318 2107 3523 2169 ῖπτυους
3547 2121 3561 2136 ·
3611 2104 3721 2160 ἂνο-

2161 2202 2286 2254 πλοι
2317 2200 2375 2254 δὲ
2407 2201 2502 2254 καὶ
2557 2194 2752 2270 κυῦφοι
2810 2201 2987 2269 ὄντες,
3023 2202 3339 2271 φθάσαντες
3389 2202 3516 2263 τοὺς
3540 2195 3724 2268 Τριϐα-

2159 2290 2308 2357 λοὺς,
2357 2291 2675 2362 ἐκράτησαν
2705 2293 2816 2346 τῶν
2847 2293 3052 2360 ῖππων,
3088 2294 3180 2346 καὶ
3211 2293 3500 2362 ἐπέδησαν
3543 2287 3720 2344 αὐτοί·

2163 2382 2431 2455 Τριόαλοὶ
2467 2384 2525 2438 δὲ
2561 2385 2672 2440 τῶν
2717 2384 2903 2440 ἵππων
2932 2385 3312 2458 ἀφῃρημένων
3347 2384 3556 2452 έτοιμοι
3596 2376 3726 2451 ἦσαν

2163 2477 2304 2546 πρὸς
2333 2477 2576 2546 σφαγήν.
2612 2477 2852 2530 Ἐπεσον
2889 2476 3000 2548 γὰρ
3041 2478 3091 2530 oi
3123 2477 3354 2540 πλείους
3405 2473 3723 2542 κτεινόμενοι

2165 2570 2272 2623 ὑπὸ
2291 2569 2400 2623 τῶν
2438 2571 2688 2641 Περσῶν,
2721 2570 2971 2626 ὲάλωσάν
2999 2587 3058 2626 τε
3092 2572 3193 2625 οὐκ
3215 2572 3395 2640 ὀλίγοι
3419 2587 3433 2601 ο
3471 2571 3519 2624 oi
3551 2565 3724 2652 intra!

2162 2663 2218 2717 δὲ
2251 2663 2405 2734 μόλις
2433 2663 2774 2732 διεσώθησαν
2809 2662 2967 2728 πεζοὶ
3015 2665 3110 2718 ἐπὶ
3161 2664 3224 2718 τὸ
3279 2664 3410 2735 ὅρος
3452 2661 3718 2717 διασκεδα-

2166 2756 2408 2822 σθέντες.
2468 2756 2694 2830 Κράλης
2746 2756 2803 2810 δὲ
2859 2757 2983 2811 ἐπεὶ
3015 2757 3251 2812 ἐπύθετο
3293 2757 3396 2828 τὴν
3441 2751 3607 2827 ἧτταν
3633 2751 3718 2820 τῆς

2163 2849 2370 2913 οἰκείας
2400 2850 2686 2921 στρατιᾶς,
2730 2849 2934 2914 δείσας,
2979 2849 3247 2922 ἀνεχώρει
3298 2852 3397 2906 καὶ
3425 2849 3605 2913 αὐτὸς,
3634 2845 3716 2899 τοῦ

2167 2941 2306 3012 πρὸς
2334 2939 2564 3012 βασιλέα
2601 2939 2840 3010 πολέμου
2872 2941 3304 3014 ἐπιλελησμένος
3332 2941 3423 2995 διὰ
3451 2941 3548 3010 τὴν
3589 2952 3714 3005 συμ-

2167 3036 2343 3090 ϐᾶσαν
2383 3033 2693 3105 συμφοράν.
2725 3034 2798 3088 οὐ
2833 3034 2942 3105 μὴν
2977 3032 3173 3103 ἡμέλει
3199 3049 3286 3101 γε,
3318 3031 3458 3086 ἀλλά
3486 3028 3577 3083 καὶ
3599 3024 3719 3079 οίκιι

2168 3127 2480 3197 καθήμενος
2508 3126 2789 3196 ἐπολέμει.
2831 3127 2894 3180 0i
2941 3125 3152 3195 Πέρσαι
3181 3125 3239 3178 δὲ
3277 3124 3416 3193 μετά
3453 3123 3548 3189 τὴν
3580 3117 3716 3185 νίκην

2166 3219 2464 3288 πυθόμενοι
2500 3216 2958 3288 Καντακουζηνδν
2982 3217 3073 3270 τὸν
3102 3216 3332 3286 βασιλέα
3366 3216 3466 3286 τὴν
3509 3213 3547 3267 Γ
3552 3224 3715 3283 parta-

2167 3310 2259 3364 νοῦ
2296 3310 2627 3380 πολιορκεῖν,
2659 3311 2963 3382 πρεσϐείαν
3016 3309 3357 3379 πέμψαντες,
3404 3307 3494 3362 τόν
3529 3321 3586 3358 τε
3628 3303 3714 3371 ip.-

2169 3403 2423 3471 πρησμὸν
2453 3401 2562 3454 τῶν
2595 3400 2729 3454 νεῶν
2759 3401 2982 3472 ἐδήλουν
3013 3401 3124 3457 τῶν
3162 3402 3468 3472 σφετέρων,
3511 3395 3600 3450 καὶ
3633 3391 3718 3458 τὴν

2165 3489 2341 3564 ἧτταν
2392 3493 2699 3562 Τρισαλῶν,
2733 3492 2825 3549 καὶ
2855 3492 2930 3556 ώς
2964 3493 3118 3547 αὐτοὶ
3176 3493 3374 3562 φιλίως
3407 3487 3717 3556 διακείμενοι

2168 3583 2306 3653 πρὸς
2346 3582 2530 3647 αὐτὸν,
2568 3584 2662 3636 ἐπὶ
2706 3583 3055 3654 Χερρόνησον
3086 3582 3364 3652 ἐγνώκασι
3411 3579 3620 3651 χωρεῖν,
3659 3569 3717 3625 ἶν’

2168 3677 2380 3730 ἐκεῖθεν
2412 3675 2798 3748 περαιωθῶσιν
2849 3677 2930 3740 είς
2977 3676 3201 3730 Ἀσίαν·
3237 3678 3430 3746 ὴξίουν
3473 3688 3530 3724 τε
3568 3664 3716 3739 μηδὲν

2169 3771 2354 3832 αὐτοῖς
2383 3768 2739 3841 παρενοχλεῖν
2764 3769 3017 3839 μέλλουσι
3039 3768 3125 3823 διὰ
3151 3769 3248 3837 τῆς
3273 3769 3469 3836 ἐκείνῳ
3496 3758 3716 3831 ὑπηκόου

2166 3861 2382 3917 διιέναι.
2419 3863 2478 3915 Ei
2505 3862 2561 3915 δέ
2603 3879 2659 3915 τι
2703 3861 2878 3915 δέοιτο
2913 3860 3091 3914 αὐτῶν
3136 3859 3281 3913 κατὰ
3313 3859 3422 3912 τῶν
3466 3848 3715 3920 πολεμίων

2169 3954 2484 4025 προθύμους
2541 3950 2681 4009 εἶναι
2741 3955 3074 4023 συμμαχεῖν,
3144 3955 3489 4024 είςχρήματα
3557 3940 3716 4013 παρὰ·

2170 4047 2502 4117 σχοιτο,1ὅσα
2541 4047 2607 4100 ἂν
2659 4044 2944 4115 συμϐῶσιν
2967 4060 2984 4078 ο
3019 4041 3161 4116 ἦσαν
3211 4046 3268 4098 δὲ
3315 4040 3599 4116 τρισχίλιοι
3632 4031 3713 4088 καὶ

2167 4139 2386 4193 ἑκατόν.
2418 4138 2637 4192 Βασιλεῖ
2661 4138 2762 4208 μὲν
2793 4133 2886 4193 οὖν
2934 4138 3107 4191 ἐδόκει
3141 4137 3544 4205 ἀναγκαιοτάτη
3594 4126 3714 4180 εἶλαι

2167 4232 2324 4302 ἡτῆς
2355 4230 2632 4301 Περσικῆς
2680 4229 2968 4301 συμμαχία
3016 4231 3303 4301 στρατιᾶς,
3357 4228 3451 4281 καὶ
3501 4221 3712 4294 μάλιστα

2167 4325 2258 4377 ἐπὶ
2293 4323 2485 4395 καιρὸν
2517 4321 2887 4391 γεγενημένη,
2927 4321 3199 4375 τοσούτων
3245 4321 3520 4388 πολεμίως
3559 4307 3714 4364 ἐπιόν-

2167 4433 2274 4470 των
2305 4415 2572 4470 πάντοθεν
2611 4416 2705 4468 καὶ
2749 4411 2894 4466 οὕτω
2921 4413 3165 4467 δυνατῶν
3189 4428 3205 4445 ο
3245 4413 3455 4466 οὐδέπω
3483 4406 3584 4477 γὰρ
3612 4400 3712 4472 ᾔδεε

475 4523 672 4566 curare
707 4505 1018 4575 pecuniam.
1080 4503 1172 4560 Sic
1207 4505 1376 4574 igitur
1409 4520 1536 4561 cum
1569 4493 2057 4576 legatis‘pactione

2172 4505 2399 4576 Κράλην
2424 4505 2561 4574 πρὸς
2577 4504 2678 4573 τὴν
2697 4503 2908 4558 οἰκείαν
2932 4503 2989 4557 έν
3012 4503 3220 4574 Ζιχνῶν
3246 4492 3708 4571 ἀνακεχωρηκότα⁸

477 4601 756 4662 confecta,
784 4613 890 4654 eos
918 4597 984 4650 ad
1019 4606 1199 4651 castra
1233 4598 1470 4664 remisit,
1515 4613 1754 4668 cumque
1787 4599 1855 4652 iis
1887 4615 2058 4654 unum

476 4694 545 4746 de
600 4691 756 4756 suis,
825 4692 919 4759 qui
979 4689 1101 4742 illas
1164 4688 1354 4756 copias
1417 4689 1676 4744 celeriter
1736 4690 2058 4746 adduceret.

476 4783 764 4844 Posuidie
812 4784 865 4835 in
914 4795 1042 4835 arce
1096 4779 1607 4848 GratianOpolitana
1667 4781 1839 4836 vincti
1871 4821 1886 4845 ,
1961 4797 2061 4836 cu-

479 4874 736 4930 stoJibus
794 4872 1026 4926 meridie
1089 4871 1303 4941 impetu
1362 4871 1512 4927 facto
1571 4872 1882 4942 jugulatis,
1955 4873 2062 4928 im-

481 4975 794 5034 peratorem
859 4961 994 5015 fumi
1065 4963 1221 5032 signo
1295 4977 1361 5016 ex
1413 4961 1720 5032 composito
1761 4963 2055 5026 advocant.

478 5071 591 5126 quo
621 5055 738 5108 viso
763 5054 1051 5109 confestim
1093 5069 1216 5108 cum
1259 5053 1463 5107 auxilio
1517 5069 1842 5123 accurrens,
1875 5071 2056 5113 arcem

481 5160 764 5234 totamque
814 5147 1006 5201 urbem
1061 5147 1231 5216 capit,
1278 5157 1334 5202 et
1386 5156 1586 5202 (σείει-ο
1647 5147 1862 5205 lmtatus
1911 5151 2058 5220 quod

484 5246 677 5296 urbem
735 5252 841 5295 tam
892 5241 1180 5312 pulchram
1243 5241 1394 5294 nullo
1457 5240 1648 5294 labore
1701 5243 2060 5313 periculoque

483 5337 857 5400 obtinuisset,
915 5335 1082 5390 etiam
1159 5331 1421 5403 grandem
1492 5334 1835 5402 pecuniam,
1893 5351 2062 5405 quam

483 5429 717 5482 maxime
777 5426 1084 5497 indigebat,
1123 5424 1353 5479 invenit.
1409 5425 1726 5494 Angelitzcs
1754 5427 1903 5481 enim
1933 5427 2061 5496 qui~

479 5522 631 5583 datu,
689 5520 940 5591 abjectus
998 5528 1054 5572 et
1105 5517 1375 5571 obscurus
1414 5518 1573 5582 ciris,
1610 5524 1772 5573 antea
1812 5517 2057 5571 thesauri

481 5613 683 5683 reperti
743 5609 1056 5679 suspicione
1119 5609 1439 5673 laborabat,
1498 5612 1632 5673 cui,
1700 5625 1758 5663 re
1814 5607 2060 5662 nondum

484 5715 655 5762 certa.
695 5703 972 5769 negotium
1003 5716 1162 5755 nemo
1204 5700 1525 5756 lacessebat.
1555 5703 1622 5754 At
1653 5716 1783 5754 vero
1816 5709 2062 5766 tempore

485 5795 650 5866 hujus
683 5795 808 5847 smri
841 5793 968 5846 belli
1005 5794 1171 5848 rebus
1199 5793 1452 5858 omnibus
1483 5795 1534 5848 iu
1569 5793 1906 5848 contrarium
1943 5811 2059 5848 mu-

2168 4599 2469 4666 χρημάτων
2524 4595 2580 4648 δὲ
2614 4596 2717 4648 οὐκ
2770 4593 3043 4665 εὐπορῶν,
3089 4594 3150 4646 οὐ
3214 4592 3452 4664 μετρίως
3504 4581 3706 4655 ἠνιᾶτο’

2165 4687 2315 4754 ὅμως
2343 4687 2456 4747 τοῖς
2483 4682 2882 4756 πρεσϐεύσουσι
2904 4683 3054 4755 δῶρα
3078 4693 3518 4752 παρασχόμενος,
3544 4673 3707 4726 ἔπεισε

2166 4777 2461 4832 συνθέσθαι
2495 4778 2588 4830 ἐπὶ
2617 4777 2866 4847 χρήμασι
2907 4777 3094 4846 ῥητοῖς
3130 4774 3437 4845 συμμαχεῖν
3467 4763 3605 4832 αὐτῷ
3621 4757 3706 4847 τὴξ⁴

2167 4871 2427 4940 στρατιὰν
2466 4845 2680 4939 ἡμέρας
2711 4845 3147 4939 τεσσαράκοντα,
3183 4868 3253 4952 τὰ
3286 4865 3535 4937 χρήματα
3563 4854 3612 4906 δὲ
3640 4845 3703 4952 ἱέὴ

2162 4961 2370 5017 αὐτίκα
2411 4961 2692 5028 ἀπαιτεῖν,
2721 4960 2858 5014 ἀλλά
2915 4960 3056 5029 μετὰ
3102 4946 3584 5017 πεντεκαιδεκάτην
3619 4946 3702 5003 τῆς

2166 5057 2409 5128 ἀφίξεως
2436 5057 2544 5126 ὴμέ
2557 5073 2688 5126 ραν’
2719 5057 2947 5125 γνώμην
2973 5055 3030 5108 δὲ
3063 5050 3207 5123 εἶχεν
3235 5053 3308 5115 ώς
3337 5052 3393 5103 ὲν
3423 5043 3625 5100 ταύταις
3647 5035 3702 5128 ἐξ(

2165 5122 2568 5219 Διδυμοτείχου
2591 5122 3111 5216 μεταπεμψόμενος.
3139 5122 3300 5199 Οὕτω
3342 5142 3439 5214 μὲν
3466 5134 3554 5190 οὖν
3579 5122 3698 5200 μετά

2162 5242 2275 5295 τῶν
2319 5239 2606 5310 πρέσϐεων
2652 5238 2954 5306 συμϐάσεις
2986 5237 3232 5306 θέμενος,
3267 5237 3505 5304 ἔπεμπεν
3533 5226 3606 5284 εἰς
3646 5230 3698 5270 το

2167 5331 2533 5404 στρατόπεδον
2587 5333 2684 5384 καὶ
2734 5330 2845 5384 τῶν
2895 5329 3113 5383 οἰκείων
3173 5321 3548 5394 συνεκπέμψας
3595 5311 3695 5414 εγαο

2163 5425 2304 5480 ὥστε
2343 5424 2482 5478 κατά
2513 5424 2678 5494 τάχος
2708 5423 2937 5490 ἀγαγεῖν
2963 5423 3098 5491 πρὸς
3129 5421 3292 5476 αὑτὸν
3317 5416 3410 5487 τὴν
3431 5411 3663 5494 στρατιάν
3687 5411 3696 5420 α

2164 5521 2244 5580 είς
2273 5518 2372 5588 τὴν
2423 5488 2718 5586 ὑστεραίαν
2750 5488 2807 5568 δὲ
2868 5488 3016 5585 μετά
3059 5512 3168 5566 τῶν
3205 5509 3479 5583 πρέσϐεων
3513 5495 3601 5566 τὴν
3640 5488 3694 5540 δκ

2169 5707 2260 5758 νοῦ
2291 5703 2568 5773 δεσμῶται
2601 5705 2714 5765 τοῖς
2751 5701 3082 5771 φυλάττουσι
3110 5698 3281 5768 μέσης
3311 5691 3504 5765 ἡμέρας

2173 5812 2322 5867 μενοι
2389 5799 2483 5849 καὶ
2521 5797 2898 5866 κρατήσαντες
2960 5791 3188 5846 ἐκάλουν
3246 5782 3463 5860 βασιλέα
3517 5778 3688 5825 tum”?
