4014 6432
339 328 497 392 illi»

1462 336 2023 407 HISTORIABUM
2056 340 2289 403 LIBER
2335 344 2450 406 III.

3448 354 3587 423 illi

338 443 759 509 ἐπιδεικνύντες,
816 445 1007 517 ὥσπερ
1039 440 1108 519 ἦν
1163 449 1596 519 συντεθειμένον.
1639 450 1902 515 Βασιλεὺς

2005 454 2156 519 tatis,
2187 463 2242 510 et
2270 456 2627 525 optimatibus
2656 460 2876 529 quidem
2908 462 3114 535 ubique
3156 467 3351 537 pulsis,
3392 468 3446 525 in
3468 484 3590 529 ctu-

339 537 393 589 δὲ
423 539 545 590 ἐπεὶ
570 540 630 592 τὸ
656 539 907 609 σύνθημα
959 536 1123 606 εἶδεν,
1155 542 1325 606 ὀξέως
1356 542 1752 614 ἐπιϐοηθήσας,
1786 538 1900 596 εἷλε

337 630 432 698 τὴν
457 631 612 683 πόλιν
642 633 705 685 ἐκ
736 633 835 702 τῆς
865 632 1041 704 ἄκρας
1060 648 1075 663 ·
1108 635 1205 687 καὶ
1229 634 1299 688 τά
1321 651 1381 687 τε
1403 635 1540 688 ἀλλα
1561 635 1727 706 ἥσθη,
1758 633 1902 688 οὕτω

339 722 490 776 πίλιν
517 723 690 795 καλὴν
709 726 946 796 ἀπονητὶ
975 728 1067 780 καὶ⁸
1096 727 1265 798 χωρὶς
1299 728 1561 783 κινδύνων
1586 727 1899 799 κατασχὼν,

335 817 430 868 καὶ
457 817 759 886 χρημάτων
812 817 1126 889 εὐπόρησεν
1172 818 1273 872 οὐκ
1304 818 1521 888 ὀλίγων,
1549 813 1626 875 ὧν
1665 820 1904 891 μάλιστα

337 908 521 961 ἐδεῖτο.
559 906 917 980 Ἀγγελίτζης
936 910 1044 981 γάρ
1069 929 1154 976 τις
1184 912 1248 966 ἐκ
1271 913 1380 966 τῶν
1405 912 1626 982 φαύλων
1652 917 1747 968 καὶ
1771 914 1906 982 ἀσή-

339 1016 452 1069 μνιιν
481 999 734 1064 πολιτῶν,
767 1002 1036 1074 πρότερον
1065 1005 1422 1059 ὑπωπτεύετο
1455 1005 1728 1077 θησαυρὸν
1765 1024 1907 1080 χρη-

339 1091 526 1160 μάτων
557 1093 850 1164 εὑρηκέναι
871 1110 887 1125 ⁸
920 1095 1115 1166 ἀδήλου
1153 1097 1210 1151 δὲ
1247 1098 1399 1162 ὄντος
1427 1098 1524 1152 τοῦ
1557 1100 1903 1172 πράγματος,

336 1184 510 1245 οἰδεὶς
533 1182 764 1255 ἠνώχλει
788 1202 802 1215 °
840 1186 981 1241 κατά
1009 1187 1066 1240 δὲ
1091 1187 1184 1242 τὸν
1219 1189 1411 1260 χρόνον
1444 1192 1638 1245 τούτου
1673 1191 1767 1244 τοῦ
1799 1193 1909 1246 δει-

336 1271 427 1323 νοῦ
458 1272 718 1345 πολέμου,
755 1276 835 1341 είς
873 1277 1186 1334 τούναντίον
1227 1279 1374 1336 ἅπαν
1412 1282 1520 1335 τῶν
1564 1283 1908 1353 πραγμάτων

338 1366 813 1435 π’ριτραπέντων,
850 1369 944 1422 καὶ
971 1370 1081 1423 τῶν
1132 1372 1231 1441 μέν
1260 1372 1499 1442 ἀρίστων
1532 1373 1907 1442 ἐκϐληθέντων

334 1456 431 1510 καὶ
456 1458 794 1528 εἰργομένων
821 1460 1159 1532 ἁπανταχοῦ,
1206 1463 1486 1534 ἀρχόντων
1517 1466 1574 1527 δὲ
1613 1465 1723 1521 τῶν
1764 1466 1911 1537 φαύ-

332 1543 589 1608 λων,“καὶ
616 1546 737 1599 οὐδὲ
772 1547 998 1619 ἄμεινον
1023 1551 1134 1604 τῶν
1160 1550 1373 1605 πολλῶν
1402 1552 1787 1623 διακειμένων,
1813 1558 1908 1610 καὶ

329 1639 359 1690 ὀ
393 1638 748 1710 ’Δγγελίτζης
785 1633 941 1705 οὗτος
971 1642 1155 1713 ἄρχων
1178 1642 1481 1714 ἀπεδείχθη
1530 1644 1631 1713 τῆς
1674 1646 1907 1718 Γρατια-

329 1728 422 1778 νοῦ
449 1728 534 1781 διά
585 1728 646 1782 τὸ
695 1729 833 1799 πρὸς
861 1729 1319 1802 Καντακουζηνδν
1369 1733 1462 1786 τδν
1502 1732 1727 1804 βασιλέα
1761 1736 1903 1801 ἔθος.
1952 1728 1960 1735 ’

329 1823 542 1892 Καιροῦ
567 1822 621 1876 δὲ
651 1824 852 1893 τυχὼν,
886 1825 1085 1895 ἐχρῆτο
1130 1824 1210 1892 τῷ
1260 1826 1496 1899 πλούτῳ,
1536 1830 1632 1883 καὶ
1671 1834 1905 1903 φανερδς
1937 1807 1979 1866 Β

326 1911 398 1986 ἦν
435 1913 596 1984 έχων,
633 1913 824 1986 ὥσπερ
853 1915 1210 1971 ὑπωπτεύετο
1244 1919 1338 1973 τὸν
1377 1919 1679 1994 θησαυρόν.
1726 1926 1910 1980 Κατα-

331 2008 554 2079 σχόντος
578 2007 635 2061 δὲ
665 2009 765 2079 τὴν
791 2010 949 2062 πόλιν
975 2009 1263 2079 βασιλέως,
1297 2012 1419 2065 ἐπεὶ
1454 2012 1530 2085 μὴ
1569 2015 1700 2080 ἐξῆν
1730 2018 1911 2089 ἀρνεῖ-

330 2100 481 2166 σθαι,
521 2100 616 2154 τοῦ
661 2100 993 2171 πράγματος
1041 2101 1185 2157 οὕτω
1217 2104 1458 2174 φανεροῦ
1503 2110 1904 2179 γεγενημένου,

226 2230 235 2236 .
331 2192 474 2260 μετά
503 2193 567 2247 τὸ
592 2195 771 2246 πάντα
797 2193 897 2246 ὅσα
925 2187 993 2264 ἦν
1024 2194 1081 2245 ἐν
1111 2195 1175 2264 τῇ
1202 2196 1352 2264 οἰκίᾳ
1383 2197 1750 2269 ἀφαιρεθῆναι
1774 2200 1906 2255 ὅντα

327 2285 429 2337 οὐκ
451 2284 633 2353 ὀλίγα,
668 2285 762 2338 καὶ
789 2285 916 2355 περὶ
947 2283 1056 2339 τῶν
1081 2286 1478 2359 κρυπτομένων
1497 2290 1789 2359 ἡρευνᾶτο.
1812 2295 1908 2347 καὶ

330 2374 641 2445 παρέσχετο
674 2375 870 2431 πολλὰ.
909 2377 975 2430 'A
1011 2376 1279 2448 ἐξήρκεσε
1316 2377 1530 2448 βασιλεῖ
1558 2382 1698 2452 πρός
1724 2401 1784 2436 τε
1810 2384 1905 2438 ἆλ-

325 2465 427 2531 λας
457 2467 706 2532 δαπάνας
738 2469 1066 2535 ἀναγκαίας,
1101 2471 1194 2524 καὶ
1241 2471 1380 2542 πρὸς
1418 2472 1479 2526 τδ
1512 2474 1756 2544 Πέρσαις
1793 2481 1906 2541 τοῖς

331 2559 646 2630 συμμάχοις
681 2559 979 2614 ἀποδοῦναι
1026 2560 1085 2613 ὃν
1122 2562 1395 2633 ὑπέσχετο
1428 2564 1643 2634 μισθόν.
1683 2565 1820 2621 Ὑπὸ
1849 2568 1907 2622 δὲ

329 2651 422 2705 τὸν
479 2653 671 2723 χρόνον
705 2652 919 2719 τοῦτον,
950 2652 1047 2705 καὶ
1094 2655 1122 2706 ὀ
1169 2654 1558 2726 Διδυμοτείχου
1621 2657 1905 2731 ἐτεθνήκει

329 2743 646 2814 ἀρχιερεύς.
680 2743 917 2814 Πέμπτῃ
941 2743 998 2797 δὲ
1027 2742 1215 2815 ἡμέρα
1245 2746 1387 2815 μετά
1424 2745 1525 2816 τὴν
1573 2748 1784 2802 ἐκείνου
1811 2767 1903 2804 τε-

325 2841 548 2909 λευτὴν,
584 2842 679 2896 καὶ
706 2839 924 2911 Γραϐάς
948 2842 977 2893 ὀ
1025 2840 1354 2912 Σκουτέριος
1384 2841 1688 2913 ἐτεθνήκει,
1717 2843 1903 2913 ὥσπερ

325 2929 398 3005 ἦν
420 2935 461 2986 ὀ·
485 2933 778 3005 ἀρχιερεὺς
801 2931 1177 3005 προειρηκὼς,
1210 2932 1240 2985 ὃ
1269 2933 1508 3002 μάλιστα
1539 2935 1780 3005 ἐλύπησε
1811 2936 1904 2989 τὸν

328 3024 584 3095 βασλέα.
609 3020 719 3078 Ἦν
751 3025 860 3095 γὰρ
894 3024 1024 3095 περὶ
1050 3024 1260 3078 ἐκεῖνον
1281 3023 1484 3096 πολλὴν
1517 3025 1617 3097 τὴν
1646 3027 1782 3080 αἰδῶ
1807 3027 1902 3080 καὶ

326 3117 392 3169 τὸ
421 3115 585 3178 σέϐας
620 3116 987 3184 κεκτημένος.
1025 3113 1373 3185 Ἀλέξανδρος
1402 3115 1462 3169 δέ
1510 3117 1538 3170 ὀ
1570 3117 1777 3172 Μυσῶν
1804 3117 1900 3189 βα-

328 3208 534 3275 σιλεὺς,
555 3208 677 3261 ἐπεὶ
698 3209 746 3263 oi
773 3205 1227 3276 Καντακουζῆνοῦ
1244 3204 1340 3259 τοῦ
1360 3205 1628 3278 βασιλέως
1642 3209 1898 3281 πρέσϐεις

322 3296 463 3373 ἧκον
492 3299 630 3371 πρὸς
656 3299 840 3364 αύτδν,
872 3300 967 3352 καὶ
990 3297 1334 3368 ἀπήγγελλον
1354 3298 1427 3352 τά
1447 3300 1547 3368 τῆς
1575 3316 1677 3372 πρε
1688 3299 1909 3367 σϐείας,’

324 3391 487 3461 λόγον
543 3393 642 3463 μὲν
673 3391 861 3446 οὐδένα
909 3392 1207 3464 ἐποιήσατο
1269 3392 1410 3460 πρὸς
1467 3393 1538 3447 τὰ
1588 3392 1893 3464 εἰρημένα·

325 3484 589 3555 στρατιὰν
621 3483 680 3537 δὲ
724 3483 888 3555 ἔχων,
921 3480 1085 3556 ἦλθεν
1122 3484 1248 3554 ἄχρι
1280 3484 1528 3557 Μόρῤας,
1557 3486 1630 3538 τὰ
1660 3486 1780 3538 ἐκεῖ
1804 3502 1901 3538 πο-

321 3574 532 3643 λίχνια,
587 3573 637 3626 εί
682 3571 920 3634 δύναιτο,
963 3573 1454 3644 παραστησόμενος
1506 3575 1728 3644 ὑπήκοα
1764 3575 1898 3628 ὄντα

325 3664 559 3735 βασιλεῖ.
593 3665 690 3717 Ἓν
718 3662 774 3716 δὲ
801 3662 980 3717 αὐτῶν
1007 3663 1453 3734 ’Υπερπυράκιον
1483 3664 1892 3734 ὠνομασμένον,

323 3755 421 3807 καὶ
466 3753 598 3825 πρὶν
627 3755 836 3806 ἐκεῖνον
865 3753 1046 3824 ἥκειν,
1094 3752 1333 3822 ἄρχοντα
1368 3754 1706 3818 εἰσεδέξαντο
1754 3771 1897 3826 πεμ-

323 3846 529 3911 φθέντα
556 3843 707 3915 παρά
734 3844 1109 3916 ’Δ).εξὲιτ.δρου,
1144 3844 1370 3916 ἔμελλον
1391 3844 1447 3896 δὲ
1476 3846 1571 3898 καὶ
1610 3846 1856 3916 φρουράν
1879 3863 1894 3878 ·

320 3936 358 3991 ἃ
388 3938 538 4007 παρά
568 3936 679 3990 τῶν
726 3934 1012 4008 πρέσϐεων
1049 3933 1239 4007 μαθὼν
1267 3936 1295 3989 ὀ
1334 3934 1613 4008 βασιλεὺς,
1655 3938 1776 3992 ἐπεὶ
1801 3939 1898 3994 καὶ

320 4032 355 4102 ἡ
396 4029 626 4100 στρατιὰ
668 4030 853 4101 παρῆν
887 4030 922 4100 ἠ
972 4030 1238 4100 Περσικὴ,
1272 4032 1368 4083 καὶ
1419 4031 1549 4100 περὶ
1579 4028 1673 4082 τοῦ
1703 4029 1896 4101 Κράλη

321 4124 680 4191 ἐπυνθάνετο,
709 4125 784 4187 ὡς
813 4122 1208 4194 ἀναστρέψειεν
1226 4125 1308 4188 είς
1334 4123 1431 4195 τὴν
1459 4122 1670 4177 οἰκείαν
1695 4123 1784 4176 διὰ
1798 4122 1897 4194 τὴν

322 4213 540 4284 πληγὴν
568 4214 666 4284 τῆς
699 4214 981 4285 στρατιᾶς,
1011 4211 1249 4282 εὔθυμος
1276 4212 1594 4282 γενόμενος,
1627 4213 1720 4266 καὶ
1747 4214 1900 4266 Ματ-

322 4308 477 4360 θαῖον
507 4305 601 4359 τὸν
632 4305 747 4358 υἱὸν
785 4304 1026 4376 ἄρχοντα
1071 4303 1171 4372 τῆς
1207 4318 1269 4355 τε
1304 4302 1609 4374 Γρατιανοῦ
1641 4303 1736 4354 καὶ
1786 4301 1897 4356 τῶν

320 4396 521 4463 ἄλλων,
546 4395 604 4451 αἶ
627 4396 857 4467 ὑπήκοοι
880 4391 1023 4467 ἦσαν
1042 4395 1099 4475 ἐν
1120 4395 1186 4467 τῇ
1211 4382 1527 4465 Χαλκηδικῇ
1549 4394 1892 4461 καταλιπὼν,

320 4492 400 4554 ὡς
423 4484 538 4560 εῐχε
566 4489 789 4560 τάχους,
817 4487 952 4559 πρὸς
983 4489 1211 4560 Μύρραν
1240 4488 1333 4541 ἐπὶ
1356 4487 1483 4550 τοὺς
1511 4486 1735 4550 Μυσοὺς
1763 4488 1898 4558 ἐχὼ-
1931 4520 1973 4576 D

325 4599 435 4654 ρει.
466 4581 801 4652 Αίσθόμενος
832 4579 891 4634 δὲ
934 4580 1303 4651 Ἀλέξανδρος,
1337 4580 1463 4633 ἐπεὶ
1498 4579 1575 4650 μὴ
1609 4578 1896 4634 ἀντικαθί-

322 4674 560 4729 στασθαι
589 4672 819 4746 ἠδύνατο
879 4672 1016 4745 πρὸς
1069 4674 1274 4745 μάχην,
1309 4671 1517 4745 σπουδῇ
1571 4672 1742 4744 πολλῇ
1786 4671 1898 4725 διέ-

320 4769 476 4820 ὕαινε
531 4767 625 4820 τὸν
673 4766 879 4835 Ἐὗρον
922 4763 1176 4828 ἀτάκτως
1228 4763 1325 4820 καὶ
1375 4762 1747 4834 πεφυρμένος,
1805 4764 1899 4817 καὶ

319 4857 815 4930 ἐστρατοπεδεύετο
844 4858 981 4923 ἐκεῖ,
1017 4856 1093 4919 ὼς
1123 4855 1218 4910 τοῦ
1261 4854 1513 4928 ποταμοῦ
1553 4855 1897 4919 κωλύσοντος

322 4952 549 5024 βασιλέα
613 4950 692 5021 μὴ
752 4948 1162 5021 συμπλέκεσθαι
1209 4949 1414 5011 αὑτοῖς.
1475 4948 1786 5002 Ἀπὼλοντο
1838 4947 1895 5001 δὲ

2001 557 2295 614 roremque
2338 546 2639 615 conjectis,
2697 548 2866 629 588
2916 552 3196 624 praefectis
3249 567 3431 614 autem
3486 560 3589 616 im-

2003 632 2191 702 probis
2245 649 2312 690 ae
2359 635 2501 692 nihil
2552 653 2582 691 a
2632 639 2774 709 vulgi
2819 643 3137 700 conditione
3178 646 3581 722 diﬁ'erentihus,

2003 724 2169 779 etiam
2205 727 2517 797 Angelitzes
2547 729 2651 785 iste
2679 732 2971 801 praefectus
2996 735 3422 810 Gratianopolis,
3454 756 3588 812 pro-
3648 758 3651 761 ·

2002 822 2127 885 pter
2149 815 2339 872 odium
2373 820 2518 889 quod
2549 820 2603 876 in
2649 822 3094 883 Cantacuzenum
3129 830 3380 898 gerebat,
3436 833 3593 888 desi-

2004 918 2200 975 gnatus
2228 920 2331 966 est.
2382 911 2521 966 Tum
2577 916 2930 971 occasionem
2956 929 3172 986 nactus,
3224 922 3437 978 divitiis
3469 923 3583 981 suis

2006 998 2087 1051 uti
2118 998 2223 1054 frui
2260 1002 2447 1071 cmpit,
2478 1012 2534 1056 et
2583 1006 2731 1075 quod
2768 1009 2921 1077 prius
2956 1011 3328 1081 suspiciosum
3365 1021 3484 1068 erat
3513 1009 3587 1070 de

2007 1089 2288 1157 thesauro,
2339 1102 2467 1149 tunc
2498 1094 2654 1167 plane
2691 1114 2885 1154 verum
2932 1102 3210 1171 apparuit.
3248 1103 3587 1175 Imperatore

2006 1189 2188 1236 autem
2239 1183 2375 1239 urbe
2406 1187 2602 1256 potito.
2656 1189 2783 1258 quia
2833 1208 2947 1246 rem
2997 1193 3134 1249 adeo
3156 1196 3271 1264 jam
3306 1196 3584 1267 vulgatam

2007 1287 2205 1343 negare
2236 1291 2347 1331 non
2374 1277 2598 1345 licebat,
2641 1281 2839 1338 ablatis
2873 1284 3132 1341 omnibus
3149 1287 3324 1357 cepiis
3352 1289 3469 1361 ejus
3500 1288 3591 1344 fa-

2010 1364 2343 1433 miliaribus,
2368 1367 2551 1438 iisque.
2585 1386 2695 1426 non
2745 1373 3000 1439 modicis,
3029 1375 3259 1446 insuper
3292 1378 3359 1432 de
3394 1379 3587 1434 occul-

2011 1466 2123 1511 tata
2161 1458 2396 1526 pecunia
2429 1461 2797 1531 examinatus,
2849 1479 2968 1519 eam
3009 1475 3065 1520 et
3094 1468 3327 1520 multam
3355 1468 3576 1537 quidem

2013 1556 2240 1625 protulit
2272 1574 2286 1610 :
2323 1571 2444 1627 qua:
2483 1556 2825 1627 imperatori,
2866 1565 2979 1611 tum
3029 1558 3095 1613 ad
3143 1558 3278 1614 alias
3308 1558 3584 1628 impensas

2013 1647 2380 1712 necessarias,
2424 1657 2539 1703 tum
2573 1648 2639 1703 ad
2690 1649 2955 1703 solvenda
2981 1649 3163 1704 Persis
3195 1650 3462 1720 promissa
3489 1647 3583 1704 sti-

2014 1734 2211 1802 pendia
2241 1734 2486 1792 suffecit.
2517 1736 2631 1792 Sub
2665 1738 2811 1793 idem
2844 1748 3058 1808 tempus
3092 1742 3386 1811 episc0pus
3418 1739 3583 1809 Didy-

2012 1824 2372 1882 moticltensis
2439 1827 2679 1882 animam
2734 1829 2938 1895 amisit,
2993 1839 3049 1885 et
3095 1830 3186 1886 die
3236 1826 3430 1902 quinto
3458 1832 3583 1907 post

2010 1913 2209 1970 Glabas
2239 1915 2551 1980 Scuterius,
2580 1926 2641 1972 ttt
2673 1919 2763 1974 ille
2794 1919 3144 1990 praedixerat.
3174 1921 3251 1977 Ex
3282 1921 3437 1976 obitu
3463 1922 3585 1992 cpi-

2010 2007 2162 2077 scopi
2199 2007 2498 2077 imperator
2533 2025 2789 2079 magnum
2838 2011 3020 2066 animo
3057 2010 3302 2066 dolorem
3348 2010 3583 2082 accepit,
3622 2010 3629 2011 “

2010 2098 2309 2168 plurimum
2359 2100 2507 2154 enim
2558 2101 2737 2157 virum
2769 2102 3128 2157 reverebatur
3177 2111 3232 2158 et
3270 2113 3460 2158 sancte
3481 2117 3582 2159 ve-

2010 2190 2328 2246 nerabatur.
2373 2193 2685 2249 Alexander
2723 2194 3016 2250 Mmsorum
3057 2211 3175 2261 rex,
3229 2203 3292 2251 ut
3330 2206 3584 2252 oratores

2007 2279 2371 2339 Cantacuzeni
2399 2285 2531 2354 quid
2562 2286 2843 2340 venissent
2875 2295 3270 2355 exposuerunt,
3306 2287 3447 2342 nihil
3495 2302 3585 2342 re-

2008 2373 2233 2443 spondit
2262 2390 2276 2428 :
2328 2390 2452 2429 cum
2492 2376 2736 2430 exercitu
2767 2385 2949 2431 autem
2992 2377 3264 2450 Mor-rham
3295 2378 3576 2449 ingressus

2006 2475 2110 2527 εει,
2166 2463 2423 2533 oppidula
2481 2465 2592 2520 illic
2639 2464 2955 2534 imperatori
2994 2467 3263 2538 subjecta,
3295 2467 3341 2522 si
3371 2476 3582 2538 posset,

2006 2554 2357 2611 subacturus.
2389 2555 2574 2613 Unum
2633 2572 2799 2626 porro
2838 2556 2905 2612 de
2941 2557 3072 2623 illis,
3116 2557 3581 2630 llyperpyracium

2007 2652 2255 2717 nomine,
2311 2651 2478 2706 etiam
2533 2664 2661 2707 aute
2716 2651 3013 2706 Alexandri
3058 2654 3357 2708 advehtum
3390 2653 3604 2732 [πνείει-ν

2006 2749 2154 2796 ctum
2190 2742 2259 2796 ab
2292 2756 2358 2797 eo
2409 2741 2641 2797 missum
2693 2749 3035 2811 susceperat,
3086 2751 3140 2798 et
3193 2751 3312 2798 erat
3360 2757 3582 2814 queque

2006 2833 2321 2904 praesidium
2354 2843 2770 2905 suscepturum.
2823 2833 3152 2903 Imperator,
3181 2843 3242 2888 ut
3270 2834 3378 2889 hoc
3403 2850 3470 2890 ex
3508 2835 3588 2891 le-

2005 2928 2143 2998 gatis
2172 2928 2388 2995 didicit,
2415 2929 2545 2998 quia
2579 2939 2634 2984 et
2662 2926 2945 2984 Persicum
2975 2927 3287 2986 subsidium
3313 2927 3579 2995 habebat,

2004 3029 2060 3074 et
2090 3018 2304 3075 Cralem
2334 3029 2558 3090 propter
2586 3020 2800 3091 plagam
2830 3029 3111 3090 acceptam
3147 3020 3203 3074 in
3235 3019 3578 3091 provinciam

2005 3126 2281 3166 reversqu
2311 3111 2582 3177 audierat,
2618 3112 2903 3179 hilaratus,
2928 3111 3180 3167 Matthaeo
3215 3113 3327 3167 lilio
3362 3111 3580 3168 Gratia-

1994 3201 2222 3273 .nopolis
2269 3202 2613 3273 aliarumque
2647 3203 2866 3258 urbium
2910 3203 2965 3258 in
2996 3202 3312 3259 Chalcidica
3342 3203 3450 3260 sibi
3487 3220 3583 3275 pa-

2006 3293 2246 3347 rentium
2313 3292 2577 3363 praefecto
2643 3293 2881 3361 relicto,
2949 3294 3004 3350 in
3059 3295 3332 3350 Morrham
3382 3308 3575 3352 contra

1995 3381 2204 3440 Moesos
2239 3392 2504 3454 quantum
2540 3384 2741 3455 potuit,
2789 3387 3124 3456 properavit.
3183 3376 3260 3442 Eo
3293 3389 3575 3445 intellecto

2004 3473 2337 3544 Alexander,
2389 3476 2652 3547 quoniam
2685 3476 2804 3532 acie
2828 3479 3086 3534 resistere
3120 3480 3407 3550 nequibat,
3438 3482 3581 3535 mira

2005 3565 2355 3622 festinatione
2386 3576 2443 3622 et
2475 3567 2837 3640 incomposite
2894 3577 3059 3639 atque
3113 3568 3341 3625 confuse
3394 3570 3581 3627 llebro

2008 3660 2257 3724 transito,
2294 3668 2471 3714 castra
2506 3660 2661 3725 fecit,
2713 3669 2975 3730 tanquam
3020 3659 3248 3717 flumine
3279 3661 3581 3733 imperato-

2006 3764 2122 3805 rem
2161 3750 2498 3820 impedituro
2541 3751 2771 3816 scilicet,
2802 3765 2873 3807 ne
2914 3751 3038 3807 illos
3060 3766 3252 3808 secu-n
3282 3767 3582 3809 conserere

2004 3858 2204 3899 manus
2260 3843 2644 3913 compelleret.
2714 3845 3000 3900 Submersi
3048 3853 3178 3900 sunt
3232 3846 3289 3900 in
3342 3847 3582 3903 transitu

2008 3936 2215 3991 milites
2247 3936 2458 4007 aliquot
2521 3946 2580 3993 et
2609 3938 2732 4008 equi
2759 3939 3076 4008 complures
3109 3958 3123 3993 :
3159 3939 3391 3995 sarcinae
3441 3939 3576 3997 item

2005 4036 2063 4083 et
2118 4028 2504 4098 impedimenta
2554 4044 2662 4083 non
2716 4028 2776 4084 in
2821 4029 3048 4084 ﬂumine
3095 4031 3280 4098 modo,
3320 4033 3414 4087 sed
3473 4033 3579 4091 hac

2004 4116 2168 4172 etiam
2200 4117 2268 4171 de
2308 4133 2477 4172 causa
2521 4120 2743 4184 amissa,
2780 4117 2927 4187 quod
2960 4119 3015 4174 in
3057 4119 3345 4190 principiis
3378 4123 3447 4177 ab
3475 4123 3579 4176 im-

2003 4216 2260 4279 peratore
2289 4208 2479 4277 locati,
2508 4207 2709 4264 Mtesos
2744 4209 2930 4266 adhuc
2969 4220 3341 4277 transeuntes,
3373 4229 3403 4269 a
3425 4225 3579 4288 tergo

2004 4299 2141 4369 ipsis
2163 4300 2429 4354 instantes
2450 4301 2842 4371 perurgebant.
2868 4300 3333 4373 Hyperpyraciutn
3364 4315 3573 4374 autem,

2004 4390 2286 4462 praefecto,
2329 4407 2493 4462 quem
2544 4391 2851 4446 Alexander
2909 4393 3243 4459 instituerat,
3293 4397 3458 4452 simul
3509 4414 3576 4457 ac

2004 4481 2349 4552 imperatoris
2375 4482 2668 4537 adventum
2689 4481 2901 4538 audivit
2923 4483 3085 4553 fugae,
3105 4485 3234 4555 quia
3252 4496 3492 4555 poterat,
3514 4504 3575 4545 se

2000 4575 2318 4637 mandante,
2348 4581 2627 4643 receptum
2658 4582 2762 4628 est.
2815 4573 3131 4630 Alexander
3164 4592 3331 4647 porro
3362 4578 3574 4649 legatos

2000 4676 2125 4715 mox
2173 4677 2439 4733 responso
2492 4662 2645 4728 dato,
2704 4663 2962 4733 factoque
3013 4663 3223 4724 laedere
3267 4668 3572 4736 dimittens,

1995 4754 2314 4825 addensque
2344 4755 2482 4810 nihil
2521 4772 2580 4812 se
2611 4773 2710 4828 per
2734 4758 2997 4832 injuriam
3027 4761 3394 4827 commisisse,
3424 4763 3572 4833 quod

1995 4846 2295 4917 imperator
2336 4849 2538 4904 merito
2574 4849 2897 4922 ulciscatur,
2930 4853 2987 4908 in
3036 4869 3264 4926 regnum
3318 4869 3482 4910 suum
3515 4869 3577 4910 se

1997 4942 2232 5011 recepit.

321 5045 466 5101 κατά
492 5045 582 5099 τὸν
628 5044 816 5115 πόρον,
867 5037 1197 5111 στρατιῶταί
1248 5055 1308 5092 τε
1360 5038 1557 5108 ὀλίγοι,
1595 5039 1692 5092 καὶ
1736 5038 1895 5091 ἵπποι
1931 5034 2195 5102 πλεῖστοι,
2230 5035 2328 5090 καὶ
2388 5034 2693 5090 ἀποσκευαί
2715 5051 2730 5068 ο
2760 5035 2823 5089 οὐ
2867 5036 3029 5106 μόνον
3064 5036 3169 5091 ὑπὸ
3196 5036 3290 5091 τοῦ
3326 5036 3572 5109 ῥείθρου,

320 5144 437 5200 ἀλλ’
465 5143 547 5196 ὃτι
587 5139 682 5196 καὶ
711 5141 761 5193 οί
789 5140 848 5190 ἐν
882 5137 1208 5209 προτάκτοις
1256 5135 1362 5190 ὑπὸ
1406 5134 1672 5205 βασιλέως
1729 5133 2056 5203 τεταγμένοι
2080 5131 2295 5185 ἔτιτῶν
2356 5132 2562 5186 Μυσῶν
2583 5132 2965 5187 διαϐαινόντων
3025 5134 3305 5188 ἐπέκειντο
3365 5134 3574 5198 αὐτοῖς.

333 5233 782 5305 Ὑπερπυράκιον
817 5231 875 5284 δὲ
937 5229 1093 5294 αὖθις
1132 5228 1444 5283 ἀνεσώσατο
1499 5227 1834 5297 ὀβασιλεὺς,
1881 5226 1975 5279 τοῦ
2013 5224 2166 5296 παρὰ
2210 5224 2564 5298 Ἀλεξάνδρου
2620 5228 2879 5296 ἄρχοντος
2920 5225 3206 5297 διαδράναι
3252 5226 3576 5298 δυνηθέντος

322 5332 443 5403 ἅμα
487 5329 565 5401 τῷ
627 5328 897 5383 πυθέσθαι
942 5325 1165 5397 βασιλέα
1234 5326 1459 5399 ἥκοντα.
1502 5323 1851 5394 Ἀλέξανδρος
1900 5323 1957 5376 δὲ
1996 5326 2107 5387 τοῖς
2161 5320 2423 5393 βασιλέως
2479 5323 2776 5395 πρέσϐεσιν
2830 5323 3033 5377 αὐτίκα
3074 5324 3445 5395 χρηματίσας,
3479 5325 3591 5378 καὶ

321 5427 546 5496 θέμενο,
577 5423 834 5487 σπονδὰς,
869 5420 1143 5492 ἐξέπεμψε
1211 5420 1378 5492 μηδὲν
1409 5418 1739 5492 ’ἠδικηκέναι
1771 5416 2119 5489 είρηκὼς,δι’
2146 5416 2176 5470 ὃ
2204 5416 2430 5482 δικαίως
2463 5417 2753 5489 ἀμυνεῖται
2789 5416 3065 5488 βασιλεὺς,
3096 5417 3190 5469 καὶ
3239 5415 3595 5486 ἀνέστρεφεν

323 5519 408 5584 εἰς
436 5516 535 5588 τὴν
563 5515 793 5570 οἰκείαν.
