4014 6444
395 396 529 464 illi

389 510 735 580 ἀπήγγελλον
790 509 1036 569 ἐλθόντες
1061 550 1074 574 ,

389 603 635 674 ἀκριϐῶς
672 602 729 655 δὲ
761 602 860 655 οὐκ
893 598 1037 670 εἶχον
1064 600 1262 655 εἰδέναι
1293 598 1416 653 ὅθεν
1448 598 1563 668 εἴη.
1600 599 1869 662 Βασιλεὺς
1901 596 1961 652 δὲ

388 697 486 750 καὶ⁵
537 696 588 748 ot
623 696 754 764 περὶ
786 694 951 746 αὐτὸν
1003 692 1266 763 ᾠήθησαν
1308 692 1408 761 μὲν
1434 685 1575 745 εἶναι
1607 693 1706 762 τὴν
1748 691 1960 744 οἰκείαν

388 787 838 854 ὐποστρέφολσαν
896 785 961 836 ἐκ
1013 783 1115 852 τῆς
1145 770 1834 854 λεηλασίας.,”ομως’ὐπδ
1862 781 1962 851 τῆς

388 877 533 931 κατὰ
581 877 708 938 τοὺς
746 873 947 937 ὕπνους
977 872 1418 944 τεθορυϐημένος
1474 872 1687 943 φωνῆς,
1716 872 1845 935 τούς
1901 889 1960 925 τε

388 966 727 1039 νεμομένους
765 968 967 1029 ἵππους
1005 967 1123 1020 ἐκεῖ
1150 964 1250 1035 τῆς
1284 966 1547 1035 στρατιᾶς
1586 964 1807 1018 ἐκέλευε
1835 967 1961 1027 τοὺς

364 1040 367 1045 ’
391 1058 592 1127 νομέας
624 1058 860 1125 ἁπάγειν
888 1059 970 1120 είς
996 1055 1419 1126 Κουμουτζηνὰ,
1460 1056 1557 1109 καὶ
1581 1054 1839 1125 Μανουὴλ
1868 1054 1961 1106 τὸν

391 1150 582 1220 Ταρχα
616 1149 817 1219 ειώτην
868 1149 933 1201 ὲκ
971 1148 1080 1201 τῶν
1131 1149 1418 1218 παρόντων
1451 1147 1668 1215 ὀλίγους
1707 1146 1962 1200 ἐκέλευεν

389 1242 822 1311 ἀπολεξάμενον,
852 1240 982 1295 εὐθὺ
1003 1240 1103 1311 τῆς
1129 1240 1431 1311 ἐρχομένης
1456 1240 1717 1308 στρατιᾶς
1737 1240 1961 1308 χωρεῖν,

392 1336 488 1387 καὶ
524 1334 1000 1389 κατασκάπτεσθαι
1028 1333 1149 1388 ὅθεν
1174 1333 1259 1406 εἴη
1288 1350 1302 1363 ο
1334 1332 1496 1395 αὐτὸς
1534 1333 1590 1386 δὲ
1618 1332 1961 1401 ἀνελάμϐανε

390 1429 460 1479 τὰ
494 1427 636 1481 ὅπλα
671 1426 812 1495 μετὰ
848 1426 958 1479 τῶν
986 1426 1279 1481 συνόντων.
1313 1425 1484 1480 Οὐπω
1514 1425 1572 1479 δὲ
1598 1424 1963 1493 ὡπλισμένων

391 1519 671 1582 παντελῶς
697 1518 1135 1588 τεθορυϐημένος
1165 1518 1440 1589 ἐπανῆκεν
1469 1521 1496 1572 6
1516 1515 1960 1587 Ταρχανειώτης,

392 1610 703 1679 πολεμίους,
755 1606 898 1663 εἶναι
930 1610 1156 1680 φάσκων
1182 1612 1308 1675 τοὺς
1362 1614 1639 1670 ἐπιόντας.
1696 1608 1865 1666 Οὔπω
1906 1608 1964 1661 δὲ

393 1705 504 1756 πᾶν
532 1705 717 1773 εἴρητο
751 1702 900 1767 ἔπος,
942 1706 1038 1757 καὶ
1064 1705 1115 1757 ot
1156 1705 1410 1775 πολέμιοι
1459 1707 1734 1777 παρῆσαν.
1769 1701 1878 1758 Ἦν
1907 1703 1965 1756 δὲ

394 1798 422 1847 ὁ
461 1794 813 1863 Μομιτξίλος,
840 1795 1043 1865 χιλίους
1067 1796 1218 1863 ἄγων
1246 1797 1591 1862 ἐπιλέκτους,
1620 1797 1773 1868 παρά
1803 1812 1965 1849 τινων

394 1887 779 1952 κατασκόπων,
815 1886 909 1950 οὓς
940 1887 1188 1957 ἔπεμψεν
1216 1889 1380 1953 αὐτὸς
1411 1891 1540 1961 περὶ
1576 1867 1843 1960 βασιλέως
1876 1905 1967 1941 πε·
1999 1867 2038 1921 Β

392 1977 692 2047 πυσμένος,
725 1979 806 2033 ὅτι
838 1981 895 2032 ἐν
927 1980 1155 2052 Μεσὴνῃ
1190 1982 1249 2034 τὸ
1285 1981 1380 2034 νῦν
1404 1981 1526 2052 ἔχον
1560 1977 1965 2050 διατρίϐει.Ἥν

392 2072 502 2140 γάρ
529 2070 710 2137 ὀλίγον
741 2073 799 2123 ἐν
833 2065 877 2140 ᾧ
930 2072 1097 2138 διεῖχε
1121 2073 1509 2149 Περιθεώριον
1530 2076 1812 2145 Μεσήνης.
1862 2076 1967 2127 Βα-

396 2164 578 2228 σιλεὺς
610 2165 709 2234 μὲν
738 2163 835 2220 οὖν
866 2168 995 2229 τοὺς
1035 2171 1166 2239 περὶ
1196 2170 1360 2222 αὐτὸν
1408 2170 1756 2238 συναγαγὼν,
1785 2170 1968 2223 ἐϐάδιο

394 2256 486 2320 ξεν
514 2257 793 2320 εὐτάκτως
829 2259 918 2312 διὰ
950 2261 1210 2329 Μεσήνης
1241 2261 1341 2329 τὴν
1405 2262 1647 2330 ἄγουσαν
1698 2264 1779 2326 είς
1821 2264 1965 2315 Κου-

395 2348 698 2417 μουτζηνά.
739 2349 912 2419 Ὀρῶν
947 2349 1005 2403 δὲ
1057 2353 1084 2404 6
1137 2351 1473 2421 Μομιτζίλος
1529 2353 1630 2406 οὐκ
1681 2354 1842 2414 εὐθὺς
1872 2353 1968 2406 ἐπὶ

393 2438 570 2507 φυγὴν
623 2441 953 2509 τραπέντας,
1011 2441 1148 2496 ἀλλὰ
1214 2443 1385 2514 βάδην
1454 2445 1549 2498 καὶ
1612 2447 1967 2515 τεταγμένως

393 2530 677 2593 ἀπιόντας,
734 2531 908 2585 ἔδεισε
968 2536 1042 2603 μή
1099 2552 1263 2588 τινων
1321 2536 1711 2609 ἐνεδρευόντων
1764 2539 1823 2590 ἐν
1855 2541 1966 2602 τοῖς

354 2638 359 2643 ·
393 2622 658 2690 ἐρειπίοις
679 2623 779 2691 τῆς
808 2623 1015 2688 πόλεως
1036 2627 1211 2696 τροπὴ
1233 2626 1458 2696 γένηται
1488 2630 1617 2700 περὶ
1643 2629 1967 2692 αὐτὸν,ἀτά-

394 2731 547 2778 κτοις
589 2717 681 2767 καὶ
708 2716 1185 2785 διεσκεδασμένοις
1227 2719 1426 2790 ἀθρόον
1479 2723 1842 2791 ἐπελθόντων,
1874 2725 1971 2777 καὶ

395 2808 611 2876 συνεῖχε
665 2807 762 2861 καὶ
800 2808 968 2871 αὐτὸς
996 2808 1096 2877 τὴν
1130 2811 1397 2879 στρατιὰν
1430 2814 1700 2882 σχολαίως
1740 2832 1972 2884 πορευο-

399 2900 569 2969 μένην
599 2901 658 2952 ἐν
709 2899 892 2967 λόγοις
946 2901 1148 2970 τρισίν.
1193 2903 1343 2956 Ἐπεὶ
1394 2906 1451 2958 δέ
1493 2907 1747 2977 βασιλεὺς
1790 2910 1884 2962 καὶ
1920 2910 1971 2961 οἱ

354 2995 527 3062 ,περὶ
587 2991 750 3044 αὐτὸν
803 2992 911 3057 ἕξω
936 2994 1050 3047 τῶν
1089 2995 1350 3064 ἐρειπίων
1398 2992 1561 3066 ἦσαν,
1597 3001 1692 3051 καὶ
1746 3001 1971 3069 ἐνέδρας

395 3082 600 3150 ὑποψία
630 3081 857 3153 οὐδεμία
889 3079 979 3155 ἦν,
1016 3084 1252 3155 ἠλαυνον
1272 3087 1321 3140 ot
1352 3089 1480 3158 περὶ
1514 3089 1849 3156 Μομιτξίλον
1879 3090 1968 3142 ἐπ’

395 3173 640 3235 ἐκείνους
677 3175 956 3246 ἀκρατῶς.
986 3179 1356 3248 Τραπομὲνων
1386 3179 1443 3232 δὲ
1479 3181 1736 3234 ἁπάντων
1762 3185 1840 3253 είς
1873 3200 1971 3252 φυ-
1998 3206 2041 3265 C

395 3268 523 3335 γὴν,
577 3268 702 3321 ἐπεὶ
751 3269 803 3321 οἱ
863 3270 1281 3340 προδραμόντες
1309 3272 1420 3326 τῶν
1475 3272 1753 3344 πολεμίων
1802 3275 1971 3343 ἐγγὺς

397 3353 538 3426 ἦσαν
578 3358 862 3429 βασιλέως,
922 3361 1035 3415 τῶν
1078 3363 1256 3417 ἄλλων
1289 3366 1396 3435 γὰρ
1454 3365 1616 3428 αὐτὸς
1661 3366 1972 3431 τελευταῖος

400 3453 749 3514 ὑπελείπετο,
786 3455 1123 3524 συστραφεὶς
1154 3456 1396 3525 ἠμύνετο
1431 3460 1548 3521 τοῖς
1571 3458 1805 3528 πρώτως
1832 3461 1972 3527 (9M-

400 3563 549 3610 σασι,
585 3547 683 3599 καὶ
710 3547 961 3606 ἔπιπτεν
981 3551 1008 3601 ό
1050 3548 1315 3617 βασιλέως
1345 3550 1511 3613 ἵππος
1543 3553 1657 3614 τοῖς
1689 3555 1973 3621 πολεμίοις

399 3634 788 3706 συμϐαλόντας.
824 3636 946 3689 Τῶν
967 3637 1194 3691 οίκετῶν
1221 3638 1278 3692 δὲ
1305 3634 1387 3702 εἷς
1419 3640 1630 3709 παρὼν,
1657 3642 1971 3711 Λαντςαρὲ·

397 3745 489 3791 τος
526 3729 718 3799 ὄνομα,
753 3729 845 3783 τοῦ
890 3729 1060 3783 ἵππου
1088 3730 1306 3793 ἀποϐὰς
1340 3732 1642 3801 παρείχετο
1676 3734 1769 3786 τὸν
1802 3736 1970 3787 ἵππον

401 3818 647 3888 βασιλεῖ’
706 3819 822 3890 ἅμα
848 3822 904 3875 δὲ
937 3821 1030 3875 καὶ
1066 3822 1341 3892 συνήρατο
1393 3823 1671 3891 ἐπιϐῆναι.
1719 3824 1974 3878 Ἐπιϐαί-

403 3929 559 3965 νοντα
587 3912 642 3965 δέ
671 3912 815 3982 ξίφει
842 3930 927 3973 τις
958 3911 1192 3982 ἐπληξεν
1230 3913 1467 3976 ἐπιστὰς
1501 3916 1645 3969 κατὰ
1675 3916 1774 3983 τῆς
1802 3932 1974 3985 κεφα-

398 4001 520 4070 λῆς,
550 4001 788 4057 ἔϐλαπτε
818 4004 873 4058 δὲ
906 4005 1083 4070 οὐδὲν,
1132 4006 1229 4058 τοῦ
1264 4006 1500 4075 κράνους
1530 4006 1666 4078 πρὸς
1706 4007 1805 4078 τὴν
1839 4008 1975 4077 πλη-

398 4096 504 4164 γὴν
524 4096 793 4165 γενναίως
819 4096 1189 4167 ἁντισχόντος.
1228 4098 1320 4165 Ἐξ
1341 4098 1552 4153 ἐκείνου
1588 4098 1646 4153 δέ
1674 4101 1763 4154 διὰ
1791 4100 1974 4170 πάσης

326 4206 329 4215 ι
397 4187 748 4256 ἀμυνόμενος
796 4190 896 4257 τῆς
947 4187 1071 4241 ὁδοῦ
1115 4191 1213 4267 ita).
1269 4190 1642 4261 πληττόμενος
1674 4192 1976 4262 (παρῆλθον

398 4278 509 4345 γὰρ
537 4278 702 4332 αὐτὸν
730 4278 916 4333 πολλοὶ
948 4279 1059 4333 τῶν
1087 4281 1413 4352 πολεμίων),
1433 4278 1598 4352 ἦλθεν
1619 4285 1699 4345 είς
1724 4284 1973 4351 Κουμου-

397 4371 591 4439 τζηνὰ,
617 4372 937 4443 παραδόξως
962 4372 1271 4439 διασωθείς.
1306 4374 1684 4446 Λαντζαρέτον
1713 4375 1768 4428 δὲ
1793 4375 1972 4446 ξίφεσι

399 4464 493 4517 καὶ
510 4463 699 4535 δόρασι
729 4466 1347 4537 κατατραυματίσαντες
1369 4469 1466 4521 καὶ
1489 4467 1812 4537 νομίσαντες
1843 4469 1966 4521 ἀπε·

1529 393 2075 457 ΠΙΞΤΟΒΙᾹΒΗΜ
2116 393 2352 456 LIBER
2391 394 2511 457 III.

1135 509 1213 571 ὥς
1271 507 1628 579 προσελαύνει
1686 522 1918 577 στρατια
1936 523 1952 538 ο

2072 511 2175 560 tum
2212 505 2546 569 adventare,
2593 517 2695 560 nec
2729 513 2881 561 certo
2927 519 3151 562 noscere
3192 507 3433 576 potuisse
3475 516 3646 565 unde.

3505 394 3642 460 I‘ll‘8

2067 615 2195 655 nam
2226 601 2503 656 adventet.
2531 598 2833 670 Imperator
2858 617 2981 657 cum
3023 602 3316 659 comitibus
3362 607 3650 676 proprium

2069 708 2212 759 esse,
2246 703 2303 747 et
2330 708 2361 747 a
2394 680 2749 762 populatione
2777 695 2959 750 redire
2990 706 3180 751 censet
3207 713 3223 750 :
3258 708 3640 753 verumtamen

2069 799 2203 840 voce
2225 784 2285 839 in
2308 784 2519 839 somnis
2549 784 2733 839 audita
2765 785 3046 866 turbatus,
3072 796 3129 842 et
3147 803 3321 858 equos
3352 790 3645 859 praesidia-

2068 878 2277 932 riorum
2317 877 2426 932 illic
2456 885 2746 946 pascentes
2773 879 3042 934 reducere
3086 879 3424 937 Cumutzena
3460 894 3646 951 pasto-

2071 968 2226 1021 ribus
2275 967 2574 1026 mandavit.
2632 975 2688 1021 et
2746 968 3053 1023 Manuelcm
3101 968 3519 1029 Tarchaniotam
3578 988 3644 1027 ex

2069 1059 2429 1127 praesentibus
2480 1074 2686 1129 paucos
2746 1059 3023 1130 deligere,
3085 1061 3433 1116 venientibus
3490 1071 3641 1116 recta

2071 1166 2385 1214 occurrere,
2419 1150 2561 1205 unde
2585 1151 2844 1205 venirent
2877 1151 3152 1229 speculari
3171 1152 3371 1221 jussit;
3412 1153 3529 1222 ipse
3555 1153 3641 1206 in-

2073 1242 2232 1298 terim
2281 1256 2431 1296 arma
2489 1257 2610 1296 cum
2641 1240 2805 1295 sociis
2860 1242 3060 1298 induit.
3118 1244 3226 1299 Sed
3267 1245 3505 1300 necdum
3560 1245 3645 1300 his

2074 1332 2231 1400 plane
2292 1332 2537 1398 armatis,
2594 1331 2961 1389 Tarchaniota
3026 1337 3270 1405 trepidus
3326 1313 3643 1405 revertitur,

2072 1423 2258 1477 hostes
2286 1423 2548 1478 advenire
2597 1424 2695 1479 ait.
2724 1425 2821 1481 Vix
2859 1425 3095 1489 ﬁnierat,
3150 1436 3382 1485 ct.ecce
3421 1431 3641 1486 adsunt.

2072 1514 2314 1569 Ducebat
2342 1525 2523 1569 autem
2572 1514 2897 1572 Momttzilus
2928 1518 3164 1574 selectos
3196 1521 3366 1588 mille,
3409 1538 3506 1592 per
3550 1540 3648 1578 ex-

2072 1604 2376 1673 ploratores
2416 1619 2559 1677 suos
2625 1604 2826 1659 certior
2875 1605 3094 1671 lactus,
3148 1608 3535 1679 imperatorem
3590 1615 3646 1667 in

2072 1696 2358 1764 praesentia
2385 1697 2451 1751 ad
2481 1695 2735 1751 Mesenen
2769 1695 2986 1761 sedere,
3014 1698 3282 1768 siquidem
3306 1702 3647 1758 Peritbcorio

2073 1784 2293 1841 Mesene
2348 1803 2518 1856 parvo
2570 1788 2855 1848 intervallo
2910 1794 3121 1849 aberat.
3178 1793 3434 1849 Collectis
3482 1793 3647 1864 igitur

2070 1879 2206 1944 suis,
2238 1879 2602 1948 ordinataque
2624 1882 2842 1952 agmine
2877 1884 2961 1937 via
2989 1899 3088 1954 per
3118 1883 3379 1939 Mesenen
3405 1884 3645 1939 ducente

2069 1969 2403 2026 Cumutzena
2441 1972 2599 2026 redit.
2632 1974 2869 2029 Cernens
2905 1975 3234 2033 Momitzilus
3282 1990 3391 2030 non
3432 1984 3647 2030 extem-

2069 2060 2159 2128 plo
2186 2059 2411 2129 fugisse,
2442 2061 2538 2116 sed
2591 2048 2857 2132 gradatim
2901 2074 2955 2120 et
2997 2066 3285 2121 ordinatim
3338 2065 3646 2130 discedere,

2072 2152 2382 2219 timensque
2413 2166 2485 2204 ne
2515 2152 2841 2220 quihusdam
2872 2153 3014 2209 inter
3038 2155 3236 2210 rudera
3267 2164 3322 2211 et
3348 2156 3647 2225 parietiuas

2068 2240 2220 2298 urbis
2273 2243 2531 2297 insidiose
2576 2243 2895 2314 latentibus,
2957 2236 3301 2318 densataque
3334 2256 3547 2302 caterva
3585 2250 3643 2301 in

2068 2347 2197 2386 suos
2245 2347 2342 2387 nec
2381 2333 2663 2389 ordinatos
2724 2344 2780 2390 et
2834 2350 3060 2406 sparsos
3114 2338 3455 2394 irruentibus
3515 2338 3641 2410 fuga

2068 2425 2244 2491 ﬁeret,
2276 2438 2372 2479 eos
2416 2424 2579 2479 etiam
2613 2425 2755 2495 .ipse
2800 2427 3078 2497 tripartito
3107 2429 3449 2495 distributos,
3493 2429 3645 2486 lento

2070 2530 2232 2585 passu
2264 2515 2521 2572 incedere
2564 2515 2717 2571 fecit.
2762 2517 2863 2572 Ast
2908 2519 2999 2573 ubi
3048 2519 3371 2574 insidiarum
3404 2519 3646 2590 suspicio

2067 2605 2322 2672 cessavit,
2360 2606 2685 2677 impotenter
2715 2622 2775 2663 se
2825 2611 2879 2663 in
2929 2610 3257 2667 recedentes
3315 2610 3643 2665 intulerunt.

2070 2698 2278 2764 Quibus
2335 2699 2590 2755 omnibus
2641 2700 2696 2754 in
2747 2701 2928 2772 fugam
2961 2717 3021 2756 se
3065 2700 3491 2768 etl‘undentibus,
3520 2717 3646 2757 cum

2072 2793 2164 2859 qui
2200 2805 2267 2844 ex
2300 2790 2553 2847 hostibus
2583 2791 2744 2862 primi
2775 2793 3160 2858 accurrebant,
3193 2792 3513 2863 imperatori
3548 2807 3650 2862 ap.

2072 2882 2508 2952 propinquarent
2547 2878 2819 2954 (ultimum
2863 2884 3011 2938 enim
3059 2898 3253 2954 agmen
3306 2882 3639 2949 claudebat),

2072 2975 2472 3045 agglomeratus
2504 2990 2628 3031 cum
2659 2976 2850 3046 paucis
2877 2991 2938 3031 se
2970 2976 3246 3031 tuebatur.
3276 2975 3523 3044 Cumque
3545 2974 3649 3028 sub

2073 3079 2141 3118 eo
2200 3080 2378 3134 equus
2427 3065 2717 3121 confossus
2775 3066 3092 3131 cecidisset,
3147 3080 3292 3120 unus
3340 3050 3648 3120 οἿέιιιιιιιὶε

2076 3154 2435 3211 Lantzaretus
2494 3157 2776 3221 vocabulo,
2832 3172 2991 3226 suum
3037 3157 3306 3228 praebuit,
3371 3165 3536 3225 atque
3590 3156 3648 3210 in
3728 3184 3735 3189 ~

2073 3263 2197 3302 eum
2228 3248 2469 3302 sustulit.
2496 3247 2901 3303 Ascendentem
2934 3248 3091 3319 591
3126 3244 3363 3317 quidam
3385 3245 3649 3301 advolans

2075 3354 2210 3394 ense
2239 3340 2295 3392 in
2326 3347 2491 3408 caput
2525 3338 2674 3403 ferit,
2718 3339 2815 3395 sed
2864 3340 3126 3395 ﬁrmitate
3156 3339 3322 3410 galeae
3359 3338 3499 3392 ictus
3526 3339 3649 3390 ina-

2072 3431 2159 3486 nis
2209 3429 2336 3485 fuit.
2388 3430 2519 3485 lnde
2564 3439 2679 3486 toto
2715 3430 2913 3486 itinere
2972 3430 3160 3486 multis
3213 3428 3548 3484 irruentibus
3593 3439 3650 3483 et

2073 3523 2293 3579 caedem
2343 3531 2399 3576 et
2448 3536 2623 3579 caesus
2671 3523 3007 3578 Cumutzena
3038 3520 3361 3576 mirabiliter
3401 3530 3650 3575 servatus

2074 3614 2242 3669 venit.
2310 3612 2696 3669 Lantzaretum
2736 3629 2870 3668 vero
2926 3613 3118 3684 gladiis
3166 3620 3224 3668 et
3283 3611 3452 3666 hastis
3506 3610 3653 3664 occi-

2074 3706 2242 3761 dendi
2287 3721 2451 3761 causa
2501 3705 2915 3761 consauciatum
2955 3703 3284 3776 (octodecim
3331 3703 3477 3759 enim
3536 3701 3652 3756 vul-

2073 3813 2207 3853 nera
2252 3798 2303 3852 ei
2349 3797 2692 3867 indixerunt)
2730 3798 3033 3868 spirantem
3066 3796 3245 3854 adhuc
3291 3794 3648 3863 reliquerunt.

2073 3889 2376 3958 Imperator
2417 3889 2603 3960 itaque
2641 3905 2673 3944 e
2732 3899 2883 3945 tanto
2928 3889 3245 3944 discrimine
3291 3896 3493 3957 praeter
3529 3900 3652 3939 om-

2073 3981 2227 4036 nium
2271 3985 2743 4052 exspectationem
2782 3981 3026 4046 emersit,
3073 3988 3129 4035 et
3170 3977 3503 4034 Momitzilus
3534 3977 3653 4033 sine

2073 4089 2227 4128 mora
2255 4073 2526 4129 discessit.
2563 4073 2948 4129 Lantzaretum
2996 4073 3291 4142 imperator
3319 4070 3653 4125 seminecem

2072 4163 2412 4220 Cumutzena
2451 4163 2764 4220 vehendum
2795 4164 3028 4237 curavit,
3066 4161 3160 4232 qui
3202 4161 3354 4216 brevi
3401 4166 3651 4230 tempore

2072 4257 2366 4312 sedulitate
2427 4257 2764 4311 medicorum
2812 4268 3001 4323 sospes
3032 4262 3089 4308 et
3134 4249 3449 4314 incolumis,
3500 4251 3651 4304 nulla

2073 4359 2227 4419 parte
2254 4347 2504 4417 corporis
2523 4346 2748 4412 amissa,
2769 4355 2854 4404 est
2875 4344 3144 4413 redditus,
3169 4354 3224 4400 et
3250 4345 3457 4413 majore
3484 4343 3650 4397 etiam

2074 4441 2327 4511 quamob
2355 4440 2689 4495 declaratum
2739 4455 2870 4511 erga
2918 4439 3204 4494 dominum
3255 4450 3500 4491 amorem
3536 4449 3654 4489 me-

399 4520 647 4609 κτονέναι
671 4520 918 4627 (δεκάκις
934 4520 1045 4630 γὰρ
1070 4520 1476 4629 ἐτραυμάτισαν
1500 4520 1636 4629 πρὸς
1651 4560 1759 4622 τοῖς
1784 4520 1969 4626 όκτὼ),

2079 4533 2254 4588 ruisse
2274 4520 2578 4598 videbatur,
2622 4532 2764 4602 apud
2792 4546 2916 4586 eum
2962 4530 3139 4598 gratia
3198 4530 3516 4598 honoreque
3555 4525 3654 4581 ﬂo-
3690 4597 3705 4612 .

397 4645 669 4700 ἀπέλιπον
697 4649 1022 4718 ἐμπνέοντα.
1084 4650 1353 4716 Βασιλεὺς
1400 4652 1499 4721 μὲν
1557 4647 1654 4706 οὖν
1693 4650 1867 4714 οὓτως
1906 4653 1972 4705 ὲκ

396 4738 492 4789 τοῦ
522 4739 781 4793 τοσούτου
816 4742 1066 4796 κινδύνου
1109 4744 1341 4813 μηδενός
1388 4746 1456 4799 ἂν
1492 4744 1973 4815 προσδοκήσαντος

397 4829 705 4895 διεσώζετο.
746 4835 854 4887 Καὶ
889 4837 917 4888 6
962 4835 1293 4906 Μομιτζίλος
1339 4839 1463 4892 οὐδὲ
1498 4838 1674 4908 βραχύ
1702 4836 1974 4908 προσμεί-

399 4938 519 4987 νας,
560 4923 847 4995 ἀνεχώρει.
881 4927 1231 4997 Λατζαρέτον
1280 4929 1335 4982 δέ
1370 4930 1595 4999 πέμψας
1633 4932 1660 4984 6
1695 4929 1968 4999 βασιλεὺς,

401 5013 608 5084 ἤγαγεν
646 5017 723 5079 είς
757 5017 1155 5087 Κουμουτξηνὰ
1202 5022 1512 5090 ἐμπνέοντα
1563 5022 1644 5074 ἔτι
1668 5036 1682 5052 ⁸
1719 5023 1816 5075 καὶ
1847 5020 1975 5074 πολ-

401 5103 501 5174 λῆς
539 5107 796 5172 ἀξιωθεὶς
829 5110 1171 5180 ἐπιμελείας,
1212 5114 1271 5165 ἐν
1305 5112 1472 5185 ὀλίγῳ
1505 5104 1684 5185 χρόνῳ
1727 5114 1886 5183 ὑγιής
1911 5130 1972 5166 τε

402 5198 498 5251 καὶ
528 5199 666 5263 σῶος
696 5197 855 5266 αὖθις
889 5198 977 5273 ἦν,
1014 5202 1179 5274 μηδὲν
1219 5204 1328 5258 τῶν
1360 5206 1539 5274 μελῶν
1567 5206 1670 5260 ὐπὸ
1699 5206 1809 5260 τῶν
1834 5207 1975 5276 πλη-

397 5289 510 5357 γῶν
537 5290 848 5360 ἀποϐαλὼν,
876 5293 1075 5366 πολλῆς
1108 5312 1170 5348 τε
1200 5297 1492 5366 εὐμενείας
1518 5299 1614 5350 καὶ
1643 5298 1811 5369 τιμῆς
1837 5296 1974 5352 ἀπε·

398 5378 532 5432 λαυε
568 5382 720 5450 παρὰ
760 5384 1043 5454 βασιλέως,
1088 5387 1185 5440 καὶ
1219 5386 1487 5456 μειζόνων
1518 5388 1551 5453 ἢ
1590 5387 1856 5459 ἐτύγχανε
1883 5388 1968 5441 δο-

398 5471 513 5524 κῶν
552 5469 694 5527 εἶναι
723 5476 1044 5547 ἀξιώτερος,
1082 5479 1172 5533 διὰ
1218 5480 1318 5551 τὴν
1349 5466 1803 5552 ἐπιδεδειγμένην
1834 5483 1974 5554 πρὸς

398 5566 606 5618 ἐκεῖνον
631 5565 867 5622 εὔνοιαν.
893 5570 1130 5625 Ἔπεσον
1161 5572 1215 5625 δὲ
1243 5572 1337 5625 καὶ
1361 5573 1471 5625 τῶν
1494 5570 1668 5626 ἄλλων
1688 5573 1968 5641 τέτταρες,

348 5695 357 5703 .
399 5651 480 5711 ὧν
508 5654 589 5722 εἷς
620 5660 649 5713 δ
678 5659 963 5730 Βρυέννιος
992 5663 1212 5733 Μιχαὴλ
1239 5660 1327 5735 ἦν,
1434 5666 1620 5718 πεσεῖν
1657 5664 1971 5735 μαχόμενον

368 5800 373 5804 .
397 5748 711 5820 ἔμπροσθεν
737 5751 999 5822 βασιλέως
1017 5754 1051 5811 6,
1066 5755 1450 5826 Διδυμοτείχου
1470 5756 1761 5828 ἀρχιερεὺς
1786 5755 1970 5827 πολλῷ

398 5844 578 5918 χρόνῳ
625 5843 888 5915 πρότερον
925 5849 1218 5915 προεῖπενο
1258 5847 1501 5905 ἑάλωσαν
1550 5850 1605 5904 δὲ
1639 5852 1733 5906 καὶ
1788 5851 1968 5905 ἓτεοοι

2072 4627 2201 4682 ruit.
2234 4625 2564 4681 Ceciderunt
2598 4632 2778 4679 autem
2810 4632 3071 4694 quatuor,
3097 4636 3331 4693 quorum
3366 4635 3508 4676 unus
3553 4619 3654 4674 Mi-

2072 4718 2225 4775 chael
2260 4718 2589 4790 Bryennius,
2622 4715 2715 4770 cui
2765 4723 2895 4771 ante
2944 4713 3290 4784 imperatoris
3341 4713 3508 4783 pedes
3548 4726 3654 4781 pu-

2072 4819 2323 4883 gnantem
2349 4811 2753 4877 occubiturum,
2782 4809 2959 4864 multo
3001 4815 3134 4863 ante
3154 4804 3516 4880 Didymoticbi
3541 4803 3656 4872 cpi-

2073 4916 2273 4975 scopus
2358 4904 2731 4974 praedixerat,
2775 4901 3001 4957 totidem
3062 4900 3228 4969 capti.
3314 4894 3653 4951 Momitzilus

2072 4997 2235 5066 paulo
2262 5005 2385 5064 post
2437 5010 2602 5065 quam
2657 5009 2853 5049 manus
2909 4992 3000 5047 illa
3046 4989 3389 5061 pradateria,
3430 4988 3497 5043 de
3543 5001 3652 5057 qua

2074 5103 2261 5157 supra,
2293 5086 2566 5154 discessit,
2609 5088 2748 5142 duos
2783 5085 2863 5140 de
2911 5081 3164 5153 captivis,
3198 5081 3553 5151 Apchnenem
3585 5085 3643 5131 et

2075 5179 2425 5241 Theodorum
2480 5178 2845 5235 Caballarium
2887 5180 2953 5231 ad
2987 5176 3198 5229 Annam
3244 5172 3644 5243 imperatricem

2073 5272 2235 5347 legat,
2280 5270 2557 5330 societatis
2614 5280 2667 5326 et
2719 5269 2889 5341 pralii
2942 5283 3067 5323 cum
3127 5266 3247 5334 eius
3292 5266 3449 5319 hoste
3494 5277 3650 5317 com-

2074 5367 2227 5422 missi
2256 5367 2538 5438 praemium
2588 5364 2746 5434 petit.
2798 5363 2930 5429 Quae
2976 5358 3242 5430 petitione
3300 5356 3537 5410 libenter
3558 5352 3656 5406 ad-

2073 5460 2265 5524 missa,
2317 5458 2600 5526 despotam
2645 5454 2796 5509 illum
2846 5461 3015 5508 creat.
3042 5450 3166 5520 Ipse
3198 5461 3413 5519 quoque
3470 5445 3641 5498 misso

2077 5553 2143 5605 ad
2197 5551 2588 5620 imperatorem
2655 5555 2896 5607 oratore,
2943 5543 3107 5614 hujus
3153 5537 3471 5596 stoliditatis
3536 5552 3650 5592 suae

2076 5654 2133 5700 et
2163 5642 2305 5698 male
2345 5643 2490 5698 bene
2528 5640 2727 5696 merito
2753 5654 2853 5694 suo
2881 5638 3067 5693 relatae
3096 5635 3285 5706 gratim
3317 5631 3529 5687 veniam
3561 5644 3653 5699 pe-
3734 5632 3737 5633 ⁷

2079 5737 2165 5800 ιίι,
2202 5751 2265 5790 ac
2291 5736 2358 5790 de
2385 5743 2584 5790 caetero
2628 5732 2854 5788 meliora
2901 5731 3192 5801 prom'ttit.
3220 5727 3520 5797 Imperator
3562 5724 3657 5778 in-

2080 5826 2334 5898 telligens
2359 5835 2411 5881 et
2440 5824 2680 5881 vindicta
2717 5823 2913 5894 punire
2963 5818 3319 5877 Momitzilum
3355 5831 3521 5888 quam
3567 5829 3661 5870 εει

2434 6036 2461 6057 \
