4014 6474
437 400 568 468 1121

1577 402 2122 464 HISTORIARUM
2166 405 2398 467 LIBER
2445 408 2554 469 Ηῐ.

3556 418 3689 484 1122

434 521 558 573 σθαι
584 517 720 589 πρὶς
743 517 803 571 τὸ
837 517 1139 590 Ἐμπυθίου
1164 518 1426 592 φρούριον
1445 537 1458 552 ο
1485 520 1604 575 ἀλλ’
1633 521 1694 574 οὐ
1718 521 1994 592 βούλεσθαη

2111 523 2522 578 eommittendis
2581 537 2895 581 sermonem
2963 525 3235 583 conferre.
3296 525 3686 590 Verumtamen

432 611 622 664 λαῦεἴν
675 610 758 664 έτι
810 613 908 681 τῆς
971 615 1207 682 ἀρχαίας
1245 614 1460 675 εὐνοίας
1511 615 1636 686 ἴχνη
1679 614 2005 678 ἀποσὼζων,

436 704 744 773 βουλομένῳ
764 703 870 771 γὰρ
900 704 1074 774 ῥᾷστα
1093 705 1160 758 ἂν
1185 705 1456 775 ἡλίσκετο.
1481 706 1617 758 Νυνὶ
1639 707 1694 759 δὲ
1715 706 2003 776 βούλεσθαι

433 794 587 863 αὐτῷ
635 795 1016 862 συγγίνεσθαι,
1077 797 1174 848 καὶ
1235 797 1365 865 περί
1428 815 1592 851 τινων
1660 797 2006 866 διαλέγεσθαι

432 887 784 955 ἀπορρήτων,
815 881 889 937 ὧν
917 887 1017 938 οὐκ
1044 885 1228 950 ἔξεστι
1259 889 1570 959 χρήσασθαι
1595 891 1805 957 ἐτέροις
1830 909 1972 962 μηνυ
1990 922 2003 932 -

428 979 572 1039 ταῖς,
629 978 744 1045 εῐγε
801 979 895 1030 καὶ
948 978 1098 1049 αὐτῷ
1157 967 1367 1048 βέλτιον
1415 981 1623 1050 δοκοίη.
1661 982 1734 1034 Τὸ
1767 983 1866 1051 μὲν
1911 979 2006 1036 οὖν

429 1068 604 1130 οὕτως
661 1070 736 1131 ὡς
766 1070 880 1138 ἔχει
925 1069 1223 1138 βασιλικῶς
1263 1073 1654 1143 ἐσκευασμένῳ
1697 1076 2001 1143 συντυχεῖν,

428 1161 490 1212 οὐ
525 1161 708 1231 ῥᾴδιον
741 1161 926 1229 αὐτῷ’
976 1163 1037 1214 τὸ
1072 1163 1119 1215 δ’
1161 1161 1316 1229 αὖθις
1359 1165 1636 1235 ἰδιωτικὴν
1677 1166 2005 1236 μεταλαϐεῖν

427 1253 655 1320 ἐσθῆτα,
682 1253 783 1306 οὐκ
817 1253 882 1307 ἂν
912 1255 1073 1307 αὐτὸν
1107 1257 1318 1310 οἴεσθαι
1347 1257 1728 1329 βουλήσεσθαι.
1770 1260 1904 1329 Περὶ
1927 1250 2004 1312 ὧν

431 1343 764 1398 σκέπτεσθαι
812 1345 1004 1416 ἐδήλου
1037 1347 1184 1409 ὅπως
1236 1348 1475 1419 ἑκάτερα
1519 1349 1696 1402 ἔσται.
1739 1349 2005 1414 Βασιλεὺς

424 1436 483 1489 δὲ
516 1437 653 1504 πρὸς
679 1435 749 1488 τὰ
777 1437 1008 1492 τοιαῦτα
1049 1440 1350 1509 πλάσματα
1392 1440 1701 1510 ἀχθεσθεὶς,
1761 1442 2003 1512 ἁντεμή-

427 1543 578 1591 νυεν,
628 1527 704 1591 ὡς
754 1529 814 1580 οὐ
867 1528 984 1581 δέον
1041 1530 1179 1600 πρὸς
1233 1530 1398 1583 αὑτὸν
1445 1531 1726 1583 ἐπιπλεῖον
1774 1531 2002 1600 ψεύδεσι

426 1617 662 1686 χρῆσθαι
701 1620 795 1672 καὶ
827 1621 1103 1684 ἀπάταις·
1149 1624 1349 1691 πεῖραν
1376 1623 1484 1692 γὰρ
1513 1623 1678 1677 αὑτοῦ
1710 1624 1808 1695 ήδη
1842 1626 2004 1693 ἐσχη-

424 1709 580 1759 κέναι
631 1710 690 1760 ἐν
738 1709 976 1772 πολλοῖς,
1019 1709 1146 1763 ὅθεν
1192 1711 1289 1764 καὶ
1328 1712 1685 1766 παντάπασιν
1719 1714 1998 1765 ἀπιστεῖν.

440 1798 579 1850 Ἀλλ’
637 1800 687 1851 εἰ
746 1799 952 1869 μᾶλλον
1000 1802 1218 1856 δύναιτο
1275 1803 1419 1856 ἑλεῖν
1461 1804 1522 1856 τὸ
1580 1804 1862 1874 φριύριον,
1924 1805 1998 1876 μὴ

2112 615 2468 685 imperatorio
2496 616 2796 680 schemate,
2847 625 2907 671 ut
2955 627 3095 681 erat,
3152 621 3438 689 praeditum
3490 639 3689 679 conve-

2111 708 2232 761 nire
2305 708 2408 762 sibi
2485 723 2607 762 esse
2682 709 2935 776 dillicile;
3006 710 3214 764 cultum
3289 728 3420 767 vero
3491 717 3688 784 privati
3729 751 3760 781 λ.

2110 809 2454 868 sumpturum
2481 815 2586 853 non
2616 810 2831 869 putare.
2860 802 3253 857 Consideraret
3274 802 3444 871 igitur
3472 815 3688 860 utrum-

2083 903 2235 956 ‘que.
2265 891 2569 960 Imperator
2595 901 2968 947 commentum
3016 895 3158 948 istuc
3205 895 3430 966 indigne
3483 899 3685 962 ferens,

2109 988 2300 1032 contra
2332 979 2407 1032 illi
2445 980 2751 1035 renuntiari
2781 982 2960 1050 jlbet,
2996 983 3292 1048 nihilesse,
3326 1002 3426 1040 cur
3454 989 3596 1058 apud
3627 1004 3686 1043 se

2108 1069 2392 1126 fraudibus
2457 1081 2513 1126 et
2573 1074 2871 1128 mendaciis
2909 1076 2974 1128 de
3006 1087 3208 1130 cretero
3237 1085 3492 1132 uteretur
3523 1097 3537 1133 ε
3575 1081 3686 1148 jam

2105 1163 2250 1216 enim
2302 1164 2574 1218 mtiltoties
2630 1165 2910 1234 ingenium
2967 1167 3084 1236 ejus
3143 1171 3372 1237 cognovi
3407 1185 3484 1237 se,
3517 1186 3688 1241 quare

2105 1268 2207 1308 nec
2231 1255 2492 1308 tantillum
2533 1256 2582 1310 ei
2635 1256 2796 1310 [idem
2849 1257 3072 1312 habere.
3118 1258 3173 1312 Si
3208 1261 3490 1314 castellum
3536 1261 3689 1315 subi-

2103 1359 2231 1415 gere
2274 1346 2470 1416 possit,
2505 1362 2573 1402 ne
2604 1350 2842 1416 omittat;
2877 1365 2982 1403 non
3015 1350 3160 1404 enim
3202 1351 3396 1407 melius
3450 1353 3684 1423 imperio

2105 1438 2506 1502 consulturum,
2530 1438 2574 1492 si
2609 1455 2728 1494 cum
2768 1440 3006 1495 hostium
3037 1442 3406 1497 laedendo-rum
3451 1446 3683 1500 facultas

2104 1527 2197 1594 sit,
2220 1528 2335 1597 ipse
2368 1529 2476 1585 illis
2531 1532 2714 1584 sciens
2761 1543 2826 1585 ac
2865 1531 3057 1585 volens
3099 1542 3308 1601 parcat.
3345 1535 3452 1590 Sed
3483 1547 3684 1604 putare

2103 1632 2164 1672 se
2194 1617 2341 1672 illam
2372 1619 2858 1688 oppugnationem,
2907 1621 3173 1675 militibus
3223 1623 3344 1692 ejus
3397 1626 3688 1694 compluri-

2103 1708 2208 1763 bus
2261 1710 2430 1779 qu0tii
2455 1711 2507 1764 ie
2566 1711 2994 1776 intereuntibus,
3044 1728 3238 1781 parum
3284 1724 3490 1782 gratam
3539 1731 3682 1770 esse.

2103 1801 2274 1857 Porro
2301 1802 2378 1856 illi
2405 1817 2590 1856 secum
2622 1802 2858 1872 colloqui
2883 1804 3106 1869 volenti,
3151 1796 3374 1860 difﬁcile
3423 1821 3544 1860 esse
3583 1807 3686 1861 im-

423 1890 646 1958 ἀμελεῖν
668 1907 681 1921 ·
713 1867 774 1944 οῦ
808 1893 918 1963 γὰρ
945 1893 1013 1946 ἂν
1041 1894 1126 1963 εἴη
1158 1894 1454 1958 λυσιτελῶς
1478 1867 1994 1968 βεϐουλευμένος

2104 1894 2396 1963 peratoriis
2414 1894 2756 1948 ornamentis
2783 1895 3047 1949 nitentem
3073 1897 3347 1965 aspicere,
3383 1913 3442 1952 se
3464 1913 3684 1968 quoque

425 1983 592 2052 ἀρχῇ,
616 1984 686 2047 εί,
711 1984 885 2052 παρὸν
913 1986 1040 2048 τοὺς
1066 1987 1362 2058 πολεμίους
1393 1988 1674 2058 βλάπτειν,
1703 1989 2000 2058 ἀπόσχοιτο

423 2073 586 2128 ἐκὼν.
637 2076 778 2129 Ἀλλ’
809 2077 909 2131 οὐκ
944 2079 1008 2132 ἂν
1042 2081 1254 2132 οἴεσθαι
1281 2084 1394 2144 τοῖς
1423 2081 1644 2136 συνοῦσι
1675 2084 1828 2152 φίλον
1857 2079 1998 2136 εἶναι

421 2167 484 2217 τὸ
531 2170 904 2237 τειχομαχεῖν,
954 2170 1172 2234 πολλοῖς
1211 2173 1486 2243 ὁσημέραι
1531 2173 1996 2242 ἀποθνήσκουσιν.

425 2259 546 2313 Ὀτι
590 2261 648 2313 δὲ
690 2261 1007 2331 βουλομένῳ
1041 2267 1324 2335 συντυχεῖν
1384 2266 1444 2318 οὐ
1479 2266 1660 2337 ῥᾴδιόν
1691 2267 1806 2318 ἐστι
1842 2265 1997 2335 βασι.

421 2351 590 2416 λικῶς
640 2353 1074 2421 ἐσκευασμένον,
1115 2357 1210 2407 καὶ
1247 2355 1412 2409 αὐτὸν
1462 2355 1664 2408 εἰδέναι
1717 2355 1995 2425 μάλισταο

420 2442 543 2494 οὖδέ
582 2443 693 2512 γὰρ
720 2444 841 2497 οὐδὲ
875 2447 984 2507 τοῖς
1014 2445 1392 2516 ὀφθαλμιῶσιν
1424 2446 1648 2500 εὔκολον
1680 2449 1818 2517 πρὸς
1843 2448 1997 2520 ήλιον

421 2535 718 2598 ἀτενίξειν,
754 2537 876 2589 ἀλλ’
905 2539 933 2589 ὁ
981 2537 1144 2604 ζόφος
1189 2539 1288 2609 ἡδὺ
1320 2539 1415 2593 καὶ
1447 2541 1509 2593 τὸ
1557 2541 1840 2611 καμμύειν
1871 2544 1997 2605 τοὺς

420 2625 738 2696 ὀφθαλμοὺς
772 2629 1050 2692 ἀδυνάτως
1080 2630 1301 2699 ἔχουσιν
1347 2633 1482 2701 ὁρᾷν
1517 2632 1578 2685 τὸ
1609 2632 1725 2700 φῶς
1747 2649 1759 2662 ·
1813 2632 1907 2686 τοῦ
1939 2633 1996 2686 δὲ

425 2717 663 2784 μάλιστα
691 2720 750 2771 ἐν
780 2721 1051 2792 ἐπιθυμίᾳ
1096 2719 1236 2775 εἶναι
1267 2723 1366 2792 τῆς
1395 2725 1619 2795 εἰρήνης
1646 2724 1860 2795 ἐρῶντα
1897 2727 1997 2788 τὰς

422 2810 799 2878 περισχούσας
829 2813 958 2875 τοὺς
1017 2812 1326 2882 Ῥωμαίους
1356 2817 1670 2885 συμφορὰς,
1691 2817 1908 2871 -ῢίεσθαι
1939 2818 1995 2870 δὲ

423 2902 500 2971 μὴ
521 2903 657 2972 πρὸς
683 2904 852 2972 μηδὲν
876 2905 974 2973 τὴν
993 2906 1289 2975 συντυχίαν
1312 2908 1502 2976 φέρειν
1524 2907 1653 2961 ἄλλο
1674 2908 1774 2978 τὴν
1792 2909 1990 2973 αὐτῶν,

420 2995 666 3047 ἐπῖνοιάν
722 3013 844 3048 τινα
912 2996 1250 3067 ἐξευρήσειν,
1317 2998 1386 3051 δι’
1452 2993 1520 3070 ἦς
1578 3000 1742 3063 αὑτός
1775 3018 1834 3054 τε
1891 3003 1992 3054 οὐκ

417 3085 610 3154 δψεται
656 3087 818 3140 αὑτὸν
876 3087 1171 3158 βασιλικῶς
1216 3090 1642 3160 ἐσκευασμένον,
1672 3092 1766 3145 καὶ
1816 3093 1980 3152 αὐτὸς

2101 1985 2329 2039 minime
2356 1985 2644 2055 ignorare;
2676 2001 2858 2056 neque
2894 1987 3040 2040 enim
3084 1985 3246 2042 facile
3294 2003 3417 2044 esse
3447 1989 3682 2059 lippien-

2103 2077 2248 2132 tibus
2286 2078 2456 2132 solem
2511 2093 2576 2132 ac
2621 2079 2801 2134 lucem
2829 2080 3068 2145 obtueri,
3102 2082 3195 2135 sed
3232 2080 3536 2151 jucundum
3570 2098 3675 2152 po-

2100 2167 2210 2224 tius
2247 2171 2564 2233 connivere,
2623 2181 2677 2225 et
2712 2171 2767 2224 in
2825 2172 3066 2225 tenebris
3121 2174 3348 2227 versari.
3404 2173 3674 2240 Quoniam

2099 2274 2237 2314 vero
2266 2261 2418 2329 pacis
2440 2259 2795 2314 conﬁcienda:
2837 2259 3108 2314 desiderio
3139 2259 3451 2314 incredibili
3481 2269 3675 2330 captus

2100 2353 2191 2416 sit,
2213 2368 2336 2407 cum
2366 2353 2618 2422 aSpiciat,
2667 2367 2789 2423 qua:
2833 2351 3175 2408 calamitates
3206 2351 3481 2407 Romanos
3515 2353 3678 2408 inun-

2099 2443 2251 2509 dent,
2291 2444 2655 2514 opineturque
2688 2444 2930 2514 ipsorum
2971 2459 3323 2515 congressum
3357 2461 3476 2498 .non
3508 2444 3676 2500 alior-

2099 2551 2242 2601 sum,
2275 2551 2437 2606 quam
2469 2536 2536 2589 ad
2577 2551 2765 2605 pacem
2817 2544 3109 2604 spectare,
3137 2535 3477 2605 excogitasse
3514 2535 3676 2589 ratio-

2098 2643 2245 2695 nem,
2283 2645 2388 2698 qua
2416 2629 2482 2684 ab
2519 2629 2611 2682 illo
2652 2628 2774 2682 sine
2820 2627 3173 2698 imperatorio
3211 2636 3407 2681 ornatu
3448 2626 3679 2696 conspi-

2098 2723 2296 2786 ciatur,
2327 2721 2554 2790 ipseque
2602 2720 2777 2774 nihilo
2827 2720 3028 2786 minus,
3069 2729 3129 2774 ut
3183 2729 3332 2783 ante,
3384 2723 3680 2790 imperator

2096 2821 2338 2868 maneat.
2372 2811 2510 2866 Esse
2545 2821 2729 2866 autem
2776 2811 2942 2876 hanc,
2990 2819 3051 2865 ut
3096 2811 3434 2881 cataphracti
3471 2825 3676 2865 conve-

2095 2905 2275 2968 niant,
2313 2913 2369 2960 et
2405 2906 2572 2974 pedes
2601 2904 2824 2974 quidem
2851 2904 3028 2958 ocreis
3063 2903 3282 2968 ferreis,
3319 2911 3482 2973 caput
3525 2903 3679 2972 galea

2096 2995 2782 3065 contegant,reliquumque
2807 3009 3007 3064 corpus
3022 2994 3271 3049 similiter
3287 3009 3444 3050 cornu
3467 2993 3678 3058 uniaut,

2095 3098 2156 3141 ut
2190 3087 2489 3147 nesciatur,
2526 3085 2947 3156 imperatoriane
2977 3101 3045 3138 an
3091 3086 3296 3154 privata
3338 3085 3501 3140 vestis
3527 3086 3677 3140 intus

420 3179 573 3232 οὐδὲν
601 3175 762 3250 ἦττον
798 3180 830 3249 ἢ
878 3180 1144 3252 πρότερον
1173 3183 1328 3234 ἔσται
1378 3181 1659 3252 βασιλεύς.
1693 3183 1907 3254 Ταύτην
1936 3186 1992 3238 δὲ

2097 3188 2335 3248 geratur.
2393 3175 2632 3231 Probato
2679 3176 2910 3231 consilio
2942 3192 3172 3247 magnus
3223 3178 3332 3232 dux
3363 3178 3438 3232 ita
3496 3192 3558 3232 se
3609 3193 3674 3232 ex

419 3269 562 3324 εἶναι
615 3272 673 3324 τὸ
728 3273 1154 3343 καταφράκτους
1200 3273 1450 3341 ἀλλήλοις
1505 3279 1814 3345 συντυχεῖν,
1850 3275 1994 3329 ὥστε

421 3366 532 3425 τοῖς
565 3364 692 3416 ποσὶ
726 3363 826 3433 μὲν
862 3366 1134 3434 κνημῖδας
1170 3364 1541 3434 περικεῖσθαι,
1579 3367 1769 3434 κράνει
1813 3365 1868 3419 δὲ
1898 3366 1996 3437 τὴν

421 3454 668 3524 κεφαλὴν
734 3457 1186 3526 περικαλύπτειν,
1223 3456 1316 3509 καὶ
1360 3456 1419 3508 τὸ
1471 3456 1601 3510 ἄλλο
1649 3453 1791 3511 εῖναι
1821 3457 1996 3512 ὡπλι-

422 3546 620 3614 σμένον
686 3547 868 3614 σῶμα,
934 3548 1074 3600 ὥστε
1150 3548 1471 3615 ἀγνοεῖσθαι
1530 3550 1640 3601 εἴτε
1707 3548 1995 3620 βασιλικὴν

421 3639 628 3708 ἐσθῆτα
673 3641 821 3693 ἔνδον
851 3640 989 3710 ἔχει,
1035 3640 1068 3710 ἢ
1111 3641 1410 3712 ἰδιωτικήν.
1453 3642 1674 3713 Ἐπῄνει
1715 3644 1814 3712 μὲν
1842 3643 1936 3697 οῦν
1967 3645 1995 3697 ὁ

425 3730 602 3798 μέγας
631 3731 757 3795 δυὺξ
785 3731 886 3801 τὴν
919 3731 1167 3802 γνώμην,
1199 3733 1294 3786 καὶ
1341 3734 1714 3803 ἐπηγγέλλετο
1748 3737 1994 3807 ποιήσειν

420 3826 566 3878 κατὰ
589 3825 658 3876 τὰ
705 3825 1115 3893 συντεθειμένα.
1156 3827 1245 3878 ’Ev
1276 3826 1454 3897 τούτῳ
1499 3827 1555 3880 δὲ
1585 3828 1663 3896 τῷ
1696 3829 1870 3899 χρόνῳ
1897 3832 1994 3884 καὶ

421 3919 862 3986 πρωτοστράτωρ
889 3917 916 3969 ό
935 3917 1184 3986 γαμϐρὸς
1213 3919 1492 3988 ἀπεπνίγη
1519 3920 1656 3989 πρὸς
1695 3921 1776 3990 τῷ
1807 3921 1994 3992 Ἐὃρῳ

419 4008 773 4077 πολιορκοῦσι
831 4010 891 4061 τὸ
959 4009 1258 4078 Ἐμπυθιου
1320 4011 1616 4082 φρούριον·
1681 4013 1822 4064 κατὰ
1883 4013 1992 4082 γὰρ

424 4100 776 4170 μεσημϐρίαν
814 4100 1013 4170 θέρους
1037 4100 1137 4170 ἤδη
1165 4099 1450 4169 λήγοντος,
1484 4101 1876 4172 διανηχόμενος
1900 4103 1992 4154 τὸν

421 4192 666 4260 ποταμὸν
697 4192 756 4243 ἐν
792 4191 1058 4257 παιδιαῖς,
1090 4191 1376 4260 ἀπεπνίγη
1409 4191 1487 4261 τῷ
1517 4191 1754 4263 ῥεύματι
1789 4210 1992 4263 συναρι

425 4285 666 4348 πασθείς.
699 4285 981 4355 Μεγιστην
1021 4284 1124 4355 μέν
1153 4281 1246 4339 οῦν
1278 4287 1499 4354 ἐνόμισε
1553 4289 1842 4358 συμφορὰν
1893 4288 1988 4342 τοῦ

418 4377 676 4447 γαμϐροῦ
709 4377 808 4449 τὴν
839 4377 1121 4448 τελευτὴν,
1174 4378 1269 4430 καὶ
1313 4377 1617 4449 ἐπένθησεν
1654 4381 1740 4450 ἐφ’
1781 4381 1990 4436 ἱκανόν.

433 4472 628 4542 Ὀλίγῳ
656 4471 714 4523 δὲ
758 4470 986 4540 ὕστερον
1031 4470 1344 4539 ἀναστήσας
1394 4468 1494 4540 τὴν
1542 4472 1826 4540 στρατιὰν,
1861 4475 1989 4527 ἐπο-

2098 3275 2386 3337 compacto
2435 3267 2705 3322 facturum
2775 3266 3048 3336 promisit.
3107 3266 3211 3321 Per
3264 3267 3409 3322 idem
3463 3277 3678 3337 tempus

2096 3376 2206 3432 quo
2260 3360 2607 3432 Empythium
2653 3359 3046 3426 obsidebatur,
3102 3360 3266 3414 etiam
3331 3374 3498 3431 gener
3555 3361 3676 3430 ejus

2097 3463 2459 3524 protosmnor
2517 3451 2570 3505 in
2629 3451 2808 3506 Ilebro
2867 3453 3196 3520 praelocatus
3260 3461 3362 3506 est.
3417 3453 3673 3523 Extrema

2097 3559 2332 3612 namque
2381 3549 2593 3609 testate,
2640 3542 2769 3596 dum
2829 3541 3059 3596 meridie
3103 3557 3201 3612 per
3232 3541 3419 3596 ludum
3471 3541 3672 3595 ﬂumen

2098 3643 2297 3698 tranat,
2339 3636 2606 3690 undarum
2631 3633 2838 3704 impetu
2867 3635 3126 3704 abreptus
3161 3633 3392 3688 interiit.
3422 3632 3504 3689 Ob
3528 3634 3675 3690 hanc

2096 3729 2281 3799 generi
2344 3738 2578 3782 mortem
2632 3735 2691 3781 ut
2739 3726 2844 3787 sibi
2874 3727 3234 3781 vehementer
3277 3727 3672 3789 calamitosam,

2095 3820 2184 3874 ille
2207 3821 2300 3874 diu
2358 3820 2414 3873 in
2471 3819 2621 3874 luctu
2679 3827 2735 3873 et
2781 3820 3034 3889 squalore
3082 3818 3204 3873 fuit.
3266 3817 3385 3873 Non
3442 3820 3670 3873 multum

2093 3911 2301 3966 ellluxit
2355 3910 2641 3980 temporis,
2705 3925 2828 3964 cum
2883 3910 3185 3964 exercitum
3232 3908 3670 3979 Didymoticbum

2093 4002 2341 4057 adduxit.
2369 4001 2692 4071 Priusquam
2727 4010 2910 4055 autem
2957 4001 3024 4055 ad
3074 4001 3334 4072 oppidum
3373 4004 3673 4073 appropin-

2093 4105 2308 4166 quaret,
2343 4094 2538 4148 Macrae
2586 4091 2890 4147 antistitem
2938 4094 3004 4146 ad
3038 4094 3420 4162 imperatorem
3480 4095 3670 4161 mittit,

2092 4187 2185 4258 qui
2243 4186 2456 4250 doceat,
2509 4186 2686 4254 ipsum
2743 4183 2891 4237 brevi
2939 4182 3275 4248 ail'uturum,
3337 4199 3446 4238 non
3501 4187 3672 4256 magis

2093 4279 2305 4333 hostem
2343 4291 2504 4345 quam
2533 4275 2799 4345 amicum,
2838 4281 2893 4327 et
2927 4274 3348 4338 collocuturttm,
3380 4277 3447 4329 de
3469 4275 3670 4345 quibus

2092 4379 2252 4424 antea
2295 4367 2634 4437 signiﬁcarit.
2683 4364 2929 4419 Mittebat
2976 4368 3196 4434 insuper
3246 4381 3426 4419 ceram
3464 4367 3670 4423 annulo

2093 4461 2441 4531 imperatoris
2465 4460 2789 4528 impressam
2822 4460 3005 4526 (quam
3039 4457 3186 4510 inter
3233 4456 3340 4510 alia
3375 4457 3497 4511 belli
3529 4467 3668 4512 tem-

423 4519 612 4633 ρεύετο
641 4564 720 4625 εἰς
759 4519 1140 4632 Διδυμότειχον
1180 4601 1195 4614 .
1225 4519 1372 4630 ,Πρὶν
1400 4519 1462 4615 δέ
1489 4519 1657 4630 ἐγγῦς
1699 4519 1860 4628 εἷνανι,
1897 4565 1988 4618 τὸν

2097 4519 2228 4623 poi'e
2257 4552 2601 4619 abstulerat),
2656 4564 2753 4600 ceu
2807 4547 3001 4617 pignus
3051 4547 3318 4616 quoddam
3369 4548 3671 4602 vacationis

419 4655 656 4722 Μάκρης
679 4652 945 4722 ἀρχιερέα
973 4651 1109 4721 πρὸς
1151 4650 1378 4720 βασιλέα
1409 4652 1656 4722 πέμψας,
1684 4653 1871 4724 ἐδήλου
1905 4655 1987 4709 ὅτι

419 4745 670 4811 ἁςίξοιτο
709 4745 848 4813 μετὰ
886 4745 1105 4815 μικρὸν,
1128 4745 1189 4796 οὐ
1235 4745 1436 4812 μᾶλλον
1463 4746 1779 4817 πολέμιοςῆ
1815 4746 1987 4815 φίλος,

419 4833 508 4882 καὶ
558 4830 964 4898 διαλεξόμενος,
1020 4832 1150 4904 περὶ
1190 4825 1267 4885 ὧν
1329 4833 1596 4904 πρότερον
1661 4835 1984 4904 μηνύσειενο

420 4924 636 4992 ἔπεμπέ
682 4941 740 4976 τε
782 4924 882 4976 καὶ
916 4926 1088 4995 κηρὸν
1129 4927 1580 4997 ἐσφραγισμένον
1603 4928 1681 4998 τῷ
1721 4929 1989 4998 βασιλέως

417 5014 706 5082 δακτυλίῳ,
732 5015 791 5068 ὃν
813 5009 959 5086 εἶχεν
977 5017 1312 5086 ἀφελόμενος
1334 5018 1499 5081 αὐτὸς
1525 5023 1660 5088 μετὰ
1686 5020 1791 5072 ἱῶν
1812 5021 1988 5074 ἄλλων

418 5111 476 5160 ἐν
516 5109 593 5178 τῷ
631 5108 724 5162 τοῦ
749 5110 988 5180 πολέμου
1007 5111 1183 5181 χρόνῳ
1219 5127 1236 5142 ⁶
1269 5112 1457 5182 ὥσπερ
1479 5130 1537 5166 τι
1592 5115 1844 5186 ἐνέχυρον
1869 5118 1989 5168 ἐκε-

418 5199 630 5268 χειρίας
673 5200 766 5254 καὶ
816 5201 1106 5270 ἀνακωχῆς
1157 5200 1423 5270 πολέμου.
1477 5201 1739 5266 Βασιλεὺς
1772 5203 1827 5256 δέ
1859 5204 1990 5274 ἁλη-

419 5288 597 5342 θεύειν
649 5290 858 5344 ἐκεῖνον
916 5290 1147 5360 οἰηθεὶς,
1197 5290 1476 5344 ὼπλίσατο
1533 5292 1874 5363 μὲν,ῶσπερ
1919 5289 1986 5365 ἦν

420 5381 855 5451 συντεθειμένον,
911 5385 1007 5434 καὶ
1061 5383 1353 5452 περιέμενε
1394 5383 1492 5453 τὴν
1541 5383 1754 5437 ἐκείνου
1797 5403 1986 5437 συντυ-

416 5473 560 5539 χίαν,
609 5473 821 5536 ὀλίγους
868 5473 1022 5532 τινὰς
1072 5473 1178 5536 ἔξω
1208 5471 1549 5535 καταλιπὼν,
1581 5473 1679 5542 τῆς
1719 5473 1764 5526 δ’
1815 5474 1985 5544 ἄλλης

417 5565 675 5631 στρατιᾶς
709 5565 910 5633 μηδένα
947 5563 1144 5632 τειχῶν
1184 5565 1436 5617 ἐκέλευεν
1468 5565 1572 5629 ἔξω
1601 5561 1765 5631 εἶναι,
1797 5565 1982 5630 δ.διὼς

416 5654 491 5723 μὴ
523 5657 677 5727 παρά
708 5656 856 5712 τινός
884 5673 938 5709 τι
967 5658 1077 5711 τῶν
1106 5657 1388 5726 νεωτέρων
1413 5658 1682 5728 τολμηθῇ,
1714 5660 1806 5712 καὶ
1841 5660 1979 5729 πρό-

413 5763 576 5814 φασις
605 5745 818 5815 γένοιτο
851 5745 945 5799 τοῦ
977 5747 1051 5817 μὴ
1083 5749 1173 5800 τὸν
1214 5748 1448 5816 πόλεμον
1479 5749 1874 5819 καταλυθῆναι.
1922 5749 1978 5804 Ὀ

2094 4655 2151 4699 et
2198 4645 2535 4698 induciarum
2582 4639 2850 4694 videlicet.
2884 4637 3372 4710 5941ιηρεηιοι·
3415 4641 3671 4708 opinatus

2090 4733 2243 4788 illum
2272 4748 2397 4786 vera
2431 4731 2601 4800 loqui,
2637 4734 2938 4784 secundum
2985 4739 3254 4784 conventa
3314 4746 3372 4785 se
3416 4733 3668 4796 ornabat,

2089 4825 2315 4894 ejusque
2343 4837 2692 4892 congressum
2732 4823 3103 4892 exspectabat,
3127 4821 3496 4892 militibusque
3531 4839 3669 4892 pau-

2090 4915 2171 4969 cis
2201 4914 2526 4982 quibusdam
2560 4913 2691 4967 foris
2717 4914 2942 4976 relictis,
2985 4928 3055 4966 ne
3081 4913 3204 4982 quis
3229 4921 3549 4966 caeterorum
3581 4929 3667 4966 ex-

2093 5013 2174 5060 tra
2208 5021 2392 5060 muros
2417 5006 2658 5074 prodiret
2691 5005 2961 5071 edicebat,
2987 5014 3241 5059 metuens
3279 5007 3560 5069 nimirum,
3597 5019 3666 5057 ne

2088 5096 2364 5166 quippiam
2397 5113 2578 5151 rerum
2630 5111 2895 5151 novarum
2935 5099 3314 5166 designantur
3363 5098 3431 5152 ab
3459 5097 3664 5163 aliquo,

2092 5183 2236 5236 unde
2291 5184 2506 5237 occasio
2552 5183 2679 5238 belli
2741 5186 2982 5238 nondum
3041 5186 3263 5239 ﬁniendi
3315 5197 3660 5239 nasceretur.

2088 5271 2260 5328 Porro
2308 5290 2539 5345 magnus
2586 5275 2715 5340 dux,
2767 5285 3059 5344 antequam
3109 5277 3299 5331 urbem
3350 5277 3662 5343 attingeret.

2089 5365 2274 5423 missis
2297 5365 2594 5436 sagittariis
2641 5365 2849 5434 aliquot
2909 5376 2964 5420 et
3007 5365 3320 5434 manipulis,
3355 5364 3664 5432 Dydimoti-

2091 5460 2179 5516 chi
2235 5466 2666 5528 propugnatores
2725 5457 2926 5510 adoriri
2997 5455 3184 5522 jussit.
3230 5454 3331 5520 Qui
3374 5453 3662 5508 confertim

2090 5551 2381 5614 instantes,
2423 5547 2526 5602 tela
2557 5546 2746 5602 crebra
2784 5546 3076 5615 iaciebant.
3138 5545 3405 5598 Praeterea
3463 5544 3663 5598 subur—

2087 5641 2229 5695 bana
2262 5639 2486 5694 aedilicia
2521 5637 2782 5706 conjectis
2823 5636 3040 5706 ignibus
3079 5635 3462 5688 incendebant.
3503 5633 3661 5688 llune

2086 5731 2138 5784 in
2165 5730 2383 5785 modum
2419 5730 2559 5783 facto
2596 5727 2662 5782 ab
2692 5727 2798 5780 illis
2839 5725 3109 5795 pugnandi
3146 5725 3316 5789 initio,
3358 5724 3658 5792 llidymoti-

417 5840 589 5906 μέγας
619 5814 672 5892 δὲ
713 5839 859 5905 δοὺξ,
893 5814 1164 5910 πρέν⁷τῆς
1214 5814 1424 5901 πόλεώς
1453 5841 1620 5908 ἐγγὺς
1661 5814 1837 5897 nam
1869 5841 1977 5895 τῶν

2096 5823 2309 5878 :hcnses
2335 5830 2646 5890 erumpunt,
2695 5818 2981 5886 mult'squc
3009 5814 3411 5890 convulneratis
3451 5832 3478 5868 a
3527 5829 3662 5868 ιιςω-
