4014 6498
443 414 579 476 1127

1630 411 1876 474 JOANN
1891 413 1959 474 IS
1994 410 2529 475 CANTACUZENI

3613 411 3754 477 ΗΞὸ

439 527 670 597 aliisque
701 529 961 584 omnibus
1016 535 1163 581 metu
1219 541 1282 582 ac
1317 527 1546 582 horrore
1601 526 1720 597 ejus
1763 525 2019 596 potentiae

2151 525 2251 579 δὼν
2289 526 2379 580 τὸν
2436 523 2892 596 Καντακουζηνδν
2939 523 3101 578 ἄδικα
3145 503 3234 578 κάὶ
3294 522 3471 594 βίαια
3513 522 3759 579 διανοού-

442 619 742 685 deterritis,
774 620 952 691 palam
995 620 1046 673 ei
1086 618 1283 673 bellum
1328 617 1614 682 indixisse,
1657 633 1830 688 eoque
1861 633 2032 687 angu—

353 701 386 777 “_
443 713 675 766 stiarum
745 710 1100 782 eompulisse.
1136 695 1202 765 tut
1246 711 1402 782 prius
1450 710 1837 774 Triballorum,
1887 723 2036 764 nunc

379 802 387 868 ᾗ
448 805 667 857 tmnlem
724 802 1018 858 Persarum
1084 803 1283 856 auxilia
1349 802 1679 872 implorarit.
1721 803 1793 858 Se
1843 814 2026 857 autem

444 896 726 966 diligentia
761 905 817 950 et
849 897 1072 950 solertia
1123 911 1216 950 sua
1273 894 1480 950 factum
1535 895 1800 951 infectum
1845 895 1945 956 illi,
1983 905 2038 950 et

447 1003 546 1057 pro
581 989 744 1042 sociis
768 988 953 1042 hostes
978 986 1302 1051 reddidisse,
1334 986 1556 1056 jamque
1587 987 1651 1039 ad
1685 1001 1778 1040 eas
1805 985 2036 1040 difﬁcul-

449 1089 589 1133 tates
617 1079 892 1134 hominem
936 1078 1206 1149 adegisse,
1259 1089 1319 1135 ut
1354 1079 1593 1150 imperio
1631 1094 1691 1136 se
1737 1079 2035 1144 abiturum,

448 1171 828 1241 privatamque
881 1171 1049 1225 vitam
1107 1158 1386 1226 victurum
1437 1171 1771 1242 promiserit.
1807 1171 2038 1236 Quando

451 1271 632 1317 autem
666 1266 781 1332 ipse
807 1273 928 1332 post
958 1272 1037 1318 tot.
1062 1262 1296 1327 labores,
1318 1270 1611 1332 tantasque
1633 1262 2037 1327 contentiones,

451 1363 506 1407 et
533 1362 678 1407 tanta
710 1353 1024 1407 discrimina
1050 1361 1280 1407 conatus
1300 1368 1430 1407 suos
1454 1354 1599 1408 bono
1623 1353 1731 1408 line
1751 1352 2038 1408 concluse-

451 1453 542 1510 rit,
591 1457 703 1502 tum
750 1449 897 1517 ipsos
947 1446 1307 1517 incogitantia
1359 1463 1455 1501 sua
1511 1445 1696 1501 omnia
1753 1446 2036 1501 evertisse.

451 1539 586 1593 Nam
629 1539 724 1593 ubi
756 1539 1005 1608 cognorit
1035 1539 1158 1592 illos
1188 1539 1256 1592 de
1308 1553 1441 1607 pace
1478 1547 1533 1593 et
1569 1538 1771 1593 foedere
1819 1553 1940 1592 cum
1973 1552 2039 1592 eo

450 1631 688 1684 ineundo
709 1630 1040 1695 deliberare,
1073 1639 1133 1683 ut
1163 1631 1467 1699 imperator
1508 1630 1580 1685 sit
1625 1630 1802 1684 nihilo
1833 1629 2037 1695 minus,

451 1720 682 1790 abiectis
751 1720 1008 1775 omnibus
1070 1720 1181 1776 huc
1236 1721 1520 1776 advolasse
1555 1760 1569 1786 ,
1627 1730 1681 1776 et
1734 1721 1881 1776 domi
1925 1720 2038 1790 jam

453 1814 664 1865 futuras
693 1812 940 1866 miserias
961 1826 1143 1866 secum
1171 1812 1554 1866 commentari.
1585 1810 1859 1866 Timuisse
1876 1826 2039 1883 porro

2140 635 2322 688 μενον,
2367 619 2465 673 καί⁵
2495 619 2554 672 οὗ
2589 620 2750 689 μόνον
2778 617 3084 688 βασιλείας,
3124 616 3262 671 ἀλλὰ
3322 617 3432 670 καὶ
3473 616 3632 687 ζωῆς
3663 621 3760 671 αὑ-

2135 710 2236 780 τῆς
2291 713 2617 781 ἀποστερεῖν
2665 711 2996 780 βουλόμενον
3031 709 3203 779 αὐτὴν
3235 709 3345 761 καὶ
3384 709 3634 771 παῖδας,
3667 711 3759 762 καί

2137 820 2218 856 τοι
2257 803 2427 856 πολλὰ
2475 805 2742 873 πρότερον
2783 801 2878 857 ὑπ’
2910 802 3122 880 ἐκείνου
3185 799 3638 871 εὐεργετηθεὶς,
3668 801 3759 854 καὶ

2135 897 2340 959 δίκαιος
2367 895 2444 950 ὢν
2484 897 2625 966 ὑπὲρ
2664 895 2878 949 ἐκείνου
2906 894 3090 949 πάντα
3134 894 3404 948 κίνδυνον
3440 893 3758 963 αἱρεῖσθαι.

2139 988 2504 1057 ἀμειϐόμενος
2553 989 2657 1056 τῆς
2719 986 3016 1049 εύποιῖας,
3064 988 3093 1040 ὁ
3155 985 3210 1038 δὲ
3280 984 3516 1054 μᾶλλον
3589 983 3763 1037 εῖλετο

2139 1082 2279 1150 ὑπὲρ
2333 1081 2514 1134 αὐτῶν
2545 1078 2997 1139 διακινδυνεύειν,
3045 1078 3078 1148 ἢ
3125 1077 3300 1146 τιμὰς
3356 1076 3472 1139 τὰς
3529 1076 3762 1144 πρώτας

2141 1169 2492 1240 καρποῦσθαι
2534 1170 2666 1240 παρ’
2698 1168 2869 1238 αὐτῷ,
2897 1167 3008 1220 τῶν
3047 1167 3264 1222 ἀτόπων
3303 1165 3507 1236 ἔργων
3538 1165 3762 1237 βδελυτ-

2140 1264 2367 1331 τόμενος
2419 1262 2519 1333 τὴν
2574 1261 2896 1316 κοινωνίανο
2947 1259 3187 1329 πόλεμόν
3242 1276 3311 1312 τε
3380 1259 3572 1328 ἧρατο
3625 1258 3759 1328 πρὸς

2141 1353 2347 1404 ἐκεῖνον
2385 1353 2655 1420 φανερῶς,
2693 1351 2802 1405 τῶν
2855 1351 3032 1404 ἄλλων
3083 1351 3307 1404 πάντων
3349 1348 3754 1403 ἀποκνούντων

2141 1445 2235 1496 καὶ
2268 1443 2364 1514 τὴν
2396 1444 2628 1512 δύναμιν
2657 1432 3029 1512 πεφρικότων,
3067 1444 3164 1496 κιὶ
3200 1444 3257 1506 ἐς
3291 1441 3596 1510 τοσαύτην
3633 1457 3758 1493 συν-

2141 1535 2341 1605 ήλασεν
2368 1537 2628 1606 ἀπορίαν,
2686 1537 2828 1589 ὥστε
2883 1535 3148 1606 πρότερόν
3171 1551 3228 1587 τε
3263 1533 3592 1605 Τριϐαλῶν
3626 1535 3757 1604 πρὸς

2144 1628 2468 1698 ἐπικουρίαν
2511 1628 2793 1700 δεηθῆναι,
2835 1629 2933 1681 καὶ
2970 1629 3039 1681 τά
3086 1629 3396 1682 τελευταῖα
3463 1626 3567 1680 νῦν
3618 1626 3755 1694 Περ·

2145 1719 2274 1772 σῶν.
2311 1719 2487 1782 Αὐτὸς
2546 1719 2602 1772 δὲ
2657 1719 2866 1789 σπουδῇ
2923 1719 3094 1787 πολλῇ
3155 1719 3249 1771 καὶ
3317 1717 3619 1787 ἀγχινοίᾳ,
3678 1716 3753 1773 ίί;

2144 1809 2458 1862 τούναντίον
2483 1808 2634 1879 αὐτῷ
2657 1808 2877 1862 ἅπαντα
2912 1808 3267 1880 περιτρέψαι,
3308 1810 3417 1862 καὶ
3447 1808 3749 1878 πολεμίους

454 1904 522 1958 ad
579 1919 699 1957 eam
752 1904 1034 1968 accedere,
1085 1918 1177 1967 ne,
1210 1919 1331 1974 quae
1370 1905 1596 1958 absente
1621 1919 1681 1958 se
1734 1904 1919 1958 verbis
1953 1903 2049 1958 dc-

2151 1900 2302 1970 αὺτῷ
2341 1901 2460 1953 ἀντὶ
2521 1901 2831 1971 συμμάχων
2887 1901 3098 1964 πάντας
3145 1901 3477 1967 ἀποῖεῖξαι,
3526 1902 3624 1952 καὶ
3661 1900 3750 1951 νῦν

455 1997 756 2061 creverint,
805 1996 967 2066 597
1025 2004 1295 2063 prasente
1347 2013 1404 2051 re
1442 1997 1772 2066 compleant,
1824 2003 1879 2049 et
1916 1995 2042 2066 quia

454 2085 763 2152 dissentiat,
788 2085 910 2140 ideo
939 2083 1344 2156 pereat.Quare
1376 2086 1420 2141 si
1445 2085 1635 2140 isthmc
1662 2095 1722 2140 ut
1745 2086 2042 2156 plurimum

455 2181 850 2234 detrimentosa
882 2178 1192 2244 omiserint,
1229 2179 1542 2262 bellumque
1587 2188 1645 2234 ut
1691 2193 1720 2232 ιι
1767 2179 2044 2248 principio

454 2283 649 2325 contra
685 2270 1131 2326 Cantacuzenum
1165 2272 1422 2341 persequi
1449 2271 1721 2326 voluerint
1741 2271 1868 2341 (hoc
1895 2273 2042 2326 enim
2070 2320 2076 2325 .

457 2363 810 2418 utilissimum
837 2362 1002 2431 fore),
1038 2373 1093 2417 et
1125 2377 1184 2417 se
1212 2373 1462 2432 paratum
1493 2378 1633 2428 esse,
1691 2363 1797 2418 ﬂde
1848 2363 1917 2417 ab
1952 2362 2044 2417 illa

456 2455 604 2518 data,
665 2453 803 2507 nihil
860 2454 1072 2508 adversi
1134 2469 1455 2523 passurum,
1509 2469 1633 2508 etim
1687 2454 1808 2509 aliis
1863 2454 2045 2509 moliri

457 2562 795 2617 qumcunque
824 2548 1137 2601 conducere
1176 2545 1496 2616 judicarint.
1533 2545 1592 2599 Si
1620 2545 1777 2599 aliter
1805 2547 2044 2598 animata

460 2641 532 2692 sit
561 2652 859 2706 pacemque
893 2637 1188 2690 multarum
1221 2637 1354 2705 ipsis
1395 2644 1450 2690 et
1477 2637 1770 2706 insignium
1821 2637 2046 2689 calami-

464 2737 634 2782 tatum
684 2727 923 2782 futuram
975 2729 1326 2782 seminarium
1379 2726 1520 2781 bello
1580 2727 1930 2797 praetulerit,
1989 2742 2048 2782 re

460 2819 732 2882 discussa,
765 2835 823 2873 se
857 2835 1076 2888 quoque
1119 2819 1444 2873 utilitatibus
1477 2819 1591 2874 suis
1619 2820 1848 2874 minime
1891 2821 2048 2875 defu-

461 2924 644 2966 turum
677 2930 690 2966 :
731 2912 956 2967 omnino
993 2913 1138 2967 enim
1172 2927 1230 2967 se
1263 2927 1495 2982 quoque,
1527 2922 1582 2967 et
1632 2913 1848 2968 facilius
1881 2929 2045 2993 quam

461 3005 596 3057 alios
624 3018 785 3073 posse
821 3005 981 3058 rebus
1011 3004 1126 3059 suis
1157 3006 1298 3058 bene
1329 3004 1640 3060 consulere.
1675 3003 1803 3060 [Ἰδέα
1831 3006 1920 3059 ille
1952 3021 2047 3076 per

462 3096 826 3164 patriai-chain
898 3097 965 3150 a'd
1044 3096 1474 3166 imperzlricent.
1548 3097 1743 3152 Postea
1798 3115 1922 3152 tum
1993 3107 2050 3152 et

463 3204 695 3258 magnus
724 3189 998 3258 logmheta
1023 3188 1260 3244 Gabalas
1292 3204 1416 3243 eum
1453 3190 1675 3256 viseret,
1717 3179 1947 3244 miriﬁce
1992 3191 2045 3244 in

464 3295 531 3334 eo
571 3295 628 3334 se
655 3281 941 3350 deceptum
987 3282 1160 3345 dixit,
1204 3281 1502 3337 arbitratus
1535 3281 1871 3350 intelligendi
1918 3298 2046 3337 acu-
2077 3249 2119 3302 Ο

466 3373 612 3427 mine
649 3388 937 3443 rerumque
986 3389 1304 3443 magnarum
1351 3389 1452 3429 usu
1487 3374 1664 3444 ipsmn
1713 3376 1848 3431 alios
1893 3385 2047 3430 antc-

463 3465 684 3519 ccllere.
710 3464 848 3519 Nam
871 3467 1014 3534 quod
1041 3481 1188 3520 nunc
1209 3466 1484 3536 opinetur,
1512 3483 1634 3520 cum
1660 3468 2048 3521 Cantaeuzeno

468 3558 636 3610 tantis
685 3557 895 3611 meritis
927 3559 1244 3623 obstrictus,
1276 3559 1477 3612 bellum
1527 3559 1702 3612 eidem
1732 3567 1784 3612 et
1822 3559 2048 3613 insidias

466 3645 692 3699 inclitus
735 3645 828 3710 sit,
857 3647 1015 3716 eique
1045 3647 1278 3718 plurima
1335 3657 1392 3702 et
1436 3650 1778 3720 gravissima,
1821 3651 1865 3704 si
1896 3651 2048 3720 quis-

467 3755 631 3808 quam
677 3740 837 3806 alius,
867 3742 1216 3796 incommoda
1245 3743 1536 3808 creaverit,
1561 3756 1708 3795 nunc
1741 3743 1879 3797 facta
1913 3759 2049 3814 pace

470 3841 818 3885 mansuetum
861 3839 1025 3902 atque
1071 3833 1396 3887 clementem
1443 3843 1885 3900 experturum,et
1939 3851 2048 3889 non

467 3926 655 3990 potius
713 3938 882 3994 seque
929 3940 1194 3994 suamque
1221 3923 1480 3978 familiam
1517 3923 1762 3979 inaudito
1811 3927 2048 3996 'quodam

471 4013 634 4065 modo
683 4023 737 4066 et
787 4021 846 4067 ut
893 4013 1051 4069 factis
1110 4013 1188 4067 illi
1250 4013 1594 4069 contumeliis
1647 4013 1868 4085 dignum
1926 4027 2045 4081 est,

475 4106 804 4174 periturum,
836 4123 1028 4176 parum
1066 4120 1479 4176 saperemeque
1512 4107 1668 4175 gbene
1699 4109 2050 4179 ratiocinari;

418 4204 424 4212 '
469 4197 629 4269 longe
681 4201 828 4253 enim
879 4199 1117 4268 amplius
1173 4198 1375 4253 bellum
1425 4199 1577 4268 ipsis,
1636 4215 1798 4269 quam
1860 4217 2049 4271 pacem

470 4293 962 4346 wnnuodaturum.
994 4291 1128 4344 Nam
1154 4292 1198 4345 si
1230 4291 1433 4346 bellum
1463 4303 1672 4361 gerant,
1705 4295 1884 4348 salvos
1906 4309 2052 4348 sem-

471 4381 570 4451 per
613 4394 670 4437 et
729 4385 1096 4452 imperaturos
1124 4384 1260 4438 fore.
1308 4383 1464 4448 Quod
1509 4386 1554 4440 si
1599 4386 1669 4440 ob
1726 4386 1782 4439 id
1840 4386 2053 4455 imperii

472 4474 912 4529 imminutionem
949 4477 1244 4543 patiantur,
1282 4491 1388 4532 non
1426 4477 1551 4532 ideo
1616 4478 1846 4533 salutem
1882 4479 2056 4549 neglic

2147 1992 2228 2054 είς
2258 1993 2517 2044 τοσοῦτον
2556 1992 2792 2062 ἀπορίας
2825 1993 3078 2061 ἀγαγεῖν,
3109 1990 3250 2044 ὥστε
3287 1991 3745 2060 ἐπαγγείλασθαι

2143 2086 2243 2155 τὴν
2294 2084 2578 2155 βασιλείαν
2622 2083 2987 2155 ἀποθέμενον,
3031 2084 3145 2154 βίον
3190 2085 3420 2138 ἰδιώτου
3455 2085 3586 2154 ζῇν.
3621 2084 3746 2136 Ὅτε

2142 2175 2198 2228 δὲ
2234 2177 2408 2229 πολλά
2442 2176 2638 2246 καμὼν
2685 2176 2783 2229 καὶ
2829 2175 3270 2244 ἀγωνισάμενος,
3307 2177 3415 2229 κα)⁵
3459 2174 3742 2234 κινδύνους

2143 2270 2439 2332 τοσούτους
2469 2267 2774 2338 ὑπομείνας
2809 2268 3018 2338 ἢγαγεν
3076 2267 3158 2330 είς
3201 2266 3368 2330 τέλος
3402 2267 3623 2335 ἀγαθὸν
3650 2264 3739 2334 τὴν

2145 2362 2500 2432 ἐπιχείρησιν
2523 2401 2536 2426 ,
2573 2360 2684 2414 τότ’
2723 2359 2879 2413 αὐτοὶ
2930 2359 3024 2412 ὑπ’
3061 2357 3329 2422 ἀϐουλίας
3375 2359 3605 2413 ἅπαντα
3633 2359 3741 2409 dvi-

2144 2454 2373 2523 τρεψαν.
2437 2455 2753 2523 Πυθόμενον
2812 2454 2922 2523 γάρ
2973 2453 3174 2518 αὑτὸν,
3223 2451 3304 2515 ὼς
3354 2451 3743 2520 βουλεύσαιντο

2146 2547 2374 2616 εἰρήνην
2405 2545 2659 2598 τίθεσθαι
2699 2546 2838 2617 πρὸς
2871 2547 3080 2598 ἐκεῖνον
3112 2546 3205 2596 καὶ
3230 2544 3503 2610 σπονδὰς,
3545 2543 3640 2595 ἐπὶ
3670 2540 3739 2608 τῷ

2149 2639 2377 2711 βασιλέα
2415 2635 2579 2706 εἶναι,
2621 2637 2801 2692 πάντα
2869 2636 3242 2691 καταλιπόντα
3294 2635 3504 2688 ἐνθάδε
3548 2634 3738 2704 ἥκειν,

2148 2733 2244 2786 καὶ
2281 2733 2421 2784 οῐκοι
2451 2733 2745 2800 γενόμενον
2773 2730 2835 2783 τὸ
2867 2729 3064 2801 μέλλον
3092 2731 3465 2783 ἀποσκοπεῖν.
3505 2726 3732 2780 Δεδιέναι

2147 2825 2257 2894 γὰρ
2322 2823 2458 2893 πρὸς
2511 2824 2682 2894 αὐτὴν
2742 2821 2957 2886 ἐλθεῖν,
3019 2821 3137 2892 μὴ,
3187 2820 3225 2874 ἃ
3283 2819 3465 2875 αὑτοῦ
3518 2820 3734 2877 ἀπόντος

2150 2915 2329 2984 λόγοις
2361 2916 2718 2988 ἐψηφίσαντο,
2767 2913 2956 2987 ἔργοις
3005 2914 3280 2983 παρόντος
3349 2912 3731 2982 τελεσθῇ,καὶ

2151 3011 2422 3081 ἀπόληται
2455 3010 2643 3074 αὐτὸς,
2667 3011 2766 3079 τὴν
2801 3011 3054 3063 ἐναντίαν
3076 3008 3308 3080 γνώμην
3349 3009 3520 3079 ἔχων.
3554 3007 3619 3061 Εἰ
3644 3004 3731 3074 μὲν

2150 3102 2244 3158 οὖν
2272 3146 2287 3169 ,
2335 3105 2566 3170 ἔφασκε,
2617 3105 2728 3156 τῶν
2770 3103 3032 3156 τοιούτων
3092 3101 3170 3165 ὡς
3230 3097 3728 3154 ἀλυσιτελεστάτων

2155 3194 2471 3262 ἀπόσχησθε
2529 3195 2623 3246 καὶ
2681 3195 2861 3255 αὐτοὶ,
2920 3193 3016 3245 καὶ
3070 3192 3163 3244 τὸν
3215 3191 3509 3261 πόλεμον,
3559 3187 3730 3252 ὥσπερ

2157 3287 2422 3357 ἐξαρχῆς,
2476 3287 2693 3340 ἕλοισθε
2735 3286 2874 3356 πρὸς
2916 3285 3384 3355 Καντακουζηνὺν
3412 3283 3594 3356 (τοῦτο
3627 3278 3722 3348 γάρ

2155 3383 2288 3448 ἡμῖν
2326 3379 2772 3432 λυσιτελέστατόν
2799 3377 2963 3448 ἐστι),
2996 3379 3092 3431 καί⁵
3135 3377 3300 3432 αὑτὸν
3349 3378 3576 3446 ἕτοιμον
3601 3369 3725 3426 εἶναι

2157 3473 2375 3532 πίστεις
2430 3468 2563 3540 παρ’
2628 3471 2803 3536 αὐτῆς
2867 3469 3206 3539 δεξάμενον,
3246 3468 3328 3533 ὡς
3391 3468 3549 3522 οὐδὲν
3590 3463 3723 3548 αυτῷ

2158 3564 2471 3630 ἀπαντήσει
2496 3562 2783 3632 δυσχερὲς,
2825 3563 3085 3633 πράττειν
3121 3563 3260 3631 μετά
3289 3563 3406 3615 τῶν
3441 3560 3614 3615 ἄλλων
3639 3557 3724 3609 ὅσα

2156 3654 2226 3709 ἂν
2266 3653 2488 3708 οἴωνται
2528 3654 2857 3724 συμφέρειν.
2918 3655 2981 3708 Εἰ
3027 3654 3072 3707 δ’
3116 3653 3227 3726 ἄρα
3277 3655 3465 3718 ἄλλως
3507 3653 3723 3720 ἔγνωκεν

2161 3747 2324 3820 αὑτὴ,
2359 3748 2478 3801 καὶ
2528 3749 2626 3816 τὴν
2672 3749 2899 3819 είρήνην
2948 3749 3152 3818 αίροϊτο
3187 3747 3416 3818 μᾶλλον,
3453 3746 3488 3817 ἢ
3533 3740 3724 3796 πολλῶν

2156 3844 2292 3913 ἡμῖν
2333 3843 2487 3895 ἔσται
2541 3843 2634 3895 καὶ
2697 3842 2953 3913 μεγάλων
2988 3842 3137 3894 αἰτία
3168 3840 3500 3911 συμφορῶν,
3532 3835 3718 3904 σκεψά-

2160 3953 2323 4006 μενον
2358 3939 2451 3988 καὶ
2481 3935 2679 4002 αὑτὸν,
2714 3937 2977 4006 πράττειν
3004 3935 3031 3988 ὅ
3069 3951 3122 3988 τι
3154 3935 3221 3988 ἂν
3251 3935 3384 4005 δοκῇ
3419 3929 3720 3985 λυσιτελεῖν·

2157 4029 2380 4089 πάντως
2416 4027 2471 4079 δὲ
2519 4027 2782 4080 δύνασθαι
2827 4027 2925 4081 καὶ
2963 4027 3133 4080 αὑτὸν
3165 4026 3368 4096 μᾶλλον
3417 4024 3528 4078 τῶν
3558 4019 3719 4074 ἄλλων

2159 4115 2220 4173 εὖ
2252 4103 2632 4173 διαθέσθαιτά
2658 4118 2782 4173 καθ’
2806 4120 3025 4174 ἑαυτόν.
3057 4119 3294 4173 Τοιαῦτα
3341 4119 3446 4190 μὲν
3479 4119 3570 4170 καὶ
3600 4113 3717 4182 api;

2163 4213 2426 4282 βασιλίδα
2453 4212 2543 4266 διά
2585 4213 2683 4266 τοῦ
2715 4214 3062 4284 πατριάρχου
3113 4211 3508 4286 ἐπρεσϐεύετο.
3549 4211 3716 4276 Παρι-

2161 4306 2467 4377 γενομένου
2508 4306 2567 4360 δὲ
2606 4307 2702 4360 καὶ
2751 4307 2973 4362 Γαϐαλά
3023 4306 3119 4360 τοῦ
3173 4306 3417 4378 μεγάλου
3449 4301 3714 4371 λογοθέτου

2113 4425 2121 4427 -
2161 4400 2302 4469 πρὸς
2325 4399 2511 4464 αὐτὸν,
2536 4399 2604 4452 τὰ
2646 4399 2882 4468 μέγιστα
2919 4397 3160 4468 ἔφασκεν
3188 4395 3570 4470 ἐξηπατῆσθαι
3600 4387 3712 4456 περὶ

2162 4489 2358 4556 αὐτοῦ,
2393 4491 2635 4561 νομίζων
2670 4491 2804 4545 πολὺ
2830 4491 2956 4555 τοὺς
2987 4491 3179 4555 ἄλλους
3205 4491 3566 4562 παρελαύνειν
3605 4497 3712 4534 6W-

473 4567 732 4635 gendam,
770 4569 1212 4637 quandoquidem
1245 4571 1418 4626 satius
1447 4570 1520 4625 sit
1554 4573 1822 4640 imperare
1843 4572 2049 4639 paucis,

2164 4583 2278 4636 έσει
2314 4600 2374 4636 τε
2403 4586 2497 4636 καὶ
2528 4585 2593 4654 τῇ
2631 4600 2698 4636 πε
2710 4583 2764 4653 pl.
2786 4585 2848 4638 τὸ
2878 4587 3172 4654 πράγμασι
3206 4584 3464 4654 μεγάλοις
3496 4576 3709 4650 χρῆσθαι

472 4676 633 4728 quam
668 4675 736 4714 eo
771 4662 1102 4730 ampliliealo
1125 4663 1350 4718 subesse
1379 4663 1522 4724 aliis,
1547 4675 1600 4715 et
1630 4662 1861 4730 ingloria
1883 4673 2058 4717 morte

473 4755 719 4824 defungi.
769 4755 987 4808 Etenim
1035 4757 1081 4810 si
1128 4771 1319 4826 pacem
1378 4770 1502 4809 cum
1563 4753 1658 4808 illo
1690 4755 2056 4824 paciscantur,

473 4863 582 4901 non
635 4862 760 4902 esse
795 4848 941 4915 quod
962 4847 1084 4901 illos
1108 4863 1136 4901 a
1162 4848 1407 4916 periculo
1425 4855 1571 4901 tutos
1588 4856 1806 4915 praestet
1826 4856 1880 4900 ct
1904 4849 2058 4903 inco-

475 4942 668 4994 lnmes.
754 4938 1083 4993 llortabatur
1165 4941 1352 5007 itaque
1413 4937 1677 4992 Gabalam
1753 4954 1812 4994 se
1877 4941 2059 4996 denuo

475 5048 664 5086 secum
686 5031 1071 5098 coniungeret,
1094 5029 1294 5083 bellum
1319 5029 1692 5094 resuscitaret,
1723 5039 1780 5085 et
1807 5041 2058 5086 mutuum

474 5131 878 5178 sacramentum
916 5131 1254 5188 renovaret;
1311 5122 1474 5176 ﬁliam
1531 5122 1652 5192 ejus
1700 5139 1926 5178 uxorem
1961 5125 2061 5179 du-

475 5227 666 5276 ceret;
700 5215 908 5285 pariter
926 5215 992 5270 ad
1018 5215 1219 5269 bellum
1249 5215 1648 5280 incumberent,
1680 5225 1734 5270 et
1755 5217 2058 5271 ltonnanum

479 5310 772 5380 imperium
793 5309 1268 5366 administrarent.
1302 5309 1400 5365 His
1427 5311 1608 5365 verbis
1637 5311 1792 5364 illum
1826 5311 2062 5364 irrctivit

479 5403 900 5459 etconcorditer
927 5404 1126 5457 bellum
1150 5403 1533 5460 decreverunt.
1558 5401 1828 5456 Jurahant
1851 5412 2059 5468 autem,

480 5494 716 5550 Gabalas
746 5493 970 5563 quidem
1000 5494 1065 5547 ad
1098 5493 1300 5548 bellum
1332 5507 1527 5561 magno
1575 5490 1702 5545 duci
1731 5505 1888 5558 Opem
1920 5493 2059 5542 latu-

483 5602 626 5646 rum.
685 5595 741 5640 et
769 5587 835 5640 de
867 5600 1000 5656 pace
1034 5601 1135 5640 nec
1169 5601 1227 5640 se
1264 5586 1446 5654 aliquo
1478 5583 1640 5636 modo
1670 5582 2057 5650 cogitaturum,

483 5695 586 5734 nee
616 5679 740 5733 aliis
797 5679 866 5734 de
915 5694 976 5733 ea
1031 5678 1430 5734 disserentibus
1477 5689 1863 5739 assensurum;
1919 5675 2066 5742 Apo-

484 5772 727 5826 cauchus
758 5787 913 5836 vero,
944 5773 1109 5826 ﬁliam
1145 5772 1196 5825 ei
1246 5784 1474 5824 uxorem
1519 5768 1774 5823 daturum
1801 5769 2062 5837 nulloque

485 5873 752 5931 pr-etoxtu
805 5865 1025 5932 nuptias
1077 5861 1399 5932 impeditum
1449 5862 1554 5927 iri,
1607 5866 1857 5930 quamvis
1909 5877 2063 5918 sacer

2160 4675 2556 4763 senatpiq...'l'b
2601 4677 2710 4746 γὰρ
2759 4675 2925 4728 αὑτὸν
2992 4677 3097 4729 ὑπὸ
3143 4668 3596 4740 Καντακουζηνοὺ
3639 4680 3711 4763 τίς·

2163 4769 2339 4822 σαῦτα
2397 4752 2860 4840 εὐεργετηθέντα,
2889 4768 3086 4824 ἔπειτα
3109 4769 3200 4823 τον
3239 4768 3359 4823 κατ’
3392 4763 3597 4820 ἐκείνου,
3629 4752 3707 4807 πό-
3755 4839 3759 4846 Ἰ

2159 4861 2326 4932 λεμον
2350 4863 2854 4931 συσκευασάμενον,
2887 4863 2980 4915 καὶ
3016 4863 3116 4934 τὴν
3145 4859 3439 4930 ἐπιϐουλὴν
3471 4854 3560 4909 καὶ
3588 4850 3702 4902 πολ·

2160 4953 2268 5006 λῶν
2296 4952 2468 5024 αὐτῷ,
2506 4954 2600 5006 καὶ
2635 4955 2890 5024 μεγάλων
2941 4953 3266 5008 αἰτιώτατον
3303 4945 3588 5022 συμφορῶν
3625 4939 3701 4993 καὶ

2161 5045 2374 5116 ὓὸρεων
2406 5048 2798 5115 γεγενημένον,
2835 5046 3034 5099 ἔπειτα
3063 5047 3158 5100 νῦν
3180 5046 3410 5110 οἴεσθαι,
3441 5042 3487 5094 εί
3515 5035 3699 5104 γένοιτο

2161 5141 2353 5209 εἰρήνη
2379 5140 2518 5211 πρὸς
2548 5141 2733 5203 αὑτὸν,
2762 5140 2975 5211 ἡμέρου
3023 5139 3384 5210 πειράσεσθαι
3431 5132 3522 5188 καὶ
3547 5135 3696 5195 προσ-

2163 5231 2348 5302 ηνοῦς,
2396 5232 2533 5285 ἀλλὰ
2585 5232 2661 5302 μὴ
2694 5233 2860 5285 αὑτὸν
2881 5235 2974 5285 καὶ
3004 5231 3162 5299 γένος
3196 5230 3365 5298 καινῷ
3409 5241 3508 5279 τινι
3538 5217 3695 5288 τρόπῳ

2164 5330 2259 5378 καὶ
2304 5326 2468 5389 ἀξίως
2517 5326 2615 5395 τῆς
2647 5325 2786 5394 πρὸς
2819 5326 3031 5391 ἐκεῖνον
3062 5322 3272 5394 ὕϐρεως
3301 5313 3610 5386 διαφθερεῖν,
3643 5303 3692 5353 οὐ

2165 5419 2575 5488 σωφρονοῦντος
2615 5420 2681 5470 άν
2711 5433 2793 5480 τις
2834 5417 3034 5485 τιθείη,
3063 5416 3185 5468 οὐδὲ
3230 5413 3402 5484 ὀρθῶς
3442 5408 3505 5459 τά
3537 5397 3689 5488 πράΓ
3722 5416 3726 5419 ·

2169 5484 2314 5578 ματα
2378 5509 2764 5578 λογιζομένου.
2795 5507 2936 5560 Πολὺ
2993 5484 3106 5575 γάρ
3145 5507 3349 5574 μᾶλλον
3407 5497 3577 5554 αὐτοῖς
3616 5484 3690 5588 τξν

2165 5605 2406 5673 πόλεμον
2462 5602 2787 5666 λυσιτελεῖν,
2821 5600 2853 5671 ἢ
2882 5601 2980 5669 τὴν
3013 5601 3264 5671 εἰρήνην.
3304 5589 3578 5661 ΙΙολεμοῦσι
3605 5589 3686 5647 μεν

2164 5697 2273 5765 γὰρ
2301 5672 2518 5758 ἐξέσται
2544 5690 2915 5767 διασώζεσθαι
2945 5690 3109 5761 μέχρι
3163 5688 3386 5751 παντὸς,
3419 5679 3502 5734 καὶ
3529 5672 3686 5767 ᾇρχειν

2163 5790 2271 5840 τῶν
2302 5769 2780 5856 πραγμάτων.“Δν
2794 5781 2840 5836 δ’
2870 5783 3084 5838 ὲλάσσω
3103 5781 3359 5850 γίνωνται
3387 5775 3484 5828 τῶν
3523 5765 3696 5856 δντίξνν.

2169 5883 2228 5933 οὗ
2265 5882 2373 5949 χρὴ
2405 5879 2490 5931 διὰ
2522 5878 2682 5931 τοῦτο
2708 5879 2807 5947 τὴν
2835 5876 3046 5930 οἰκείαν
3072 5875 3272 5937 αὐτοὺς
3307 5848 3683 5933 καταπροῖεσολι
