4014 6480
341 336 484 402 1129
1471 334 2016 397 HISTORIARUM
2059 334 2291 394 LIBER
2334 333 2446 393 III.
3439 331 3575 394 11m)

338 452 634 523 σωτηρίαν.
690 452 910 507 Βέλτιον
966 453 1075 526 γάρ
1116 452 1314 520 ὀλίγων
1347 452 1561 522 ἄρχειν,
1589 453 1622 521 ἢ
1677 451 1903 505 ἐκείνων

2007 452 2228 506 morbus
2259 450 2504 504 membra
2544 445 3102 517 depasceretur,(5i),
3153 454 3249 500 aut
3289 447 3573 517 epilepsta.

336 544 718 614 αὐξανομένων
749 545 841 597 ὐπ’
887 545 1071 608 ἄλλοις
1105 541 1245 598 εἶναι
1269 582 1284 609 ,
1320 544 1518 606 αὐτοὺς
1558 543 1617 596 δὲ
1667 542 1906 612 ἀποθνή-

2011 553 2107 597 aut
2135 542 2368 608 insania,
2393 550 2487 594 aut
2528 541 2908 611 qualecunque
2943 539 3162 596 demum
3194 538 3581 597 invaletudtnts

338 654 493 690 σκειν
521 637 756 700 ἀκλεῶς.
779 638 1016 708 Εἰρήνην
1032 636 1089 690 δὲ
1122 636 1258 706 πρὺς
1287 637 1494 688 ἐκεῖνον
1513 633 1895 701 ποιουμένους,

2010 648 2182 704 genus
2213 647 2272 687 se
2300 632 2600 686 invaderet.

338 733 441 784 οὐκ
473 730 585 785 ἔσθ’
608 732 636 784 ὅ
664 749 718 784 τι
747 730 858 784 τῶν
884 731 1147 786 κινδύνων
1177 731 1554 801 ἐξαιρήσεται.
1594 727 1954 782 Συνεϐούλευέ
1993 744 2055 781 τε
2093 727 2243 797 αὐτῷ
2275 726 2651 796 προσθέμενον
2686 720 2840 789 αὖθις
2870 724 2962 778 τὸν
2992 724 3228 794 πόλεμον
3276 723 3578 787 ἀνακινεῖν,

279 851 289 871 ι
335 825 431 877 καὶ
464 827 590 887 τοὺς
614 825 812 893 ὅρκους
849 823 1116 879 ἀνανεοῦν
1138 824 1264 887 τούς
1295 823 1434 894 πρὸς
1476 821 1743 892 ἀλλήλους
1770 835 1784 851 ο
1820 820 2122 891 λαμϐάνειν
2154 838 2215 873 τε
2263 821 2362 890 τὴν
2396 819 2561 872 αὐτοῦ
2602 818 2877 888 θυγατέρα
2912 816 3047 887 πρὸς
3069 816 3266 886 γάμον,
3299 816 3452 885 κοινῇ
3488 815 3581 867 τόν

334 908 402 969 τε
427 917 666 988 πόλεμον
696 919 1081 989 ἀναδέχεσθαι,
1131 920 1227 973 καὶ
1263 917 1362 988 τὴν
1407 917 1700 987 Ῥωμαίων
1730 917 1906 987 ἀρχὴν
1947 914 2170 970 ἰθύνειν.
2213 915 2339 968 Ἐπὶ
2374 914 2585 977 τούτοις
2614 913 2825 979 ἔπειθε,
2890 914 2986 967 καὶ
3025 911 3364 982 ἐψηφίσαντο
3424 914 3580 981 κοινῇ

334 1013 429 1067 τὸν
458 1015 724 1085 πόλεμον.
764 1017 1000 1085 Ὠμνυόν
1039 1032 1100 1068 τε
1141 1016 1270 1077 τούς
1310 1015 1533 1084 ὅρκους,
1593 1013 1735 1067 ὥστε
1771 1012 2022 1066 Γαϐαλᾶν
2059 1012 2157 1081 μὲν
2187 1011 2326 1082 πρὸς
2382 1011 2476 1065 τὸν
2522 1010 2759 1079 πόλεμον
2810 1010 2887 1080 τῷ
2938 1010 3160 1079 μεγάλῳ
3223 1005 3579 1078 συναίρεσθαι

334 1106 512 1173 δουκὶ,
543 1111 640 1161 καὶ
680 1110 953 1181 μηδέποτε
992 1111 1126 1180 περὶ
1166 1110 1394 1180 εἰρήνης
1431 1109 1559 1179 μήτ’
1588 1108 1751 1162 αὐτὸν
1786 1106 2205 1176 βουλεύσεσθαι,
2276 1107 2408 1178 μήθ’
2467 1108 2640 1177 ἑτέρῳ
2677 1107 2890 1176 λέγοντι
2954 1107 3373 1177 πεισθήσεσθαι.
3409 1107 3580 1159 Ἐκεῖο

262 1220 267 1229 ί
336 1219 425 1256 νον
487 1203 544 1255 δὲ
599 1205 750 1274 αὐτῷ
798 1203 1049 1265 ἐκδοῦναι
1100 1204 1198 1274 τὴν
1243 1203 1544 1273 θυγατέρα,
1600 1207 1697 1255 καὶ
1749 1202 1892 1255 κατὰ
1974 1202 2252 1272 μηδεμίαν
2321 1203 2600 1272 πρόφασιν
2651 1203 2745 1257 τὸν
2796 1204 2976 1273 γάμον
3043 1202 3359 1272 κωλυθῆναι
3389 1219 3404 1232 ⁸
3440 1202 3578 1257 ἀλλὰ

337 1295 443 1348 κᾶν
474 1295 578 1347 ὐπὸ
617 1297 714 1366 τῆς
749 1298 901 1366 ἱερᾶς
934 1298 1092 1351 νόσου
1146 1298 1217 1351 τὰ
1262 1297 1401 1367 μέλη
1438 1294 1769 1364 διαλωϐηοῇ.
1807 1294 1909 1347 κᾶν
1945 1292 2204 1364 ἐπιληιιιία
2237 1296 2270 1367 ἢ
2338 1295 2711 1368 μελαγχολία,
2760 1298 2792 1367 ἢ
2842 1299 3202 1372 ὀποιαδήποτε
3268 1300 3423 1364 νόσος
3454 1302 3579 1353 ἐπι-

338 1390 565 1459 γένηται
610 1388 784 1461 αὐτῷ,
821 1389 992 1461 μηδὲν
1031 1384 1172 1443 εἶναι
1227 1388 1336 1443 τῶν
1391 1386 1648 1440 τοιούτων
1673 1386 1907 1455 κώλυμα
1944 1387 2021 1456 τῷ
2049 1386 2234 1458 γάμῳ,

1605 1517 1768 1590 593
1804 1516 2032 1574 CAPUT
2071 1517 2306 1575 Lxxnt.
2412 1471 2421 1481 ’

340 1614 552 1688 Legatio
581 1613 882 1683 Apocauchi
907 1613 978 1666 ad
1007 1614 1419 1688 imperatricem,
1454 1630 1582 1688 qua
1618 1615 1673 1666 in
1717 1613 2156 1688 ‘Cantacuzenum
2201 1615 2264 1667 de
2312 1617 2515 1688 integro
2552 1617 2939 1688 inﬂammatur.
2990 1620 3335 1688 Apacauchus
3383 1620 3577 1673 iterum

405 1686 731 1758 dominatur,
763 1684 1091 1758 quanquam'
1121 1684 1421 1758 modestins.
1460 1693 1510 1737 et
1565 1684 1895 1758 legationem
1936 1686 2145 1758 suadet,
2177 1701 2277 1758 quo
2311 1684 2405 1758 sibi
2459 1684 2719 1758 consulat.
2776 1686 3008 1740 Mittitur
3035 1684 3257 1758 'legatio
3287 1707 3403 1743 cum
3443 1690 3579 1743 binis

406 1754 670 1827 epistolis,
697 1769 812 1821 quae
850 1756 1164 1827 recitantur.
1198 1753 1480 1827 Continent
1527 1764 1705 1827 autem
1748 1754 1986 1827 (rutilium
2034 1753 2098 1806 de
2142 1753 2470 1807 abdicatione
2524 1754 2905 1827 Cantacuaeni,
2941 1753 3257 1827 quam-eum
3309 1759 3576 1822 meditari,

404 1822 746 1899 Apocauchus
805 1824 1052 1878 mentitus
1101 1823 1299 1892 fuerat.
1356 1821 1541 1892 Legati
1588 1836 1707 1875 cum
1751 1823 2048 1876 conditione
2090 1837 2144 1875 se
2195 1832 2439 1878 venturos
2494 1821 2960 1894 prwsigni/icantf
2990 1827 3338 1898 Imperatoris
3392 1821 3576 1899 aeqan

404 1894 640 1948 nimitas.

425 2032 581 2087 Ἐπεὶ
620 2031 676 2085 δὲ
700 2032 794 2086 καὶ
832 2032 901 2087 τὰ
930 2036 1071 2089 κατὰ
1097 2032 1351 2087 Γαϐαλᾶν
1374 2030 1560 2103 διῴκει
1598 2027 1631 2106 ᾖ
1666 2033 1904 2104 μάλιστα

2076 2036 2150 2093 Ut
2187 2052 2311 2091 cum
2365 2037 2569 2095 Gabala
2631 2055 2849 2111 quoque
2893 2056 2982 2098 res
3020 2042 3072 2098 ei
3126 2042 3195 2098 ad
3241 2045 3576 2102 voluntatem

332 2117 612 2183 ἐϐούλετο,
663 2120 945 2187 συστήσας
990 2121 1070 2188 τῷ
1115 2122 1455 2193 πατριάρχῃ,
1505 2123 1721 2192 ἔπεμπε
1769 2122 1904 2193 πρὸς

2008 2128 2290 2194 successit,
2337 2144 2461 2184 eum
2499 2131 2823 2200 patriarchae
2846 2134 3215 2202 commendat,
3272 2137 3576 2207 ambosque

335 2208 608 2279 βασιλίδα.
644 2212 707 2263 Oi
739 2211 797 2263 δὲ
848 2211 1117 2276 ἐλθόντες,
1177 2211 1375 2283 πρῶτα,
1408 2214 1508 2283 μὲν
1558 2214 1906 2283 ἀπήγγελλον

2007 2218 2073 2273 ad
2111 2218 2516 2289 imperatricem
2574 2221 2764 2277 mittit.
2796 2221 2901 2289 Qui
2950 2222 3184 2293 primum
3219 2229 3380 2281 verba
3427 2229 3577 2296 Apo-

333 2302 460 2365 τούς
486 2301 701 2355 ἐκείνου
732 2302 929 2372 λόγους
964 2304 1201 2374 βασιλίδι
1231 2321 1244 2335 °
1270 2305 1461 2359 ἔπειτα
1517 2306 1906 2362 συνεϐούλευον

333 2391 410 2454 ὠς
447 2391 637 2446 δικαία
693 2393 781 2463 εἴη
832 2395 866 2464 ἡ
918 2394 1167 2461 ἀξίωσις,
1204 2397 1299 2448 καὶ
1332 2398 1360 2450 ὁ
1411 2396 1649 2465 πόλεμος
1703 2398 1905 2468 μᾶλλον

333 2485 607 2552 αἰρετέυς.
655 2485 1100 2557 Καντακουζηνῷ
1152 2486 1210 2540 δὲ
1256 2487 1448 2543 οὐδένα
1502 2488 1693 2558 ἕτερον
1748 2489 1906 2559 δυνή-

336 2573 527 2627 σεσθαι
593 2576 1020 2647 ἀντιστήσεσθαι
1065 2577 1098 2648 ἦ
1144 2578 1235 2632 τὸν
1285 2580 1457 2648 μέγαν
1506 2578 1695 2643 δοῦκα,
1731 2580 1807 2644 ὠς
1842 2582 1905 2634 ὲκ

334 2667 447 2720 τῶν
483 2670 835 2738 πραγμάτων
885 2671 1083 2739 γέγονε
1128 2673 1468 2741 καταφανές.
1502 2674 1667 2728 Ὅθεν
1695 2675 1906 2728 δίκαιον

335 2761 549 2813 ἐκεῖνον
609 2762 902 2815 εὐνοοῦντα
952 2765 1119 2834 ἑαυτῇ
1172 2765 1270 2817 καὶ
1320 2767 1716 2837 συναιρόμενον
1763 2766 1907 2837 ἔχειν

335 2848 476 2919 πρὸς
532 2850 625 2903 τὸν
671 2851 944 2938 πόλεμονε
989 2852 1162 2906 Τοῦτο
1210 2853 1256 2905 δ’
1315 2856 1413 2908 οὐκ
1445 2856 1510 2909 ἂν
1550 2857 1760 2923 γένοιτο
1791 2857 1906 2910 ἑτέ·

337 2959 471 3011 ρως,
502 2944 551 2996 εί
583 2944 658 3013 μὴ
688 2946 716 2996 ὁ
744 2944 984 3013 πόλεμος
1032 2944 1192 3008 αὖθις
1222 2946 1646 3020 ἐπιψηφισθείηι
1701 2949 1909 3017 Ἀσυμ-·

336 3032 521 3098 ϐάτως
554 3035 663 3106 γὰρ
696 3039 907 3091 ἐκεῖνον
947 3032 1084 3108 πρὸς
1117 3039 1574 3107 Καντακουζηνδν
1601 3039 1746 3108 ἔχειν
1780 3039 1900 3091 δια-

338 3126 713 3180 ϐεϐαιοῦσθαι.
753 3128 816 3180 El
857 3127 956 3197 μὲν
1004 3127 1097 3181 οὖν
1137 3129 1383 3182 πείθοιτο
1422 3131 1517 3182 καί¹
1545 3130 1704 3200 αὐτὴ,
1752 3126 1811 3184 εὖ
1838 3131 1904 3184 ἂν

337 3212 575 3281 εχοιοοεί
613 3213 671 3266 δὲ
708 3214 806 3284 μὴ,
854 3214 1121 3268 σκεπτέον
1163 3214 1240 3285 μὴ
1287 3216 1482 3286 ἁθρόον
1518 3216 1664 3269 ἔνδον
1696 3217 1903 3282 Βυζαν-

335 3307 460 3358 τίου
493 3307 522 3359 ὁ
574 3304 1037 3376 Καντακουζηνδς
1077 3307 1322 3376 ἀναφανῇ
1356 3308 1459 3361 ὐπὸ
1500 3308 1743 3378 μεγάλου
1778 3310 1900 3364 60o-

2007 2310 2201 2363 caucbi
2233 2310 2515 2376 referunt;
2575 2326 2699 2366 mox
2730 2327 2846 2367 rem
2885 2313 3089 2384 justam
3120 2315 3188 2370 ab
3217 2317 3409 2372 eodem
3439 2319 3575 2387 peti,

2006 2407 2059 2453 et
2092 2400 2293 2454 bellum
2322 2401 2443 2470 paci
2477 2403 2921 2471 anteponendum
2944 2405 3166 2462 docent.
3189 2405 3579 2464 Cantacuzeno

2005 2489 2205 2543 etenim
2250 2497 2404 2543 extra
2449 2504 2706 2559 magnum
2763 2490 2984 2558 ducem,
3042 2492 3186 2560 quod
3238 2494 3577 2562 experientia

2006 2579 2365 2641 constiterit,
2427 2580 2705 2634 neminem
2764 2595 2927 2649 posse
2990 2582 3270 2639 resistere.
3339 2583 3577 2639 Proinde

2006 2683 2249 2742 aequunr
2286 2668 2481 2732 videri,
2534 2677 2594 2723 ut
2644 2670 2795 2724 illum
2854 2670 2954 2724 sibi
2991 2671 3268 2735 amicum,
3337 2683 3393 2727 et
3453 2674 3578 2728 belli
3647 2678 3653 2686 '

2006 2759 2312 2828 adjutorem
2375 2759 2594 2814 habeat.
2662 2759 2735 2813 At
2802 2758 2941 2815 istuc
3009 2759 3171 2815 aliter
3243 2777 3355 2815 non
3429 2762 3581 2817 futu-

2006 2867 2150 2915 rum,
2222 2866 2383 2919 quam
2457 2850 2502 2904 si
2583 2865 2733 2904 arma
2802 2851 2873 2907 de
2931 2850 3143 2922 integro
3192 2851 3577 2910 decernantur.

2006 2942 2375 2997 Conﬁrmasse
2458 2942 2606 2996 enim
2684 2942 2878 3009 illum,
2939 2941 3046 2997 sibi
3105 2958 3229 2997 cum
3308 2944 3586 3000 Cautacu-

2004 3049 2139 3091 zeno
2196 3049 2386 3104 pacem
2452 3048 2734 3103 nunquam
2819 3034 3259 3088 intercessuram.
3337 3035 3582 3105 Quuer

2003 3134 2122 3194 pter
2198 3124 2245 3180 si
2317 3127 2432 3194 ipsa
2493 3123 2653 3179 etiam
2732 3124 3082 3194 obsequatur,
3162 3125 3301 3180 bene
3360 3127 3579 3181 habitu-

2004 3230 2147 3271 rum.
2181 3214 2274 3270 Sin
2311 3225 2513 3282 autem,
2558 3214 2852 3270 videndum
2900 3230 2969 3270 ne
3001 3214 3418 3271 Cantacuzenus
3453 3231 3580 3273 cum

2007 3308 2139 3363 totis
2169 3308 2342 3378 cepiis
2383 3308 2499 3363 suis
2530 3307 2673 3361 intra
2708 3307 3026 3377 Byzantium
3085 3310 3356 3363 accersitu
3396 3313 3577 3379 magni

336 3398 434 3457 κὸς
471 3374 979 3467 προσκεκλημένος.
1015 3374 1331 3470 Τοῦτον-γὰρ
1352 3396 1452 3453 ’ἂν
1485 3374 1772 3470 εἴη-μόνον
1804 3402 1901 3455 άν-

2008 3399 2165 3455 ducis
2212 3408 2492 3469 appareat.
2547 3397 2659 3454 Hae
2692 3399 2841 3454 enim
2866 3398 2951 3453 via
2979 3402 3357 3454 tantummodo
3381 3412 3578 3456 contu-

335 3490 598 3560 τίρῤοπον
626 3488 736 3542 τῶν
768 3489 906 3559 πρὸς
959 3491 1172 3544 ἐκεῖνον
1199 3489 1435 3562 ὕϐρεων,
1466 3494 1563 3545 καὶ
1589 3492 1700 3546 τῶν
1730 3492 1904 3546 ἄλλων

336 3579 554 3642 κακῶν,
581 3573 656 3634 ὧν
690 3581 832 3635 κατὰ
863 3583 958 3634 τὸν
983 3581 1078 3635 τοῦ
1111 3582 1351 3653 πολέμου
1382 3585 1576 3655 χρόνον
1607 3584 1744 3656 πρὸς
1767 3586 1908 3638 ἐκεῖ·

336 3687 430 3722 νον
455 3669 778 3734 ἐνεδείξατο.
821 3671 885 3724 Ἥ
939 3670 1154 3742 βασιλὶς
1200 3673 1258 3725 δὲ
1289 3674 1388 3725 καὶ
1416 3674 1683 3743 πρότερον
1711 3674 1809 3744 μὲν
1841 3676 1907 3727 ἐκ

339 3761 552 3815 πολλῶν
583 3762 691 3816 τῶν
720 3763 933 3833 ἀνδρῶν
963 3764 1338 3835 στοχαζομένη
1379 3764 1478 3836 τὴν
1518 3766 1905 3833 κακοϐουλίαν,

331 3854 438 3905 καὶ
471 3853 570 3923 τὴν
607 3853 844 3923 μεγάλου
890 3855 1086 3919 δουκδς
1130 3858 1514 3927 κακοτεχνίαν,
1547 3857 1642 3910 καὶ
1674 3857 1738 3910 τὸ
1780 3860 1909 3930 περὶ

343 3945 577 4015 μηδενὸς
632 3946 826 4016 ζκείνῳ
880 3946 1086 4017 μέλειν,
1119 3947 1152 4018 ἢ
1184 3948 1334 4011 ὅπως
1366 3948 1548 4019 ,αὐτὸς
1598 3949 1741 4023 ἄρχῃ
1799 3950 1908 4004 τῶν

340 4033 706 4102 πραγμάτων,
738 4035 858 4088 τότε
913 4035 973 4089 δὲ
1017 4037 1113 4088 καὶ
1150 4038 1387 4105 μάλιστα
1437 4037 1535 4108 τὴν
1584 4039 1813 4092 ἀτοπίαν
1846 4042 1910 4093 ἐκ

339 4123 452 4176 τῶν
476 4124 651 4191 λόγων
689 4124 977 4180 συνιδοῦσα
1030 4127 1130 4197 (μὴ
1169 4127 1368 4197 ἔχουσα
1416 4128 1472 4182 δὲ
1510 4124 1740 4181 οἷστισιν
1796 4129 1913 4182 ἑτέ-

346 4230 462 4281 ροις
499 4215 790 4285 χρήσαιτο.
816 4216 866 4269 oi
908 4217 1029 4287 γὰρ,
1056 4216 1208 4270 ἄλλοι
1242 4217 1353 4270 τῶν
1395 4217 1636 4287 εὐγενῶν
1665 4220 1760 4271 καὶ
1786 4218 1909 4272 καθ’

2009 3492 2223 3559 melias,
2247 3499 2304 3546 et
2335 3490 2711 3555 incommoda,
2728 3490 2926 3560 quibus
2950 3506 3073 3545 eum
3100 3505 3199 3562 per
3221 3492 3343 3547 belli
3367 3500 3582 3563 tempus

2010 3583 2291 3639 vexaverit
2321 3593 2699 3654 pensaturum.
2747 3582 3020 3638 Caeterum
3076 3583 3418 3653 imperatrix,
3451 3599 3576 3652 qua:

2006 3677 2118 3747 jam
2141 3687 2268 3731 ante
2297 3674 2486 3730 multis
2516 3674 2734 3730 indiciis
2768 3673 3052 3729 hominum
3091 3674 3319 3729 istorum
3356 3688 3583 3744 perver-

2012 3766 2246 3829 sitatem,
2286 3773 2342 3817 et
2381 3763 2552 3819 malas
2601 3772 2748 3819 artes
2792 3762 2972 3834 magni
3005 3763 3162 3819 ducis
3190 3762 3581 3832 conjectasset,

2012 3858 2259 3926 nihilque
2314 3854 2458 3909 aliud
2521 3855 2671 3910 illum
2728 3870 2950 3923 curare,
2999 3871 3166 3925 quam
3218 3863 3280 3910 ut
3326 3856 3474 3910 solus
3525 3856 3582 3909 in

2010 3948 2291 4018 republica
2333 3942 2733 4011 dominaretur,
2785 3960 2853 4000 ex
2901 3944 2989 4000 his
3037 3954 3219 4000 autem
3252 3946 3435 4001 verbis
3464 3945 3583 4013 ejus

2014 4038 2361 4093 insolentiam
2439 4036 2746 4091 clarissime
2809 4035 3198 4105 perspiceret,
3271 4050 3395 4091 cum
3471 4048 3582 4088 non

2013 4129 2584 4198 haberetquibuseum
2636 4140 2806 4182 sensa
2842 4140 2943 4182 sua
2981 4125 3420 4181 communicaret
3467 4125 3582 4195 (alii

2011 4224 2153 4279 enim
2181 4206 2413 4288 nobiles,
2472 4229 2529 4274 et
2559 4219 2956 4292 consanguinei
3006 4217 3374 4273 Cantacuzeni
3411 4217 3582 4285 impe—

341 4303 484 4375 αἴμα,
530 4307 918 4376 προσηκόντων
943 4308 1156 4377 βασιλεῖ
1190 4307 1586 4379 δεσμωτηρίοις
1622 4310 1843 4373 πάντες,
1873 4309 1906 4380 ἢ

2014 4319 2215 4370 ratoris
2249 4313 2564 4368 carceribus
2594 4326 2809 4373 omnes,
2835 4319 2928 4365 aut
2949 4309 3204 4364 domibus
3234 4310 3350 4363 suis
3382 4308 3582 4362 inclusi

342 4399 403 4449 ἐν
428 4399 549 4469 ταῖς
601 4398 798 4461 οἰκίαις
822 4393 964 4468 ἦσαν
991 4399 1504 4469 κατακεκεισμένοι,
1534 4394 1614 4463 οἷς
1641 4401 1782 4470 αὐτὴ
1811 4401 1906 4456 οὐκ

2015 4405 2359 4468 tenebantur,
2382 4416 2519 4473 quos
2537 4417 2565 4455 e
2600 4399 2833 4455 vinculis
2863 4400 3119 4462 emissos,
3156 4397 3452 4452 benevolos
3474 4396 3582 4450 sibi

342 4488 571 4557 ὲθάρῤει
603 4488 911 4557 εὐνοήσειν,
945 4488 997 4541 εί
1031 4489 1358 4543 ἁπολυθεῖεν
1387 4489 1495 4543 τῶν
1517 4490 1757 4559 δεσμῶν,
1788 4507 1906 4545 συν-

2014 4495 2130 4551 fore
2159 4512 2267 4550 non
2319 4493 2671 4562 conﬁdebat),
2697 4506 2887 4548 rursus
2916 4490 3079 4554 bello,
3106 4489 3354 4558 quamvis
3388 4488 3578 4550 invita,

344 4579 557 4631 ετίθετο
589 4579 682 4631 καὶ
720 4576 879 4643 αὖθις
929 4579 1027 4634 καὶ
1087 4580 1303 4634 ἄκουσα
1354 4579 1490 4649 πρὸς
1531 4581 1625 4633 τὸν
1653 4581 1906 4651 πόλεμον.

2015 4586 2354 4657 subscripsit.
2376 4585 2725 4640 Potissimum
2747 4591 2951 4648 autem,
2977 4582 3119 4651 quod
3139 4581 3577 4659 Cantacuzenum

344 4668 598 4724 Μάλιστα
663 4669 722 4724 δὲ
797 4668 1081 4724 ἀκούσασα
1135 4670 1592 4741 Καντακουζηνδν
1672 4673 1906 4754 ἡναγκά-

2020 4695 2051 4734 a
2103 4693 2301 4749 magno
2365 4676 2503 4731 duce
2558 4673 2786 4743 imperio
2832 4687 2893 4727 se
2939 4672 3219 4736 abdicare,
3273 4676 3329 4723 ct
3384 4667 3580 4738 privati

346 4760 475 4813 σθαι
524 4760 676 4830 παρὰ
725 4761 964 4829 μεγάλου
1017 4760 1209 4826 δουκδς
1249 4764 1552 4817 ἀποθέσθαι
1604 4764 1706 4833 τὴν
1757 4765 1906 4835 βασι-

2012 4770 2259 4825 habitum
2310 4782 2586 4822 resumere
2616 4771 2864 4819 coactum
2907 4761 3177 4823 audierat,
3233 4760 3439 4814 sensim
3484 4770 3583 4808 nn-

344 4852 522 4915 λείαν,
568 4854 662 4905 καὶ
707 4853 921 4906 ἰδιώτου
953 4853 1144 4925 σχῆμα
1178 4854 1496 4920 ἀναλαϐεῖν,
1532 4855 1716 4925 ἡρέμα
1764 4855 1906 4909 ἰθέλ-

2011 4860 2235 4922 nuebat,
2273 4864 2326 4910 et
2377 4855 2433 4909 in
2464 4853 2711 4908 fraudem
2763 4851 3003 4905 maxime
3049 4847 3402 4903 illiciebatur.
3442 4844 3582 4913 Ergo

347 4959 495 5011 γετο,
527 4949 625 4996 καὶ
680 4946 819 5013 πρὸς
864 4942 927 4997 τὸ
978 4944 1356 5007 ἐξαπατᾶσθαι
1394 4945 1633 5013 μάλιστα
1663 4946 1906 5014 ὲνήγετο.

2012 4938 2207 5003 rursus
2241 4948 2439 5001 bellum
2473 4946 2727 5009 sumitur,
2762 4951 2818 4996 et
2850 4955 3081 5010 magnus
3108 4941 3216 4994 dux
3251 4941 3445 4995 iterum
3479 4950 3582 5004 gu~

294 5036 301 5041 ’
360 5028 788 5105 Ἐπιψηφίζεῶι
820 5034 886 5105 δὴ
925 5035 1021 5087 καὶ
1062 5032 1222 5098 αὖθις
1252 5036 1280 5089 ό
1307 5036 1444 5105 «cpt;
1482 5035 1711 5105 βασιλέα
1753 5036 1906 5089 πόλε-

2012 5037 2306 5092 bernacula
2353 5036 2625 5102 capessit;
2659 5049 2769 5088 non
2810 5040 2995 5087 tamen
3025 5030 3340 5090 monarcbm
3388 5030 3581 5082 instar.

352 5142 474 5196 μος,
503 5128 598 5180 καὶ
626 5129 654 5180 ὁ
684 5128 857 5197 μέγας
883 5125 1012 5192 δούξ
1069 5127 1276 5197 ἥπτετο
1306 5127 1469 5180 πάλιν
1499 5130 1608 5180 τῶν
1642 5127 1906 5196 πραγμά-

2018 5139 2078 5184 ut
2102 5138 2281 5189 antea,
2309 5128 2404 5201 sed
2428 5128 2707 5195 aliquanto
2758 5125 3112 5179 moderatius.
3149 5121 3395 5177 Timebat
3430 5116 3576 5172 enim

346 5235 497 5271 τωνο
536 5219 599 5272 οὐ
654 5220 762 5288 μὴν
809 5217 999 5290 ὥσπερ
1045 5219 1312 5290 πρότερον
1371 5218 1741 5288 μοναρχικῶς,
1776 5218 1906 5272 ἀλλὰ

2018 5224 2129 5290 jam
2167 5220 2398 5290 collegas
2440 5219 2743 5283 oll‘endere,
2795 5219 2987 5273 videns
3043 5217 3150 5272 illis
3183 5213 3443 5283 paulatim
3491 5222 3580 5260 res

355 5311 726 5382 μετριώτερόν
760 5328 900 5376 πως.
941 5311 1158 5365 Ἐδεδίει
1181 5312 1289 5380 γὰρ
1315 5310 1415 5382 ἤδη
1445 5313 1557 5374 τοῖς
1583 5311 1906 5381 συνάρχουσι

2023 5311 2289 5372 submitti,
2315 5309 2824 5364 etCnntacuzenum
2846 5321 3113 5373 crescere,
3138 5321 3228 5370 ne,
3260 5304 3306 5358 si
3337 5298 3584 5371 asperius

1594 5451 1809 5519 Jacobi
1846 5452 2110 5513 Pontani
2146 5456 2335 5512 notas.

430 5572 543 5642 (54)
581 5571 750 5644 Sacer
785 5573 927 5644 ignis
980 5589 1083 5640 est,
1142 5588 1303 5642 quem
1348 5573 1538 5644 vulgus
1599 5573 1842 5627 Italicum
1874 5572 1914 5625 il
2020 5588 2217 5644 nempe
2248 5574 2301 5627 in
2331 5570 2503 5631 hunc.
3149 5633 3161 5644 _
3239 5632 3251 5643 ,

356 5628 472 5711 [arb
526 5628 613 5695 det
653 5653 773 5695 sant
807 5628 1040 5696 :lntom'o
1072 5628 1277 5706 'vocat,
1339 5643 1407 5696 de
1441 5628 1553 5711 quo
1583 5646 1818 5695 dimnus
1858 5643 1913 5695 in
2152 5628 2166 5644 ’
2198 5628 2204 5629 ί
2297 5669 2437 5682 ———-
2466 5628 2762 5695 centrartos
2800 5644 2947 5689 artus
2965 5648 3111 5689 sacer
3142 5632 3280 5703 ignis
3308 5628 3513 5684 edebat.

355 5713 617 5781 symbolis
673 5714 878 5765 nostris
933 5716 985 5767 in
1050 5715 1298 5767 ultimum
1339 5729 1573 5768 versum.
1614 5713 1647 5765 5
1700 5712 1913 5781 σθω-9..

558 5808 828 5868 ΡΑΤιιοι.
857 5808 972 5869 GR.
1024 5810 1226 5871 CLIII.
1369 5898 1375 5904 '

3108 5794 3113 5799 ’
3275 5790 3351 5853 36
