4014 6460
292 326 427 392 1133

1472 327 2263 389 HISTORIARUMLIBER
2308 327 2423 387 III.

3424 319 3557 385 1134

294 438 533 491 Τοιαῦτα
573 436 675 503 μὲν
706 437 774 490 τά
804 437 911 491 τῶν
941 441 1221 510 ἀρχόντων
1253 443 1497 510 περιεῖχε
1533 445 1861 511 γράμματα.

1987 438 2093 492 :itia
2134 439 2222 492 illa
2264 454 2491 509 prorsus
2539 437 2796 509 singulari
2846 437 3014 507 (unde
3049 436 3226 508 quoad
3261 435 3349 491 ille
3385 438 3550 501 vixit,

293 526 401 578 Τοῦ
435 525 778 597 πατριάρχου
816 528 874 580 δὲ
909 523 1051 598 ἦσαν
1088 529 1284 592 οὕτως·
1326 530 1632 598 Εὐλογητὸς
1665 532 1695 583 ὀ
1742 529 1876 593 Θεὸς

292 619 322 670 ὁ
365 617 439 685 μὴ
498 618 672 670 θέλων
726 618 957 672 θάνατον
1005 619 1101 673 τοῦ
1142 620 1492 692 ἀμαρτωλοῦ,
1544 622 1621 685 ὡς
1655 621 1717 675 τδ
1755 621 1879 674 ἐπι-

298 709 572 779 στρέψαι,
628 706 726 762 καὶ
776 709 877 781 ζῇν
935 712 1123 766 αὐτόν.
1168 712 1294 766 Ὅτι
1350 712 1453 783 μὲν
1522 715 1632 783 γὰρ
1686 712 1875 777 κακῶς

298 797 512 868 σεαυτῷ
559 800 762 868 ὁμοίως
816 800 912 853 καὶ
946 803 1058 864 τοῖς
1087 800 1270 863 ἀλλοις
1302 800 1615 854 ἐϐουλεύσω
1641 802 1733 854 τὸν
1772 805 1875 872 ἐμ-

296 887 488 956 φύλιον
534 888 778 957 πόλεμον
818 887 1161 958 κεκινηκὼς,
1225 890 1501 959 ἀθετήσας
1541 891 1641 959 μὲν
1677 891 1877 960 ὅρκους

293 982 423 1042 τοὺς
475 980 614 1049 πρὸς
647 980 896 1049 βασιλέα,
946 981 1044 1034 καὶ
1092 982 1192 1052 τὴν
1257 982 1439 1051 φιλίαν
1501 983 1720 1053 ἐκείνην
1777 985 1877 1051 τὴν

300 1070 644 1141 θαυμαστὴν,
668 1074 760 1141 ὑφ’
779 1069 847 1143 ἧς
872 1075 1006 1143 παρ’
1031 1075 1152 1128 ὅλον
1177 1075 1268 1127 τὸν
1290 1075 1501 1128 ἐκείνου
1532 1075 1645 1144 βίον
1667 1075 1878 1129 πολλῶν

296 1163 616 1224 ἀπέλαυσας
652 1166 748 1217 καὶ
790 1163 1044 1231 μεγάλων
1099 1165 1346 1233 ἀγαθῶν,
1392 1166 1484 1219 καὶ
1541 1168 1658 1228 τοῖς
1688 1166 1878 1217 παισὶν

297 1251 695 1313 ἐπιϐουλεύσας
751 1252 884 1320 περὶ
947 1253 1047 1320 τῆς
1098 1257 1294 1325 ἀρχῆς,
1339 1257 1453 1319 τοῖς
1496 1254 1878 1324 Ῥωμαίοιςδέ

297 1343 511 1396 πολλῶν
560 1347 652 1396 καὶ
696 1344 949 1413 μεγάλων
986 1345 1158 1409 αἴτιος
1216 1347 1496 1417 κατέστης
1547 1346 1874 1417 συμφορῶν,

294 1427 370 1487 ὧν
395 1433 487 1486 διὰ
512 1433 745 1502 μέγεθος
784 1436 895 1488 οὐδ’
926 1438 975 1489 οἱ
1031 1440 1088 1490 ἐν
1128 1439 1410 1508 ἐσχατιαῖς
1452 1438 1735 1501 οἰκοῦντες
1775 1439 1878 1507 γῆς

292 1525 520 1595 ἀνήκοοί
566 1526 707 1580 εἰσιν
742 1566 757 1589 ,
794 1526 905 1578 οὐδ’
934 1528 1094 1589 αὐτὸς
1145 1529 1382 1597 ἀγνοεῖς.
1432 1530 1651 1597 Ἐπειδὴ
1679 1530 1736 1582 δὲ
1770 1530 1880 1582 τῶν

294 1616 721 1686 τετολμημένων
771 1618 853 1679 είς
914 1619 1272 1689 συναίσθησιν
1339 1619 1553 1683 ἐλθὼν,
1614 1621 1711 1673 καὶ
1768 1620 1878 1673 τῶν

296 1712 518 1764 ἀτόπων
581 1711 982 1780 ἐπιχειρήσεων
1035 1711 1264 1765 σ;αυτοῦ
1311 1714 1676 1781 κατεγνωκὼς
1718 1733 1878 1784 μετε-

302 1802 568 1872 μελήθης.
604 1802 699 1854 καὶ
732 1803 1101 1873 ὑποστρέφεις
1133 1805 1340 1870 καλῶς,
1366 1805 1489 1858 ὅθεν
1519 1804 1746 1874 ἐξῆλθες
1778 1823 1879 1859 κα-

306 1893 418 1955 κῶς
470 1894 569 1963 τὴν
598 1892 879 1962 βασιλείαν
913 1894 1080 1946 αίτῶν
1118 1897 1644 1960 ἀποσκευάσασθαι,
1677 1898 1773 1949 καὶ
1802 1898 1880 1959 είς

303 1984 515 2037 ἰδιώτου
539 1984 729 2053 σχῆμα
757 1984 1105 2054 μεταϐαλεῖν,
1129 1987 1315 2057 ὥσπερ
1341 1987 1583 2057 ἀκριϐῶς
1605 1988 1884 2057 ἐξεγένετο

306 2078 498 2146 μαθεῖν
558 2077 709 2146 παρά
778 2075 873 2129 τοῦ
932 2080 1303 2148 περιποθήτου
1358 2081 1453 2132 καὶ
1508 2082 1883 2150 γνησιωτάτου

301 2166 382 2236 τῷ
436 2166 714 2236 κρατίστῳ
749 2168 844 2220 καὶ
869 2168 1008 2237 ἁγίῳ
1034 2187 1135 2237 μου
1166 2171 1539 2241 αὐτοκράτορι
1569 2172 1664 2226 τοῦ
1705 2172 1877 2241 μεγάα

302 2259 398 2311 λου
436 2258 649 2321 δουκὸς,
692 2259 856 2323 αὑτός
884 2278 944 2311 τε
976 2262 1168 2331 ἡδονῆς
1235 2264 1515 2332 ἐπλήσθην
1543 2305 1557 2327 ,
1614 2265 1745 2334 ὅσης
1794 2264 1886 2316 ἐπὶ

300 2354 415 2412 τοῖς
453 2349 719 2412 τοιούτοις
780 2350 953 2412 εἰκὸς,
994 2353 1090 2403 καὶ
1151 2355 1184 2422 ἡ
1244 2352 1341 2405 τοῦ
1404 2353 1539 2407 Θεοῦ
1585 2354 1885 2423 Ἐκκλησία

302 2445 401 2506 τὰς
435 2442 685 2510 ἀγκάλας
712 2443 880 2511 αὐτῆς
914 2445 1247 2510 διανοίξασα,
1276 2446 1489 2515 δέχεταί
1533 2463 1591 2499 σε
1620 2446 1757 2515 μετά
1786 2448 1890 2501 πά-

305 2552 408 2602 σης
463 2536 853 2603 πνευματικῆς
910 2537 1132 2605 ἀγάπης
1195 2539 1290 2590 καὶ
1353 2539 1589 2608 ἡδονῆς,
1631 2538 1727 2590 καὶ
1764 2538 1887 2590 ὅσον

305 2624 462 2678 οὔπω
492 2625 643 2694 ἥξειν
672 2642 765 2677 και
798 2626 859 2678 σὲ
896 2629 1291 2696 προσδοκῶμεν
1324 2633 1401 2689 εἰς
1434 2630 1613 2697 ἡμᾶς,
1642 2629 1707 2681 ἵν’
1748 2627 1886 2696 ὁμοῦ

306 2732 368 2768 τι
399 2716 432 2785 ὴ
471 2716 567 2768 τοῦ
603 2718 886 2783 ἐπιτιμίου
918 2718 1071 2781 λύσις
1091 2721 1312 2784 γένηται
1352 2713 1395 2786 ᾧ
1436 2720 1887 2787 καθυπεϐλήθης,

303 2808 400 2861 καὶ
453 2808 702 2873 ἀλλήλοις
752 2810 1111 2877 συνησθῶμεν
1181 2810 1324 2863 κατὰ
1387 2811 1446 2863 τὸ
1480 2812 1709 2879 ἀρχαῖον
1767 2811 1891 2873 ἔθος

302 2902 691 2972 ὁμιλήσαντες.
741 2902 986 2956 Τοιαῦτα
1029 2903 1125 2971 μὲν
1177 2904 1384 2970 ἔγραφε
1426 2907 1522 2955 καὶ
1555 2907 1583 2955 ὀ
1619 2905 1888 2973 πατριάρ-

304 3011 433 3064 χης.
484 2993 547 3047 Ui
596 2995 856 3064 πρέσϐεις
911 2994 967 3046 δὲ
1020 2994 1146 3047 ἐπςὶ
1197 2993 1498 3061 Παμφύλου
1535 2994 1660 3063 ἄχρι
1700 2990 1886 3064 ἦλθον,

1980 531 2169 584 multis
2217 531 2536 602 magnisque
2588 530 2746 586 bonis
2798 538 2990 585 auctus
3037 529 3120 596 es)
3160 543 3223 583 ac
3268 529 3391 582 (iliis
3431 530 3557 596 ejus

1930 650 1946 657 -
1976 639 2077 693 per
2116 623 2344 678 insidias
2386 622 2676 691 imperium
2711 620 2962 675 conando
2994 618 3208 689 eripere
3238 635 3252 672 :
3285 633 3560 687 quamque

1976 715 2253 770 Romanos
2285 714 2493 780 multis,
2530 723 2586 768 et
2624 713 2760 769 diris
2794 711 3200 765 calamitatibus
3237 710 3555 771 involveris,

1977 823 2207 878 quarum
2264 807 2584 877 gravitatem
2633 805 2795 858 etiam
2854 803 3028 856 ultimi
3090 810 3363 856 terrarum
3423 801 3560 855 ﬁnes

1978 895 2327 958 audiverunt,
2362 910 2473 947 non
2520 903 2571 947 te
2612 893 2770 962 lugit.
2804 894 2902 945 Ast
2950 890 3040 945 ubi
3089 890 3393 944 facinorum
3441 899 3562 943 tuo-

1979 1002 2098 1040 rum
2138 985 2473 1039 conscientia
2519 983 2868 1053 perstrictus,
2902 982 3287 1048 damnatisque
3335 979 3561 1033 ausibus

1978 1094 2007 1133 a
2039 1080 2256 1133 ratione
2286 1077 2483 1130 alienis
2513 1076 2576 1129 ad
2602 1076 2977 1144 paenitentiam
3012 1082 3063 1127 te
3090 1073 3306 1131 dedisti.
3333 1081 3389 1126 et
3415 1072 3562 1125 unde

1979 1168 2122 1221 male
2166 1167 2407 1225 exivisti.
2452 1165 2643 1218 eodem
2697 1164 2836 1217 bene
2882 1162 3197 1225 reverteris,
3235 1160 3464 1230 imperio
3508 1168 3562 1214 te

1982 1261 2236 1315 abdicare
2296 1259 2558 1324 cupiens,
2606 1272 2669 1310 ac
2716 1256 2783 1309 de
2832 1261 3030 1307 caetero
3074 1254 3239 1307 vitam
3294 1252 3567 1320 privatam

1980 1349 2222 1420 exigere,
2260 1346 2717 1417 quemadmodum
2763 1343 3049 1413 perspicue
3095 1341 3323 1412 cognovi
3370 1356 3399 1394 a
3443 1355 3560 1394 ma-

1981 1458 2089 1513 gno
2130 1442 2291 1501 duce,
2334 1438 2425 1506 qui
2468 1438 2677 1506 Optimo
2725 1444 2779 1488 et
2825 1433 3203 1487 saeratissimo
3246 1431 3561 1501 imperatori

1984 1544 2174 1588 nostro
2228 1531 2657 1586 amabilissimus
2700 1543 2763 1581 ac
2812 1526 3160 1580 ﬁdelissimus
3204 1535 3309 1588 est,
3346 1534 3402 1577 et
3447 1524 3564 1593 ipse

1982 1625 2232 1695 expletus
2282 1638 2400 1676 sum
2452 1630 2601 1673 tame
2644 1618 2862 1690 gaudio,
2897 1627 3104 1686 quanto
3139 1632 3222 1669 me
3255 1619 3307 1668 in
3350 1613 3565 1685 negotio

1986 1715 2365 1786 hujuscemodi
2403 1712 2609 1781 expleri
2656 1711 2861 1773 decuit,
2898 1721 2948 1763 et
2982 1710 3073 1763 Dei
3112 1709 3353 1763 Ecclesia
3390 1707 3566 1762 obviis

1988 1806 2130 1859 ulnis
2161 1818 2283 1857 cum
2328 1801 2478 1855 onmi
2520 1800 2808 1862 cbaritate,
2844 1807 2897 1852 et
2923 1798 3266 1867 jucunditale
3296 1794 3565 1865 spirituali

1988 1908 2039 1951 te
2073 1895 2473 1963 complectitur;
2516 1901 2781 1959 tuumque
2810 1890 3108 1945 adventum
3140 1889 3207 1943 ad
3243 1904 3344 1942 nos
3367 1890 3422 1941 in
3449 1888 3567 1942 dies

1986 1998 2389 2058 exspectamus,
2424 1999 2532 2052 quo
2568 1992 2624 2038 et
2669 1983 2868 2036 inllicta
2915 1997 3076 2051 poena
3119 1982 3347 2043 leveris,
3383 1988 3441 2036 et
3487 1980 3568 2033 vi-

1987 2080 2311 2135 cissitudine
2344 2092 2657 2132 sermonum
2694 2090 2790 2145 pro
2819 2074 2987 2128 veteri
3029 2071 3428 2127 consuetudine
3464 2087 3567 2127 nos

1988 2173 2342 2226 oblectemus.
2378 2170 2501 2222 llaec
2546 2166 2876 2235 patriarcha.
2913 2163 3099 2232 Legati
3135 2160 3419 2230 Pamphilo
3459 2159 3567 2211 im-

1987 2278 2293 2336 peratorem
2329 2265 2771 2316 (iantacuzenum
2819 2274 2982 2328 super
3022 2258 3260 2311 adventu
3314 2270 3414 2308 suo
3442 2269 3568 2307 cer-

1989 2359 2184 2411 tiorem
2233 2355 2462 2418 iaciunt,
2509 2353 2827 2419 adduntque
2865 2352 2968 2404 sibi
3016 2349 3329 2402 mandatum
3367 2361 3436 2399 ne
3478 2345 3564 2412 ip-

1989 2464 2109 2502 sum
2157 2448 2210 2500 in
2258 2458 2554 2513 congressu
2601 2443 2992 2510 imperatorem
3042 2440 3331 2508 appellent.
3374 2436 3489 2491 Hoc
3522 2436 3567 2490 si

1989 2540 2101 2609 pati
2148 2546 2343 2605 queat,
2395 2536 2553 2589 iaciat
2600 2544 2657 2587 ut
2711 2534 2886 2586 sciant
2939 2549 3047 2600 quo
3100 2532 3249 2584 illum
3302 2531 3570 2583 adeuntes

1991 2645 2225 2685 munere
2266 2645 2365 2683 suo
2398 2629 2815 2696 perl‘nngantur.
2849 2626 2944 2679 Sin
2976 2641 3069 2678 eos
3104 2625 3337 2691 superbe
3370 2630 3425 2675 et
3458 2622 3571 2675 ira-

1992 2723 2170 2777 cunde
2224 2722 2547 2789 repnlsurus
2600 2719 2699 2781 sit,
2752 2718 3065 2785 neutiquam
3119 2729 3469 2776 accessuros,
3516 2722 3573 2766 et

1990 2816 2275 2883 Pamphilo
2316 2816 2537 2869 domum
2573 2826 2911 2865 reversuros.
2958 2809 3256 2878 imperator
3290 2808 3452 2862 etiam
3491 2815 3573 2858 at-

1992 2921 2100 2975 que
2134 2905 2299 2959 etiam
2341 2904 2681 2964 desiderans,
2721 2917 2843 2967 cum
2895 2900 3026 2954 viris
3073 2899 3355 2953 honoratis
3399 2913 3431 2953 e
3468 2895 3572 2962 By-

1993 2996 2178 3051 zantio
2206 2996 2273 3050 de
2316 2995 2476 3047 rebus
2507 2994 2619 3046 suis
2653 2992 2910 3045 omnibus
2951 2988 3206 3055 colloqui,
3239 2997 3294 3041 et
3334 3002 3429 3041 eos
3474 2986 3573 3040 do.

308 3084 629 3155 πέμψαντες
688 3086 909 3154 ἐδήλουν
974 3085 1223 3155 βασιλεῖ,
1282 3084 1357 3146 ὡς
1404 3085 1591 3154 ἥκοιεν
1647 3085 1748 3153 μὲν
1798 3087 1885 3138 ἐπὶ

1994 3103 2138 3149 cere,
2175 3101 2233 3140 se
2274 3103 2302 3138 a
2338 3084 2801 3137 criminatoribus
2820 3081 3051 3141 traduci,
3088 3095 3189 3133 nec
3225 3078 3388 3131 ullam
3431 3077 3572 3133 bello

309 3178 604 3248 πρεσϐείᾳ,
643 3178 1036 3250 προσταχθεῖεν
1068 3178 1125 3230 δὲ
1162 3179 1315 3246 παρά
1349 3179 1457 3230 τῶν
1494 3178 1885 3247 πεπομφότων,

314 3273 393 3344 μὴ
465 3271 691 3341 βασιλέα
755 3270 1190 3342 προσαγορεύειν
1272 3273 1331 3323 ἐν
1410 3272 1527 3333 ταῖς
1589 3269 1888 3334 διαλέξεσιν

309 3363 516 3418 αὐτῶν.
546 3362 607 3416 Εί
641 3363 743 3432 μὲν
780 3358 874 3416 οὖν
911 3365 972 3414 τὸ
1003 3362 1248 3415 τοιοῦτον
1279 3361 1507 3414 ἀνεκτὸν
1536 3360 1706 3431 αὐτῷ,
1732 3361 1888 3429 δῆλον

311 3456 509 3516 ποιεῖν,
541 3455 605 3508 ἵν’
629 3454 879 3517 ἐλθόντες
919 3455 1311 3522 ἀπαγγέλλωσι
1344 3454 1412 3507 τά
1441 3455 1539 3523 τῆς
1570 3454 1886 3523 πρεσϐείας·

309 3546 363 3600 sl
414 3546 473 3599 δέ
529 3545 716 3617 μέλλοι
758 3547 846 3599 διὰ
885 3548 984 3616 τὴν
1040 3546 1345 3617 ὑπεροψίαν
1383 3544 1718 3599 ἀπελαύνειν
1752 3544 1893 3614 πρὸς

311 3637 527 3708 ὀργὴν,
571 3638 710 3708 μηδέ
765 3639 865 3707 τὴν
903 3638 1081 3708 ἀρχὴν
1127 3636 1478 3706 ἀφικνεῖσθαι
1524 3638 1661 3706 πρὸς
1700 3636 1889 3707 αὐτον,

314 3728 438 3781 ἀλλ’
486 3726 853 3796 ἀναστρέφειν
937 3728 1000 3777 ἐκ
1066 3724 1382 3792 Παμφίλου.
1414 3725 1475 3777 ’0
1529 3724 1780 3794 βασιλεὺς
1836 3725 1893 3778 δέ

316 3816 648 3886 ποιούμενος
714 3818 846 3886 περὶ
877 3818 1138 3870 πλείστου
1178 3817 1241 3868 τὸ
1294 3819 1357 3869 ἐκ
1402 3815 1697 3880 Βυζαντίου
1750 3817 1893 3869 τισὶν

320 3908 627 3977 ἀξιολόγοις
680 3911 967 3977 συντυχεῖν
1020 3908 1115 3961 καὶ
1174 3907 1530 3977 διαλεχθῆναι
1597 3909 1728 3978 περὶ
1787 3907 1897 3959 τῶν

320 4001 445 4055 κατ’
467 4001 633 4054 αὐτὸν
673 4000 929 4054 ἁπάντων
952 4039 969 4065 ,
1003 4000 1085 4052 ὅτι
1120 4018 1178 4053 τε
1233 4000 1340 4052 ὑπὸ
1394 4000 1748 4067 συκοφαντῶν
1785 4000 1900 4053 δια-

322 4092 572 4165 σληθείη,
612 4094 708 4147 καὶ
746 4092 1007 4162 οὐδεμίαν
1057 4091 1336 4159 πρόφασιν
1391 4091 1553 4153 αὐτὸς
1621 4092 1899 4159 παράσχοι

321 4185 403 4256 τῷ
454 4184 718 4255 πολέμῳ,
758 4183 873 4238 ἀλλ’
926 4185 991 4237 ἐκ
1050 4182 1277 4255 πρώτης
1334 4184 1551 4255 ἡμέρας
1609 4183 1738 4252 ἄχρι
1806 4182 1900 4235 νῦν

322 4277 639 4346 ἀναγκαίως
706 4277 850 4348 ὑπὲρ
953 4275 1232 4345 σωτηρίας
1287 4274 1450 4329 αὑτοῦ
1527 4292 1585 4326 τε
1635 4275 1901 4344 ἀμύνεται

326 4367 426 4420 καὶ
468 4366 579 4420 τῶν
622 4367 931 4430 συνόντων,
988 4366 1108 4433 ἅμα
1145 4365 1201 4419 δὲ
1251 4370 1345 4418 καὶ
1396 4366 1625 4428 ἐλπίσας
1676 4365 1903 4434 εἰρήνης

1993 3192 2179 3233 ansam
2229 3177 2464 3238 dedisse,
2506 3174 2601 3229 sed
2643 3189 2672 3227 a
2714 3175 2891 3243 primo
2939 3171 3024 3226 die
3069 3186 3243 3238 usque
3288 3184 3434 3223 nunc
3474 3184 3572 3238 pro

1994 3287 2090 3325 sua
2138 3282 2473 3337 suorumque
2523 3268 2696 3320 salute
2750 3265 3242 3335 propugnationem
3295 3263 3574 3330 suscipere

1993 3377 2217 3416 necesse
2254 3361 2545 3423 habuisse;
2580 3373 2642 3411 ac
2696 3358 2857 3411 simul
2905 3370 3129 3423 Spei-aus
3176 3369 3272 3409 eos
3322 3353 3574 3423 paciﬁca-

1995 3449 2166 3505 tionis
2217 3464 2349 3517 ergo
2399 3447 2616 3509 venire,
2674 3445 2918 3513 neglecto
2968 3444 3312 3512 imperatoris
3350 3441 3575 3517 nomine

1998 3540 2232 3595 adeundi
2285 3540 2370 3593 sui
2413 3538 2625 3608 copiam
2673 3535 2825 3590 facit.
2860 3535 2994 3591 Nam
3039 3536 3087 3590 si
3132 3534 3186 3589 id
3224 3550 3255 3589 e
3298 3533 3576 3603 republica

1998 3634 2244 3688 futurum
2274 3633 2365 3686 sit.
2400 3645 2510 3684 non
2538 3629 2662 3684 talia
2696 3629 2983 3693 duntaxat,
3014 3628 3107 3682 sed
3139 3636 3193 3680 et
3220 3610 3491 3690 convicia,
3522 3636 3578 3679 et

1998 3726 2043 3783 si
2089 3726 2219 3794 quid
2272 3724 2520 3778 odiosius
2560 3720 2848 3783 conviciis,
2894 3735 3048 3789 atquo
3096 3719 3279 3773 animo
3328 3718 3397 3773 ab
3448 3718 3579 3787 ipsis

2000 3830 2415 3887 perpessurum.
2446 3814 2560 3866 lmo
2591 3812 2636 3865 si
2669 3812 2720 3865 id
2754 3810 3016 3864 Ronmnis
3050 3811 3381 3875 commodet,
3413 3810 3577 3863 etiam

2000 3910 2203 3979 gratias
2237 3921 2346 3959 non
2384 3906 2636 3973 vulgares
2688 3912 2960 3956 acturum.
3005 3902 3101 3956 Sin
3150 3902 3417 3955 deteriora
3455 3901 3580 3953 vin-

2001 4008 2149 4065 cant,
2185 4008 2240 4050 et
2289 3997 2489 4051 inlecta
2536 4010 2666 4063 pace
2719 3994 3026 4057 discedant,
3072 4009 3174 4050 nec
3230 3995 3311 4048 sic
3360 3994 3580 4062 aliquod

2002 4090 2104 4145 sibi
2151 4089 2389 4145 dedecus
2432 4104 2499 4141 ex
2545 4087 2899 4155 simplicitate
2946 4085 3325 4154 appellationis
3364 4086 3585 4140 relictu~

2002 4196 2115 4236 ros.
2165 4180 2280 4236 Hac
2338 4181 2656 4234 conditione
2717 4178 2877 4247 legati
2933 4178 3193 4238 veniunt,
3257 4175 3581 4246 legationem

2003 4282 2305 4344 exponunt,
2345 4272 2554 4326 litteras
2605 4270 2863 4333 reddunt,
2900 4277 3201 4338 caventque
3243 4282 3313 4320 ne
3355 4270 3586 4337 impera-
3663 4280 3672 4313 ε,

2009 4375 2183 4420 torem
2222 4374 2437 4419 vocent.

330 4458 498 4513 ἓνεκα
546 4456 725 4526 ἥκειν,
765 4455 1018 4509 ἐκέλευεν
1093 4455 1391 4523 ἀφικέσθαι
1450 4455 1587 4526 πρὸς
1663 4458 1852 4522 αὐτὸν,
1893 4457 1967 4520 ὡς
2005 4461 2199 4513 οὐδένα
2263 4460 2417 4527 λόγον
2468 4459 2567 4528 τῆς
2614 4458 2991 4529 προσηγορίας
3032 4457 3419 4523 ποιησόμενος.
3473 4453 3584 4508 Τοῦ

328 4553 469 4622 γὰρ’
506 4552 660 4621 κοινῇ
706 4549 1115 4612 λυσιτελοῦντος
1158 4551 1323 4605 ἕνεκα
1362 4552 1422 4605 οὐ
1489 4552 1716 4608 τοιαῦτα
1785 4557 1948 4625 μόνον
1985 4557 2201 4626 ἕτοιμος
2280 4552 2419 4610 εἶναι
2469 4557 2787 4627 ὑπομένειν,
2834 4557 2973 4610 ἀλλά
3024 4558 3118 4610 καὶ
3160 4556 3450 4624 λοιδορίας,
3490 4556 3586 4606 καὶ

329 4648 385 4701 εἴ
418 4666 470 4700 τι
516 4643 897 4715 χαλεπώτερον
944 4644 1131 4711 ἓτερον
1176 4646 1347 4700 δοκεῖ.
1394 4647 1456 4700 Εἰ
1500 4649 1599 4717 μὲν
1651 4652 1760 4719 γὰρ
1790 4651 1898 4705 ἀπὸ
1934 4652 2045 4703 τῶν
2114 4651 2375 4704 τοιούτων
2436 4650 2629 4719 ὄφελός
2685 4668 2737 4702 τι
2807 4651 3019 4717 γένοιτο
3082 4650 3379 4719 Ῥωμαίοις
3411 4687 3425 4711 ,
3483 4652 3577 4703 καὶ

330 4739 537 4808 πολλὴν
586 4738 771 4796 αὐτοῖς
828 4734 1069 4804 εἰδήσειν
1101 4737 1266 4807 χάριν
1315 4738 1455 4807 ὑπὲρ
1503 4739 1710 4793 τούτων
1738 4755 1751 4769 ⁸
1817 4744 1864 4793 εἰ
1900 4742 1945 4795 δ’
1986 4744 2093 4812 ἄρα
2135 4745 2229 4794 καὶ
2275 4743 2342 4795 τὰ
2378 4743 2605 4811 δεύτερα
2644 4740 2817 4811 νικῴη
2865 4743 2959 4794 καὶ
2999 4742 3307 4809 ἀσύμϐατοι
3376 4740 3590 4804 ἀναχως

332 4832 539 4903 ρῶσιν,
590 4827 700 4880 οὐδ’
738 4827 911 4889 οὕτως
968 4827 1119 4896 αὑτῷ
1156 4845 1280 4881 τινα
1332 4829 1550 4895 ἀδοξίαν
1589 4833 1701 4884 ἀπὸ
1755 4833 1852 4900 τῆς
1914 4835 2288 4904 προσηγορίας
2337 4826 2861 4901 ἀπολείψειν.⁷Ηκον
2929 4833 3025 4903 μὶν
3079 4832 3170 4885 οῦν
3224 4833 3273 4884 οἱ
3333 4832 3592 4899 πρέσὸεις

331 4924 429 4977 ἰπὶ
449 4923 688 4987 τούτοις»
722 4920 820 4972 καὶ
849 4919 1286 4988 ἀπήγγελλοντά
1316 4922 1462 4974 κατὰ
1524 4924 1624 4993 τὴν
1686 4928 2003 4993 πρεοῆείαψ
2046 4929 2161 4995 ἅμα
2210 4927 2265 4982 δὲ
2336 4929 2432 4981 καὶ
2502 4928 2572 4980 τὰ
2624 4926 2929 4999 γράμματα
3003 4927 3263 4996 παρεῖχον
3292 4966 3306 4991 ,
3346 4926 3594 4995 παρετή-

341 5032 471 5088 ρουν
498 5026 559 5067 τε
610 5011 670 5065 τὸ
705 5012 782 5083 μὴ
816 5009 1044 5078 βασιλέα
1088 5011 1145 5063 ἐν
1179 5014 1298 5075 ταῖς
1337 5013 1605 5080 διαλέξεσι
1635 5020 2089 5088 προσαγορεύειν.

1605 5132 1764 5201 601
1808 5124 2035 5187 CAPUT
2083 5133 2315 5188 LXXIV.

341 5224 562 5309 Iuncta
596 5224 930 5309 imperatoris
961 5223 1267 5309 inquiritur,
1290 5228 1336 5309 et
1363 5221 1489 5309 bene
1506 5225 1721 5309 gessisse
1755 5226 2129 5309 rempuplicam
2166 5230 2459 5281 ostenditur
2491 5246 2508 5283 :
2539 5230 2837 5284 adversarii
2875 5230 3239 5297 confutantur.
3271 5230 3595 5301 Responsum

419 5292 757 5375 imperato-ris
788 5295 855 5347 ad
889 5294 1108 5375 legatos.
1135 5292 1783 5375 Exprolirathprincipibus
1811 5298 2189 5375 iqrtebilitatem
2220 5299 2747 5375 ct_im_prutlenti_am;
2783 5292 2985 5375 statura
3010 5300 3311 5375 reipublica’
3332 5292 3595 5371 deplorat.

420 5363 790 5448 Apocauclmm
817 5365 1154 5448 c.13agitat,‘e.t
1184 5363 1383 5429 objecta
1410 5363 1507 5443 sibi
1537 5364 1762 5448 critnina
1792 5365 1965 5429 diluit,
1995 5383 2117 5448 cum
2155 5363 2586 5448 recrimi'na‘tione
2616 5372 2671 5423 in
2705 5363 3095 5438 patriarcham.
3126 5363 3455 5438 Repetuntur
3482 5390 3601 5432 qwe

418 5433 559 5487 inter
590 5437 759 5514 ipsum
785 5443 833 5486 et
859 5433 1246 5514 imperatricem
1282 5433 1701 5514 superfintperio
1730 5433 2057 5514 deponendo,
2093 5454 2162 5514 (ιο
2192 5438 2485 5514 recipiendo
2530 5433 2714 5493 eodeni
2746 5440 3051 5508 patriarcha
3098 5433 3425 5493 internuntio
3479 5453 3599 5503 acta

421 5516 547 5558 sint.
577 5504 882 5585 lumen-az.
904 5505 1049 5582 inter
1080 5503 1254 5585 ipsum
1280 5510 1326 5585 et
1348 5502 1750 5585 patriarcltarn,
1801 5514 1856 5585 ut
1893 5505 2005 5583 ejus
2038 5507 2256 5585 perﬁdia
2290 5502 2495 5574 pateat.
2553 5502 2805 5585 Queritur
2835 5511 2991 5561 etiam
3018 5508 3079 5559 de
3117 5508 3303 5576 legatis
3330 5513 3436 5562 suis
3466 5502 3604 5565 Con-

419 5572 770 5654 stantinOpoli
807 5572 1450 5654 injuriosissimehabitis.
1484 5580 1531 5623 et
1558 5572 1620 5623 de
1646 5573 2001 5654 iniquitatem
2032 5592 2094 5654 se
2127 5572 2512 5632 demonstrata.
2552 5572 2856 5647 Separatim
2888 5572 3254 5646 Apocaachum
3287 5580 3598 5634 insectatur.

422 5644 796 5716 Ratriagclrain
824 5657 940 5716 curn
977 5643 1083 5694 suis
1115 5653 1383 5716 auctorem
1431 5656 1538 5693 esse
1592 5644 1930 5716 calamitatis
1962 5643 2095 5716 bello
2144 5656 2371 5714 accepta:
2413 5643 2632 5716 probat,
2676 5658 2723 5701 et
2768 5643 2940 5715 quam'
2980 5648 3257 5715 multiplex
3304 5665 3363 5700 ea
3416 5651 3598 5715 fuerit.

419 5713 588 5766 docet.
619 5711 805 5781 Rejicit
840 5709 1178 5780 etiamquod
1206 5712 1513 5780 patriarcha
1544 5712 1848 5780 scripserat,
1880 5714 2147 5770 abdicanti
2210 5709 2285 5785 se,
2338 5726 2383 5770 et
2413 5709 2685 5785 )mmitenti
2737 5709 2939 5771 viscera
2981 5709 3233 5773 Ecclesia:
3269 5709 3455 5789 aperta
3486 5734 3603 5773 essu
