4014 6424
543 270 683 334 1135

1741 267 2064 326 JOANNIS
2108 268 2636 333 (ZAN'I‘MLUZENI

3636 286 3740 354 ll36

606 394 653 439 et
687 399 897 455 paruam
931 381 1365 459 condonandum.
1403 380 1536 459 (tem
1569 381 1630 432 de
1661 381 1708 459 ui
1738 380 2296 459 ea‘conmmnicatiouis
2328 381 2556 459 disserit.
2588 384 2865 459 Concludit
2897 403 2984 440 eos
3023 388 3284 443 malorum
3316 391 3539 446 omnium
3571 411 3746 451 causam

613 451 894 522 exstitisse,
926 463 972 507 et
1004 453 1280 522 imperium
1315 451 1538 514 ambire,
1571 451 1817 520 pacisque
1847 465 2108 502 summum
2129 451 2448 504 desit/crium
2481 454 2651 507 denuo
2675 457 2960 526 signiﬁcat.

607 573 827 628 Auditis
891 572 1197 640 legatorum
1254 569 1436 625 verbis
1457 611 1472 635 ,
1501 568 1869 640 perlectisque
1902 566 2097 620 litteris

2306 568 2568 633 Βασιλεὺς
2603 571 2660 625 δέ
2709 573 2829 626 ἐπεὶ
2886 574 2996 627 τῶν
3046 593 3106 628 τε
3159 577 3335 644 λόγων
3389 580 3670 651 ἧκουε,καὶ
3699 587 3750 639 τὰ

531 667 603 722 ad
632 681 807 737 rugas
849 664 960 719 illic
994 664 1204 733 positas
1235 663 1291 716 in
1335 663 1504 716 risum
1533 661 1748 715 solutus
1797 659 2118 728 imperator,

538 769 650 812 tum
673 758 893 826 quidem
924 771 1020 810 eos
1077 756 1142 809 ad
1179 770 1380 825 corpus
1430 755 1573 817 cibo,
1611 768 1674 806 ac
1707 767 1902 808 somno
1952 752 2005 804 in
2038 751 2121 804 di-

539 853 782 906 versorio
823 849 1182 903 reficiendum
1219 847 1464 902 dimittit.
1501 845 1596 899 Die
1625 844 1801 899 altero
1831 842 2067 898 concilio
2089 855 2120 895 e

536 942 902 1013 pra-sentibus
928 941 1042 995 suis
1067 948 1283 1001 coacto,
1314 937 1525 1008 legatos
1574 937 1743 991 etiam
1778 935 2034 995 advocat,
2057 948 2120 986 ac

535 1037 855 1104 priusquam
888 1033 969 1087 eis
1029 1031 1351 1101 respondet,
1395 1045 1619 1084 causam
1659 1044 1839 1090 suam,
1873 1029 1940 1082 ad
1970 1042 2119 1096 quae-

532 1125 764 1178 etionem
809 1123 878 1177 de
911 1137 974 1176 ea
1009 1121 1378 1174 exerteadam
1435 1121 1492 1173 in
1552 1117 1796 1172 medium
1839 1117 2114 1185 proponit.

534 1216 832 1285 lnquiritttr
884 1215 939 1268 in
995 1223 1114 1267 acta
1167 1215 1288 1283 ejus
1343 1212 1559 1271 omnia.
1615 1220 1736 1279 post
1818 1207 2116 1263 Andronici

534 1309 880 1377 imperatoris
910 1307 1120 1360 obitum
1158 1324 1170 1359 :
1207 1314 1260 1359 et
1324 1304 1514 1372 legatis
1550 1303 1881 1367 ostenditur,
1923 1302 2113 1372 prole,

526 1401 693 1470 juste,
733 1408 781 1451 et
835 1414 957 1451 cum
1013 1412 1228 1452 summa
1291 1406 1406 1449 tum
1457 1395 1694 1448 filiorum
1745 1394 2112 1464 imperatoris,

533 1501 646 1545 tum
735 1489 1116 1542 llotnanorum
1181 1488 1428 1539 omnium
1491 1487 1730 1539 utilitate
1796 1487 2115 1554 reipublica:

535 1584 837 1653 praefuisse.
898 1580 1063 1636 Jubet
1103 1582 1234 1635 item
1293 1596 1390 1636 eos
1423 1581 1695 1650 intrepide
1743 1581 2011 1650 proferre,
2069 1579 2115 1633 si

529 1677 662 1744 quid
694 1676 964 1730 haberent
997 1675 1428 1744 reprehendere,
1464 1683 1522 1727 ut
1568 1674 1835 1727 rationem
1865 1673 2112 1728 omnium

533 1768 868 1821 redditurus.
908 1767 1016 1821 lllis
1052 1766 1304 1836 quaedam
1365 1767 1564 1819 horum
1612 1774 1670 1819 ut
1704 1765 1911 1834 injusta
1944 1781 2112 1819 accu-

529 1861 799 1923 santibus,
834 1858 900 1912 ad
939 1858 1150 1929 singula
1191 1859 1508 1928 respondet.
1535 1857 1589 1911 ln
1626 1859 1728 1912 ista
1764 1858 1979 1912 actione
2015 1871 2110 1910 sex

2231 659 2541 730 γράμματα
2569 663 2804 732 ἀνέγνω,
2838 667 2975 734 πρὸς
3007 670 3135 731 τοὺς
3187 673 3648 740 ἐγγεγραμμένους
3671 677 3750 746 1"}-

2231 767 2358 819 ρους
2380 752 2683 823 διαχυθεὶς,
2713 753 2809 808 νῦν
2868 756 2966 826 μὲν
2997 757 3200 812 ἀπέλυε
3229 760 3358 823 τοὺς
3382 762 3624 832 πρέσϐεις
3645 767 3750 816 ἀνα-

2227 844 2443 914 παύλης
2473 845 2618 908 τινὸς
2674 849 2861 917 τυχεῖν
2895 849 2980 917 ἐφ’
3019 845 3088 920 ἦς
3121 851 3422 916 ἐξενίζοντο
3457 855 3647 915 οίκίαςο
3692 860 3750 920 εἰς

2227 935 2326 1004 τὴν
2363 938 2660 1007 ὑστεραίαν
2690 939 2747 992 δέ
2775 940 3075 1008 ἐκκλησίαν
3101 943 3165 998 ὲκ
3191 945 3300 997 τῶν
3333 963 3403 997 πα
3417 947 3602 1017 ρόντων
3628 965 3754 1018 ποιη-

2229 1028 2488 1094 σάμενος,
2531 1031 2888 1098 μετεκαλεῖτο
2912 1031 3006 1084 καὶ
3038 1033 3164 1095 τοὺς
3204 1033 3485 1103 πρέσϐεις.
3527 1037 3626 1090 Καὶ
3651 1042 3754 1108 πρὶν

2226 1118 2524 1186 ἀπολογίαν
2555 1122 2677 1174 τινὰ
2703 1122 2830 1190 περὶ
2863 1115 2939 1174 ὧν
2969 1125 3308 1192 ἐπρέσϐευον
3343 1129 3670 1195 ποιήσασθαι,
3703 1132 3756 1182 τὰ

2227 1206 2351 1258 κατ’
2383 1207 2546 1261 αὐτὸν
2573 1210 2653 1270 εἰς
2685 1209 2849 1277 μέσον
2889 1210 3172 1279 προύτίθει
3205 1213 3454 1283 ἐρευνᾷν.
3484 1213 3582 1266 Καὶ
3609 1215 3755 1267 πάντα

2226 1299 2519 1368 ἐξητάζετο
2562 1302 2702 1368 μετὰ
2754 1301 2854 1372 τὴν
2911 1301 3179 1370 βασιλέως
3235 1304 3515 1374 τελευτὴν,
3561 1306 3639 1373 ἐφ’
3691 1299 3755 1366 οἷς

2225 1391 2583 1446 ἀπεδείκνυεν
2634 1393 2821 1456 αὐτὸν,
2856 1394 2946 1446 ἐπὶ
3000 1395 3109 1448 τῶν
3168 1397 3449 1467 πρέσὸεων
3499 1399 3652 1467 ὀρθῶς
3683 1400 3754 1450 καὶ

2225 1483 2475 1549 δικαίως,
2508 1487 2604 1540 καὶ
2639 1489 2748 1550 τοῖς
2779 1504 2837 1540 τε
2866 1487 3129 1556 βασιλέως
3162 1493 3337 1552 παισὶ,
3376 1495 3466 1543 καὶ
3488 1494 3589 1553 τοῖς
3608 1491 3753 1555 ἀλλοις

2226 1576 2399 1629 ἅπασι
2451 1577 2748 1647 Ῥωμαίοις
2795 1581 3033 1648 μάλιστα
3063 1580 3356 1644 λυσιτελῶς
3388 1583 3750 1651 πεπολιτευμέ-

2223 1684 2332 1721 νον.
2378 1669 2632 1722 Ἐκέλευέ
2686 1687 2744 1722 τε
2781 1671 3032 1734 καὶτοὺς
3073 1673 3337 1742 πρέσϐεις
3377 1674 3542 1736 ἀδεῶς
3583 1673 3750 1740 λέγειν,

2223 1761 2277 1812 εἴ
2297 1778 2351 1814 τι
2393 1763 2570 1831 ἔχοιεν
2605 1765 2958 1832 κατηγορεῖν,
2991 1765 3066 1825 ὼς
3094 1765 3254 1833 λόγον
3283 1766 3421 1835 ὑπὲρ
3443 1771 3640 1820 πάντων
3664 1784 3753 1817 ποι-

2224 1853 2516 1922 ησόμενος.
2556 1856 2665 1908 Καὶ
2701 1856 2789 1907 ἐπ’
2824 1855 2992 1917 ἐνίοις
3044 1857 3438 1926 ἀντιλεγόντων
3488 1859 3573 1910 καὶ
3621 1860 3752 1924 ἐγκα-

527 1951 791 2022 deinceps
835 1951 955 2006 dies
1007 1952 1228 2006 contriti
1283 1961 1452 2016 sunt;
1520 1950 1885 2020 pluribusque
1945 1965 2104 2019 argu-

2218 1941 2484 2007 λούντων,
2516 1942 2550 1996 ἃ
2582 1943 2838 2012 ἐνόμιζον
2863 1944 3093 2011 ἀδικεῖν,
3129 1946 3273 2018 ὑπὲρ
3309 1947 3520 2002 πάντων
3559 1950 3752 1999 ἐποιεῖτο

527 2045 730 2098 mentis
788 2053 844 2098 et
908 2044 1334 2112 probationibus
1385 2043 1824 2098 demonstratum
1879 2042 2112 2111 injurias

526 2133 918 2202 imperatorem
1000 2135 1283 2203 accepisse
1342 2133 1504 2202 longe
1563 2133 1999 2204 indignissimae,
2057 2141 2113 2185 et

524 2241 782 2296 magnum
815 2224 1036 2291 ducem,
1068 2225 1316 2296 aliosque
1370 2226 1498 2280 belli
1535 2237 1751 2282 satores
1807 2243 1919 2283 non
1951 2243 2114 2299 syco-

523 2318 760 2388 phantas
794 2317 992 2384 solum,
1029 2325 1083 2371 et
1137 2317 1190 2370 in
1243 2333 1370 2372 eum
1409 2319 1768 2374 vehementer
1838 2320 2110 2392 ingratos,

523 2423 580 2465 et
611 2418 874 2479 quantum
907 2409 1014 2463 dici
1041 2425 1150 2462 non
1172 2418 1354 2479 potest
1375 2411 1715 2479 sceleratos;
1750 2413 1845 2468 sed
1873 2413 2110 2469 caedium

522 2519 762 2572 quoque,
812 2512 864 2556 et
910 2503 1217 2562 servitutis,
1247 2513 1303 2556 et
1353 2518 1726 2558 aerumnarum
1774 2506 2108 2576 ingentium,

523 2612 644 2664 qum
673 2595 794 2648 belli
832 2603 1080 2662 tempore
1109 2593 1389 2648 Romanos
1417 2597 1745 2661 obruerunt,
1787 2599 2109 2667 primariam

515 2701 746 2740 causam
799 2685 1103 2739 exstitisse.
1137 2687 1270 2740 Post
1316 2687 1462 2740 diem
1525 2697 1741 2741 sextum
1779 2690 1971 2760 legalis
2025 2705 2112 2746 re-

523 2791 786 2846 sponsum
827 2776 960 2829 dare
1014 2776 1332 2843 instituens,
1366 2777 1438 2831 ita
1503 2793 1663 2832 orsus
1697 2790 1803 2835 est.
1830 2781 1988 2838 Nulla
2019 2799 2110 2839 res

522 2877 578 2923 et
621 2868 809 2922 urbem
845 2869 1094 2938 populari
1135 2879 1380 2924 utentem
1433 2881 1728 2941 potestate,
1769 2886 1824 2928 et
1855 2891 2108 2946 regnum,

522 2975 618 3013 seu
654 2959 1031 3012 monarchiam
1066 2961 1120 3013 in
1159 2961 1349 3029 primis
1384 2970 1491 3016 lam
1515 2963 1676 3018 facile
1707 2967 2110 3036 evertit,quam

520 3067 550 3105 a
578 3051 964 3121 prudentibus,
988 3063 1043 3107 et
1075 3062 1388 3123 opportune
1409 3056 1828 3112 consulentibus
1850 3061 2103 3117 solitudo.

519 3145 736 3199 Etenim
766 3145 812 3199 si
839 3145 1039 3200 talibus
1078 3156 1173 3200 aut
1206 3147 1420 3202 civibus
1453 3147 1670 3215 civitas,
1707 3163 1801 3205 aut
1830 3155 2107 3222 prmfectis

518 3252 746 3307 regnum
774 3237 1159 3305 abundaverit,
1197 3239 1450 3309 quamvis
1483 3256 1608 3296 casu
1658 3245 1893 3312 quodam
1923 3247 2104 3300 offen-

517 3329 722 3396 derint,
781 3344 950 3399 parvo
999 3333 1224 3400 negotio
1279 3331 1344 3384 ad
1407 3333 1696 3401 pristinam
1784 3338 2105 3393 felicitatem

517 3421 768 3476 revocari
837 3429 1124 3490 poterunt.
1185 3421 1284 3476 Sin
1313 3433 1498 3478 autem
1554 3427 1690 3480 tales
1745 3429 1891 3482 viros
1937 3430 2106 3484 semel

517 3510 829 3578 amiserint,
864 3513 1027 3583 602
1061 3513 1200 3567 nihil
1232 3514 1484 3584 profecto
1518 3517 1780 3584 celerem,
1817 3529 1873 3574 et
1925 3530 2106 3576 extre-

517 3621 664 3663 mam
752 3619 945 3658 eorum
1021 3605 1302 3660 miseriam
1380 3610 1767 3663 remorabitur.
1838 3610 2105 3676 Quocirca

515 3699 826 3752 Romanum
876 3697 1165 3768 imperium
1195 3714 1298 3770 ego
1338 3702 1716 3772 maximopere
1749 3702 1930 3774 lugeo,
1960 3707 2102 3772 quod

513 3789 704 3844 multis
737 3800 894 3844 antea
930 3791 1063 3846 viris
1119 3792 1545 3848 admirabilibus
1573 3795 1886 3867 abundans,
1940 3801 2103 3855 modo

472 3927 479 3934 .
513 3883 700 3936 omnia
736 3882 1056 3950 conficiens,
1095 3893 1151 3938 et
1198 3900 1536 3939 consumens
1569 3895 1816 3942 vetustas
1850 3903 1915 3944 eo
1946 3892 2103 3946 rede-

514 3974 611 4045 git,
651 3984 708 4029 ut
741 3991 1012 4031 summam
1045 3977 1167 4046 ejus
1199 3985 1444 4039 teneant,
1477 3993 1618 4046 quos
1645 3994 1676 4033 e
1714 3981 1900 4036 medio
1925 3982 2101 4052 impe-

515 4067 630 4121 ritae
662 4061 963 4138 plebecula:
993 4067 1265 4136 prodiisse
1292 4068 1466 4124 dicas.
1503 4069 1641 4124 Nam
1677 4087 1846 4142 super
1897 4076 2099 4132 talibus

513 4160 840 4231 legationem
874 4159 1118 4221 mittere,
1147 4169 1200 4213 et
1226 4159 1293 4212 ad
1326 4174 1413 4213 me
1446 4161 1687 4228 mittere,
1709 4164 1803 4234 qui
1844 4167 1978 4236 ipsis
2006 4168 2098 4222 diu

508 4251 984 4321 jamimperavi,et
1000 4250 1160 4320 cujus
1182 4250 1345 4320 (absit
1367 4253 1529 4307 verbo
1547 4255 1776 4327 invidia)
1810 4259 1895 4314 vel
1923 4260 2096 4329 placi-

512 4345 667 4400 diore
699 4353 928 4413 aSpectu
967 4342 1197 4411 dignati,
1229 4343 1283 4396 in
1317 4345 1456 4398 coelo
1495 4346 1602 4400 sibi
1647 4363 1769 4403 esse
1831 4350 2096 4405 videban-

514 4446 639 4490 tur:
677 4435 878 4491 deinde
909 4434 1048 4488 nihil
1082 4450 1260 4505 neque
1316 4438 1694 4505 anquirentes,
1751 4457 1933 4512 neque
1984 4445 2096 4497 cir-

511 4528 963 4598 cumspicientes,
1028 4529 1164 4582 adeo
1245 4528 1585 4596 inconsulto,
1643 4541 1698 4586 et
1753 4536 2096 4591 confidenter

2221 2031 2395 2101 λόγον.
2451 2033 2626 2088 Τοῦτο
2669 2035 2770 2105 μὲν
2816 2031 2912 2089 οὖν
2962 2037 3043 2099 είς
3105 2037 3278 2109 ἕκτην
3329 2039 3518 2108 ἐφεξῆς
3577 2041 3751 2109 ἡμέραν

2219 2125 2476 2194 ἐτελεῖτο,
2507 2127 2603 2180 καὶ
2631 2127 2719 2180 διὰ
2745 2128 2957 2181 πολλῶν
2993 2129 3099 2182 τῶν
3128 2131 3459 2196 ἀποδείξεων
3491 2133 3555 2184 τὰ
3582 2133 3748 2200 ἔσχατα

2218 2217 2548 2288 ἠδικημένος
2567 2220 2930 2273 ἀπεδείκνυτο
2951 2223 2978 2272 ὁ
2999 2221 3280 2290 βασιλεύς.
3299 2224 3433 2288 Δοὺξ
3460 2224 3514 2276 δὲ
3535 2226 3560 2276 ὀ
3589 2224 3746 2290 μέγας,

2218 2309 2313 2362 καὶ
2361 2310 2410 2362 οἱ
2441 2311 2592 2365 ἄλλοι
2628 2314 2676 2365 ot
2708 2311 2801 2365 τὸν
2857 2313 3098 2383 πόλεμον
3145 2316 3501 2386 κεκινηκότες
3530 2315 3586 2366 οὐ
3622 2331 3747 2367 συκο-

2218 2402 2419 2470 φάνται
2455 2403 2616 2474 μόνον
2648 2405 2744 2458 καὶ
2768 2406 3089 2475 ἀγνώμονες
3117 2408 3307 2472 δεινῶς
3332 2410 3462 2480 περὶ
3491 2409 3659 2472 αὐτὸν,
3683 2408 3750 2459 καὶ

2220 2495 2526 2566 μοχθηρίας
2574 2499 2885 2570 ὑπερϐολὴν
2915 2500 3290 2565 ἐλλελοιπότες
3333 2501 3600 2572 οὐδεμίαν,
3644 2501 3748 2557 ἀλλὰ

2217 2589 2454 2642 καὶτῶν
2497 2591 2673 2656 φόνων
2728 2593 2824 2644 καὶ
2875 2593 2982 2647 τῶν
3017 2595 3492 2665 ἀνδραποδισμῶν,
3541 2596 3628 2648 καὶ
3668 2594 3749 2645 τῶν

2220 2681 2476 2750 μεγάλων
2535 2684 2858 2752 συμφορῶν,
2897 2685 2955 2737 αἶ
3021 2686 3343 2757 Ῥωμαίους
3399 2687 3651 2755 κατέσχον
3676 2685 3747 2736 ἐπὶ

2215 2771 2325 2822 τῶν
2357 2772 2565 2842 χρόνων
2596 2774 2691 2826 τοῦ
2746 2775 2987 2844 πολέμου
3025 2777 3268 2846 μάλιστα
3296 2778 3596 2832 αἰτιώτατοι
3617 2793 3746 2846 γεγεο

2219 2864 2464 2933 νημένοι.
2508 2867 2665 2919 Μετὰ
2723 2868 2780 2920 δὲ
2812 2869 2910 2938 τὴν
2966 2870 3133 2939 ἕκτην
3198 2871 3337 2941 πρὸς
3363 2872 3462 2942 τὴν
3494 2871 3744 2938 ἀπολογίαν

2214 2960 2516 3012 καθίστατο
2546 2961 2645 3029 τὴν
2670 2963 2800 3030 περὶ
2823 2964 2922 3032 τῆς
2956 2965 3275 3034 πρεσϐείας,
3309 2969 3402 3019 καὶ
3440 2963 3554 3018 εἶπε
3582 2964 3741 3019 τοιάδε·

2215 3052 2382 3107 Οὐδὲν
2417 3052 2560 3106 οὕτω
2593 3055 2684 3107 καὶ
2715 3055 2873 3107 πόλιν
2929 3056 3459 3130 δημοκρατουμένην
3491 3059 3577 3112 καὶ
3625 3058 3744 3128 βασι-

2213 3143 2364 3196 λείαν
2439 3146 2663 3214 μάλιστ’
2718 3147 2784 3199 ἂν
2847 3147 3047 3218 ῥᾳδίως
3103 3153 3402 3204 καταλύειν
3445 3151 3656 3212 δύναιτο,
3686 3146 3744 3208 ὡς

2215 3237 2425 3306 ἀνδρῶν
2453 3239 2695 3292 ἀπουσία
2727 3241 2967 3293 συνετῶν
3001 3243 3092 3292 καὶ
3126 3243 3193 3295 τὰ
3240 3245 3427 3298 δέοντα
3469 3239 3744 3313 βουλευομέ-

2211 3348 2339 3383 νων.
2373 3332 2437 3384 Εἰ
2501 3331 2601 3398 μὲν
2631 3334 2742 3401 γὰρ
2794 3334 3119 3404 τοιούτωνῆ
3175 3335 3412 3389 πολιτῶν
3466 3334 3673 3405 ἡπόλις,
3716 3330 3741 3398 ἢ

2210 3425 2488 3493 ἀρχόντων
2521 3427 2552 3495 ἡ
2585 3425 2840 3494 βασιλεία
2873 3429 3160 3496 εὐποροίη,
3200 3430 3308 3501 κᾷν
3337 3431 3471 3500 τύχῃ
3504 3427 3602 3482 τινὶ
3634 3441 3744 3492 σφα·

2208 3514 2362 3579 λῶσι,
2401 3516 2600 3586 ῥᾳδίως
2629 3518 2867 3571 δύναιντ’
2892 3519 2958 3572 ἂν
2990 3520 3368 3586 ἐπανασώζειν
3395 3525 3490 3592 τὴν
3516 3517 3744 3590 προτέραν

2205 3605 2419 3675 τύχηνο
2455 3607 2521 3660 ἂν
2577 3609 2621 3660 δ’
2653 3611 2802 3675 ἀπαξ
2855 3613 3279 3683 ἀποστερηθιῖηι
3335 3615 3440 3667 τῶν
3506 3611 3741 3669 τοιούτων,

2207 3699 2362 3751 οὐδὲν
2395 3698 2552 3752 ἔσται
2605 3701 2838 3770 κώλυμα
2877 3702 2952 3772 μὴ
2985 3703 3065 3763 είς
3120 3702 3350 3773 ἔσχατον
3403 3689 3772 3768 κακοπραγίαςέ

2205 3789 2438 3860 τάχιστα
2467 3791 2720 3862 ἀφῖχθαι.
2759 3795 2825 3845 "O
2854 3793 2948 3846 νῦν
2967 3793 3079 3861 ἐγὼ
3103 3795 3202 3865 τὴν
3237 3795 3522 3866 Ῥωμαίων
3547 3792 3744 3864 μάλιστα

2204 3883 2474 3955 ὀδύρομαι
2524 3886 2848 3955 ἠγεμονίαν,
2903 3887 2988 3940 ὅτι
3052 3887 3270 3941 πολλῶν
3320 3891 3414 3943 καὶ
3467 3882 3743 3955 θαυμασίων
3781 3889 3788 3906 ’-

2206 3976 2416 4046 ἀνδρῶν
2464 3977 2731 4046 πρότερον
2761 3978 3124 4048 εὐποροῦσαν,
3161 3977 3260 4032 νῦν
3314 3982 3394 4044 είς
3442 3977 3589 4032 τοῦτο
3614 3989 3740 4042 περι-

2204 4074 2435 4140 έστησεν
2462 4073 2489 4123 ὁ
2517 4072 2698 4124 πάντα
2739 4073 3028 4124 καταλύων
3051 4073 3268 4142 χρόνος,
3303 4073 3443 4126 ὥστε
3496 4067 3734 4140 ἡγεμόνας

2200 4164 2310 4215 τῶν
2341 4163 2689 4232 πραγμάτων
2725 4164 2875 4234 ἔχειν
2939 4165 3108 4235 μηδὲν
3158 4165 3384 4236 ἄμεινον
3423 4166 3528 4218 τῶν
3563 4157 3737 4216 πολλῶν

2199 4255 2602 4324 διακειμένους.
2647 4257 2720 4309 Τὸ
2762 4257 2871 4327 γὰρ
2913 4258 3055 4328 ὑπὲρ
3103 4259 3438 4328 τηλικούτων
3483 4251 3737 4325 πρεσὸείαν

2200 4350 2578 4420 ποιουμένους,
2614 4352 2708 4402 καὶ
2744 4352 2880 4420 πρὸς
2907 4352 3006 4421 ἐμὲ
3024 4351 3114 4404 τὸν
3143 4352 3311 4405 πολὺν
3341 4353 3440 4423 ἤδη
3463 4351 3638 4421 χρόνον
3660 4344 3739 4408 ἄρ·

2201 4441 2370 4505 ξαντα.
2409 4443 2612 4507 αὐτῶν,
2661 4443 2756 4497 καὶ
2782 4436 2842 4496 οὗ
2892 4447 2942 4496 εἱ
2990 4445 3063 4515 μὴ
3111 4446 3399 4514 ἐπίφθονον
3436 4445 3617 4504 είπεῖν,
3663 4431 3740 4488 καὶ

2200 4533 2519 4603 βλέμματος
2577 4534 2876 4586 ἀπολαύειν
2904 4535 3216 4604 προσηνοῦς
3268 4537 3326 4586 ἐν
3352 4533 3602 4604 μεγίστης
3628 4521 3740 4596 ἦγον

509 4620 774 4690 quidquid
817 4621 870 4672 in
904 4620 1130 4673 buccam
1161 4621 1312 4675 venit
1342 4623 1609 4690 scribere,
1647 4640 1757 4678 non
1815 4636 1924 4680 tam
1958 4628 2086 4694 illis,

2211 4625 2454 4693 εὐτυχίας
2510 4625 2692 4693 μέρει,
2723 4625 2916 4679 ἔπειτα
2977 4626 3145 4694 μηδὲν
3179 4626 3314 4696 μήτε
3348 4624 3733 4694 ἐρευνήσαντας,

508 4707 655 4776 quod
691 4720 753 4760 se
783 4706 1011 4776 dignum
1035 4715 1116 4760 est
1181 4708 1538 4778 facientibus,
1574 4714 1852 4783 quispiam
1903 4732 2096 4787 repre-

511 4799 788 4864 henderit,
815 4815 975 4868 quam
1006 4799 1218 4856 illustre
1248 4803 1424 4872 prius,
1456 4815 1512 4858 et
1564 4806 1786 4860 beatum
1817 4807 2097 4867 Romano-

509 4907 627 4945 rum
661 4891 949 4960 imperium
975 4909 1123 4948 nunc
1149 4895 1217 4948 ab
1244 4897 1582 4966 hujusmodi,
1621 4900 1756 4968 proh
1791 4901 1963 4956 Deum
1995 4903 2097 4958 im-

508 4985 820 5048 mertalem,
860 4987 1147 5054 mancipiis
1209 4988 1577 5058 gubernatum
1626 4989 1928 5048 defleverit.
1985 4995 2094 5051 Sed

506 5079 574 5133 de
599 5077 706 5134 illis
736 5077 874 5133 nihil
905 5080 1083 5135 dicam
1112 5081 1368 5150 amplius,
1403 5096 1540 5149 quos
1564 5085 1687 5138 talis
1725 5087 1999 5154 conditio,
2034 5098 2090 5145 et

506 5173 658 5242 pejor
699 5173 861 5226 etiam
897 5173 1058 5228 decet
1108 5189 1122 5226 :
1171 5173 1488 5241 Apocauchi
1547 5174 1790 5243 prtefecti
1847 5181 2106 5237 cubiculi’

505 5280 613 5320 non
644 5265 1051 5334 improbitatem
1084 5264 1268 5329 modo,
1320 5265 1732 5338 mentiendique
1776 5270 2086 5339 libidinem,

502 5356 599 5412 sed
635 5358 1000 5413 temeritatem
1036 5371 1257 5427 quoque
1287 5366 1343 5412 et
1374 5357 1770 5426 impudentiam
1799 5364 2086 5434 admiror;

500 5447 616 5517 qui,
641 5449 891 5519 quamvis
923 5463 1032 5503 non
1069 5448 1254 5517 paucis
1293 5461 1349 5504 et
1386 5452 1747 5520 apertissimis
1814 5460 2084 5529 exemplis

497 5539 910 5594 mendaciorum
942 5538 1198 5593 convinci
1231 5540 1429 5608 possit,
1461 5552 1729 5600 tamenne
1765 5545 1970 5603 frustra
2019 5566 2083 5606 ac

499 5629 618 5683 sine
649 5645 813 5684 causa
850 5629 1053 5685 bellum
1085 5633 1477 5698 commovisse,
1514 5651 1691 5705 neque
1716 5637 1958 5693 inaniter
1990 5642 2082 5695 la—

496 5717 694 5775 borarc
735 5721 1008 5789 videatur,
1041 5721 1240 5778 ﬂuxam
1271 5725 1498 5795 gloriam
1544 5728 1816 5785 dedecore
1850 5732 1904 5786 in
1952 5749 2073 5787 om-

2203 4719 2340 4788 μήτε
2368 4717 2746 4786 σκεψαμένους
2760 4716 2934 4779 οὕτως
2953 4719 3374 4788 ἀπερισκέπτως
3414 4717 3505 4769 καὶ
3529 4709 3734 4783 θρασέως

2197 4813 2266 4865 τὰ
2297 4811 2600 4866 ἐπελθόντα
2631 4812 2890 4882 γράφειν,
2946 4812 3047 4866 οὐκ
3104 4813 3326 4865 ἐκείνων
3354 4808 3556 4879 μάλιστ’
3587 4806 3644 4857 ἀν
3668 4811 3732 4855 τις

2199 4907 2610 4976 κατηγορήσειε
2656 4908 3005 4976 προσήκοντα
3050 4906 3427 4976 εἰργασμένων
3465 4887 3726 4957 ἑαυτοῖς.ἢ

2197 4998 2308 5068 ac"?
2372 5000 2472 5066 τὴν
2500 5000 2778 5068 περιφανῆ
2815 4999 3078 5068 πρότερον
3111 4999 3204 5051 καὶ
3251 4995 3446 5065 εὐτυχῆ
3483 4983 3730 5057 Ῥωμαίων

2199 5090 2498 5162 θρηνήσειν
2551 5090 2879 5160 ἠγεμονίαν,
2918 5092 3024 5143 ὑπὸ
3067 5090 3353 5152 τοιούτοις,
3385 5084 3504 5156 φεῦ,
3562 5078 3728 5162 ἀνδραέ

2197 5161 2382 5246 πόδοις
2413 5181 2717 5251 ἀγομένην.
2753 5183 2892 5250 Περὶ
2917 5183 3016 5252 μὲν
3050 5178 3145 5235 οὖν
3171 5179 3393 5234 ἐκείνων
3440 5175 3602 5242 ὀλίγος
3625 5161 3726 5232 ἐμοὶ

2193 5276 2350 5344 λόγος
2387 5277 2587 5344 γένοιτ’
2636 5275 2724 5340 ἂν,
2757 5275 2986 5328 τοιαῦτα
3025 5275 3118 5327 καὶ
3156 5273 3462 5342 φαυλότερα
3504 5263 3726 5336 πράττειν

2194 5365 2345 5422 οὖσιν
2383 5369 2595 5440 ἀξίοις-λ’
2630 5368 2974 5438 Ἀποκαύχου
3007 5368 3062 5420 δὲ
3094 5367 3191 5419 τοῦ
3243 5354 3720 5435 παρακοιμωμένου.

2197 5465 2257 5516 οὐ
2288 5465 2388 5533 τὴν
2447 5463 2756 5534 μοχθηρίαν
2790 5463 2978 5532 μόνον,
3040 5461 3179 5514 ἀλλά
3211 5461 3302 5513 καὶ
3330 5460 3425 5527 τὴν
3459 5449 3721 5518 ίταμέτητα

2194 5558 2290 5609 καὶ
2320 5557 2418 5624 τὴν
2472 5555 2866 5622 ἀναισχυντίαν
2923 5555 3104 5607 ἔπεισι
3167 5552 3480 5623 θαυμάζειν,
3505 5547 3577 5598 ὅτι
3621 5553 3721 5592 και-

2197 5665 2279 5701 ττι
2335 5649 2545 5716 μέλλων
2597 5649 2689 5700 ἐπὶ
2749 5648 3025 5701 τοσούτων
3078 5647 3390 5717 ἐλέγχεσθαι
3451 5637 3720 5705 σωιφέστθιτα

2184 5739 2542 5810 ψευδόμενος,
2579 5741 2729 5810 ὅμως
2763 5742 2856 5794 ἐπὶ
2882 5740 2956 5811 τῷ
2989 5739 3064 5811 μὴ
3097 5741 3272 5793 δοκεῖν
3303 5735 3420 5803 εἰκῆ
3451 5731 3540 5784 καὶ
3567 5723 3716 5796 μάτην
