  <div class='ocr_page' id='page_1' title='image "/cluster/home/n/w/nwhite01/storage/ocr_20150623/153:no.1/coo.31924054870583/578.png"; bbox 0 0 4014 6424; ppageno 0'>
   <div class='ocr_carea' id='block_1_1' title="bbox 316 514 566 603">
    <p class='ocr_par' dir='ltr' id='par_1_1' title="bbox 316 514 566 603">
     <span class='ocr_line' id='line_1_1' title="bbox 316 514 566 603; baseline -0.02 -25"><span class='ocrx_word' id='word_1_1' title='bbox 316 514 449 579; x_wconf 68' lang='lat'><strong>11:1</strong></span> <span class='ocrx_word' id='word_1_2' title='bbox 554 583 566 603; x_wconf 42' lang='lat'><strong>,</strong></span> 
     </span>
    </p>
   </div>
   <div class='ocr_carea' id='block_1_2' title="bbox 1444 515 2432 582">
    <p class='ocr_par' dir='ltr' id='par_1_2' title="bbox 1444 515 2432 582">
     <span class='ocr_line' id='line_1_2' title="bbox 1444 515 2432 582; baseline 0.005 -5"><span class='ocrx_word' id='word_1_3' title='bbox 1444 515 1991 578; x_wconf 78' lang='lat' dir='ltr'><strong>HISTORIARUM</strong></span> <span class='ocrx_word' id='word_1_4' title='bbox 2036 519 2268 581; x_wconf 76' lang='lat' dir='ltr'><strong>LIBER</strong></span> <span class='ocrx_word' id='word_1_5' title='bbox 2314 521 2432 582; x_wconf 82' lang='lat' dir='ltr'><strong>III.</strong></span> 
     </span>
    </p>
   </div>
   <div class='ocr_carea' id='block_1_3' title="bbox 3421 517 3558 583">
    <p class='ocr_par' dir='ltr' id='par_1_3' title="bbox 3421 517 3558 583">
     <span class='ocr_line' id='line_1_3' title="bbox 3421 517 3558 583; baseline 0.007 -3"><span class='ocrx_word' id='word_1_6' title='bbox 3421 517 3558 583; x_wconf 82' lang='lat'><strong>1138</strong></span> 
     </span>
    </p>
   </div>
   <div class='ocr_carea' id='block_1_4' title="bbox 304 631 1888 706">
    <p class='ocr_par' dir='ltr' id='par_1_4' title="bbox 304 631 1865 705">
     <span class='ocr_line' id='line_1_4' title="bbox 304 631 1865 705; baseline 0.002 -23"><span class='ocrx_word' id='word_1_7' title='bbox 304 631 396 682; x_wconf 59' lang='grc' dir='ltr'><strong>τὴν</strong></span> <span class='ocrx_word' id='word_1_8' title='bbox 451 631 695 702; x_wconf 82' lang='grc' dir='ltr'>πόλεμον</span> <span class='ocrx_word' id='word_1_9' title='bbox 747 634 1119 704; x_wconf 75' lang='grc' dir='ltr'><strong>κεκινηκέναι,</strong></span> <span class='ocrx_word' id='word_1_10' title='bbox 1179 633 1300 705; x_wconf 76' lang='grc' dir='ltr'>μηδ’</span> <span class='ocrx_word' id='word_1_11' title='bbox 1351 634 1596 705; x_wconf 73' lang='grc' dir='ltr'>ἀνήνυτα</span> <span class='ocrx_word' id='word_1_12' title='bbox 1650 637 1865 697; x_wconf 82' lang='grc' dir='ltr'><strong>πονεῖν,</strong></span> 
     </span>
    </p>
   </div>
   <div class='ocr_carea' id='block_1_5' title="bbox 1993 631 3561 706">
    <p class='ocr_par' dir='ltr' id='par_1_5' title="bbox 1993 633 3561 706">
     <span class='ocr_line' id='line_1_5' title="bbox 1993 633 3561 706; baseline 0.003 -18"><span class='ocrx_word' id='word_1_13' title='bbox 1993 651 2106 690; x_wconf 72' lang='grc' dir='ltr'><strong>ηοω</strong></span> <span class='ocrx_word' id='word_1_14' title='bbox 2133 639 2298 693; x_wconf 85' lang='lat' dir='ltr'><strong>vitam</strong></span> <span class='ocrx_word' id='word_1_15' title='bbox 2329 646 2592 694; x_wconf 84' lang='lat' dir='ltr'><strong>duraturo</strong></span> <span class='ocrx_word' id='word_1_16' title='bbox 2625 639 2897 695; x_wconf 81' lang='lat' dir='ltr'><strong>redimere</strong></span> <span class='ocrx_word' id='word_1_17' title='bbox 2921 636 3111 692; x_wconf 91' lang='lat' dir='ltr'><strong>voluit.</strong></span> <span class='ocrx_word' id='word_1_18' title='bbox 3150 633 3352 691; x_wconf 82' lang='lat' dir='ltr'><strong>Verum</strong></span> <span class='ocrx_word' id='word_1_19' title='bbox 3383 652 3561 706; x_wconf 81' lang='lat' dir='ltr'><strong>neth</strong></span> 
     </span>
    </p>
   </div>
   <div class='ocr_carea' id='block_1_6' title="bbox 305 719 1880 797">
    <p class='ocr_par' dir='ltr' id='par_1_6' title="bbox 305 719 1880 797">
     <span class='ocr_line' id='line_1_6' title="bbox 305 719 1880 797; baseline 0.004 -22"><span class='ocrx_word' id='word_1_20' title='bbox 305 722 481 775; x_wconf 79' lang='grc' dir='ltr'>είλετο</span> <span class='ocrx_word' id='word_1_21' title='bbox 505 719 604 793; x_wconf 78' lang='grc' dir='ltr'><strong>τῆξ</strong></span> <span class='ocrx_word' id='word_1_22' title='bbox 632 723 720 777; x_wconf 70' lang='grc' dir='ltr'><strong>ἐπ’</strong></span> <span class='ocrx_word' id='word_1_23' title='bbox 751 723 934 792; x_wconf 77' lang='grc' dir='ltr'><strong>ὀλίγον</strong></span> <span class='ocrx_word' id='word_1_24' title='bbox 955 723 1198 791; x_wconf 78' lang='grc' dir='ltr'><strong>εὐδοξίας</strong></span> <span class='ocrx_word' id='word_1_25' title='bbox 1225 725 1326 797; x_wconf 84' lang='grc' dir='ltr'><strong>τὴν</strong></span> <span class='ocrx_word' id='word_1_26' title='bbox 1354 726 1442 779; x_wconf 72' lang='grc' dir='ltr'>διὰ</span> <span class='ocrx_word' id='word_1_27' title='bbox 1468 726 1587 796; x_wconf 86' lang='grc' dir='ltr'>βίου</span> <span class='ocrx_word' id='word_1_28' title='bbox 1615 726 1880 797; x_wconf 64' lang='grc' dir='ltr'>αἰσχύνην</span> 
     </span>
    </p>
   </div>
   <div class='ocr_carea' id='block_1_7' title="bbox 306 814 1880 887">
    <p class='ocr_par' dir='ltr' id='par_1_7' title="bbox 306 814 1880 887">
     <span class='ocr_line' id='line_1_7' title="bbox 306 814 1880 887; baseline 0.003 -20"><span class='ocrx_word' id='word_1_29' title='bbox 306 814 795 869; x_wconf 74' lang='grc' dir='ltr'>ἀπαλλάττεσθαι.</span> <span class='ocrx_word' id='word_1_30' title='bbox 825 816 955 881; x_wconf 76' lang='grc' dir='ltr'>Δέον</span> <span class='ocrx_word' id='word_1_31' title='bbox 982 815 1169 885; x_wconf 84' lang='grc' dir='ltr'>μέντοι</span> <span class='ocrx_word' id='word_1_32' title='bbox 1227 818 1363 887; x_wconf 84' lang='grc' dir='ltr'>μηδὲ</span> <span class='ocrx_word' id='word_1_33' title='bbox 1398 817 1456 871; x_wconf 79' lang='grc' dir='ltr'><strong>τὸ</strong></span> <span class='ocrx_word' id='word_1_34' title='bbox 1484 819 1699 872; x_wconf 62' lang='grc' dir='ltr'>ἐκείνου</span> <span class='ocrx_word' id='word_1_35' title='bbox 1733 819 1880 872; x_wconf 84' lang='grc' dir='ltr'>πάνυ</span> 
     </span>
    </p>
   </div>
   <div class='ocr_carea' id='block_1_8' title="bbox 311 899 1884 978">
    <p class='ocr_par' dir='ltr' id='par_1_8' title="bbox 311 899 1884 978">
     <span class='ocr_line' id='line_1_8' title="bbox 311 899 1884 978; baseline 0.003 -22"><span class='ocrx_word' id='word_1_36' title='bbox 311 904 628 969; x_wconf 83' lang='grc' dir='ltr'>θαυμαστὸν</span> <span class='ocrx_word' id='word_1_37' title='bbox 668 905 939 974; x_wconf 77' lang='grc' dir='ltr'>ἡγεῖσθαι.</span> <span class='ocrx_word' id='word_1_38' title='bbox 974 899 1045 978; x_wconf 74' lang='grc' dir='ltr'><strong><em>Ὦ</em></strong></span> <span class='ocrx_word' id='word_1_39' title='bbox 1078 907 1187 977; x_wconf 85' lang='grc' dir='ltr'><strong>γὰρ</strong></span> <span class='ocrx_word' id='word_1_40' title='bbox 1221 908 1248 960; x_wconf 88' lang='grc' dir='ltr'>ὁ</span> <span class='ocrx_word' id='word_1_41' title='bbox 1280 906 1394 975; x_wconf 84' lang='grc' dir='ltr'>βίος</span> <span class='ocrx_word' id='word_1_42' title='bbox 1423 905 1542 971; x_wconf 82' lang='grc' dir='ltr'>ὅλος</span> <span class='ocrx_word' id='word_1_43' title='bbox 1576 906 1884 977; x_wconf 82' lang='grc' dir='ltr'>πανουργία</span> 
     </span>
    </p>
   </div>
   <div class='ocr_carea' id='block_1_9' title="bbox 311 994 1883 1070">
    <p class='ocr_par' dir='ltr' id='par_1_9' title="bbox 311 994 1883 1070">
     <span class='ocr_line' id='line_1_9' title="bbox 311 994 1883 1070; baseline 0.001 -20"><span class='ocrx_word' id='word_1_44' title='bbox 311 994 408 1050; x_wconf 82' lang='grc' dir='ltr'>καὶ</span> <span class='ocrx_word' id='word_1_45' title='bbox 429 996 690 1066; x_wconf 75' lang='grc' dir='ltr'>ἐπιορκία</span> <span class='ocrx_word' id='word_1_46' title='bbox 734 998 829 1050; x_wconf 78' lang='grc' dir='ltr'>καὶ</span> <span class='ocrx_word' id='word_1_47' title='bbox 851 997 1062 1066; x_wconf 82' lang='grc' dir='ltr'>ἀπάτη,</span> <span class='ocrx_word' id='word_1_48' title='bbox 1089 1000 1185 1052; x_wconf 73' lang='grc' dir='ltr'>καὶ</span> <span class='ocrx_word' id='word_1_49' title='bbox 1220 999 1349 1070; x_wconf 69' lang='grc' dir='ltr'>ῥᾷον</span> <span class='ocrx_word' id='word_1_50' title='bbox 1404 998 1470 1053; x_wconf 82' lang='grc' dir='ltr'><strong>ἂν</strong></span> <span class='ocrx_word' id='word_1_51' title='bbox 1519 999 1883 1053; x_wconf 81' lang='grc' dir='ltr'>ἀναπνεύσειε</span> 
     </span>
    </p>
   </div>
   <div class='ocr_carea' id='block_1_10' title="bbox 309 1087 1884 1160">
    <p class='ocr_par' dir='ltr' id='par_1_10' title="bbox 309 1087 1884 1160">
     <span class='ocr_line' id='line_1_10' title="bbox 309 1087 1884 1160; baseline 0.001 -19"><span class='ocrx_word' id='word_1_52' title='bbox 309 1088 480 1159; x_wconf 80' lang='grc' dir='ltr'>χωρὶς</span> <span class='ocrx_word' id='word_1_53' title='bbox 509 1089 693 1158; x_wconf 81' lang='grc' dir='ltr'>ἀέρος,</span> <span class='ocrx_word' id='word_1_54' title='bbox 718 1087 994 1159; x_wconf 78' lang='grc' dir='ltr'>ἢτούτων,</span> <span class='ocrx_word' id='word_1_55' title='bbox 1014 1089 1167 1143; x_wconf 74' lang='grc' dir='ltr'>οὐδὲν</span> <span class='ocrx_word' id='word_1_56' title='bbox 1190 1088 1507 1159; x_wconf 84' lang='grc' dir='ltr'>θαυμαστὸν</span> <span class='ocrx_word' id='word_1_57' title='bbox 1529 1093 1576 1143; x_wconf 84' lang='grc' dir='ltr'><strong>εἰ</strong></span> <span class='ocrx_word' id='word_1_58' title='bbox 1599 1090 1735 1144; x_wconf 74' lang='grc' dir='ltr'>θεὸν</span> <span class='ocrx_word' id='word_1_59' title='bbox 1751 1092 1884 1160; x_wconf 79' lang='grc' dir='ltr'>ψευ-</span> 
     </span>
    </p>
   </div>
   <div class='ocr_carea' id='block_1_11' title="bbox 307 1176 1884 1250">
    <p class='ocr_par' dir='ltr' id='par_1_11' title="bbox 307 1176 1884 1250">
     <span class='ocr_line' id='line_1_11' title="bbox 307 1176 1884 1250; baseline 0.001 -20"><span class='ocrx_word' id='word_1_60' title='bbox 307 1176 535 1245; x_wconf 85' lang='grc' dir='ltr'>δόμενος</span> <span class='ocrx_word' id='word_1_61' title='bbox 572 1178 862 1247; x_wconf 78' lang='grc' dir='ltr'><strong>διηνεκῶς,</strong></span> <span class='ocrx_word' id='word_1_62' title='bbox 904 1177 1084 1233; x_wconf 85' lang='grc' dir='ltr'>είλετο</span> <span class='ocrx_word' id='word_1_63' title='bbox 1134 1178 1231 1233; x_wconf 75' lang='grc' dir='ltr'><strong>καὶ</strong></span> <span class='ocrx_word' id='word_1_64' title='bbox 1282 1179 1421 1250; x_wconf 80' lang='grc' dir='ltr'>πρὸς</span> <span class='ocrx_word' id='word_1_65' title='bbox 1448 1179 1776 1250; x_wconf 82' lang='grc' dir='ltr'><strong>ἀνθρώπους</strong></span> <span class='ocrx_word' id='word_1_66' title='bbox 1804 1180 1884 1250; x_wconf 81' lang='grc' dir='ltr'>τῷ</span> 
     </span>
    </p>
   </div>
   <div class='ocr_carea' id='block_1_12' title="bbox 307 1265 1875 1343">
    <p class='ocr_par' dir='ltr' id='par_1_12' title="bbox 307 1265 1875 1343">
     <span class='ocr_line' id='line_1_12' title="bbox 307 1265 1875 1343; baseline 0.004 -24"><span class='ocrx_word' id='word_1_67' title='bbox 307 1265 493 1336; x_wconf 80' lang='grc' dir='ltr'>ψεύδει</span> <span class='ocrx_word' id='word_1_68' title='bbox 525 1268 787 1339; x_wconf 84' lang='grc' dir='ltr'>χρῆσθαι.</span> <span class='ocrx_word' id='word_1_69' title='bbox 841 1270 1000 1340; x_wconf 75' lang='grc' dir='ltr'><strong>Ἐμοὶ</strong></span> <span class='ocrx_word' id='word_1_70' title='bbox 1027 1271 1072 1324; x_wconf 77' lang='grc' dir='ltr'>δ’</span> <span class='ocrx_word' id='word_1_71' title='bbox 1102 1271 1342 1342; x_wconf 80' lang='grc' dir='ltr'>ὲξαρχῆς</span> <span class='ocrx_word' id='word_1_72' title='bbox 1384 1289 1442 1324; x_wconf 91' lang='grc' dir='ltr'><strong>τε</strong></span> <span class='ocrx_word' id='word_1_73' title='bbox 1474 1272 1743 1343; x_wconf 81' lang='grc' dir='ltr'><strong>ᾑρημένῳ</strong></span> <span class='ocrx_word' id='word_1_74' title='bbox 1773 1271 1875 1341; x_wconf 82' lang='grc' dir='ltr'>τὴν</span> 
     </span>
    </p>
   </div>
   <div class='ocr_carea' id='block_1_13' title="bbox 306 1360 1882 1436">
    <p class='ocr_par' dir='ltr' id='par_1_13' title="bbox 306 1360 1882 1436">
     <span class='ocr_line' id='line_1_13' title="bbox 306 1360 1882 1436; baseline 0.003 -23"><span class='ocrx_word' id='word_1_75' title='bbox 306 1360 592 1432; x_wconf 78' lang='grc' dir='ltr'>ἀλήθειαν,</span> <span class='ocrx_word' id='word_1_76' title='bbox 626 1360 721 1416; x_wconf 71' lang='grc' dir='ltr'><strong>καὶ</strong></span> <span class='ocrx_word' id='word_1_77' title='bbox 744 1363 827 1427; x_wconf 90' lang='grc' dir='ltr'><strong>εἰς</strong></span> <span class='ocrx_word' id='word_1_78' title='bbox 864 1364 986 1418; x_wconf 89' lang='grc' dir='ltr'>τόδε</span> <span class='ocrx_word' id='word_1_79' title='bbox 1016 1365 1214 1436; x_wconf 91' lang='grc' dir='ltr'>χρόνου</span> <span class='ocrx_word' id='word_1_80' title='bbox 1244 1366 1375 1434; x_wconf 75' lang='grc' dir='ltr'>περὶ</span> <span class='ocrx_word' id='word_1_81' title='bbox 1406 1364 1661 1419; x_wconf 73' lang='grc' dir='ltr'>πλείστου</span> <span class='ocrx_word' id='word_1_82' title='bbox 1694 1380 1882 1418; x_wconf 88' lang='grc' dir='ltr'>ποιου-</span> 
     </span>
    </p>
   </div>
   <div class='ocr_carea' id='block_1_14' title="bbox 310 1453 1888 1528">
    <p class='ocr_par' dir='ltr' id='par_1_14' title="bbox 310 1453 1888 1528">
     <span class='ocr_line' id='line_1_14' title="bbox 310 1453 1888 1528; baseline 0.003 -22"><span class='ocrx_word' id='word_1_83' title='bbox 310 1453 480 1524; x_wconf 76' lang='grc' dir='ltr'>μένῳ,</span> <span class='ocrx_word' id='word_1_84' title='bbox 512 1453 612 1508; x_wconf 79' lang='grc' dir='ltr'>καὶ</span> <span class='ocrx_word' id='word_1_85' title='bbox 640 1454 824 1525; x_wconf 87' lang='grc' dir='ltr'>πάσης</span> <span class='ocrx_word' id='word_1_86' title='bbox 848 1456 1015 1527; x_wconf 87' lang='grc' dir='ltr'>ἀλλης</span> <span class='ocrx_word' id='word_1_87' title='bbox 1042 1457 1395 1528; x_wconf 83' lang='grc' dir='ltr'><strong>ἀνθρωπίνης</strong></span> <span class='ocrx_word' id='word_1_88' title='bbox 1423 1456 1726 1528; x_wconf 79' lang='grc' dir='ltr'>εὐημερίας</span> <span class='ocrx_word' id='word_1_89' title='bbox 1753 1474 1888 1527; x_wconf 89' lang='grc' dir='ltr'>προ-</span> 
     </span>
    </p>
   </div>
   <div class='ocr_carea' id='block_1_15' title="bbox 309 1546 1886 1623">
    <p class='ocr_par' dir='ltr' id='par_1_15' title="bbox 309 1546 1886 1623">
     <span class='ocr_line' id='line_1_15' title="bbox 309 1546 1886 1623; baseline 0.004 -25"><span class='ocrx_word' id='word_1_90' title='bbox 309 1546 816 1619; x_wconf 73' lang='grc' dir='ltr'>τιμῶντι,ιτάληθὲς</span> <span class='ocrx_word' id='word_1_91' title='bbox 851 1551 1639 1623; x_wconf 79' lang='grc' dir='ltr'>εἰρήσεται.Συμμαρτυρήσει</span> <span class='ocrx_word' id='word_1_92' title='bbox 1698 1552 1755 1605; x_wconf 68' lang='grc' dir='ltr'>δὲ</span> <span class='ocrx_word' id='word_1_93' title='bbox 1792 1552 1886 1605; x_wconf 78' lang='grc' dir='ltr'><strong>καὶ</strong></span> 
     </span>
    </p>
   </div>
   <div class='ocr_carea' id='block_1_16' title="bbox 314 1636 1879 1714">
    <p class='ocr_par' dir='ltr' id='par_1_16' title="bbox 314 1636 1879 1714">
     <span class='ocr_line' id='line_1_16' title="bbox 314 1636 1879 1714; baseline 0.004 -23"><span class='ocrx_word' id='word_1_94' title='bbox 314 1639 614 1710; x_wconf 80' lang='grc' dir='ltr'>Συναδηνὸς</span> <span class='ocrx_word' id='word_1_95' title='bbox 665 1636 843 1709; x_wconf 72' lang='grc' dir='ltr'>οὗτος,</span> <span class='ocrx_word' id='word_1_96' title='bbox 893 1643 952 1706; x_wconf 83' lang='grc' dir='ltr'>ὃς</span> <span class='ocrx_word' id='word_1_97' title='bbox 1004 1644 1127 1714; x_wconf 76' lang='grc' dir='ltr'>ἐμοὶ</span> <span class='ocrx_word' id='word_1_98' title='bbox 1174 1646 1301 1707; x_wconf 76' lang='grc' dir='ltr'>τοὺς</span> <span class='ocrx_word' id='word_1_99' title='bbox 1357 1644 1553 1713; x_wconf 84' lang='grc' dir='ltr'><strong>λόγους</strong></span> <span class='ocrx_word' id='word_1_100' title='bbox 1611 1643 1879 1711; x_wconf 85' lang='grc' dir='ltr'><strong>σύνοιδεν,</strong></span> 
     </span>
    </p>
   </div>
   <div class='ocr_carea' id='block_1_17' title="bbox 313 1731 1881 1807">
    <p class='ocr_par' dir='ltr' id='par_1_17' title="bbox 313 1731 1881 1807">
     <span class='ocr_line' id='line_1_17' title="bbox 313 1731 1881 1807; baseline 0.003 -21"><span class='ocrx_word' id='word_1_101' title='bbox 313 1732 613 1801; x_wconf 80' lang='grc' dir='ltr'>ἀξιόχρεως</span> <span class='ocrx_word' id='word_1_102' title='bbox 633 1731 708 1787; x_wconf 84' lang='grc' dir='ltr'>ὢν</span> <span class='ocrx_word' id='word_1_103' title='bbox 731 1734 869 1805; x_wconf 72' lang='grc' dir='ltr'>πρὸς</span> <span class='ocrx_word' id='word_1_104' title='bbox 898 1734 1104 1801; x_wconf 87' lang='grc' dir='ltr'>πίστιν,</span> <span class='ocrx_word' id='word_1_105' title='bbox 1129 1735 1262 1806; x_wconf 81' lang='grc' dir='ltr'>παρ’</span> <span class='ocrx_word' id='word_1_106' title='bbox 1293 1736 1505 1790; x_wconf 61' lang='grc' dir='ltr'>ἐκείνου</span> <span class='ocrx_word' id='word_1_107' title='bbox 1524 1734 1633 1807; x_wconf 83' lang='grc' dir='ltr'>γὰρ</span> <span class='ocrx_word' id='word_1_108' title='bbox 1658 1736 1881 1805; x_wconf 77' lang='grc' dir='ltr'>ἀφῖκτο.</span> 
     </span>
    </p>
   </div>
   <div class='ocr_carea' id='block_1_18' title="bbox 318 1825 1883 1900">
    <p class='ocr_par' dir='ltr' id='par_1_18' title="bbox 318 1825 1883 1900">
     <span class='ocr_line' id='line_1_18' title="bbox 318 1825 1883 1900; baseline 0.003 -22"><span class='ocrx_word' id='word_1_109' title='bbox 318 1825 393 1878; x_wconf 88' lang='grc' dir='ltr'>Τδ</span> <span class='ocrx_word' id='word_1_110' title='bbox 430 1825 540 1895; x_wconf 84' lang='grc' dir='ltr'>γὰρ</span> <span class='ocrx_word' id='word_1_111' title='bbox 583 1825 886 1895; x_wconf 85' lang='grc' dir='ltr'>Ἐμπυθίου</span> <span class='ocrx_word' id='word_1_112' title='bbox 932 1828 1195 1899; x_wconf 74' lang='grc' dir='ltr'>φρούριον</span> <span class='ocrx_word' id='word_1_113' title='bbox 1230 1828 1560 1899; x_wconf 81' lang='grc' dir='ltr'>πολιορκῶν,</span> <span class='ocrx_word' id='word_1_114' title='bbox 1584 1829 1883 1900; x_wconf 77' lang='grc' dir='ltr'>πρεσϐείαν</span> 
     </span>
    </p>
   </div>
   <div class='ocr_carea' id='block_1_19' title="bbox 1991 729 3557 787">
    <p class='ocr_par' dir='ltr' id='par_1_19' title="bbox 1991 729 3557 787">
     <span class='ocr_line' id='line_1_19' title="bbox 1991 729 3557 787; baseline -0.001 -2"><span class='ocrx_word' id='word_1_115' title='bbox 1991 731 2093 787; x_wconf 89' lang='lat' dir='ltr'><strong>hoc</strong></span> <span class='ocrx_word' id='word_1_116' title='bbox 2150 732 2291 787; x_wconf 86' lang='lat' dir='ltr'><strong>illius</strong></span> <span class='ocrx_word' id='word_1_117' title='bbox 2351 732 2562 787; x_wconf 75' lang='lat' dir='ltr'><strong>facinus</strong></span> <span class='ocrx_word' id='word_1_118' title='bbox 2606 743 2715 786; x_wconf 89' lang='lat' dir='ltr'><strong>tam</strong></span> <span class='ocrx_word' id='word_1_119' title='bbox 2769 733 2928 786; x_wconf 86' lang='lat' dir='ltr'><strong>valde</strong></span> <span class='ocrx_word' id='word_1_120' title='bbox 2964 729 3276 784; x_wconf 91' lang='lat' dir='ltr'><strong>mirandum</strong></span> <span class='ocrx_word' id='word_1_121' title='bbox 3336 744 3557 785; x_wconf 71' lang='lat' dir='ltr'><strong>censeo.</strong></span> 
     </span>
    </p>
   </div>
   <div class='ocr_carea' id='block_1_20' title="bbox 1984 808 3605 893">
    <p class='ocr_par' dir='ltr' id='par_1_20' title="bbox 1984 808 3605 893">
     <span class='ocr_line' id='line_1_20' title="bbox 1984 808 3605 893; baseline -0.003 -15"><span class='ocrx_word' id='word_1_122' title='bbox 1984 822 2152 893; x_wconf 82' lang='lat' dir='ltr'><strong>Cujus</strong></span> <span class='ocrx_word' id='word_1_123' title='bbox 2181 824 2326 878; x_wconf 86' lang='lat' dir='ltr'><strong>enim</strong></span> <span class='ocrx_word' id='word_1_124' title='bbox 2365 824 2469 879; x_wconf 66' lang='lat' dir='ltr'><strong>vita</strong></span> <span class='ocrx_word' id='word_1_125' title='bbox 2529 824 2710 879; x_wconf 90' lang='lat' dir='ltr'><strong>omnis</strong></span> <span class='ocrx_word' id='word_1_126' title='bbox 2751 823 2887 877; x_wconf 84' lang='lat' dir='ltr'><strong>nihil</strong></span> <span class='ocrx_word' id='word_1_127' title='bbox 2944 831 3050 887; x_wconf 89' lang='lat' dir='ltr'><strong>est,</strong></span> <span class='ocrx_word' id='word_1_128' title='bbox 3114 820 3219 875; x_wconf 87' lang='lat' dir='ltr'><strong>nisi</strong></span> <span class='ocrx_word' id='word_1_129' title='bbox 3287 821 3556 886; x_wconf 68' lang='lat' dir='ltr'><strong>vafrities,</strong></span> <span class='ocrx_word' id='word_1_130' title='bbox 3600 808 3605 813; x_wconf 66' lang='grc'><em>’</em></span> 
     </span>
    </p>
   </div>
   <div class='ocr_carea' id='block_1_21' title="bbox 1987 911 3528 985">
    <p class='ocr_par' dir='ltr' id='par_1_21' title="bbox 1987 911 3528 985">
     <span class='ocr_line' id='line_1_21' title="bbox 1987 911 3528 985; baseline -0.005 -13"><span class='ocrx_word' id='word_1_131' title='bbox 1987 916 2309 985; x_wconf 74' lang='lat' dir='ltr'><strong>[erjurium,</strong></span> <span class='ocrx_word' id='word_1_132' title='bbox 2335 916 2655 985; x_wconf 88' lang='lat' dir='ltr'><strong>impostura,</strong></span> <span class='ocrx_word' id='word_1_133' title='bbox 2693 915 2897 984; x_wconf 84' lang='lat' dir='ltr'><strong>quique</strong></span> <span class='ocrx_word' id='word_1_134' title='bbox 2934 913 3150 968; x_wconf 82' lang='lat' dir='ltr'><strong>facilius</strong></span> <span class='ocrx_word' id='word_1_135' title='bbox 3195 913 3315 966; x_wconf 76' lang='lat' dir='ltr'><strong>sine</strong></span> <span class='ocrx_word' id='word_1_136' title='bbox 3346 911 3528 980; x_wconf 86' lang='lat' dir='ltr'><strong>aspira</strong></span> 
     </span>
    </p>
   </div>
   <div class='ocr_carea' id='block_1_22' title="bbox 1988 1001 3556 1077">
    <p class='ocr_par' dir='ltr' id='par_1_22' title="bbox 1988 1001 3556 1077">
     <span class='ocr_line' id='line_1_22' title="bbox 1988 1001 3556 1077; baseline -0.004 -15"><span class='ocrx_word' id='word_1_137' title='bbox 1988 1009 2132 1064; x_wconf 90' lang='lat' dir='ltr'><strong>tione</strong></span> <span class='ocrx_word' id='word_1_138' title='bbox 2153 1008 2314 1070; x_wconf 86' lang='lat' dir='ltr'><strong>aeris,</strong></span> <span class='ocrx_word' id='word_1_139' title='bbox 2340 1022 2504 1077; x_wconf 88' lang='lat' dir='ltr'><strong>quam</strong></span> <span class='ocrx_word' id='word_1_140' title='bbox 2558 1009 2677 1061; x_wconf 77' lang='lat' dir='ltr'><strong>sine</strong></span> <span class='ocrx_word' id='word_1_141' title='bbox 2701 1006 2790 1061; x_wconf 93' lang='lat' dir='ltr'><strong>his</strong></span> <span class='ocrx_word' id='word_1_142' title='bbox 2850 1005 3104 1075; x_wconf 80' lang='lat' dir='ltr'><strong>Spiritum</strong></span> <span class='ocrx_word' id='word_1_143' title='bbox 3136 1003 3374 1066; x_wconf 75' lang='lat' dir='ltr'><strong>duxerit,</strong></span> <span class='ocrx_word' id='word_1_144' title='bbox 3412 1001 3556 1056; x_wconf 77' lang='lat' dir='ltr'><strong>haud</strong></span> 
     </span>
    </p>
   </div>
   <div class='ocr_carea' id='block_1_23' title="bbox 1985 1094 3556 1177">
    <p class='ocr_par' dir='ltr' id='par_1_23' title="bbox 1985 1094 3556 1177">
     <span class='ocr_line' id='line_1_23' title="bbox 1985 1094 3556 1177; baseline -0.004 -22"><span class='ocrx_word' id='word_1_145' title='bbox 1985 1100 2180 1155; x_wconf 86' lang='lat' dir='ltr'><strong>mirum</strong></span> <span class='ocrx_word' id='word_1_146' title='bbox 2240 1101 2284 1154; x_wconf 92' lang='lat' dir='ltr'><strong>si</strong></span> <span class='ocrx_word' id='word_1_147' title='bbox 2320 1099 2428 1154; x_wconf 90' lang='lat' dir='ltr'><strong>Deo</strong></span> <span class='ocrx_word' id='word_1_148' title='bbox 2462 1100 2740 1154; x_wconf 86' lang='lat' dir='ltr'><strong>mentiens</strong></span> <span class='ocrx_word' id='word_1_149' title='bbox 2792 1097 3035 1177; x_wconf 78' lang='lat' dir='ltr'><strong>assidue,</strong></span> <span class='ocrx_word' id='word_1_150' title='bbox 3098 1095 3243 1165; x_wconf 87' lang='lat' dir='ltr'><strong>apud</strong></span> <span class='ocrx_word' id='word_1_151' title='bbox 3302 1094 3556 1148; x_wconf 80' lang='lat' dir='ltr'><strong>homines</strong></span> 
     </span>
    </p>
   </div>
   <div class='ocr_carea' id='block_1_24' title="bbox 1985 1185 3557 1261">
    <p class='ocr_par' dir='ltr' id='par_1_24' title="bbox 1985 1185 3557 1261">
     <span class='ocr_line' id='line_1_24' title="bbox 1985 1185 3557 1261; baseline -0.005 -17"><span class='ocrx_word' id='word_1_152' title='bbox 1985 1206 2202 1261; x_wconf 89' lang='lat' dir='ltr'><strong>quoque</strong></span> <span class='ocrx_word' id='word_1_153' title='bbox 2232 1191 2527 1245; x_wconf 71' lang='lat' dir='ltr'><strong>vanitatem</strong></span> <span class='ocrx_word' id='word_1_154' title='bbox 2575 1203 2841 1258; x_wconf 87' lang='lat' dir='ltr'><strong>usurpare</strong></span> <span class='ocrx_word' id='word_1_155' title='bbox 2878 1188 3156 1241; x_wconf 84' lang='lat' dir='ltr'><strong>statuerit.</strong></span> <span class='ocrx_word' id='word_1_156' title='bbox 3192 1185 3306 1253; x_wconf 80' lang='lat' dir='ltr'><strong>Ego</strong></span> <span class='ocrx_word' id='word_1_157' title='bbox 3349 1199 3481 1239; x_wconf 83' lang='lat' dir='ltr'><strong>vero</strong></span> <span class='ocrx_word' id='word_1_158' title='bbox 3528 1199 3557 1235; x_wconf 86' lang='lat' dir='ltr'><strong>a</strong></span> 
     </span>
    </p>
   </div>
   <div class='ocr_carea' id='block_1_25' title="bbox 1985 1278 3557 1352">
    <p class='ocr_par' dir='ltr' id='par_1_25' title="bbox 1985 1278 3557 1352">
     <span class='ocr_line' id='line_1_25' title="bbox 1985 1278 3557 1352; baseline -0.004 -17"><span class='ocrx_word' id='word_1_159' title='bbox 1985 1298 2158 1352; x_wconf 82' lang='lat' dir='ltr'><strong>puero</strong></span> <span class='ocrx_word' id='word_1_160' title='bbox 2195 1282 2443 1336; x_wconf 88' lang='lat' dir='ltr'><strong>veritatis</strong></span> <span class='ocrx_word' id='word_1_161' title='bbox 2473 1295 2687 1343; x_wconf 88' lang='lat' dir='ltr'><strong>amans,</strong></span> <span class='ocrx_word' id='word_1_162' title='bbox 2725 1288 2781 1334; x_wconf 86' lang='lat' dir='ltr'><strong>et</strong></span> <span class='ocrx_word' id='word_1_163' title='bbox 2822 1294 2996 1348; x_wconf 89' lang='lat' dir='ltr'><strong>usque</strong></span> <span class='ocrx_word' id='word_1_164' title='bbox 3031 1279 3192 1333; x_wconf 87' lang='lat' dir='ltr'><strong>hodie</strong></span> <span class='ocrx_word' id='word_1_165' title='bbox 3251 1278 3384 1332; x_wconf 88' lang='lat' dir='ltr'><strong>tanti</strong></span> <span class='ocrx_word' id='word_1_166' title='bbox 3436 1290 3557 1331; x_wconf 89' lang='lat' dir='ltr'><strong>eam</strong></span> 
     </span>
    </p>
   </div>
   <div class='ocr_carea' id='block_1_26' title="bbox 1982 1369 3562 1445">
    <p class='ocr_par' dir='ltr' id='par_1_26' title="bbox 1982 1369 3562 1445">
     <span class='ocr_line' id='line_1_26' title="bbox 1982 1369 3562 1445; baseline -0.006 -17"><span class='ocrx_word' id='word_1_167' title='bbox 1982 1373 2211 1445; x_wconf 61' lang='lat' dir='ltr'><strong>faciens,</strong></span> <span class='ocrx_word' id='word_1_168' title='bbox 2248 1382 2308 1428; x_wconf 91' lang='lat' dir='ltr'><strong>ut</strong></span> <span class='ocrx_word' id='word_1_169' title='bbox 2333 1373 2532 1427; x_wconf 89' lang='lat' dir='ltr'><strong>nullam</strong></span> <span class='ocrx_word' id='word_1_170' title='bbox 2567 1372 2615 1425; x_wconf 91' lang='lat' dir='ltr'><strong>ei</strong></span> <span class='ocrx_word' id='word_1_171' title='bbox 2651 1372 2942 1425; x_wconf 84' lang='lat' dir='ltr'><strong>humanam</strong></span> <span class='ocrx_word' id='word_1_172' title='bbox 2977 1369 3407 1439; x_wconf 86' lang='lat' dir='ltr'><strong>prosperitatem</strong></span> <span class='ocrx_word' id='word_1_173' title='bbox 3457 1382 3562 1420; x_wconf 84' lang='lat' dir='ltr'><strong>au—</strong></span> 
     </span>
    </p>
   </div>
   <div class='ocr_carea' id='block_1_27' title="bbox 1991 1456 3559 1534">
    <p class='ocr_par' dir='ltr' id='par_1_27' title="bbox 1991 1456 3559 1534">
     <span class='ocr_line' id='line_1_27' title="bbox 1991 1456 3559 1534; baseline -0.007 -14"><span class='ocrx_word' id='word_1_174' title='bbox 1991 1473 2265 1534; x_wconf 84' lang='lat' dir='ltr'><strong>teponam,</strong></span> <span class='ocrx_word' id='word_1_175' title='bbox 2327 1462 2471 1532; x_wconf 87' lang='lat' dir='ltr'><strong>quod</strong></span> <span class='ocrx_word' id='word_1_176' title='bbox 2499 1476 2685 1515; x_wconf 81' lang='lat' dir='ltr'><strong>verum</strong></span> <span class='ocrx_word' id='word_1_177' title='bbox 2734 1471 2818 1514; x_wconf 87' lang='lat' dir='ltr'><strong>est</strong></span> <span class='ocrx_word' id='word_1_178' title='bbox 2871 1459 3114 1528; x_wconf 79' lang='lat' dir='ltr'><strong>elaquar.</strong></span> <span class='ocrx_word' id='word_1_179' title='bbox 3156 1456 3559 1513; x_wconf 83' lang='lat' dir='ltr'><strong>Testimonium</strong></span> 
     </span>
    </p>
   </div>
   <div class='ocr_carea' id='block_1_28' title="bbox 1989 1554 3562 1628">
    <p class='ocr_par' dir='ltr' id='par_1_28' title="bbox 1989 1554 3562 1628">
     <span class='ocr_line' id='line_1_28' title="bbox 1989 1554 3562 1628; baseline -0.006 -13"><span class='ocrx_word' id='word_1_180' title='bbox 1989 1560 2120 1615; x_wconf 91' lang='lat' dir='ltr'><strong>mihi</strong></span> <span class='ocrx_word' id='word_1_181' title='bbox 2150 1560 2296 1614; x_wconf 87' lang='lat' dir='ltr'><strong>dicet</strong></span> <span class='ocrx_word' id='word_1_182' title='bbox 2329 1559 2492 1612; x_wconf 85' lang='lat' dir='ltr'><strong>etiam</strong></span> <span class='ocrx_word' id='word_1_183' title='bbox 2523 1557 2846 1628; x_wconf 79' lang='lat' dir='ltr'><strong>Synadenu&#39;s</strong></span> <span class='ocrx_word' id='word_1_184' title='bbox 2874 1556 2982 1619; x_wconf 89' lang='lat' dir='ltr'><strong>hic,</strong></span> <span class='ocrx_word' id='word_1_185' title='bbox 3001 1569 3246 1609; x_wconf 89' lang='lat' dir='ltr'><strong>meorum</strong></span> <span class='ocrx_word' id='word_1_186' title='bbox 3267 1554 3562 1608; x_wconf 86' lang='lat' dir='ltr'><strong>verborum</strong></span> 
     </span>
    </p>
   </div>
   <div class='ocr_carea' id='block_1_29' title="bbox 1987 1644 3561 1719">
    <p class='ocr_par' dir='ltr' id='par_1_29' title="bbox 1987 1644 3561 1719">
     <span class='ocr_line' id='line_1_29' title="bbox 1987 1644 3561 1719; baseline -0.006 -13"><span class='ocrx_word' id='word_1_187' title='bbox 1987 1652 2263 1717; x_wconf 79' lang='lat' dir='ltr'><strong>conscius,</strong></span> <span class='ocrx_word' id='word_1_188' title='bbox 2289 1660 2344 1705; x_wconf 90' lang='lat' dir='ltr'><strong>et</strong></span> <span class='ocrx_word' id='word_1_189' title='bbox 2375 1650 2529 1705; x_wconf 87' lang='lat' dir='ltr'><strong>testis</strong></span> <span class='ocrx_word' id='word_1_190' title='bbox 2564 1649 2666 1703; x_wconf 81' lang='lat' dir='ltr'><strong>(ide</strong></span> <span class='ocrx_word' id='word_1_191' title='bbox 2716 1648 2937 1719; x_wconf 84' lang='lat' dir='ltr'><strong>dignus,</strong></span> <span class='ocrx_word' id='word_1_192' title='bbox 2969 1645 3064 1716; x_wconf 89' lang='lat' dir='ltr'><strong>qui</strong></span> <span class='ocrx_word' id='word_1_193' title='bbox 3115 1644 3305 1699; x_wconf 87' lang='lat' dir='ltr'><strong>abillo</strong></span> <span class='ocrx_word' id='word_1_194' title='bbox 3362 1646 3428 1698; x_wconf 87' lang='lat' dir='ltr'><strong>ad</strong></span> <span class='ocrx_word' id='word_1_195' title='bbox 3471 1658 3561 1698; x_wconf 89' lang='lat' dir='ltr'><strong>me</strong></span> 
     </span>
    </p>
   </div>
   <div class='ocr_carea' id='block_1_30' title="bbox 1987 1735 3562 1808">
    <p class='ocr_par' dir='ltr' id='par_1_30' title="bbox 1987 1735 3562 1808">
     <span class='ocr_line' id='line_1_30' title="bbox 1987 1735 3562 1808; baseline -0.007 -8"><span class='ocrx_word' id='word_1_196' title='bbox 1987 1746 2157 1801; x_wconf 74' lang='lat' dir='ltr'><strong>venit.</strong></span> <span class='ocrx_word' id='word_1_197' title='bbox 2188 1741 2324 1797; x_wconf 86' lang='lat' dir='ltr'><strong>Nam</strong></span> <span class='ocrx_word' id='word_1_198' title='bbox 2391 1743 2518 1796; x_wconf 92' lang='lat' dir='ltr'><strong>dum</strong></span> <span class='ocrx_word' id='word_1_199' title='bbox 2552 1740 2837 1796; x_wconf 79' lang='lat' dir='ltr'><strong>castellum</strong></span> <span class='ocrx_word' id='word_1_200' title='bbox 2890 1738 3234 1808; x_wconf 86' lang='lat' dir='ltr'><strong>Empythium</strong></span> <span class='ocrx_word' id='word_1_201' title='bbox 3262 1735 3562 1794; x_wconf 78' lang='lat' dir='ltr'><strong>obsideret.</strong></span> 
     </span>
    </p>
   </div>
   <div class='ocr_carea' id='block_1_31' title="bbox 1990 1825 3542 1907">
    <p class='ocr_par' dir='ltr' id='par_1_31' title="bbox 1990 1825 3542 1907">
     <span class='ocr_line' id='line_1_31' title="bbox 1990 1825 3542 1907; baseline -0.006 -16"><span class='ocrx_word' id='word_1_202' title='bbox 1990 1837 2225 1907; x_wconf 81' lang='lat' dir='ltr'><strong>legatum</strong></span> <span class='ocrx_word' id='word_1_203' title='bbox 2249 1835 2396 1890; x_wconf 87' lang='lat' dir='ltr'><strong>hunc</strong></span> <span class='ocrx_word' id='word_1_204' title='bbox 2420 1834 2487 1888; x_wconf 88' lang='lat' dir='ltr'><strong>ad</strong></span> <span class='ocrx_word' id='word_1_205' title='bbox 2512 1848 2600 1887; x_wconf 89' lang='lat' dir='ltr'><strong>me</strong></span> <span class='ocrx_word' id='word_1_206' title='bbox 2629 1831 2780 1885; x_wconf 87' lang='lat' dir='ltr'><strong>misit</strong></span> <span class='ocrx_word' id='word_1_207' title='bbox 2812 1848 2826 1884; x_wconf 88' lang='lat'><strong>:</strong></span> <span class='ocrx_word' id='word_1_208' title='bbox 2858 1840 2914 1884; x_wconf 89' lang='lat' dir='ltr'><strong>et</strong></span> <span class='ocrx_word' id='word_1_209' title='bbox 2955 1828 3243 1884; x_wconf 77' lang='lat' dir='ltr'><strong>allii-inurit</strong></span> <span class='ocrx_word' id='word_1_210' title='bbox 3273 1842 3361 1892; x_wconf 63' lang='grc' dir='ltr'><strong>,τε</strong></span> <span class='ocrx_word' id='word_1_211' title='bbox 3401 1825 3542 1881; x_wconf 83' lang='lat' dir='ltr'><strong>collo</strong></span> 
     </span>
    </p>
   </div>
   <div class='ocr_carea' id='block_1_32' title="bbox 314 1916 1888 2022">
    <p class='ocr_par' dir='ltr' id='par_1_32' title="bbox 314 1916 1882 1990">
     <span class='ocr_line' id='line_1_32' title="bbox 314 1916 1882 1990; baseline 0.005 -23"><span class='ocrx_word' id='word_1_212' title='bbox 314 1932 374 1968; x_wconf 84' lang='grc' dir='ltr'><strong>τε</strong></span> <span class='ocrx_word' id='word_1_213' title='bbox 409 1916 549 1986; x_wconf 89' lang='grc' dir='ltr'>πρός</span> <span class='ocrx_word' id='word_1_214' title='bbox 572 1932 640 1986; x_wconf 90' lang='grc' dir='ltr'><strong>με</strong></span> <span class='ocrx_word' id='word_1_215' title='bbox 670 1917 758 1971; x_wconf 90' lang='grc' dir='ltr'><strong>διά</strong></span> <span class='ocrx_word' id='word_1_216' title='bbox 784 1919 977 1971; x_wconf 87' lang='grc' dir='ltr'>τούτου</span> <span class='ocrx_word' id='word_1_217' title='bbox 1006 1921 1267 1986; x_wconf 76' lang='grc' dir='ltr'>ἐποιεῖτο,</span> <span class='ocrx_word' id='word_1_218' title='bbox 1288 1921 1382 1974; x_wconf 71' lang='grc' dir='ltr'><strong>καὶ</strong></span> <span class='ocrx_word' id='word_1_219' title='bbox 1411 1919 1704 1990; x_wconf 83' lang='grc' dir='ltr'>βούλεσθαι</span> <span class='ocrx_word' id='word_1_220' title='bbox 1726 1920 1882 1990; x_wconf 70' lang='grc' dir='ltr'>ἔλεγε</span> 
     </span>
    </p>
   </div>
   <div class='ocr_carea' id='block_1_33' title="bbox 1993 1916 3566 2022">
    <p class='ocr_par' dir='ltr' id='par_1_33' title="bbox 1993 1920 3566 1999">
     <span class='ocr_line' id='line_1_33' title="bbox 1993 1920 3566 1999; baseline -0.007 -16"><span class='ocrx_word' id='word_1_221' title='bbox 1993 1927 2189 1999; x_wconf 87' lang='lat' dir='ltr'><strong>quendi</strong></span> <span class='ocrx_word' id='word_1_222' title='bbox 2214 1927 2386 1998; x_wconf 86' lang='lat' dir='ltr'><strong>gratia</strong></span> <span class='ocrx_word' id='word_1_223' title='bbox 2440 1939 2529 1979; x_wconf 91' lang='lat' dir='ltr'><strong>me</strong></span> <span class='ocrx_word' id='word_1_224' title='bbox 2579 1930 2910 1977; x_wconf 84' lang='lat' dir='ltr'><strong>conventum</strong></span> <span class='ocrx_word' id='word_1_225' title='bbox 2941 1935 3165 1990; x_wconf 88' lang='lat' dir='ltr'><strong>cupere,</strong></span> <span class='ocrx_word' id='word_1_226' title='bbox 3203 1920 3458 1988; x_wconf 84' lang='lat' dir='ltr'><strong>nequiter</strong></span> <span class='ocrx_word' id='word_1_227' title='bbox 3509 1924 3566 1972; x_wconf 85' lang='lat' dir='ltr'><strong>et</strong></span> 
     </span>
    </p>
   </div>
   <div class='ocr_carea' id='block_1_34' title="bbox 317 2008 1885 2083">
    <p class='ocr_par' dir='ltr' id='par_1_34' title="bbox 317 2008 1885 2083">
     <span class='ocr_line' id='line_1_34' title="bbox 317 2008 1885 2083; baseline 0.006 -26"><span class='ocrx_word' id='word_1_228' title='bbox 317 2008 605 2078; x_wconf 84' lang='grc' dir='ltr'>συντυχεῖν</span> <span class='ocrx_word' id='word_1_229' title='bbox 625 2008 759 2078; x_wconf 87' lang='grc' dir='ltr'>περί</span> <span class='ocrx_word' id='word_1_230' title='bbox 792 2026 956 2063; x_wconf 83' lang='grc' dir='ltr'>τινων</span> <span class='ocrx_word' id='word_1_231' title='bbox 983 2010 1387 2081; x_wconf 76' lang='grc' dir='ltr'>διαλεξόμενος,</span> <span class='ocrx_word' id='word_1_232' title='bbox 1431 2012 1758 2083; x_wconf 85' lang='grc' dir='ltr'>κακούργως</span> <span class='ocrx_word' id='word_1_233' title='bbox 1788 2012 1885 2067; x_wconf 75' lang='grc' dir='ltr'>καὶ</span> 
     </span>
    </p>
   </div>
   <div class='ocr_carea' id='block_1_35' title="bbox 310 2097 1888 2173">
    <p class='ocr_par' dir='ltr' id='par_1_35' title="bbox 310 2097 1888 2173">
     <span class='ocr_line' id='line_1_35' title="bbox 310 2097 1888 2173; baseline 0.006 -24"><span class='ocrx_word' id='word_1_234' title='bbox 310 2097 485 2151; x_wconf 83' lang='grc' dir='ltr'>ταῦτα</span> <span class='ocrx_word' id='word_1_235' title='bbox 501 2099 595 2152; x_wconf 74' lang='grc' dir='ltr'>καὶ</span> <span class='ocrx_word' id='word_1_236' title='bbox 612 2099 780 2165; x_wconf 82' lang='grc' dir='ltr'>ἀξίως</span> <span class='ocrx_word' id='word_1_237' title='bbox 802 2100 1001 2155; x_wconf 80' lang='grc' dir='ltr'>ἑαυτοῦ</span> <span class='ocrx_word' id='word_1_238' title='bbox 1019 2102 1473 2173; x_wconf 81' lang='grc' dir='ltr'>ὑποκρινόμενος,</span> <span class='ocrx_word' id='word_1_239' title='bbox 1503 2104 1579 2168; x_wconf 84' lang='grc' dir='ltr'><strong>ὡς</strong></span> <span class='ocrx_word' id='word_1_240' title='bbox 1608 2105 1888 2160; x_wconf 76' lang='grc' dir='ltr'>ἐδείκνυτο</span> 
     </span>
    </p>
   </div>
   <div class='ocr_carea' id='block_1_36' title="bbox 311 2187 1886 2265">
    <p class='ocr_par' dir='ltr' id='par_1_36' title="bbox 311 2187 1886 2265">
     <span class='ocr_line' id='line_1_36' title="bbox 311 2187 1886 2265; baseline 0.004 -25"><span class='ocrx_word' id='word_1_241' title='bbox 311 2188 504 2255; x_wconf 79' lang='grc' dir='ltr'>σαφῶς</span> <span class='ocrx_word' id='word_1_242' title='bbox 529 2188 638 2241; x_wconf 83' lang='grc' dir='ltr'><strong>ἀπὸ</strong></span> <span class='ocrx_word' id='word_1_243' title='bbox 660 2187 771 2241; x_wconf 87' lang='grc' dir='ltr'><strong>τῶν</strong></span> <span class='ocrx_word' id='word_1_244' title='bbox 802 2192 1216 2260; x_wconf 81' lang='grc' dir='ltr'>πραττομένων.</span> <span class='ocrx_word' id='word_1_245' title='bbox 1251 2192 1593 2262; x_wconf 79' lang='grc' dir='ltr'>Συνθεμένου</span> <span class='ocrx_word' id='word_1_246' title='bbox 1648 2194 1705 2247; x_wconf 79' lang='grc' dir='ltr'>δὲ</span> <span class='ocrx_word' id='word_1_247' title='bbox 1750 2193 1886 2265; x_wconf 78' lang='grc' dir='ltr'>ἐμοῦ</span> 
     </span>
    </p>
   </div>
   <div class='ocr_carea' id='block_1_37' title="bbox 313 2278 1887 2354">
    <p class='ocr_par' dir='ltr' id='par_1_37' title="bbox 313 2278 1887 2354">
     <span class='ocr_line' id='line_1_37' title="bbox 313 2278 1887 2354; baseline 0.006 -25"><span class='ocrx_word' id='word_1_248' title='bbox 313 2278 526 2349; x_wconf 82' lang='grc' dir='ltr'><strong>(ᾠήθην</strong></span> <span class='ocrx_word' id='word_1_249' title='bbox 551 2280 852 2351; x_wconf 82' lang='grc' dir='ltr'>γάράὐτδν</span> <span class='ocrx_word' id='word_1_250' title='bbox 886 2283 1017 2351; x_wconf 85' lang='grc' dir='ltr'><strong>περί</strong></span> <span class='ocrx_word' id='word_1_251' title='bbox 1045 2283 1270 2354; x_wconf 75' lang='grc' dir='ltr'>εἰρήνης</span> <span class='ocrx_word' id='word_1_252' title='bbox 1290 2283 1502 2339; x_wconf 66' lang='grc' dir='ltr'>ἐθέλειν</span> <span class='ocrx_word' id='word_1_253' title='bbox 1517 2284 1887 2353; x_wconf 86' lang='grc' dir='ltr'>διαλέγεσθαι,</span> 
     </span>
    </p>
   </div>
   <div class='ocr_carea' id='block_1_38' title="bbox 314 2363 1887 2447">
    <p class='ocr_par' dir='ltr' id='par_1_38' title="bbox 314 2363 1887 2447">
     <span class='ocr_line' id='line_1_38' title="bbox 314 2363 1887 2447; baseline 0.003 -24"><span class='ocrx_word' id='word_1_254' title='bbox 314 2363 383 2440; x_wconf 82' lang='grc' dir='ltr'>ἧς</span> <span class='ocrx_word' id='word_1_255' title='bbox 414 2370 525 2440; x_wconf 78' lang='grc' dir='ltr'>ἐγὼ</span> <span class='ocrx_word' id='word_1_256' title='bbox 584 2372 820 2442; x_wconf 83' lang='grc' dir='ltr'>μάλιστα</span> <span class='ocrx_word' id='word_1_257' title='bbox 866 2373 1120 2443; x_wconf 74' lang='grc' dir='ltr'>ἐπιθυμῶ</span> <span class='ocrx_word' id='word_1_258' title='bbox 1179 2376 1272 2427; x_wconf 80' lang='grc' dir='ltr'><strong>καὶ</strong></span> <span class='ocrx_word' id='word_1_259' title='bbox 1322 2374 1429 2429; x_wconf 91' lang='grc' dir='ltr'><strong>τῶν</strong></span> <span class='ocrx_word' id='word_1_260' title='bbox 1481 2375 1612 2444; x_wconf 73' lang='grc' dir='ltr'>περὶ</span> <span class='ocrx_word' id='word_1_261' title='bbox 1669 2376 1887 2447; x_wconf 70' lang='grc' dir='ltr'>ἐκείνης</span> 
     </span>
    </p>
   </div>
   <div class='ocr_carea' id='block_1_39' title="bbox 314 2461 1888 2539">
    <p class='ocr_par' dir='ltr' id='par_1_39' title="bbox 314 2461 1888 2539">
     <span class='ocr_line' id='line_1_39' title="bbox 314 2461 1888 2539; baseline 0.004 -22"><span class='ocrx_word' id='word_1_262' title='bbox 314 2461 510 2531; x_wconf 88' lang='grc' dir='ltr'>λόγων,</span> <span class='ocrx_word' id='word_1_263' title='bbox 541 2463 644 2518; x_wconf 79' lang='grc' dir='ltr'><strong>κᾶν</strong></span> <span class='ocrx_word' id='word_1_264' title='bbox 664 2480 767 2519; x_wconf 82' lang='grc' dir='ltr'><strong>ωσι</strong></span> <span class='ocrx_word' id='word_1_265' title='bbox 789 2464 924 2536; x_wconf 76' lang='grc' dir='ltr'>πρὸς</span> <span class='ocrx_word' id='word_1_266' title='bbox 947 2466 1163 2539; x_wconf 80' lang='grc' dir='ltr'>ἀπάτην</span> <span class='ocrx_word' id='word_1_267' title='bbox 1188 2469 1700 2539; x_wconf 78' lang='grc' dir='ltr'>συνεσκευασμένοι,</span> <span class='ocrx_word' id='word_1_268' title='bbox 1732 2470 1888 2538; x_wconf 83' lang='grc' dir='ltr'>ὀλίγα</span> 
     </span>
    </p>
   </div>
   <div class='ocr_carea' id='block_1_40' title="bbox 314 2555 1888 2632">
    <p class='ocr_par' dir='ltr' id='par_1_40' title="bbox 314 2555 1888 2632">
     <span class='ocr_line' id='line_1_40' title="bbox 314 2555 1888 2632; baseline 0.005 -24"><span class='ocrx_word' id='word_1_269' title='bbox 314 2555 794 2627; x_wconf 69' lang='grc' dir='ltr'>πολυπραγμονῶν</span> <span class='ocrx_word' id='word_1_270' title='bbox 825 2556 1107 2629; x_wconf 76' lang='grc' dir='ltr'>ἔξὲχομαι)</span> <span class='ocrx_word' id='word_1_271' title='bbox 1141 2558 1217 2630; x_wconf 84' lang='grc' dir='ltr'>μὴ</span> <span class='ocrx_word' id='word_1_272' title='bbox 1247 2558 1511 2615; x_wconf 86' lang='grc' dir='ltr'>δύνασθαι</span> <span class='ocrx_word' id='word_1_273' title='bbox 1543 2562 1705 2626; x_wconf 69' lang='grc' dir='ltr'>αὐτὸς</span> <span class='ocrx_word' id='word_1_274' title='bbox 1734 2562 1888 2632; x_wconf 75' lang='grc' dir='ltr'>ἔλεγε</span> 
     </span>
    </p>
   </div>
   <div class='ocr_carea' id='block_1_41' title="bbox 315 2644 1888 2717">
    <p class='ocr_par' dir='ltr' id='par_1_41' title="bbox 315 2644 1888 2717">
     <span class='ocr_line' id='line_1_41' title="bbox 315 2644 1888 2717; baseline 0.003 -19"><span class='ocrx_word' id='word_1_275' title='bbox 315 2644 612 2716; x_wconf 78' lang='grc' dir='ltr'>βασιλικῶς</span> <span class='ocrx_word' id='word_1_276' title='bbox 639 2646 1032 2717; x_wconf 82' lang='grc' dir='ltr'>ὲσκευασμένῳ</span> <span class='ocrx_word' id='word_1_277' title='bbox 1062 2647 1463 2716; x_wconf 79' lang='grc' dir='ltr'>συντυγχάνειν</span> <span class='ocrx_word' id='word_1_278' title='bbox 1486 2664 1501 2680; x_wconf 87' lang='grc'><strong>·</strong></span> <span class='ocrx_word' id='word_1_279' title='bbox 1541 2649 1888 2703; x_wconf 80' lang='grc' dir='ltr'>ἀδυνατώτε-</span> 
     </span>
    </p>
   </div>
   <div class='ocr_carea' id='block_1_42' title="bbox 316 2734 1889 2812">
    <p class='ocr_par' dir='ltr' id='par_1_42' title="bbox 316 2734 1889 2812">
     <span class='ocr_line' id='line_1_42' title="bbox 316 2734 1889 2812; baseline 0.003 -22"><span class='ocrx_word' id='word_1_280' title='bbox 316 2755 411 2808; x_wconf 86' lang='grc' dir='ltr'>ρον</span> <span class='ocrx_word' id='word_1_281' title='bbox 438 2737 495 2792; x_wconf 82' lang='grc' dir='ltr'>δὲ</span> <span class='ocrx_word' id='word_1_282' title='bbox 523 2734 665 2792; x_wconf 78' lang='grc' dir='ltr'>εἷναι</span> <span class='ocrx_word' id='word_1_283' title='bbox 686 2738 850 2794; x_wconf 81' lang='grc' dir='ltr'>πάλιν</span> <span class='ocrx_word' id='word_1_284' title='bbox 869 2739 967 2811; x_wconf 82' lang='grc' dir='ltr'><strong>τὴν</strong></span> <span class='ocrx_word' id='word_1_285' title='bbox 994 2740 1282 2812; x_wconf 85' lang='grc' dir='ltr'>βασιλικὴν</span> <span class='ocrx_word' id='word_1_286' title='bbox 1307 2741 1506 2812; x_wconf 81' lang='grc' dir='ltr'>σκευὴν</span> <span class='ocrx_word' id='word_1_287' title='bbox 1528 2742 1889 2797; x_wconf 86' lang='grc' dir='ltr'>ἀποτίθεσθαι</span> 
     </span>
    </p>
   </div>
   <div class='ocr_carea' id='block_1_43' title="bbox 313 2828 1890 2911">
    <p class='ocr_par' dir='ltr' id='par_1_43' title="bbox 313 2828 1890 2911">
     <span class='ocr_line' id='line_1_43' title="bbox 313 2828 1890 2911; baseline 0.004 -29"><span class='ocrx_word' id='word_1_288' title='bbox 313 2829 419 2898; x_wconf 71' lang='grc' dir='ltr'><strong>ἐμέ</strong></span> <span class='ocrx_word' id='word_1_289' title='bbox 446 2847 461 2862; x_wconf 78' lang='grc' dir='ltr'><strong><em>ο</em></strong></span> <span class='ocrx_word' id='word_1_290' title='bbox 494 2830 627 2899; x_wconf 79' lang='grc' dir='ltr'>πρὸς</span> <span class='ocrx_word' id='word_1_291' title='bbox 656 2828 694 2884; x_wconf 77' lang='grc' dir='ltr'><strong>ὃ.</strong></span> <span class='ocrx_word' id='word_1_292' title='bbox 716 2831 964 2885; x_wconf 74' lang='grc' dir='ltr'>ἐπίνοιάν</span> <span class='ocrx_word' id='word_1_293' title='bbox 987 2848 1109 2885; x_wconf 90' lang='grc' dir='ltr'>τινα</span> <span class='ocrx_word' id='word_1_294' title='bbox 1123 2832 1306 2887; x_wconf 81' lang='grc' dir='ltr'>-ὲδεῖτο</span> <span class='ocrx_word' id='word_1_295' title='bbox 1338 2833 1705 2911; x_wconf 57' lang='grc' dir='ltr'>εξευρίσκειν.</span> <span class='ocrx_word' id='word_1_296' title='bbox 1745 2835 1890 2902; x_wconf 90' lang='grc' dir='ltr'>Ἐγὼ</span> 
     </span>
    </p>
   </div>
   <div class='ocr_carea' id='block_1_44' title="bbox 312 2920 1890 2995">
    <p class='ocr_par' dir='ltr' id='par_1_44' title="bbox 312 2920 1890 2995">
     <span class='ocr_line' id='line_1_44' title="bbox 312 2920 1890 2995; baseline 0.003 -20"><span class='ocrx_word' id='word_1_297' title='bbox 312 2920 359 2974; x_wconf 85' lang='grc' dir='ltr'>δ’</span> <span class='ocrx_word' id='word_1_298' title='bbox 388 2922 525 2991; x_wconf 84' lang='grc' dir='ltr'>ὅπερ</span> <span class='ocrx_word' id='word_1_299' title='bbox 542 2922 678 2991; x_wconf 72' lang='grc' dir='ltr'><strong>ἔφην</strong></span> <span class='ocrx_word' id='word_1_300' title='bbox 696 2922 793 2985; x_wconf 82' lang='grc' dir='ltr'>τῆς</span> <span class='ocrx_word' id='word_1_301' title='bbox 820 2922 1047 2994; x_wconf 87' lang='grc' dir='ltr'>εἰρήνης</span> <span class='ocrx_word' id='word_1_302' title='bbox 1071 2923 1171 2992; x_wconf 82' lang='grc' dir='ltr'>τῆς</span> <span class='ocrx_word' id='word_1_303' title='bbox 1194 2923 1490 2995; x_wconf 78' lang='grc' dir='ltr'>ἐπιθυμίας</span> <span class='ocrx_word' id='word_1_304' title='bbox 1522 2925 1706 2990; x_wconf 74' lang='grc' dir='ltr'>ἕνεκα,</span> <span class='ocrx_word' id='word_1_305' title='bbox 1725 2926 1890 2980; x_wconf 83' lang='grc' dir='ltr'>Ἀλλά</span> 
     </span>
    </p>
   </div>
   <div class='ocr_carea' id='block_1_45' title="bbox 314 3009 1886 3087">
    <p class='ocr_par' dir='ltr' id='par_1_45' title="bbox 314 3009 1886 3087">
     <span class='ocr_line' id='line_1_45' title="bbox 314 3009 1886 3087; baseline 0.001 -19"><span class='ocrx_word' id='word_1_306' title='bbox 314 3015 412 3086; x_wconf 76' lang='grc' dir='ltr'>τὴν</span> <span class='ocrx_word' id='word_1_307' title='bbox 439 3013 695 3084; x_wconf 84' lang='grc' dir='ltr'>ἀπορίαν,</span> <span class='ocrx_word' id='word_1_308' title='bbox 726 3009 900 3080; x_wconf 79' lang='grc' dir='ltr'>εἷπον,</span> <span class='ocrx_word' id='word_1_309' title='bbox 922 3016 1097 3086; x_wconf 76' lang='grc' dir='ltr'>ῥᾷστα</span> <span class='ocrx_word' id='word_1_310' title='bbox 1136 3015 1402 3087; x_wconf 78' lang='grc' dir='ltr'>ἰασαίμην</span> <span class='ocrx_word' id='word_1_311' title='bbox 1431 3017 1498 3071; x_wconf 83' lang='grc' dir='ltr'>ἂν</span> <span class='ocrx_word' id='word_1_312' title='bbox 1527 3016 1659 3085; x_wconf 67' lang='grc' dir='ltr'><strong>ἑγὼ.</strong></span> <span class='ocrx_word' id='word_1_313' title='bbox 1702 3018 1886 3071; x_wconf 83' lang='grc' dir='ltr'>Ὧπλι-</span> 
     </span>
    </p>
   </div>
   <div class='ocr_carea' id='block_1_46' title="bbox 315 3105 1888 3177">
    <p class='ocr_par' dir='ltr' id='par_1_46' title="bbox 315 3105 1888 3177">
     <span class='ocr_line' id='line_1_46' title="bbox 315 3105 1888 3177; baseline 0.001 -18"><span class='ocrx_word' id='word_1_314' title='bbox 315 3106 504 3176; x_wconf 78' lang='grc' dir='ltr'>σμένοι</span> <span class='ocrx_word' id='word_1_315' title='bbox 535 3106 646 3177; x_wconf 87' lang='grc' dir='ltr'><strong>γάρ</strong></span> <span class='ocrx_word' id='word_1_316' title='bbox 681 3106 1026 3176; x_wconf 84' lang='grc' dir='ltr'>συμμίξομεν</span> <span class='ocrx_word' id='word_1_317' title='bbox 1054 3105 1304 3176; x_wconf 84' lang='grc' dir='ltr'>ἀλλήλοις</span> <span class='ocrx_word' id='word_1_318' title='bbox 1321 3107 1678 3176; x_wconf 87' lang='grc' dir='ltr'>ἀγνοούμενοι</span> <span class='ocrx_word' id='word_1_319' title='bbox 1705 3108 1754 3161; x_wconf 89' lang='grc' dir='ltr'><strong>εί</strong></span> <span class='ocrx_word' id='word_1_320' title='bbox 1789 3108 1888 3177; x_wconf 80' lang='grc' dir='ltr'><strong>βα-</strong></span> 
     </span>
    </p>
   </div>
   <div class='ocr_carea' id='block_1_47' title="bbox 315 3195 1886 3268">
    <p class='ocr_par' dir='ltr' id='par_1_47' title="bbox 315 3195 1886 3268">
     <span class='ocr_line' id='line_1_47' title="bbox 315 3195 1886 3268; baseline 0.003 -22"><span class='ocrx_word' id='word_1_321' title='bbox 315 3197 532 3260; x_wconf 68' lang='grc' dir='ltr'>σιλικὰς</span> <span class='ocrx_word' id='word_1_322' title='bbox 574 3196 609 3266; x_wconf 78' lang='grc' dir='ltr'>ἢ</span> <span class='ocrx_word' id='word_1_323' title='bbox 648 3196 925 3259; x_wconf 79' lang='grc' dir='ltr'>ἰδιωτικὰς</span> <span class='ocrx_word' id='word_1_324' title='bbox 971 3195 1116 3249; x_wconf 79' lang='grc' dir='ltr'>ἔνδον</span> <span class='ocrx_word' id='word_1_325' title='bbox 1174 3195 1373 3268; x_wconf 74' lang='grc' dir='ltr'>ἔχομεν</span> <span class='ocrx_word' id='word_1_326' title='bbox 1409 3197 1664 3265; x_wconf 80' lang='grc' dir='ltr'>ἐσθῆτας.</span> <span class='ocrx_word' id='word_1_327' title='bbox 1697 3197 1762 3252; x_wconf 89' lang='grc' dir='ltr'>Εἰ</span> <span class='ocrx_word' id='word_1_328' title='bbox 1793 3196 1886 3251; x_wconf 82' lang='grc' dir='ltr'>οὖν</span> 
     </span>
    </p>
   </div>
   <div class='ocr_carea' id='block_1_48' title="bbox 1990 2010 3562 2088">
    <p class='ocr_par' dir='ltr' id='par_1_48' title="bbox 1990 2010 3562 2088">
     <span class='ocr_line' id='line_1_48' title="bbox 1990 2010 3562 2088; baseline -0.008 -13"><span class='ocrx_word' id='word_1_329' title='bbox 1990 2021 2154 2086; x_wconf 86' lang='lat' dir='ltr'><strong>istuc,</strong></span> <span class='ocrx_word' id='word_1_330' title='bbox 2189 2026 2351 2088; x_wconf 91' lang='lat' dir='ltr'><strong>atque</strong></span> <span class='ocrx_word' id='word_1_331' title='bbox 2386 2026 2447 2071; x_wconf 93' lang='lat' dir='ltr'><strong>ut</strong></span> <span class='ocrx_word' id='word_1_332' title='bbox 2470 2015 2583 2070; x_wconf 84' lang='lat' dir='ltr'><strong>suis</strong></span> <span class='ocrx_word' id='word_1_333' title='bbox 2611 2014 2853 2068; x_wconf 86' lang='lat' dir='ltr'><strong>moribus</strong></span> <span class='ocrx_word' id='word_1_334' title='bbox 2881 2013 3107 2083; x_wconf 83' lang='lat' dir='ltr'><strong>dignum</strong></span> <span class='ocrx_word' id='word_1_335' title='bbox 3130 2020 3252 2065; x_wconf 89' lang='lat' dir='ltr'><strong>erat</strong></span> <span class='ocrx_word' id='word_1_336' title='bbox 3273 2010 3562 2076; x_wconf 80' lang='lat' dir='ltr'><strong>simulans,</strong></span> 
     </span>
    </p>
   </div>
   <div class='ocr_carea' id='block_1_49' title="bbox 1989 2103 3565 2184">
    <p class='ocr_par' dir='ltr' id='par_1_49' title="bbox 1989 2103 3565 2184">
     <span class='ocr_line' id='line_1_49' title="bbox 1989 2103 3565 2184; baseline -0.01 -15"><span class='ocrx_word' id='word_1_337' title='bbox 1989 2114 2135 2184; x_wconf 88' lang='lat' dir='ltr'><strong>quod</strong></span> <span class='ocrx_word' id='word_1_338' title='bbox 2167 2111 2311 2166; x_wconf 87' lang='lat' dir='ltr'><strong>facto</strong></span> <span class='ocrx_word' id='word_1_339' title='bbox 2340 2110 2487 2164; x_wconf 89' lang='lat' dir='ltr'><strong>clare</strong></span> <span class='ocrx_word' id='word_1_340' title='bbox 2518 2107 2713 2178; x_wconf 82' lang='lat' dir='ltr'><strong>patuit.</strong></span> <span class='ocrx_word' id='word_1_341' title='bbox 2754 2105 3048 2159; x_wconf 85' lang='lat' dir='ltr'><strong>Annuentc</strong></span> <span class='ocrx_word' id='word_1_342' title='bbox 3103 2110 3287 2157; x_wconf 88' lang='lat' dir='ltr'><strong>autem</strong></span> <span class='ocrx_word' id='word_1_343' title='bbox 3327 2116 3414 2155; x_wconf 91' lang='lat' dir='ltr'><strong>me</strong></span> <span class='ocrx_word' id='word_1_344' title='bbox 3445 2103 3565 2172; x_wconf 84' lang='lat' dir='ltr'><strong>(co-</strong></span> 
     </span>
    </p>
   </div>
   <div class='ocr_carea' id='block_1_50' title="bbox 1990 2193 3564 2277">
    <p class='ocr_par' dir='ltr' id='par_1_50' title="bbox 1990 2193 3564 2277">
     <span class='ocr_line' id='line_1_50' title="bbox 1990 2193 3564 2277; baseline -0.01 -17"><span class='ocrx_word' id='word_1_345' title='bbox 1990 2205 2224 2277; x_wconf 86' lang='lat' dir='ltr'><strong>gitabam</strong></span> <span class='ocrx_word' id='word_1_346' title='bbox 2256 2203 2402 2257; x_wconf 89' lang='lat' dir='ltr'><strong>enim</strong></span> <span class='ocrx_word' id='word_1_347' title='bbox 2437 2200 2507 2254; x_wconf 89' lang='lat' dir='ltr'><strong>de</strong></span> <span class='ocrx_word' id='word_1_348' title='bbox 2532 2214 2664 2270; x_wconf 82' lang='lat' dir='ltr'><strong>pace</strong></span> <span class='ocrx_word' id='word_1_349' title='bbox 2700 2212 2916 2253; x_wconf 87' lang='lat' dir='ltr'><strong>mecum</strong></span> <span class='ocrx_word' id='word_1_350' title='bbox 2969 2208 3245 2254; x_wconf 89' lang='lat' dir='ltr'><strong>acturum.</strong></span> <span class='ocrx_word' id='word_1_351' title='bbox 3283 2193 3446 2263; x_wconf 74' lang='lat' dir='ltr'><strong>cujus</strong></span> <span class='ocrx_word' id='word_1_352' title='bbox 3474 2207 3564 2245; x_wconf 87' lang='lat' dir='ltr'><strong>me</strong></span> 
     </span>
    </p>
   </div>
   <div class='ocr_carea' id='block_1_51' title="bbox 1988 2282 3569 2368">
    <p class='ocr_par' dir='ltr' id='par_1_51' title="bbox 1988 2282 3569 2368">
     <span class='ocr_line' id='line_1_51' title="bbox 1988 2282 3569 2368; baseline -0.009 -16"><span class='ocrx_word' id='word_1_353' title='bbox 1988 2295 2431 2368; x_wconf 78' lang='lat' dir='ltr'><strong>cupidissimum,</strong></span> <span class='ocrx_word' id='word_1_354' title='bbox 2465 2300 2521 2347; x_wconf 91' lang='lat' dir='ltr'><strong>et</strong></span> <span class='ocrx_word' id='word_1_355' title='bbox 2548 2305 2867 2346; x_wconf 85' lang='lat' dir='ltr'><strong>sermonum</strong></span> <span class='ocrx_word' id='word_1_356' title='bbox 2913 2288 2983 2343; x_wconf 88' lang='lat' dir='ltr'><strong>de</strong></span> <span class='ocrx_word' id='word_1_357' title='bbox 3017 2300 3081 2342; x_wconf 89' lang='lat' dir='ltr'><strong>ea</strong></span> <span class='ocrx_word' id='word_1_358' title='bbox 3121 2286 3251 2341; x_wconf 91' lang='lat' dir='ltr'><strong>licet</strong></span> <span class='ocrx_word' id='word_1_359' title='bbox 3303 2285 3369 2338; x_wconf 89' lang='lat' dir='ltr'><strong>ad</strong></span> <span class='ocrx_word' id='word_1_360' title='bbox 3416 2282 3569 2338; x_wconf 80' lang='lat' dir='ltr'><strong>frau-</strong></span> 
     </span>
    </p>
   </div>
   <div class='ocr_carea' id='block_1_52' title="bbox 1992 2381 3563 2457">
    <p class='ocr_par' dir='ltr' id='par_1_52' title="bbox 1992 2381 3563 2457">
     <span class='ocr_line' id='line_1_52' title="bbox 1992 2381 3563 2457; baseline -0.01 -12"><span class='ocrx_word' id='word_1_361' title='bbox 1992 2391 2115 2445; x_wconf 91' lang='lat' dir='ltr'><strong>dem</strong></span> <span class='ocrx_word' id='word_1_362' title='bbox 2139 2387 2567 2457; x_wconf 80' lang='lat' dir='ltr'><strong>compositorum</strong></span> <span class='ocrx_word' id='word_1_363' title='bbox 2623 2398 2813 2455; x_wconf 89' lang='lat' dir='ltr'><strong>parum</strong></span> <span class='ocrx_word' id='word_1_364' title='bbox 2852 2381 3134 2438; x_wconf 89' lang='lat' dir='ltr'><strong>curiosum</strong></span> <span class='ocrx_word' id='word_1_365' title='bbox 3191 2389 3563 2435; x_wconf 87' lang='lat' dir='ltr'><strong>serutatorem</strong></span> 
     </span>
    </p>
   </div>
   <div class='ocr_carea' id='block_1_53' title="bbox 1992 2470 3567 2545">
    <p class='ocr_par' dir='ltr' id='par_1_53' title="bbox 1992 2470 3567 2545">
     <span class='ocr_line' id='line_1_53' title="bbox 1992 2470 3567 2545; baseline -0.008 -10"><span class='ocrx_word' id='word_1_366' title='bbox 1992 2481 2161 2535; x_wconf 86' lang='lat' dir='ltr'><strong>fuisse</strong></span> <span class='ocrx_word' id='word_1_367' title='bbox 2194 2477 2483 2544; x_wconf 80' lang='lat' dir='ltr'><strong>conﬁteor)</strong></span> <span class='ocrx_word' id='word_1_368' title='bbox 2512 2485 2673 2545; x_wconf 89' lang='lat' dir='ltr'><strong>atque</strong></span> <span class='ocrx_word' id='word_1_369' title='bbox 2704 2475 2761 2529; x_wconf 88' lang='lat' dir='ltr'><strong>in</strong></span> <span class='ocrx_word' id='word_1_370' title='bbox 2803 2473 3047 2529; x_wconf 82' lang='lat' dir='ltr'><strong>laetitiam</strong></span> <span class='ocrx_word' id='word_1_371' title='bbox 3097 2470 3293 2536; x_wconf 86' lang='lat' dir='ltr'><strong>effuso,</strong></span> <span class='ocrx_word' id='word_1_372' title='bbox 3335 2470 3448 2539; x_wconf 90' lang='lat' dir='ltr'><strong>ipse</strong></span> <span class='ocrx_word' id='word_1_373' title='bbox 3478 2484 3567 2522; x_wconf 85' lang='lat' dir='ltr'><strong>me</strong></span> 
     </span>
    </p>
   </div>
   <div class='ocr_carea' id='block_1_54' title="bbox 1992 2561 3566 2642">
    <p class='ocr_par' dir='ltr' id='par_1_54' title="bbox 1992 2561 3566 2642">
     <span class='ocr_line' id='line_1_54' title="bbox 1992 2561 3566 2642; baseline -0.01 -14"><span class='ocrx_word' id='word_1_374' title='bbox 1992 2572 2191 2642; x_wconf 78' lang='lat' dir='ltr'><strong>alloqui</strong></span> <span class='ocrx_word' id='word_1_375' title='bbox 2222 2571 2280 2624; x_wconf 87' lang='lat' dir='ltr'><strong>in</strong></span> <span class='ocrx_word' id='word_1_376' title='bbox 2307 2580 2457 2624; x_wconf 86' lang='lat' dir='ltr'><strong>veste</strong></span> <span class='ocrx_word' id='word_1_377' title='bbox 2497 2566 2762 2637; x_wconf 85' lang='lat' dir='ltr'><strong>imperiali</strong></span> <span class='ocrx_word' id='word_1_378' title='bbox 2800 2579 2961 2635; x_wconf 80' lang='lat' dir='ltr'><strong>posse</strong></span> <span class='ocrx_word' id='word_1_379' title='bbox 2983 2561 3242 2632; x_wconf 75' lang='lat' dir='ltr'><strong>negavit;</strong></span> <span class='ocrx_word' id='word_1_380' title='bbox 3277 2561 3414 2615; x_wconf 91' lang='lat' dir='ltr'><strong>mihi</strong></span> <span class='ocrx_word' id='word_1_381' title='bbox 3468 2575 3566 2613; x_wconf 85' lang='lat' dir='ltr'><strong>au-</strong></span> 
     </span>
    </p>
   </div>
   <div class='ocr_carea' id='block_1_55' title="bbox 1994 2652 3545 2721">
    <p class='ocr_par' dir='ltr' id='par_1_55' title="bbox 1994 2652 3545 2721">
     <span class='ocr_line' id='line_1_55' title="bbox 1994 2652 3545 2721; baseline -0.01 0"><span class='ocrx_word' id='word_1_382' title='bbox 1994 2677 2103 2721; x_wconf 90' lang='lat' dir='ltr'><strong>tem</strong></span> <span class='ocrx_word' id='word_1_383' title='bbox 2135 2662 2460 2719; x_wconf 33' lang='lat' dir='ltr'><strong>fore‘multo</strong></span> <span class='ocrx_word' id='word_1_384' title='bbox 2491 2659 2764 2713; x_wconf 79' lang='lat' dir='ltr'><strong>dilﬁcilius</strong></span> <span class='ocrx_word' id='word_1_385' title='bbox 2810 2665 3066 2710; x_wconf 91' lang='lat' dir='ltr'><strong>ornatum</strong></span> <span class='ocrx_word' id='word_1_386' title='bbox 3097 2656 3244 2708; x_wconf 92' lang='lat' dir='ltr'><strong>hunc</strong></span> <span class='ocrx_word' id='word_1_387' title='bbox 3266 2652 3545 2720; x_wconf 80' lang='lat' dir='ltr'><strong>deponere</strong></span> 
     </span>
    </p>
   </div>
   <div class='ocr_carea' id='block_1_56' title="bbox 1991 2742 3565 2829">
    <p class='ocr_par' dir='ltr' id='par_1_56' title="bbox 1991 2742 3565 2829">
     <span class='ocr_line' id='line_1_56' title="bbox 1991 2742 3565 2829; baseline -0.011 -17"><span class='ocrx_word' id='word_1_388' title='bbox 1991 2757 2152 2829; x_wconf 77' lang='lat'><strong>603</strong></span> <span class='ocrx_word' id='word_1_389' title='bbox 2189 2756 2419 2824; x_wconf 87' lang='lat' dir='ltr'><strong>ideoque</strong></span> <span class='ocrx_word' id='word_1_390' title='bbox 2472 2753 2739 2805; x_wconf 87' lang='lat' dir='ltr'><strong>rationem</strong></span> <span class='ocrx_word' id='word_1_391' title='bbox 2766 2749 3004 2817; x_wconf 89' lang='lat' dir='ltr'><strong>aliquam</strong></span> <span class='ocrx_word' id='word_1_392' title='bbox 3073 2760 3270 2801; x_wconf 88' lang='lat' dir='ltr'><strong>novam</strong></span> <span class='ocrx_word' id='word_1_393' title='bbox 3328 2742 3565 2796; x_wconf 74' lang='lat' dir='ltr'><strong>inveniri</strong></span> 
     </span>
    </p>
   </div>
   <div class='ocr_carea' id='block_1_57' title="bbox 1992 2835 3572 2915">
    <p class='ocr_par' dir='ltr' id='par_1_57' title="bbox 1992 2835 3572 2915">
     <span class='ocr_line' id='line_1_57' title="bbox 1992 2835 3572 2915; baseline -0.012 -10"><span class='ocrx_word' id='word_1_394' title='bbox 1992 2849 2358 2908; x_wconf 85' lang='lat' dir='ltr'><strong>desiderabat,</strong></span> <span class='ocrx_word' id='word_1_395' title='bbox 2389 2860 2494 2915; x_wconf 91' lang='lat' dir='ltr'><strong>qua</strong></span> <span class='ocrx_word' id='word_1_396' title='bbox 2524 2844 3001 2914; x_wconf 84' lang='lat' dir='ltr'><strong>congredercmur.</strong></span> <span class='ocrx_word' id='word_1_397' title='bbox 3040 2837 3178 2896; x_wconf 81' lang='lat' dir='ltr'><strong>Tum</strong></span> <span class='ocrx_word' id='word_1_398' title='bbox 3218 2851 3319 2906; x_wconf 86' lang='lat' dir='ltr'><strong>ego</strong></span> <span class='ocrx_word' id='word_1_399' title='bbox 3356 2835 3572 2903; x_wconf 86' lang='lat' dir='ltr'><strong>cupidi-</strong></span> 
     </span>
    </p>
   </div>
   <div class='ocr_carea' id='block_1_58' title="bbox 1954 2927 3570 3010">
    <p class='ocr_par' dir='ltr' id='par_1_58' title="bbox 1954 2927 3570 3010">
     <span class='ocr_line' id='line_1_58' title="bbox 1954 2927 3570 3010; baseline -0.012 -15"><span class='ocrx_word' id='word_1_400' title='bbox 1954 2950 1958 2954; x_wconf 87' lang='lat'><strong><em>&#39;</em></strong></span> <span class='ocrx_word' id='word_1_401' title='bbox 1996 2950 2105 2996; x_wconf 88' lang='lat' dir='ltr'><strong>tate</strong></span> <span class='ocrx_word' id='word_1_402' title='bbox 2137 2942 2287 3010; x_wconf 77' lang='lat' dir='ltr'><strong>pacis</strong></span> <span class='ocrx_word' id='word_1_403' title='bbox 2328 2937 2730 3000; x_wconf 82' lang='lat' dir='ltr'><strong>inﬂammatus,</strong></span> <span class='ocrx_word' id='word_1_404' title='bbox 2765 2941 2825 2987; x_wconf 93' lang='lat' dir='ltr'><strong>ut</strong></span> <span class='ocrx_word' id='word_1_405' title='bbox 2879 2932 3153 2996; x_wconf 78' lang='lat' dir='ltr'><strong>dicebam,</strong></span> <span class='ocrx_word' id='word_1_406' title='bbox 3222 2927 3372 2997; x_wconf 87' lang='lat' dir='ltr'><strong>atqui</strong></span> <span class='ocrx_word' id='word_1_407' title='bbox 3425 2927 3570 2979; x_wconf 90' lang='lat' dir='ltr'><strong>hanc</strong></span> 
     </span>
    </p>
   </div>
   <div class='ocr_carea' id='block_1_59' title="bbox 1993 3023 3679 3097">
    <p class='ocr_par' dir='ltr' id='par_1_59' title="bbox 1993 3023 3679 3097">
     <span class='ocr_line' id='line_1_59' title="bbox 1993 3023 3679 3097; baseline -0.01 -11"><span class='ocrx_word' id='word_1_408' title='bbox 1993 3032 2389 3094; x_wconf 79' lang='lat' dir='ltr'><strong>dillicultatem,</strong></span> <span class='ocrx_word' id='word_1_409' title='bbox 2435 3029 2679 3097; x_wconf 88' lang='lat' dir='ltr'><strong>inquam,</strong></span> <span class='ocrx_word' id='word_1_410' title='bbox 2708 3040 2820 3078; x_wconf 88' lang='lat' dir='ltr'><strong>non</strong></span> <span class='ocrx_word' id='word_1_411' title='bbox 2879 3023 3097 3078; x_wconf 82' lang='lat' dir='ltr'><strong>dtﬂicile</strong></span> <span class='ocrx_word' id='word_1_412' title='bbox 3128 3024 3406 3076; x_wconf 81' lang='lat' dir='ltr'><strong>sustulero</strong></span> <span class='ocrx_word' id='word_1_413' title='bbox 3443 3036 3453 3069; x_wconf 93' lang='lat'>:</span> <span class='ocrx_word' id='word_1_414' title='bbox 3483 3033 3573 3071; x_wconf 88' lang='lat' dir='ltr'><strong>ar-</strong></span> <span class='ocrx_word' id='word_1_415' title='bbox 3669 3030 3679 3043; x_wconf 68' lang='lat'>‘</span> 
     </span>
    </p>
   </div>
   <div class='ocr_carea' id='block_1_60' title="bbox 1994 3113 3568 3183">
    <p class='ocr_par' dir='ltr' id='par_1_60' title="bbox 1994 3113 3568 3183">
     <span class='ocr_line' id='line_1_60' title="bbox 1994 3113 3568 3183; baseline -0.011 -5"><span class='ocrx_word' id='word_1_416' title='bbox 1994 3124 2126 3178; x_wconf 90' lang='lat' dir='ltr'><strong>mati</strong></span> <span class='ocrx_word' id='word_1_417' title='bbox 2193 3121 2340 3176; x_wconf 90' lang='lat' dir='ltr'><strong>enim</strong></span> <span class='ocrx_word' id='word_1_418' title='bbox 2389 3119 2797 3180; x_wconf 86' lang='lat' dir='ltr'><strong>conveniemus,</strong></span> <span class='ocrx_word' id='word_1_419' title='bbox 2849 3123 2908 3169; x_wconf 92' lang='lat' dir='ltr'><strong>ut</strong></span> <span class='ocrx_word' id='word_1_420' title='bbox 2952 3113 3418 3183; x_wconf 76' lang='lat' dir='ltr'><strong>imperatorione,</strong></span> <span class='ocrx_word' id='word_1_421' title='bbox 3498 3124 3568 3162; x_wconf 89' lang='lat' dir='ltr'><strong>an</strong></span> 
     </span>
    </p>
   </div>
   <div class='ocr_carea' id='block_1_61' title="bbox 1996 3198 3567 3283">
    <p class='ocr_par' dir='ltr' id='par_1_61' title="bbox 1996 3198 3567 3283">
     <span class='ocr_line' id='line_1_61' title="bbox 1996 3198 3567 3283; baseline -0.01 -18"><span class='ocrx_word' id='word_1_422' title='bbox 1996 3212 2207 3283; x_wconf 69' lang='lat' dir='ltr'><strong>privato</strong></span> <span class='ocrx_word' id='word_1_423' title='bbox 2241 3211 2439 3264; x_wconf 85' lang='lat' dir='ltr'><strong>vestitu</strong></span> <span class='ocrx_word' id='word_1_424' title='bbox 2462 3209 2607 3261; x_wconf 88' lang='lat' dir='ltr'><strong>intus</strong></span> <span class='ocrx_word' id='word_1_425' title='bbox 2632 3206 2763 3260; x_wconf 90' lang='lat' dir='ltr'><strong>tecti</strong></span> <span class='ocrx_word' id='word_1_426' title='bbox 2800 3204 2994 3265; x_wconf 88' lang='lat' dir='ltr'><strong>simus,</strong></span> <span class='ocrx_word' id='word_1_427' title='bbox 3031 3204 3337 3272; x_wconf 82' lang='lat' dir='ltr'><strong>ignoretur.</strong></span> <span class='ocrx_word' id='word_1_428' title='bbox 3370 3198 3567 3253; x_wconf 84' lang='lat' dir='ltr'><strong>Utrum</strong></span> 
     </span>
    </p>
   </div>
   <div class='ocr_carea' id='block_1_62' title="bbox 314 3283 1888 3376">
    <p class='ocr_par' dir='ltr' id='par_1_62' title="bbox 314 3283 1887 3359">
     <span class='ocr_line' id='line_1_62' title="bbox 314 3283 1887 3359; baseline 0.001 -17"><span class='ocrx_word' id='word_1_429' title='bbox 314 3286 477 3343; x_wconf 81' lang='grc' dir='ltr'>τοῦτο</span> <span class='ocrx_word' id='word_1_430' title='bbox 512 3288 754 3359; x_wconf 83' lang='grc' dir='ltr'>συνθήκη</span> <span class='ocrx_word' id='word_1_431' title='bbox 783 3288 874 3342; x_wconf 83' lang='grc' dir='ltr'><strong>τοῦ</strong></span> <span class='ocrx_word' id='word_1_432' title='bbox 906 3287 1006 3354; x_wconf 80' lang='grc' dir='ltr'><strong>τὴν</strong></span> <span class='ocrx_word' id='word_1_433' title='bbox 1034 3287 1315 3359; x_wconf 86' lang='grc' dir='ltr'>βασιλείαν</span> <span class='ocrx_word' id='word_1_434' title='bbox 1369 3283 1521 3342; x_wconf 70' lang='grc' dir='ltr'>ἐστὶν</span> <span class='ocrx_word' id='word_1_435' title='bbox 1546 3290 1887 3359; x_wconf 82' lang='grc' dir='ltr'>ἀποθέμενον</span> 
     </span>
    </p>
   </div>
   <div class='ocr_carea' id='block_1_63' title="bbox 1993 3283 3571 3376">
    <p class='ocr_par' dir='ltr' id='par_1_63' title="bbox 1996 3291 3571 3376">
     <span class='ocr_line' id='line_1_63' title="bbox 1996 3291 3571 3376; baseline -0.009 -18"><span class='ocrx_word' id='word_1_436' title='bbox 1996 3306 2160 3376; x_wconf 77' lang='lat' dir='ltr'><strong>igitur</strong></span> <span class='ocrx_word' id='word_1_437' title='bbox 2199 3304 2304 3359; x_wconf 87' lang='lat' dir='ltr'><strong>hoc</strong></span> <span class='ocrx_word' id='word_1_438' title='bbox 2336 3311 2552 3372; x_wconf 90' lang='lat' dir='ltr'><strong>pactum</strong></span> <span class='ocrx_word' id='word_1_439' title='bbox 2605 3302 2678 3354; x_wconf 87' lang='lat' dir='ltr'><strong>sit</strong></span> <span class='ocrx_word' id='word_1_440' title='bbox 2737 3297 2980 3368; x_wconf 89' lang='lat' dir='ltr'><strong>aliquod,</strong></span> <span class='ocrx_word' id='word_1_441' title='bbox 3021 3294 3252 3366; x_wconf 88' lang='lat' dir='ltr'><strong>imperio</strong></span> <span class='ocrx_word' id='word_1_442' title='bbox 3314 3291 3571 3361; x_wconf 85' lang='lat' dir='ltr'><strong>deposito</strong></span> 
     </span>
    </p>
   </div>
   <div class='ocr_carea' id='block_1_64' title="bbox 319 3379 1889 3453">
    <p class='ocr_par' dir='ltr' id='par_1_64' title="bbox 319 3379 1889 3453">
     <span class='ocr_line' id='line_1_64' title="bbox 319 3379 1889 3453; baseline 0.001 -20"><span class='ocrx_word' id='word_1_443' title='bbox 319 3379 609 3444; x_wconf 70' lang='grc' dir='ltr'>ἰδιωτικῶς</span> <span class='ocrx_word' id='word_1_444' title='bbox 642 3381 765 3451; x_wconf 75' lang='grc' dir='ltr'>ζῇν,</span> <span class='ocrx_word' id='word_1_445' title='bbox 800 3379 993 3451; x_wconf 83' lang='grc' dir='ltr'>ὥσπερ</span> <span class='ocrx_word' id='word_1_446' title='bbox 1046 3379 1256 3442; x_wconf 69' lang='grc' dir='ltr'>ἐκεῖνος</span> <span class='ocrx_word' id='word_1_447' title='bbox 1304 3380 1725 3449; x_wconf 81' lang='grc' dir='ltr'>καταψεύδεται,</span> <span class='ocrx_word' id='word_1_448' title='bbox 1767 3383 1889 3453; x_wconf 75' lang='grc' dir='ltr'>κρίο</span> 
     </span>
    </p>
   </div>
   <div class='ocr_carea' id='block_1_65' title="bbox 318 3467 1891 3542">
    <p class='ocr_par' dir='ltr' id='par_1_65' title="bbox 318 3467 1891 3542">
     <span class='ocr_line' id='line_1_65' title="bbox 318 3467 1891 3542; baseline 0.004 -21"><span class='ocrx_word' id='word_1_449' title='bbox 318 3486 444 3521; x_wconf 88' lang='grc' dir='ltr'>νατε</span> <span class='ocrx_word' id='word_1_450' title='bbox 477 3469 654 3539; x_wconf 84' lang='grc' dir='ltr'>ὑμεῖς.</span> <span class='ocrx_word' id='word_1_451' title='bbox 702 3470 765 3523; x_wconf 83' lang='grc' dir='ltr'>Εἰ</span> <span class='ocrx_word' id='word_1_452' title='bbox 801 3467 846 3522; x_wconf 84' lang='grc' dir='ltr'>δ’</span> <span class='ocrx_word' id='word_1_453' title='bbox 875 3470 1080 3540; x_wconf 75' lang='grc' dir='ltr'>ἑτέρως</span> <span class='ocrx_word' id='word_1_454' title='bbox 1139 3469 1171 3540; x_wconf 74' lang='grc' dir='ltr'>ἢ</span> <span class='ocrx_word' id='word_1_455' title='bbox 1201 3469 1391 3539; x_wconf 85' lang='grc' dir='ltr'>ὥσπερ</span> <span class='ocrx_word' id='word_1_456' title='bbox 1426 3470 1591 3536; x_wconf 80' lang='grc' dir='ltr'>αὐτὸς</span> <span class='ocrx_word' id='word_1_457' title='bbox 1639 3473 1891 3542; x_wconf 59' lang='grc' dir='ltr'>εἱρήκεινη</span> 
     </span>
    </p>
   </div>
   <div class='ocr_carea' id='block_1_66' title="bbox 315 3559 1887 3632">
    <p class='ocr_par' dir='ltr' id='par_1_66' title="bbox 315 3559 1887 3632">
     <span class='ocr_line' id='line_1_66' title="bbox 315 3559 1887 3632; baseline 0.004 -19"><span class='ocrx_word' id='word_1_458' title='bbox 315 3559 452 3632; x_wconf 77' lang='grc' dir='ltr'>ἔχει,</span> <span class='ocrx_word' id='word_1_459' title='bbox 482 3561 510 3613; x_wconf 85' lang='grc' dir='ltr'>ὁ</span> <span class='ocrx_word' id='word_1_460' title='bbox 541 3560 843 3630; x_wconf 79' lang='grc' dir='ltr'>Συναδηνὺς</span> <span class='ocrx_word' id='word_1_461' title='bbox 884 3560 1079 3631; x_wconf 88' lang='grc' dir='ltr'>παρὼν</span> <span class='ocrx_word' id='word_1_462' title='bbox 1134 3560 1494 3632; x_wconf 73' lang='grc' dir='ltr'>ἑξελεγχέτωο</span> <span class='ocrx_word' id='word_1_463' title='bbox 1537 3564 1655 3617; x_wconf 82' lang='grc' dir='ltr'>ἀλλ’</span> <span class='ocrx_word' id='word_1_464' title='bbox 1686 3566 1789 3619; x_wconf 85' lang='grc' dir='ltr'><strong>ούκ</strong></span> <span class='ocrx_word' id='word_1_465' title='bbox 1820 3565 1887 3620; x_wconf 87' lang='grc' dir='ltr'>ἂν</span> 
     </span>
    </p>
   </div>
   <div class='ocr_carea' id='block_1_67' title="bbox 313 3648 1890 3724">
    <p class='ocr_par' dir='ltr' id='par_1_67' title="bbox 313 3648 1890 3724">
     <span class='ocr_line' id='line_1_67' title="bbox 313 3648 1890 3724; baseline 0.003 -20"><span class='ocrx_word' id='word_1_466' title='bbox 313 3651 555 3705; x_wconf 87' lang='grc' dir='ltr'>δύναιτο.</span> <span class='ocrx_word' id='word_1_467' title='bbox 590 3649 733 3721; x_wconf 81' lang='grc' dir='ltr'>Πρὸς</span> <span class='ocrx_word' id='word_1_468' title='bbox 761 3650 859 3720; x_wconf 87' lang='grc' dir='ltr'>μὲν</span> <span class='ocrx_word' id='word_1_469' title='bbox 886 3648 977 3703; x_wconf 77' lang='grc' dir='ltr'>οὖν</span> <span class='ocrx_word' id='word_1_470' title='bbox 1024 3650 1152 3712; x_wconf 87' lang='grc' dir='ltr'>τοὺς</span> <span class='ocrx_word' id='word_1_471' title='bbox 1202 3650 1641 3721; x_wconf 78' lang='grc' dir='ltr'>ὀνομαζομένους</span> <span class='ocrx_word' id='word_1_472' title='bbox 1693 3653 1890 3724; x_wconf 76' lang='grc' dir='ltr'>ἄρχον-</span> 
     </span>
    </p>
   </div>
   <div class='ocr_carea' id='block_1_68' title="bbox 314 3742 1893 3814">
    <p class='ocr_par' dir='ltr' id='par_1_68' title="bbox 314 3742 1893 3814">
     <span class='ocr_line' id='line_1_68' title="bbox 314 3742 1893 3814; baseline 0.003 -17"><span class='ocrx_word' id='word_1_473' title='bbox 314 3760 436 3809; x_wconf 83' lang='grc' dir='ltr'>τας,</span> <span class='ocrx_word' id='word_1_474' title='bbox 457 3744 507 3798; x_wconf 79' lang='grc' dir='ltr'><strong>οἳ</strong></span> <span class='ocrx_word' id='word_1_475' title='bbox 526 3743 868 3814; x_wconf 85' lang='grc' dir='ltr'>δικαιότερον</span> <span class='ocrx_word' id='word_1_476' title='bbox 896 3742 963 3797; x_wconf 87' lang='grc' dir='ltr'>ἂν</span> <span class='ocrx_word' id='word_1_477' title='bbox 1000 3743 1204 3812; x_wconf 75' lang='grc' dir='ltr'>μᾶλλον</span> <span class='ocrx_word' id='word_1_478' title='bbox 1234 3742 1545 3814; x_wconf 78' lang='grc' dir='ltr'>ἀνδράποδα</span> <span class='ocrx_word' id='word_1_479' title='bbox 1580 3744 1677 3799; x_wconf 75' lang='grc' dir='ltr'><strong>καὶ</strong></span> <span class='ocrx_word' id='word_1_480' title='bbox 1709 3746 1893 3800; x_wconf 85' lang='grc' dir='ltr'>δοῦλοι</span> 
     </span>
    </p>
   </div>
   <div class='ocr_carea' id='block_1_69' title="bbox 255 3834 1885 3906">
    <p class='ocr_par' dir='ltr' id='par_1_69' title="bbox 255 3834 1885 3906">
     <span class='ocr_line' id='line_1_69' title="bbox 255 3834 1885 3906; baseline 0.001 -19"><span class='ocrx_word' id='word_1_481' title='bbox 255 3884 260 3887; x_wconf 79' lang='lat'><em>.</em></span> <span class='ocrx_word' id='word_1_482' title='bbox 316 3835 591 3901; x_wconf 80' lang='grc' dir='ltr'>καλοῖντο,</span> <span class='ocrx_word' id='word_1_483' title='bbox 641 3834 738 3888; x_wconf 78' lang='grc' dir='ltr'>καὶ</span> <span class='ocrx_word' id='word_1_484' title='bbox 791 3834 892 3906; x_wconf 85' lang='grc' dir='ltr'><strong>τὴν</strong></span> <span class='ocrx_word' id='word_1_485' title='bbox 946 3835 1451 3906; x_wconf 83' lang='grc' dir='ltr'>παρακοιμωμένου</span> <span class='ocrx_word' id='word_1_486' title='bbox 1510 3836 1885 3906; x_wconf 78' lang='grc' dir='ltr'>ψευδολογίαν,</span> 
     </span>
    </p>
   </div>
   <div class='ocr_carea' id='block_1_70' title="bbox 316 3925 1890 3997">
    <p class='ocr_par' dir='ltr' id='par_1_70' title="bbox 316 3925 1890 3997">
     <span class='ocr_line' id='line_1_70' title="bbox 316 3925 1890 3997; baseline -0.001 -14"><span class='ocrx_word' id='word_1_487' title='bbox 316 3926 546 3996; x_wconf 77' lang='grc' dir='ltr'>ἀρκέσει</span> <span class='ocrx_word' id='word_1_488' title='bbox 595 3927 690 3980; x_wconf 77' lang='grc' dir='ltr'>καὶ</span> <span class='ocrx_word' id='word_1_489' title='bbox 723 3925 793 3981; x_wconf 82' lang='grc' dir='ltr'>τὰ</span> <span class='ocrx_word' id='word_1_490' title='bbox 843 3925 1112 3995; x_wconf 79' lang='grc' dir='ltr'>εἰρημένα</span> <span class='ocrx_word' id='word_1_491' title='bbox 1154 3927 1258 3997; x_wconf 85' lang='grc' dir='ltr'>τήν</span> <span class='ocrx_word' id='word_1_492' title='bbox 1306 3943 1367 3981; x_wconf 88' lang='grc' dir='ltr'><strong>τε</strong></span> <span class='ocrx_word' id='word_1_493' title='bbox 1415 3927 1604 3982; x_wconf 79' lang='grc' dir='ltr'>ἀνοίαν</span> <span class='ocrx_word' id='word_1_494' title='bbox 1663 3929 1890 3982; x_wconf 74' lang='grc' dir='ltr'>ἐκείνων</span> 
     </span>
    </p>
   </div>
   <div class='ocr_carea' id='block_1_71' title="bbox 319 4008 1892 4100">
    <p class='ocr_par' dir='ltr' id='par_1_71' title="bbox 319 4008 1892 4100">
     <span class='ocr_line' id='line_1_71' title="bbox 319 4008 1892 4100; baseline 0.003 -24"><span class='ocrx_word' id='word_1_495' title='bbox 319 4025 420 4077; x_wconf 80' lang='grc' dir='ltr'>καὶ</span> <span class='ocrx_word' id='word_1_496' title='bbox 452 4022 784 4092; x_wconf 82' lang='grc' dir='ltr'>φαυλότητα,</span> <span class='ocrx_word' id='word_1_497' title='bbox 822 4038 916 4077; x_wconf 88' lang='grc' dir='ltr'><strong>και</strong></span> <span class='ocrx_word' id='word_1_498' title='bbox 946 4008 1045 4095; x_wconf 62' lang='grc' dir='ltr'><strong>τῇ»</strong></span> <span class='ocrx_word' id='word_1_499' title='bbox 1076 4026 1288 4078; x_wconf 78' lang='grc' dir='ltr'>ἐκείνου</span> <span class='ocrx_word' id='word_1_500' title='bbox 1317 4024 1622 4095; x_wconf 81' lang='grc' dir='ltr'>μοχθηρίαν</span> <span class='ocrx_word' id='word_1_501' title='bbox 1653 4028 1892 4100; x_wconf 68' lang='grc' dir='ltr'>ἀπελέγλ</span> 
     </span>
    </p>
   </div>
   <div class='ocr_carea' id='block_1_72' title="bbox 315 4114 1889 4193">
    <p class='ocr_par' dir='ltr' id='par_1_72' title="bbox 315 4114 1889 4193">
     <span class='ocr_line' id='line_1_72' title="bbox 315 4114 1889 4193; baseline 0.005 -26"><span class='ocrx_word' id='word_1_502' title='bbox 315 4132 457 4187; x_wconf 86' lang='grc' dir='ltr'>χειν.</span> <span class='ocrx_word' id='word_1_503' title='bbox 490 4114 635 4186; x_wconf 74' lang='grc' dir='ltr'>Πρὸς</span> <span class='ocrx_word' id='word_1_504' title='bbox 679 4114 736 4168; x_wconf 81' lang='grc' dir='ltr'>δὲ</span> <span class='ocrx_word' id='word_1_505' title='bbox 766 4115 865 4187; x_wconf 81' lang='grc' dir='ltr'>τὴν</span> <span class='ocrx_word' id='word_1_506' title='bbox 894 4116 1036 4187; x_wconf 82' lang='grc' dir='ltr'>πρὸς</span> <span class='ocrx_word' id='word_1_507' title='bbox 1074 4116 1425 4189; x_wconf 84' lang='grc' dir='ltr'>πατριάρχην</span> <span class='ocrx_word' id='word_1_508' title='bbox 1460 4117 1761 4188; x_wconf 85' lang='grc' dir='ltr'>ἀπολογίαν</span> <span class='ocrx_word' id='word_1_509' title='bbox 1785 4122 1889 4193; x_wconf 72' lang='grc' dir='ltr'><strong>ἤδη</strong></span> 
     </span>
    </p>
   </div>
   <div class='ocr_carea' id='block_1_73' title="bbox 314 4207 1891 4285">
    <p class='ocr_par' dir='ltr' id='par_1_73' title="bbox 314 4207 1891 4285">
     <span class='ocr_line' id='line_1_73' title="bbox 314 4207 1891 4285; baseline 0.003 -22"><span class='ocrx_word' id='word_1_510' title='bbox 314 4208 616 4280; x_wconf 82' lang='grc' dir='ltr'>τρέψομαι.</span> <span class='ocrx_word' id='word_1_511' title='bbox 652 4209 752 4263; x_wconf 65' lang='lat' dir='ltr'><strong>“Av</strong></span> <span class='ocrx_word' id='word_1_512' title='bbox 781 4207 828 4262; x_wconf 86' lang='grc' dir='ltr'>δ’</span> <span class='ocrx_word' id='word_1_513' title='bbox 883 4208 987 4262; x_wconf 81' lang='grc' dir='ltr'><strong>ὑπὸ</strong></span> <span class='ocrx_word' id='word_1_514' title='bbox 1015 4208 1122 4262; x_wconf 87' lang='grc' dir='ltr'><strong>τῶν</strong></span> <span class='ocrx_word' id='word_1_515' title='bbox 1145 4209 1323 4279; x_wconf 86' lang='grc' dir='ltr'>λόγων</span> <span class='ocrx_word' id='word_1_516' title='bbox 1352 4210 1732 4282; x_wconf 84' lang='grc' dir='ltr'>ἀπελέγχηται</span> <span class='ocrx_word' id='word_1_517' title='bbox 1758 4215 1891 4285; x_wconf 78' lang='grc' dir='ltr'>ψευ-</span> 
     </span>
    </p>
   </div>
   <div class='ocr_carea' id='block_1_74' title="bbox 314 4298 1889 4372">
    <p class='ocr_par' dir='ltr' id='par_1_74' title="bbox 314 4298 1889 4372">
     <span class='ocr_line' id='line_1_74' title="bbox 314 4298 1889 4372; baseline 0.004 -18"><span class='ocrx_word' id='word_1_518' title='bbox 314 4300 542 4371; x_wconf 86' lang='grc' dir='ltr'>δόμενος</span> <span class='ocrx_word' id='word_1_519' title='bbox 576 4299 672 4354; x_wconf 81' lang='grc' dir='ltr'>καὶ</span> <span class='ocrx_word' id='word_1_520' title='bbox 717 4299 996 4371; x_wconf 71' lang='grc' dir='ltr'>ἐπιορκῶν</span> <span class='ocrx_word' id='word_1_521' title='bbox 1028 4298 1217 4367; x_wconf 82' lang='grc' dir='ltr'>αὐτὸς,</span> <span class='ocrx_word' id='word_1_522' title='bbox 1253 4301 1348 4354; x_wconf 80' lang='grc' dir='ltr'>καὶ</span> <span class='ocrx_word' id='word_1_523' title='bbox 1376 4301 1485 4356; x_wconf 87' lang='grc' dir='ltr'><strong>τῶν</strong></span> <span class='ocrx_word' id='word_1_524' title='bbox 1511 4304 1759 4372; x_wconf 81' lang='grc' dir='ltr'>αἱμάτων</span> <span class='ocrx_word' id='word_1_525' title='bbox 1790 4307 1889 4360; x_wconf 75' lang='grc' dir='ltr'>καὶ</span> 
     </span>
    </p>
   </div>
   <div class='ocr_carea' id='block_1_75' title="bbox 315 4389 1889 4461">
    <p class='ocr_par' dir='ltr' id='par_1_75' title="bbox 315 4389 1889 4461">
     <span class='ocr_line' id='line_1_75' title="bbox 315 4389 1889 4461; baseline 0.004 -18"><span class='ocrx_word' id='word_1_526' title='bbox 315 4391 429 4444; x_wconf 85' lang='grc' dir='ltr'><strong>τῶν</strong></span> <span class='ocrx_word' id='word_1_527' title='bbox 479 4390 659 4458; x_wconf 86' lang='grc' dir='ltr'>φόνων</span> <span class='ocrx_word' id='word_1_528' title='bbox 689 4389 865 4454; x_wconf 82' lang='grc' dir='ltr'>αἴτιος</span> <span class='ocrx_word' id='word_1_529' title='bbox 916 4390 1014 4443; x_wconf 76' lang='grc' dir='ltr'><strong>καὶ</strong></span> <span class='ocrx_word' id='word_1_530' title='bbox 1042 4390 1152 4443; x_wconf 86' lang='grc' dir='ltr'><strong>τῶν</strong></span> <span class='ocrx_word' id='word_1_531' title='bbox 1183 4391 1393 4461; x_wconf 84' lang='grc' dir='ltr'>μυρίων</span> <span class='ocrx_word' id='word_1_532' title='bbox 1452 4393 1664 4460; x_wconf 87' lang='grc' dir='ltr'>κακῶν,</span> <span class='ocrx_word' id='word_1_533' title='bbox 1697 4395 1732 4447; x_wconf 79' lang='grc' dir='ltr'><strong>ἃ.</strong></span> <span class='ocrx_word' id='word_1_534' title='bbox 1758 4397 1889 4459; x_wconf 83' lang='grc' dir='ltr'>τοὺς</span> 
     </span>
    </p>
   </div>
   <div class='ocr_carea' id='block_1_76' title="bbox 315 4479 1889 4557">
    <p class='ocr_par' dir='ltr' id='par_1_76' title="bbox 315 4479 1889 4557">
     <span class='ocr_line' id='line_1_76' title="bbox 315 4479 1889 4557; baseline 0.004 -23"><span class='ocrx_word' id='word_1_535' title='bbox 315 4479 696 4550; x_wconf 84' lang='grc' dir='ltr'>ταλαιπώρους</span> <span class='ocrx_word' id='word_1_536' title='bbox 741 4480 1050 4550; x_wconf 84' lang='grc' dir='ltr'>Ῥωμαίους</span> <span class='ocrx_word' id='word_1_537' title='bbox 1081 4480 1337 4534; x_wconf 83' lang='grc' dir='ltr'>τοσοῦτον</span> <span class='ocrx_word' id='word_1_538' title='bbox 1367 4481 1469 4552; x_wconf 71' lang='grc' dir='ltr'>ἤδη</span> <span class='ocrx_word' id='word_1_539' title='bbox 1500 4486 1722 4555; x_wconf 81' lang='grc' dir='ltr'>κατέχει</span> <span class='ocrx_word' id='word_1_540' title='bbox 1767 4488 1889 4557; x_wconf 80' lang='grc' dir='ltr'><strong>χρὸ·</strong></span> 
     </span>
    </p>
   </div>
   <div class='ocr_carea' id='block_1_77' title="bbox 315 4567 1889 4648">
    <p class='ocr_par' dir='ltr' id='par_1_77' title="bbox 315 4567 1889 4648">
     <span class='ocr_line' id='line_1_77' title="bbox 315 4567 1889 4648; baseline -0.003 -20"><span class='ocrx_word' id='word_1_541' title='bbox 315 4590 431 4638; x_wconf 91' lang='grc' dir='ltr'>νον,</span> <span class='ocrx_word' id='word_1_542' title='bbox 461 4567 535 4627; x_wconf 79' lang='grc' dir='ltr'><strong>ὧν</strong></span> <span class='ocrx_word' id='word_1_543' title='bbox 565 4573 727 4637; x_wconf 74' lang='grc' dir='ltr'>αὐτὸς</span> <span class='ocrx_word' id='word_1_544' title='bbox 770 4574 829 4628; x_wconf 78' lang='grc' dir='ltr'><strong>ὲν</strong></span> <span class='ocrx_word' id='word_1_545' title='bbox 874 4575 987 4636; x_wconf 82' lang='grc' dir='ltr'><strong>τοίς</strong></span> <span class='ocrx_word' id='word_1_546' title='bbox 1018 4572 1343 4645; x_wconf 83' lang='grc' dir='ltr'>γράμμασιν</span> <span class='ocrx_word' id='word_1_547' title='bbox 1394 4575 1567 4628; x_wconf 83' lang='grc' dir='ltr'>αἴτιον</span> <span class='ocrx_word' id='word_1_548' title='bbox 1598 4577 1697 4646; x_wconf 75' lang='grc' dir='ltr'><strong>ἐμὲ</strong></span> <span class='ocrx_word' id='word_1_549' title='bbox 1728 4595 1889 4648; x_wconf 80' lang='grc' dir='ltr'>γεγε.</span> 
     </span>
    </p>
   </div>
   <div class='ocr_carea' id='block_1_78' title="bbox 322 4663 1889 4741">
    <p class='ocr_par' dir='ltr' id='par_1_78' title="bbox 322 4663 1889 4741">
     <span class='ocr_line' id='line_1_78' title="bbox 322 4663 1889 4741; baseline 0.004 -22"><span class='ocrx_word' id='word_1_550' title='bbox 322 4665 518 4734; x_wconf 79' lang='grc' dir='ltr'>νῆσθαι</span> <span class='ocrx_word' id='word_1_551' title='bbox 544 4663 694 4734; x_wconf 80' lang='grc' dir='ltr'>λέγει</span> <span class='ocrx_word' id='word_1_552' title='bbox 728 4664 1148 4736; x_wconf 71' lang='grc' dir='ltr'>ἐπιθυμήσαντα</span> <span class='ocrx_word' id='word_1_553' title='bbox 1180 4666 1279 4736; x_wconf 85' lang='grc' dir='ltr'>τῆς</span> <span class='ocrx_word' id='word_1_554' title='bbox 1311 4665 1617 4736; x_wconf 85' lang='grc' dir='ltr'>βασιλείας,</span> <span class='ocrx_word' id='word_1_555' title='bbox 1654 4670 1728 4740; x_wconf 83' lang='grc' dir='ltr'>μὴ</span> <span class='ocrx_word' id='word_1_556' title='bbox 1762 4672 1889 4741; x_wconf 68' lang='grc' dir='ltr'>ἐμοὶ</span> 
     </span>
    </p>
   </div>
   <div class='ocr_carea' id='block_1_79' title="bbox 316 4755 1889 4832">
    <p class='ocr_par' dir='ltr' id='par_1_79' title="bbox 316 4755 1889 4832">
     <span class='ocr_line' id='line_1_79' title="bbox 316 4755 1889 4832; baseline 0.003 -21"><span class='ocrx_word' id='word_1_557' title='bbox 316 4756 411 4811; x_wconf 75' lang='grc' dir='ltr'><strong>τὸν</strong></span> <span class='ocrx_word' id='word_1_558' title='bbox 440 4756 660 4826; x_wconf 76' lang='grc' dir='ltr'>ἔλεγχον</span> <span class='ocrx_word' id='word_1_559' title='bbox 704 4755 1164 4827; x_wconf 84' lang='grc' dir='ltr'>προσλογίζεσθαι</span> <span class='ocrx_word' id='word_1_560' title='bbox 1193 4757 1288 4810; x_wconf 61' lang='grc' dir='ltr'><strong>κοιλ⁴</strong></span> <span class='ocrx_word' id='word_1_561' title='bbox 1347 4758 1446 4827; x_wconf 80' lang='grc' dir='ltr'>τὴν</span> <span class='ocrx_word' id='word_1_562' title='bbox 1485 4759 1751 4831; x_wconf 84' lang='grc' dir='ltr'>αἰσχύνην</span> <span class='ocrx_word' id='word_1_563' title='bbox 1788 4762 1889 4832; x_wconf 79' lang='grc' dir='ltr'><strong>τὴν</strong></span> 
     </span>
    </p>
   </div>
   <div class='ocr_carea' id='block_1_80' title="bbox 317 4846 1891 4920">
    <p class='ocr_par' dir='ltr' id='par_1_80' title="bbox 317 4846 1891 4920">
     <span class='ocr_line' id='line_1_80' title="bbox 317 4846 1891 4920; baseline 0.004 -18"><span class='ocrx_word' id='word_1_564' title='bbox 317 4848 431 4903; x_wconf 82' lang='grc' dir='ltr'>ἀπὸ</span> <span class='ocrx_word' id='word_1_565' title='bbox 459 4849 571 4903; x_wconf 86' lang='grc' dir='ltr'><strong>τῶν</strong></span> <span class='ocrx_word' id='word_1_566' title='bbox 603 4847 799 4917; x_wconf 83' lang='grc' dir='ltr'>λόγων,</span> <span class='ocrx_word' id='word_1_567' title='bbox 829 4846 945 4900; x_wconf 88' lang='grc' dir='ltr'>ἀλλ’</span> <span class='ocrx_word' id='word_1_568' title='bbox 978 4849 1175 4919; x_wconf 73' lang='grc' dir='ltr'>ἐκείνῳ</span> <span class='ocrx_word' id='word_1_569' title='bbox 1204 4849 1280 4919; x_wconf 82' lang='grc' dir='ltr'>τῷ</span> <span class='ocrx_word' id='word_1_570' title='bbox 1301 4851 1435 4920; x_wconf 80' lang='grc' dir='ltr'>πρὸς</span> <span class='ocrx_word' id='word_1_571' title='bbox 1463 4851 1688 4916; x_wconf 89' lang='grc' dir='ltr'>τούτους</span> <span class='ocrx_word' id='word_1_572' title='bbox 1716 4870 1891 4908; x_wconf 83' lang='grc' dir='ltr'>κατα-</span> 
     </span>
    </p>
   </div>
   <div class='ocr_carea' id='block_1_81' title="bbox 318 4938 1894 5014">
    <p class='ocr_par' dir='ltr' id='par_1_81' title="bbox 318 4938 1894 5014">
     <span class='ocr_line' id='line_1_81' title="bbox 318 4938 1894 5014; baseline 0.003 -20"><span class='ocrx_word' id='word_1_573' title='bbox 318 4941 602 5009; x_wconf 79' lang='grc' dir='ltr'>στήσαντι.</span> <span class='ocrx_word' id='word_1_574' title='bbox 641 4939 807 5007; x_wconf 79' lang='grc' dir='ltr'>Λέγει</span> <span class='ocrx_word' id='word_1_575' title='bbox 838 4939 1042 5004; x_wconf 82' lang='grc' dir='ltr'>τοίνυν,</span> <span class='ocrx_word' id='word_1_576' title='bbox 1074 4939 1148 5002; x_wconf 83' lang='grc' dir='ltr'><strong>ὡς</strong></span> <span class='ocrx_word' id='word_1_577' title='bbox 1178 4938 1289 5008; x_wconf 77' lang='grc' dir='ltr'><strong>ἐγὼ</strong></span> <span class='ocrx_word' id='word_1_578' title='bbox 1321 4941 1449 5003; x_wconf 83' lang='grc' dir='ltr'>τοὺς</span> <span class='ocrx_word' id='word_1_579' title='bbox 1488 4942 1625 5013; x_wconf 78' lang='grc' dir='ltr'>πρὸς</span> <span class='ocrx_word' id='word_1_580' title='bbox 1666 4944 1894 5014; x_wconf 86' lang='grc' dir='ltr'>βασιλέα</span> 
     </span>
    </p>
   </div>
   <div class='ocr_carea' id='block_1_82' title="bbox 317 5030 1890 5105">
    <p class='ocr_par' dir='ltr' id='par_1_82' title="bbox 317 5030 1890 5105">
     <span class='ocr_line' id='line_1_82' title="bbox 317 5030 1890 5105; baseline 0.003 -19"><span class='ocrx_word' id='word_1_581' title='bbox 317 5033 517 5102; x_wconf 84' lang='grc' dir='ltr'>ὅρκους</span> <span class='ocrx_word' id='word_1_582' title='bbox 541 5031 822 5102; x_wconf 76' lang='grc' dir='ltr'>παραϐὰς,</span> <span class='ocrx_word' id='word_1_583' title='bbox 853 5032 947 5085; x_wconf 77' lang='grc' dir='ltr'>καὶ</span> <span class='ocrx_word' id='word_1_584' title='bbox 977 5030 1076 5103; x_wconf 79' lang='grc' dir='ltr'><strong>τὴν</strong></span> <span class='ocrx_word' id='word_1_585' title='bbox 1101 5030 1425 5103; x_wconf 79' lang='grc' dir='ltr'>θαυμαστὴν</span> <span class='ocrx_word' id='word_1_586' title='bbox 1455 5035 1671 5105; x_wconf 73' lang='grc' dir='ltr'>ἐκείνην</span> <span class='ocrx_word' id='word_1_587' title='bbox 1702 5037 1890 5104; x_wconf 82' lang='grc' dir='ltr'>φιλίαν</span> 
     </span>
    </p>
   </div>
   <div class='ocr_carea' id='block_1_83' title="bbox 319 5117 1894 5197">
    <p class='ocr_par' dir='ltr' id='par_1_83' title="bbox 319 5117 1894 5197">
     <span class='ocr_line' id='line_1_83' title="bbox 319 5117 1894 5197; baseline 0.004 -22"><span class='ocrx_word' id='word_1_588' title='bbox 319 5123 620 5194; x_wconf 84' lang='grc' dir='ltr'>ἀθετήσας,</span> <span class='ocrx_word' id='word_1_589' title='bbox 650 5122 742 5192; x_wconf 84' lang='grc' dir='ltr'><strong>ὑφ’</strong></span> <span class='ocrx_word' id='word_1_590' title='bbox 775 5117 846 5195; x_wconf 81' lang='grc' dir='ltr'>ἧς</span> <span class='ocrx_word' id='word_1_591' title='bbox 877 5122 1031 5193; x_wconf 86' lang='grc' dir='ltr'>παρὰ</span> <span class='ocrx_word' id='word_1_592' title='bbox 1066 5121 1247 5176; x_wconf 81' lang='grc' dir='ltr'>πάντα</span> <span class='ocrx_word' id='word_1_593' title='bbox 1270 5123 1362 5177; x_wconf 77' lang='grc' dir='ltr'><strong>τὸν</strong></span> <span class='ocrx_word' id='word_1_594' title='bbox 1387 5125 1594 5178; x_wconf 71' lang='grc' dir='ltr'>ἐκείνου</span> <span class='ocrx_word' id='word_1_595' title='bbox 1627 5126 1740 5197; x_wconf 85' lang='grc' dir='ltr'>βίον</span> <span class='ocrx_word' id='word_1_596' title='bbox 1768 5127 1894 5181; x_wconf 88' lang='grc' dir='ltr'>πολ-</span> 
     </span>
    </p>
   </div>
   <div class='ocr_carea' id='block_1_84' title="bbox 183 5214 1895 5285">
    <p class='ocr_par' dir='ltr' id='par_1_84' title="bbox 183 5214 1895 5285">
     <span class='ocr_line' id='line_1_84' title="bbox 183 5214 1895 5285; baseline 0.005 -22"><span class='ocrx_word' id='word_1_597' title='bbox 183 5246 203 5263; x_wconf 92' lang='grc'>.</span> <span class='ocrx_word' id='word_1_598' title='bbox 319 5215 432 5270; x_wconf 91' lang='grc' dir='ltr'><strong>λῶν</strong></span> <span class='ocrx_word' id='word_1_599' title='bbox 472 5215 772 5269; x_wconf 80' lang='grc' dir='ltr'>’ἀπέλαυσα</span> <span class='ocrx_word' id='word_1_600' title='bbox 804 5215 900 5269; x_wconf 74' lang='grc' dir='ltr'>καὶ</span> <span class='ocrx_word' id='word_1_601' title='bbox 955 5214 1208 5285; x_wconf 85' lang='grc' dir='ltr'>μεγάλων</span> <span class='ocrx_word' id='word_1_602' title='bbox 1242 5215 1489 5283; x_wconf 86' lang='grc' dir='ltr'>ἀγαθῶν,</span> <span class='ocrx_word' id='word_1_603' title='bbox 1526 5217 1895 5271; x_wconf 73' lang='grc' dir='ltr'>ἐπεϐούλευσα</span> 
     </span>
    </p>
   </div>
   <div class='ocr_carea' id='block_1_85' title="bbox 318 5305 1893 5378">
    <p class='ocr_par' dir='ltr' id='par_1_85' title="bbox 318 5305 1893 5378">
     <span class='ocr_line' id='line_1_85' title="bbox 318 5305 1893 5378; baseline 0.002 -19"><span class='ocrx_word' id='word_1_604' title='bbox 318 5306 435 5370; x_wconf 78' lang='grc' dir='ltr'>τοῖς</span> <span class='ocrx_word' id='word_1_605' title='bbox 460 5305 618 5359; x_wconf 77' lang='grc' dir='ltr'>παισὶ</span> <span class='ocrx_word' id='word_1_606' title='bbox 644 5306 740 5359; x_wconf 78' lang='grc' dir='ltr'>καὶ</span> <span class='ocrx_word' id='word_1_607' title='bbox 768 5305 1001 5376; x_wconf 74' lang='grc' dir='ltr'>βασιλίδι</span> <span class='ocrx_word' id='word_1_608' title='bbox 1022 5309 1088 5378; x_wconf 71' lang='grc' dir='ltr'>τῇ</span> <span class='ocrx_word' id='word_1_609' title='bbox 1108 5309 1322 5376; x_wconf 76' lang='grc' dir='ltr'>γαμετῇ</span> <span class='ocrx_word' id='word_1_610' title='bbox 1348 5306 1484 5374; x_wconf 84' lang='grc' dir='ltr'><strong>μετά</strong></span> <span class='ocrx_word' id='word_1_611' title='bbox 1497 5306 1592 5375; x_wconf 81' lang='grc' dir='ltr'>τὴν</span> <span class='ocrx_word' id='word_1_612' title='bbox 1611 5307 1893 5377; x_wconf 85' lang='grc' dir='ltr'>τελευτήν.</span> 
     </span>
    </p>
   </div>
   <div class='ocr_carea' id='block_1_86' title="bbox 321 5398 1897 5470">
    <p class='ocr_par' dir='ltr' id='par_1_86' title="bbox 321 5398 1897 5470">
     <span class='ocr_line' id='line_1_86' title="bbox 321 5398 1897 5470; baseline 0 -16"><span class='ocrx_word' id='word_1_613' title='bbox 321 5399 389 5454; x_wconf 82' lang='grc' dir='ltr'>Εἰ</span> <span class='ocrx_word' id='word_1_614' title='bbox 416 5399 516 5468; x_wconf 80' lang='grc' dir='ltr'>μὲν</span> <span class='ocrx_word' id='word_1_615' title='bbox 544 5398 636 5452; x_wconf 78' lang='grc' dir='ltr'>οὖν</span> <span class='ocrx_word' id='word_1_616' title='bbox 664 5399 957 5455; x_wconf 83' lang='grc' dir='ltr'>ἀκολασίαν</span> <span class='ocrx_word' id='word_1_617' title='bbox 982 5400 1304 5470; x_wconf 80' lang='grc' dir='ltr'>κατηγόρει,</span> <span class='ocrx_word' id='word_1_618' title='bbox 1329 5400 1695 5470; x_wconf 83' lang='grc' dir='ltr'>ἣὰσυνεσίαν,</span> <span class='ocrx_word' id='word_1_619' title='bbox 1727 5399 1761 5470; x_wconf 80' lang='grc' dir='ltr'><strong>ἢ</strong></span> <span class='ocrx_word' id='word_1_620' title='bbox 1785 5401 1897 5454; x_wconf 87' lang='grc' dir='ltr'>δει-</span> 
     </span>
    </p>
   </div>
   <div class='ocr_carea' id='block_1_87' title="bbox 321 5489 1896 5563">
    <p class='ocr_par' dir='ltr' id='par_1_87' title="bbox 321 5489 1896 5563">
     <span class='ocr_line' id='line_1_87' title="bbox 321 5489 1896 5563; baseline 0 -18"><span class='ocrx_word' id='word_1_621' title='bbox 321 5490 468 5557; x_wconf 88' lang='grc' dir='ltr'>λίαν,</span> <span class='ocrx_word' id='word_1_622' title='bbox 486 5489 521 5561; x_wconf 63' lang='lat' dir='ltr'><strong>ﬁ</strong></span> <span class='ocrx_word' id='word_1_623' title='bbox 545 5492 727 5545; x_wconf 81' lang='grc' dir='ltr'>τιτῶν</span> <span class='ocrx_word' id='word_1_624' title='bbox 750 5491 852 5544; x_wconf 83' lang='grc' dir='ltr'><strong>ὅσα</strong></span> <span class='ocrx_word' id='word_1_625' title='bbox 884 5491 1024 5563; x_wconf 76' lang='grc' dir='ltr'>πρὸς</span> <span class='ocrx_word' id='word_1_626' title='bbox 1056 5492 1245 5561; x_wconf 73' lang='grc' dir='ltr'>καιρὸν</span> <span class='ocrx_word' id='word_1_627' title='bbox 1274 5491 1386 5561; x_wconf 68' lang='grc' dir='ltr'>ἔχει</span> <span class='ocrx_word' id='word_1_628' title='bbox 1411 5493 1510 5562; x_wconf 77' lang='grc' dir='ltr'>τὴν</span> <span class='ocrx_word' id='word_1_629' title='bbox 1542 5492 1771 5563; x_wconf 76' lang='grc' dir='ltr'>μέμψιν,</span> <span class='ocrx_word' id='word_1_630' title='bbox 1802 5494 1896 5547; x_wconf 79' lang='grc' dir='ltr'>καὶ</span> 
     </span>
    </p>
   </div>
   <div class='ocr_carea' id='block_1_88' title="bbox 322 5580 1896 5655">
    <p class='ocr_par' dir='ltr' id='par_1_88' title="bbox 322 5580 1896 5655">
     <span class='ocr_line' id='line_1_88' title="bbox 322 5580 1896 5655; baseline 0.004 -23"><span class='ocrx_word' id='word_1_631' title='bbox 322 5582 360 5652; x_wconf 70' lang='grc' dir='ltr'><strong>ἡ</strong></span> <span class='ocrx_word' id='word_1_632' title='bbox 395 5580 553 5650; x_wconf 75' lang='grc' dir='ltr'>ὕϐρις</span> <span class='ocrx_word' id='word_1_633' title='bbox 581 5582 661 5645; x_wconf 87' lang='grc' dir='ltr'><strong>εἰς</strong></span> <span class='ocrx_word' id='word_1_634' title='bbox 688 5581 747 5635; x_wconf 86' lang='grc' dir='ltr'><strong>τδ</strong></span> <span class='ocrx_word' id='word_1_635' title='bbox 774 5581 936 5652; x_wconf 90' lang='grc' dir='ltr'>σῶμα</span> <span class='ocrx_word' id='word_1_636' title='bbox 985 5583 1274 5648; x_wconf 74' lang='grc' dir='ltr'>διαϐαίνει,</span> <span class='ocrx_word' id='word_1_637' title='bbox 1301 5585 1509 5653; x_wconf 77' lang='grc' dir='ltr'>ἡνεγκα</span> <span class='ocrx_word' id='word_1_638' title='bbox 1555 5585 1620 5637; x_wconf 81' lang='grc' dir='ltr'>ἂν</span> <span class='ocrx_word' id='word_1_639' title='bbox 1651 5588 1776 5655; x_wconf 75' lang='grc' dir='ltr'>σιγῇ</span> <span class='ocrx_word' id='word_1_640' title='bbox 1797 5585 1896 5655; x_wconf 81' lang='grc' dir='ltr'>τὴν</span> 
     </span>
    </p>
   </div>
   <div class='ocr_carea' id='block_1_89' title="bbox 325 5673 1896 5748">
    <p class='ocr_par' dir='ltr' id='par_1_89' title="bbox 325 5673 1896 5748">
     <span class='ocr_line' id='line_1_89' title="bbox 325 5673 1896 5748; baseline 0.004 -25"><span class='ocrx_word' id='word_1_641' title='bbox 325 5673 665 5744; x_wconf 78' lang='grc' dir='ltr'>κατηγορίαν</span> <span class='ocrx_word' id='word_1_642' title='bbox 694 5674 834 5728; x_wconf 84' lang='grc' dir='ltr'>αἰδοῖ</span> <span class='ocrx_word' id='word_1_643' title='bbox 879 5677 944 5745; x_wconf 81' lang='grc' dir='ltr'>τῇ</span> <span class='ocrx_word' id='word_1_644' title='bbox 998 5677 1138 5745; x_wconf 75' lang='grc' dir='ltr'>πρὸς</span> <span class='ocrx_word' id='word_1_645' title='bbox 1176 5676 1339 5730; x_wconf 82' lang='grc' dir='ltr'>αὐτόν</span> <span class='ocrx_word' id='word_1_646' title='bbox 1370 5693 1383 5705; x_wconf 87' lang='grc'><strong>·</strong></span> <span class='ocrx_word' id='word_1_647' title='bbox 1420 5677 1470 5729; x_wconf 88' lang='grc' dir='ltr'><strong>εἰ</strong></span> <span class='ocrx_word' id='word_1_648' title='bbox 1503 5675 1546 5727; x_wconf 85' lang='grc' dir='ltr'>δ’</span> <span class='ocrx_word' id='word_1_649' title='bbox 1608 5676 1896 5748; x_wconf 77' lang='grc' dir='ltr'>ἐπιορκίας</span> 
     </span>
    </p>
   </div>
   <div class='ocr_carea' id='block_1_90' title="bbox 324 5762 1898 5841">
    <p class='ocr_par' dir='ltr' id='par_1_90' title="bbox 324 5762 1898 5841">
     <span class='ocr_line' id='line_1_90' title="bbox 324 5762 1898 5841; baseline 0.006 -26"><span class='ocrx_word' id='word_1_650' title='bbox 324 5762 535 5832; x_wconf 76' lang='grc' dir='ltr'>διώκει,</span> <span class='ocrx_word' id='word_1_651' title='bbox 560 5765 596 5838; x_wconf 67' lang='grc' dir='ltr'>ἦ</span> <span class='ocrx_word' id='word_1_652' title='bbox 621 5766 776 5821; x_wconf 75' lang='grc' dir='ltr'>οὐδὲν</span> <span class='ocrx_word' id='word_1_653' title='bbox 821 5765 1078 5831; x_wconf 77' lang='grc' dir='ltr'>ἀσεϐείας</span> <span class='ocrx_word' id='word_1_654' title='bbox 1130 5767 1436 5838; x_wconf 84' lang='grc' dir='ltr'>διενήνοχεν</span> <span class='ocrx_word' id='word_1_655' title='bbox 1470 5767 1743 5838; x_wconf 73' lang='grc' dir='ltr'>(ἐπιορκία</span> <span class='ocrx_word' id='word_1_656' title='bbox 1769 5768 1898 5841; x_wconf 84' lang='grc' dir='ltr'>γὰρ,</span> 
     </span>
    </p>
   </div>
   <div class='ocr_carea' id='block_1_91' title="bbox 2000 3385 3570 3467">
    <p class='ocr_par' dir='ltr' id='par_1_91' title="bbox 2000 3385 3570 3467">
     <span class='ocr_line' id='line_1_91' title="bbox 2000 3385 3570 3467; baseline -0.009 -18"><span class='ocrx_word' id='word_1_657' title='bbox 2000 3397 2338 3467; x_wconf 78' lang='lat' dir='ltr'><strong>privatorum</strong></span> <span class='ocrx_word' id='word_1_658' title='bbox 2395 3406 2549 3447; x_wconf 87' lang='lat' dir='ltr'><strong>more</strong></span> <span class='ocrx_word' id='word_1_659' title='bbox 2577 3389 2823 3456; x_wconf 87' lang='lat' dir='ltr'><strong>vivendi,</strong></span> <span class='ocrx_word' id='word_1_660' title='bbox 2861 3396 2921 3443; x_wconf 91' lang='lat' dir='ltr'><strong>ut</strong></span> <span class='ocrx_word' id='word_1_661' title='bbox 2984 3387 3073 3441; x_wconf 91' lang='lat' dir='ltr'><strong>ille</strong></span> <span class='ocrx_word' id='word_1_662' title='bbox 3128 3385 3414 3447; x_wconf 65' lang='lat' dir='ltr'><strong>mentitur,</strong></span> <span class='ocrx_word' id='word_1_663' title='bbox 3472 3397 3570 3435; x_wconf 87' lang='lat' dir='ltr'><strong>vos</strong></span> 
     </span>
    </p>
   </div>
   <div class='ocr_carea' id='block_1_92' title="bbox 1993 3471 3571 3563">
    <p class='ocr_par' dir='ltr' id='par_1_92' title="bbox 1993 3471 3571 3563">
     <span class='ocr_line' id='line_1_92' title="bbox 1993 3471 3571 3563; baseline -0.012 -19"><span class='ocrx_word' id='word_1_664' title='bbox 1993 3489 2318 3563; x_wconf 69' lang='lat' dir='ltr'><strong>iudicatote.</strong></span> <span class='ocrx_word' id='word_1_665' title='bbox 2362 3483 2421 3538; x_wconf 92' lang='lat' dir='ltr'><strong>Si</strong></span> <span class='ocrx_word' id='word_1_666' title='bbox 2452 3483 2610 3537; x_wconf 86' lang='lat' dir='ltr'><strong>aliter</strong></span> <span class='ocrx_word' id='word_1_667' title='bbox 2645 3490 2730 3536; x_wconf 91' lang='lat' dir='ltr'><strong>est</strong></span> <span class='ocrx_word' id='word_1_668' title='bbox 2784 3494 2849 3533; x_wconf 91' lang='lat' dir='ltr'><strong>ac</strong></span> <span class='ocrx_word' id='word_1_669' title='bbox 2895 3478 3036 3543; x_wconf 92' lang='lat' dir='ltr'><strong>dico,</strong></span> <span class='ocrx_word' id='word_1_670' title='bbox 3098 3475 3421 3547; x_wconf 78' lang='lat' dir='ltr'><strong>Synadenus</strong></span> <span class='ocrx_word' id='word_1_671' title='bbox 3480 3471 3571 3525; x_wconf 76' lang='lat' dir='ltr'><strong>hic</strong></span> 
     </span>
    </p>
   </div>
   <div class='ocr_carea' id='block_1_93' title="bbox 1999 3563 3577 3652">
    <p class='ocr_par' dir='ltr' id='par_1_93' title="bbox 1999 3563 3577 3652">
     <span class='ocr_line' id='line_1_93' title="bbox 1999 3563 3577 3652; baseline -0.014 -16"><span class='ocrx_word' id='word_1_672' title='bbox 1999 3593 2239 3652; x_wconf 84' lang='lat' dir='ltr'><strong>praesens</strong></span> <span class='ocrx_word' id='word_1_673' title='bbox 2261 3590 2351 3631; x_wconf 88' lang='lat' dir='ltr'><strong>me</strong></span> <span class='ocrx_word' id='word_1_674' title='bbox 2379 3573 2613 3636; x_wconf 86' lang='lat' dir='ltr'><strong>refellat,</strong></span> <span class='ocrx_word' id='word_1_675' title='bbox 2650 3571 2797 3642; x_wconf 87' lang='lat' dir='ltr'><strong>quod</strong></span> <span class='ocrx_word' id='word_1_676' title='bbox 2820 3584 2930 3625; x_wconf 90' lang='lat' dir='ltr'><strong>non</strong></span> <span class='ocrx_word' id='word_1_677' title='bbox 2956 3568 3174 3638; x_wconf 90' lang='lat' dir='ltr'><strong>poterit.</strong></span> <span class='ocrx_word' id='word_1_678' title='bbox 3209 3565 3292 3621; x_wconf 86' lang='lat' dir='ltr'><strong>Ad</strong></span> <span class='ocrx_word' id='word_1_679' title='bbox 3337 3579 3433 3619; x_wconf 89' lang='lat' dir='ltr'><strong>eos</strong></span> <span class='ocrx_word' id='word_1_680' title='bbox 3474 3563 3577 3632; x_wconf 83' lang='lat' dir='ltr'><strong>igi—</strong></span> 
     </span>
    </p>
   </div>
   <div class='ocr_carea' id='block_1_94' title="bbox 2000 3656 3599 3741">
    <p class='ocr_par' dir='ltr' id='par_1_94' title="bbox 2000 3656 3599 3741">
     <span class='ocr_line' id='line_1_94' title="bbox 2000 3656 3599 3741; baseline -0.013 -14"><span class='ocrx_word' id='word_1_681' title='bbox 2000 3683 2107 3736; x_wconf 80' lang='lat' dir='ltr'><strong>tur,</strong></span> <span class='ocrx_word' id='word_1_682' title='bbox 2144 3671 2235 3741; x_wconf 86' lang='lat' dir='ltr'><strong>qui</strong></span> <span class='ocrx_word' id='word_1_683' title='bbox 2263 3670 2558 3724; x_wconf 89' lang='lat' dir='ltr'><strong>archontes</strong></span> <span class='ocrx_word' id='word_1_684' title='bbox 2607 3676 2871 3719; x_wconf 87' lang='lat' dir='ltr'><strong>vocantur</strong></span> <span class='ocrx_word' id='word_1_685' title='bbox 2910 3660 3131 3732; x_wconf 91' lang='lat' dir='ltr'><strong>(melius</strong></span> <span class='ocrx_word' id='word_1_686' title='bbox 3193 3656 3489 3725; x_wconf 82' lang='lat' dir='ltr'><strong>mancipia,</strong></span> <span class='ocrx_word' id='word_1_687' title='bbox 3519 3660 3599 3709; x_wconf 90' lang='lat' dir='ltr'><strong>et‘</strong></span> 
     </span>
    </p>
   </div>
   <div class='ocr_carea' id='block_1_95' title="bbox 1999 3749 3572 3831">
    <p class='ocr_par' dir='ltr' id='par_1_95' title="bbox 1999 3749 3572 3831">
     <span class='ocr_line' id='line_1_95' title="bbox 1999 3749 3572 3831; baseline -0.015 -10"><span class='ocrx_word' id='word_1_688' title='bbox 1999 3765 2140 3821; x_wconf 83' lang='lat' dir='ltr'><strong>servi</strong></span> <span class='ocrx_word' id='word_1_689' title='bbox 2168 3759 2602 3831; x_wconf 90' lang='lat' dir='ltr'><strong>nominarentur)</strong></span> <span class='ocrx_word' id='word_1_690' title='bbox 2648 3766 2704 3812; x_wconf 88' lang='lat' dir='ltr'><strong>et</strong></span> <span class='ocrx_word' id='word_1_691' title='bbox 2766 3755 2834 3811; x_wconf 86' lang='lat' dir='ltr'><strong>ad</strong></span> <span class='ocrx_word' id='word_1_692' title='bbox 2896 3749 3378 3818; x_wconf 89' lang='lat' dir='ltr'><strong>mendaciloquum</strong></span> <span class='ocrx_word' id='word_1_693' title='bbox 3432 3761 3572 3816; x_wconf 69' lang='lat' dir='ltr'><strong>prte-</strong></span> 
     </span>
    </p>
   </div>
   <div class='ocr_carea' id='block_1_96' title="bbox 1999 3838 3568 3914">
    <p class='ocr_par' dir='ltr' id='par_1_96' title="bbox 1999 3838 3568 3914">
     <span class='ocr_line' id='line_1_96' title="bbox 1999 3838 3568 3914; baseline -0.014 -4"><span class='ocrx_word' id='word_1_694' title='bbox 1999 3856 2202 3910; x_wconf 84' lang='lat' dir='ltr'><strong>fectum</strong></span> <span class='ocrx_word' id='word_1_695' title='bbox 2233 3851 2496 3914; x_wconf 88' lang='lat' dir='ltr'><strong>cubiculi,</strong></span> <span class='ocrx_word' id='word_1_696' title='bbox 2531 3850 2596 3902; x_wconf 88' lang='lat' dir='ltr'><strong>ad</strong></span> <span class='ocrx_word' id='word_1_697' title='bbox 2628 3849 2883 3909; x_wconf 84' lang='lat' dir='ltr'><strong>iilormm,</strong></span> <span class='ocrx_word' id='word_1_698' title='bbox 2907 3844 3152 3912; x_wconf 89' lang='lat' dir='ltr'><strong>inquam,</strong></span> <span class='ocrx_word' id='word_1_699' title='bbox 3182 3838 3568 3902; x_wconf 84' lang='lat' dir='ltr'><strong>stoliditatem,</strong></span> 
     </span>
    </p>
   </div>
   <div class='ocr_carea' id='block_1_97' title="bbox 1998 3929 3570 4011">
    <p class='ocr_par' dir='ltr' id='par_1_97' title="bbox 1998 3929 3570 4011">
     <span class='ocr_line' id='line_1_97' title="bbox 1998 3929 3570 4011; baseline -0.015 -8"><span class='ocrx_word' id='word_1_700' title='bbox 1998 3957 2054 4003; x_wconf 87' lang='lat' dir='ltr'><strong>et</strong></span> <span class='ocrx_word' id='word_1_701' title='bbox 2078 3945 2377 4011; x_wconf 86' lang='lat' dir='ltr'><strong>inscitiam,</strong></span> <span class='ocrx_word' id='word_1_702' title='bbox 2410 3952 2468 3997; x_wconf 90' lang='lat' dir='ltr'><strong>et</strong></span> <span class='ocrx_word' id='word_1_703' title='bbox 2505 3941 2669 4011; x_wconf 82' lang='lat' dir='ltr'><strong>hujus</strong></span> <span class='ocrx_word' id='word_1_704' title='bbox 2704 3937 3126 4008; x_wconf 77' lang='lat' dir='ltr'><strong>perversitatem</strong></span> <span class='ocrx_word' id='word_1_705' title='bbox 3148 3929 3570 4003; x_wconf 75' lang='lat' dir='ltr'><strong>coarguendam,</strong></span> 
     </span>
    </p>
   </div>
   <div class='ocr_carea' id='block_1_98' title="bbox 1998 4027 3576 4104">
    <p class='ocr_par' dir='ltr' id='par_1_98' title="bbox 1998 4027 3576 4104">
     <span class='ocr_line' id='line_1_98' title="bbox 1998 4027 3576 4104; baseline -0.015 -6"><span class='ocrx_word' id='word_1_706' title='bbox 1998 4043 2132 4099; x_wconf 85' lang='lat' dir='ltr'><strong>satis</strong></span> <span class='ocrx_word' id='word_1_707' title='bbox 2161 4040 2368 4096; x_wconf 90' lang='lat' dir='ltr'><strong>dictum</strong></span> <span class='ocrx_word' id='word_1_708' title='bbox 2418 4045 2521 4092; x_wconf 87' lang='lat' dir='ltr'><strong>est.</strong></span> <span class='ocrx_word' id='word_1_709' title='bbox 2554 4035 2815 4104; x_wconf 90' lang='lat' dir='ltr'><strong>Sequitur</strong></span> <span class='ocrx_word' id='word_1_710' title='bbox 2867 4040 2927 4085; x_wconf 90' lang='lat' dir='ltr'><strong>ut</strong></span> <span class='ocrx_word' id='word_1_711' title='bbox 2961 4027 3289 4101; x_wconf 65' lang='lat' dir='ltr'><strong>patriarchae</strong></span> <span class='ocrx_word' id='word_1_712' title='bbox 3349 4038 3576 4093; x_wconf 87' lang='lat' dir='ltr'><strong>respon-</strong></span> 
     </span>
    </p>
   </div>
   <div class='ocr_carea' id='block_1_99' title="bbox 1998 4116 3572 4198">
    <p class='ocr_par' dir='ltr' id='par_1_99' title="bbox 1998 4116 3572 4198">
     <span class='ocr_line' id='line_1_99' title="bbox 1998 4116 3572 4198; baseline -0.015 -10"><span class='ocrx_word' id='word_1_713' title='bbox 1998 4135 2206 4189; x_wconf 87' lang='lat' dir='ltr'><strong>deam:</strong></span> <span class='ocrx_word' id='word_1_714' title='bbox 2258 4143 2421 4198; x_wconf 88' lang='lat' dir='ltr'><strong>quem</strong></span> <span class='ocrx_word' id='word_1_715' title='bbox 2488 4125 2532 4181; x_wconf 85' lang='lat' dir='ltr'><strong>si</strong></span> <span class='ocrx_word' id='word_1_716' title='bbox 2586 4123 2930 4184; x_wconf 85' lang='lat' dir='ltr'><strong>mendacem,</strong></span> <span class='ocrx_word' id='word_1_717' title='bbox 2984 4134 3049 4173; x_wconf 89' lang='lat' dir='ltr'><strong>ac</strong></span> <span class='ocrx_word' id='word_1_718' title='bbox 3107 4116 3411 4188; x_wconf 86' lang='lat' dir='ltr'><strong>perjurum,</strong></span> <span class='ocrx_word' id='word_1_719' title='bbox 3468 4128 3572 4168; x_wconf 72' lang='lat' dir='ltr'><strong>cre-</strong></span> 
     </span>
    </p>
   </div>
   <div class='ocr_carea' id='block_1_100' title="bbox 1997 4204 3568 4291">
    <p class='ocr_par' dir='ltr' id='par_1_100' title="bbox 1997 4204 3568 4291">
     <span class='ocr_line' id='line_1_100' title="bbox 1997 4204 3568 4291; baseline -0.015 -13"><span class='ocrx_word' id='word_1_720' title='bbox 1997 4224 2280 4291; x_wconf 86' lang='lat' dir='ltr'><strong>diumque,</strong></span> <span class='ocrx_word' id='word_1_721' title='bbox 2308 4226 2365 4273; x_wconf 91' lang='lat' dir='ltr'><strong>et</strong></span> <span class='ocrx_word' id='word_1_722' title='bbox 2418 4214 2578 4271; x_wconf 79' lang='lat' dir='ltr'><strong>effusi</strong></span> <span class='ocrx_word' id='word_1_723' title='bbox 2618 4211 2924 4284; x_wconf 81' lang='lat' dir='ltr'><strong>sanguinis,</strong></span> <span class='ocrx_word' id='word_1_724' title='bbox 2975 4220 3032 4264; x_wconf 91' lang='lat' dir='ltr'><strong>et</strong></span> <span class='ocrx_word' id='word_1_725' title='bbox 3078 4207 3225 4262; x_wconf 89' lang='lat' dir='ltr'><strong>mille</strong></span> <span class='ocrx_word' id='word_1_726' title='bbox 3277 4204 3568 4267; x_wconf 85' lang='lat' dir='ltr'><strong>malorum,</strong></span> 
     </span>
    </p>
   </div>
   <div class='ocr_carea' id='block_1_101' title="bbox 1998 4296 3573 4386">
    <p class='ocr_par' dir='ltr' id='par_1_101' title="bbox 1998 4296 3573 4386">
     <span class='ocr_line' id='line_1_101' title="bbox 1998 4296 3573 4386; baseline -0.015 -16"><span class='ocrx_word' id='word_1_727' title='bbox 1998 4330 2120 4386; x_wconf 71' lang='lat' dir='ltr'><strong>quae</strong></span> <span class='ocrx_word' id='word_1_728' title='bbox 2146 4311 2392 4367; x_wconf 74' lang='lat' dir='ltr'><strong>infelices</strong></span> <span class='ocrx_word' id='word_1_729' title='bbox 2414 4307 2690 4362; x_wconf 64' lang='lat' dir='ltr'><strong>Iturnanos</strong></span> <span class='ocrx_word' id='word_1_730' title='bbox 2725 4302 2916 4359; x_wconf 90' lang='lat' dir='ltr'><strong>tandiu</strong></span> <span class='ocrx_word' id='word_1_731' title='bbox 2962 4299 3281 4370; x_wconf 80' lang='lat' dir='ltr'><strong>Opprimunt</strong></span> <span class='ocrx_word' id='word_1_732' title='bbox 3312 4296 3573 4366; x_wconf 89' lang='lat' dir='ltr'><strong>(quorum</strong></span> 
     </span>
    </p>
   </div>
   <div class='ocr_carea' id='block_1_102' title="bbox 1999 4386 3571 4477">
    <p class='ocr_par' dir='ltr' id='par_1_102' title="bbox 1999 4386 3571 4477">
     <span class='ocr_line' id='line_1_102' title="bbox 1999 4386 3571 4477; baseline -0.017 -12"><span class='ocrx_word' id='word_1_733' title='bbox 1999 4425 2086 4465; x_wconf 88' lang='lat' dir='ltr'><strong>me</strong></span> <span class='ocrx_word' id='word_1_734' title='bbox 2114 4416 2339 4477; x_wconf 88' lang='lat' dir='ltr'><strong>pr0pter</strong></span> <span class='ocrx_word' id='word_1_735' title='bbox 2371 4400 2586 4473; x_wconf 88' lang='lat' dir='ltr'><strong>imperii</strong></span> <span class='ocrx_word' id='word_1_736' title='bbox 2643 4397 2958 4468; x_wconf 85' lang='lat' dir='ltr'><strong>cupidinem</strong></span> <span class='ocrx_word' id='word_1_737' title='bbox 3015 4405 3237 4448; x_wconf 83' lang='lat' dir='ltr'><strong>causam</strong></span> <span class='ocrx_word' id='word_1_738' title='bbox 3291 4389 3463 4445; x_wconf 81' lang='lat' dir='ltr'><strong>fuisse</strong></span> <span class='ocrx_word' id='word_1_739' title='bbox 3513 4386 3571 4441; x_wconf 89' lang='lat' dir='ltr'><strong>in</strong></span> 
     </span>
    </p>
   </div>
   <div class='ocr_carea' id='block_1_103' title="bbox 1998 4481 3573 4560">
    <p class='ocr_par' dir='ltr' id='par_1_103' title="bbox 1998 4481 3573 4560">
     <span class='ocr_line' id='line_1_103' title="bbox 1998 4481 3573 4560; baseline -0.017 -4"><span class='ocrx_word' id='word_1_740' title='bbox 1998 4501 2197 4556; x_wconf 84' lang='lat' dir='ltr'><strong>litteris</strong></span> <span class='ocrx_word' id='word_1_741' title='bbox 2225 4490 2683 4560; x_wconf 79' lang='lat' dir='ltr'><strong>autumat),reum</strong></span> <span class='ocrx_word' id='word_1_742' title='bbox 2714 4488 3045 4556; x_wconf 88' lang='lat' dir='ltr'><strong>probavero,</strong></span> <span class='ocrx_word' id='word_1_743' title='bbox 3069 4497 3139 4537; x_wconf 91' lang='lat' dir='ltr'><strong>ne</strong></span> <span class='ocrx_word' id='word_1_744' title='bbox 3171 4481 3240 4536; x_wconf 92' lang='lat' dir='ltr'><strong>ob</strong></span> <span class='ocrx_word' id='word_1_745' title='bbox 3291 4494 3411 4534; x_wconf 90' lang='lat' dir='ltr'><strong>eam</strong></span> <span class='ocrx_word' id='word_1_746' title='bbox 3447 4491 3573 4546; x_wconf 85' lang='lat' dir='ltr'><strong>pro-</strong></span> 
     </span>
    </p>
   </div>
   <div class='ocr_carea' id='block_1_104' title="bbox 1999 4560 3571 4657">
    <p class='ocr_par' dir='ltr' id='par_1_104' title="bbox 1999 4560 3571 4657">
     <span class='ocr_line' id='line_1_104' title="bbox 1999 4560 3571 4657; baseline -0.017 -9"><span class='ocrx_word' id='word_1_747' title='bbox 1999 4592 2299 4653; x_wconf 89' lang='lat' dir='ltr'><strong>bationem,</strong></span> <span class='ocrx_word' id='word_1_748' title='bbox 2345 4560 2811 4657; x_wconf 60' lang='lat' dir='ltr'><strong>ignominiamque</strong></span> <span class='ocrx_word' id='word_1_749' title='bbox 2843 4577 2913 4632; x_wconf 88' lang='lat' dir='ltr'><strong>ad</strong></span> <span class='ocrx_word' id='word_1_750' title='bbox 2963 4590 3022 4631; x_wconf 88' lang='lat' dir='ltr'><strong>se</strong></span> <span class='ocrx_word' id='word_1_751' title='bbox 3086 4589 3154 4627; x_wconf 86' lang='lat' dir='ltr'><strong>ex</strong></span> <span class='ocrx_word' id='word_1_752' title='bbox 3212 4569 3401 4627; x_wconf 83' lang='lat' dir='ltr'><strong>verbis</strong></span> <span class='ocrx_word' id='word_1_753' title='bbox 3429 4567 3571 4622; x_wconf 90' lang='lat' dir='ltr'><strong>meis</strong></span> 
     </span>
    </p>
   </div>
   <div class='ocr_carea' id='block_1_105' title="bbox 1989 4660 3628 4761">
    <p class='ocr_par' dir='ltr' id='par_1_105' title="bbox 1989 4660 3628 4761">
     <span class='ocr_line' id='line_1_105' title="bbox 1989 4660 3628 4761; baseline -0.023 -15"><span class='ocrx_word' id='word_1_754' title='bbox 1989 4682 2390 4761; x_wconf 68' lang='lat' dir='ltr'><strong>1.eduudantem</strong></span> <span class='ocrx_word' id='word_1_755' title='bbox 2420 4676 2576 4741; x_wconf 87' lang='lat' dir='ltr'><strong>mihi,</strong></span> <span class='ocrx_word' id='word_1_756' title='bbox 2614 4673 2713 4730; x_wconf 89' lang='lat' dir='ltr'><strong>sed</strong></span> <span class='ocrx_word' id='word_1_757' title='bbox 2769 4670 2845 4725; x_wconf 90' lang='lat' dir='ltr'><strong>illi</strong></span> <span class='ocrx_word' id='word_1_758' title='bbox 2905 4685 2936 4723; x_wconf 90' lang='lat' dir='ltr'><strong>a</strong></span> <span class='ocrx_word' id='word_1_759' title='bbox 2988 4681 3097 4738; x_wconf 90' lang='lat' dir='ltr'><strong>quo</strong></span> <span class='ocrx_word' id='word_1_760' title='bbox 3146 4663 3257 4718; x_wconf 89' lang='lat' dir='ltr'><strong>huc</strong></span> <span class='ocrx_word' id='word_1_761' title='bbox 3301 4660 3628 4761; x_wconf 17' lang='lat' dir='ltr'><strong>deductus:</strong></span> 
     </span>
    </p>
   </div>
   <div class='ocr_carea' id='block_1_106' title="bbox 1989 4752 3573 4850">
    <p class='ocr_par' dir='ltr' id='par_1_106' title="bbox 1989 4752 3573 4850">
     <span class='ocr_line' id='line_1_106' title="bbox 1989 4752 3573 4850; baseline -0.027 -4"><span class='ocrx_word' id='word_1_762' title='bbox 1989 4752 2094 4850; x_wconf 70' lang='lat' dir='ltr'><strong>est,</strong></span> <span class='ocrx_word' id='word_1_763' title='bbox 2127 4782 2417 4839; x_wconf 87' lang='lat' dir='ltr'><strong>irascatur.</strong></span> <span class='ocrx_word' id='word_1_764' title='bbox 2459 4768 2549 4823; x_wconf 83' lang='lat' dir='ltr'><strong>Ait</strong></span> <span class='ocrx_word' id='word_1_765' title='bbox 2577 4766 2761 4836; x_wconf 81' lang='lat' dir='ltr'><strong>igitur,</strong></span> <span class='ocrx_word' id='word_1_766' title='bbox 2797 4777 2883 4816; x_wconf 91' lang='lat' dir='ltr'><strong>me</strong></span> <span class='ocrx_word' id='word_1_767' title='bbox 2902 4760 3219 4831; x_wconf 89' lang='lat' dir='ltr'><strong>juramento</strong></span> <span class='ocrx_word' id='word_1_768' title='bbox 3252 4752 3573 4808; x_wconf 86' lang='lat' dir='ltr'><strong>Andronico</strong></span> 
     </span>
    </p>
   </div>
   <div class='ocr_carea' id='block_1_107' title="bbox 1993 4845 3572 4947">
    <p class='ocr_par' dir='ltr' id='par_1_107' title="bbox 1993 4845 3572 4947">
     <span class='ocr_line' id='line_1_107' title="bbox 1993 4845 3572 4947; baseline -0.021 -17"><span class='ocrx_word' id='word_1_769' title='bbox 1993 4845 2311 4947; x_wconf 79' lang='lat' dir='ltr'><strong>imperatori</strong></span> <span class='ocrx_word' id='word_1_770' title='bbox 2341 4870 2609 4931; x_wconf 88' lang='lat' dir='ltr'><strong>concepto</strong></span> <span class='ocrx_word' id='word_1_771' title='bbox 2645 4855 3028 4920; x_wconf 77' lang='lat' dir='ltr'><strong>deiicientem,</strong></span> <span class='ocrx_word' id='word_1_772' title='bbox 3063 4860 3118 4906; x_wconf 89' lang='lat' dir='ltr'><strong>et</strong></span> <span class='ocrx_word' id='word_1_773' title='bbox 3161 4845 3572 4904; x_wconf 86' lang='lat' dir='ltr'><strong>memorabilem</strong></span> 
     </span>
    </p>
   </div>
   <div class='ocr_carea' id='block_1_108' title="bbox 1996 4936 3572 5022">
    <p class='ocr_par' dir='ltr' id='par_1_108' title="bbox 1996 4936 3572 5022">
     <span class='ocr_line' id='line_1_108' title="bbox 1996 4936 3572 5022; baseline -0.022 1"><span class='ocrx_word' id='word_1_774' title='bbox 1996 4936 2145 5022; x_wconf 77' lang='lat' dir='ltr'><strong>illam</strong></span> <span class='ocrx_word' id='word_1_775' title='bbox 2168 4956 2489 5018; x_wconf 85' lang='lat' dir='ltr'><strong>amicitiam,</strong></span> <span class='ocrx_word' id='word_1_776' title='bbox 2523 4966 2588 5006; x_wconf 80' lang='lat' dir='ltr'><strong>ex</strong></span> <span class='ocrx_word' id='word_1_777' title='bbox 2623 4964 2730 5018; x_wconf 90' lang='lat' dir='ltr'><strong>qua</strong></span> <span class='ocrx_word' id='word_1_778' title='bbox 2754 4945 2933 5017; x_wconf 85' lang='lat' dir='ltr'><strong>quoad</strong></span> <span class='ocrx_word' id='word_1_779' title='bbox 2985 4943 3077 4998; x_wconf 89' lang='lat' dir='ltr'><strong>ille</strong></span> <span class='ocrx_word' id='word_1_780' title='bbox 3115 4950 3398 5010; x_wconf 87' lang='lat' dir='ltr'><strong>superstes</strong></span> <span class='ocrx_word' id='word_1_781' title='bbox 3448 4936 3572 4998; x_wconf 86' lang='lat' dir='ltr'><strong>fuit,</strong></span> 
     </span>
    </p>
   </div>
   <div class='ocr_carea' id='block_1_109' title="bbox 1997 5031 3576 5127">
    <p class='ocr_par' dir='ltr' id='par_1_109' title="bbox 1997 5031 3576 5127">
     <span class='ocr_line' id='line_1_109' title="bbox 1997 5031 3576 5127; baseline -0.02 -13"><span class='ocrx_word' id='word_1_782' title='bbox 1997 5055 2302 5127; x_wconf 89' lang='lat' dir='ltr'><strong>complura,</strong></span> <span class='ocrx_word' id='word_1_783' title='bbox 2325 5056 2383 5103; x_wconf 90' lang='lat' dir='ltr'><strong>et</strong></span> <span class='ocrx_word' id='word_1_784' title='bbox 2414 5041 2709 5115; x_wconf 82' lang='lat' dir='ltr'><strong>singularia</strong></span> <span class='ocrx_word' id='word_1_785' title='bbox 2742 5041 2882 5095; x_wconf 90' lang='lat' dir='ltr'><strong>bona</strong></span> <span class='ocrx_word' id='word_1_786' title='bbox 2907 5037 3011 5093; x_wconf 90' lang='lat' dir='ltr'><strong>sim</strong></span> <span class='ocrx_word' id='word_1_787' title='bbox 3037 5035 3289 5104; x_wconf 86' lang='lat' dir='ltr'><strong>adeptus,</strong></span> <span class='ocrx_word' id='word_1_788' title='bbox 3322 5031 3576 5087; x_wconf 83' lang='lat' dir='ltr'><strong>dissuen-</strong></span> 
     </span>
    </p>
   </div>
   <div class='ocr_carea' id='block_1_110' title="bbox 1995 5123 3575 5215">
    <p class='ocr_par' dir='ltr' id='par_1_110' title="bbox 1995 5123 3575 5215">
     <span class='ocr_line' id='line_1_110' title="bbox 1995 5123 3575 5215; baseline -0.02 -11"><span class='ocrx_word' id='word_1_789' title='bbox 1995 5123 2277 5215; x_wconf 30' lang='lat' dir='ltr'><strong>tem,vpost</strong></span> <span class='ocrx_word' id='word_1_790' title='bbox 2306 5139 2518 5195; x_wconf 89' lang='lat' dir='ltr'><strong>obitum</strong></span> <span class='ocrx_word' id='word_1_791' title='bbox 2549 5133 2727 5197; x_wconf 84' lang='lat' dir='ltr'><strong>uxori,</strong></span> <span class='ocrx_word' id='word_1_792' title='bbox 2762 5139 2820 5186; x_wconf 92' lang='lat' dir='ltr'><strong>et</strong></span> <span class='ocrx_word' id='word_1_793' title='bbox 2847 5129 3035 5184; x_wconf 91' lang='lat' dir='ltr'><strong>liberis</strong></span> <span class='ocrx_word' id='word_1_794' title='bbox 3062 5125 3185 5195; x_wconf 84' lang='lat' dir='ltr'><strong>ejus</strong></span> <span class='ocrx_word' id='word_1_795' title='bbox 3218 5123 3446 5178; x_wconf 85' lang='lat' dir='ltr'><strong>insidias</strong></span> <span class='ocrx_word' id='word_1_796' title='bbox 3478 5136 3575 5191; x_wconf 86' lang='lat' dir='ltr'><strong>pa—</strong></span> 
     </span>
    </p>
   </div>
   <div class='ocr_carea' id='block_1_111' title="bbox 1996 5214 3577 5295">
    <p class='ocr_par' dir='ltr' id='par_1_111' title="bbox 1996 5214 3577 5295">
     <span class='ocr_line' id='line_1_111' title="bbox 1996 5214 3577 5295; baseline -0.018 0"><span class='ocrx_word' id='word_1_797' title='bbox 1996 5214 2343 5294; x_wconf 72' lang='lat' dir='ltr'><strong>ravisse.&#39;Si</strong></span> <span class='ocrx_word' id='word_1_798' title='bbox 2401 5246 2487 5284; x_wconf 83' lang='lat' dir='ltr'><strong>me</strong></span> <span class='ocrx_word' id='word_1_799' title='bbox 2540 5222 3002 5295; x_wconf 63' lang='lat' dir='ltr'><strong>intemperantia,</strong></span> <span class='ocrx_word' id='word_1_800' title='bbox 3060 5218 3324 5290; x_wconf 87' lang='lat' dir='ltr'><strong>stuporis,</strong></span> <span class='ocrx_word' id='word_1_801' title='bbox 3370 5214 3577 5271; x_wconf 70' lang='lat' dir='ltr'><strong>timidio</strong></span> 
     </span>
    </p>
   </div>
   <div class='ocr_carea' id='block_1_112' title="bbox 2001 5304 3575 5389">
    <p class='ocr_par' dir='ltr' id='par_1_112' title="bbox 2001 5304 3575 5389">
     <span class='ocr_line' id='line_1_112' title="bbox 2001 5304 3575 5389; baseline -0.016 -8"><span class='ocrx_word' id='word_1_802' title='bbox 2001 5327 2152 5389; x_wconf 90' lang='lat' dir='ltr'><strong>tatis,</strong></span> <span class='ocrx_word' id='word_1_803' title='bbox 2181 5330 2276 5377; x_wconf 88' lang='lat' dir='ltr'><strong>aut</strong></span> <span class='ocrx_word' id='word_1_804' title='bbox 2302 5319 2533 5389; x_wconf 89' lang='lat' dir='ltr'><strong>alicujus</strong></span> <span class='ocrx_word' id='word_1_805' title='bbox 2560 5329 2776 5380; x_wconf 89' lang='lat' dir='ltr'><strong>eorum,</strong></span> <span class='ocrx_word' id='word_1_806' title='bbox 2813 5327 2934 5381; x_wconf 72' lang='lat' dir='ltr'><strong>quae</strong></span> <span class='ocrx_word' id='word_1_807' title='bbox 2957 5310 3347 5379; x_wconf 86' lang='lat' dir='ltr'><strong>temporariam</strong></span> <span class='ocrx_word' id='word_1_808' title='bbox 3371 5304 3575 5358; x_wconf 88' lang='lat' dir='ltr'><strong>habent</strong></span> 
     </span>
    </p>
   </div>
   <div class='ocr_carea' id='block_1_113' title="bbox 2006 5397 3576 5485">
    <p class='ocr_par' dir='ltr' id='par_1_113' title="bbox 2006 5397 3576 5485">
     <span class='ocr_line' id='line_1_113' title="bbox 2006 5397 3576 5485; baseline -0.014 -17"><span class='ocrx_word' id='word_1_809' title='bbox 2006 5411 2516 5485; x_wconf 87' lang='lat' dir='ltr'><strong>reprehensionem,</strong></span> <span class='ocrx_word' id='word_1_810' title='bbox 2551 5416 2607 5462; x_wconf 91' lang='lat' dir='ltr'><strong>ct</strong></span> <span class='ocrx_word' id='word_1_811' title='bbox 2658 5418 2892 5475; x_wconf 88' lang='lat' dir='ltr'><strong>quorum</strong></span> <span class='ocrx_word' id='word_1_812' title='bbox 2920 5399 3249 5457; x_wconf 87' lang='lat' dir='ltr'><strong>contumelia</strong></span> <span class='ocrx_word' id='word_1_813' title='bbox 3280 5397 3346 5450; x_wconf 85' lang='lat' dir='ltr'><strong>ad</strong></span> <span class='ocrx_word' id='word_1_814' title='bbox 3376 5410 3576 5463; x_wconf 88' lang='lat' dir='ltr'><strong>corpus</strong></span> 
     </span>
    </p>
   </div>
   <div class='ocr_carea' id='block_1_114' title="bbox 2005 5486 3574 5568">
    <p class='ocr_par' dir='ltr' id='par_1_114' title="bbox 2005 5486 3574 5568">
     <span class='ocr_line' id='line_1_114' title="bbox 2005 5486 3574 5568; baseline -0.015 -8"><span class='ocrx_word' id='word_1_815' title='bbox 2005 5506 2238 5568; x_wconf 89' lang='lat' dir='ltr'><strong>transit,</strong></span> <span class='ocrx_word' id='word_1_816' title='bbox 2288 5508 2595 5564; x_wconf 88' lang='lat' dir='ltr'><strong>accusaret,</strong></span> <span class='ocrx_word' id='word_1_817' title='bbox 2661 5510 2762 5566; x_wconf 85' lang='lat' dir='ltr'><strong>ego</strong></span> <span class='ocrx_word' id='word_1_818' title='bbox 2806 5491 3209 5548; x_wconf 83' lang='lat' dir='ltr'><strong>accusationem</strong></span> <span class='ocrx_word' id='word_1_819' title='bbox 3266 5486 3574 5541; x_wconf 86' lang='lat' dir='ltr'><strong>reverentia</strong></span> 
     </span>
    </p>
   </div>
   <div class='ocr_carea' id='block_1_115' title="bbox 2004 5570 3604 5652">
    <p class='ocr_par' dir='ltr' id='par_1_115' title="bbox 2004 5570 3604 5652">
     <span class='ocr_line' id='line_1_115' title="bbox 2004 5570 3604 5652; baseline -0.014 0"><span class='ocrx_word' id='word_1_820' title='bbox 2004 5597 2146 5651; x_wconf 87' lang='lat' dir='ltr'><strong>illius</strong></span> <span class='ocrx_word' id='word_1_821' title='bbox 2180 5594 2425 5650; x_wconf 90' lang='lat' dir='ltr'><strong>tulissem</strong></span> <span class='ocrx_word' id='word_1_822' title='bbox 2466 5590 2683 5645; x_wconf 88' lang='lat' dir='ltr'><strong>tacitus.</strong></span> <span class='ocrx_word' id='word_1_823' title='bbox 2720 5586 2856 5652; x_wconf 85' lang='lat' dir='ltr'><strong>Quia</strong></span> <span class='ocrx_word' id='word_1_824' title='bbox 2904 5598 3035 5638; x_wconf 81' lang='lat' dir='ltr'><strong>vero</strong></span> <span class='ocrx_word' id='word_1_825' title='bbox 3063 5579 3290 5651; x_wconf 87' lang='lat' dir='ltr'><strong>perjurii</strong></span> <span class='ocrx_word' id='word_1_826' title='bbox 3342 5570 3604 5630; x_wconf 64' lang='lat' dir='ltr'><strong>insimu-~</strong></span> 
     </span>
    </p>
   </div>
   <div class='ocr_carea' id='block_1_116' title="bbox 2005 5668 3572 5755">
    <p class='ocr_par' dir='ltr' id='par_1_116' title="bbox 2005 5668 3572 5755">
     <span class='ocr_line' id='line_1_116' title="bbox 2005 5668 3572 5755; baseline -0.013 -12"><span class='ocrx_word' id='word_1_827' title='bbox 2005 5690 2120 5751; x_wconf 89' lang='lat' dir='ltr'><strong>lat,</strong></span> <span class='ocrx_word' id='word_1_828' title='bbox 2154 5702 2274 5755; x_wconf 66' lang='lat' dir='ltr'><strong>qua:</strong></span> <span class='ocrx_word' id='word_1_829' title='bbox 2344 5682 2478 5737; x_wconf 89' lang='lat' dir='ltr'><strong>nihil</strong></span> <span class='ocrx_word' id='word_1_830' title='bbox 2534 5681 2602 5735; x_wconf 89' lang='lat' dir='ltr'><strong>ab</strong></span> <span class='ocrx_word' id='word_1_831' title='bbox 2672 5677 2949 5747; x_wconf 87' lang='lat' dir='ltr'><strong>impietate</strong></span> <span class='ocrx_word' id='word_1_832' title='bbox 3011 5671 3194 5727; x_wconf 78' lang='lat' dir='ltr'><strong>diﬂ&#39;ert</strong></span> <span class='ocrx_word' id='word_1_833' title='bbox 3250 5668 3572 5741; x_wconf 84' lang='lat' dir='ltr'><strong>(pcrjuriutn</strong></span> 
     </span>
    </p>
   </div>
   <div class='ocr_carea' id='block_1_117' title="bbox 2004 5759 3586 5844">
    <p class='ocr_par' dir='ltr' id='par_1_117' title="bbox 2004 5759 3586 5844">
     <span class='ocr_line' id='line_1_117' title="bbox 2004 5759 3586 5844; baseline -0.012 -13"><span class='ocrx_word' id='word_1_834' title='bbox 2004 5777 2174 5841; x_wconf 80' lang='lat' dir='ltr'><strong>enim,</strong></span> <span class='ocrx_word' id='word_1_835' title='bbox 2208 5773 2401 5844; x_wconf 89' lang='lat' dir='ltr'><strong>inquit,</strong></span> <span class='ocrx_word' id='word_1_836' title='bbox 2430 5780 2512 5826; x_wconf 88' lang='lat' dir='ltr'><strong>est</strong></span> <span class='ocrx_word' id='word_1_837' title='bbox 2542 5768 2754 5840; x_wconf 81' lang='lat' dir='ltr'><strong>negatio</strong></span> <span class='ocrx_word' id='word_1_838' title='bbox 2785 5764 2883 5821; x_wconf 92' lang='lat' dir='ltr'><strong>Dei</strong></span> <span class='ocrx_word' id='word_1_839' title='bbox 2918 5761 3079 5837; x_wconf 76' lang='lat'><strong>[56]),</strong></span> <span class='ocrx_word' id='word_1_840' title='bbox 3106 5762 3233 5833; x_wconf 90' lang='lat' dir='ltr'><strong>quid</strong></span> <span class='ocrx_word' id='word_1_841' title='bbox 3264 5759 3586 5823; x_wconf 72' lang='lat' dir='ltr'><strong>restat,nisi.</strong></span> 
     </span>
    </p>
   </div>
   <div class='ocr_carea' id='block_1_118' title="bbox 1555 5886 2293 5953">
    <p class='ocr_par' dir='ltr' id='par_1_118' title="bbox 1555 5886 2293 5953">
     <span class='ocr_line' id='line_1_118' title="bbox 1555 5886 2293 5953; baseline 0.011 -8"><span class='ocrx_word' id='word_1_842' title='bbox 1555 5886 1775 5947; x_wconf 79' lang='lat' dir='ltr'><strong>Jacobi</strong></span> <span class='ocrx_word' id='word_1_843' title='bbox 1815 5888 2082 5951; x_wconf 87' lang='lat' dir='ltr'><strong>Pontani</strong></span> <span class='ocrx_word' id='word_1_844' title='bbox 2108 5897 2293 5953; x_wconf 61' lang='lat' dir='ltr'><strong>notae.</strong></span> 
     </span>
    </p>
   </div>
   <div class='ocr_carea' id='block_1_119' title="bbox 406 5983 2161 6065">
    <p class='ocr_par' dir='ltr' id='par_1_119' title="bbox 406 5983 2161 6065">
     <span class='ocr_line' id='line_1_119' title="bbox 406 5983 2161 6065; baseline 0.004 -27"><span class='ocrx_word' id='word_1_845' title='bbox 406 5983 519 6054; x_wconf 73' lang='lat' dir='ltr'><strong>(3m</strong></span> <span class='ocrx_word' id='word_1_846' title='bbox 554 5984 651 6041; x_wconf 88' lang='lat' dir='ltr'><strong>Est</strong></span> <span class='ocrx_word' id='word_1_847' title='bbox 679 5984 732 6041; x_wconf 94' lang='lat' dir='ltr'><strong>in</strong></span> <span class='ocrx_word' id='word_1_848' title='bbox 763 5984 1046 6065; x_wconf 67' lang='lat' dir='ltr'><strong>sententiis</strong></span> <span class='ocrx_word' id='word_1_849' title='bbox 1076 5984 1403 6040; x_wconf 68' lang='lat' dir='ltr'><strong>Nazianzeni</strong></span> <span class='ocrx_word' id='word_1_850' title='bbox 1432 5988 1764 6041; x_wconf 90' lang='lat' dir='ltr'><strong>tetrastichis</strong></span> <span class='ocrx_word' id='word_1_851' title='bbox 1798 5992 2161 6047; x_wconf 88' lang='lat' dir='ltr'><strong>tetramctris:</strong></span> 
     </span>
    </p>
   </div>
   <div class='ocr_carea' id='block_1_120' title="bbox 860 6075 2334 6149">
    <p class='ocr_par' dir='ltr' id='par_1_120' title="bbox 860 6075 2334 6149">
     <span class='ocr_line' id='line_1_120' title="bbox 860 6075 2334 6149; baseline 0.002 -19"><span class='ocrx_word' id='word_1_852' title='bbox 860 6079 1079 6145; x_wconf 80' lang='grc' dir='ltr'>Ὅρκον</span> <span class='ocrx_word' id='word_1_853' title='bbox 1105 6079 1172 6132; x_wconf 81' lang='grc' dir='ltr'>δὲ</span> <span class='ocrx_word' id='word_1_854' title='bbox 1226 6079 1406 6147; x_wconf 60' lang='grc' dir='ltr'>φεῦγε</span> <span class='ocrx_word' id='word_1_855' title='bbox 1432 6079 1645 6133; x_wconf 63' lang='grc' dir='ltr'>πάγην</span> <span class='ocrx_word' id='word_1_856' title='bbox 1682 6078 1806 6145; x_wconf 71' lang='grc' dir='ltr'><strong>πῶς</strong></span> <span class='ocrx_word' id='word_1_857' title='bbox 1835 6075 1949 6136; x_wconf 76' lang='grc' dir='ltr'><strong>οὖν</strong></span> <span class='ocrx_word' id='word_1_858' title='bbox 1997 6081 2285 6149; x_wconf 73' lang='grc' dir='ltr'>πείσομεν</span> <span class='ocrx_word' id='word_1_859' title='bbox 2317 6096 2334 6144; x_wconf 87' lang='grc'><strong><em>;</em></strong></span> 
     </span>
    </p>
   </div>
  </div>
