4048 6432
348 522 480 592 1141

1485 492 2032 570 HISTORIARUM
2073 495 2297 561 LlBEP
2349 490 2460 552 ιιι.

3454 460 3588 522 iii?

346 637 553 692 πείθειν
570 632 681 688 τῶν
699 628 1039 703 πραγμάτων
1058 623 1216 685 αὖθις
1239 620 1477 691 ἔχεσθαι.
1498 621 1606 672 Καὶ
1618 619 1724 670 τῶν
1742 616 1915 669 τοιού-
1942 642 1955 672 λ

2058 623 2162 661 unc
2192 618 2401 674 rogare,
2467 610 2610 651 nunc
2639 588 2996 661 exprobrare,
3040 589 3094 637 et
3125 588 3184 634 ut
3218 576 3397 632 brevis
3441 575 3540 627 sim
3573 611 3588 633 .

2385 692 2396 703 -
2480 697 2487 703 ι
2568 702 2571 703 ν
2644 695 2853 703 η-----....
2942 689 3046 703 ..η-η
3114 685 3199 703 mn
3257 669 3320 703 ml
3375 664 3586 703 imnnrii

345 746 452 781 των
476 725 692 779 πάντων
718 722 880 781 αὐτὸς
905 716 975 791 ἧν
1018 716 1148 785 παρ’
1187 712 1511 784 ἀμφοτέρων
1546 708 1910 780 πρεσϐευτής.

357 818 510 872 Ἐπεὶ
540 816 597 869 δὲ
620 815 725 867 ὑπὸ
753 813 861 866 τῶν
880 809 1091 863 πολλῶν
1113 806 1324 873 ἐκείνης
1344 804 1516 871 λόγων
1540 799 1913 863 ἐπικλασθεὶς,

348 910 443 963 καὶ
464 907 607 977 πρὸς
618 902 1001 988 τὴνέρφανίαν
1024 899 1133 953 τῶν
1162 897 1368 951 παίδων
1394 892 1659 964 βασιλέως
1685 890 1916 955 ἀπιδὼν,

351 1003 444 1056 καὶ
476 999 704 1071 χηρείαν
726 982 858 1067 ⁷τὴν
890 993 1131 1060 ἐκείνης,
1186 992 1281 1042 καὶ
1319 988 1394 1049 ὡς
1428 987 1662 1057 μάλιστα
1717 982 1920 1051 πολλῆς

353 1092 562 1144 δέονται
582 1090 682 1158 τῆς
707 1085 1043 1157 προστασίας
1064 1084 1132 1152 ἣν
1148 1080 1249 1149 ἐμὲ
1274 1080 1481 1131 δίκαιον
1506 1072 1917 1128 ἐπιδείκνυσθαι

352 1182 509 1246 ἀξίας
551 1180 766 1250 βασιλεῖ
791 1177 893 1246 τῆς
925 1176 1109 1245 φιλίας
1135 1174 1367 1244 χάριτας
1394 1171 1494 1239 τὴν
1521 1170 1599 1230 εἰς
1634 1169 1759 1227 τοὺς
1792 1166 1921 1218 παῖε

353 1275 449 1338 δας
492 1272 810 1326 ἀποδιδόντα
855 1268 1203 1338 κηδεμονίαν,
1245 1264 1347 1318 κᾶν
1376 1265 1422 1316 εί
1457 1260 1708 1331 μέλλοιμι
1740 1258 1921 1311 κινδύ-

354 1382 465 1427 νοις
500 1364 879 1434 περιπίπτειν,
931 1359 1241 1427 ἐπειθόμην-
1286 1357 1385 1426 μέν
1418 1370 1433 1385 ·
1483 1355 1543 1405 οὐ
1586 1352 1692 1422 μὴν
1750 1349 1926 1411 οὕτως

352 1457 800 1525 ἀπερισκέπτως,
855 1452 983 1505 ὥσθ’
1031 1452 1258 1521 ὕστερον
1307 1448 1431 1502 τινὰ
1489 1442 1927 1517 καταγινώσκειν

356 1549 498 1620 ἔχειν
521 1548 800 1604 ἀδουλίαν.
835 1546 998 1598 Ἀλλά
1023 1545 1118 1597 καὶ
1147 1542 1488 1611 πατριάρχου
1517 1537 1924 1606 συμπαρόντος,

357 1640 528 1717 πρλλά
585 1640 855 1709 πρότερον
905 1634 1209 1704 διειλέχθην
1269 1631 1502 1702 βασιλίδι
1556 1630 1685 1699 περὶ
1716 1627 1808 1681 τοῦ
1838 1625 1929 1698 ,μὴ

355 1733 465 1786 δεῖν
508 1731 800 1802 προσέχειν
852 1728 1247 1797 συκοφάνταις,
1284 1723 1335 1777 οἳ
1386 1721 1576 1775 πολλοὶ
1629 1720 1929 1791 φυήσονται

258 1860 261 1861 ν
358 1824 613 1887 διαϐολὰς
641 1825 736 1878 καὶ
772 1822 1148 1892 συκοφαντίας
1179 1817 1303 1872 κατ’
1327 1816 1464 1883 ἐμοῦ
1498 1814 1927 1891 συρράπτοντες.

359 1917 434 1968 Οὐ
467 1915 576 1987 γὰρ
611 1916 763 1970 ἐάσει
801 1932 865 1983 γε
905 1917 932 1967 ὁ
986 1913 1179 1982 φθόνος
1212 1911 1465 1981 ἠρεμεῖν,
1499 1906 1620 1960 ἀλλ’
1655 1905 1704 1957 εί
1748 1903 1849 1974 μέν
1878 1920 1929 1955 τι

358 2005 603 2060 τοιοῦτον
636 2007 1016 2076 κατηγοροῖεν,
1073 2006 1255 2057 ὁποῖον
1289 2003 1355 2056 ἂν
1388 2001 1484 2055 καὶ
1516 1998 1687 2069 αὐτὴν
1723 1998 1787 2050 ἐκ
1818 1996 1929 2048 τῶν

359 2098 672 2166 λεγομένων
722 2096 784 2150 τὸ
816 2096 1013 2167 ψεῦδος
1047 2095 1300 2157 συνιδεῖν,
1335 2090 1762 2161 ἀποπέμπεσθαι
1798 2089 1933 2158 πρὸς

363 2189 556 2259 ὀργὴν,
587 2189 680 2241 καὶ
706 2191 888 2256 μισεῖν
909 2188 1035 2250 τοὺς
1067 2186 1430 2255 συκοφάντας.
1470 2184 1569 2237 Ἂν
1605 2181 1650 2235 δ’
1686 2180 1938 2249 ἐφάπτη-

363 2291 455 2327 ται
503 2274 600 2345 τῆς
635 2274 814 2345 ψυχῆς
873 2276 966 2328 καὶ
1018 2274 1354 2345 ἀμφιϐολίαν
1410 2273 1634 2343 ἐμποιῇ,
1699 2269 1772 2339 μὴ
1827 2270 1934 2339 ἄρα

366 2366 642 2436 ἀληθῆτά
691 2365 1117 2438 κατηγορημένα
1165 2368 1274 2435 είη,
1334 2365 1407 2434 μὴ
1459 2362 1934 2432 καταψηφίζεσθαι

367 2458 590 2523 αὐτίκα,
622 2459 759 2530 μηδὲ
790 2459 927 2529 πρὸς
956 2459 1014 2511 τὸ
1049 2456 1355 2529 ἀμύνεσθαι
1398 2457 1619 2525 χωρεῖν,
1650 2452 1784 2506 ἁλλά
1835 2469 1933 2504 καί

369 2551 482 2603 λεῖν
542 2553 636 2603 ἐπὶ
693 2551 790 2621 τὴν
844 2550 1022 2620 δίκην,
1080 2550 1175 2602 καὶ
1236 2548 1429 2618 καιρὸν
1485 2540 1750 2616 παρέχειν
1801 2543 1937 2613 πρὸς

369 2640 689 2709 ἀπολογίαν.
713 2641 829 2694 Κᾶν
861 2641 959 2722 μὲν
979 2641 1176 2694 ἀδικῶν
1202 2642 1294 2693 καὶ
1312 2638 1587 2707 ἐπιορκῶν
1602 2638 1937 2706 ἐλέγχωμαι,

373 2733 575 2786 διδόναι
598 2733 753 2795 δίκας
786 2750 799 2765 ο
838 2732 903 2786 ἂν
935 2733 979 2785 δ’
1001 2730 1419 2801 ἀπολύωμαιτά
1447 2728 1791 2798 ἐγκλήματα,
1815 2730 1941 2790 τοὺς

375 2826 718 2896 κατηγόρους
773 2825 919 2879 τοῦτ’
948 2826 1089 2894 ὅπερ
1121 2825 1259 2877 είσὶν
1294 2824 1544 2893 ἡγεῖσθαι
1575 2821 1940 2888 συκοφάντας.

383 2915 452 2971 Ἦ
485 2917 697 2987 βασιλὶς
740 2917 839 2987 μὲν
876 2912 968 2970 οὖν
999 2917 1137 2985 πρῦς
1165 2917 1287 2977 τοὺς
1315 2914 1510 2981 λόγους
1534 2914 1634 2965 οὐκ
1668 2903 1955 2975 ἐπείθετο,’

375 3012 498 3064 οὑδέ
522 3011 687 3064 δικῶν
717 3010 923 3078 ἔφασκε
975 3009 1069 3061 καὶ
1090 3009 1327 3078 ἐλέγχων
1347 3006 1482 3075 πρὸς
1508 3005 1607 3073 ἐμὲ
1628 3003 1942 3072 δεήσεσθαι,

378 3103 495 3155 ἀλλ’
529 3099 899 3155 ἀνυπεύθυνον
944 3101 1238 3170 παρείχετο
1286 3098 1385 3168 τὴν
1434 3097 1633 3166 ἀρχὴν.
1678 3095 1842 3163 Ἐμοῦ
1891 3093 1946 3146 δὲ

378 3195 479 3247 οὐκ
511 3194 775 3260 ἀνιέντος,
810 3193 946 3246 άλλά
992 3191 1318 3262 βιαζομένου
1364 3188 1461 3257 τὴν
1495 3186 1625 3257 περὶ
1665 3187 1762 3255 τῆς
1792 3187 1947 3252 δίκης

382 3288 740 3356 ἐπαγγελίαν,
804 3285 1050 3338 ἐπείθετο
1096 3283 1536 3351 ἀναγκασθεῖσα,
1601 3280 1697 3333 καὶ
1753 3279 2023 3355 ὅρκουςο

385 3375 635 3448 ἀλλήλοίς
668 3376 1044 3448 παρειχόμεθα
1078 3377 1170 3429 ἐπὶ
1198 3374 1291 3427 τοῦ
1330 3374 1692 3443 πατριάρχου,
1730 3371 1827 3441 τὴν
1857 3370 1953 3439 μὲν

392 3471 666 3541 μηδεμίαν
719 3472 839 3523 κατ’
896 3469 1030 3540 ἐμοῦ
1097 3470 1374 3536 ἀπόφασιν
1440 3466 1748 3532 ἐξενεγκεῖν
1824 3479 1954 3516 ποτε

388 3564 711 3616 πεισθεῖσαν
731 3563 1121 3631 συκοφάνταις,
1152 3560 1268 3612 ἀλλ’
1304 3560 1395 3610 ἐπὶ
1422 3560 1519 3628 τὴν
1555 3558 1710 3627 δίκην
1746 3555 1953 3620 καλεῖν,

388 3656 487 3708 καὶ
521 3654 777 3724 ἐλέγχους
826 3651 1102 3705 ποιεῖσθαι
1160 3649 1269 3702 τῶν
1320 3649 1676 3717 ἀδικημάτων
1703 3663 1718 3678 ·
1759 3646 1857 3714 ἐμὲ
1902 3643 1959 3697 δὲ

392 3746 664 3816 μηδέποτε
702 3747 831 3815 περὶ
864 3745 1036 3814 αὐτὴν
1105 3742 1541 3812 ἀγνωμονήσειν,
1587 3738 1709 3808 μηδ’
1741 3736 1959 3789 ἐπιϐου-

389 3836 605 3889 λεύσειν
635 3837 771 3904 αὐτῇ
802 3835 896 3886 καὶ
920 3836 1032 3896 τοῖς
1066 3832 1224 3883 παισὶ
1271 3828 1403 3901 πρὸς
1431 3828 1528 3896 τὴν
1569 3827 1745 3896 ἀρχήν
1776 3841 1788 3854 ·
1824 3823 1959 3877 ἀλλὰ

395 3929 504 3981 πᾶν
530 3926 713 3979 ὁτιοῦν
755 3926 898 4001 ὑπέρ
926 3942 985 3978 τε
1021 3922 1201 3977 αὐτῶν
1234 3923 1328 3974 καὶ
1360 3920 1459 3989 τῆς
1484 3920 1638 3990 κοινῇ
1673 3917 1961 3977 Ῥωμαίων

396 4016 667 4085 ὠφελείας
708 4015 993 4085 πράττειν.
1022 4012 1166 4081 Ἐγὼ
1191 4011 1249 4064 δέ
1275 4011 1368 4063 καὶ
1391 4009 1596 4063 τούτων
1631 4010 1774 4062 οὕτω
1802 4024 1965 4061 κατε-

401 4108 813 4178 σκευασμένων,
850 4106 932 4159 ἔτι
956 4105 1056 4176 τὴν
1080 4105 1400 4173 γυναικείαν
1431 4101 1617 4161 δεδιὼς
1651 4100 1962 4165 ἀσθένειαν,

404 4202 481 4273 μὴ
504 4202 599 4272 οὐχ
627 4200 716 4254 οἵα
730 4218 789 4253 τε
885 4190 1027 4251 οὕτω
1061 4189 1543 4267 μεγαλοφροσύνην
1571 4194 1667 4247 καὶ
1688 4193 1967 4262 λογισμῶν

404 4292 815 4346 ἐπιδείκνυσθαι
841 4289 1184 4361 περιουσίαν,
1220 4286 1336 4340 ἀλλ’
1371 4286 1671 4353 ἀπατηλοῖς
1698 4285 1792 4338 καὶ
1817 4301 1970 4354 περι-

402 4386 589 4456 έργοις
626 4384 827 4451 λόγοις,
880 4383 975 4436 καὶ
1007 4379 1398 4449 συκοφαντίαις
1445 4376 1790 4446 παραχθεῖσα
1833 4375 1971 4445 πρὸς

405 4475 497 4528 τὸν
532 4474 653 4528 κατ’
687 4473 820 4543 ἐμοῦ
851 4472 1086 4543 πόλεμον
1115 4470 1332 4541 ὁρμηθῇ
1380 4470 1413 4538 ἡ
1461 4467 1673 4535 βασιλὶς
1698 4507 1711 4530 ,
1745 4467 1835 4520 τὸν
1870 4485 1974 4520 πα-

405 4568 675 4638 τριάρχην
711 4567 873 4636 μόνον
898 4563 1254 4635 παραλαϐὼν,
1284 4563 1378 4615 καὶ
1407 4560 1619 4613 πολλῶν
1649 4561 1972 4630 ὑπομνήσας

2017 712 2232 755 omnem
2299 692 2582 747 rudentem
2641 695 2879 740 movere,
2940 689 3047 746 quo
3114 685 3201 725 me
3256 669 3324 722 ad
3375 664 3590 735 imperii

2018 788 2369 842 moderamen
2421 781 2724 832 revocaret.
2763 771 2938 837 Atque
2977 766 3205 817 istarum
3260 770 3443 810 rerum
3469 768 3589 805 eni-

2021 879 2176 931 nium
2243 876 2361 943 ipse
2407 877 2522 925 erat
2602 857 2994 918 internuntius.
3059 851 3342 905 Postremo
3405 842 3592 897 multis

2020 963 2369 1020 sermonibus
2410 959 2527 1022 ejus
2561 956 2924 1021 expugnatus,
2958 941 3304 1005 filiorumque
3334 933 3593 991 orbitate,

2020 1069 2071 1111 et
2117 1055 2263 1108 illius
2325 1049 2587 1106 viduitate
2640 1039 3020 1097 considerata,
3077 1030 3279 1102 quibus
3351 1025 3599 1091 utrisque

2022 1153 2275 1209 curator,
2332 1149 2386 1195 et
2454 1146 2718 1209 patronus
2781 1139 3113 1197 magnopere
3165 1129 3314 1174 esset
3343 1129 3600 1171 necessao

2026 1236 2178 1299 rius,
2252 1245 2412 1300 quem
2478 1241 2565 1280 me
2633 1222 2736 1275 illis
2817 1224 3078 1288 praestare
3136 1220 3352 1278 aequum
3399 1203 3597 1264 foret,

2023 1326 2186 1399 605
2229 1296 2283 1377 si
2313 1320 2506 1374 vellem
2541 1309 2981 1371 sollicitudinem,
3012 1311 3070 1359 et
3094 1313 3280 1356 curam
3312 1296 3472 1351 istam
3510 1307 3603 1346 er-

2025 1434 2089 1490 ga
2123 1416 2279 1479 filios,
2312 1409 2566 1465 amicitiae
2610 1404 2809 1476 gratias
2856 1392 3171 1466 imperatori
3219 1394 3436 1443 mortuo
3473 1398 3600 1453 per-

2026 1461 2089 1490 o"
2123 1461 2279 1479 """Vr
2313 1461 2417 1465 “"'—
2461 1461 2492 1462 ⁷⁷
2612 1461 2640 1476 υ
2938 1461 2949 1466 -

2026 1509 2236 1565 solvere
2268 1521 2282 1558 :
2319 1512 2630 1572 quanquam
2684 1503 2964 1547 cernerem
2997 1484 3196 1554 quibus
3225 1492 3313 1532 me
3345 1461 3631 1546 periculis

2028 1601 2381 1671 objectarem,
2443 1603 2637 1645 manus
2684 1583 2832 1646 dedi,
2880 1579 2978 1633 etsi
3034 1590 3139 1628 non
3181 1571 3254 1624 ita
3304 1563 3608 1635 improvide

2030 1700 2090 1745 ut
2141 1688 2430 1758 quisquam
2487 1689 2676 1751 postea
2715 1665 3195 1729 inconsiderantiae
3245 1675 3333 1715 me
3381 1670 3611 1723 arguere

2033 1746 2235 1852 posset.
2274 1746 2415 1844 Quin
2452 1746 2508 1828 et
2537 1771 2795 1826 audiente
2842 1758 3154 1834 patriarcha
3206 1751 3391 1807 verbis
3437 1746 3612 1817 pluri-

2035 1876 2137 1927 bus
2187 1865 2591 1941 imperatricem
2623 1857 2809 1915 monui
2860 1868 2933 1908 ne
2982 1840 3481 1904 calumniatoribus,
3519 1837 3614 1905 qui

1964 1952 2006 2011 Β
2037 1978 2146 2017 non
2206 1956 2367 2030 pauci
2416 1962 2604 2011 essent
2650 1945 2942 2009 emersuri,
2987 1950 3039 1995 et
3095 1933 3378 1992 mendacia
3425 1938 3617 1985 contra

2042 2069 2126 2108 me
2156 2047 2438 2107 consuturi
2460 2045 2608 2115 (quia
2635 2039 2889 2095 videlicet
2917 2032 3118 2088 invidia
3144 2043 3253 2082 non
3283 2040 3378 2079 eos
3410 2022 3619 2076 sineret

2040 2140 2349 2213 quiescere)
2385 2151 2548 2191 aures
2580 2135 2755 2189 daret.
2809 2127 2916 2182 Sed
2965 2125 3008 2180 si
3064 2120 3195 2190 quid
3242 2112 3509 2185 ejusmodi
3561 2111 3619 2162 in

2042 2251 2129 2289 nte
2159 2195 2502 2292 accusarent,
2535 2222 2680 2296 quod
2723 2232 2779 2276 et
2812 2220 2905 2273 illa
2935 2217 3083 2271 dictu
3116 2195 3616 2270 falsum'intelligc:

2045 2335 2145 2387 ret,
2177 2339 2299 2377 cum
2337 2319 2620 2375 stomacho
2651 2311 3056 2368 accusationem
3082 2302 3356 2371 rejiceret,
3378 2311 3442 2351 ac
3463 2309 3621 2365 syco-

2047 2416 2277 2484 phantas
2325 2411 2553 2464 odisset.
2591 2406 2687 2459 Sin
2723 2410 2904 2456 autem
2956 2398 3277 2466 penetraret
3326 2387 3447 2456 ejus
3496 2384 3621 2437 ani-

2048 2515 2218 2564 mum,
2256 2507 2311 2552 et
2359 2494 2757 2551 dubitationem
2806 2487 3048 2549 haberet,
3100 2495 3167 2533 an
3220 2490 3411 2531 verum
3453 2480 3625 2534 esset,

2050 2563 2555 2658 quoddcferretur,
2592 2597 2663 2635 ne
2696 2578 2842 2633 illico
2876 2576 3187 2633 damnaret,
3224 2582 3329 2621 neu
3361 2565 3429 2619 ad
3462 2563 3624 2616 ultio-

2052 2696 2176 2735 nem
2224 2676 2680 2747 progrederetur;
2738 2668 2833 2723 sed
2878 2663 3088 2735 judicio
3122 2664 3444 2716 arcesseret,
3483 2663 3623 2707 tem-

2054 2743 2265 2840 pusque
2294 2743 2358 2820 ad
2389 2762 2764 2820 defensionem
2790 2752 3186 2826 praescriberet.
3219 2748 3298 2801 Ac
3327 2746 3370 2799 si
3406 2743 3627 2813 quidem

2057 2860 2354 2930 improbus,
2398 2871 2461 2911 ac
2516 2853 2768 2924 perjurns
2824 2846 3121 2909 invenirer,
3166 2854 3352 2911 poenas
3405 2837 3634 2898 darem;

2058 2953 2141 3007 sin
2205 2946 2616 3004 criminationes
2687 2939 3063 2996 dissolverem,
3139 2937 3486 2986 accusatores
3574 2924 3630 2977 id

2057 3042 2202 3112 quod
2263 3047 2466 3097 essent.
2525 3034 2870 3105 syc0phantae
2930 3026 3213 3089 nimirum,
3271 3012 3629 3074 haberentur.

2056 3132 2371 3201 Imperatrix
2413 3130 2517 3181 hae
2566 3127 2811 3178 oratione
2856 3118 2992 3174 nihil
3033 3123 3198 3175 mota,
3246 3112 3390 3165 haud
3422 3107 3632 3176 judicio

2060 3232 2113 3278 et
2146 3219 2557 3291 probationibus
2587 3216 2995 3267 adversum-mc
3040 3219 3179 3274 opus
3211 3216 3330 3256 esse
3363 3199 3537 3262 dixit;
3576 3206 3634 3250 et

2058 3313 2266 3383 imperii
2299 3307 2743 3380 gubernationem
2778 3303 2850 3355 ita
2886 3297 3143 3361 reddidit,
3178 3302 3237 3348 ut
3266 3308 3294 3345 a
3325 3287 3637 3344 referendis

2060 3402 2363 3456 rationibus
2397 3397 2611 3466 penitus
2658 3406 2743 3444 me
2797 3387 3125 3443 absolveret.
3174 3380 3256 3433 Me
3290 3392 3419 3430 vero
3448 3386 3634 3442 perse-

2060 3499 2288 3548 verante
2338 3498 2392 3541 et
2457 3492 2704 3554 urgente,
2736 3489 2798 3534 ut
2838 3476 3101 3547 judicium
3145 3468 3504 3541 promitteret,
3540 3476 3638 3514 no-
3702 3509 3717 3521 ,

2062 3588 2184 3641 lens
2216 3581 2446 3644 annuit;
2480 3586 2535 3632 et
2580 3573 2819 3629 vicissim
2854 3575 3127 3639 przesente
3156 3556 3462 3633 patriarcha
3486 3555 3636 3624 jura-

2066 3678 2263 3739 vimus,
2309 3674 2421 3743 ipsa
2454 3668 2700 3739 quidem,
2733 3674 3012 3731 nunquam
3058 3654 3297 3725 impulsu
3332 3648 3639 3722 sycophan-

2066 3780 2243 3824 tarum
2278 3772 2468 3819 eontra
2514 3774 2601 3814 me
2647 3754 2975 3813 sententiam
3011 3745 3509 3820 pronuntiaturam,
3543 3737 3636 3791 sed
3680 3746 3685 3749 '

2066 3853 2422 3924 probationes
2473 3847 2771 3902 criminum
2808 3839 3212 3909 requisituram,
3263 3840 3317 3886 et
3360 3826 3640 3900 judicibus

2066 3960 2180 3998 rem
2215 3944 2481 4011 integram
2517 3943 2956 3997 reservaturam;
3002 3942 3100 3998 ego
3148 3934 3331 3979 autem
3363 3931 3640 3986 nunquam

2068 4036 2119 4087 ei
2143 4033 2391 4102 iniquum
2424 4028 2691 4090 futurum,
2723 4037 2898 4092 neque
2922 4019 3026 4089 ipsi
3053 4026 3107 4072 et
3129 4013 3315 4070 liberis
3339 4012 3459 4081 ejus
3485 4021 3646 4078 prop-

2071 4139 2152 4182 ter
2208 4123 2498 4194 impcrium
2551 4118 2780 4174 insidias
2833 4114 3187 4169 moliturum;
3249 4103 3347 4161 sed
3403 4099 3642 4171 quidvis,

2070 4216 2215 4283 quod
2243 4231 2311 4269 ex
2356 4214 2475 4281 ejus
2512 4226 2636 4274 usu,
2683 4217 2739 4262 et
2789 4203 3065 4275 republica
3102 4199 3194 4261 sit,
3235 4200 3645 4262 suscepturum.

2075 4282 2170 4360 llis
2207 4306 2279 4359 ita
2308 4303 2495 4375 gestis,
2528 4301 2707 4355 adimo
2734 4298 3058 4352 muliebrem
3093 4290 3241 4345 illius
3270 4282 3647 4340 inﬁrmitatem

2075 4400 2301 4462 veritus,
2353 4411 2421 4450 ne
2475 4394 2685 4449 scilicet
2753 4403 2948 4463 parum
3019 4391 3286 4453 praestans
3339 4375 3651 4432 excelsitate

2073 4490 2266 4554 animi,
2304 4497 2358 4541 et
2406 4484 2719 4539 maturitate
2764 4476 3002 4539 consilii,
3052 4470 3328 4528 fallacibus
3377 4476 3433 4522 et
3481 4464 3651 4518 artifi-

2081 4581 2246 4637 ciosis
2279 4575 2734 4636 calumniatorum
2782 4568 2969 4623 delusa
3012 4560 3376 4620 sermonibus,
3433 4555 3498 4608 ad
3535 4553 3652 4607 bel-

409 4663 865 4736 εὐεργετημάτων
890 4618 1263 4731 ὐπηργμένων
1284 4660 1413 4727 παρ’
1436 4655 1596 4726 ἐμοῦ,
1615 4618 1806 4710 ἔπειτα
1835 4618 1955 4709 ὲιδεό

2081 4618 2246 4637 ειυς...
2279 4618 2734 4636 ν.............-ν--..-
2786 4618 2932 4623 ___“
3025 4618 3030 4619 ,

2088 4678 2194 4727 lum
2229 4679 2418 4726 contra
2448 4680 2535 4720 me
2561 4665 2882 4730 insurgeret,
2915 4670 3038 4712 cum
3070 4648 3374 4724 patriarcha
3409 4660 3654 4700 seorsum

390 4775 521 4856 ⁸μην
551 4756 658 4810 τῶν
690 4755 828 4823 ὑπὲρ
861 4753 997 4827 ἐμοῦ
1030 4751 1254 4805 δικαίων
1291 4750 1551 4819 ἔχεσθαι·
1588 4749 1682 4801 καὶ
1742 4747 1978 4818 βασιλίδι

414 4849 724 4917 παραινεῖν,
762 4845 884 4897 ἐπεὶ
936 4845 1174 4895 συνεῖναι
1220 4841 1311 4894 τὸν
1349 4840 1526 4894 πάντα
1561 4841 1752 4909 χρόνον
1796 4837 1981 4908 μέλλει

415 4940 695 5009 Βυζαντίῳ
722 4936 1096 5004 ἐνδιατρίϐων,
1135 4933 1209 5005 μὴ
1242 4931 1527 4986 πείθεσθαι
1552 4934 1663 4993 τοῖς
1706 4930 1982 4999 συκοφάν-

416 5048 559 5096 ταις,
604 5028 739 5100 μηδέ
769 5027 877 5096 πρὸ
897 5025 1051 5094 δίκης
1082 5023 1217 5093 ἐμοῦ
1246 5021 1747 5091 καταψηφίζεσθαι,
1781 5024 1854 5084 ὡς
1877 5021 1978 5088 τῆς

419 5128 485 5180 ἐκ
504 5124 697 5179 τούτου
725 5119 990 5192 ὠφελείας
1017 5118 1119 5171 οὐκ
1141 5117 1221 5177 είς
1257 5115 1417 5186 μόνον
1450 5114 1552 5182 ἐμὲ
1575 5113 1982 5180 δίαϐαινούσης,

420 5218 536 5273 ἀλλ’
575 5219 654 5279 είς
688 5214 936 5275 ἅπαντας
965 5215 1119 5279 κοινῇ
1162 5206 1489 5276 Ῥωμαίους.
1537 5205 1627 5259 Ὠν
1658 5205 1866 5259 δίκαιον
1893 5204 1990 5256 αὐ-

423 5316 516 5368 τὸν
553 5312 811 5367 ἁπάντων
843 5308 1113 5378 προνοεῖν,
1155 5301 1394 5372 ποιμένα
1427 5300 1520 5353 καὶ
1568 5297 1843 5367 κηδεμόνα
1895 5294 1991 5347 καὶ

425 5405 743 5461 διδάσκαλον
766 5401 874 5455 ὑπὸ
897 5397 1033 5452 Θεοῦ
1057 5379 1595 5465 κεχειροτονημένον.
1637 5391 1701 5442 ’Ὀ
1726 5387 1769 5440 δ’
1791 5387 1993 5440 αὐτίκα

428 5500 645 5568 ὤμνυεν
678 5492 941 5557 ἀναστὰς,
978 5490 1051 5552 ὡς
1087 5486 1240 5541 οὐδὲν
1284 5479 1448 5555 ἦττον
1495 5482 1528 5551 ἢ
1578 5480 1762 5549 πατὴρ
1801 5478 1996 5540 παιδὸς

432 5589 758 5662 προνοήσειε
804 5584 1030 5654 γνησίου
1060 5597 1074 5613 ·
1122 5580 1221 5632 καὶ
1254 5576 1360 5631 τῶν
1403 5574 1543 5645 ὑπὲρ
1590 5571 1725 5643 ἐμοῦ
1769 5571 1997 5624 δικαίων

431 5660 606 5745 οῦτως
639 5676 947 5741 ἀνθέξεται,
991 5672 1181 5742 ῶσπερ
1235 5672 1300 5723 ἂν
1343 5668 1392 5719 εί
1441 5665 1603 5728 αὐτὸς
1658 5663 1859 5732 παρῆν,
1904 5660 2000 5714 καὶ

434 5774 562 5837 τοὺς
615 5768 983 5838 συκοφάντας,
1014 5763 1067 5817 εί
1117 5778 1262 5824 τινες
1312 5758 1549 5828 ὀφθεῖεν,
1608 5755 1848 5825 μάλιστα
1904 5752 2003 5821 μέν

439 5862 762 5932 ἀπελέγξειν
806 5856 1194 5928 ψευδομένους,
1245 5853 1339 5905 καὶ
1379 5849 1545 5903 παντὶ
1602 5847 1778 5899 σθένει
1813 5845 1914 5913 τῆς
1942 5844 2005 5894 ἐκ

444 5959 648 6011 τούτων
690 5953 893 6023 βλάϐης
942 5948 1237 6018 ἀπείρατον
1280 5941 1651 6013 διατηρήσειν.
1704 5938 1763 5988 Εἰ
1813 5935 1855 5986 δ’
1891 5930 2002 5998 οὖν,

2084 4756 2211 4834 egi;
2252 4758 2571 4816 meritorum
2606 4769 2635 4806 a
2669 4766 2758 4805 me
2805 4749 2951 4803 ultro
2992 4743 3067 4800 illi
3123 4738 3490 4812 praestiterum
3543 4748 3656 4787 trc-

2088 4854 2316 4908 moriam
2351 4849 2401 4904 ei
2446 4859 2739 4919 renovans,
2773 4849 2829 4896 et
2880 4851 3043 4893 orans
3091 4834 3165 4887 nti
3220 4844 3438 4886 causam
3479 4840 3656 4881 meam

2088 4955 2333 5001 tueretur
2363 4960 2379 5007 ;
2411 4951 2466 4995 et
2499 4939 2821 5009 Augustam,
2871 4943 2976 4998 qua
3014 4939 3138 4982 cum
3174 4919 3410 4992 Byzantii
3446 4923 3655 4982 semper

2088 5044 2234 5093 esset
2257 5035 2526 5095 victurus,
2557 5028 2877 5083 admoneret
2910 5036 2981 5074 ne
3015 5011 3367 5088 sycophantis
3390 5007 3656 5067 crederet,

2091 5144 2229 5184 neve
2275 5135 2399 5179 ante
2450 5122 2716 5193 judicium
2770 5129 2855 5168 me
2911 5110 3323 5168 condemnaret,
3359 5097 3576 5169 quando
3609 5095 3663 5148 id

2028 5249 2043 5263 κ
2092 5235 2201 5274 non
2235 5214 2370 5272 mihi
2415 5213 2539 5277 soli,
2587 5209 2681 5264 sed
2715 5207 3086 5260 Romanorum
3138 5189 3480 5250 universitati
3529 5201 3687 5256 quo--

2094 5326 2201 5381 que
2259 5306 2605 5376 profuturum
2659 5306 2839 5361 esset;
2900 5293 3113 5362 quibus
3162 5284 3415 5340 omnibus
3463 5280 3551 5334 ille
3609 5286 3664 5329 ιι*

2096 5366 2304 5471 pastor,
2343 5404 2400 5451 et
2429 5402 2597 5457 tutor,
2646 5397 2702 5443 et
2735 5384 2990 5457 magister
3019 5396 3049 5434 a
3087 5378 3197 5431 Deo
3226 5375 3456 5433 electus,
3490 5366 3670 5438 provi-

2099 5493 2229 5547 dere
2282 5497 2444 5557 atque
2484 5481 2772 5539 consulere
2820 5475 3062 5529 deberet.
3116 5468 3207 5521 Ille
3237 5481 3266 5518 e
3303 5464 3500 5519 throno
3548 5474 3671 5511 sur-

2101 5598 2257 5655 gens,
2292 5594 2419 5633 mos
2462 5574 2703 5629 vicissim
2744 5566 2965 5638 iurabat
3011 5574 3120 5613 non
3153 5556 3331 5611 minus
3360 5565 3520 5619 quam
3575 5563 3674 5614 pa-

2103 5637 2311 5729 rentem
2362 5682 2460 5738 pro
2510 5673 2767 5737 germano
2826 5656 2934 5709 lilio
2995 5649 3282 5706 sollicitum
3335 5642 3469 5704 fore,
3512 5637 3677 5707 606

2104 5777 2159 5823 et
2185 5766 2276 5836 jus
2322 5777 2501 5817 meum
2540 5757 2611 5810 ita
2644 5751 3023 5809 defensurum,
3058 5751 3117 5795 ut
3166 5740 3209 5794 si
3255 5738 3369 5803 ipse
3402 5732 3673 5790 adessem,

2109 5860 2303 5915 melius
2337 5869 2444 5908 non
2486 5861 2701 5922 possem
2727 5861 2741 5909 ;
2773 5840 3267 5912 sycophantasqnc,
3305 5827 3346 5880 si
3378 5824 3469 5894 qui
3501 5821 3680 5890 prodi-

2113 5959 2255 6015 rent,
2307 5958 2362 6002 nt
2411 5942 2701 6000 mendaces
2736 5930 3136 5990 manifedarios
3177 5909 3391 5995 egregie
3437 5911 3684 5971 confuta»
