4048 6480
497 469 637 540 1143

1670 484 1999 546 JOANNIS
2036 481 2571 547 CANTACUZENI

3615 490 3736 555 iiii

487 601 694 648 turum.
727 591 784 648 Si
829 591 882 651 id
924 610 1033 649 non
1069 596 1261 666 possit,
1299 597 1402 664 hoc
1430 598 1649 668 quidem
1677 600 1841 669 plane
1870 599 2059 655 obten-

2170 598 2307 652 ἀλλά
2341 596 2499 650 τοῦτό
2533 612 2598 665 γε
2651 595 2873 661 πάντως
2918 597 3044 668 ἐμοὶ
3082 597 3373 669 φυλάξειν,
3410 600 3472 656 τὸ
3532 602 3606 673 μὴ
3649 604 3739 674 πρὸ

488 691 694 749 turum,
728 699 796 740 ne
831 685 1035 741 indicta
1065 702 1228 743 causa
1261 688 1683 744 condemnarcr.
1715 689 1963 759 Cumque
1998 689 2066 744 de

486 768 680 828 iisdem
714 774 878 829 etiam
915 776 1241 841 secundum,
1274 783 1329 831 et
1364 777 1583 831 tertiqu
1631 776 1774 831 inter
1825 791 1927 832 nos
1966 790 2065 830 ne-

484 865 728 921 cessario
755 865 1217 935 colluqueremur,
1254 867 1414 923 toties
1448 867 1618 931 idem,
1649 884 1757 922 non
1794 868 1974 922 solum
2006 874 2066 920 ut

485 958 765 1021 sacerdos,
818 959 913 1012 sed
963 966 1021 1012 ut
1075 957 1339 1028 profanus
1393 973 1612 1029 quoque
1657 958 1897 1029 jurabat.
1965 956 2065 1013 Hic

484 1052 653 1123 igitur
698 1051 1083 1121 suspiciendus
1125 1050 1355 1122 iustitia;
1409 1060 1699 1121 patronus.
1741 1059 1795 1104 et
1854 1059 2063 1111 custos,

482 1145 800 1216 prittsquam
830 1144 948 1201 dies
976 1148 1164 1200 decem
1195 1154 1319 1215 post
1350 1158 1531 1198 meum
1566 1142 1825 1215 Byzantio
1858 1142 2065 1197 disces-

482 1251 609 1292 sum
635 1237 942 1303 eminerent,
989 1254 1017 1290 a
1062 1238 1321 1307 praefecto
1366 1237 1607 1294 cubiculi
1645 1250 2061 1305 persuasusme

436 1348 445 1365 ί
482 1328 661 1397 ipsum
693 1329 761 1384 de
797 1330 997 1385 throno
1029 1331 1324 1385 deturbare
1352 1330 1511 1396 velle,
1547 1338 1603 1384 et
1629 1327 1901 1384 Palamam
1937 1329 2067 1383 sub-

480 1419 865 1485 introdncere;
951 1439 1270 1493 quanquam
1334 1422 1641 1478 luculenter
1720 1422 1887 1477 sciret
1944 1437 2067 1477 esse

480 1529 689 1568 meram
736 1515 1093 1581 calumniam,
1138 1515 1283 1571 bello
1335 1515 1461 1570 huic
1494 1512 1824 1585 principium
1855 1514 2062 1569 attulit.

483 1602 556 1662 Ut
605 1615 789 1661 autem
822 1622 998 1661 meam
1036 1609 1088 1661 in
1114 1623 1198 1674 se,
1230 1623 1394 1677 quam
1441 1608 1686 1677 putabat,
1718 1606 2064 1676 iniquitatem

480 1697 795 1767 puniretur,
829 1698 1231 1768 imperatricem
1262 1714 1477 1769 quoque
1513 1698 1604 1770 (id
1630 1698 1776 1769 quod
1801 1698 1941 1753 alius
1966 1713 2065 1753 ne-

480 1803 573 1841 mo
600 1787 891 1857 potuisset)
921 1788 1156 1859 decepit,
1195 1799 1250 1844 et
1281 1805 1429 1844 arma
1457 1788 1761 1855 suscitavit,
1789 1789 1926 1859 proh
1968 1788 2066 1845 duo

482 1877 585 1945 lor,
621 1880 686 1946 is,
718 1881 811 1951 qui
842 1880 965 1936 aliis
991 1896 1183 1951 pacem
1214 1891 1389 1947 curat,
1452 1881 1667 1953 pacifici
1695 1891 1751 1937 et
1785 1882 2062 1937 mansueti

394 2021 419 2041 ,
480 1972 728 2044 magistri
790 1974 1132 2041 discipulus;
1187 1990 1367 2044 neque
1440 1975 1831 2051 jusjurandum
1902 1975 2065 2031 toties

480 2066 799 2135 nuperrime
843 2067 1089 2137 juratum
1136 2068 1410 2123 reveritus
1431 2108 1447 2135 ,
1482 2082 1662 2138 neque
1690 2067 2064 2123 Romanorum

480 2157 869 2222 calamitatem,
906 2172 1071 2228 quam
1114 2158 1254 2213 bello
1300 2160 1614 2229 perpessuri
1657 2166 1845 2214 essent
1875 2172 2061 2212 secum

478 2247 766 2321 cogitans;
799 2248 896 2305 sed
928 2263 1097 2304 unum
1128 2248 1230 2303 hoc
1273 2249 1540 2304 duntaxat
1575 2249 1680 2305 sibi
1731 2262 2064 2319 proponens,

482 2346 546 2394 ut
578 2355 666 2395 me
696 2339 983 2395 innoxium
1011 2355 1043 2394 e
1070 2339 1253 2395 medio
1284 2340 1532 2396 tolleret:
1562 2355 1665 2395 nec
1695 2354 1870 2410 usque
1898 2339 2067 2394 hodie

480 2431 803 2487 insidiarum
837 2438 893 2486 et
922 2431 1386 2488 obtrectationum
1450 2435 1677 2488 satietas
1712 2433 1864 2488 illum
1893 2434 2065 2505 capit,

476 2522 609 2592 quin
639 2533 762 2592 post
778 2531 981 2579 tantam
1013 2524 1336 2581 eﬂusionem
1368 2525 1670 2596 sanguinis,
1696 2536 1819 2595 post
1839 2525 2066 2581 miseros

479 2613 754 2670 Romanos
784 2617 838 2669 in
870 2616 1188 2671 servitutem
1207 2617 1533 2681 abstractos,
1563 2626 1687 2685 post
1705 2616 2063 2686 direptiones,

478 2719 544 2763 ac
565 2708 1369 2779 populationes,communeque
1384 2717 1439 2763 et
1456 2708 1899 2779 ultimum,prope
1918 2711 2067 2766 dixe-

479 2798 835 2864 rim,exitium
858 2814 967 2853 non
993 2798 1602 2864 adicommiserationom
1625 2800 1794 2855 ﬂexus
1816 2809 1895 2855 est
1917 2818 1929 2867 ;
1953 2815 2064 2855 non

477 2891 716 2961 aliquam
757 2890 1120 2946 humanitatis
1160 2892 1616 2963 signiﬁcationem
1660 2907 1788 2962 erga
1818 2893 2064 2963 perditos

395 2985 413 2998 ‘
476 2983 647 3048 dedit,
678 2985 772 3040 sed
797 2985 981 3039 omnia
1014 2985 1118 3052 illi,
1155 3002 1316 3056 quam
1365 3001 1468 3056 pax
1526 3000 1762 3052 mecum,
1803 2987 2065 3040 tolerabi-

477 3073 611 3131 liora
643 3076 887 3133 fuerunt.
916 3079 1083 3148 Atqui
1122 3079 1269 3134 dicet
1309 3078 1540 3134 fortasse
1567 3078 2061 3148 (quemadmodum

478 3169 666 3225 dicere
698 3169 850 3225 illum
879 3171 1066 3235 audio,
1097 3179 1159 3226 ut
1186 3160 1619 3242 imperatrici'ad
1645 3171 1848 3226 bellum
1879 3172 2058 3227 calcar

2168 688 2325 758 δίκης
2358 688 2876 759 καταψηφισθῆναι.
2916 691 3128 760 Δεῆσαν
3154 691 3209 745 δὲ
3254 692 3357 747 καὶ
3392 693 3475 758 δὶς
3507 695 3601 748 καὶ
3631 698 3736 766 τρὶς

2168 780 2301 851 περὶ
2327 779 2437 832 τῶν
2469 781 2653 833 αὐτῶν
2692 780 3072 852 διαλεχθῆναι,
3099 783 3440 848 τοσαυτάκις
3470 783 3647 856 ὤμνυε
3676 788 3735 841 τά

2168 871 2262 926 ἴσα
2287 874 2387 943 οὐχ
2430 871 2636 943 ἱερεῦσι
2666 874 2828 942 μόνον
2852 874 3158 944 πρέποντα,
3209 877 3356 931 ἀλλά
3385 878 3485 932 καὶ
3513 878 3736 942 ἰδιώταις
3803 892 3813 903 ·

2165 966 2369 1035 ὅρκων.
2413 965 2473 1018 '0
2519 962 2612 1019 οὖν
2657 966 2976 1036 θαυμαστὸς
3006 959 3163 1031 οὗτος
3198 958 3465 1040 κηδεμὼν
3513 971 3608 1024 καὶ
3652 971 3735 1024 τοῦ

2166 1057 2375 1111 δικαίου
2409 1056 2607 1125 φύλαξ,
2671 1058 2801 1126 πρὶν
2837 1057 2970 1110 δέκα
3029 1057 3247 1129 ἐξήκειν
3316 1061 3559 1130 ἡμέρας,
3611 1063 3741 1131 μετά

2166 1150 2267 1218 τὴν
2327 1149 2467 1220 ἐμὴν
2517 1150 2582 1200 ἐκ
2636 1147 2933 1212 Βυζαντίου
2983 1149 3449 1222 ἀναχώρησιντῷ
3479 1170 3734 1222 παρακοι-

2170 1239 2412 1310 μωμένφ
2470 1240 2717 1301 πεισθεὶς
2783 1244 3288 1313 συκοφαντήσαντι,
3353 1245 3437 1298 ὅτι
3495 1245 3738 1315 βούλομαι

2168 1332 2433 1400 κατάγειν
2463 1332 2625 1385 αὐτὸν
2652 1331 2747 1385 τοῦ
2785 1333 2999 1405 Θρόνου,
3034 1336 3130 1388 καὶ
3173 1335 3533 1404 ἀντεισάγειν
3564 1336 3731 1391 Παλα-

2170 1424 2300 1493 μάν,
2325 1423 2601 1477 ἐκίνειτδν
2642 1424 2911 1496 ἐμφύλιον
2938 1427 3176 1496 πόλεμον
3210 1429 3405 1492 αὐτός·
3437 1431 3736 1499 σαφέστατα

2116 1530 2121 1535 ·
2166 1514 2322 1579 εἰδὼς
2353 1515 2430 1579 ὡς
2471 1520 2826 1587 συκοφαντεῖ.
2867 1518 3237 1589 Ἀμυνόμενος
3279 1520 3343 1572 δέ
3396 1521 3502 1591 ἐμὲ
3547 1521 3640 1590 τῆς
3667 1523 3735 1585 εἰς

2164 1607 2347 1671 αὐτὸν,
2370 1606 2444 1669 ὡς
2469 1606 2630 1679 ᾤετο,
2650 1609 3067 1679 ἀγνωμοσύνης,
3098 1609 3196 1665 καὶ
3232 1610 3489 1681 βασιλίδα
3508 1612 3734 1680 ἐξηπάτα

2166 1699 2259 1752 ὑπ’
2295 1700 2509 1763 οὐδενὸς
2558 1701 2747 1771 ἐτέρου
2793 1701 3104 1772 δυναμένην
3140 1700 3304 1756 τοῦτο
3360 1704 3614 1774 πάσχειν,
3651 1704 3735 1756 καὶ

2166 1792 2259 1846 τὸν
2291 1792 2535 1862 πόλεμον
2568 1791 2761 1858 ἐκίνει,
2798 1793 2924 1862 φεῦ,
2971 1795 2999 1847 ὁ
3029 1793 3128 1864 τὴν
3161 1795 3398 1866 εἰρήνην
3434 1798 3547 1858 τοῖς
3574 1793 3733 1856 ἄλλοις

2169 1885 2453 1957 παρέχων,
2490 1885 2588 1939 καὶ
2635 1887 2731 1939 τοῦ
2782 1885 3063 1957 εἰρηνικοῦ
3112 1888 3210 1941 καὶ
3254 1886 3441 1958 πράου
3482 1885 3731 1957 μαθητής·

2172 1978 2314 2047 μήτε
2344 1977 2544 2047 ὅρκους
2574 1976 2867 2043 αἰδεσθεὶς,
2921 1977 3017 2042 οὒς
3073 1976 3202 2048 χθὲς
3236 1978 3337 2033 καὶ
3370 1979 3565 2048 πρώην
3605 1977 3734 2047 ὀμω-

2171 2066 2354 2137 μόκει,
2409 2067 2550 2137 μήτε
2588 2067 2686 2135 τῆς
2720 2066 3012 2138 Ῥωμαίων
3048 2068 3369 2138 συμφοράς,
3420 2062 3490 2139 ἧς
3530 2066 3734 2137 ἔμελλον

2170 2157 2259 2211 διὰ
2287 2156 2380 2212 τὸν
2415 2157 2654 2227 πόλεμον
2706 2157 3074 2230 πειράσεσθαι
3126 2158 3208 2220 εἰς
3259 2157 3477 2212 ἔννοιαν
3537 2155 3729 2210 ἐλθώνο

2166 2247 2306 2302 ἀλλά
2342 2249 2481 2319 πρὸς
2533 2248 2592 2302 ἐν
2645 2250 2810 2321 μόνον
2860 2250 3097 2322 βλέπων,
3125 2251 3280 2315 ὅπως
3330 2250 3432 2322 ἐμδ
3465 2249 3624 2321 ἀνέλῃ
3654 2248 3730 2301 τὸν

2167 2339 2322 2393 οὐδὲν
2354 2340 2676 2408 ἠδικηκότα.
2726 2342 2837 2395 Καὶ
2877 2342 3001 2395 ούδέ
3031 2343 3191 2412 μέχρι
3221 2341 3322 2395 νῦν
3357 2342 3520 2413 κόρον
3549 2341 3730 2410 ἔσχηκε

2169 2431 2279 2485 τῶν
2309 2430 2614 2487 ἐπιϐουλῶν
2661 2432 2757 2486 καὶ
2798 2436 3200 2501 συκοφαντιῶν,
3257 2434 3399 2489 ἀλλά
3451 2435 3547 2488 καὶ
3607 2431 3729 2502 μετὰ

2169 2524 2270 2594 τὴν
2299 2523 2575 2594 τοσαύτην
2607 2523 2716 2577 τῶν
2747 2524 3000 2595 αἱμάτων
3032 2525 3213 2596 χύσιν,
3251 2526 3352 2581 καὶ
3396 2525 3495 2597 τὴν
3542 2526 3727 2594 αἰχμα-

2166 2613 2371 2667 λωσίαν
2394 2614 2502 2667 τῶν
2529 2614 2811 2683 δυστυχῶν
2845 2614 3158 2684 Ῥωμαίων,
3185 2618 3284 2670 καί⁵
3302 2617 3401 2682 τὰς
3416 2614 3725 2687 διαρπαγὰς.

2167 2705 2264 2757 καὶ
2289 2706 2387 2768 τὰς
2410 2704 2731 2775 λεηλασίας,
2758 2707 2853 2759 καὶ
2881 2705 2980 2778 τὴν
3016 2708 3203 2778 κοινὴν
3240 2706 3636 2777 πανωλεθρίαν,
3661 2702 3726 2764 ὡς

2167 2796 2366 2861 εἰπεῖν,
2395 2796 2455 2850 ού
2482 2796 2619 2868 πρὸς
2638 2796 2787 2850 ἔλεον
2811 2798 3208 2868 κατεκάμφθηο
3233 2800 3358 2854 οὐδὲ
3386 2795 3565 2854 οἶκτον
3586 2794 3723 2850 ἔλασε

2158 2874 2287 2939 ’τινὰ
2302 2885 2412 2939 τῶν
2433 2887 2800 2957 ἀτυχούντων,
2821 2888 2957 2947 ἀλλὰ
2984 2889 3160 2942 πάντα
3185 2890 3391 2958 μᾶλλον
3412 2888 3720 2960 φορητότερα

2165 2976 2333 3047 αύτῷ,
2353 2977 2387 3047 ἢ
2411 2978 2444 3048 ή
2466 2979 2601 3048 πρὸς
2616 2977 2718 3047 ἐμὲ
2734 2980 2949 3049 εἰρήνη.
2970 2980 3110 3033 Ἀλλ’
3129 2981 3262 3045 ἴσως
3282 2983 3399 3052 ἐρεῖ
3412 2981 3592 3047 ῶσπερ
3608 2978 3720 3045 δῆτα

2165 3068 2512 3139 πυνθάνομαι
2546 3069 2641 3124 καὶ
2678 3070 2864 3138 λέγειν
2896 3071 3223 3142 βουλόμενος
3258 3073 3513 3144 βασιλίδα
3538 3069 3717 3143 μᾶλλον

2167 3159 2438 3228 ἐρεθίζειν
2473 3159 2608 3229 πρὸς
2632 3158 2725 3213 τὸν
2744 3162 3001 3233 πόλεμον,
3025 3163 3099 3227 ὡς
3121 3164 3226 3227 ἓως
3260 3165 3361 3236 μὲν
3391 3164 3565 3236 ὀρθοῖς
3595 3160 3719 3228 ἐώρα

478 3261 674 3331 addat)
726 3277 789 3317 se
838 3263 1084 3333 quandiu
1113 3259 1285 3326 recia,
1321 3271 1377 3317 et
1423 3263 1570 3330 justa
1614 3265 1969 3334 cogitantem,
2005 3271 2059 3319 et

2165 3252 2258 3305 καὶ
2274 3252 2505 3315 δικαίοις
2525 3251 2622 3321 ἐμὲ
2645 3251 2929 3324 χρώμενον
2946 3253 3255 3325 λογισμοῖς,
3271 3258 3368 3311 καὶ
3386 3256 3454 3309 τὰ
3477 3252 3717 3307 συνοίσον-

478 3351 606 3406 ﬁliis
639 3352 991 3420 imperatoris
1039 3351 1350 3407 studentem
1397 3351 1621 3418 viderit,
1660 3352 1799 3407 mihi
1832 3351 2053 3418 favisse,

476 3455 535 3500 ct
561 3445 749 3513 jurata
775 3440 1079 3497 factitasse.
1109 3443 1193 3497 Ab
1215 3442 1377 3498 officii
1401 3452 1582 3498 autem
1613 3443 1809 3499 semita
1841 3442 2058 3498 detorto

378 3534 384 3541 ’
476 3550 587 3599 me,
619 3542 675 3589 et
723 3533 778 3587 in
811 3534 993 3589 scelus
1022 3534 1281 3598 abeunte,
1307 3535 1431 3605 jure
1481 3549 1544 3589 ac
1592 3534 1791 3588 merito
1818 3533 2055 3603 impera-

479 3624 614 3681 toris
665 3623 806 3680 filios
855 3633 1046 3681 contra
1094 3641 1184 3681 me
1236 3625 1557 3681 defendere.
1596 3623 1819 3687 Verum,
1847 3638 1879 3679 ο
1915 3625 2057 3680 bone

476 3718 580 3784 vir,
615 3732 851 3787 quonam
886 3717 1028 3772 istuc
1055 3718 1416 3788 argumento?
1449 3715 1506 3771 Si
1541 3717 1687 3771 enim
1716 3715 2057 3771 sufficittan-

480 3819 592 3863 tum
618 3807 912 3876 affirmare,
946 3816 1002 3864 et
1026 3808 1132 3864 hoc
1163 3809 1231 3864 ad
1268 3824 1381 3862 rem
1406 3806 1885 3863 demonstrandam
1925 3811 2058 3863 satis

475 3916 601 3957 esse
631 3900 938 3956 existimari
985 3902 1168 3965 debet,
1218 3917 1301 3957 nae
1349 3911 1407 3957 tu
1447 3902 1613 3957 homo
1651 3900 1900 3970 insignis,
1933 3902 2057 3957 lon-

476 4006 651 4063 geque
680 3991 1034 4049 felicissimus
1083 4007 1177 4058 es,
1214 3993 1306 4063 qui
1333 3992 1471 4048 adeo
1499 3992 1636 4048 citra
1665 3992 1907 4048 laborem
1954 3994 2057 4049 ho-

476 4084 656 4140 stibus
702 4084 816 4140 tuis
863 4086 1062 4140 evadas
1116 4084 1385 4155 superior.
1428 4084 1499 4138 At
1538 4084 1684 4139 enim
1736 4085 2057 4156 quotidiana

476 4174 736 4247 figmenta
780 4183 899 4240 tua,
936 4186 992 4231 et
1041 4190 1313 4246 perversae
1343 4175 1614 4242 actiones,
1642 4175 1699 4230 in
1733 4176 1934 4246 quibus
1961 4175 2058 4231 de-

476 4269 784 4339 prehensus
822 4283 903 4336 es,
961 4267 1105 4339 apud
1156 4268 1356 4322 multos
1395 4267 1536 4323 hanc
1587 4277 1641 4322 te
1681 4267 1882 4323 habere
1938 4268 2059 4338 Opi-

475 4363 698 4417 nionem
736 4377 849 4416 non
903 4360 1108 4415 sinent.
1169 4358 1265 4414 Sin
1317 4369 1500 4416 autem
1543 4360 1688 4415 istuc
1739 4374 1849 4414 non
1876 4360 2055 4416 solum

473 4455 648 4526 loqui,
685 4454 781 4510 sed
807 4462 862 4509 et
892 4462 1086 4524 putare
1112 4452 1431 4508 insanorum
1467 4463 1572 4518 est,
1608 4453 1955 4523 relinquitur,
1999 4463 2058 4507 ut

476 4547 834 4613 probationes
888 4543 1179 4600 afferenda
1236 4545 1366 4600 sint.
1423 4543 1604 4610 Quare
1664 4545 1711 4598 si
1769 4543 2055 4613 quidpiam

2163 3360 2234 3397 τα
2252 3345 2364 3405 τοῖς
2386 3343 2648 3416 βασιλέως
2679 3344 3070 3417 βουλευόμενον
3099 3350 3316 3414 παισὶν,
3341 3348 3527 3406 εὔνους
3548 3340 3609 3415 ἦν
3637 3339 3717 3394 καὶ

2164 3433 2355 3503 αὐτδςξ
2369 3436 2463 3488 καὶ
2485 3426 2708 3504 ἐνέμενε
2745 3439 2858 3500 τοῖς
2879 3437 3062 3508 ὅρκοις
3085 3455 3100 3470 ·
3124 3439 3222 3492 ἐπε
3233 3440 3298 3494 ιδ’
3314 3438 3608 3510 ἐξετράπην
3626 3432 3717 3485 τῶν

2162 3524 2391 3579 δεόντων
2415 3524 2511 3580 καὶ
2536 3526 2762 3596 εἱλόμην
2781 3528 3005 3595 ἀδικεῖν,
3019 3528 3204 3583 δίκαια
3222 3531 3397 3585 ποιῶν
3421 3529 3575 3591 αὐτὸς
3595 3520 3717 3594 ἀμύ-

2163 3631 2318 3668 νεται
2351 3615 2494 3686 ὑπὲρ
2522 3616 2631 3670 τῶν
2664 3616 2930 3686 βασιλέως
2957 3619 3190 3674 παίδων.
3226 3618 3340 3676 Καὶ
3366 3621 3449 3682 τίς
3475 3612 3711 3680 τούτωνή

2163 3702 2520 3773 ἀπόδειξις,ὧ
2537 3707 2720 3777 ’γαθές
2747 3710 2808 3763 Εἰ
2827 3710 2928 3781 μὲν
2947 3710 3053 3782 γὰρ
3075 3712 3237 3783 ἀρκεῖ
3262 3715 3423 3786 μόνον
3440 3704 3713 3771 εἰπεῖν,καὶ

2161 3798 2511 3871 τοῦτ’ἀρκεῖν
2529 3800 2783 3871 ἡγεῖσθαι
2814 3802 2952 3873 πρὸς
2968 3804 3247 3870 ἀπόδειξιν
3267 3805 3364 3860 τοῦ
3386 3805 3709 3876 πράγματος,

2162 3890 2237 3954 ὡς
2269 3890 2521 3962 λαμπρδς
2553 3887 2625 3957 εἴ,
2674 3894 2768 3946 καὶ
2801 3894 2870 3948 τὰ
2924 3896 3158 3966 μέγιστα
3190 3897 3522 3969 εὐτύχηκας,
3561 3892 3711 3950 οὕτως

2164 3977 2379 4041 ἀπόνως
2399 3978 2510 4031 τῶν
2540 3979 2747 4050 ἐχθρῶν
2779 3984 3217 4062 περθιγινόμενος.
3252 3986 3398 4041 Ἀλλ’
3427 3986 3486 4038 οὐ
3516 3996 3709 4048 συγχω·

2166 4070 2397 4140 ρήσουσι
2446 4072 2517 4124 τὰ
2570 4071 2896 4143 καθημέραν
2927 4075 3251 4145 πλάσματα,
3288 4077 3384 4132 καὶ
3412 4074 3472 4157 τὸ
3502 4070 3625 4142 πρὸς
3649 4064 3707 4118 τὰ

2164 4162 2347 4231 φαῦλα
2376 4162 2706 4232 κατάφωρον
2733 4163 2843 4217 τῶν
2882 4165 3065 4235 ἔργων
3102 4167 3363 4241 τοιαύτην
3404 4165 3545 4237 ἔχειν
3569 4158 3707 4222 δόξαν

2164 4255 2321 4324 παρά
2345 4258 2461 4317 τοῖς
2495 4254 2734 4321 πολλοῖς.
2779 4257 2844 4312 Εἰ
2870 4259 2929 4313 δὲ
2950 4259 3112 4313 τοῦτο
3148 4261 3248 4331 μὲν
3288 4254 3705 4332 μελαγχολῶντος

2164 4350 2262 4419 οὐχ
2290 4350 2372 4403 ὅτι
2401 4350 2605 4420 λέγειν,
2638 4348 2779 4404 ἀλλά
2822 4351 2914 4404 καὶ
2946 4351 3179 4420 οἴεσθαι,
3207 4353 3391 4407 λοιπὸν
3420 4350 3590 4405 τοίνυν
3615 4359 3707 4413 χω-

2167 4443 2285 4511 ρεῖν
2315 4441 2453 4512 πρὸς
2483 4444 2612 4508 τοὺς
2652 4443 2933 4514 ἐλέγχους.
2962 4444 3021 4497 Εἰ
3060 4448 3161 4515 μὲν
3194 4441 3287 4499 οὖν
3317 4442 3438 4515 ἐμοί
3470 4458 3519 4494 τι
3555 4434 3704 4490 σύνοι-

2164 4534 2255 4587 δεν
2284 4534 2444 4597 αὐτὸς
2468 4533 2733 4601 τοιοῦτον,
2766 4535 3104 4608 ἐξελεγχέτω
3143 4538 3417 4610 φανερῶςο
3445 4536 3492 4588 εἰ
3528 4530 3571 4584 δ’
3602 4524 3703 4581 ἑτέ-

475 4635 857 4706 hujuscemodi
904 4636 974 4691 de
1016 4650 1103 4690 me
1132 4635 1306 4699 novit,
1354 4634 1531 4704 palam
1577 4647 1664 4686 me
1710 4612 2054 4704 redarguat:

2165 4642 2276 4695 ρων
2339 4627 2507 4695 φησὶν
2535 4627 2857 4697 ἀκηκοέναι,
2895 4628 3194 4701 παραγέτω
3255 4629 3382 4692 τοὺς
3415 4624 3698 4696 μάρτυρας”

472 4730 639 4803 607
700 4729 783 4785 sin
824 4726 892 4783 ab
930 4728 1038 4782 alio
1081 4741 1140 4782 se
1179 4726 1462 4796 accepisse
1507 4726 1672 4792 dicat,
1714 4734 1884 4781 testes
1928 4740 2059 4794 pro-

474 4826 664 4889 ducat,
713 4821 857 4892 quod
891 4835 1003 4875 non
1047 4818 1255 4889 poterit
1299 4833 1316 4871 :
1350 4816 1460 4872 nisi
1500 4831 1719 4871 rursum
1749 4832 1859 4872 non
1896 4833 2058 4887 argu-

476 4913 732 4979 mentari,
767 4911 863 4967 sed
903 4910 1286 4982 schpliantari
1336 4909 1713 4965 tantummodo
1750 4910 1901 4965 velit.
1943 4911 2058 4981 Ego

477 5018 609 5059 vero
659 5016 728 5059 ex
766 5002 884 5073 ipsa
927 5018 987 5057 re
1015 5002 1418 5056 firmamentum
1471 5009 1653 5072 petam
1709 5001 2057 5059 evidentissi-

475 5108 649 5149 mum.
681 5090 869 5162 Neque
893 5092 1042 5146 enim
1063 5099 1357 5161 antequam
1388 5092 1587 5147 bellum
1618 5092 1694 5146 illi
1723 5093 2055 5156 excitarunt,

475 5201 657 5255 neque
684 5185 873 5240 statim
924 5195 983 5239 ut
1036 5185 1367 5251 excitarunt,
1414 5186 1497 5241 vel
1545 5186 1862 5241 meditatum
1912 5201 2054 5251 esse,

477 5274 565 5331 vel
594 5274 793 5331 fecisse
831 5274 1128 5344 quidquam
1175 5274 1495 5329 insidiarum
1546 5274 1674 5329 ﬁliis
1708 5274 2057 5345 imperatoris

475 5369 695 5424 ostendi
722 5376 904 5438 potest
940 5384 956 5424 :
1003 5367 1100 5423 sed
1142 5375 1263 5437 post
1297 5367 1489 5422 matris
1527 5380 1663 5421 meae
1683 5365 1904 5436 ,ﬁliique
1939 5380 2058 5420 car-

474 5473 694 5526 cerem;
723 5468 852 5530 post
901 5464 1147 5514 mearum
1182 5458 1519 5513 fortunarum
1562 5457 2057 5526 despoliationem;

474 5560 599 5623 post
651 5553 975 5617 amicorum,
1043 5559 1512 5625 cognatorumque
1576 5549 2054 5619 proscriptionem,

474 5661 584 5701 non
617 5645 686 5700 ad
721 5645 1103 5707 ulcisdendum
1136 5659 1258 5701 sum
1292 5656 1601 5713 aggressus.
1637 5640 1731 5695 sed
1757 5641 2055 5710 aspiciens,

474 5751 584 5806 quo
601 5736 868 5791 malorum
885 5737 1088 5792 bellum
1108 5744 1357 5790 mutuum
1377 5733 1654 5797 evaderet,
1673 5732 1821 5787 dolui
1835 5732 2055 5802 quidem

474 5827 541 5883 ab
559 5827 720 5882 initio
737 5838 921 5882 natum
941 5835 1146 5892 esse,et
1163 5824 1295 5879 illud
1310 5825 1460 5895 quasi
1485 5823 1755 5878 ﬂammam
1779 5823 1870 5879 irri
1879 5832 2055 5880 tantes

474 5917 710 5986 graviter
734 5932 964 5986 peccare
983 5917 1113 5972 duxi
1137 5919 1288 5987 :lpsc
1311 5923 1728 5987 vero,quantum
1750 5916 1802 5969 in
1825 5931 1910 5973 me
1928 5916 2033 5973 fuit

2161 4717 2278 4772 ἀλλ’
2299 4717 2401 4770 ούκ
2439 4718 2506 4771 ἂν
2536 4717 2676 4788 ἔχοι,
2727 4720 2777 4772 εἰ
2806 4721 2913 4792 ,μὴ
2961 4724 3322 4790 συκοφαντεῖν
3353 4714 3503 4778 αὖθις
3538 4706 3700 4771 ἀνεξέ-

2161 4808 2370 4877 λεγκτα
2401 4808 2602 4864 ἐθέλοι.
2647 4809 2793 4879 Ἐγὼ
2840 4811 2897 4865 δι
2946 4812 3044 4884 τὴν
3080 4813 3187 4866 ἀπὸ
3216 4813 3324 4867 τῶν
3354 4810 3522 4881 ἔργων
3549 4796 3695 4870 παρέ·

2162 4900 2324 4969 ξομαι
2348 4902 2759 4973 ἐναργεστάτην
2794 4903 3133 4975 μαρτυρίαν.
3166 4904 3305 4958 Οὔτε
3342 4902 3446 4972 γὰρ
3475 4895 3592 4963 πρὶν
3616 4888 3693 4942 τὸν

2161 4994 2402 5063 πόλεμον
2428 4994 2721 5065 κινηθῆναι
2745 4995 2876 5067 παρ’
2907 4998 3259 5066 αὐτῶν,ὀῠτε
3286 4985 3690 5069 βεϐουλευμένος,

2161 5084 2284 5139 οὔτε
2320 5085 2534 5157 πράξας
2557 5105 2611 5140 τι
2648 5088 2787 5158 πρὸς
2831 5090 3131 5162 ἐπιδουλὴν
3160 5092 3269 5145 τῶν
3310 5085 3559 5161 βασιλέως
3585 5071 3694 5162 παίέ

2160 5177 2265 5231 δων
2301 5178 2368 5231 ἂν
2401 5180 2653 5250 φανείην,
2714 5180 2829 5235 οὔτ’
2880 5182 3044 5246 εὐθὺς
3075 5161 3377 5254 ἦργμένοιν
3415 5175 3542 5232 ἀλλὰ
3574 5161 3690 5239 μετὰ

2156 5270 2259 5340 τὴν
2294 5272 2393 5340 τῆς
2447 5274 2654 5345 μητρὸς
2713 5275 2809 5328 καὶ
2865 5274 2961 5328 τοῦ
3023 5276 3144 5330 υίοῦ
3205 5272 3446 5346 εἱρκτὴν,
3495 5264 3575 5319 καὶ
3609 5256 3691 5323 τὴν

2158 5364 2527 5435 ἀποστέρησιν
2567 5366 2689 5419 τῶν,
2709 5366 2900 5435 ὄντων,
2951 5369 3046 5422 καὶ
3078 5368 3177 5440 τὴν
3207 5345 3463 5440 δήμευσιν
3494 5356 3590 5409 τῶν
3614 5345 3686 5416 φί⁸

2157 5455 2285 5521 λων,
2315 5456 2541 5513 καὶτῶν
2573 5458 2880 5527 συγγενῶν,
2912 5461 2975 5515 οὐ
2999 5459 3135 5531 πρὸς
3160 5461 3221 5514 τὸ
3248 5451 3532 5530 ἀμύνεσθαι
3557 5446 3687 5510 ἐτρε⁴

2158 5548 2368 5618 πύμην,
2401 5549 2516 5629 ἀλλ’
2540 5549 2686 5621 ὁρῶν
2718 5553 2767 5604 oi
2795 5551 2985 5606 κακῶν
3018 5554 3048 5605 ὁ
3090 5553 3228 5620 πρὸς
3257 5546 3507 5625 ἀλλήλους

2156 5637 2313 5708 τήσει
2344 5638 2603 5709 πόλεμος,
2635 5639 2884 5711 ἠχθόμην
2920 5642 3021 5712 μὲν
3071 5641 3417 5712 κινουμένου,
3453 5628 3539 5685 καὶ
3576 5628 3681 5712 Eoi);

2158 5706 2560 5800 παροξύνοντας
2605 5706 3076 5803 ἐνί-ἀἰτίαις-ἧγον
3101 5749 3115 5765 ·
3161 5706 3321 5795 αὐτὸς
3366 5727 3421 5780 δὲ
3463 5721 3530 5781 ὡς
3557 5706 3678 5803 εῖχρν

2160 5795 2397 5892 μάλιστα
2424 5820 2762 5887 ἐσπούδαζον
2796 5795 3117 5890 καταλύειν,
3150 5824 3246 5878 καὶ
3269 5810 3543 5891 πρεσδείαν
3563 5795 3677 5863 ὑπὲρ

2158 5915 2258 5985 τῆς
2292 5915 2516 5986 εἰρήνης
2561 5914 2888 5989 ἐποιούμην.
2946 5918 3059 5973 Καὶ
3108 5920 3207 5989 τὴν
3248 5916 3398 5985 δίκην
3447 5898 3671 5970 ἀπῄτουνν
