4048 6434
356 525 497 593 1145

1480 511 2032 583 HISTORIARUM
2076 504 2149 572 ΙΙΙ
2160 510 2309 571 BER
2350 509 2466 570 III.

3464 503 3597 569 1146

349 643 446 696 καὶ
476 641 540 693 οὗ
559 639 927 712 παρῃτούμην
954 636 1016 692 τδ
1042 637 1117 708 μὴ
1147 635 1351 690 διδόναι
1380 633 1558 697 δίκας,
1587 633 1654 687 ἂν
1686 629 1906 698 ἐλέγχω

2029 623 2083 678 id
2116 624 2459 692 exstinguere
2485 618 2749 682 laboravi,
2765 628 2818 674 et
2846 618 3171 689 legationem
3189 617 3256 673 de
3278 632 3405 685 pace
3428 620 3551 673 misi
3576 637 3591 685 ;

353 748 452 800 μαι
476 729 777 798 ἐπιορκῶν.
810 728 1006 792 Δύτοῖς
1037 726 1096 780 δὲ
1136 726 1392 780 τοσοῦτον
1424 724 1666 794 ἐμέλησε
1708 721 1803 775 τοῦ
1850 719 1919 773 τὰ

347 819 535 872 δίκαια
565 820 763 882 ποιεῖν,
800 819 833 889 ἢ
872 819 1129 888 πρόνοιάν
1160 834 1282 870 τινα
1320 814 1592 869 ποιεῖσθαι
1621 813 1717 866 τοῦ
1750 830 1919 868 κατα-

346 906 572 961 λύεσθαι
610 910 702 961 τὸν
738 910 996 977 πόλεμον,
1043 910 1182 961 ὥστε
1214 909 1307 962 ἐπὶ
1336 909 1452 969 τοῖς
1509 907 1775 975 πρότερον
1821 921 1916 973 γε-

345 997 666 1066 γενημένοις
693 999 795 1068 ἐμὲ
828 1000 1000 1053 πολλὰ
1033 999 1511 1069 περιυϐρίσαντες,
1544 1000 1639 1050 καὶ
1665 997 1915 1067 λοιδορη-

352 1088 579 1155 σάμενοι
615 1090 703 1142 ἐπ’
736 1091 1056 1159 ἐκκλησίας,
1079 1092 1788 1162 ἔπειτα.ὲρεσχε>.ἡσαντες,
1819 1091 1914 1143 καὶ

349 1182 478 1241 τοὺς
510 1181 768 1250 πρέσϐεις
797 1182 1171 1250 κακώσαντες,
1196 1187 1271 1248 ῶς
1304 1186 1537 1253 μάλιστα
1576 1185 1915 1253 ἀπέπεμψαν

348 1271 687 1339 ἀπράκτους.
744 1275 901 1328 Μετά
952 1275 1114 1329 τοῦτο
1169 1277 1226 1328 δὲ
1265 1275 1452 1348 ὥσπερ
1498 1276 1681 1345 ἔργοις
1729 1277 1915 1338 αὐτοῖς

347 1360 665 1449 βουλόμενοι
721 1367 1032 1433 καταφανὲς
1069 1369 1266 1432 ποιεῖν,
1297 1368 1380 1421 ὅτι
1426 1366 1521 1420 τοῦ
1561 1366 1777 1420 δικαίου
1814 1367 1914 1437 μὲν

344 1453 537 1507 οὐδένα
566 1455 848 1511 ποιοῦνται
874 1460 1057 1527 λόγον,
1079 1461 1200 1513 οὐδὲ
1222 1460 1554 1530 προφάσεως
1581 1458 1728 1521 τινὸς
1748 1459 1914 1512 ἕνεκα

345 1544 707 1614 εὐπροσώπου
742 1548 948 1603 εἴλοντο
976 1553 1069 1603 τὸν
1096 1551 1351 1620 πόλεμον,
1378 1550 1492 1604 ἀλλ’
1523 1551 1625 1617 ἐμὲ
1652 1551 1912 1605 ἀποκτεί-

345 1650 458 1686 νειν
496 1636 561 1689 ἐκ
615 1640 813 1703 παντὸς
846 1643 1050 1711 τρόπου
1106 1645 1398 1714 ᾑρημένοι,
1463 1645 1764 1715 πρόσχημα
1815 1643 1913 1696 τοῦ

345 1725 588 1794 πολέμου
640 1729 733 1781 τὸν
766 1731 909 1801 ὑπὲρ
951 1731 1228 1802 βασιλίδος
1282 1734 1563 1789 ποιοῦνται
1599 1735 1786 1804 ζῆλον,
1823 1735 1912 1788 Θε-

344 1814 630 1879 σπίσματα
661 1821 986 1891 πεπόμφασι
1040 1824 1296 1895 πανταχῆ
1340 1825 1450 1878 τῶν
1489 1824 1697 1879 πόλεων
1727 1825 1910 1879 πᾶσαν

2023 715 2353 787 etjudicium
2372 713 2672 784 petivi,nec
2688 711 2948 782 pmnas,si
2966 712 3192 782 perjurii
3210 712 3590 778 convincerer,

2021 813 2344 881 deprecatus
2373 824 2514 866 sum.
2548 812 2615 863 At
2644 808 2773 878 ipsis
2793 809 2928 864 adeo
2949 824 3092 863 curae
3120 823 3229 863 non
3258 807 3361 862 fuit
3386 807 3591 862 servire

1962 934 1973 939 -
2017 905 2264 975 Ῑιιειίιίεε,
2284 910 2378 958 aut
2392 902 2775 973 cogitationem
2795 902 3027 970 aliquam
3051 900 3177 954 belli
3195 899 3589 969 comprimendi

2019 1000 2319 1064 suscipere,
2364 1005 2420 1049 ut
2455 1010 2617 1063 supra
2662 993 2868 1065 priores
2902 993 3154 1062 injurias,
3190 1002 3246 1046 et
3280 992 3588 1056 maledicta,

2022 1090 2195 1144 multo
2228 1087 2526 1156 majoribus
2559 1088 2613 1139 in
2657 1096 2926 1139 conventu
2961 1099 3048 1138 me
3077 1084 3382 1145 onerarint,
3419 1092 3470 1137 et
3512 1082 3591 1136 le-

2019 1192 2172 1251 gatos
2203 1179 2520 1236 scaimmatis
2550 1176 3161 1247 illusosinsigniterque
3186 1184 3430 1235 vexatos,
3466 1174 3587 1227 sine

2017 1287 2284 1341 responso
2329 1270 2662 1325 dimiserint.
2702 1270 2779 1321 Ad
2811 1268 2926 1321 haec
2973 1267 3120 1321 velut
3145 1282 3308 1335 opere
3336 1266 3455 1335 ipso
3491 1281 3587 1318 vo-

2020 1354 2199 1419 lentes
2230 1362 2508 1416 declarare
2541 1376 2600 1413 se
2630 1368 2985 1413 contemnere
3009 1357 3296 1425 justitiam,
3331 1373 3399 1410 ne
3433 1356 3584 1411 colo-

2018 1470 2135 1511 rem
2176 1463 2289 1508 tum
2322 1453 2564 1521 quidem,
2599 1466 2693 1504 seu
2725 1449 3091 1503 vclamentum
3134 1448 3260 1502 belli
3297 1448 3585 1502 honestum

2015 1548 2400 1619 quaesiverunt,
2439 1545 2534 1600 sed
2578 1554 2635 1598 ut
2671 1558 2757 1596 me
2797 1557 3016 1611 quoquo
3062 1542 3223 1595 modo
3253 1541 3584 1611 jugularent,
3638 1580 3641 1583 -

2015 1641 2213 1696 ardens
2252 1636 2620 1707 imperatricis
2673 1634 2890 1689 tuendae
2944 1633 3187 1688 studium
3247 1632 3586 1697 simulantes,

2013 1733 2192 1789 edicta
2223 1731 2651 1798 circumquaque
2682 1741 2778 1797 per
2806 1725 2971 1780 urbes
3000 1725 3361 1787 missitarunt,
3389 1723 3591 1791 quibus

2012 1833 2068 1880 et
2112 1835 2405 1878 commune
2436 1819 2639 1875 bellum
2671 1816 3065 1886 significarent,
3111 1824 3167 1895 et
3214 1814 3363 1868 onmi
3390 1815 3456 1867 ad
3497 1827 3590 1868 eas

340 1907 551 1962 εῐσοδον
575 1911 703 1981 ἐμοὶ
753 1913 891 1983 πρὸς
921 1915 1094 1979 αύτάς
1121 1916 1563 1988 ἀπαγορεύοντα,
1591 1919 1690 1971 καὶ
1727 1917 1906 1971 κοινὸν

2015 1917 2165 1974 aditu
2208 1914 2343 1971 mihi
2390 1912 2802 1968 interdicerent.
2846 1907 3036 1979 Neque
3073 1907 3217 1963 intra
3246 1907 3348 1962 hos
3388 1905 3589 1959 limites

341 1990 605 2069 πολέμιον
637 2002 1060 2060 ἀποδεικνύντα.
1101 2007 1211 2059 Καὶ
1235 2008 1297 2060 οὐ
1331 2006 1493 2077 μέχρι
1524 2009 1716 2063 τούτου
1745 2007 1910 2074 ἔστη·

342 2104 445 2143 σαν
472 2090 573 2163 τὴν
602 2092 856 2160 ἀτοπίαν,
893 2096 1030 2149 ἀλλά
1062 2098 1154 2150 καὶ
1181 2098 1372 2152 ἐνθάδε
1403 2098 1759 2167 διατρίϐοντι,
1786 2099 1913 2151 ἐκέ·

343 2178 501 2235 λευον
537 2182 639 2253 τῆς
669 2183 847 2255 πύλης
887 2188 963 2258 μὴ
1008 2188 1349 2258 προϐαίνειν·
1392 2189 1531 2242 ἀλλά
1565 2190 1705 2244 οίκοι
1735 2189 1911 2260 καθή-

344 2287 531 2340 μενον,
582 2273 681 2343 τὴν
720 2275 1054 2345 ἀναιροῦσαν
1095 2278 1276 2348 ψῆφον
1312 2280 1652 2349 περιμένειν.
1702 2281 1769 2334 Τί
1816 2280 1912 2334 οῦν

344 2378 412 2431 με
444 2363 583 2433 πρὸς
610 2363 786 2419 ταῦτα
822 2372 1001 2422 ποιεῖν
1032 2370 1202 2440 ἐχρῆν
1254 2370 1396 2441 πρὸς
1426 2371 1599 2439 αὐτῆς
1645 2372 1746 2440 τῆς
1778 2371 1913 2442 ἀλη-

343 2452 535 2520 θείας;
570 2457 1069 2529 συγκαλυψάμενον
1130 2462 1453 2531 περιμένειν
1505 2461 1604 2532 τὴν
1653 2467 1906 2534 σφαγήνς

352 2545 493 2600 Ἀλλ’
521 2547 623 2601 ούκ
651 2549 719 2603 ἂν
760 2549 912 2615 ἔδοξα
941 2553 1349 2625 σωφρονοῦντος
1374 2554 1607 2625 χρῆσθαι
1629 2555 1910 2625 λογισμοῖς

339 2637 515 2702 οὕτως
544 2640 757 2705 ἀκλεῶς
785 2644 878 2696 καὶ
917 2644 1128 2712 ἀτίμως
1154 2646 1537 2715 ἀποθνήσκων·
1574 2646 1710 2701 ἀλλὰ
1737 2664 1911 2702 κατα-

344 2726 622 2794 πλαγέντα
660 2729 799 2799 πρὸς
825 2731 922 2801 τὴν
951 2733 1157 2803 ἀθρόαν
1203 2734 1314 2786 τῶν
1348 2737 1696 2806 πραγμάτων
1741 2756 1910 2808 μετα-

341 2816 529 2888 σολην,
565 2819 728 2873 δοῦλα
756 2824 977 2891 φρονεῖν
1008 2824 1104 2876 καὶ
1125 2823 1479 2895 ἀνελεύθερα,
1534 2830 1628 2880 καὶ
1678 2829 1911 2899 παραδι-

339 2906 489 2961 δόναι
528 2913 1015 2982 παρακοιμωμένῳ
1046 2915 1307 2982 ἐμαυτὸν,
1354 2915 1485 2969 ὥστ’
1532 2918 1622 2968 ἐπ’
1658 2917 1909 2984 ἐξουσίας

339 2999 487 3069 ἔχειν
533 3001 722 3066 κακῶς
772 3006 969 3071 ποιεῖν,
1032 3008 1129 3060 καὶ
1182 3008 1264 3069 είς
1315 3008 1671 3079 δεσμωτήρια
1727 3013 1903 3080 ἀγειν,

339 3088 547 3161 ὥσπερ
568 3093 637 3145 τὰ
667 3094 975 3163 ἀνδράποδα
1010 3097 1216 3161 ἐκεῖνα,
1242 3098 1291 3151 οἳ
1316 3100 1458 3167 σφᾶς
1484 3101 1683 3164 αὐτοὺς
1712 3103 1906 3174 ἐκείνῳ

337 3185 809 3254 παραδεδωκότες,
861 3190 911 3241 οί
980 3189 1080 3258 μὲν
1130 3190 1343 3245 οἰκοῦσι
1396 3190 1752 3263 δεσμωτήρια
1807 3195 1897 3264 δη-

2015 2026 2075 2065 se
2123 2006 2397 2064 continuit.
2442 2020 2634 2061 eorum
2687 2002 3057 2073 improbitas:
3091 2000 3226 2070 quin
3280 1998 3442 2053 etiam
3494 1997 3589 2052 hic

2016 2096 2457 2172 (Didymotichi)
2501 2092 2745 2153 versanti
2800 2092 2934 2147 mihi
2984 2091 3344 2161 imperarunt,
3372 2102 3442 2141 ne
3488 2101 3587 2156 pe-

2013 2194 2135 2249 dem
2170 2201 2325 2248 extra
2351 2199 2561 2261 portam
2587 2186 2739 2242 urbis
2767 2186 3044 2248 eﬂerrem,
3071 2183 3165 2240 sed
3193 2182 3340 2237 domi
3365 2180 3583 2245 sedens,
3668 2215 3687 2227 .

2012 2282 2339 2341 sententiam
2377 2281 2665 2351 capitalem
2718 2287 3119 2349 exspectarem.
3174 2273 3313 2342 Quid
3354 2272 3476 2344 (per
3505 2272 3587 2340 ip-

2013 2394 2128 2434 sam
2164 2376 2451 2431 veritatem
2487 2387 2672 2442 quasso
2702 2373 2822 2440 vos)
2857 2371 2945 2424 hic
2976 2384 3062 2425 me
3085 2369 3265 2423 facere
3301 2365 3588 2436 oportuit?

2013 2470 2156 2524 intra
2195 2466 2434 2537 parietes
2478 2466 2671 2528 latere,
2724 2472 2779 2518 et
2826 2476 3017 2517 necem
3063 2458 3420 2530 exspectare?
3450 2455 3585 2522 Quis

2013 2580 2101 2619 me
2130 2578 2238 2617 non
2270 2561 2478 2616 fatuum
2503 2565 2838 2623 numeraret,
2869 2556 2913 2609 si
2946 2554 3046 2619 sic,
3074 2553 3224 2607 nulla
3251 2566 3374 2607 cum
3396 2549 3586 2611 laudo,

2013 2657 2141 2729 quin
2170 2654 2352 2726 potius
2380 2667 2505 2706 cum
2539 2649 2809 2704 dedecore
2839 2645 3133 2700 morerer?
3166 2643 3245 2696 An
3276 2641 3582 2711 perculsum

2015 2760 2123 2805 tam
2179 2744 2465 2816 repentina
2514 2756 2698 2795 rerum
2736 2736 3095 2793 conversione
3143 2734 3481 2796 illiberalem,
3523 2745 3587 2786 ac

2015 2840 2269 2898 servilem
2302 2850 2504 2907 gerere
2537 2831 2802 2896 animum,
2839 2830 3164 2898 tradereqtte
3207 2842 3293 2880 me
3324 2824 3583 2895 praefecto

2012 2931 2275 2993 cubiculi,
2300 2930 2391 2999 qui
2420 2930 2547 3000 jure
2574 2942 2674 2982 suo
2705 2915 2849 2978 mihi
2875 2923 3056 2977 facere
3104 2920 3246 2974 male
3297 2926 3478 2987 posset
3527 2924 3583 2970 et

2008 3024 2065 3078 in
2115 3037 2394 3078 carcerem
2432 3020 2671 3084 trudere,
2709 3025 2771 3071 ut
2819 3016 2923 3070 alia
2964 3004 3258 3082 mancipia,
3290 3025 3407 3079 qute
3441 3008 3582 3061 ultro

2009 3130 2069 3171 se
2096 3114 2172 3169 illi
2203 3112 2568 3176 tradiderunt,
2601 3123 2834 3179 quorum
2870 3106 3090 3176 quidam
3123 3102 3278 3159 bonis
3305 3102 3417 3156 suis
3451 3106 3578 3152 ante

2008 3206 2114 3262 sub
2142 3197 2406 3275 preconis
2434 3217 2628 3256 vocem
2671 3198 2955 3268 subjectis,
2997 3205 3052 3250 et
3095 3194 3265 3248 variis
3312 3189 3578 3246 acerbita-

338 3277 566 3347 μεύσεις
603 3280 870 3348 πρότερον
902 3282 1320 3351 ὑπομείναντες,
1354 3286 1448 3339 καὶ
1481 3286 1656 3340 ἄλλων
1705 3290 1905 3355 πεῖραν

2009 3300 2154 3354 tibus
2203 3295 2470 3359 aﬂlictati,
2502 3308 2754 3348 carceres
2803 3291 3072 3356 incolunt,
3114 3276 3206 3341 alii
3252 3299 3362 3339 non
3419 3295 3580 3338 secus

332 3370 614 3441 δυσχερῶν
642 3372 893 3426 πολλῶν·
929 3374 982 3426 oi
1028 3374 1075 3427 δ’
1125 3376 1187 3428 ἐν
1237 3377 1422 3444 Καρὸς
1464 3376 1627 3448 μοίρᾳ
1677 3379 1906 3445 ἄγονται

336 3462 742 3532 καὶ-φέρονται,
776 3465 887 3517 πᾶν
932 3464 994 3517 τὸ
1045 3467 1520 3537 προσταττόμενον
1571 3468 1663 3522 ὑπ’
1693 3470 1904 3524 ἐκείνου

334 3556 511 3609 ποιεῖν
544 3554 762 3625 ἔχοντες
821 3542 1091 3628 ἀνάγκην.
1149 3559 1262 3612 Καὶ
1318 3559 1491 3613 ποίων
1533 3561 1596 3614 ού
1652 3561 1903 3617 θανάτων

295 3665 301 3671 λ
332 3648 563 3713 ἀντάξια
599 3651 812 3719 μυρίων
839 3651 1047 3719 ταύτας
1103 3652 1135 3722 ἢ
1189 3655 1327 3707 πότε
1357 3655 1424 3708 ἂν
1467 3656 1495 3708 ό
1541 3656 1694 3726 ἥλιος
1722 3658 1905 3712 ἐπεῖδε

338 3742 567 3812 μείζονα
616 3742 712 3795 καὶ
753 3743 1193 3814 παραδοξοτέραν
1226 3745 1480 3811 ἀτοπίαν,
1525 3745 1667 3799 ὥστε
1711 3749 1802 3802 τὸν
1839 3750 1905 3802 ὲκ

335 3836 596 3906 κοπρίας,
627 3836 655 3889 ὅ
685 3853 871 3905 φασιν,
898 3836 1188 3908 ἄνθρωπον
1223 3838 1316 3891 ὑπ’
1342 3839 1478 3909 ἐμοῦ
1510 3842 1903 3912 γεγενημένον,

335 3929 434 3981 καὶ
465 3928 607 3997 μέγα
633 3929 1058 3999 σεμνυνόμενον,
1090 3930 1157 3984 ἀν
1179 3930 1273 3983 κα)⁸
1297 3929 1610 4002 βλέμματος
1637 3933 1904 4005 ἐτύγχανε

335 4019 666 4090 προσηνοῦς,
714 4020 745 4091 ἦ
784 4019 946 4088 λόγου
990 4022 1138 4084 τινος
1174 4021 1460 4087 δοκοῦντος
1519 4025 1766 4096 εὐμενῶς
1821 4028 1904 4080 εί-

340 4114 562 4185 ρῆσθαι,
598 4113 788 4169 τοῦτον
810 4115 1055 4185 ὑϐρίζειν
1100 4118 1246 4187 ἔχειν
1279 4118 1361 4181 είς
1398 4118 1521 4185 ἐμὲ,
1564 4121 1660 4174 καὶ
1706 4123 1775 4191 τῇ
1809 4120 1906 4174 αὖ-

333 4204 544 4277 θαδείᾳ,
578 4205 675 4259 καὶ
706 4206 1050 4278 κακοτροπίᾳ.
1094 4208 1477 4278 χρῆσθαιςΔι³
1525 4210 1562 4265 ἃ
1603 4211 1669 4282 δὴ
1721 4214 1900 4267 πάντα

333 4297 531 4363 σώζειν
562 4298 801 4368 ἐμαυτὸν
847 4298 1098 4369 εἱλόμην,
1132 4301 1225 4354 καὶ
1254 4300 1381 4364 τοὺς
1413 4303 1692 4366 συνόντας·
1726 4305 1824 4358 καὶ
1871 4303 1901 4357 δ

334 4390 598 4453 πολλάκις
648 4392 678 4444 ὁ
737 4391 1007 4461 μακάριος
1064 4391 1143 4462 τῷ
1195 4391 1313 4446 ὄντι
1369 4391 1628 4462 βασιλεὺς
1692 4397 1902 4464 ἐκεῖνος

292 4548 297 4552 _
328 4484 609 4555 ἠνάγκαζε
641 4487 835 4551 ποιεῖν,
872 4485 1062 4557 ῶσπερ
1090 4490 1294 4551 πάντες
1329 4486 1478 4543 ῖσασι
1509 4489 1718 4558 σαφῶς,
1752 4496 1901 4547 τοῦτ’

330 4577 604 4649 επραττον
640 4578 734 4631 ὑπ’
764 4578 991 4633 ἐκείνων
1023 4579 1260 4648 μάλιστα
1312 4580 1397 4644 είς
1440 4581 1703 4654 τοιαύτην
1734 4586 1902 4656 ἀνάγ-

331 4683 439 4737 κην
472 4669 959 4736 συνενηνεγμένος,
986 4671 1084 4739 τῆς
1105 4670 1291 4739 κοινῆς
1316 4670 1558 4740 ἐμαυτοῦ
1579 4689 1637 4726 τε
1671 4675 1762 4728 καὶ
1788 4676 1900 4730 τῶν

328 4758 472 4813 ὅλων
506 4758 782 4829 σωτηρίας
841 4758 1024 4815 ἕνεκα.
1077 4760 1189 4814 Καὶ
1246 4761 1307 4829 ἐξ
1360 4764 1571 4818 ἐκείνου
1622 4766 1754 4837 ἀχρι
1804 4767 1901 4824 νῦν

327 4849 589 4904 οὐδέποτε
624 4852 954 4921 ἐπαυσάμην
987 4852 1120 4922 περὶ
1155 4853 1383 4924 είρήνης
1406 4855 1659 4925 δεόμενος
1691 4857 1896 4913 αὐτῶν.

340 4942 483 5007 Ἀλλῖ
514 4940 805 5011 ἀνθέρικον
856 4941 1000 4995 δοκῶ
1049 4942 1308 5012 θερίζειν·
1362 4946 1540 4999 πάντα
1573 4946 1682 5017 γὰρ
1715 4949 1899 5011 αὐτοῖς

331 5027 589 5099 μᾶλλονῆ
622 5028 656 5099 ἡ
690 5029 881 5100 εἰρήνη
916 5031 1139 5086 ἀνεκτά.
1186 5032 1528 5102 Σκεψώμεθα
1549 5035 1612 5108 δὴ
1666 5039 1898 5109 πότερος

326 5120 529 5175 ἀδικῶν
558 5120 811 5189 φαίνεται
839 5122 934 5175 καὶ
957 5124 1233 5191 ἐπιορκῶν
1285 5140 1299 5155 ·
1319 5126 1348 5179 6
1373 5128 1474 5198 τήν
1492 5144 1553 5180 τε
1581 5128 1759 5200 ἀρχὴν
1788 5134 1900 5188 τοῖς

325 5209 512 5278 ὅρκοις
534 5209 827 5280 ἐπιμείνας
850 5211 1007 5282 ἀχρις
1029 5204 1091 5265 οῦ
1122 5215 1265 5268 κατά
1287 5213 1490 5284 κράτος
1517 5218 1896 5290 κατελύθησαν

326 5299 574 5353 ύπὸ’τῶν
608 5302 1017 5372 πολεμούντων,
1044 5303 1141 5359 καὶ
1162 5305 1328 5375 μέχρι
1355 5305 1451 5360 νῦν
1484 5307 1741 5377 δεόμενος
1768 5312 1898 5384 περὶ

322 5391 577 5466 είρήνης,
629 5395 851 5450 καὶτὸν
888 5395 1128 5469 πόλεμον
1156 5397 1359 5454 ἐθέλων
1399 5399 1760 5468 καταθέσθαι,
1801 5403 1836 5475 ἢ
1868 5408 1897 5460 ό

2007 3408 2168 3464 quam
2223 3391 2389 3447 Cares
2445 3397 2704 3455 aguntur,
2744 3393 3139 3454 raptanturque
3186 3392 3417 3433 necesse
3478 3377 3580 3430 ha-

2005 3485 2201 3540 bentes
2224 3481 2448 3552 exsequi
2492 3479 2857 3549 quodcunque
2877 3476 2964 3529 ille
2985 3470 3346 3528 mandaverit.
3371 3467 3436 3522 Et
3459 3467 3582 3537 qui-

1992 3574 2109 3633 bus
2139 3572 2382 3633 tandem,
2430 3585 2492 3624 ac
2540 3568 2685 3623 mille
2735 3566 3004 3621 mortibus
3053 3563 3168 3618 hate
3194 3557 3580 3630 aequiparanda

2005 3681 2118 3721 non
2175 3663 2340 3719 sunt?
2396 3662 2562 3732 608
2607 3668 2705 3714 aut
2750 3656 2971 3728 quando
3022 3655 3102 3710 sol
3146 3655 3251 3709 hac
3289 3651 3576 3708 insolentia

2006 3758 2303 3829 quidquam
2336 3756 2473 3810 vidit
2506 3753 2830 3808 insolentius
2855 3757 3022 3819 atque
3054 3746 3386 3809 inusitatius,
3417 3751 3477 3796 ut
3512 3758 3577 3798 ex

2006 3859 2271 3913 stercore,
2298 3846 2441 3916 quod
2474 3847 2652 3910 aiunt,
2684 3844 2846 3897 homo
2874 3853 3067 3896 servus
3107 3853 3283 3903 meus,
3316 3835 3408 3905 qui
3442 3835 3580 3888 mul-

2008 3950 2123 3996 tum
2163 3939 2507 4010 gloriaretur,
2541 3937 2585 3991 si
2628 3950 2658 3989 a
2705 3949 2792 3989 me
2834 3932 3046 4002 placido
3096 3930 3251 3984 vultu
3306 3929 3574 3998 dignatus,

2005 4040 2102 4087 aut
2131 4031 2300 4086 verbo
2330 4028 2590 4084 amiciore
2617 4026 2921 4096 appellatus
2951 4034 3118 4088 esset,
3149 4034 3295 4076 nunc
3326 4018 3578 4089 petulan-

2006 4132 2091 4179 ter
2126 4124 2179 4178 in
2222 4137 2311 4176 me
2367 4118 2653 4179 insultare,
2690 4132 2959 4185 suumque
3009 4116 3208 4169 fastum
3237 4125 3291 4166 et
3329 4108 3578 4180 maligni-

2007 4223 2172 4272 tatem
2220 4225 2540 4282 expromere
2594 4209 2805 4280 possit?
2861 4208 2942 4263 Ob
2992 4207 3156 4261 hasce
3205 4218 3403 4258 causas
3461 4216 3572 4265 me,

2004 4320 2269 4376 meosque
2334 4317 2553 4359 servare
2635 4298 2784 4354 volui
2827 4313 2840 4350 :
2881 4306 2939 4353 et
3001 4295 3143 4365 quod
3200 4305 3576 4361 saepenumero

2002 4415 2131 4456 vere
2164 4399 2357 4454 beatus
2391 4377 2480 4449 ille
2532 4394 2833 4467 imperator
2871 4391 3118 4459 urgebat,
3169 4386 3422 4455 quodque
3456 4397 3571 4436 om-

2004 4507 2107 4547 nes
2152 4495 2374 4551 norunt,
2422 4484 2659 4540 inimicis
2734 4482 3081 4551 potissimum
3118 4494 3186 4533 eo
3226 4475 3572 4532 necessitatis

2007 4599 2092 4639 me
2122 4579 2486 4653 adigentibus,
2515 4577 2790 4641 facere,et
2812 4575 2882 4630 ita
2917 4588 3091 4628 meam
3127 4570 3391 4642 privatam
3422 4569 3574 4622 inco-

2000 4676 2301 4731 lumitatem
2329 4687 2454 4729 cum
2508 4671 2676 4725 totius
2715 4667 3030 4738 reipublicae
3058 4665 3234 4720 salute
3275 4659 3568 4717 incolumi-

1999 4777 2219 4838 tateque
2251 4763 2608 4835 conjungere.
2649 4761 2828 4831 Atque
2858 4775 2922 4815 ex
2953 4758 3047 4814 illo
3088 4771 3260 4826 usque
3293 4768 3440 4809 nunc
3477 4769 3570 4823 pa-

1996 4876 2114 4918 cem
2161 4875 2256 4915 eos
2294 4871 2522 4929 poscere
2554 4869 2831 4923 nunquam
2855 4852 3061 4908 destiti.
3093 4851 3201 4906 Sed
3227 4848 3568 4904 antliericum

1996 4960 2205 5007 metere
2236 4949 2425 5005 videor
2465 4947 2577 5018 (37)
2611 4965 2624 5001 :
2657 4946 2838 5001 omnia
2886 4945 3032 4998 enim
3068 4943 3174 4997 illis
3203 4941 3380 4998 facilia
3416 4947 3566 5001 sunt,

1997 5041 2237 5110 ferrique
2286 5048 2543 5109 possunt,
2595 5052 2787 5106 pacem
2821 5036 2990 5092 solam
3024 5035 3137 5105 pati
3176 5048 3285 5087 non
3314 5038 3566 5101 possunt.

1996 5131 2444 5202 lntrospiciamus
2474 5131 2640 5199 igitur
2672 5138 2794 5184 uter
2827 5128 3035 5182 laesisse
3079 5141 3143 5181 ac
3172 5125 3450 5195 pejerasse
3483 5122 3568 5177 vi-

1994 5223 2232 5290 deatur;
2294 5221 2411 5277 isne
2478 5221 2574 5291 qui
2630 5237 2661 5275 a
2712 5219 2982 5290 principio
3037 5204 3241 5288 jurata'
3286 5213 3562 5277 servavit,

1994 5314 2170 5371 donec
2207 5315 2393 5369 hostes
2447 5328 2548 5384 per
2598 5314 2710 5367 vim
2765 5313 2924 5368 fidem
2964 5312 3267 5382 fregerunt,
3297 5320 3351 5364 et
3388 5308 3568 5362 adhuc

1992 5420 2180 5476 pacem
2219 5406 2379 5477 petit,
2417 5415 2640 5476 paratus
2670 5420 2821 5460 arma
2867 5419 3113 5475 ponere;
3152 5418 3218 5458 an
3273 5417 3435 5474 quem
3468 5414 3569 5456 nec

1555 5545 1772 5608 Jacobi
1811 5547 2075 5610 Pontani
2111 5554 2298 5609 notet.

400 5656 511 5728 (57)
542 5657 921 5741 Pfoyerbium.
954 5659 1042 5741 .de
1071 5676 1138 5741 ευ
1179 5663 1326 5741 quod
1376 5665 1494 5741 fieri
1532 5683 1649 5741 _uon
1684 5678 1943 5741 potestm
1995 5678 2049 5726 et
2079 5672 2358 5741 asphodeli
2415 5672 2675 5733 fructum.
2723 5680 2776 5727 et
2825 5671 3009 5727 herba:
3065 5670 3337 5739 quoddam
3390 5686 3565 5741 genus

319 5729 604 5800 sedquod
658 5728 915 5797 inaniter,
952 5728 1219 5800 inutiliter
1250 5735 1329 5800 fit,
1367 5737 1435 5790 de
1478 5737 1664 5794 labore
1686 5728 1886 5796 sterili.

328 5798 671 5879 ’Avpéptxgovr
707 5800 925 5868 quidam
963 5799 1198 5879 fructum
1233 5873 1251 5879 _
1259 5798 1546 5879 asphodeli
1580 5848 1597 5873 ,
1668 5809 1886 5879 quidam

1994 5756 2118 5796 esse
2165 5745 2299 5808 vult,
2336 5743 2570 5799 fortasse
2617 5742 2768 5804 illud,
2797 5743 2939 5813 quod
2984 5743 3137 5796 aiunt
3167 5741 3388 5810 quidam
3436 5743 3562 5795 mrti

1994 5827 2107 5866 non
2149 5828 2327 5880 posse,
2374 5814 2466 5868 sed
2501 5822 2556 5867 ut
2588 5813 2780 5872 linum,
2816 5812 3065 5868 inanibus
3094 5813 3215 5867 velli
3250 5812 3470 5876 debere,
3508 5823 3568 5866 et

320 5867 531 5925 utilem
566 5867 774 5926 tantum
819 5884 943 5927 esse
987 5873 1198 5930 scribit.
1231 5867 1533 5947 Hesychius
1582 5867 1880 5952 ’ἀνθ’ἐρικον

2008 5885 2121 5937 tinc
2149 5867 2356 5963 factum
2389 5867 2741 5955 proverbium
2767 5867 3056 5955 ἀνθέρικον
3089 5882 3349 5954 θερίζειν.
