4048 6448
543 509 680 578 ίίὶτ

1715 502 2048 568 JoANNlS
2091 476 2629 566 CANI‘ACUZE‘NI

3652 510 3762 575 1148

546 635 678 681 ante
704 639 809 678 nec
845 632 973 695 post
1031 624 1327 695 quidquam
1379 622 1659 694 probabile
1707 623 1963 677 actitasse
2001 636 2132 675 con-

2243 620 2378 689 μήτε
2436 620 2725 690 πρότερον,
2790 620 2920 691 μήθ’
2962 619 3191 692 ὕστερον
3224 621 3336 675 τῶν
3383 622 3598 678 δεόντων
3628 627 3763 693 μηδὲν

545 726 674 772 stat.
717 715 784 771 Et
827 717 1087 786 quoniam
1121 718 1431 788 patriarcha
1461 716 1593 770 mihi
1615 714 1825 771 cladem
1854 708 2000 775 'belli
2037 715 2128 769 ad-

545 810 755 874 scribit,
808 820 863 864 et
902 812 1008 864 hoc
1042 825 1130 865 me
1187 810 1415 864 crimine
1465 810 1728 879 aspergit,
1772 824 1895 880 age,
1933 818 2056 863 uter
2095 824 2127 863 e

2231 713 2561 781 φαινόμενος
2598 717 2795 767 ποιεῖν.
2842 714 2996 767 Ἐπεὶ
3026 715 3082 768 δέ
3122 733 3211 785 μοι
3241 716 3337 769 καὶ
3382 716 3477 785 τὴν
3509 719 3765 787 γεγενημέ-

2235 822 2332 873 νην
2370 805 2578 875 φθοράν
2624 806 2731 858 ὑπὸ
2785 808 2877 861 τοῦ
2936 805 3177 876 πολέμου
3212 807 3597 878 προστρίϐεται
3632 812 3655 861 ὁ
3685 827 3767 862 πα-

549 901 762 956 duobus
788 903 943 958 istius
960 904 1130 957 cladis
1158 904 1337 973 potius
1368 911 1558 957 auctor
1579 902 1671 965 sit,
1695 903 2126 959 consideremus.

2243 900 2523 967 τριάρχης,
2546 897 2877 966 σκεψώμεθα
2902 899 2984 961 τίς
3013 901 3189 963 αἴτιος
3223 900 3413 967 αὐτῆς.
3444 900 3652 969 Πρῶτον
3682 902 3764 969 μὲν

549 989 788 1045 Primum
846 995 992 1047 enim
1041 993 1255 1062 Opinor,
1290 1008 1738 1064 unumquemque
1795 994 2009 1062 culpam
2044 996 2129 1047 in-

548 1086 958 1139 commodorum
1016 1087 1138 1139 belli
1193 1087 1246 1139 in
1279 1102 1406 1141 eum
1440 1086 1759 1153 transferre,
1795 1101 1824 1141 a
1856 1101 1966 1156 quo
2010 1086 2130 1141 bel-

547 1176 656 1229 lum
689 1176 995 1244 profectum
1023 1185 1109 1231 est
1134 1195 1149 1231 :
1171 1191 1297 1231 nam
1326 1178 1517 1232 salutis
1580 1192 1746 1233 causa
1777 1192 1899 1232 sese
1933 1177 2129 1243 tuenti,

545 1282 708 1320 nemo
737 1268 921 1322 adhuc
953 1268 1133 1323 dicam
1185 1269 1429 1338 scripsit.
1485 1268 1694 1324 Deinde
1731 1270 2007 1340 sigillatim
2045 1269 2133 1323 in-

546 1360 852 1427 quiramus,
884 1376 913 1413 a
950 1361 1152 1430 quibus
1183 1362 1452 1415 bonorum
1483 1361 1903 1431 publicationes,
1933 1362 2130 1427 cades,

547 1449 756 1513 exsilia,
804 1466 1081 1517 carceres,
1136 1454 1335 1508 eculei.
1403 1453 1594 1509 Nonne
1630 1456 1699 1508 ab
1742 1455 1914 1525 ipsis?
1951 1470 2135 1509 nonne

548 1539 830 1610 lacrymis,
892 1559 1079 1598 nonne
1176 1547 1466 1600 cruoribus
1521 1546 1809 1602 universas
1887 1548 2137 1603 civitates

553 1634 952 1702 repleverunt?
984 1637 1180 1692 Nonne
1232 1654 1335 1692 ceu
1388 1654 1709 1695 communes
1765 1640 2135 1694 Romanorum

553 1726 744 1781 hostes
781 1728 1003 1798 impune
1050 1732 1365 1799 volitantes,
1400 1732 1604 1802 ubique
1663 1734 1953 1802 optimates
2007 1749 2141 1789 con-

552 1818 939 1876 truridarunt?
975 1838 1159 1879 nonne
1188 1825 1489 1895 publicam,
1526 1826 1907 1897 privatamque
1940 1827 2143 1887 Roma-

555 1926 754 1966 norum
788 1915 1075 1983 pecuniam
1116 1916 1170 1971 in
1218 1933 1305 1972 res
1335 1917 1488 1972 nihili
1521 1918 1933 1987 profuderunt?
1982 1920 2137 1975 Mitto

556 2001 703 2055 enim
752 2003 937 2059 dicere
962 2015 1232 2071 nostram,
1271 2008 1409 2062 adeo
1455 2008 1778 2072 immanem,
1812 2025 1976 2079 quam
2025 2009 2133 2064 nisi

514 2144 531 2163 κ
556 2092 660 2161 ipsi
710 2094 851 2150 bello
902 2107 1180 2153 commoto
1215 2098 1577 2168 dissipassent
1615 2100 1828 2171 (Deum
1864 2103 2137 2172 inspecto-

460 2222 479 2236 .
558 2195 673 2236 rem
731 2184 1097 2252 occultorum,
1152 2188 1578 2259 abditorumque
1636 2192 1883 2247 omnium
1942 2203 2133 2252 testem

557 2272 760 2344 laudo)
793 2276 848 2331 in
877 2280 1157 2334 roermuni
1205 2281 1442 2337 utilitate
1494 2281 1762 2339 collocare
1810 2295 2134 2345 statueram.

556 2362 750 2421 Nonne
805 2369 989 2435 urbes,
1039 2370 1173 2427 alias
1229 2372 1452 2443 quidem
1518 2372 1706 2430 Mtesis
1770 2377 2135 2445 tradiderunt,

559 2456 694 2511 alias
720 2458 953 2517 libentes
985 2461 1240 2521 Triballis
1270 2464 1677 2533 permiserunt?
1708 2468 1905 2523 Nonne
1931 2469 2137 2526 Barba-

559 2565 653 2607 ros
687 2553 789 2622 ipsi
830 2556 991 2624 primi
1030 2556 1293 2612 Romanis
1324 2558 1688 2626 induxerunt,
1738 2563 2139 2620 Macedoniam-

560 2660 671 2713 que
704 2645 1078 2709 iucursarunt,
1120 2656 1176 2701 et
1216 2649 1270 2702 in
1305 2651 1629 2706 servitutem
1668 2653 1932 2721 plurimos
1963 2657 2137 2711 abdu-

561 2735 801 2790 xerunt?
835 2738 1028 2791 Nonne
1069 2738 1361 2795 Thraciam
1392 2751 1558 2797 totam
1605 2746 1811 2799 crebris
1840 2750 2141 2817 expeditio-

563 2828 722 2883 nibus
754 2830 899 2883 velut
936 2831 1174 2885 hostium
1205 2836 1549 2902 provinciam
1582 2848 1812 2904 vastam,
1846 2856 1911 2894 ac
1956 2843 2141 2897 deser-

568 2928 679 2973 tam
713 2921 1104 2978 reddiderunt?
1138 2924 1330 2979 Nonne
1357 2930 1734 2984 recentissimo
1758 2931 2059 2998 Morrham,
2083 2945 2142 2989 ut

556 3020 594 3063 'a
624 3025 710 3065 me
733 3019 994 3075 stantem,
1019 3013 1450 3070 deformarunt?
1500 3017 1695 3072 Nonne
1717 3023 2023 3075 communia
2048 3038 2142 3078 ve-

560 3106 778 3177 cﬁgalia
801 3110 983 3165 omnia
1014 3111 1351 3165 sustulerunt
1371 3113 1393 3165 ?
1410 3110 1600 3167 Nonne
1621 3115 1892 3170 exercitus
1932 3127 2141 3185 partem

563 3200 781 3269 quidem
806 3211 864 3255 ut
883 3203 1249 3258 adversariam
1285 3205 1385 3275 ipsi
1411 3206 1811 3271 contriverunt,
1829 3201 1994 3278 609
2018 3225 2142 3278 par-

2233 990 2343 1059 γὰρ
2372 991 2558 1059 οἴομαι
2583 990 2767 1043 πάντα
2787 991 3030 1044 ὁντινοῦν
3084 992 3163 1058 τῷ
3187 992 3411 1061 ἄρχοντι
3442 992 3664 1061 πολέμου
3689 992 3771 1062 τὴν

2235 1082 2411 1135 αἰτίαν
2440 1083 2546 1136 τῶν
2588 1083 2891 1152 γινομένων
2931 1084 3229 1154 ἀναθήσειν
3260 1101 3273 1116 ·
3316 1072 3634 1154 ἀμυνομένῳ
3673 1084 3766 1153 γὰρ

2233 1174 2492 1228 οὐδέποτε
2546 1176 2723 1239 οὐδεὶς
2774 1176 3114 1241 ἐνεκάλεσεν,
3146 1177 3229 1230 ὅτι
3284 1176 3534 1240 διασώζει
3584 1177 3769 1229 ἑαυτόν·

2235 1268 2426 1321 ἔπειτα
2486 1268 2836 1336 ἐξετάσωμεν
2866 1271 2963 1322 καὶ
2988 1268 3054 1320 τά
3076 1268 3217 1322 κατά
3253 1269 3441 1338 μέρος,
3471 1269 3611 1336 παρά
3633 1268 3770 1321 τίνων

2236 1362 2531 1431 δημεύσεις
2559 1362 2656 1414 καὶ
2683 1363 2914 1429 σφαγαὶ,
2947 1362 3042 1415 καὶ
3064 1362 3292 1429 ἐξορίαι,
3327 1364 3423 1417 καὶ
3441 1361 3769 1431 δεσμωτήρια,

2239 1454 2335 1507 καὶ
2369 1452 2759 1523 στρεϐλώσεις.
2794 1453 2931 1524 Οὐχὶ
2989 1454 3121 1524 παρ’
3178 1452 3392 1518 αύτῶν;
3448 1453 3508 1504 ού
3553 1451 3770 1521 δακρύων

2239 1545 2546 1615 ἐνέπλησαν
2602 1545 2702 1608 τὰς
2755 1545 2941 1609 πόλεις
2987 1547 3195 1610 πάσας,
3253 1546 3353 1614 οὐχ
3392 1544 3657 1614 αἱμάτων;
3694 1543 3772 1612 οὐχ

2236 1636 2429 1706 ὥσπερ
2485 1637 2656 1689 κοινοὶ
2713 1637 2825 1690 τῶν
2883 1636 3173 1706 Ῥωμαίων
3227 1636 3478 1705 πολέμιοι
3529 1634 3770 1704 περιόντες

2239 1730 2365 1791 τοὺς
2393 1727 2703 1798 ἑκασταχοῦ
2754 1727 3015 1798 ἀρίστους
3089 1728 3523 1798 διαφθείρουσινς
3552 1726 3607 1779 οὐ
3638 1724 3696 1779 τά
3724 1740 3772 1777 τε

2242 1820 2399 1875 κοινά
2433 1821 2528 1874 καὶ
2577 1822 2646 1874 τὰ
2691 1821 2798 1875 tam
2823 1823 2932 1875 τῶν
2976 1821 3269 1891 Ῥωμαίων
3315 1820 3570 1891 χρήματα
3598 1818 3775 1872 avdire-

2247 1927 2369 1973 σαν,
2429 1911 2509 1973 είς
2559 1909 2713 1964 οὐδὲν
2744 1908 2906 1975 δέον;
2949 1909 3054 1962 Ἐὦ
3096 1910 3205 1979 γὰρ
3237 1909 3421 1977 λέγειν
3462 1910 3529 1961 τά
3571 1907 3775 1982 ἡμέτερα

2237 2001 2480 2057 τοσαῦτα
2509 2000 2661 2068 ὄντα,
2689 2001 2725 2055 ἀ
2760 2003 2810 2055 εί
2846 2001 2921 2072 μὴ
2949 2001 3110 2056 αὐτοὶ
3132 2000 3442 2071 διέφθειρον
3465 1998 3552 2053 τὸν
3576 1997 3773 2066 πόλεμον

2238 2094 2622 2165 κεκινηκότες,
2647 2093 2801 2164 ὑπὲρ,
2817 2093 2918 2162 τῆς
2951 2092 3138 2162 κοινῆς
3162 2092 3433 2160 ὡφελείας
3455 2091 3521 2145 ἂν
3547 2089 3772 2151 ἀνάλωτο,

2238 2187 2429 2258 ὥσπερ
2459 2185 2980 2257 παρεσκευαζόμην,
3037 2186 3170 2240 ῐστω
3203 2187 3339 2252 Θεὸς
3385 2188 3414 2241 ὁ
3450 2186 3662 2239 πάντων
3690 2183 3774 2236 τῶν

2245 2280 2461 2349 ἀδήλων
2492 2280 2590 2334 καὶ
2622 2281 2873 2352 κρυφίων
2907 2281 3178 2349 γνώστης.
3209 2282 3287 2335 Οὐ
3347 2281 3543 2347 πόλεις,
3576 2280 3664 2339 τὰς
3700 2277 3775 2347 μὲν

2250 2373 2405 2425 αὐτοὶ
2435 2372 2860 2442 παραδεδώκασι
2895 2374 3118 2437 Μυσοῖς,
3153 2374 3252 2436 τὰς
3286 2374 3333 2428 δ’
3365 2373 3537 2427 ἑκοντὶ
3564 2372 3772 2440 προεῖντο

2253 2463 2543 2532 Τριδαλοῖς
2572 2465 2684 2527 ;Ού
2742 2464 3055 2535 βαρϐάρους
3087 2464 3244 2516 αὐτοὶ
3289 2464 3493 2534 πρῶτοι
3533 2465 3638 2523 τοῖς
3675 2460 3773 2511 'i’m-

2245 2555 2426 2625 μαίοις
2484 2557 2766 2626 ἐπήγαγον
2819 2556 3167 2610 Μακεδονίαν
3218 2556 3656 2625 κατατρέχοντες,
3700 2550 3773 2603 καὶ

2243 2646 2819 2716 ἐξανδραποδιζόμενοι
2846 2648 2921 2708 ὡς
2940 2640 3211 2716 ’πολεμίαν
3236 2666 3251 2713 ;
3278 2650 3350 2701 Οὐ
3382 2647 3595 2719 Θρᾴκην
3632 2645 3774 2696 πᾶσαν

2241 2740 2360 2801 ταῖς
2397 2740 2619 2808 συχναῖς
2655 2739 3151 2809 αύτοὶμστρατείαις
3197 2741 3456 2809 ἀοίκητον
3484 2736 3770 2800 ἁπέδειξανς

2248 2831 2323 2882 0'3
2360 2804 2495 2899 7.0%;
2519 2832 2614 2883 καὶ
2638 2804 2835 2902 "cptqu
2858 2804 3085 2902 Μύρραν
3117 2804 3449 2905 διέφθειρον,
3482 2832 3553 2895 ὡς
3573 2829 3654 2882 ὑπ’
3673 2824 3770 2895 ἐμοὶ

2242 2920 2543 2987 τελοῦσανς
2582 2921 2641 2972 ού
2662 2922 2757 2982 τὰς
2792 2922 2979 2980 κοινὰς
3018 2921 3313 2991 προσόδους
3342 2922 3517 2983 πάσας
3551 2920 3770 2987 ἐποίησαν

2245 3013 2575 3077 ἁπολιπείν;
2629 3014 2701 3064 υἱ)
2756 3012 2857 3081 τῆς
2899 3014 3157 3083 στρατιᾶς
3204 3012 3267 3064 τὸ
3304 3012 3402 3083 μὲν
3438 3013 3511 3074 ὡς
3558 3009 3771 3075 πολέμιον

2244 3107 2399 3160 αὐτοὶ
2454 3106 2783 3174 διέφθειραν,
2817 3104 2909 3157 τοῦ
2968 3104 3025 3158 δέ
3070 3105 3362 3175 ἠμέλησαν
3417 3106 3491 3166 ὡς
3537 3102 3765 3156 ύπὸπτονο

2245 3198 2422 3265 ὀλίγον
2455 3198 2510 3251 δὲ
2541 3198 2618 3249 ἔτι
2644 3198 2704 3249 τὸ
2733 3197 3054 3266 λειπόμενον
3086 3199 3177 3249 καὶ
3207 3197 3450 3266 φαῦλονς
3494 3195 3635 3266 Ἐμοὶ
3663 3192 3709 3244 δὲ
3731 3188 3771 3243 τί

587 3305 673 3344 em
721 3304 779 3346 ut
809 3304 1119 3362 suspectam
1164 3297 1506 3365 reliquerunt
1543 3313 1556 3348 :
1593 3314 1713 3366 qua:
1745 3308 1924 3353 autem
1962 3301 2138 3353 adhuc

2243 3292 2481 3343 τοιοῦτον
2536 3290 2828 3359 εἴργασται
2861 3305 2874 3353 ;
2912 3288 3052 3357 πλὴν
3105 3291 3187 3341 ὅτι
3227 3290 3509 3360 ἀμύνομαι
3560 3287 3770 3345 ἐπιόντας

564 3393 759 3447 restat,
792 3400 854 3439 ea
884 3395 940 3440 et
972 3401 1227 3453 numero,
1274 3398 1329 3443 ct
1375 3404 1576 3459 genere
1609 3389 1824 3443 intirma
1852 3391 1973 3443 est?
2001 3390 2140 3456 Quid

568 3490 668 3545 ego
695 3476 914 3530 simile?
946 3478 1051 3532 nisi
1070 3483 1210 3548 quod
1247 3480 1801 3536 llmsosctTriballos
1821 3484 2144 3540 invadentes

566 3569 771 3636 repello
810 3584 823 3619 :
850 3584 1085 3636 cumque
1113 3571 1241 3626 istas
1270 3573 1637 3626 llornanorum
1668 3574 1923 3642 reliquias
1956 3589 2140 3629 eorum

568 3660 744 3729 copiis
770 3676 880 3714 non
918 3662 1119 3730 possim
1157 3679 1457 3732 opponere,
1501 3666 1811 3719 necessario
1833 3664 2099 3733 Barbaros
2128 3706 2144 3731 ,

569 3753 783 3808 illorum
817 3755 1064 3810 imitatus
1098 3758 1429 3826 exemplum,
1483 3758 1664 3813 socios
1717 3758 1846 3812 mihi
1883 3760 2141 3831 adjungo.

571 3842 689 3899 Utri
733 3846 895 3917 igitur
930 3848 1341 3918 pepulationum
1394 3851 1644 3912 istarum,
1688 3866 1750 3905 ac
1781 3852 1950 3920 pestis
1984 3870 2145 3908 causa

567 3941 899 3996 exstiterunt
933 3956 946 3991 :
978 3941 1062 3996 vel
1098 3942 1283 4011 potius
1308 3942 1414 3996 utri
1446 3942 1794 4011 populatores
1817 3945 2057 4010 fuerunt,
2084 3964 2149 4003 ac

568 4043 776 4103 pestem
809 4035 1025 4103 ipsimet
1044 4035 1360 4090 dederunt?
1389 4033 1580 4089 Nonne
1622 4035 1769 4104 ipsi?
1799 4038 1997 4107 quibus
2025 4056 2148 4107 pcr-

571 4127 699 4180 inde
753 4128 1046 4198 contingit,
1106 4137 1167 4182 ut
1203 4127 1251 4181 si
1281 4128 1405 4195 quis
1434 4127 1488 4181 in
1521 4130 1719 4183 coelum
1752 4131 2019 4199 jaculans,
2053 4147 2149 4200 po-

566 4232 683 4275 Btca
735 4220 855 4274 telis
898 4221 956 4274 in
1005 4236 1063 4274 se
1094 4218 1479 4274 decidentibus
1506 4221 1845 4285 vulneratus,
1874 4239 1984 4279 non
2014 4224 2144 4288 sibi,

567 4314 662 4367 sed
707 4314 848 4368 cado
887 4328 1106 4367 causam
1164 4314 1446 4381 plagarum
1498 4315 1785 4370 tribueret.
1835 4317 1941 4371 Eos
1986 4316 2150 4385 igitur

571 4404 833 4459 Romanis
861 4404 1186 4474 oppidatim,
1209 4413 1413 4475 quanta
1437 4407 1619 4462 verbis
1647 4387 1903 4477 explicari
1935 4410 2145 4479 nequit,

567 4497 932 4550 calamitatem
968 4493 1266 4558 invexisse,
1303 4504 1490 4566 totque
1532 4500 1895 4567 captivorum,
1929 4509 2148 4567 tamque

569 4588 802 4657 direpta:
847 4586 1086 4656 regionis
1135 4585 1372 4640 maxime
1411 4604 1536 4644 reos
1581 4604 1719 4651 esse.
1768 4605 1955 4657 pacem
2000 4588 2150 4642 auri~
2180 4628 2223 4681 Β

568 4683 673 4736 bus
724 4691 1075 4751 respuentes,
1113 4691 1325 4738 tantum
1358 4691 1417 4738 ut
1469 4698 1556 4736 me
1595 4683 1908 4751 perderent,
1944 4698 2011 4736 ex
2060 4683 2147 4737 his

566 4774 765 4844 liquet.
820 4774 979 4829 Subit
1027 4785 1210 4831 autem
1265 4758 1589 4847 patriarchae
1634 4776 1936 4844 nequitiam
1975 4777 2146 4845 magis

566 4868 688 4939 (sic
737 4870 886 4923 enim
938 4870 1111 4942 magis
1142 4870 1385 4925 vocanda
1425 4869 1552 4939 est)
1601 4882 1760 4937 quam
1808 4868 2153 4923 incuriosita-

567 4968 678 5014 tem
710 4959 766 5012 in
801 4961 1036 5031 negotiis
1069 4962 1352 5026 admirari,
1383 4961 1526 5030 quod
1558 4974 1681 5014 cum
1730 4974 1872 5029 saepe
1919 4975 1982 5013 ac
2010 4959 2152 5013 mul-

570 5060 686 5106 tum
722 5067 910 5122 pacem
943 5056 1272 5124 rogaverim,
1307 5064 1361 5109 et
1385 5055 1563 5124 ipsum
1597 5055 1895 5122 praesertim
1924 5063 1984 5107 ut
2013 5068 2151 5120 prae-

567 5147 740 5200 sidem
782 5162 846 5201 ac
878 5158 1167 5217 patronum
1231 5148 1405 5217 pacis,
1438 5156 1493 5201 et
1523 5147 1772 5215 quotidie
1821 5163 2008 5217 pacem
2057 5164 2151 5218 ap-

569 5248 888 5307 precantem
935 5241 1212 5305 omnibus,
1264 5249 1374 5293 tum
1424 5238 1643 5308 quidem
1700 5239 1955 5318 precibus
2001 5256 2148 5294 nun-

569 5346 734 5401 quam
785 5331 1032 5396 cesserit,
1079 5347 1262 5402 neque
1317 5332 1525 5387 viscera
1579 5332 1878 5387 Ecclesiam
1935 5335 2149 5402 aperire

571 5422 794 5489 dixerit,
830 5424 924 5477 sed
955 5432 1117 5477 erant
1150 5425 1369 5478 duriora
1405 5423 1651 5493 chalybe,
1700 5437 1845 5478 nunc
1872 5426 1965 5478 ubi
1995 5438 2147 5478 com-

571 5523 757 5569 menta
787 5522 843 5568 et
874 5513 1157 5568 mendacia
1192 5515 1434 5584 prarfecti
1466 5515 1704 5570 cubiculi
1759 5515 1999 5582 audivit,
2030 5516 2151 5586 qui-

568 5607 674 5663 bus
721 5606 823 5676 ipsi
857 5605 993 5659 nihil
1023 5607 1446 5677 estjucundius,
1474 5616 1699 5677 repente
1728 5608 1872 5663 mitis
1904 5624 1968 5663 ac
1997 5623 2150 5661 man-

574 5707 768 5752 suetus
797 5696 1138 5767 apparuerit.
1176 5698 1414 5752 Tametsi
1456 5698 1853 5768 interrogarem
1890 5698 2145 5763 libenter,

571 5804 866 5859 q'iamnam
899 5789 1042 5843 hanc
1076 5790 1375 5844 Ecclesiarn
1427 5790 1594 5845 dicat.
1644 5791 1701 5843 Si
1754 5791 1896 5843 enim
1933 5791 2150 5845 univcr-

573 5893 691 5932 sam
724 5879 1113 5947 episcoporum
1160 5878 1581 5943 fraternitatem,
1642 5880 1779 5933 sciat
1815 5880 1956 5933 illam
2012 5896 2150 5934 nun-

576 5983 740 6038 quam
787 5966 997 6023 viscera
1046 5968 1334 6035 clausisse,
1379 5970 1475 6026 sed
1530 5980 1717 6039 aperta
1782 5970 2069 6039 hucusque
2116 5986 2146 6025 a

2248 3387 2342 3437 καὶ
2372 3382 2595 3444 Μυσοὺς
2622 3385 2713 3435 καὶ
2743 3382 3068 3451 Τριϐαλούς·
3105 3383 3197 3435 καὶ
3222 3384 3325 3455 τὴν
3372 3383 3642 3450 Ῥωμαίων
3666 3379 3770 3431 ὑπο·

2247 3476 2582 3545 λειπομένην
2630 3477 2896 3543 ἐπάγουσι
2953 3476 3179 3545 δύναμιν
3236 3478 3313 3547 μὴ
3346 3476 3622 3546 δυνάμενος
3657 3472 3773 3524 ἀντι-

2249 3570 2650 3635 καθίστασθαι,
2686 3570 2746 3635 ag
2806 3570 3052 3639 ἀνάγκης
3116 3569 3428 3640 βαρϐάρους
3497 3565 3772 3634 συμμάχους

2249 3662 2905 3734 προσκαλοῦμαι,ὢσπερ
2937 3664 3223 3733 ἐδιδάχθην
3255 3665 3348 3717 ὑπ’
3375 3657 3773 3718 αὐτῶν.’οπότεο

2248 3773 2340 3823 ρος
2371 3752 2464 3810 οὖν
2497 3760 2594 3827 τῆς
2626 3757 2834 3827 φθορᾶς
2864 3757 2959 3810 καὶ
2986 3758 3083 3825 τῆς
3114 3757 3412 3826 λεηλασίας
3430 3754 3626 3819 αἴτιος,
3664 3745 3775 3819 μᾶλ·

2245 3850 2336 3903 λον
2367 3852 2425 3905 δὲ
2457 3852 2756 3922 αὐτουργός
2788 3867 2803 3915 ;
2839 3852 2950 3921 Οὐχ
2995 3843 3173 3915 obeat;
3201 3849 3495 3921 Συμὸαίνει
3525 3847 3578 3899 δὲ
3623 3840 3774 3899 αὐτοῖς

2246 3943 2438 4012 ὥσπερ
2465 3944 2530 3997 ἂν
2563 3943 2618 3996 εἴ
2654 3961 2739 4008 τις
2771 3945 2851 4006 είς
2879 3940 3106 4014 οὐρανὸν
3136 3943 3397 4011 τοξεύων,
3430 3941 3612 3994 ἔπειτα
3649 3948 3775 4000 περε-

2248 4035 2574 4106 πειρόμενος
2628 4036 2734 4089 ὑπὸ
2768 4036 3071 4089 κατιόντων
3102 4036 3210 4089 τῶν
3243 4036 3436 4107 βελῶν,
3467 4037 3558 4104 οὐχ
3607 4024 3771 4096 ἐαυτῷ,

2246 4126 2366 4183 ἀλλ’
2402 4129 2617 4197 οὐρανῷ
2647 4127 3062 4198 προσλογίζοιτο
3091 4128 3190 4200 τὴν
3223 4129 3404 4183 αἰτίαν
3454 4128 3545 4196 τῆς
3574 4123 3770 4189 πληγῆς-

2252 4218 2375 4272 "Ott
2425 4221 2525 4289 μὲν
2579 4215 2673 4271 οὖν
2704 4221 2803 4289 τήν
2865 4236 2927 4273 τε
2990 4218 3135 4273 κατὰ
3170 4221 3271 4283 τὰς
3310 4221 3490 4282 πόλεις
3536 4215 3770 4286 ἀμύθητον

2260 4312 2552 4380 Ῥωμαίων
2578 4312 2878 4383 δυστυχίαν
2910 4312 3066 4366 αὐτοὶ
3093 4315 3440 4384 εἰργάσαντο,
3474 4310 3563 4365 καὶ
3595 4306 3677 4361 τοῦ
3701 4305 3773 4355 ἀν-

2251 4404 2654 4474 δραποδισμοῦ,
2687 4406 2787 4457 καὶ
2839 4405 2940 4473 τῆς
2975 4404 3268 4474 λεηλασίας
3310 4406 3409 4476 τῆς
3434 4403 3589 4471 ἄλλης
3620 4396 3771 4467 χώρας

2253 4496 2565 4549 αἰτιώτατοι
2628 4496 2805 4561 αὐτοὶ,
2841 4496 2966 4567 μηδ’
3002 4496 3193 4567 ἄκροις
3245 4497 3350 4551 ὠσὶ
3389 4490 3772 4565 παραδεχόμενοι

2252 4588 2350 4657 τὴν
2385 4589 2632 4657 εἰρήνην,
2666 4586 2732 4639 ἵν’
2769 4586 2869 4656 ἐμὲ
2904 4586 3137 4640 ἀνέλωσι
3182 4587 3368 4655 μόνον,
3404 4587 3466 4640 ἐκ
3494 4582 3678 4637 τούτων
3697 4574 3772 4640 δῆ·

2253 4680 2367 4733 λον.
2411 4681 2635 4734 Ἔπεισι
2660 4680 2715 4732 δέ
2753 4698 2844 4750 μοι
2872 4679 2968 4733 τοῦ
2999 4682 3368 4752 πατριάρχου,
3399 4681 3445 4732 εἰ
3466 4678 3541 4731 δεῖ
3564 4673 3632 4743 μὴ
3659 4667 3771 4739 μᾶλ-

2254 4774 2343 4826 λον
2376 4772 2475 4843 τὴν
2520 4773 2787 4844 πονηρίαν
2820 4773 2853 4845 ἢ
2901 4773 3332 4846 ἀπραγμοσύνην
3361 4773 3556 4839 λέγειν,
3585 4757 3766 4829 Θαυμά-

2253 4865 2389 4931 (etv,
2416 4866 2502 4927 ὅτι
2543 4866 2717 4918 πολλὰ
2747 4865 3007 4930 πολλάκις
3033 4866 3170 4936 ἐμοῦ
3204 4867 3335 4937 περὶ
3360 4864 3570 4935 εἰρήνης
3588 4850 3767 4923 δεηθέν·

2250 4974 2363 5023 τος,
2406 4957 2500 5011 καὶ
2532 4959 2770 5026 μάλιστα
2797 4956 2966 5012 αὐτοῦ
3013 4952 3102 5010 οἷα
3155 4956 3220 5027 δὴ
3269 4953 3565 5026 προστάτου
3602 4944 3685 5013 τῆς
3709 4938 3769 4991 εἷ·

2253 5052 2444 5118 ρήνης,
2481 5050 2575 5103 καὶ
2632 5050 2961 5119 καθημέραν
2993 5048 3221 5118 εἰρήνην
3252 5049 3417 5101 πᾶσιν
3448 5038 3764 5104 ἐπιλέγοντος,

2250 5142 2371 5194 τότε
2435 5140 2536 5211 μὲν
2584 5142 2844 5195 οὐδέποτε
2891 5140 3178 5210 ἐκάμφθη.
3240 5140 3361 5193 οὐδὲ
3411 5136 3476 5190 τὰ
3522 5128 3764 5193 σπλάγχνα

2250 5235 2494 5302 ἔφασκεν
2522 5234 2835 5301 ἀνοιγνύναι
2850 5232 2967 5302 τῆν’
2992 5232 3328 5302 Εκκλησίαν,
3349 5230 3462 5284 ἀλλ’
3482 5223 3611 5297 ἦσαν
3634 5216 3766 5278 σκλη-

2254 5327 2453 5396 ρότερα
2484 5327 2713 5395 χαλκοῦ,
2771 5327 2893 5380 νυνὶ
2941 5326 2988 5380 δ’
3044 5326 3136 5379 ὅτε
3188 5326 3298 5379 τῶν
3350 5319 3657 5390 πλασμάτων
3688 5305 3764 5360 καὶ

2248 5418 2620 5491 ψευδολογιῶν
2675 5419 2889 5489 ἀκήκοε
2950 5418 3487 5488 παρακοιμωμένου,
3544 5411 3617 5461 ὅτι
3664 5396 3747 5491 xuii

2252 5483 2445 5580 ⁵ίῃδονιινιν
2495 5483 2739 5575 μάλιστά
2774 5483 2939 5560 *εἰσιν
3002 5483 3172 5578 αύτῷ,
3204 5483 3459 5575 ἐξαίφνης
3490 5497 3644 5590 πρᾶος
3684 5483 3761 5590 fat

2249 5604 2459 5674 ἥμερος
2513 5600 2782 5669 ἀνεφάνη.
2834 5601 3030 5654 Καίτοι
3077 5618 3142 5668 γε
3177 5601 3401 5670 ἐροίμην
3430 5591 3576 5648 αὐτὸν
3602 5586 3757 5674 ὁποίαν

2249 5670 2377 5748 τινα
2400 5695 2548 5762 λέγει
2582 5694 2681 5764 τὴν
2721 5694 3052 5764 Ἐκκλησίαν
3080 5693 3304 5761 ταύτην.
3340 5691 3397 5743 Ei
3431 5688 3521 5756 μὲν
3562 5678 3653 5745 γὰρ
3679 5670 3755 5733 τὴν

2251 5788 2481 5842 καθόλου
2508 5786 2619 5839 τῶν
2648 5786 2967 5839 ἐπισκόπων
2999 5787 3355 5857 ἀδελφότητα,
3385 5780 3507 5832 ίστω
3531 5766 3754 5841 μηδέποτε

2252 5879 2376 5949 ἐμοὶ
2416 5881 2486 5931 τὰ
2522 5878 2812 5948 σπλάγχνα
2845 5879 3141 5933 κλείσασαν
3179 5877 3409 5945 ἐκείνην,
3458 5864 3561 5923 CW.
3586 5863 3753 5949 “55'”.

2256 5946 2393 6043 μένοι
2434 5989 2523 6043 μοι
2554 5946 2633 6035 εἰς
2661 5973 2780 6026 τόδε
2812 5954 3048 6045 ἐξαρχῆς
3080 5969 3431 6043 διατηροῦσαν
3457 5979 3469 5996 ο
3496 5959 3543 6011 oi
3574 5946 3748 6006 πλείους
