4048 6436
351 532 492 597 ιιιο

1479 545 1851 609 HISTORIA
1868 549 2031 609 RUM
2073 550 2309 610 LIBER
2352 552 2466 610 III.

3462 546 3598 610 1150

348 650 455 717 γὰρ
488 648 609 717 ἐμοὶ
646 647 932 718 φρονοῦσιν
957 651 1068 717 ῐσα,
1098 653 1195 706 καὶ
1224 654 1427 723 πολλὴν
1445 658 1625 711 αὐτῶν
1650 658 1916 728 ὠμότητα

2033 661 2300 731 principio
2355 664 2641 717 tenuisse:
2670 662 2854 730 plures
2912 663 3113 732 quippe
3149 676 3333 717 eorum
3383 676 3593 715 mecum

351 739 764 806 κατα-γινώσκοι)
776 757 828 794 σι
848 742 963 819 ,τῶν
989 744 1119 798 πολέ
1130 762 1247 813 μων
1289 748 1516 800 καὶτῶν
1538 749 1713 813 φόνων
1738 749 1923 803 ἕνεκα·

350 832 401 885 εί
433 832 479 885 δ’
508 832 670 885 αὑτὸν
700 838 797 886 καὶ⁹
850 835 979 898 τοὺς
1016 837 1277 899 συνόντας
1305 839 1460 901 τινὰς
1496 840 1670 907 λέγει,
1734 840 1929 911 πρῶτα

357 922 456 991 μὲν
497 923 607 976 οὐδ’
669 925 825 978 αὐτοὶ
880 925 994 990 τοῖς
1051 928 1360 998 γινομένοις
1409 931 1612 994 πάντες
1667 932 1925 1001 ἥδονται·

298 1004 301 1005 ν
353 1013 487 1066 ἀλλὰ
516 1017 616 1083 τῆς
646 1015 864 1086 ἀπάτης
885 1018 978 1071 καὶ
1008 1018 1109 1087 τῆς
1136 1022 1215 1082 είς
1245 1020 1311 1072 τὰ
1342 1021 1524 1090 φαῦλα
1555 1025 1921 1093 συναρπαγῆς

356 1104 644 1174 θρηνοῦσιν
685 1107 939 1170 ἑαυτούς·
973 1108 1186 1175 ἔπειτα,
1248 1110 1360 1163 οὐδ’
1431 1112 1732 1182 Ἐκκλησία
1790 1114 1931 1166 εἰσὶν

356 1191 523 1250 οὗτοιο
563 1199 700 1252 ἀλλὰ
739 1201 801 1252 τὸ
827 1203 1010 1255 κοινὸν
1036 1204 1145 1257 τῶν
1176 1208 1624 1260 πεπιστευκότων
1655 1210 1931 1278 ἄθροισμα

369 1289 671 1363 Ἐκκλησία
707 1295 1186 1365 προσηγόρευται⁶
1222 1291 1296 1351 ὧν
1335 1297 1526 1369 ὥσπερ
1577 1298 1832 1369 ἐξαίρετοι
1882 1300 1935 1352 οἵ

357 1398 421 1435 τε
461 1382 757 1436 ἐπίσκοποί
788 1387 897 1437 είσι
948 1388 1041 1439 καὶ
1074 1387 1185 1440 τῶν
1225 1390 1572 1458 μοναςόντων
1605 1392 1653 1443 οί
1684 1391 1930 1458 λογάδες.

358 1467 462 1526 Ὧν
496 1474 735 1542 μάλιστα
765 1477 826 1530 τὸ
878 1477 1105 1547 ἄριστον
1156 1483 1251 1535 καὶ
1303 1481 1413 1534 τῶν
1465 1482 1643 1552 ὀρθῶν
1672 1485 1931 1553 ἐχόμενον

359 1566 639 1636 λογισμῶν
671 1572 798 1637 ἐμοὶ
849 1572 1241 1641 προσέχουσιν,
1269 1574 1345 1637 ὡς
1370 1575 1560 1628 δίκαια
1595 1578 1691 1628 καὶ
1719 1576 1935 1628 λυσιτε-

360 1656 556 1710 λοῦντα
582 1660 689 1711 τῶν
710 1646 1053 1731 Χριστιανῶν
1086 1666 1153 1734 τῇ
1193 1665 1492 1736 Ἐκκλησία
1531 1668 1624 1719 καὶ
1682 1683 1932 1739 προῃρη-

363 1746 507 1816 μένῳ
533 1749 771 1820 ὲξαρχῆς
807 1753 899 1804 καὶ
936 1753 1253 1822 πράττοντι.
1307 1756 1446 1810 Οὔτε
1492 1758 1624 1825 γοῦν
1667 1776 1758 1827 μοι
1801 1760 1935 1829 πρό-

358 1853 515 1908 τερον
544 1840 797 1894 κέκλεικε
823 1843 892 1895 τὰ
932 1845 1219 1915 σπλάγχνα
1249 1848 1282 1916 ἡ
1318 1847 1637 1918 Ἐκκλησία,
1669 1848 1795 1901 οὕτε
1838 1849 1934 1902 νῦν

359 1928 700 1996 ἀνοίγνυσιν,
737 1933 854 1985 ἀλλ’
889 1935 1056 2019 αύτὸς
1092 1937 1430 2007 ἐπιορκήσας
1462 1941 1553 1992 καὶ
1585 1925 1935 2011 συκοφαντῆ-

359 2035 483 2085 σας,
519 2023 617 2074 καὶ
649 2023 740 2076 τὸν
771 2025 1014 2094 πόλεμον
1064 2027 1398 2094 κεκινηκὼς,
1454 2029 1491 2083 ἃ.
1522 2030 1790 2100 πρότερον
1833 2032 1933 2084 οὐκ

358 2110 605 2186 ἠδυνήθη
633 2113 722 2166 διὰ
751 2115 857 2169 τῶν
892 2117 1105 2171 πολλῶν
1134 2120 1388 2188 αἱμάτων
1449 2125 1545 2174 καὶ
1580 2123 1688 2177 τῶν
1729 2123 1933 2191 ἀνηκέ-

363 2220 510 2256 στων
554 2207 1019 2277 καταπράξασθαι
1058 2212 1267 2278 κακῶν,
1322 2212 1384 2266 τὸ
1442 2214 1540 2282 ἐμὲ
1597 2213 1930 2285 διαφθεῖραι,

359 2297 533 2347 ταῦτα
579 2295 675 2350 νῦν
726 2299 922 2370 ἐπίσης
964 2302 1027 2354 ὲκ
1078 2303 1187 2356 τῶν
1220 2304 1587 2373 ψευδολογιῶν
1622 2306 1716 2358 τοῦ
1749 2308 1927 2374 φίλου,

361 2387 592 2458 ἤνοιξεν,
625 2389 701 2453 ὥς
725 2408 880 2460 φησι,
917 2393 986 2446 τὰ
1015 2394 1320 2465 σπλάγχνα,
1355 2397 1454 2467 οὐχ
1498 2398 1584 2451 ἵνα
1619 2397 1930 2466 φιλανθρώ-

360 2495 479 2541 πως
525 2479 746 2550 δέξηται
778 2481 955 2551 (τοῦτο
988 2485 1100 2554 γὰρ
1145 2486 1210 2539 ὲκ
1252 2486 1450 2540 πολλοῦ
1484 2488 1733 2558 δεόμενος
1771 2489 1930 2554 αὐτὸς

360 2571 458 2622 οὐκ
488 2572 891 2645 εἰσακούομαι),
922 2575 1036 2628 ἀλλ’
1058 2577 1143 2630 ἵνα
1178 2580 1442 2650 καταπίῃ.
1465 2580 1650 2634 Ταῦτα
1679 2583 1778 2651 μὲν
1810 2582 1926 2651 οἶν,

361 2663 410 2714 εί
437 2664 532 2716 καὶ
579 2666 918 2734 τραχύτερόν
953 2687 1069 2731 πως
1117 2670 1267 2723 δοκεῖ
1308 2673 1589 2742 εἰρῆσθαι,
1629 2676 1929 2747 συγγνώμη

359 2750 438 2821 τῷ
475 2753 661 2808 πάθει.
698 2756 859 2825 Ψυχὴ
889 2759 997 2826 γὰρ
1017 2760 1123 2812 ὑπὸ
1170 2762 1380 2814 πολλῶν
1420 2766 1775 2834 ἀδικημάτων
1809 2784 1933 2820 πιε-

362 2842 552 2896 σθεῖσα
626 2847 720 2898 καὶ
770 2849 1074 2907 κατώδυνος
1120 2851 1349 2905 τοιαῦτα
1400 2854 1464 2908 ἂν
1504 2855 1787 2925 ἐξενέγκοι
1838 2859 1932 2911 καὶ

360 2937 543 3008 πολλῷ
568 2939 904 3009 τραχύτερα.
930 2942 1073 3012 Πρὸς
1097 2945 1208 3006 τοῖς
1241 2944 1423 3008 ἄλλοις
1444 2946 1499 2999 δὲ
1531 2948 1625 3000 καὶ
1674 2950 1734 3001 τὸ
1759 2952 1935 3004 ἐπιτί-

364 3045 487 3098 μιον
544 3030 712 3100 φησὶν
770 3033 894 3102 ἐμοὶ
925 3033 1112 3087 λύσειν
1166 3037 1552 3109 χαριζόμενος.
1603 3042 1665 3093 El
1710 3041 1808 3110 μὲν
1838 3038 1931 3097 οὖν

360 3120 515 3185 εἰδὼς
548 3122 582 3176 ἃ
604 3125 685 3177 δεῖ
718 3128 846 3195 περὶ
875 3127 982 3181 τῶν
1012 3131 1301 3197 ἐπιτιμίων
1354 3128 1578 3185 τοιαῦτα
1610 3134 1926 3204 πλάττεται,

359 3215 455 3266 καὶ
484 3215 657 3267 οἴεται
703 3216 1003 3288 ὲξαπατᾷν,
1051 3221 1354 3293 συγγνώμη
1413 3224 1581 3295 πολλὴ
1624 3226 1685 3278 τὸ
1726 3226 1913 3290 εἰωθὸς

360 3308 628 3362 ποιοῦντιο
670 3311 718 3362 εί
765 3311 809 3363 δ’
843 3312 1031 3378 ἀγνοεῖ
1059 3314 1158 3384 τὴν
1183 3314 1413 3384 δύναμιν
1445 3318 1509 3385 ἢν
1549 3317 1661 3384 ἔχει
1697 3320 1824 3385 περὶ
1855 3318 1923 3372 τὰ

359 3400 605 3463 τοιαῦτα,
631 3402 769 3471 ὅπερ
805 3404 990 3471 οἴομαι
1022 3405 1117 3456 καὶ
1149 3407 1406 3483 μάλιστα,
1439 3406 1549 3476 ἐγὼ
1569 3410 1783 3473 διδάξω.
1811 3411 1928 3463 Τῶν

359 3490 684 3559 ἀνθρώπων,
721 3494 770 3543 οἱ
804 3494 902 3562 μὲν
938 3495 1114 3562 ὀρθῶς
1141 3496 1343 3569 βιοῦσι,
1388 3500 1479 3551 καὶ
1510 3501 1696 3564 νόμοις
1731 3500 1933 3569 προσέ-

359 3598 512 3650 χουσι
538 3581 695 3644 Θεοῦ,
742 3586 835 3635 καὶ
881 3587 1007 3654 περὶ
1035 3587 1131 3655 τὴν
1166 3568 1349 3640 πίστιν
1372 3589 1635 3657 ἀσφαλεῖς
1666 3593 1803 3645 εἰσιν
1830 3609 1844 3623 ·
1880 3595 1929 3646 οί

357 3672 415 3725 δὲ
472 3674 784 3726 τούναντίον
818 3678 987 3730 ἅπαν.
1026 3666 1335 3740 Ὄσοιςόῧν
1376 3680 1407 3748 ἢ
1440 3683 1725 3751 ἐπιορκίαι
1763 3686 1794 3754 ἥ
1837 3686 1929 3754 φό-

360 3781 438 3817 νοι
494 3766 529 3834 ἦ
570 3783 625 3819 τι
657 3768 767 3820 τῶν
818 3770 1284 3839 ἀπηγορευμένων
1317 3771 1505 3844 ἓτερον
1556 3777 1845 3844 τολμᾶται,
1878 3777 1929 3847 νῆ

358 3858 489 3926 περὶ
533 3860 634 3927 τὴν
691 3861 874 3914 πίστιν
911 3862 1240 3930 σφάλλονται
1280 3866 1518 3933 δόγμασι
1567 3868 1931 3937 προσέχοντες

358 3952 617 4020 πονηροῖς
671 3952 768 4004 καὶ
821 3951 1290 4022 διεφθαρμένοις,
1358 3950 1504 4009 οὗτοι
1556 3958 1654 4027 τῆς
1713 3959 1932 4030 μερίδος

357 4043 583 4107 ἑαυτοὺς
635 4042 1037 4115 ὴλλοτριώκασι
1091 4045 1183 4099 τοῦ
1225 4048 1487 4118 Χριστοῦ.
1527 4050 1769 4119 Οὐδεμία
1819 4051 1929 4122 γὰρ

356 4136 618 4190 κοινωνία
667 4138 808 4207 φωτὶ
852 4137 989 4207 πρὸς
1031 4140 1241 4202 σκότος.
1294 4142 1356 4193 Ol
1395 4143 1672 4212 ἀρχιερεῖς
1716 4143 1773 4195 δὲ
1821 4144 1930 4197 τῶν

356 4228 517 4282 θείων
549 4228 874 4298 θελημὰτων
908 4232 1048 4283 εἰσὶν
1097 4231 1435 4302 ἐκφάντορες
1485 4233 1583 4285 καὶ
1630 4233 1932 4288 διδακτικοὶ

355 4320 454 4374 καὶ
504 4323 860 4388 προνοητικοὶ
911 4321 1019 4375 τῶν
1078 4322 1541 4392 άλλων.Πρῶτοι
1578 4320 1672 4378 οὖν
1727 4327 1930 4379 ἐκεῖνοι

356 4412 512 4482 παρὰ
541 4409 635 4466 τοῦ
667 4413 986 4482 Πνεύματος
1029 4414 1428 4483 διδασκόμενοι,
1468 4417 1596 4479 τοὺς
1647 4416 1754 4469 ἀπὸ
1791 4417 1929 4470 Θεοῦ

353 4504 795 4573 κεχωρισμένους
828 4505 918 4557 διὰ
973 4503 1073 4574 τὴν
1133 4505 1376 4576 περὶτὰ
1423 4506 1607 4574 φαῦλα
1661 4508 1932 4578 ἐπιμονὴν

352 4592 667 4649 διδάσκουσι
697 4598 825 4660 τοὺς
860 4597 1056 4660 ἄλλους
1086 4598 1160 4668 μὴ
1183 4600 1365 4662 αὐτοῖς
1399 4598 1927 4668 συναναμίγνυσθαι,

1966 1999 2006 2054 Β

2032 757 2293 820 sentiunt,
2322 773 2525 826 eosque
2552 767 2769 824 propter
2799 759 2939 812 bella
2973 769 3027 812 et
3057 762 3230 813 CiBthS
3268 756 3448 808 utultre
3474 762 3627 807 eruo"

2032 847 2267 903 (lt-litatis
2317 850 2709 904 condemnant.
2753 850 2848 902 Sin
2905 859 3089 902 autem
3146 866 3202 903 se
3237 859 3291 902 et
3338 848 3568 901 satellite

2029 955 2180 1005 suos,
2225 940 2458 1009 primum
2507 942 2725 1010 quidem
2778 957 2879 996 nec
2936 941 3038 1010 ipsi
3081 956 3271 995 omnes
3298 940 3594 1008 approbant

2032 1047 2152 1098 quae
2181 1032 2337 1091 fiunt.
2379 1034 2472 1085 sed
2529 1047 2650 1086 sese
2684 1033 3109 1096 circumventos,
3163 1042 3218 1086 et
3258 1032 3447 1084 eodem
3484 1046 3573 1082 see

2030 1122 2146 1176 lere
2194 1123 2504 1190 implicatos
2552 1126 2859 1194 deplorant.
2921 1125 3123 1179 Deinde
3156 1139 3260 1179 non
3299 1122 3593 1178 conﬁciunt
3629 1120 3633 1123 ’

2032 1214 2136 1283 ipsi
2193 1215 2526 1279 Ecclesiam;
2583 1231 2773 1270 verum
2834 1223 2941 1269 tota
2997 1215 3236 1268 ﬁdelium
3290 1211 3594 1280 frequentia

2033 1304 2275 1359 Ecclesia
2313 1313 2587 1359 vocatur:
2619 1305 2776 1373 cujus
2834 1306 2986 1357 velut
3031 1303 3339 1372 praecipuae,
3379 1313 3435 1355 et
3478 1300 3596 1353 exi-

2034 1397 2157 1452 mia!
2198 1404 2380 1466 partes
2432 1404 2561 1450 sunt
2595 1395 2858 1465 episcopi,
2906 1404 2961 1449 et
3006 1397 3393 1447 monachorum
3426 1402 3601 1444 coetus

2033 1489 2351 1553 lectissimi;
2409 1503 2643 1555 quorum
2703 1496 2761 1540 ut
2812 1486 3046 1553 quisque
3108 1493 3189 1537 est
3238 1484 3494 1552 optimus,
3549 1490 3603 1532 et

2034 1581 2348 1635 rectissime
2397 1578 2666 1643 sentiens,
2698 1578 2770 1632 ita
2824 1577 3060 1632 maxime
3114 1578 3256 1628 idem
3309 1576 3450 1642 quod
3505 1586 3604 1639 ego

2037 1671 2222 1735 sentit,
2257 1680 2317 1725 ut
2369 1670 2462 1738 qui
2515 1669 2771 1723 Ecclesiae
2821 1667 3145 1722 Christianae
3181 1666 3308 1719 inde
3351 1666 3419 1717 ab
3451 1662 3606 1716 initio

2035 1777 2272 1830 aequum,
2309 1768 2362 1813 et
2423 1760 2610 1813 utilem
2659 1774 2746 1813 me
2801 1755 3099 1819 voluntate,
3147 1765 3201 1809 et
3247 1770 3414 1823 opere
3451 1753 3607 1806 exhi-

2035 1853 2215 1907 beam.
2267 1850 2386 1905 Non
2420 1851 2584 1920 igitur
2615 1850 2746 1903 mihi
2799 1850 2949 1918 prius
3000 1849 3207 1902 viscera
3269 1847 3466 1900 clausit
3511 1845 3611 1897 Ec-

2035 1944 2217 2007 clesia,
2270 1957 2446 2011 neque
2491 1957 2638 1995 nunc
2686 1948 2928 2003 reserat;
2961 1940 3056 1993 sed
3102 1940 3219 2008 ipse
3251 1938 3508 2005 periurus
3544 1943 3600 1988 et

2039 2032 2420 2093 calumniator,
2474 2040 2531 2085 et
2576 2030 2701 2085 belli
2760 2032 3033 2094 incentor,
3087 2027 3233 2098 quod
3293 2037 3451 2081 antea
3514 2043 3608 2094 per

2039 2126 2236 2188 multas
2287 2125 2462 2180 caades
2512 2132 2567 2176 et
2643 2121 2872 2188 injurias
2957 2120 3331 2175 atrocissimas
3392 2119 3608 2173 elﬁccre

2038 2215 2300 2285 nequivit,
2337 2223 2397 2268 ut
2421 2230 2505 2269 me
2525 2215 2690 2285 610
2720 2213 3081 2276 interimeret.
3111 2212 3163 2264 id
3189 2226 3336 2265 nunc
3359 2226 3425 2265 ex
3455 2225 3610 2263 men-

2039 2304 2210 2358 daciis
2241 2303 2401 2358 amici
2434 2318 2491 2358 se
2525 2311 2904 2357 assecuturum
2939 2301 3199 2366 conﬁsus,
3236 2301 3445 2356 viscera
3479 2315 3609 2367 ape-

2040 2397 2133 2460 rit,
2182 2404 2246 2450 ut
2299 2396 2395 2457 ait,
2430 2410 2542 2448 non
2585 2402 2645 2448 ut
2685 2393 2999 2449 humaniter
3051 2408 3140 2448 me
3196 2392 3426 2458 accipiat
3461 2392 3610 2459 (hoc

2039 2488 2181 2543 enim
2215 2487 2424 2555 pridem
2464 2486 2580 2556 ipse
2612 2485 2909 2540 obsecrans
2938 2500 3048 2537 non
3075 2483 3379 2553 exaudior),
3415 2483 3508 2535 sed
3551 2489 3611 2536 ut

2040 2595 2127 2634 me
2158 2580 2401 2633 devoret.
2440 2578 2565 2631 llaec
2615 2577 2657 2631 si
2711 2577 2989 2645 aliquanto
3024 2575 3324 2628 aculeatius
3354 2573 3496 2627 dicta
3529 2574 3606 2629 vi-

2041 2670 2289 2732 deantur,
2322 2668 2550 2723 allectus
2605 2679 2850 2723 meretur
2901 2667 3139 2726 veniam.
3198 2666 3429 2720 Animus
3463 2666 3609 2720 enim

2040 2761 2285 2829 pluribus
2321 2776 2565 2829 pressus,
2596 2770 2651 2814 et
2699 2760 3047 2813 exulceratus
3095 2758 3334 2826 injuriis.
3368 2754 3492 2811 talia
3555 2768 3613 2813 et

2040 2853 2213 2906 multo
2245 2852 2406 2905 ctiam
2459 2851 2733 2919 asperiora
2786 2852 2925 2904 solet
2971 2850 3155 2904 edere.
3189 2848 3392 2902 Pra'ter
3415 2858 3612 2904 caetera

2039 2941 2203 2995 etiam
2257 2954 2473 3007 pmnam
2534 2939 2903 2994 anatltematis
2965 2939 3099 2993 mihi
3176 2941 3609 3003 condonaturum

2038 3031 2343 3099 pollicetur.
2381 3030 2439 3082 Si
2470 3030 2633 3099 igitur
2659 3031 2724 3084 tle
2748 3030 2923 3098 ptenis
2954 3044 3067 3082 rem
3103 3037 3317 3091 tenens,
3349 3036 3408 3081 ut
3428 3028 3608 3092 debet,

2039 3122 2157 3176 haec
2191 3121 2359 3193 lingit
2404 3128 2458 3173 et
2490 3135 2575 3173 me
2607 3121 2959 3189 deccpturum
2993 3127 3196 3189 sperat,
3242 3119 3430 3174 volens
3470 3117 3612 3172 auli-

2037 3228 2203 3282 quum
2238 3209 2503 3265 obtinenti
2552 3210 2793 3280 ignosco.
2860 3208 2954 3262 Sin
3009 3217 3190 3263 autem
3239 3208 3367 3277 quid
3412 3207 3513 3261 sibi
3550 3207 3606 3258 in

2041 3305 2126 3358 bis
2162 3304 2321 3356 liceat
2348 3303 2585 3371 ignorat,
2626 3311 2686 3356 ut
2711 3301 2965 3370 equidem
2999 3316 3142 3364 reor,
3177 3315 3275 3369 ego
3305 3299 3479 3367 ipsum
3511 3292 3615 3352 do?

2032 3397 2185 3448 cebo.
2225 3394 2487 3447 Homines
2542 3393 2764 3462 quidam
2826 3394 2991 3447 vitam
3048 3401 3259 3454 sancte,
3311 3401 3366 3444 et
3412 3390 3609 3444 divinis

2035 3486 2242 3556 legibus
2274 3486 2666 3539 convenienter
2695 3484 3019 3547 instituunt,
3060 3494 3221 3552 atque
3261 3484 3316 3534 in
3346 3482 3610 3550 religione

2033 3579 2192 3640 (irini,
2231 3592 2293 3631 ac
2324 3577 2549 3632 Stabiles
2581 3584 2709 3631 sunt
2757 3594 2771 3630 :
2816 3577 3035 3645 quidam
3076 3590 3302 3645 prorsus
3340 3573 3610 3628 contraria

2032 3667 2118 3722 via
2173 3668 2517 3737 gradiuntur.
2566 3667 2930 3737 Quotcunque
2981 3668 3143 3738 igitur
3213 3676 3307 3721 aut
3355 3667 3608 3730 libidine,

2030 3765 2123 3809 aut
2155 3757 2412 3824 periurio,
2446 3766 2539 3810 aut
2573 3758 2884 3821 homicidio,
2909 3757 3126 3811 autalio
3150 3756 3407 3825 quopiam
3442 3756 3610 3808 inter-

2032 3848 2302 3901 dictorum
2338 3863 2397 3901 sc
2428 3848 2825 3913 contaminant,
2866 3856 2959 3901 aut
3002 3847 3056 3900 in
3096 3848 3219 3900 ﬁdei
3248 3846 3494 3900 doctrina
3523 3860 3609 3900 er-

2033 3953 2158 3991 rore
2182 3938 2365 4005 aliquo
2400 3938 2696 4004 ducuntur,
2757 3939 2811 3992 lii
2850 3953 2968 3993 sese
2995 3954 3026 3991 ιι
3056 3937 3260 3992 Christi
3297 3947 3451 4007 parte
3478 3935 3611 3989 aba-

2030 4028 2356 4082 lienarunt:
2401 4029 2547 4081 nulla
2579 4030 2780 4097 quippe
2828 4029 3063 4083 societas
3088 4028 3194 4082 luci
3232 4028 3296 4081 ad
3335 4027 3609 4081 tenebras.

2030 4119 2284 4188 Episcopi
2336 4129 2515 4173 autem
2569 4120 2766 4174 divinae
2813 4122 3111 4174 voluntatis
3162 4120 3493 4188 interpretes
3554 4127 3611 4172 et

2030 4220 2281 4275 doctores
2334 4230 2481 4275 sunt.
2529 4220 2714 4289 Itaque
2757 4221 2830 4274 illi
2885 4221 3048 4291 primi
3091 4236 3123 4276 a
3174 4221 3382 4290 Spiritu
3434 4220 3605 4282 docti,

2030 4312 2251 4381 quinam
2298 4322 2521 4386 propter
2544 4312 2903 4381 pertinaciam
2930 4313 2985 4371 in
3022 4312 3164 4366 malo
3189 4328 3218 4366 a
3252 4311 3360 4365 Deo
3392 4310 3609 4380 praecisi

2030 4403 2161 4468 sint,
2202 4403 2336 4457 alios
2383 4404 2617 4467 ducent;
2651 4418 2725 4455 ne
2764 4418 2887 4455 cum
2942 4403 3076 4471 ipsis
3123 4401 3608 4463 commisceantur,

2029 4509 2208 4563 neque
2237 4494 2419 4549 cibum
2455 4495 2619 4548 simul
2651 4494 2888 4563 capiant,
2922 4509 3102 4564 neque
3141 4494 3292 4562 ipsis,
3324 4503 3383 4547 ut
3429 4509 3458 4546 a
3499 4493 3610 4547 Deo

2030 4587 2297 4656 separatis
2320 4626 2335 4650 ,
2384 4588 2700 4641 atlhaareant
2731 4602 2743 4637 :
2777 4602 2884 4655 quo
2921 4585 3260 4654 separatione
3308 4586 3408 4640 ista
3439 4583 3609 4653 pude—
3706 4650 3709 4653 _

355 4686 493 4757 μηδὲ
551 4689 874 4751 συνεσθίειν,
935 4690 1074 4759 μηδὲ
1128 4690 1511 4761 συνεύχεσθαι,
1543 4692 1619 4755 ὡς
1647 4692 1756 4745 ἀπὸ
1789 4690 1926 4745 Θεοῦ

2033 4674 2161 4729 facti
2193 4688 2285 4730 aut
2325 4676 2674 4745 resipiscaut,
2707 4685 2803 4729 aut
2835 4676 2925 4729 alii
2969 4692 3035 4730 ex
3084 4691 3275 4730 eorum
3313 4686 3610 4730 consuetu-

352 4780 827 4848 κεχωρισμένοιςο
883 4779 953 4833 ἶν’
1003 4780 1036 4849 ῆ
1089 4782 1289 4834 ἐκεῖνοι
1346 4783 1752 4853 ἐπιστρέφωσιν
1818 4784 1929 4837 ἀπὸ

350 4860 462 4924 τῶν
493 4869 715 4939 φαύλων
740 4870 1129 4940 αἰσχυνόμενοι
1153 4872 1247 4925 τὸν
1268 4872 1580 4942 χωρισμὸν,
1610 4874 1643 4944 ἢ
1673 4866 1819 4927 οὗτοι
1850 4882 1928 4945 μὴ

352 4967 704 5037 βλάπτωνται
752 4968 816 5019 ὲκ
868 4966 970 5034 τῆς
1023 4966 1253 5019 ἐκείνων
1305 4966 1710 5037 συνδιαγωγῆς.
1771 4969 1927 5040 Ῥᾷον

351 5061 461 5130 γὰρ
485 5060 552 5114 ἄν
572 5077 655 5122 τις
680 5057 979 5129 μεταλάϐοι
1000 5059 1219 5123 κακίας,
1256 5059 1288 5129 ἢ
1320 5060 1533 5131 μεταδῷ
1564 5062 1664 5128 τῆς
1700 5062 1921 5131 ἀρετῆς.

351 5151 417 5206 Ei
451 5148 497 5203 δ’
550 5151 726 5203 ἐκεῖνο
782 5147 1169 5219 προϐάλλεται,
1221 5147 1276 5201 τί
1329 5143 1421 5201 οὖν
1445 5152 1472 5202 ὁ
1495 5149 1731 5219 Χριστὸς
1753 5147 1875 5203 εἷπε
1904 5166 1920 5182 ·

355 5261 375 5293 ι
416 5241 603 5294 Πάντα
657 5241 758 5294 ὅσα
810 5240 877 5294 ἂν
910 5239 1114 5311 δήσητε
1146 5240 1238 5292 ἐπὶ
1264 5239 1364 5309 τῆς
1416 5240 1542 5310 γῆς,
1587 5241 1742 5294 ἔσται
1781 5240 1927 5294 δεδε-

2030 4767 2160 4822 dine
2197 4767 2333 4821 nihil
2384 4767 2699 4823 detrimenti
2741 4769 3013 4838 accipiant
3050 4785 3064 4821 :
3098 4769 3397 4837 proclivius
3458 4771 3608 4822 enim

2027 4869 2110 4914 est
2153 4875 2182 4912 a
2235 4860 2370 4914 vitio
2448 4876 2613 4929 quam
2669 4876 2700 4914 a
2759 4861 2961 4915 virtute
3019 4860 3437 4915 similitudinem
3490 4869 3607 4915 tra-

2025 4950 2158 5003 here
2191 4948 2327 5018 (38).
2360 4948 2519 5015 Quod
2576 4950 2620 5004 si
2658 4948 2901 5015 obiiciat,
2936 4965 3197 5018 quorsum
3232 4950 3397 5019 igitur
3450 4949 3611 5003 Chri-

2024 5062 2142 5109 stus
2200 5053 2359 5117 dixit,
2398 5071 2417 5104 ι
2453 5052 2649 5109 Omnia
2704 5068 3043 5123 quacunque
3098 5053 3397 5123 ligaveritis
3442 5066 3609 5121 super

2032 5157 2255 5210 terram,
2285 5154 2448 5200 erunt
2472 5145 2633 5215 ligata
2687 5155 2742 5199 et
2789 5144 2843 5197 in
2895 5144 3052 5199 caelis
3088 5145 3157 5198 ‘?
3198 5163 3215 5196 ›
3253 5155 3308 5198 at
3359 5153 3607 5199 sanctum

2027 5236 2247 5299 Petrum
2279 5238 2459 5309 ipsum
2509 5237 2714 5300 audiat,
2768 5236 2926 5306 cujus
2969 5237 3143 5306 gratia
3198 5246 3441 5305 potestas
3483 5239 3607 5288 data

351 5332 493 5402 μένα
528 5336 585 5386 ὲν
641 5333 721 5403 τῷ
787 5332 1041 5403 οὐρανῷ;
1080 5350 1099 5385 ι
1133 5330 1250 5385 ἀλλ’
1296 5331 1464 5385 αὐτοῦ
1509 5330 1605 5384 τοῦ
1647 5332 1922 5401 μακαρίου

2033 5333 2121 5387 sit.
2175 5330 2226 5385 Is
2253 5329 2525 5385 Clementi
2556 5327 2858 5383 successori
2909 5343 3009 5383 suo
3039 5327 3330 5395 perspicue
3360 5327 3433 5378 ita
3464 5340 3607 5393 prae-

349 5420 561 5491 Πέτρου
601 5423 869 5486 ἀκουέτω,
907 5423 1044 5492 πρὸς
1076 5420 1137 5475 ὃν
1165 5422 1198 5492 ἡ
1228 5419 1445 5485 ἐξουσία
1491 5420 1738 5489 δέδοται,
1775 5425 1922 5494 Κλή-

423 5542 441 5573 ¹
469 5541 663 5597 Matth.
696 5558 852 5608 xvm,
886 5540 973 5596 18.

2028 5424 2165 5495 cipit
2214 5439 2229 5478 :
2289 5421 2497 5488 Solves,
2560 5430 2617 5477 et
2668 5420 2887 5491 ligabis,
2923 5434 3044 5490 qua:
3090 5420 3171 5473 fas
3228 5427 3313 5472 est
3362 5417 3497 5488 (39).
3534 5415 3605 5480 Ut

1574 5611 1788 5673 Jacobi
1825 5611 2091 5674 Pontani
2125 5616 2311 5672 notte.

418 5736 532 5808 (58)
569 5737 708 5791 Vitia
750 5739 1057 5808 etiamrsine
1094 5736 1347 5807 magistro
1381 5738 1676 5804 discuntur,
1732 5741 1910 5808 inquit

418 5757 532 5808 (οδ)
572 5757 708 5791 rma
750 5757 909 5792 ειιαιπ
945 5757 1057 5791 stne
1094 5757 1347 5807 magistro
1381 5757 1676 5804 atscuntur,
1732 5757 1784 5793 tn
1834 5757 1908 5794 ιιιι

348 5808 579 5865 Seneca.
615 5813 682 5861 At
709 5810 884 5861 virtus
923 5807 1359 5877 institutionem,
1396 5819 1665 5877 praecepta
1691 5848 1705 5872 ,
1759 5757 1908 5866 latim-

347 5894 489 5937 rem,
542 5878 1098 5946 exercitatione-nque
1152 5876 1447 5931 desiderat.
1510 5876 1705 5933 Sensus
1752 5882 1909 5945 enim,

353 5965 383 6003 θ
420 5948 670 6018 cogitatio
702 5948 920 6003 humani
951 5947 1122 6001 cordis
1151 5946 1207 6000 in
1247 5946 1449 6003 malum
1486 5965 1652 6019 prona
1697 5961 1818 6006 sunt
1846 5954 1909 6005 ab

2018 5738 2373 5792 adolescentia
2408 5752 2526 5791 sua.
2563 5735 2792 5790 Genesis
2823 5733 2878 5787 8.

2092 5810 2204 5877 (59)
2236 5807 2358 5862 Haec
2387 5808 2549 5877 verba
2570 5808 2982 5877 Cantacttaenus
3016 5799 3145 5877 legit
3174 5799 3316 5870 apud
3341 5809 3595 5877 sanctum

2017 5871 2352 5934 Cletnentem
2380 5876 2607 5946 epistola
2634 5876 2684 5946 1,
2726 5875 2793 5946 ad
2814 5871 3323 5946 Jacobutn’lratrem
3347 5871 3595 5946 _Do_mini,

2019 5966 2129 6006 non
2178 5948 2366 6020 procul
2392 5941 2427 6002 α’
2452 5945 2741 6017 principio.
2776 5942 2964 6000 Ruﬁni
2997 5941 3284 5998 translatio
3315 5941 3397 5997 sic
3432 5943 3596 5999 habet
