4048 6464
384 315 521 379 1153

1514 308 2061 369 HISTORIARUM
2102 310 2336 369 LIBER
2378 309 2498 370 III.

3501 312 3639 376 1154

382 427 479 482 τοῦ
534 431 596 479 τὸ
652 425 805 495 ξίφος
843 423 1076 495 ὦθησεν.
1126 424 1203 475 Οὐ
1253 422 1368 492 γὰρ
1415 421 1694 507 Διονύσιος
1725 425 1753 475 ὁ
1789 422 1946 493 μέγας

2066 432 2128 476 ut
2182 423 2440 492 praeclare
2481 421 2744 491 scriptum
2785 431 2966 478 exstat
3011 425 3154 493 apud
3189 438 3443 497 magnum
3506 427 3639 481 Dio-

379 516 609 573 ἒπεσθαι
663 515 798 583 φησὶ
840 516 901 567 τδ
943 516 1089 567 θεῖον
1151 517 1273 576 ταῖς
1314 512 1654 582 παραλόγοις
1702 511 1813 566 τῶν
1843 513 1958 581 ἀρ-

383 608 615 680 χιερέων
643 608 863 678 ὁρμαῖς.
892 606 953 658 El
978 606 1033 659 δέ
1055 622 1141 667 τις
1181 604 1298 658 δέον
1324 601 1462 657 εῖναι
1482 605 1656 673 λέγοι,
1678 604 1784 657 κᾶν
1808 600 1957 666 ὅπως

375 701 507 754 ποτὲ
537 695 649 770 εἷχε
697 700 769 753 τὰ
792 698 886 751 τοῦ
920 699 1279 768 πράγματος,
1318 696 1600 765 φροντίδος
1627 694 1787 760 ἀξίαν
1814 693 1959 773 ἡγή-

377 798 576 848 σασθαι
602 794 700 865 τὴν
731 792 1077 863 ἐπιτίμησιν,
1111 791 1206 845 καὶ
1230 791 1361 861 περὶ
1385 791 1488 861 τὴν
1515 790 1759 844 διάλυσιν
1785 804 1957 841 σπου-

373 885 470 955 δὴν
521 884 727 956 πολλὴν
776 885 1132 951 εἰσενεγκεῖν,
1190 882 1307 935 ἀλλ’
1341 883 1465 951 ἐμοὶ
1510 883 1615 951 κᾲν
1641 881 1815 951 τούτῳ
1845 880 1957 934 τῶν

372 977 606 1030 δεόντων
640 974 1072 1044 παραλέλειπται
1138 974 1294 1026 οὐδέν
1319 989 1334 1004 ο
1365 973 1501 1025 ἀλλὰ
1548 972 1719 1026 πολλὰ
1757 972 1956 1025 πολλά-

377 1086 466 1131 κις
502 1068 761 1137 περὶτῶν
790 1069 1057 1122 τοιούτων
1079 1068 1346 1136 δεηθέντι,
1377 1066 1534 1120 οὐδὲν
1565 1068 1777 1120 οὐδέπω
1829 1066 1954 1119 οὔτε

383 1160 652 1230 πρότερον
709 1159 835 1213 οὔτε
883 1161 980 1214 νῦν
1029 1161 1271 1223 ἐπιεικὲς
1342 1160 1558 1229 ἐλέχθη.
1598 1160 1687 1222 Ὠς
1726 1159 1825 1228 μὲν
1862 1155 1955 1211 οῦν

373 1249 538 1313 εὐθὺς
583 1250 821 1321 ἐξαρχῆς
876 1250 986 1318 ἐγώ
1031 1267 1092 1303 τε
1123 1250 1191 1303 τᾶ
1240 1250 1427 1303 δίκαια
1480 1249 1726 1317 εἱλόμην,
1763 1246 1860 1299 καὶ
1887 1247 1956 1299 τὰ

380 1345 536 1414 κοινῇ
569 1341 957 1396 λυσιτελοῦντα
990 1342 1281 1411 ἔπραττον,
1316 1343 1413 1405 καὶ
1443 1335 1593 1395 οὗτοι
1628 1339 1833 1401 πολλὰς
1861 1357 1958 1391 συ-

376 1433 681 1500 κοφαντίας
736 1434 831 1486 καὶ
878 1434 1135 1497 διαϐολὰς
1186 1434 1531 1503 πλασάμενοι
1565 1433 1658 1487 τὸν
1714 1434 1955 1502 πόλεμον

374 1525 715 1595 κεκινήκασι,
746 1526 839 1578 καὶ
881 1526 1051 1579 πολλὰ
1089 1524 1395 1596 Ῥωμαίους
1424 1525 1758 1595 εἰργάσαντο
1781 1525 1950 1591 κακὰ,

378 1616 580 1684 μᾶλλον
630 1616 686 1669 δὲ
735 1617 1072 1685 συμπάντων
1119 1618 1286 1671 αἴτιοι
1337 1616 1708 1685 κατέστησαν,
1750 1616 1819 1670 τὰ
1854 1616 1953 1684 μὲν

383 1708 699 1779 αὐτοχειρίᾳ
728 1709 1089 1778 πεποιηκότες
1117 1709 1293 1773 αὐτοὶ,
1326 1710 1393 1764 τὰ
1418 1709 1463 1762 δ’
1488 1710 1589 1778 ἐμὲ
1613 1708 1952 1777 ἀναγκάζον-

372 1815 463 1861 τες
489 1799 590 1851 οὐκ
629 1798 910 1862 ἐθέλοντα.
942 1800 1160 1870 μάλιστ’
1195 1800 1261 1854 ἄν
1292 1817 1375 1862 τις
1411 1802 1474 1853 ἐκ
1501 1799 1610 1853 τῶν
1644 1801 1951 1869 εἰρημένων

371 1891 688 1956 σαφέστατα
723 1891 958 1945 κατίδοι.
992 1891 1116 1945 Ὅτι
1157 1892 1214 1945 δὲ
1245 1892 1339 1944 καὶ
1374 1892 1468 1945 νῦν
1496 1893 1558 1946 ού
1593 1893 1697 1962 τὴν
1726 1892 1952 1963 εἰρήνην

371 1981 665 2053 ᾑρημένοι,
708 1981 818 2034 οὐδ’
845 1982 992 2036 ἔλεόν
1025 2000 1146 2036 τινα
1189 1983 1448 2046 λαϐόντες
1480 1985 1592 2038 τῶν
1641 1987 1951 2038 πιπτόντων

370 2071 717 2142 καθημέραν,
768 2073 884 2126 ἀλλ’
931 2074 1032 2145 ἐμὲ
1083 2074 1223 2146 πρὸς
1253 2078 1369 2140 τοῖς
1414 2075 1594 2139 ἄλλοις
1630 2076 1951 2146 ὑποχείριον

368 2163 557 2218 λαϐεῖν
608 2163 947 2235 βουλόμενοι,
998 2166 1097 2237 καὶ
1143 2168 1245 2236 τὴν
1291 2166 1584 2236 σύμπασαν
1615 2169 1771 2221 αὐτοὶ
1813 2165 1953 2222 Ῥω-

372 2255 553 2321 μαίων
585 2256 763 2328 όρχὴν
797 2257 946 2328 ἔχειν
995 2257 1177 2327 (τοῦτο
1214 2258 1321 2328 γὰρ
1372 2261 1556 2322 αὐτοῖς
1592 2259 1950 2324 σπουδάζεται

368 2349 498 2414 περὶ
531 2348 811 2415 πλείστου,
845 2347 1036 2419 ἓτερον
1059 2348 1117 2403 δὲ
1146 2351 1349 2420 οὐδὲν),
1371 2352 1473 2421 τὴν
1498 2353 1796 2423 πρεσϐείαν
1824 2369 1954 2405 ταυ-

369 2442 493 2509 τηνὶ
526 2442 876 2510 πεποίηνται,
910 2443 976 2494 ἐκ
1004 2442 1114 2496 τῶν
1145 2443 1610 2513 πρεσϐευομένων
1641 2442 1824 2497 αὐτῶν
1850 2442 1950 2513 δῆ-

373 2528 487 2581 λον.
523 2529 585 2582 Εἰ
624 2528 734 2600 γάρ
770 2547 823 2583 τι
856 2531 1101 2595 ἐπιεικὲς
1136 2534 1233 2586 καὶ
1264 2533 1547 2597 λυσιτελὲς
1595 2536 1842 2588 ἐνενόουν
1870 2534 1949 2604 τῷ

379 2620 570 2690 κοινῷ,
608 2620 708 2674 οὐκ
738 2620 805 2675 ἂν
835 2621 1007 2684 οὕτως
1038 2624 1232 2693 ἐκείνῳ
1267 2624 1344 2694 τῷ
1392 2626 1705 2699 συκοφάντῃ
1734 2627 1828 2679 καὶ
1861 2626 1949 2678 ἀεὶ

367 2710 837 2782 καταψευδομένῳ
883 2715 1059 2784 ῥᾷστα
1090 2715 1409 2786 πειθόμενοι
1445 2717 1679 2786 ὑπάγειν
1729 2715 1950 2787 ἐπεχεί-

371 2817 499 2869 ρουν
526 2801 763 2868 ἑαυτοῖς,
787 2808 882 2856 καὶ
908 2804 1275 2859 καταδουλοῦν
1301 2807 1401 2875 ἐμέ
1419 2822 1434 2837 ο
1460 2806 1518 2869 ὃς
1539 2808 1587 2859 εί
1617 2808 1690 2876 μή
1720 2824 1772 2860 τι
1796 2807 1944 2875 ἄλλο,

368 2892 461 2944 διὰ
490 2894 553 2944 τὺ
588 2892 720 2959 γοῦν
752 2894 846 2946 ἐπὶ
877 2894 1132 2947 τοσοῦτον
1168 2896 1361 2967 χρόνον
1381 2897 1449 2949 τὰ
1498 2894 1790 2962 Ῥωμαίων
1813 2897 1949 2951 διοι-

366 2983 512 3047 κεῖν,
570 2983 781 3053 βέλτιον
831 2984 898 3037 ἂν
949 2987 1062 3048 τοῖς
1117 2987 1406 3055 πράγμασι
1454 2988 1774 3057 χρησαίμην
1851 2990 1945 3042 καὶ

365 3073 812 3145 λυσιτελέστερον
870 3076 1072 3131 αὐτῶν.
1107 3078 1310 3147 "arpi:
1325 3095 1428 3149 ρχῃ
1457 3079 1559 3147 μὲν
1587 3075 1680 3131 οὖν
1705 3073 1800 3132 καὶ
1832 3083 1945 3141 τοῖς
1969 3110 2014 3171 η

366 3165 554 3230 ἄλλοις
636 3167 850 3231 οὐδενὸς
897 3168 1167 3239 ἐμέλησεν
1221 3169 1433 3238 ἑτέρου,
1486 3170 1519 3242 ἢ
1570 3168 1598 3220 ὃ
1641 3169 1942 3241 προύθεντο

364 3255 608 3327 ἑξαρχῆς
658 3258 852 3324 εὐθὺς,
884 3258 946 3311 τὸ
993 3258 1331 3329 διαφθείρειν
1379 3260 1481 3329 ἐμὲ
1527 3262 1621 3315 καὶ
1653 3262 1830 3314 ποιεῖν
1879 3262 1943 3313 ἐκ

367 3347 558 3417 μέσου,
594 3348 660 3402 ἶν’
698 3348 896 3419 ἄρχειν
942 3350 1111 3413 ἀδεῶς
1147 3350 1319 3420 ἔχοιεν
1350 3351 1527 3405 αὐτοί.
1570 3350 1713 3418 Ἐγὼ
1741 3352 1798 3404 δὲ
1847 3350 1942 3403 τοῦ

363 3441 519 3509 κοινῇ
554 3439 958 3504 λυσιτελοῦντος
988 3441 1154 3494 ἕνεκα
1197 3429 1516 3513 ὥσπερ’καὶ
1572 3442 1660 3496 ἀεὶ
1699 3442 1794 3496 καὶ
1823 3441 1944 3513 βού-

367 3533 536 3602 λομαί
573 3551 633 3586 τε
669 3534 764 3586 καὶ
793 3536 923 3604 περὶ
953 3534 1219 3588 πλείστου
1249 3536 1368 3603 ἄγω
1389 3536 1490 3603 τὴν
1512 3537 1761 3606 εἰρήνην,
1797 3537 1850 3588 εί
1877 3551 1942 3603 γε

367 3626 649 3696 βούλοιντο
672 3630 766 3680 καὶ
789 3613 1072 3680 αὑτοῖτῶν
1094 3627 1431 3697 πλασμάτων
1454 3627 1554 3680 καὶ
1572 3626 1942 3695 ψευδολογιῶν

328 3742 337 3745 η
365 3717 709 3781 ἀποστάντες
741 3719 1247 3790 παρακοιμωμένου
1281 3717 1557 3780 διαλύσεις
1581 3717 1852 3771 τίθεσθαι.
1877 3719 1941 3771 Εἰ

360 3811 408 3862 δ’
440 3809 595 3872 αὖθις
621 3811 777 3864 αὐτοὶ⁷
804 3815 897 3863 τ’,ν
927 3811 1166 3881 πόλεμον
1200 3812 1431 3877 κινοῖεν,
1468 3811 1543 3881 μὴ
1574 3809 1700 3877 ἐμοὶ
1733 3814 1802 3864 τὰ
1827 3813 1940 3863 ὲσό-

378 3918 515 3971 μενα
563 3902 711 3954 κακὰ
751 3903 815 3954 ὲκ
861 3902 956 3955 τοῦ
993 3903 1237 3972 πολέμου
1291 3900 1771 3972 προσλογίζεσθαι,
1822 3902 1940 3955 ἀλλ’

364 3993 603 4059 ἑαυτοῖς,
641 3993 824 4064 πολλῷ
869 3995 980 4046 τῶν
1020 3994 1505 4065 προϋπηργμένων
1535 3993 1836 4065 δεινότερα,
1863 3994 1936 4056 ὡς

368 4083 503 4154 ὁρῶ,
556 4087 814 4156 ἐσόμενα.
856 4085 1085 4138 Ἐκεῖνοι
1142 4085 1245 4154 μὲν
1289 4088 1400 4154 γὰρ
1442 4083 1649 4148 Μυσοῖς
1683 4085 1780 4136 καὶ
1809 4085 1940 4154 Τριο

364 4174 554 4238 ϐαλοῖς
571 4176 757 4240 πόλεις
781 4178 877 4228 καὶ
922 4178 1107 4247 χώρας
1131 4178 1592 4246 καταπροῖέμενοι
1611 4176 1938 4245 συμμάχους

368 4269 727 4336 ἐποιήσαντο,
774 4263 856 4330 οἷς
895 4267 983 4320 ἐπ’
1014 4269 1117 4336 ἐμὲ
1160 4267 1494 4321 διανοοῦνται
1536 4268 1812 4338 χρῆσθαιο
1857 4261 1937 4330 οἷς

361 4359 726 4413 ἀνθίστασθαι
774 4361 875 4413 οὐκ
917 4359 985 4412 ἂν
1018 4360 1288 4430 δυναίμην
1327 4360 1466 4430 μετὰ
1503 4358 1794 4430 Ῥωμαίων
1822 4359 1935 4411 τῶν

2060 514 2300 584 nysium,
2350 514 2595 569 divinum
2651 528 2858 579 numen
2909 530 3035 569 cum
3072 516 3287 571 ratione
3331 530 3640 589 pugnantes

2058 606 2446 674 episcoporum
2476 603 2797 660 affectiones
2846 621 2954 660 non
3004 606 3273 676 sequitur.
3312 607 3369 663 Si
3395 611 3519 679 quis
3545 626 3638 666 oc-

2060 705 2266 759 currat,
2301 706 2360 750 ut
2388 705 2448 750 ut
2475 711 2533 750 se
2559 711 2645 750 res
2677 697 2899 759 habeat,
2925 713 3032 751 non
3054 713 3177 753 esse
3208 702 3355 766 parvi
3390 705 3638 770 penden-

2058 776 2183 841 dani
2214 787 2356 839 illam
2393 803 2607 854 poenam
2665 788 3118 853 ecclesiasticam,
3157 792 3252 849 sed
3293 802 3352 847 ut
3401 808 3466 847 ea
3504 773 3637 848 ~sul-

2055 893 2206 943 vare,
2236 878 2466 933 multum
2510 879 2568 933 in
2612 894 2679 933 eo
2726 880 2893 935 studii
2948 882 3288 949 ponendum,
3325 883 3435 948 aio,
3467 885 3632 939 etiam

2055 972 2110 1024 in
2159 971 2264 1025 hoc
2291 986 2538 1024 mearum
2571 974 2807 1041 partium
2842 973 2976 1027 nihil
3025 956 3490 1042 prartermisisse‘:
3538 977 3635 1032 sed

2056 1058 2221 1132 saEpe,
2252 1072 2308 1116 et
2344 1064 2589 1134 impense
2620 1064 2670 1118 id
2699 1075 2970 1130 orantem,
3010 1067 3219 1121 nullum
3259 1082 3499 1138 unquam
3535 1069 3639 1123 hu-

2056 1168 2264 1221 cusque
2313 1168 2636 1222 responsum
2685 1171 2749 1209 ex
2801 1172 2958 1225 aequo
2987 1168 3044 1212 et
3092 1157 3240 1212 bono
3288 1159 3632 1227 impetrasse.

2056 1245 2526 1310 Quemadmodum
2575 1245 2742 1314 igitur
2791 1262 2889 1317 ego
2926 1248 3051 1302 inde
3081 1264 3254 1318 usque
3299 1265 3327 1303 a
3363 1251 3636 1320 principio

2056 1352 2087 1391 a
2139 1338 2351 1406 justitia
2395 1352 2502 1393 non
2542 1338 2877 1403 deﬂexerim,
2937 1349 2992 1394 et
3041 1356 3164 1410 qua:
3220 1345 3287 1394 ad
3341 1357 3633 1396 commune

2057 1428 2489 1482 emolumentum
2533 1439 2847 1498 spectarent
2895 1429 3143 1497 fect-ritu,
3196 1431 3283 1486 isti
3316 1449 3446 1487 vero
3477 1450 3634 1504 syco-

2007 1512 2036 1539 ⁶
2057 1522 2319 1592 phantiis,
2344 1532 2401 1576 et
2418 1521 2904 1576 obtrectationibus
2924 1532 3030 1576 tam
3056 1523 3264 1578 crebris
3287 1524 3487 1579 bellum
3511 1542 3634 1581 con-

2055 1612 2729 1681 ﬂaveriut,Romanosque
2776 1613 2935 1667 malis
2979 1614 3226 1683 plurimis
3281 1615 3631 1684 iuvolverint,

2058 1720 2172 1759 uno
2192 1719 2322 1758 vero
2344 1703 2609 1757 malorum
2631 1696 2873 1757 omnium
2898 1704 3159 1767 fontes,et
3179 1705 3389 1759 radices
3407 1704 3632 1766 iuerint.

1983 1768 2024 1825 θ
2054 1805 2107 1849 et
2142 1795 2247 1848 alia
2266 1794 2487 1863 quidem
2509 1809 2606 1863 per
2630 1808 2688 1848 se
2715 1793 3143 1855 intulerint,alia
3169 1810 3254 1849 me
3282 1794 3485 1850 inferre
3508 1811 3635 1852 coe-

2052 1886 2253 1956 gerint,
2280 1900 2346 1938 ex
2369 1885 2527 1939 dictis
2549 1884 2859 1953 perspicere
2882 1884 3198 1937 facillimum
3222 1893 3329 1939 est.
3355 1886 3509 1952 Quod
3533 1904 3633 1941 au-

2055 1987 2166 2032 tem
2190 1993 2334 2032 nunc
2351 1992 2567 2047 quoque
2592 1970 2736 2032 haud
2764 1992 2952 2046 pacem
2980 1978 3243 2046 cupiant,
3265 1995 3366 2037 nec
3387 1982 3575 2049 quotid
3600 1997 3633 2036 e

2055 2068 2406 2137 pereuntium
2452 2065 2834 2122 misericordia
2888 2074 3224 2134 tangantur:
3259 2068 3355 2122 sed
3380 2087 3467 2124 me
3492 2086 3631 2137 pra:-

2053 2168 2136 2212 ter
2173 2164 2399 2212 Crateras
2427 2157 2657 2225 injurias
2682 2156 2739 2210 in
2764 2164 3092 2227 potestatem
3126 2155 3378 2228 redigere
3409 2161 3629 2215 deside-

2052 2259 2177 2304 rent
2209 2260 2267 2303 ut
2302 2249 2401 2319 ipsi
2449 2249 2505 2302 in
2562 2257 2735 2303 totum
2786 2248 3080 2318 imperium
3108 2248 3416 2305 Romanum
3457 2252 3631 2307 domi-

2051 2352 2254 2397 nentur
2278 2344 2415 2413 (hoc
2449 2342 2596 2397 enim
2619 2341 2784 2412 612
2808 2341 2980 2396 etiam
3014 2351 3173 2410 atque
3207 2343 3369 2398 etiam
3403 2355 3633 2400 conten-

2050 2434 2185 2489 dunt
2213 2450 2228 2486 :
2261 2420 2363 2489 nec
2407 2435 2511 2488 alia
2539 2434 2608 2489 de
2641 2449 2806 2489 causa
2840 2433 2985 2489 hanc
3017 2434 3345 2505 legationem
3375 2437 3629 2495 institue-

2051 2536 2181 2581 runt
2215 2526 2234 2595 )
2266 2527 2426 2581 exiis
2455 2543 2576 2596 quae
2606 2527 2888 2596 postulant
2909 2528 3130 2596 planum
3175 2529 3379 2584 evadit.
3414 2529 3546 2583 Nam
3581 2530 3627 2584 si

2049 2617 2179 2685 quid
2215 2617 2581 2681 moderatum,
2610 2624 2666 2670 et
2697 2617 3015 2685 reipublicae
3057 2618 3404 2672 fructuosum
3457 2621 3632 2673 medi-

2051 2714 2321 2769 tarentur,
2358 2720 2471 2758 non
2516 2713 2626 2759 tam
2658 2716 2911 2775 prompte
2965 2706 3038 2760 illi
3096 2709 3393 2765 vanissimo
3443 2710 3631 2763 Cllllli-

2052 2797 2229 2850 natori
2278 2796 2668 2864 obsequentes,
2730 2811 2819 2850 me
2871 2796 2978 2851 sibi
3025 2798 3323 2867 subjicere,
3356 2809 3519 2869 atque
3571 2809 3632 2855 ut

2049 2904 2268 2944 servum
2299 2889 2598 2960 subjugare
2628 2890 2991 2945 tentavissent
3033 2908 3046 2945 :
3083 2892 3175 2959 qui
3220 2892 3264 2946 si
3312 2908 3421 2946 non
3462 2893 3631 2957 aliud,

2048 2991 2198 3035 certe
2226 2981 2445 3048 quidem
2476 2976 2622 3051 quod
2657 2982 2847 3036 taudiu
2884 2997 2995 3036 rem
3031 2980 3337 3037 Romanam
3394 2986 3631 3039 admini-

2049 3071 2241 3137 stravi,
2272 3072 2485 3133 melius,
2513 3082 2570 3127 et
2603 3071 2794 3125 utilius
2821 3086 2980 3140 quam
3013 3071 3114 3139 ipsi
3152 3071 3256 3126 hoc
3277 3087 3478 3126 munus
3511 3073 3630 3127 obi-

2049 3177 2205 3216 rcm.-
2244 3163 2572 3217 Patriarchae
2632 3164 2832 3233 igitur,
2886 3173 2944 3218 et
2989 3163 3157 3218 sociis
3203 3165 3337 3217 nihil
3387 3165 3531 3219 aliud
3574 3165 3629 3218 in

2043 3257 2225 3309 ειυόό
2257 3256 2379 3321 luit,
2427 3271 2590 3324 quam
2633 3256 2778 3325 quod
2803 3256 2909 3312 sibi
2937 3272 2966 3310 a
3010 3256 3285 3327 principio
3333 3270 3632 3326 proposue-

2044 3357 2191 3413 runt,
2246 3363 2334 3402 me
2385 3349 2651 3403 nimirum
2712 3348 2814 3404 hac
2864 3350 2988 3405 luce
3042 3351 3278 3421 privare,
3351 3366 3460 3419 quo
3524 3352 3627 3420 ipsi

2044 3439 2295 3493 securius
2331 3438 2604 3509 imperare
2633 3449 2855 3508 queant.
2886 3442 2985 3494 Ast
3019 3455 3118 3511 ego
3146 3441 3275 3495 boni
3332 3443 3631 3499 tommunis

2045 3530 2241 3600 gratia.
2287 3531 2430 3599 quod
2478 3532 2720 3599 spectavi
2776 3547 3017 3598 semper,
3076 3532 3228 3602 pacis
3274 3546 3396 3587 sum
3432 3549 3630 3603 percu-

2044 3622 2220 3689 pidus,
2280 3635 2512 3692 eamque
2568 3621 2710 3678 facio
2774 3622 2995 3677 maximi
3049 3626 3142 3676 :si
3187 3624 3353 3678 modo
3406 3634 3463 3679 et
3513 3626 3628 3696 ipsa

2041 3727 2073 3766 a
2110 3712 2407 3782 ﬁgmentis,
2447 3723 2504 3768 et
2535 3716 2836 3769 mendaciis
2883 3714 3132 3785 praefecti
3196 3715 3434 3773 cubiculi
3480 3730 3631 3773 rece-

2043 3805 2259 3868 dentes,
2291 3821 2409 3859 eam
2448 3807 2745 3876 complecti
2776 3807 2965 3862 velint.
3022 3808 3077 3861 Si
3113 3809 3316 3863 bellum
3353 3810 3628 3867 insatura-

2042 3898 2172 3962 rint,
2213 3912 2284 3952 ne
2311 3897 2444 3951 mihi
2468 3913 2747 3953 emersura
2804 3898 2932 3954 inde
2978 3899 3117 3960 mala
3168 3904 3625 3972 praecedentibus,

2044 3999 2104 4045 ut
2147 4006 2412 4061 auguror,
2469 3991 2630 4062 longe
2685 3992 2959 4062 graviora,
3010 3994 3107 4049 sed
3159 3996 3265 4051 sibi
3321 3999 3567 4055 tribuant
3608 4016 3625 4054 :

2041 4086 2263 4152 quando
2304 4085 2404 4154 ipsi
2447 4082 2638 4140 Mensis
2671 4096 2728 4139 et
2786 4084 3045 4141 Triballis
3091 4089 3258 4145 urbes
3286 4098 3340 4144 et
3373 4092 3626 4160 regiones

2040 4177 2193 4247 quasi
2224 4178 2459 4247 praedam
2493 4177 2837 4246 objecerunt,
2865 4189 2914 4232 et
2962 4180 3246 4235 adversum
3281 4197 3369 4237 me
3405 4184 3627 4240 auxilla-

2042 4285 2133 4325 res
2159 4270 2474 4324 asciverunt
2510 4285 2523 4322 :
2560 4269 2761 4339 quibus
2792 4269 2917 4337 quia
2956 4269 3216 4327 resistere
3270 4288 3395 4326 cum
3427 4272 3626 4328 Roma-

2038 4362 2128 4415 nis
2155 4376 2295 4431 quos
2338 4360 2482 4415 duco
2528 4376 2641 4415 non
2686 4361 2863 4425 valeo,
2895 4371 3152 4431 superest
3183 4372 3241 4418 ut
3269 4374 3324 4418 et
3357 4364 3494 4420 mihi
3525 4382 3625 4421 auo

371 4452 685 4522 παρόντων*
721 4450 970 4504 λείπεται
1016 4450 1080 4522 δὴ
1108 4451 1257 4520 κάμὲ
1286 4451 1604 4520 συμμαχίαν
1630 4448 1807 4520 ἑαυτῷ
1838 4467 1938 4504 πο-

2045 4453 2169 4506 xilia
2194 4453 2264 4506 ad
2289 4454 2475 4508 hostes
2511 4465 2662 4506 meos
2689 4451 3049 4507 debellandos
3085 4451 3241 4507 ﬁrma
3269 4467 3618 4522 comparem;
3646 4463 3651 4477 '

363 4544 559 4613 ρίζειν,
575 4544 611 4615 ἡ
633 4545 746 4606 τοῖς
767 4542 1101 4613 πολεμοῦσιν
1119 4545 1503 4612 ἀντιστήσεται
1520 4544 1615 4596 καὶ
1630 4541 1935 4612 διαφθερεῖ.

364 4635 442 4687 Οὐ
474 4633 585 4704 γὰρ
621 4633 764 4687 ἑκὼν
794 4632 938 4687 είναι
970 4637 1283 4706 προήσομαι
1307 4636 1405 4703 τὴν
1429 4634 1672 4705 ἐμαυτοῦ
1703 4636 1798 4688 καὶ
1830 4635 1940 4688 τῶν

363 4727 637 4781 συνόντων
691 4726 987 4798 σωτηρίαν.
1044 4726 1193 4799 Αὕτη
1246 4727 1303 4781 δὲ
1356 4728 1660 4798 οὐδαμόθεν
1712 4727 1939 4782 ἄλλοθεν

360 4816 631 4888 παρέσται
671 4818 707 4887 ἢ
730 4817 793 4885 ἐξ
819 4818 1001 4881 Ἀσίας
1022 4819 1290 4890 Περσική*
1315 4820 1365 4874 οἳ
1393 4819 1672 4891 Βάρϐαροί
1697 4835 1758 4872 τε
1784 4819 1939 4883 ὄντες

358 4910 454 4959 καὶ
502 4906 834 4970 ἀπεναντίας
902 4908 1036 4975 ἡμῖν
1088 4909 1217 4978 περζι
1255 4909 1318 4961 τὸ
1366 4911 1530 4972 σέϐας
1576 4908 1936 4979 διακείμενοι,

363 4999 623 5067 οὐδεμίαν
661 4998 833 5067 φειδὼ
881 5000 1202 5067 ποιήσονται
1248 4998 1357 5052 τῶν
1392 5000 1779 5069 ἐμπιπτόντων
1816 5000 1938 5061 ταῖς

356 5090 571 5159 χερσὶν,
618 5087 755 5142 ἀλλὰ
794 5087 922 5150 τοὺς
963 5087 1064 5158 μὲν
1130 5088 1533 5154 ἀποκτενοῦσι,
1578 5090 1708 5150 τοὺς
1743 5088 1800 5142 δὲ
1842 5087 1938 5140 ἐπὶ

356 5180 574 5250 δουλείᾳ
622 5179 1019 5233 ἀποδώσονται.
1060 5179 1128 5232 Ei
1175 5179 1275 5251 μέν
1322 5196 1445 5232 τινα
1474 5180 1586 5232 τῶν
1629 5180 1936 5249 μελλόντων

354 5272 767 5342 διαφθείρεσθαι
801 5271 951 5323 ἔλεον
978 5270 1232 5332 λαϐόντες
1264 5271 1401 5341 πρὸς
1431 5270 1528 5343 τὴν
1555 5273 1781 5343 εἰρήνην
1813 5270 1936 5323 ἐθέ-

357 5364 494 5416 λωσι
540 5361 926 5434 χωρεῖν,κὰγὼ
975 5362 1209 5433 μάλιστα
1246 5362 1536 5433 βουλοίμην
1582 5362 1670 5429 ἂν,
1721 5364 1818 5418 καὶ
1875 5366 1934 5419 ὲν

359 5453 598 5524 ἡμέραις
631 5453 1025 5507 πεντεκαίδεκα
1067 5455 1437 5523 πεμπέτωσαν
1486 5456 1606 5519 τοὺς
1652 5457 1931 5526 ἐροῦντας,

356 5548 441 5598 ὅτι
470 5543 784 5599 διαλύεσθαι
847 5544 1154 5608 συνέθεντο,
1178 5545 1253 5608 ὡς
1283 5544 1348 5597 ἂν
1382 5546 1603 5615 πέμψας
1631 5547 1785 5617 κάγὼ
1824 5569 1932 5604 κω-

355 5638 507 5693 λύσω
533 5637 660 5698 τοῖις
680 5636 995 5708 Βαρϐἀρους
1027 5637 1101 5709 μὴ
1123 5638 1481 5708 περαιοῦσθαι
1508 5640 1643 5709 πρὸς
1668 5643 1768 5712 τὴν
1791 5642 1933 5714 Θρᾴ-

357 5744 499 5801 κηνο
543 5729 1059 5800 παρεσκευασμένοι
1093 5731 1203 5802 γάρ
1234 5732 1396 5785 εἰσιν.
1442 5734 1710 5802 Ὕστερον
1746 5735 1801 5787 δὲ
1841 5736 1928 5805 ἐφ’

2041 4542 2170 4597 nolo
2203 4542 2407 4611 quippe
2450 4557 2652 4607 meam,
2683 4542 3328 4613 meorumque‘salutem
3365 4545 3620 4613 prodere.

2038 4635 2113 4690 Ea
2158 4651 2290 4689 vero
2336 4635 2542 4688 auxilia
2582 4648 2693 4689 non
2746 4635 2971 4689 aliunde
3017 4650 3183 4704 quam
3220 4633 3622 4693 Persarum'ex

2036 4726 2166 4782 Asia
2209 4727 2638 4797 suppeditabunt
2668 4742 2682 4780 :
2715 4727 2807 4796 qui
2861 4735 2917 4780 et
2949 4725 3194 4793 Barbari,
3228 4736 3285 4781 et
3337 4741 3621 4782 sacrorum

2037 4821 2187 4874 cultu
2246 4821 2408 4874 nobis
2463 4819 2781 4885 dissimiles,
2831 4818 3013 4873 obviis
3063 4834 3176 4873 non
3228 4829 3474 4889 parcent,
3524 4820 3621 4877 εις-(1

2037 4911 2172 4965 alios
2228 4910 2449 4979 quidem
2510 4911 2882 4972 trucidahunt,
2950 4909 3091 4963 alio;
3176 4911 3233 4965 in
3297 4913 3619 4964 Servitutem
3674 4914 3684 4922 ‘

2037 5004 2298 5058 vendent.
2344 5003 2528 5067 Quare
2576 5003 2621 5056 si
2675 5002 3046 5072 periturorum
3071 5003 3435 5058 miseratione
3465 5018 3619 5058 com-

2039 5095 2191 5160 moti,
2221 5095 2287 5149 ad
2319 5109 2507 5165 pacem
2532 5088 2666 5148 dare
2690 5109 2750 5147 se
2786 5093 2994 5158 volent,
3023 5094 3075 5148 id
3105 5109 3205 5164 ego
3230 5110 3447 5164 quoque
3471 5109 3623 5149 sum-

2037 5202 2284 5256 mopere,
2315 5188 2780 5256 vehementerque
2823 5187 3008 5251 velim,
3049 5195 3106 5240 et
3150 5186 3346 5240 diebus
3385 5188 3619 5256 quimle-

2035 5280 2144 5334 cim
2174 5278 2414 5342 mittant,
2443 5278 2534 5351 qui
2561 5293 2648 5331 me
2672 5278 2740 5332 de
2764 5292 3043 5332 consensu
3077 5277 3294 5331 illorum
3328 5292 3492 5347 super
3516 5278 3617 5331 hac.

2037 5387 2094 5426 rc
2123 5369 2413 5425 certiorem
2448 5369 2613 5424 faciat
2647 5387 2662 5423 :
2689 5381 2750 5424 ut
2782 5370 2898 5440 ipse
2930 5369 3184 5425 similiter
3212 5371 3445 5432 mittam,
3485 5369 3615 5422 Bar-

2037 5463 2310 5531 barosque
2343 5462 2456 5531 jam
2499 5470 2740 5530 paratos,
2797 5462 2854 5517 in
2905 5460 3191 5515 Thraciam
3243 5461 3613 5515 transmittere

2037 5569 2107 5609 ne
2140 5555 2344 5609 sinam.
2390 5556 2467 5610 De
2511 5553 2924 5608 conditionibus
2957 5563 3145 5624 postea
3176 5554 3320 5609 inter
3354 5568 3455 5608 nos
3483 5568 3615 5607 con-

2036 5647 2242 5701 veniet.
2289 5646 2385 5700 Sin
2434 5661 2702 5700 renovare
2750 5647 2951 5700 bellant
2996 5645 3287 5704 mavolem,
3346 5659 3411 5701 ac
3473 5644 3613 5698 nihil

2038 5739 2468 5807 resitoudebunt,
2522 5737 2774 5807 equidem
2839 5746 2963 5806 post
3018 5735 3161 5790 diem
3221 5737 3604 5806 pra-seitutum,
