4048 6440
348 282 484 347 1157

1485 276 2034 338 HISTORIARUM
2077 277 2313 338 LIBER
2353 278 2465 341 ΙΙῘ.

3473 280 3608 348 115.8

339 402 404 453 τό
456 417 514 453 τε
549 400 782 453 ἄστατον
812 404 908 471 τῆς
936 402 1045 454 τῶν
1075 401 1380 470 ἀνθρώπων
1438 400 1610 470 τύχης
1677 396 1918 469 συνορῶν

2024 398 2260 456 fortunae
2298 402 2714 459 mutabilitatem
2744 404 3089 474 perpendens
3122 401 3250 474 (qui
3275 402 3423 459 enim
3454 406 3608 474 prius
3666 450 3673 457 .

343 494 417 564 (οἱ
454 493 562 563 γὰρ
595 493 724 563 πρὶν
762 494 975 564 μεγάλα
1008 493 1310 562 φυσῶντες,
1343 495 1434 548 καὶ
1464 494 1571 546 οὐδ’
1595 493 1786 562 ἄκροις
1818 492 1922 545 ὠσὶ

337 583 616 653 δεχόμενοι
657 584 754 654 τὴν
793 586 898 638 iub
945 587 1159 655 βασιλεῖ
1197 586 1475 650 δουλείαν,
1517 586 1655 639 ἀλλὰ
1701 586 1792 639 καὶ
1831 585 1921 639 τὸν

339 675 681 744 πρεσϐευτὴν
722 676 890 746 ὠμῶς
932 679 1026 731 καὶ
1068 678 1450 749 ἀπανθρώπως
1494 679 1917 746 κατατεμόντες,

340 766 438 818 καὶ
475 766 678 837 πολλὴν
709 768 1110 839 ἐπιδειξάμενοι
1146 772 1434 825 αὐθάδειαν
1457 773 1551 824 καὶ
1577 771 1916 841 θρασύτητα,

340 856 436 910 νῦν
465 859 661 929 ἥκουσι
691 866 937 915 ταπεινοὶ
971 866 1066 916 καὶ
1097 864 1489 933 δεδακρυμένοι
1526 864 1629 917 ὑπὸ
1666 865 1953 933 μεγάλων-

340 949 659 1013 πιεσθέντες
690 956 1104 1022 συμφορῶνκαὶ
1133 955 1376 1024 δεόμενοι
1408 957 1593 1008 ἐκεῖνα
1613 995 1627 1016 ,
1655 955 1690 1009 ἀ
1722 958 1769 1008 εί
1797 957 1919 1008 τότε

339 1038 505 1092 αὐτοῦ
532 1042 995 1109 συμϐουλεύοντος
1021 1046 1327 1109 ἐπείθοντο,
1351 1047 1449 1098 οὐκ
1472 1046 1541 1100 ἂν
1564 1048 1646 1110 είς
1666 1046 1921 1109 τοιαύτας

340 1130 686 1202 κατέστησαν
719 1135 986 1206 ἀνάγκας)
1010 1150 1025 1163 '
1064 1136 1256 1188 ἔπειτα
1295 1138 1491 1190 ἐννοῶν
1527 1139 1622 1190 καὶ
1664 1139 1781 1196 οἵας
1820 1138 1921 1189 πό-

338 1221 475 1286 λεως
509 1225 692 1276 πάντα
725 1227 954 1297 ἀρίστης
990 1230 1021 1298 ή
1062 1225 1351 1298 Ῥωμαίων
1385 1231 1653 1299 ἡγεμονία
1687 1232 1918 1282 ἀποστε-

343 1314 553 1382 ρεῖσθαι
579 1316 785 1387 μέλλει,
811 1321 1078 1388 ἐδάκρυσε
1107 1323 1205 1390 μὲν
1231 1324 1322 1374 ἐπὶ
1350 1323 1578 1394 μικρόν·
1611 1320 1731 1375 εἷτα
1754 1327 1921 1393 ἐχρη-

334 1406 539 1474 μάτισε
585 1411 698 1470 τοῖς
748 1410 1042 1479 πρέσϐεσι,
1096 1415 1190 1465 καὶ
1240 1412 1348 1466 τῶν
1397 1430 1457 1465 τε
1514 1415 1920 1485 ἡμαρτημένων

343 1497 636 1566 παρείχετο
668 1498 1023 1571 συγγνώμην,
1052 1488 1144 1554 καί
1173 1503 1517 1573 χρηστότερα
1550 1504 1790 1568 ἐλπίζειν
1819 1507 1920 1559 ὑπ-

339 1587 542 1650 ετίθει,
580 1590 652 1651 ὼς
691 1592 800 1644 πᾶν
830 1592 1011 1645 ὁτιοῦν
1048 1593 1190 1661 ὑπὲρ
1224 1595 1404 1647 αὐτῶν
1438 1597 1699 1666 ποιήσων.
1742 1599 1917 1651 Ἑκεί-

337 1695 464 1742 νους
500 1681 600 1746 μὲν
631 1680 724 1735 οὖν
754 1680 927 1746 οὕτως
961 1683 1310 1754 ἐψυχαγώγει
1344 1687 1525 1754 λόγοις
1559 1690 1622 1741 ὲκ
1653 1690 1751 1758 τῆς
1786 1690 1915 1742 πολ-

335 1772 435 1841 λῆς
481 1774 720 1842 ἀθυμίας
764 1775 1172 1845 ἀνακτώμενος.
1222 1780 1363 1843 Τοὺς
1408 1781 1473 1833 ἐκ
1518 1780 1814 1846 Βυζαντίου
1861 1783 1918 1836 δὲ

333 1863 492 1928 αὖθις
518 1866 777 1936 πρέσϐεις
807 1869 1566 1943 μετακαλεσάμενο;,⁹ορᾶτε,
1591 1870 1764 1939 εἶπεν,
1792 1875 1919 1930 οἵων

336 1959 640 2029 συμφορῶν
678 1960 850 2023 αττιος
882 1962 1174 2029 Ῥωμαίοις
1194 1965 1220 2015 ὁ
1242 1965 1475 2034 πόλεμος
1508 1968 1779 2035 κατέστη;
1819 1967 1918 2031 τὰς

334 2050 444 2120 γὰρ
460 2051 745 2121 ἑσπερίους
763 2051 864 2122 ἤδη
885 2052 1255 2119 πάσαςπόλεις
1270 2057 1593 2126 ἐποιήσαντο
1606 2057 1694 2125 ὑφ’
1708 2059 1918 2123 ἑαυτοῖς

330 2139 383 2191 οἱ
413 2138 692 2207 Ἰῖριὸαλοί.
721 2141 948 2196 Δέδοικα
973 2142 1028 2195 δὲ
1061 2143 1136 2214 μὴ
1163 2145 1353 2197 τούτου
1388 2148 1793 2217 μηκυνομένου,
1821 2152 1917 2204 καὶ

333 2229 672 2294 Μακεδονίας
709 2232 915 2301 ἄρξωσι
952 2237 1318 2289 παντάπασιν.
1352 2238 1492 2307 Ἤδη
1527 2241 1632 2307 γὰρ
1667 2243 1769 2295 οὐκ
1804 2243 1913 2295 ὀλί-

332 2332 436 2385 γας
476 2316 680 2387 ἔχουσι,
712 2320 933 2389 Φεραῖοι
972 2321 1051 2387 δὲ,
1078 2321 1268 2393 ὥσπερ
1311 2327 1582 2395 ἠκούσατε
1624 2332 1776 2400 παρὰ
1808 2332 1916 2384 τῶν

334 2408 651 2477 πρέσϐεων,
685 2411 733 2462 εί
768 2412 842 2480 μή
876 2430 1018 2476 τινος
1050 2414 1183 2481 παρ’
1208 2416 1363 2485 ἡμῶν
1393 2420 1715 2489 ἐπικουρίας
1745 2424 1918 2493 τύχω-

336 2515 445 2561 σιν,
476 2499 576 2551 οὐκ
607 2499 674 2553 ἂν
703 2500 783 2553 ἔτι
815 2502 951 2573 πρὸς
982 2504 1073 2557 τὸν
1106 2506 1343 2574 πόλεμον
1372 2509 1614 2577 ἀντέχειν
1644 2512 1914 2579 δύναιντο,

335 2586 483 2657 λιμῷ
526 2589 623 2642 καὶ
660 2589 950 2662 πολιορκίᾳ
997 2594 1335 2659 πιεσθέντες.
1365 2600 1616 2664 Ἔξεστιν
1655 2602 1747 2655 οὖν
1790 2607 1915 2674 ὑμῖν

336 2675 441 2745 ἤδη
473 2678 533 2728 τὸ
564 2677 658 2729 τοῦ
701 2679 940 2749 πολέμου
979 2681 1170 2751 κέρδος
1207 2688 1460 2756 συνορᾷν.
1503 2690 1642 2757 Ἐγὼ
1676 2692 1731 2744 δὲ
1766 2694 1918 2763 ὑμῶν

338 2765 624 2835 θαυμάζω,
656 2769 777 2821 ὅθεν
806 2770 982 2823 οῐεσθε
1012 2772 1272 2828 ammon
1304 2777 1584 2844 βασιλείαν
1615 2783 1778 2850 ἔχειν,
1809 2787 1917 2839 τῶν

335 2861 667 2930 συνεχόντων
714 2861 884 2933 αὐτὴν
933 2865 1290 2934 εὐποροῦντες
1339 2870 1571 2932 οὐδενός.
1624 2874 1760 2927 Οὔτε
1808 2883 1915 2946 γὰρ

328 2952 483 3004 ἐστιν
514 2953 570 3004 ἐν
601 2954 759 3021 ὑμῖν,
791 2954 848 3017 ὃς
880 2956 945 3007 ἂν
976 2958 1084 3008 τῶν
1117 2957 1291 3010 ἄλλων
1323 2961 1510 3031 ἄρχειν
1541 2964 1788 3030 δύναιτο,
1822 2971 1918 3021 καὶ

2023 493 2273 562 superbia
2301 493 2493 558 inflati,
2531 511 2633 549 nec
2681 496 2906 551 Verbum
2950 496 3141 551 audire
3171 498 3237 549 de
3269 496 3608 566 subiectione

2023 586 2417 652 sustinuerant,
2448 588 2579 656 quin
2605 588 2767 643 etiam
2800 589 3038 658 legatum
3064 588 3378 651 crudeliter,
3410 588 3612 642 imma-.

2023 676 2278 746 niterque
2310 678 2705 745 dissecuerant,
2740 690 2796 733 et
2840 694 2898 733 se
2943 693 3199 747 perquam
3233 692 3605 741 contumaces,

2021 783 2084 821 ac
2110 768 2454 835 prtelidentes
2482 771 2858 836 ostenderant,
2908 769 3075 841 614
3108 770 3144 823 ii
3171 785 3318 823 nunc
3350 771 3605 835 humiles,

2021 865 2075 910 et
2105 857 2307 925 perfusi
2342 857 2613 927 lacrymis,
2647 859 2821 927 pressi
2857 860 3256 914 calamitatibus
3288 860 3603 923 veniebant,

2022 957 2079 1002 et
2114 948 2201 1001 illa
2239 950 2520 1020 petebant,
2556 950 2609 1001 in
2641 951 2842 1018 quibus
2888 951 2932 1004 si
2966 959 3094 1005 tunc
3128 952 3333 1005 utiliter
3359 952 3609 1005 suadenti

2022 1041 2520 1110 obtemperassent,
2547 1042 2600 1095 in
2635 1051 2740 1095 tam
2765 1044 2992 1098 acerbos
3021 1058 3181 1098 casus
3220 1060 3497 1112 nunquam
3522 1046 3608 1098 in—

2022 1132 2334 1204 cidisseut).
2358 1135 2559 1189 deinde
2576 1138 2927 1191 considerans
2944 1138 3157 1207 qualem
3180 1140 3390 1200 urbem,
3410 1152 3610 1206 nempe

2023 1227 2198 1280 modis
2231 1229 2485 1282 omnibus
2522 1230 3046 1297 praestantissimum,
3084 1229 3389 1283 Romanum
3430 1230 3607 1297 impe-

2022 1320 2162 1371 rium
2197 1320 2490 1383 amitteret,
2509 1320 2790 1375 continere
2818 1321 3080 1391 lacrymas
3108 1338 3215 1375 non
3242 1324 3440 1391 potuit.
3467 1321 3604 1376 Tum

2023 1408 2212 1477 legatis
2261 1411 2637 1477 respondens,
2694 1409 2907 1461 veniam
2958 1409 3375 1463 commissorum
3433 1410 3604 1472 dedit,

2020 1500 2278 1568 bonoque
2322 1501 2505 1554 animo
2531 1516 2653 1555 esse
2687 1500 2879 1568 jussit,
2917 1516 2975 1553 se
3011 1517 3199 1554 eorum
3232 1508 3392 1555 causa
3430 1502 3607 1554 factu-

2022 1607 2142 1645 rum
2174 1593 2380 1648 omnia.
2409 1592 2717 1646 Istiusmodi
2750 1593 2933 1646 verbis
2958 1608 3054 1646 eos
3084 1592 3405 1653 deliniebat,
3454 1600 3508 1645 et
3541 1608 3605 1645 ex

2023 1683 2562 1754 magnisangoribus
2612 1699 2676 1737 ac
2734 1683 3119 1752 desperatione
3157 1684 3472 1748 recreabat;
3508 1685 3607 1737 ite.

2022 1791 2251 1843 rumque
2285 1776 2613 1844 Byzantinos
2642 1776 2852 1845 legatos
2882 1791 3174 1829 accersens
3201 1793 3214 1827 :
3251 1774 3479 1841 Videtis,
3526 1776 3609 1828 in-

2020 1868 2261 1937 quiebat.
2292 1883 2426 1936 quas
2460 1874 2731 1922 a:rumna‘s
2774 1867 3033 1920 Romanis
3070 1867 3268 1921 bellum
3310 1868 3414 1921 hoc
3449 1883 3610 1937 gene-

2019 1959 2185 2014 rarit?
2217 1959 2584 2013 occidentales
2611 1959 2758 2013 enim
2786 1959 2950 2012 urbes
2982 1959 3265 2012 universas
3300 1973 3412 2013 sum
3444 1958 3605 2011 ditiu-

2020 2050 2105 2102 nis
2130 2064 2193 2103 ac
2223 2049 2508 2117 potestatis
2542 2047 2764 2102 Triballi
2800 2048 3084 2113 fecerunt;
3120 2049 3306 2109 timeo,
3342 2064 3412 2103 ne
3442 2051 3605 2101 etiam

2020 2148 2130 2193 tota
2163 2139 2474 2193 Macedonia
2516 2140 2815 2208 potiantur,
2850 2139 3009 2208 cujus
3049 2141 3249 2208 Oppida
3282 2141 3332 2193 in
3369 2156 3608 2209 praesens

2019 2245 2128 2284 non
2168 2246 2339 2298 pauca
2369 2230 2639 2282 obtinent.
2677 2231 2747 2283 At
2786 2230 3019 2292 Pheraei,
3057 2230 3202 2299 quod
3228 2247 3296 2284 ex
3329 2246 3425 2284 ore
3457 2232 3607 2298 lega-

2019 2330 2195 2375 torum
2232 2320 2576 2388 percepistis,
2620 2335 2647 2373 a
2705 2320 2850 2375 fame
2879 2330 2933 2374 et
2966 2322 3123 2376 hoste
3163 2321 3323 2376 simul
3370 2322 3603 2376 obsessi.

2019 2412 2122 2464 nisi
2164 2427 2193 2464 a
2224 2412 2384 2464 nubis
2415 2420 2790 2485 succurratur,
2821 2412 3027 2467 diutius
3054 2428 3112 2467 se
3146 2413 3282 2468 tueri
3312 2430 3421 2466 non
3445 2425 3608 2482 .pote-

2019 2511 2167 2557 runt.
2227 2503 2380 2557 Licet
2426 2504 2587 2571 igitur
2637 2505 2785 2572 jam,
2843 2514 3110 2570 quantum
3196 2505 3331 2558 lucri
3383 2521 3414 2559 e
3466 2506 3607 2559 bello

2019 2597 2222 2650 factum
2265 2597 2355 2659 sit,
2407 2596 2639 2649 discere.
2693 2595 2958 2662 Equidem
3004 2596 3176 2649 miror
3216 2597 3360 2650 unde
3402 2598 3604 2666 putetis

2020 2703 2182 2751 posse
2229 2703 2326 2741 vos
2364 2686 2656 2754 imperium
2692 2688 2957 2749 retinere,
3004 2702 3128 2740 cum
3161 2688 3252 2755 qui
3298 2690 3471 2757 ipsum
3508 2690 3603 2742 de-

2017 2781 2226 2843 Lttidat,
2291 2789 2345 2833 et
2391 2786 2696 2843 conservet,
2755 2779 3006 2833 habeatis
3057 2782 3373 2846 neminem;
3430 2799 3609 2849 neque

2019 2872 2164 2925 enim
2196 2872 2339 2924 inter
2384 2887 2480 2925 vos
2526 2880 2629 2934 est,
2661 2870 2750 2938 qui
2784 2884 3020 2937 prazesse
3061 2870 3202 2933 aliis,
3234 2880 3288 2938 et
3333 2874 3609 2927 communi

2021 2962 2308 3031 providere
2355 2962 2514 3023 sciat,
2560 2962 2663 3015 nisi
2708 2961 2946 3014 fortasse
3003 2961 3319 3029 prmfectum
3360 2964 3607 3025 euhieuli

328 3044 592 3111 πρόνοιαν
619 3045 887 3097 ποιεῖσθαι
913 3047 1020 3098 τῶν
1046 3050 1264 3116 κοινῶν,
1294 3055 1339 3103 εξ
1372 3054 1443 3123 μή
1506 3058 1603 3106 πού
1633 3075 1694 3123 γε
1724 3061 1919 3128 φαίητε

2027 3056 2338 3109 nominetis.
2386 3055 2518 3108 Nam
2575 3068 2678 3106 nec
2734 3053 3046 3122 imperatori
3085 3063 3307 3121 propter
3360 3056 3608 3123 impube-

330 3136 855 3207 παρακοιμώμενον.
883 3140 1021 3192 Οὔτε
1050 3141 1159 3212 γὰρ
1188 3143 1450 3211 βασιλεὺς
1470 3147 1556 3199 διὰ
1584 3149 1678 3219 τὴν
1710 3152 1919 3219 ἠλικίαν

328 3226 431 3296 τὴν
466 3228 753 3297 Ῥωμαίων
794 3230 946 3306 ἄγειν
989 3232 1211 3285 δύναται
1256 3237 1448 3306 ἀρχὴν,
1477 3238 1510 3307 ἦ
1536 3256 1594 3291 τε
1638 3242 1741 3309 βασ
1767 3243 1845 3306 λὶς
1885 3246 1918 3315 ἡ

328 3320 522 3372 τούτου
562 3321 746 3391 μήτηρ
803 3324 865 3374 οὐ
900 3322 988 3377 διὰ
1019 3326 1117 3395 τὴν
1147 3330 1465 3389 γυναικείαν
1498 3331 1785 3385 ἀσθένειαν
1823 3336 1920 3405 μό-

331 3431 461 3478 νον,
489 3414 548 3467 οὐ
590 3416 697 3485 γὰρ
735 3415 799 3468 ἂν
834 3414 1087 3488 ἐξαρκοίη
1124 3421 1257 3489 προς
1293 3422 1545 3475 τοσοῦτον
1581 3428 1921 3493 πραγμάτων

330 3505 520 3575 ὄγκον,
554 3508 690 3560 ἀλλὰ
722 3508 814 3561 καὶ
851 3509 911 3561 τὸ
946 3510 1045 3580 τὴν
1079 3508 1327 3575 ἐξουσίαν
1364 3515 1467 3567 ὑπὸ
1503 3518 1617 3570 τῶν.
1642 3520 1921 3588 ἀρχόντων

329 3596 729 3669 περιῃρῆσθαι,
775 3597 965 3667 ὥσπερ
1016 3602 1074 3653 ὲν
1123 3605 1337 3674 φρουρᾷ
1385 3604 1559 3674 διάγει
1607 3611 1717 3670 τοῖς
1768 3612 1922 3680 βασι-

330 3689 525 3753 λείοις,
552 3690 732 3759 ὀλίγον
762 3691 1065 3744 ἀποδέουσα
1095 3692 1203 3745 τῶν
1232 3696 1290 3747 ἐν
1318 3695 1677 3769 δεσμωτηρίῳ
1708 3701 1922 3769 διαγόν-

333 3798 465 3835 των.
497 3780 562 3834 Τί
592 3786 700 3852 γάρ
730 3785 956 3837 ἐκείνων
983 3783 1311 3854 διενήνοχεν,
1344 3788 1392 3839 εί
1427 3789 1595 3858 μηδὲν
1628 3792 1764 3862 μήτε
1799 3791 1924 3861 βου-

335 3874 634 3928 λεύσασθαι
655 3916 669 3940 ,
706 3877 844 3945 μήτε
878 3878 1079 3943 πρᾶξαι
1107 3880 1215 3932 τῶν
1241 3879 1472 3933 δεόντων
1498 3882 1753 3950 δύναται,
1786 3887 1922 3940 ἀλλά

332 3966 449 4028 τοῖς
490 3965 877 4036 ἐψηφισμένοις
901 3968 1005 4019 ὑπὸ
1042 3967 1151 4021 τῶν
1191 3970 1466 4038 ἀρχόντων
1505 3971 1923 4045 ἓπεσθαιοάνὰγ-

335 4074 444 4127 κην
480 4057 650 4127 ,ἔχεις
685 4059 795 4121 Τάς
825 4075 882 4111 τε
915 4061 1098 4122 πόλεις
1128 4060 1505 4115 ἀπολωλέκατε
1527 4103 1543 4128 ,
1574 4066 1670 4128 τὰς
1700 4070 1798 4135 μὲν
1825 4071 1925 4122 αὖ-

332 4151 450 4211 τοῖς
493 4151 700 4212 Μυσοῖς
741 4151 1224 4221 παραδεδωκότες,
1261 4153 1329 4205 ἵν’
1351 4154 1467 4222 ἔχοι
1499 4171 1557 4208 τε
1601 4160 1922 4228 συμμάχους

334 4242 426 4294 ἐπ’
450 4241 572 4310 ἐμὲ,
602 4244 711 4295 τῶν
737 4242 782 4296 δ’
809 4243 913 4295 ὑπὸ
938 4244 1231 4312 Τριϐαλοϊς
1260 4245 1690 4317 δεδουλωμένων.
1725 4252 1834 4305 Καὶ
1864 4255 1921 4306 at
1954 4242 1957 4245 ’

333 4332 658 4402 λειπόμεναι
682 4333 764 4397 δὲ,
791 4334 871 4388 ἔτι
904 4334 1035 4404 πρὸς
1066 4335 1164 4405 ἐμέ
1192 4354 1247 4388 τε
1277 4340 1368 4391 καὶ
1399 4340 1543 4407 ὑμᾶς
1568 4342 1916 4414 διῃρημέναι,

332 4426 408 4479 τὰ
444 4427 542 4495 μὲν
572 4425 733 4479 αὐταὶ
765 4428 849 4496 ἐφ’
877 4423 1097 4490 ἑαυταῖς
1131 4430 1522 4492 στασιάζουσαι
1554 4435 1646 4487 καὶ
1676 4435 1919 4505 διαφθει-

342 4517 569 4586 ρόμεναι
588 4560 604 4584 ,
634 4519 704 4570 τά
736 4518 779 4572 δ’
805 4518 896 4587 ὑφ’
920 4520 1077 4589 ἡμῶν
1109 4518 1308 4585 ἔξωθεν
1339 4522 1795 4594 πολιορκούμεναι
1830 4531 1923 4583 καὶ

333 4606 946 4676 ἑξανδραποδιζόμεναι,
985 4610 1076 4662 καὶ
1111 4612 1178 4662 τὰ
1210 4610 1494 4665 δεινότατα
1529 4615 1922 4685 ὑπομένουσαι,

335 4697 421 4759 είς
459 4699 698 4771 ἐσχάτην
732 4700 964 4770 ἀπορίαν
1000 4702 1240 4771 ἤλασαν,
1275 4704 1370 4756 καὶ
1410 4703 1593 4773 ὀλίγου
1632 4708 1926 4763 ἀποδέουσι

332 4789 450 4842 τῶν
481 4791 586 4844 ὑπὸ
616 4792 896 4862 πολεμίοις
926 4798 1252 4862 γενομένων.
1285 4795 1598 4866 Χρημάτων
1643 4816 1700 4852 τε
1753 4802 1922 4870 πόρος

334 4881 639 4951 οὐδαμόθεν
660 4900 673 4914 ν
701 4885 771 4938 τά
800 4900 859 4935 τε
892 4886 1001 4952 γὰρ
1028 4886 1365 4953 ἀποκείμενα
1394 4887 1695 4954 ἀνάλωται,
1729 4893 1823 4943 καὶ
1854 4893 1925 4943 τὰ

339 4972 606 5043 κειμήλια
639 4974 952 5028 ἀποδέδοται
992 4974 1246 5040 βασιλικά
1284 4977 1362 5038 είς
1394 4979 1521 5040 τοὺς
1557 4970 1755 5043 καλοὺς
1791 4983 1925 5035 ἀποο

342 5066 565 5129 στόλους
586 5103 602 5130 ,
636 5066 759 5120 ὅθεν
792 5065 975 5135 ὄνησις
1014 5065 1237 5135 οὐδεμία
1282 5068 1624 5136 περιγίνεται
1684 5071 1782 5141 (ἐῶ
1816 5073 1925 5142 γὰρ

2027 3164 2138 3201 rem
2196 3155 2411 3197 aztatem
2458 3146 2766 3198 Romanum
2818 3144 3185 3213 principatum
3237 3147 3439 3198 rexerit
3487 3162 3504 3175 ο
3554 3157 3610 3200 et

2022 3240 2262 3307 Angusta
2309 3238 2430 3305 ejus
2504 3246 2684 3289 mater
2759 3251 2871 3288 non
2931 3237 3105 3290 solum
3174 3246 3394 3305 prOptcr
3450 3237 3608 3291 femi-

2024 3346 2184 3383 neam
2219 3329 2646 3382 imbecillitatem
2683 3338 2843 3382 tanta:
2890 3344 3076 3392 rerum
3115 3329 3245 3381 moli
3274 3329 3610 3383 sustinenda:

2026 3422 2202 3490 impar
2233 3433 2336 3487 est,
2365 3424 2459 3474 sed
2496 3420 2659 3474 etiam
2693 3429 2961 3489 potestate
2993 3420 3060 3473 ab
3097 3420 3453 3473 archontibus
3478 3435 3609 3488 8pc-

2029 3515 2179 3579 liata,
2217 3515 2273 3568 in
2305 3514 2504 3583 palatio
2530 3527 2638 3566 non
2669 3527 2829 3567 secus
2853 3521 3018 3580 atque
3048 3512 3101 3564 in
3129 3512 3378 3566 custodia
3408 3523 3608 3573 manet.

2024 3620 2328 3676 parumque
2376 3606 2445 3660 ab
2483 3604 2548 3658 iis
2581 3603 2784 3669 diﬂert,
2815 3603 2908 3673 qui
2964 3605 3018 3656 in
3066 3617 3287 3657 carcere
3337 3603 3608 3657 victitant.

2023 3697 2165 3762 Quid
2198 3698 2346 3751 enim
2390 3695 2628 3759 dill‘erat,
2657 3696 2872 3759 amabo,
2914 3696 2959 3749 si
2989 3695 3039 3749 ei
3079 3694 3216 3748 nihil
3263 3708 3441 3763 neque
3480 3709 3612 3749 con-

2025 3791 2250 3850 sultare.
2282 3804 2460 3857 neque
2489 3802 2653 3858 agere
2684 3788 2827 3856 quod
2862 3802 3001 3856 opus
3033 3787 3105 3841 sit
3134 3787 3472 3846 conceditur.
3512 3789 3606 3840 sed

2025 3880 2240 3933 illorum
2291 3881 2508 3933 decreta
2552 3879 2787 3948 probare
2833 3886 2887 3932 et
2929 3877 3084 3943 sequi
3135 3877 3386 3948 cogitur?
3434 3877 3615 3934 Urbes

2023 3981 2201 4025 autem
2244 3970 2589 4039 perdidistis;
2634 3984 2760 4022 nam
2811 3969 2947 4022 alias
2994 3967 3096 4037 ipsi
3142 3967 3327 4022 Moesis
3373 3968 3609 4036 pretium

2024 4063 2305 4119 societatis
2330 4072 2524 4116 contra
2556 4078 2643 4116 me
2696 4063 2946 4126 dedistis,
3004 4063 3144 4117 alias
3175 4061 3400 4117 Triballi
3448 4065 3614 4117 sube-

2025 4163 2243 4225 gerunt,
2297 4153 2522 4222 reliquis
2567 4153 2711 4206 inter
2760 4169 2849 4207 me
2901 4168 3109 4222 vosque
3153 4153 3362 4217 divisis,
3420 4168 3611 4207 earum

2026 4246 2225 4314 partim
2281 4243 2555 4297 intestinis
2601 4244 2879 4312 agitantur
2925 4243 3238 4309 discordiis,
3293 4252 3348 4297 et
3395 4244 3615 4298 sibimet

2026 4336 2192 4392 exitio
2237 4349 2365 4391 sunt
2398 4353 2411 4389 :
2447 4337 2641 4405 partim
2679 4352 2709 4390 a
2743 4336 2899 4390 nobis
2942 4335 3073 4390 loris
3116 4336 3374 4398 obsessae,
3420 4339 3611 4406 jugum

2024 4430 2270 4500 accipere
2298 4437 2518 4491 coactae,
2533 4428 2981 4497 gravissimisque
3005 4428 3203 4483 attritas
3219 4427 3604 4489 incommodis,

2021 4524 2077 4579 in
2127 4534 2403 4579 extremas
2441 4522 2788 4577 dillicultates
2829 4523 3094 4590 conjecta:
3140 4531 3313 4575 sunt:
3348 4537 3453 4576 nec
3508 4522 3614 4576 alia

2023 4616 2142 4671 fere
2170 4612 2481 4669 conditione
2501 4621 2651 4677 sunt,
2682 4627 2844 4675 quam
2878 4612 2924 4666 si
2945 4616 3013 4666 ab
3038 4612 3289 4667 hostibus
3313 4612 3614 4682 subjugata:

2025 4705 2230 4780 forent.
2249 4704 2503 4758 Pecunia:
2527 4703 2759 4759 facultas
2790 4703 2957 4758 nulla.
2989 4702 3124 4757 Nam
3157 4711 3214 4758 et
3243 4704 3497 4757 aerarium
3528 4714 3613 4757 est

2029 4799 2416 4853 exinanitum:
2464 4805 2517 4850 et
2568 4796 2810 4849 thesauri
2851 4796 3149 4865 absumpti,
3181 4803 3612 4864 ornamentaque

2032 4889 2377 4959 imperatoria
2412 4886 2687 4941 divendita
2720 4883 2934 4956 (43),et'
2959 4887 3013 4939 in
3043 4885 3287 4955 egregias
3314 4883 3447 4940 iStas
3480 4884 3618 4938 clas»
3676 4874 3705 4959 ‘A.

2033 4998 2142 5045 ses,
2181 4982 2326 5035 unde
2363 4979 2513 5034 nulla
2564 4978 2728 5034 rediit
2772 4978 3013 5043 utilitas,
3062 4979 3310 5047 impensa
3353 4980 3620 5042 sunt(de

2033 5080 2221 5131 nostra
2251 5069 2400 5124 enim
2438 5076 2548 5124 tam
2579 5069 2845 5123 immensa
2881 5070 3110 5139 pecunia
3148 5066 3341 5138 taceo)
3367 5066 3532 5139 615
3563 5081 3619 5121 et

1623 5257 1843 5318 Jacobi
1884 5257 2149 5319 Pontani
2189 5223 2379 5317 notm.

420 5383 535 5454 (45)
577 5383 855 5454 Κειμήλια
903 5381 1185 5451 βασιλικά,
1240 5394 1371 5454 quae
1404 5378 1472 5454 ab
1507 5377 1932 5454 imperatoribus

345 5456 404 5513 in
429 5448 716 5509 ‘theSauri's
750 5448 1144 5522 reponuntur,
1187 5448 1815 5538 peculiaria'quaedam,
1872 5457 1934 5538 ut

348 5533 480 5582 sunt
537 5519 925 5593 gemman'et
988 5537 1111 5590 quae
1185 5519 1666 5593 Germanicolatini
1700 5525 1931 5593 _vocant

348 5586 622 5651 clenodia.
685 5586 949 5647 Dicmttur
997 5586 1126 5646 item
1183 5593 1431 5658 ἐπίσημα
1504 5588 1586 5642 vel
1651 5586 1924 5656 σύμϐολα.

351 5667 444 5720 Sic
472 5663 691 5719 Graeciae
724 5672 943 5732 praetor,
972 5676 1133 5730 quem
1165 5659 1529 5732 Lennelavius
1558 5672 1703 5732 saepe
1727 5658 1861 5726 prod
1874 5673 1933 5710 u-

349 5738 447 5806 cit,
479 5735 574 5802 ait,
619 5728 841 5803 recepta
870 5728 1351 5800 CouStantinopoli
1389 5728 1605 5785 venisse
1655 5728 1710 5781 in
1738 5742 1933 5781 manus

2032 5379 2347 5436 Grmcmum
2400 5383 2756 5449 imperatoria
2803 5379 3052 5436 Balduini
3099 5378 3146 5434 II
3195 5378 3457 5448 symbola,
3499 5394 3618 5447 quae

2031 5450 2256 5519 quidem
2290 5457 2405 5507 haec
2453 5453 2659 5506 iuerint
2687 5470 2701 5506 :
2734 5452 3015 5522 Calyptra,
3046 5449 3235 5522 formae
3263 5450 3473 5522 Latinis
3506 5467 3614 5502 nst-

2035 5529 2182 5586 tatm,
2214 5529 2269 5574 et
2295 5523 2591 5577 unionibus
2622 5520 2902 5584 distincta,
2931 5535 3053 5573 cum
3084 5520 3266 5588 lapillo
3293 5520 3444 5571 rubri
3468 5523 3619 5571 colu.

2034 5592 2110 5644 ris
2140 5591 2194 5642 in
2232 5593 2436 5647 vertice
2468 5593 2703 5661 capitis;
2757 5591 3129 5661 calceamenta
3184 5603 3351 5661 cocco
3403 5589 3614 5661 tincta;
3687 5644 3697 5656 ν

2032 5661 2278 5740 gladius,
2317 5665 2508 5733 vagina
2539 5659 2625 5716 de
2672 5659 2916 5717 coccinei
2969 5660 3172 5714 coloris
3228 5659 3404 5713 serico
3449 5659 3614 5722 facta,

2052 5739 2305 5786 vestitus.
