  <div class='ocr_page' id='page_1' title='image "/cluster/home/n/w/nwhite01/storage/ocr_20150623/153:no.1/coo.31924054870583/589.png"; bbox 0 0 4048 6430; ppageno 0'>
   <div class='ocr_carea' id='block_1_1' title="bbox 572 257 712 322">
    <p class='ocr_par' dir='ltr' id='par_1_1' title="bbox 572 257 712 322">
     <span class='ocr_line' id='line_1_1' title="bbox 572 257 712 322; baseline -0.029 0"><span class='ocrx_word' id='word_1_1' title='bbox 572 257 712 322; x_wconf 78' lang='lat'><strong>1159</strong></span> 
     </span>
    </p>
   </div>
   <div class='ocr_carea' id='block_1_2' title="bbox 1754 252 2662 319">
    <p class='ocr_par' dir='ltr' id='par_1_2' title="bbox 1754 252 2662 319">
     <span class='ocr_line' id='line_1_2' title="bbox 1754 252 2662 319; baseline -0.003 -1"><span class='ocrx_word' id='word_1_2' title='bbox 1754 257 2087 319; x_wconf 83' lang='lat' dir='ltr'><strong>JOANNIS</strong></span> <span class='ocrx_word' id='word_1_3' title='bbox 2124 252 2662 317; x_wconf 83' lang='lat' dir='ltr'><strong>CANTACUZENI</strong></span> 
     </span>
    </p>
   </div>
   <div class='ocr_carea' id='block_1_3' title="bbox 3660 263 3764 330">
    <p class='ocr_par' dir='ltr' id='par_1_3' title="bbox 3660 263 3764 330">
     <span class='ocr_line' id='line_1_3' title="bbox 3660 263 3764 330; baseline 0.048 -5"><span class='ocrx_word' id='word_1_4' title='bbox 3660 263 3764 330; x_wconf 80' lang='lat'><strong>1160</strong></span> 
     </span>
    </p>
   </div>
   <div class='ocr_carea' id='block_1_4' title="bbox 567 363 2157 446">
    <p class='ocr_par' dir='ltr' id='par_1_4' title="bbox 567 363 2152 439">
     <span class='ocr_line' id='line_1_4' title="bbox 567 363 2152 439; baseline 0.001 -18"><span class='ocrx_word' id='word_1_5' title='bbox 567 367 783 438; x_wconf 88' lang='lat' dir='ltr'><strong>publica</strong></span> <span class='ocrx_word' id='word_1_6' title='bbox 813 363 1099 438; x_wconf 75' lang='lat' dir='ltr'><strong>vectigalia</strong></span> <span class='ocrx_word' id='word_1_7' title='bbox 1128 375 1338 423; x_wconf 90' lang='lat' dir='ltr'><strong>vastata</strong></span> <span class='ocrx_word' id='word_1_8' title='bbox 1370 367 1598 439; x_wconf 76' lang='lat' dir='ltr'><strong>regione</strong></span> <span class='ocrx_word' id='word_1_9' title='bbox 1626 367 1970 423; x_wconf 79' lang='lat' dir='ltr'><strong>defecerunt.</strong></span> <span class='ocrx_word' id='word_1_10' title='bbox 2000 367 2152 422; x_wconf 81' lang='lat' dir='ltr'><strong>Adde</strong></span> 
     </span>
    </p>
   </div>
   <div class='ocr_carea' id='block_1_5' title="bbox 2259 363 3767 446">
    <p class='ocr_par' dir='ltr' id='par_1_5' title="bbox 2259 363 3767 446">
     <span class='ocr_line' id='line_1_5' title="bbox 2259 363 3767 446; baseline 0.006 -27"><span class='ocrx_word' id='word_1_11' title='bbox 2259 366 2324 419; x_wconf 77' lang='grc' dir='ltr'><strong>τά</strong></span> <span class='ocrx_word' id='word_1_12' title='bbox 2369 368 2617 438; x_wconf 75' lang='grc' dir='ltr'>ἡμέτερα</span> <span class='ocrx_word' id='word_1_13' title='bbox 2660 363 2896 420; x_wconf 86' lang='grc' dir='ltr'>τοσαῦτα</span> <span class='ocrx_word' id='word_1_14' title='bbox 2939 366 3071 421; x_wconf 77' lang='grc' dir='ltr'>ὄντα</span> <span class='ocrx_word' id='word_1_15' title='bbox 3112 367 3440 437; x_wconf 40' lang='grc' dir='ltr'>λέγειν,λκαὶ</span> <span class='ocrx_word' id='word_1_16' title='bbox 3478 374 3530 426; x_wconf 78' lang='lat' dir='ltr'><strong>at</strong></span> <span class='ocrx_word' id='word_1_17' title='bbox 3564 378 3767 446; x_wconf 75' lang='grc' dir='ltr'><strong>πρόσοδοι</strong></span> 
     </span>
    </p>
   </div>
   <div class='ocr_carea' id='block_1_6' title="bbox 569 459 2154 531">
    <p class='ocr_par' dir='ltr' id='par_1_6' title="bbox 569 459 2154 531">
     <span class='ocr_line' id='line_1_6' title="bbox 569 459 2154 531; baseline 0.001 -18"><span class='ocrx_word' id='word_1_18' title='bbox 569 473 698 526; x_wconf 88' lang='lat' dir='ltr'><strong>nuc,</strong></span> <span class='ocrx_word' id='word_1_19' title='bbox 726 459 875 527; x_wconf 85' lang='lat' dir='ltr'><strong>quod</strong></span> <span class='ocrx_word' id='word_1_20' title='bbox 901 459 1168 529; x_wconf 73' lang='lat' dir='ltr'><strong>opulenti,</strong></span> <span class='ocrx_word' id='word_1_21' title='bbox 1212 469 1268 515; x_wconf 88' lang='lat' dir='ltr'><strong>et</strong></span> <span class='ocrx_word' id='word_1_22' title='bbox 1303 460 1654 531; x_wconf 75' lang='lat' dir='ltr'><strong>imperatoris</strong></span> <span class='ocrx_word' id='word_1_23' title='bbox 1687 460 1930 516; x_wconf 74' lang='lat' dir='ltr'><strong>defuncti</strong></span> <span class='ocrx_word' id='word_1_24' title='bbox 1970 461 2024 515; x_wconf 92' lang='lat' dir='ltr'><strong>in</strong></span> <span class='ocrx_word' id='word_1_25' title='bbox 2055 476 2154 531; x_wconf 82' lang='lat' dir='ltr'><strong>gu-</strong></span> 
     </span>
    </p>
   </div>
   <div class='ocr_carea' id='block_1_7' title="bbox 567 553 2154 631">
    <p class='ocr_par' dir='ltr' id='par_1_7' title="bbox 567 553 2154 631">
     <span class='ocr_line' id='line_1_7' title="bbox 567 553 2154 631; baseline 0.001 -24"><span class='ocrx_word' id='word_1_26' title='bbox 567 553 850 607; x_wconf 72' lang='lat' dir='ltr'><strong>bernando</strong></span> <span class='ocrx_word' id='word_1_27' title='bbox 884 553 1217 615; x_wconf 89' lang='lat' dir='ltr'><strong>administri,</strong></span> <span class='ocrx_word' id='word_1_28' title='bbox 1249 555 1339 609; x_wconf 86' lang='lat' dir='ltr'><strong>alii</strong></span> <span class='ocrx_word' id='word_1_29' title='bbox 1371 555 1517 624; x_wconf 90' lang='lat' dir='ltr'><strong>quod</strong></span> <span class='ocrx_word' id='word_1_30' title='bbox 1560 555 1696 631; x_wconf 83' lang='lat' dir='ltr'><strong>mihi</strong></span> <span class='ocrx_word' id='word_1_31' title='bbox 1730 556 1952 620; x_wconf 84' lang='lat' dir='ltr'><strong>vellent,</strong></span> <span class='ocrx_word' id='word_1_32' title='bbox 1987 570 2154 625; x_wconf 81' lang='lat' dir='ltr'><strong>pecu-</strong></span> 
     </span>
    </p>
   </div>
   <div class='ocr_carea' id='block_1_8' title="bbox 571 643 2151 713">
    <p class='ocr_par' dir='ltr' id='par_1_8' title="bbox 571 643 2151 713">
     <span class='ocr_line' id='line_1_8' title="bbox 571 643 2151 713; baseline 0.004 -18"><span class='ocrx_word' id='word_1_33' title='bbox 571 644 675 697; x_wconf 90' lang='lat' dir='ltr'><strong>niis</strong></span> <span class='ocrx_word' id='word_1_34' title='bbox 716 643 958 713; x_wconf 91' lang='lat' dir='ltr'><strong>spoliati,</strong></span> <span class='ocrx_word' id='word_1_35' title='bbox 1002 654 1059 700; x_wconf 91' lang='lat' dir='ltr'><strong>et</strong></span> <span class='ocrx_word' id='word_1_36' title='bbox 1107 646 1275 701; x_wconf 88' lang='lat' dir='ltr'><strong>variis</strong></span> <span class='ocrx_word' id='word_1_37' title='bbox 1324 658 1485 701; x_wconf 85' lang='lat' dir='ltr'><strong>antea</strong></span> <span class='ocrx_word' id='word_1_38' title='bbox 1530 647 1714 702; x_wconf 79' lang='lat' dir='ltr'><strong>vexati</strong></span> <span class='ocrx_word' id='word_1_39' title='bbox 1753 647 1955 711; x_wconf 88' lang='lat' dir='ltr'><strong>modis,</strong></span> <span class='ocrx_word' id='word_1_40' title='bbox 1998 660 2151 701; x_wconf 89' lang='lat' dir='ltr'><strong>nunc</strong></span> 
     </span>
    </p>
   </div>
   <div class='ocr_carea' id='block_1_9' title="bbox 569 736 2156 808">
    <p class='ocr_par' dir='ltr' id='par_1_9' title="bbox 569 736 2156 808">
     <span class='ocr_line' id='line_1_9' title="bbox 569 736 2156 808; baseline 0 -19"><span class='ocrx_word' id='word_1_41' title='bbox 569 750 820 790; x_wconf 81' lang='lat' dir='ltr'><strong>carceres</strong></span> <span class='ocrx_word' id='word_1_42' title='bbox 863 736 1156 791; x_wconf 87' lang='lat' dir='ltr'><strong>incolunt:</strong></span> <span class='ocrx_word' id='word_1_43' title='bbox 1190 738 1283 792; x_wconf 89' lang='lat' dir='ltr'><strong>alii</strong></span> <span class='ocrx_word' id='word_1_44' title='bbox 1340 738 1596 808; x_wconf 90' lang='lat' dir='ltr'><strong>quoniam</strong></span> <span class='ocrx_word' id='word_1_45' title='bbox 1648 747 1941 796; x_wconf 89' lang='lat' dir='ltr'><strong>cernentes</strong></span> <span class='ocrx_word' id='word_1_46' title='bbox 1983 752 2156 808; x_wconf 82' lang='lat' dir='ltr'><strong>quan-</strong></span> 
     </span>
    </p>
   </div>
   <div class='ocr_carea' id='block_1_10' title="bbox 572 810 2156 899">
    <p class='ocr_par' dir='ltr' id='par_1_10' title="bbox 572 810 2156 899">
     <span class='ocr_line' id='line_1_10' title="bbox 572 810 2156 899; baseline 0.002 -19"><span class='ocrx_word' id='word_1_47' title='bbox 572 837 682 898; x_wconf 80' lang='lat' dir='ltr'><strong>tam</strong></span> <span class='ocrx_word' id='word_1_48' title='bbox 711 827 834 896; x_wconf 59' lang='lat' dir='ltr'><strong>gvim</strong></span> <span class='ocrx_word' id='word_1_49' title='bbox 872 810 1346 883; x_wconf 43' lang='lat' dir='ltr'><strong>incom‘modorum</strong></span> <span class='ocrx_word' id='word_1_50' title='bbox 1378 828 1484 884; x_wconf 90' lang='lat' dir='ltr'><strong>hoc</strong></span> <span class='ocrx_word' id='word_1_51' title='bbox 1526 829 1726 884; x_wconf 85' lang='lat' dir='ltr'><strong>bellum</strong></span> <span class='ocrx_word' id='word_1_52' title='bbox 1769 839 1917 884; x_wconf 88' lang='lat' dir='ltr'><strong>esset</strong></span> <span class='ocrx_word' id='word_1_53' title='bbox 1947 830 2156 899; x_wconf 85' lang='lat' dir='ltr'><strong>paritu-</strong></span> 
     </span>
    </p>
   </div>
   <div class='ocr_carea' id='block_1_11' title="bbox 570 919 2154 988">
    <p class='ocr_par' dir='ltr' id='par_1_11' title="bbox 570 919 2154 988">
     <span class='ocr_line' id='line_1_11' title="bbox 570 919 2154 988; baseline 0.001 -17"><span class='ocrx_word' id='word_1_54' title='bbox 570 933 692 971; x_wconf 86' lang='lat' dir='ltr'><strong>rum</strong></span> <span class='ocrx_word' id='word_1_55' title='bbox 726 919 1069 986; x_wconf 83' lang='lat' dir='ltr'><strong>(quanquam</strong></span> <span class='ocrx_word' id='word_1_56' title='bbox 1113 919 1360 988; x_wconf 86' lang='lat' dir='ltr'><strong>ejusdem</strong></span> <span class='ocrx_word' id='word_1_57' title='bbox 1407 919 1652 988; x_wconf 83' lang='lat' dir='ltr'><strong>primarii</strong></span> <span class='ocrx_word' id='word_1_58' title='bbox 1689 928 1944 974; x_wconf 80' lang='lat' dir='ltr'><strong>auctores</strong></span> <span class='ocrx_word' id='word_1_59' title='bbox 1990 919 2154 974; x_wconf 90' lang='lat' dir='ltr'><strong>iidem</strong></span> 
     </span>
    </p>
   </div>
   <div class='ocr_carea' id='block_1_12' title="bbox 572 1008 2155 1079">
    <p class='ocr_par' dir='ltr' id='par_1_12' title="bbox 572 1008 2155 1079">
     <span class='ocr_line' id='line_1_12' title="bbox 572 1008 2155 1079; baseline 0.003 -18"><span class='ocrx_word' id='word_1_60' title='bbox 572 1010 673 1079; x_wconf 82' lang='lat' dir='ltr'><strong>ipsi</strong></span> <span class='ocrx_word' id='word_1_61' title='bbox 716 1008 987 1078; x_wconf 85' lang='lat' dir='ltr'><strong>fuissent)</strong></span> <span class='ocrx_word' id='word_1_62' title='bbox 1036 1011 1192 1079; x_wconf 87' lang='lat' dir='ltr'><strong>pacis</strong></span> <span class='ocrx_word' id='word_1_63' title='bbox 1238 1012 1575 1065; x_wconf 87' lang='lat' dir='ltr'><strong>mentionem</strong></span> <span class='ocrx_word' id='word_1_64' title='bbox 1630 1012 1964 1071; x_wconf 87' lang='lat' dir='ltr'><strong>intulissent,</strong></span> <span class='ocrx_word' id='word_1_65' title='bbox 2007 1012 2155 1066; x_wconf 89' lang='lat' dir='ltr'><strong>domi</strong></span> 
     </span>
    </p>
   </div>
   <div class='ocr_carea' id='block_1_13' title="bbox 568 1102 2160 1174">
    <p class='ocr_par' dir='ltr' id='par_1_13' title="bbox 568 1102 2160 1174">
     <span class='ocr_line' id='line_1_13' title="bbox 568 1102 2160 1174; baseline 0.003 -19"><span class='ocrx_word' id='word_1_66' title='bbox 568 1118 737 1166; x_wconf 88' lang='lat' dir='ltr'><strong>nunc,</strong></span> <span class='ocrx_word' id='word_1_67' title='bbox 763 1102 921 1170; x_wconf 87' lang='lat' dir='ltr'><strong>jussu</strong></span> <span class='ocrx_word' id='word_1_68' title='bbox 973 1104 1213 1171; x_wconf 78' lang='lat' dir='ltr'><strong>praefecti</strong></span> <span class='ocrx_word' id='word_1_69' title='bbox 1256 1103 1495 1158; x_wconf 75' lang='lat' dir='ltr'><strong>cubiculi</strong></span> <span class='ocrx_word' id='word_1_70' title='bbox 1534 1104 1750 1171; x_wconf 87' lang='lat' dir='ltr'><strong>sedent,</strong></span> <span class='ocrx_word' id='word_1_71' title='bbox 1781 1104 1926 1173; x_wconf 90' lang='lat' dir='ltr'><strong>quod</strong></span> <span class='ocrx_word' id='word_1_72' title='bbox 1949 1112 2003 1159; x_wconf 89' lang='lat' dir='ltr'><strong>et</strong></span> <span class='ocrx_word' id='word_1_73' title='bbox 2033 1120 2160 1174; x_wconf 91' lang='lat' dir='ltr'><strong>pro-</strong></span> 
     </span>
    </p>
   </div>
   <div class='ocr_carea' id='block_1_14' title="bbox 570 1195 2159 1267">
    <p class='ocr_par' dir='ltr' id='par_1_14' title="bbox 570 1195 2159 1267">
     <span class='ocr_line' id='line_1_14' title="bbox 570 1195 2159 1267; baseline 0.003 -22"><span class='ocrx_word' id='word_1_74' title='bbox 570 1196 850 1248; x_wconf 88' lang='lat' dir='ltr'><strong>tostratori</strong></span> <span class='ocrx_word' id='word_1_75' title='bbox 883 1195 1050 1248; x_wconf 89' lang='lat' dir='ltr'><strong>modo</strong></span> <span class='ocrx_word' id='word_1_76' title='bbox 1095 1195 1390 1266; x_wconf 81' lang='lat' dir='ltr'><strong>contigisse</strong></span> <span class='ocrx_word' id='word_1_77' title='bbox 1434 1195 1713 1267; x_wconf 75' lang='lat' dir='ltr'><strong>intelligo;</strong></span> <span class='ocrx_word' id='word_1_78' title='bbox 1751 1207 1804 1249; x_wconf 90' lang='lat' dir='ltr'><strong>et</strong></span> <span class='ocrx_word' id='word_1_79' title='bbox 1839 1212 1965 1265; x_wconf 87' lang='lat' dir='ltr'><strong>pars</strong></span> <span class='ocrx_word' id='word_1_80' title='bbox 2001 1211 2159 1250; x_wconf 80' lang='lat' dir='ltr'><strong>excr-</strong></span> 
     </span>
    </p>
   </div>
   <div class='ocr_carea' id='block_1_15' title="bbox 566 1286 2155 1359">
    <p class='ocr_par' dir='ltr' id='par_1_15' title="bbox 566 1286 2155 1359">
     <span class='ocr_line' id='line_1_15' title="bbox 566 1286 2155 1359; baseline 0.001 -18"><span class='ocrx_word' id='word_1_81' title='bbox 566 1286 729 1349; x_wconf 90' lang='lat' dir='ltr'><strong>citus,</strong></span> <span class='ocrx_word' id='word_1_82' title='bbox 758 1301 878 1355; x_wconf 67' lang='lat' dir='ltr'><strong>quae</strong></span> <span class='ocrx_word' id='word_1_83' title='bbox 911 1286 1047 1340; x_wconf 87' lang='lat' dir='ltr'><strong>mihi</strong></span> <span class='ocrx_word' id='word_1_84' title='bbox 1083 1287 1267 1342; x_wconf 81' lang='lat' dir='ltr'><strong>favere</strong></span> <span class='ocrx_word' id='word_1_85' title='bbox 1301 1288 1416 1342; x_wconf 91' lang='lat' dir='ltr'><strong>visa</strong></span> <span class='ocrx_word' id='word_1_86' title='bbox 1449 1296 1554 1351; x_wconf 87' lang='lat' dir='ltr'><strong>est,</strong></span> <span class='ocrx_word' id='word_1_87' title='bbox 1583 1289 1781 1359; x_wconf 85' lang='lat' dir='ltr'><strong>periit;</strong></span> <span class='ocrx_word' id='word_1_88' title='bbox 1814 1290 1984 1342; x_wconf 88' lang='lat' dir='ltr'><strong>altera</strong></span> <span class='ocrx_word' id='word_1_89' title='bbox 2004 1304 2155 1357; x_wconf 86' lang='lat' dir='ltr'><strong>pars,</strong></span> 
     </span>
    </p>
   </div>
   <div class='ocr_carea' id='block_1_16' title="bbox 570 1378 2156 1447">
    <p class='ocr_par' dir='ltr' id='par_1_16' title="bbox 570 1378 2156 1447">
     <span class='ocr_line' id='line_1_16' title="bbox 570 1378 2156 1447; baseline 0.003 -19"><span class='ocrx_word' id='word_1_90' title='bbox 570 1384 629 1429; x_wconf 90' lang='lat' dir='ltr'><strong>ut</strong></span> <span class='ocrx_word' id='word_1_91' title='bbox 655 1383 937 1445; x_wconf 79' lang='lat' dir='ltr'><strong>suspecta,</strong></span> <span class='ocrx_word' id='word_1_92' title='bbox 972 1378 1388 1443; x_wconf 87' lang='lat' dir='ltr'><strong>contemnitur;</strong></span> <span class='ocrx_word' id='word_1_93' title='bbox 1423 1394 1546 1447; x_wconf 53' lang='lat' dir='ltr'><strong>quae</strong></span> <span class='ocrx_word' id='word_1_94' title='bbox 1581 1386 1772 1441; x_wconf 89' lang='lat' dir='ltr'><strong>restat,</strong></span> <span class='ocrx_word' id='word_1_95' title='bbox 1806 1378 2019 1433; x_wconf 89' lang='lat' dir='ltr'><strong>modica</strong></span> <span class='ocrx_word' id='word_1_96' title='bbox 2050 1389 2156 1434; x_wconf 86' lang='lat' dir='ltr'><strong>est.</strong></span> 
     </span>
    </p>
   </div>
   <div class='ocr_carea' id='block_1_17' title="bbox 570 1466 2159 1539">
    <p class='ocr_par' dir='ltr' id='par_1_17' title="bbox 570 1466 2159 1539">
     <span class='ocr_line' id='line_1_17' title="bbox 570 1466 2159 1539; baseline 0.001 -18"><span class='ocrx_word' id='word_1_97' title='bbox 570 1466 723 1521; x_wconf 89' lang='lat' dir='ltr'><strong>Unde</strong></span> <span class='ocrx_word' id='word_1_98' title='bbox 747 1468 952 1537; x_wconf 56' lang='lat' dir='ltr'><strong>ﬁgitur.</strong></span> <span class='ocrx_word' id='word_1_99' title='bbox 983 1485 1191 1538; x_wconf 66' lang='lat' dir='ltr'><strong>qumso,</strong></span> <span class='ocrx_word' id='word_1_100' title='bbox 1250 1470 1544 1539; x_wconf 88' lang='lat' dir='ltr'><strong>imperium</strong></span> <span class='ocrx_word' id='word_1_101' title='bbox 1584 1470 1937 1526; x_wconf 89' lang='lat' dir='ltr'><strong>constituetis</strong></span> <span class='ocrx_word' id='word_1_102' title='bbox 1968 1486 2033 1525; x_wconf 84' lang='lat' dir='ltr'><strong>ac</strong></span> <span class='ocrx_word' id='word_1_103' title='bbox 2068 1470 2159 1535; x_wconf 77' lang='lat' dir='ltr'><strong>[ir-</strong></span> 
     </span>
    </p>
   </div>
   <div class='ocr_carea' id='block_1_18' title="bbox 506 1555 2158 1633">
    <p class='ocr_par' dir='ltr' id='par_1_18' title="bbox 506 1555 2158 1633">
     <span class='ocr_line' id='line_1_18' title="bbox 506 1555 2158 1633; baseline 0.001 -19"><span class='ocrx_word' id='word_1_104' title='bbox 506 1614 517 1633; x_wconf 23' lang='grc' dir='ltr'>,ι</span> <span class='ocrx_word' id='word_1_105' title='bbox 568 1560 814 1622; x_wconf 86' lang='lat' dir='ltr'><strong>mabitis,</strong></span> <span class='ocrx_word' id='word_1_106' title='bbox 842 1576 968 1616; x_wconf 89' lang='lat' dir='ltr'><strong>cum</strong></span> <span class='ocrx_word' id='word_1_107' title='bbox 998 1562 1145 1631; x_wconf 88' lang='lat' dir='ltr'><strong>quod</strong></span> <span class='ocrx_word' id='word_1_108' title='bbox 1169 1578 1265 1618; x_wconf 91' lang='lat' dir='ltr'><strong>vos</strong></span> <span class='ocrx_word' id='word_1_109' title='bbox 1295 1563 1435 1617; x_wconf 87' lang='lat' dir='ltr'><strong>tueri</strong></span> <span class='ocrx_word' id='word_1_110' title='bbox 1464 1578 1529 1618; x_wconf 91' lang='lat' dir='ltr'><strong>ac</strong></span> <span class='ocrx_word' id='word_1_111' title='bbox 1566 1578 1788 1618; x_wconf 89' lang='lat' dir='ltr'><strong>servare</strong></span> <span class='ocrx_word' id='word_1_112' title='bbox 1819 1555 1991 1633; x_wconf 80' lang='lat' dir='ltr'><strong>possit</strong></span> <span class='ocrx_word' id='word_1_113' title='bbox 2019 1562 2158 1617; x_wconf 83' lang='lat' dir='ltr'><strong>nihil</strong></span> 
     </span>
    </p>
   </div>
   <div class='ocr_carea' id='block_1_19' title="bbox 569 1653 2160 1726">
    <p class='ocr_par' dir='ltr' id='par_1_19' title="bbox 569 1653 2160 1726">
     <span class='ocr_line' id='line_1_19' title="bbox 569 1653 2160 1726; baseline 0 -18"><span class='ocrx_word' id='word_1_114' title='bbox 569 1653 852 1708; x_wconf 84' lang='lat' dir='ltr'><strong>habeatis?</strong></span> <span class='ocrx_word' id='word_1_115' title='bbox 886 1656 1017 1720; x_wconf 75' lang='lat' dir='ltr'><strong>Quae</strong></span> <span class='ocrx_word' id='word_1_116' title='bbox 1047 1654 1231 1709; x_wconf 85' lang='lat' dir='ltr'><strong>omnia</strong></span> <span class='ocrx_word' id='word_1_117' title='bbox 1261 1664 1316 1710; x_wconf 87' lang='lat' dir='ltr'><strong>et</strong></span> <span class='ocrx_word' id='word_1_118' title='bbox 1345 1670 1447 1711; x_wconf 82' lang='lat' dir='ltr'><strong>vos</strong></span> <span class='ocrx_word' id='word_1_119' title='bbox 1483 1657 1810 1726; x_wconf 86' lang='lat' dir='ltr'><strong>ponderare,</strong></span> <span class='ocrx_word' id='word_1_120' title='bbox 1845 1666 1902 1711; x_wconf 77' lang='lat' dir='ltr'><strong>et</strong></span> <span class='ocrx_word' id='word_1_121' title='bbox 1931 1656 2160 1726; x_wconf 90' lang='lat' dir='ltr'><strong>impera-</strong></span> 
     </span>
    </p>
   </div>
   <div class='ocr_carea' id='block_1_20' title="bbox 2257 458 3768 538">
    <p class='ocr_par' dir='ltr' id='par_1_20' title="bbox 2257 458 3768 538">
     <span class='ocr_line' id='line_1_20' title="bbox 2257 458 3768 538; baseline 0.009 -27"><span class='ocrx_word' id='word_1_122' title='bbox 2257 460 2604 512; x_wconf 71' lang='grc' dir='ltr'><strong>ἐκλελοίπασι</strong></span> <span class='ocrx_word' id='word_1_123' title='bbox 2643 458 2756 510; x_wconf 81' lang='grc' dir='ltr'>τῶν</span> <span class='ocrx_word' id='word_1_124' title='bbox 2800 459 2994 512; x_wconf 85' lang='grc' dir='ltr'>κοινῶν</span> <span class='ocrx_word' id='word_1_125' title='bbox 3035 460 3136 530; x_wconf 87' lang='grc' dir='ltr'>τῆς</span> <span class='ocrx_word' id='word_1_126' title='bbox 3178 459 3361 532; x_wconf 83' lang='grc' dir='ltr'>χώρας</span> <span class='ocrx_word' id='word_1_127' title='bbox 3405 464 3768 538; x_wconf 78' lang='grc' dir='ltr'><strong>διεφθαρμένης.</strong></span> 
     </span>
    </p>
   </div>
   <div class='ocr_carea' id='block_1_21' title="bbox 2257 549 3772 627">
    <p class='ocr_par' dir='ltr' id='par_1_21' title="bbox 2257 549 3772 627">
     <span class='ocr_line' id='line_1_21' title="bbox 2257 549 3772 627; baseline 0.008 -25"><span class='ocrx_word' id='word_1_128' title='bbox 2257 549 2403 619; x_wconf 80' lang='grc' dir='ltr'>Πρὸς</span> <span class='ocrx_word' id='word_1_129' title='bbox 2435 549 2653 612; x_wconf 80' lang='grc' dir='ltr'><strong>τούτοις</strong></span> <span class='ocrx_word' id='word_1_130' title='bbox 2683 549 2741 603; x_wconf 82' lang='grc' dir='ltr'>δὲ</span> <span class='ocrx_word' id='word_1_131' title='bbox 2776 550 2869 603; x_wconf 82' lang='grc' dir='ltr'>καὶ</span> <span class='ocrx_word' id='word_1_132' title='bbox 2903 550 2953 603; x_wconf 84' lang='grc' dir='ltr'><strong>οί</strong></span> <span class='ocrx_word' id='word_1_133' title='bbox 2991 552 3133 619; x_wconf 82' lang='grc' dir='ltr'>μέγα</span> <span class='ocrx_word' id='word_1_134' title='bbox 3167 552 3451 622; x_wconf 85' lang='grc' dir='ltr'>δυνάμενοι</span> <span class='ocrx_word' id='word_1_135' title='bbox 3487 557 3576 610; x_wconf 78' lang='grc' dir='ltr'>καὶ</span> <span class='ocrx_word' id='word_1_136' title='bbox 3604 556 3772 627; x_wconf 83' lang='grc' dir='ltr'>βασιλεῖ</span> 
     </span>
    </p>
   </div>
   <div class='ocr_carea' id='block_1_22' title="bbox 2259 642 3775 720">
    <p class='ocr_par' dir='ltr' id='par_1_22' title="bbox 2259 642 3775 720">
     <span class='ocr_line' id='line_1_22' title="bbox 2259 642 3775 720; baseline 0.007 -25"><span class='ocrx_word' id='word_1_137' title='bbox 2259 642 2711 712; x_wconf 80' lang='grc' dir='ltr'><strong>συμπράττοντες</strong></span> <span class='ocrx_word' id='word_1_138' title='bbox 2741 645 2877 715; x_wconf 82' lang='grc' dir='ltr'>πρὸς</span> <span class='ocrx_word' id='word_1_139' title='bbox 2903 643 3003 712; x_wconf 83' lang='grc' dir='ltr'>τὴν</span> <span class='ocrx_word' id='word_1_140' title='bbox 3031 643 3207 715; x_wconf 82' lang='grc' dir='ltr'>ἀρχὴν</span> <span class='ocrx_word' id='word_1_141' title='bbox 3223 686 3240 712; x_wconf 90' lang='grc'><strong>,</strong></span> <span class='ocrx_word' id='word_1_142' title='bbox 3269 646 3319 698; x_wconf 76' lang='grc' dir='ltr'>οἱ</span> <span class='ocrx_word' id='word_1_143' title='bbox 3354 646 3449 717; x_wconf 80' lang='grc' dir='ltr'>μὲν</span> <span class='ocrx_word' id='word_1_144' title='bbox 3466 687 3480 711; x_wconf 88' lang='grc'><strong>,</strong></span> <span class='ocrx_word' id='word_1_145' title='bbox 3504 647 3587 702; x_wconf 82' lang='grc' dir='ltr'>διὰ</span> <span class='ocrx_word' id='word_1_146' title='bbox 3609 650 3691 720; x_wconf 77' lang='grc' dir='ltr'>τὴν</span> <span class='ocrx_word' id='word_1_147' title='bbox 3713 655 3775 714; x_wconf 79' lang='grc' dir='ltr'><strong>εἰς</strong></span> 
     </span>
    </p>
   </div>
   <div class='ocr_carea' id='block_1_23' title="bbox 2256 733 3776 810">
    <p class='ocr_par' dir='ltr' id='par_1_23' title="bbox 2256 733 3776 810">
     <span class='ocr_line' id='line_1_23' title="bbox 2256 733 3776 810; baseline 0.004 -23"><span class='ocrx_word' id='word_1_148' title='bbox 2256 734 2358 804; x_wconf 70' lang='grc' dir='ltr'><strong>ἐμὲ</strong></span> <span class='ocrx_word' id='word_1_149' title='bbox 2406 733 2623 788; x_wconf 74' lang='grc' dir='ltr'>εὔνοιαν</span> <span class='ocrx_word' id='word_1_150' title='bbox 2672 735 2970 804; x_wconf 85' lang='grc' dir='ltr'>χρημάτων</span> <span class='ocrx_word' id='word_1_151' title='bbox 3018 736 3498 807; x_wconf 73' lang='grc' dir='ltr'>ἀποστερηθέντες,</span> <span class='ocrx_word' id='word_1_152' title='bbox 3546 741 3628 793; x_wconf 78' lang='grc' dir='ltr'>καὶ</span> <span class='ocrx_word' id='word_1_153' title='bbox 3670 744 3776 810; x_wconf 60' lang='grc' dir='ltr'>πρὸς</span> 
     </span>
    </p>
   </div>
   <div class='ocr_carea' id='block_1_24' title="bbox 2258 826 3776 897">
    <p class='ocr_par' dir='ltr' id='par_1_24' title="bbox 2258 826 3776 897">
     <span class='ocr_line' id='line_1_24' title="bbox 2258 826 3776 897; baseline 0.005 -18"><span class='ocrx_word' id='word_1_154' title='bbox 2258 829 2455 895; x_wconf 84' lang='grc' dir='ltr'>πεῖραν</span> <span class='ocrx_word' id='word_1_155' title='bbox 2480 826 2690 880; x_wconf 85' lang='grc' dir='ltr'>πολλῶν</span> <span class='ocrx_word' id='word_1_156' title='bbox 2715 827 2980 897; x_wconf 83' lang='grc' dir='ltr'>πρότερον</span> <span class='ocrx_word' id='word_1_157' title='bbox 3005 826 3192 881; x_wconf 80' lang='grc' dir='ltr'>κακῶν</span> <span class='ocrx_word' id='word_1_158' title='bbox 3214 828 3476 895; x_wconf 74' lang='grc' dir='ltr'>ἐλθόντες,</span> <span class='ocrx_word' id='word_1_159' title='bbox 3499 830 3587 884; x_wconf 91' lang='grc' dir='ltr'><strong>νῦν</strong></span> <span class='ocrx_word' id='word_1_160' title='bbox 3607 833 3776 888; x_wconf 75' lang='grc' dir='ltr'><strong>οἰκοῦσι</strong></span> 
     </span>
    </p>
   </div>
   <div class='ocr_carea' id='block_1_25' title="bbox 2255 917 3779 994">
    <p class='ocr_par' dir='ltr' id='par_1_25' title="bbox 2255 917 3779 994">
     <span class='ocr_line' id='line_1_25' title="bbox 2255 917 3779 994; baseline 0.007 -25"><span class='ocrx_word' id='word_1_161' title='bbox 2255 917 2608 989; x_wconf 83' lang='grc' dir='ltr'><strong>δεσμωτήρια</strong></span> <span class='ocrx_word' id='word_1_162' title='bbox 2631 933 2647 948; x_wconf 80' lang='grc'><em>’</em></span> <span class='ocrx_word' id='word_1_163' title='bbox 2679 921 2729 971; x_wconf 88' lang='grc' dir='ltr'><strong>οί</strong></span> <span class='ocrx_word' id='word_1_164' title='bbox 2760 918 2804 971; x_wconf 75' lang='grc' dir='ltr'>δ’</span> <span class='ocrx_word' id='word_1_165' title='bbox 2826 920 2907 971; x_wconf 84' lang='grc' dir='ltr'>ὅτι</span> <span class='ocrx_word' id='word_1_166' title='bbox 2939 919 3290 989; x_wconf 71' lang='grc' dir='ltr'><strong>ἐμνήσθησαν</strong></span> <span class='ocrx_word' id='word_1_167' title='bbox 3319 923 3563 993; x_wconf 83' lang='grc' dir='ltr'><strong>εἰρήνης,</strong></span> <span class='ocrx_word' id='word_1_168' title='bbox 3588 925 3779 994; x_wconf 80' lang='grc' dir='ltr'>ὁρῶντες</span> 
     </span>
    </p>
   </div>
   <div class='ocr_carea' id='block_1_26' title="bbox 2256 1003 3781 1083">
    <p class='ocr_par' dir='ltr' id='par_1_26' title="bbox 2256 1003 3781 1083">
     <span class='ocr_line' id='line_1_26' title="bbox 2256 1003 3781 1083; baseline 0.005 -22"><span class='ocrx_word' id='word_1_169' title='bbox 2256 1003 2315 1061; x_wconf 80' lang='grc' dir='ltr'>οἵ</span> <span class='ocrx_word' id='word_1_170' title='bbox 2349 1009 2533 1061; x_wconf 82' lang='grc' dir='ltr'><strong>κακῶν</strong></span> <span class='ocrx_word' id='word_1_171' title='bbox 2568 1010 2597 1060; x_wconf 87' lang='grc' dir='ltr'><strong>ό</strong></span> <span class='ocrx_word' id='word_1_172' title='bbox 2638 1008 2871 1080; x_wconf 77' lang='grc' dir='ltr'>πόλεμος</span> <span class='ocrx_word' id='word_1_173' title='bbox 2934 1011 3216 1082; x_wconf 89' lang='grc' dir='ltr'>χωρήσει,</span> <span class='ocrx_word' id='word_1_174' title='bbox 3253 1013 3432 1065; x_wconf 89' lang='grc' dir='ltr'>καίτοι</span> <span class='ocrx_word' id='word_1_175' title='bbox 3482 1029 3544 1083; x_wconf 85' lang='grc' dir='ltr'><strong>γε</strong></span> <span class='ocrx_word' id='word_1_176' title='bbox 3582 1015 3781 1069; x_wconf 81' lang='grc' dir='ltr'>κάκεῖνοι</span> 
     </span>
    </p>
   </div>
   <div class='ocr_carea' id='block_1_27' title="bbox 2256 1100 3780 1176">
    <p class='ocr_par' dir='ltr' id='par_1_27' title="bbox 2256 1100 3780 1176">
     <span class='ocr_line' id='line_1_27' title="bbox 2256 1100 3780 1176; baseline 0.005 -24"><span class='ocrx_word' id='word_1_177' title='bbox 2256 1100 2448 1152; x_wconf 86' lang='grc' dir='ltr'>τούτου</span> <span class='ocrx_word' id='word_1_178' title='bbox 2484 1102 2792 1154; x_wconf 81' lang='grc' dir='ltr'><strong>αἰτιώτατοι</strong></span> <span class='ocrx_word' id='word_1_179' title='bbox 2829 1103 3224 1172; x_wconf 80' lang='grc' dir='ltr'>γεγενημένοι,</span> <span class='ocrx_word' id='word_1_180' title='bbox 3260 1105 3526 1173; x_wconf 77' lang='grc' dir='ltr'><strong>ἄπρακτοι</strong></span> <span class='ocrx_word' id='word_1_181' title='bbox 3558 1106 3780 1176; x_wconf 80' lang='grc' dir='ltr'><strong>κάθηνται</strong></span> 
     </span>
    </p>
   </div>
   <div class='ocr_carea' id='block_1_28' title="bbox 2258 1191 3782 1268">
    <p class='ocr_par' dir='ltr' id='par_1_28' title="bbox 2258 1191 3782 1268">
     <span class='ocr_line' id='line_1_28' title="bbox 2258 1191 3782 1268; baseline 0.006 -26"><span class='ocrx_word' id='word_1_182' title='bbox 2258 1191 2316 1243; x_wconf 82' lang='grc' dir='ltr'>ὲν</span> <span class='ocrx_word' id='word_1_183' title='bbox 2343 1195 2465 1254; x_wconf 88' lang='grc' dir='ltr'>ταῖς</span> <span class='ocrx_word' id='word_1_184' title='bbox 2493 1194 2723 1259; x_wconf 77' lang='grc' dir='ltr'>οἰκίαις,</span> <span class='ocrx_word' id='word_1_185' title='bbox 2753 1192 2898 1245; x_wconf 70' lang='grc' dir='ltr'>οὕτω</span> <span class='ocrx_word' id='word_1_186' title='bbox 2927 1195 3402 1264; x_wconf 83' lang='grc' dir='ltr'>προστεταγμένον</span> <span class='ocrx_word' id='word_1_187' title='bbox 3433 1195 3531 1248; x_wconf 72' lang='grc' dir='ltr'>ὐπδ</span> <span class='ocrx_word' id='word_1_188' title='bbox 3563 1215 3782 1268; x_wconf 69' lang='grc' dir='ltr'>παρακοι-</span> 
     </span>
    </p>
   </div>
   <div class='ocr_carea' id='block_1_29' title="bbox 2262 1283 3777 1358">
    <p class='ocr_par' dir='ltr' id='par_1_29' title="bbox 2262 1283 3777 1358">
     <span class='ocr_line' id='line_1_29' title="bbox 2262 1283 3777 1358; baseline 0.003 -21"><span class='ocrx_word' id='word_1_189' title='bbox 2262 1285 2557 1355; x_wconf 85' lang='grc' dir='ltr'>μωμένου’</span> <span class='ocrx_word' id='word_1_190' title='bbox 2590 1283 2783 1354; x_wconf 59' lang='grc' dir='ltr'>ὥοπερ</span> <span class='ocrx_word' id='word_1_191' title='bbox 2837 1284 3022 1339; x_wconf 83' lang='grc' dir='ltr'>ἀκούω</span> <span class='ocrx_word' id='word_1_192' title='bbox 3076 1285 3172 1338; x_wconf 79' lang='grc' dir='ltr'>καὶ</span> <span class='ocrx_word' id='word_1_193' title='bbox 3223 1287 3660 1358; x_wconf 81' lang='grc' dir='ltr'>πρωτοστράτορα</span> <span class='ocrx_word' id='word_1_194' title='bbox 3706 1290 3777 1342; x_wconf 71' lang='grc' dir='ltr'><strong>τὸν</strong></span> 
     </span>
    </p>
   </div>
   <div class='ocr_carea' id='block_1_30' title="bbox 2258 1376 3779 1451">
    <p class='ocr_par' dir='ltr' id='par_1_30' title="bbox 2258 1376 3779 1451">
     <span class='ocr_line' id='line_1_30' title="bbox 2258 1376 3779 1451; baseline 0.002 -21"><span class='ocrx_word' id='word_1_195' title='bbox 2258 1376 2564 1444; x_wconf 82' lang='grc' dir='ltr'>Συναδηνὺν</span> <span class='ocrx_word' id='word_1_196' title='bbox 2594 1377 2921 1430; x_wconf 82' lang='grc' dir='ltr'>πεπονθέναι</span> <span class='ocrx_word' id='word_1_197' title='bbox 2954 1377 3069 1431; x_wconf 89' lang='grc' dir='ltr'>νῦν.</span> <span class='ocrx_word' id='word_1_198' title='bbox 3100 1379 3207 1431; x_wconf 68' lang='grc' dir='ltr'><strong>Καὶ</strong></span> <span class='ocrx_word' id='word_1_199' title='bbox 3236 1380 3269 1448; x_wconf 79' lang='grc' dir='ltr'>ὴ</span> <span class='ocrx_word' id='word_1_200' title='bbox 3304 1380 3530 1449; x_wconf 82' lang='grc' dir='ltr'>στρατιὰ</span> <span class='ocrx_word' id='word_1_201' title='bbox 3557 1380 3624 1444; x_wconf 84' lang='grc' dir='ltr'>δὲ,</span> <span class='ocrx_word' id='word_1_202' title='bbox 3652 1382 3679 1450; x_wconf 79' lang='grc' dir='ltr'>ἠ</span> <span class='ocrx_word' id='word_1_203' title='bbox 3704 1383 3779 1451; x_wconf 77' lang='grc' dir='ltr'>μὲν</span> 
     </span>
    </p>
   </div>
   <div class='ocr_carea' id='block_1_31' title="bbox 2258 1465 3778 1540">
    <p class='ocr_par' dir='ltr' id='par_1_31' title="bbox 2258 1465 3778 1540">
     <span class='ocr_line' id='line_1_31' title="bbox 2258 1465 3778 1540; baseline 0.003 -20"><span class='ocrx_word' id='word_1_204' title='bbox 2258 1466 2550 1537; x_wconf 83' lang='grc' dir='ltr'>διέφθαρτο</span> <span class='ocrx_word' id='word_1_205' title='bbox 2573 1465 2805 1519; x_wconf 87' lang='grc' dir='ltr'>δοκοῦσα</span> <span class='ocrx_word' id='word_1_206' title='bbox 2830 1468 3033 1521; x_wconf 84' lang='grc' dir='ltr'>εὐνοεῖν</span> <span class='ocrx_word' id='word_1_207' title='bbox 3089 1470 3237 1537; x_wconf 71' lang='grc' dir='ltr'>ἐμοὶ,</span> <span class='ocrx_word' id='word_1_208' title='bbox 3259 1471 3291 1538; x_wconf 77' lang='grc' dir='ltr'><strong>ή</strong></span> <span class='ocrx_word' id='word_1_209' title='bbox 3314 1470 3370 1522; x_wconf 85' lang='grc' dir='ltr'>δὲ</span> <span class='ocrx_word' id='word_1_210' title='bbox 3420 1471 3778 1540; x_wconf 70' lang='grc' dir='ltr'>ὑποπτευομένη</span> 
     </span>
    </p>
   </div>
   <div class='ocr_carea' id='block_1_32' title="bbox 2259 1557 3779 1629">
    <p class='ocr_par' dir='ltr' id='par_1_32' title="bbox 2259 1557 3779 1629">
     <span class='ocr_line' id='line_1_32' title="bbox 2259 1557 3779 1629; baseline 0.003 -18"><span class='ocrx_word' id='word_1_211' title='bbox 2259 1559 2568 1629; x_wconf 81' lang='grc' dir='ltr'>ἀμελεῖται.</span> <span class='ocrx_word' id='word_1_212' title='bbox 2596 1557 2669 1610; x_wconf 86' lang='grc' dir='ltr'><strong>Τὸ</strong></span> <span class='ocrx_word' id='word_1_213' title='bbox 2693 1557 3016 1628; x_wconf 83' lang='grc' dir='ltr'>λειπόμενον</span> <span class='ocrx_word' id='word_1_214' title='bbox 3039 1560 3094 1613; x_wconf 84' lang='grc' dir='ltr'>δὲ</span> <span class='ocrx_word' id='word_1_215' title='bbox 3120 1560 3318 1627; x_wconf 80' lang='grc' dir='ltr'>ὀλίγον.</span> <span class='ocrx_word' id='word_1_216' title='bbox 3350 1561 3513 1615; x_wconf 79' lang='grc' dir='ltr'>Πόθεν</span> <span class='ocrx_word' id='word_1_217' title='bbox 3535 1557 3619 1615; x_wconf 82' lang='grc' dir='ltr'>οὖν</span> <span class='ocrx_word' id='word_1_218' title='bbox 3639 1562 3779 1616; x_wconf 72' lang='grc' dir='ltr'>οἴεσθε</span> 
     </span>
    </p>
   </div>
   <div class='ocr_carea' id='block_1_33' title="bbox 2259 1649 3783 1722">
    <p class='ocr_par' dir='ltr' id='par_1_33' title="bbox 2259 1649 3783 1722">
     <span class='ocr_line' id='line_1_33' title="bbox 2259 1649 3783 1722; baseline 0.003 -19"><span class='ocrx_word' id='word_1_219' title='bbox 2259 1650 2359 1721; x_wconf 81' lang='grc' dir='ltr'>τὴν</span> <span class='ocrx_word' id='word_1_220' title='bbox 2390 1649 2568 1719; x_wconf 82' lang='grc' dir='ltr'>ἀρχὴν</span> <span class='ocrx_word' id='word_1_221' title='bbox 2599 1650 2959 1718; x_wconf 81' lang='grc' dir='ltr'>συστήσεσθαι</span> <span class='ocrx_word' id='word_1_222' title='bbox 2996 1652 3123 1720; x_wconf 88' lang='grc' dir='ltr'>ὑμῖν</span> <span class='ocrx_word' id='word_1_223' title='bbox 3155 1653 3321 1721; x_wconf 77' lang='grc' dir='ltr'>μηδὲν</span> <span class='ocrx_word' id='word_1_224' title='bbox 3350 1653 3557 1722; x_wconf 75' lang='grc' dir='ltr'>ἔχοντες</span> <span class='ocrx_word' id='word_1_225' title='bbox 3585 1655 3679 1707; x_wconf 83' lang='grc' dir='ltr'>τῶν</span> <span class='ocrx_word' id='word_1_226' title='bbox 3704 1654 3783 1707; x_wconf 79' lang='grc' dir='ltr'><strong>σώ-</strong></span> 
     </span>
    </p>
   </div>
   <div class='ocr_carea' id='block_1_34' title="bbox 568 1724 2157 1818">
    <p class='ocr_par' dir='ltr' id='par_1_34' title="bbox 568 1746 2154 1818">
     <span class='ocr_line' id='line_1_34' title="bbox 568 1746 2154 1818; baseline 0 -18"><span class='ocrx_word' id='word_1_227' title='bbox 568 1746 713 1810; x_wconf 91' lang='lat' dir='ltr'><strong>trici,</strong></span> <span class='ocrx_word' id='word_1_228' title='bbox 749 1761 813 1801; x_wconf 93' lang='lat' dir='ltr'><strong>ac</strong></span> <span class='ocrx_word' id='word_1_229' title='bbox 846 1748 1191 1816; x_wconf 64' lang='lat' dir='ltr'><strong>patriarchae,</strong></span> <span class='ocrx_word' id='word_1_230' title='bbox 1226 1748 1552 1818; x_wconf 55' lang='lat' dir='ltr'><strong>exterisque</strong></span> <span class='ocrx_word' id='word_1_231' title='bbox 1593 1747 1874 1813; x_wconf 87' lang='lat' dir='ltr'><strong>nuntiare,</strong></span> <span class='ocrx_word' id='word_1_232' title='bbox 1904 1762 2154 1803; x_wconf 85' lang='lat' dir='ltr'><strong>commu-</strong></span> 
     </span>
    </p>
   </div>
   <div class='ocr_carea' id='block_1_35' title="bbox 2259 1724 3779 1818">
    <p class='ocr_par' dir='ltr' id='par_1_35' title="bbox 2259 1740 3779 1815">
     <span class='ocr_line' id='line_1_35' title="bbox 2259 1740 3779 1815; baseline 0.003 -21"><span class='ocrx_word' id='word_1_233' title='bbox 2259 1740 2373 1807; x_wconf 78' lang='grc' dir='ltr'>ζειν</span> <span class='ocrx_word' id='word_1_234' title='bbox 2395 1742 2707 1812; x_wconf 82' lang='grc' dir='ltr'>δυναμένων</span> <span class='ocrx_word' id='word_1_235' title='bbox 2722 1743 2814 1808; x_wconf 88' lang='lat' dir='ltr'><strong>;&quot;A</strong></span> <span class='ocrx_word' id='word_1_236' title='bbox 2839 1742 3016 1796; x_wconf 88' lang='grc' dir='ltr'>πάντα</span> <span class='ocrx_word' id='word_1_237' title='bbox 3034 1742 3139 1813; x_wconf 87' lang='grc' dir='ltr'>χρὴ</span> <span class='ocrx_word' id='word_1_238' title='bbox 3158 1745 3251 1797; x_wconf 76' lang='grc' dir='ltr'>καὶ</span> <span class='ocrx_word' id='word_1_239' title='bbox 3273 1745 3418 1814; x_wconf 78' lang='grc' dir='ltr'>ὑμᾶς</span> <span class='ocrx_word' id='word_1_240' title='bbox 3443 1745 3779 1815; x_wconf 73' lang='grc' dir='ltr'>σκεψαμένους,</span> 
     </span>
    </p>
   </div>
   <div class='ocr_carea' id='block_1_36' title="bbox 567 1835 2156 1907">
    <p class='ocr_par' dir='ltr' id='par_1_36' title="bbox 567 1835 2156 1907">
     <span class='ocr_line' id='line_1_36' title="bbox 567 1835 2156 1907; baseline 0.001 -18"><span class='ocrx_word' id='word_1_241' title='bbox 567 1839 819 1907; x_wconf 84' lang='lat' dir='ltr'><strong>niterque</strong></span> <span class='ocrx_word' id='word_1_242' title='bbox 873 1852 1061 1907; x_wconf 90' lang='lat' dir='ltr'><strong>pacem</strong></span> <span class='ocrx_word' id='word_1_243' title='bbox 1119 1838 1460 1903; x_wconf 90' lang='lat' dir='ltr'><strong>decernere,</strong></span> <span class='ocrx_word' id='word_1_244' title='bbox 1513 1854 1617 1894; x_wconf 89' lang='lat' dir='ltr'><strong>nec</strong></span> <span class='ocrx_word' id='word_1_245' title='bbox 1675 1838 1868 1893; x_wconf 90' lang='lat' dir='ltr'><strong>insano</strong></span> <span class='ocrx_word' id='word_1_246' title='bbox 1927 1835 2156 1892; x_wconf 90' lang='lat' dir='ltr'><strong>consilio</strong></span> 
     </span>
    </p>
   </div>
   <div class='ocr_carea' id='block_1_37' title="bbox 568 1928 2156 2001">
    <p class='ocr_par' dir='ltr' id='par_1_37' title="bbox 568 1928 2156 2001">
     <span class='ocr_line' id='line_1_37' title="bbox 568 1928 2156 2001; baseline 0 -19"><span class='ocrx_word' id='word_1_247' title='bbox 568 1929 731 1983; x_wconf 89' lang='lat' dir='ltr'><strong>etiam</strong></span> <span class='ocrx_word' id='word_1_248' title='bbox 785 1945 982 1999; x_wconf 85' lang='lat' dir='ltr'><strong>parvas</strong></span> <span class='ocrx_word' id='word_1_249' title='bbox 1035 1932 1169 1985; x_wconf 90' lang='lat' dir='ltr'><strong>istas</strong></span> <span class='ocrx_word' id='word_1_250' title='bbox 1222 1931 1565 2001; x_wconf 88' lang='lat' dir='ltr'><strong>principatus</strong></span> <span class='ocrx_word' id='word_1_251' title='bbox 1617 1930 1853 1986; x_wconf 72' lang='lat' dir='ltr'><strong>Romani</strong></span> <span class='ocrx_word' id='word_1_252' title='bbox 1899 1928 2156 1997; x_wconf 80' lang='lat' dir='ltr'><strong>reliquias</strong></span> 
     </span>
    </p>
   </div>
   <div class='ocr_carea' id='block_1_38' title="bbox 567 2019 2156 2092">
    <p class='ocr_par' dir='ltr' id='par_1_38' title="bbox 567 2019 2156 2092">
     <span class='ocr_line' id='line_1_38' title="bbox 567 2019 2156 2092; baseline -0.002 -19"><span class='ocrx_word' id='word_1_253' title='bbox 567 2019 885 2089; x_wconf 82' lang='lat' dir='ltr'><strong>disperdere</strong></span> <span class='ocrx_word' id='word_1_254' title='bbox 912 2030 1149 2090; x_wconf 86' lang='lat' dir='ltr'><strong>oportet.</strong></span> <span class='ocrx_word' id='word_1_255' title='bbox 1175 2020 1313 2075; x_wconf 88' lang='lat' dir='ltr'><strong>Cum</strong></span> <span class='ocrx_word' id='word_1_256' title='bbox 1341 2021 1501 2092; x_wconf 84' lang='lat' dir='ltr'><strong>legati</strong></span> <span class='ocrx_word' id='word_1_257' title='bbox 1542 2021 1595 2075; x_wconf 91' lang='lat' dir='ltr'><strong>in</strong></span> <span class='ocrx_word' id='word_1_258' title='bbox 1634 2036 1743 2074; x_wconf 92' lang='lat' dir='ltr'><strong>uno</strong></span> <span class='ocrx_word' id='word_1_259' title='bbox 1773 2028 1987 2074; x_wconf 89' lang='lat' dir='ltr'><strong>tantum</strong></span> <span class='ocrx_word' id='word_1_260' title='bbox 2019 2030 2156 2072; x_wconf 87' lang='lat' dir='ltr'><strong>con-</strong></span> 
     </span>
    </p>
   </div>
   <div class='ocr_carea' id='block_1_39' title="bbox 566 2111 2156 2183">
    <p class='ocr_par' dir='ltr' id='par_1_39' title="bbox 566 2111 2156 2183">
     <span class='ocr_line' id='line_1_39' title="bbox 566 2111 2156 2183; baseline -0.001 -21"><span class='ocrx_word' id='word_1_261' title='bbox 566 2111 955 2177; x_wconf 77' lang='lat' dir='ltr'><strong>tradixisseut,</strong></span> <span class='ocrx_word' id='word_1_262' title='bbox 1003 2112 1515 2183; x_wconf 76' lang='lat' dir='ltr'><strong>aﬂirmassentque,</strong></span> <span class='ocrx_word' id='word_1_263' title='bbox 1575 2112 1982 2183; x_wconf 87' lang='lat' dir='ltr'><strong>imperatricem</strong></span> <span class='ocrx_word' id='word_1_264' title='bbox 2042 2122 2156 2163; x_wconf 86' lang='lat' dir='ltr'><strong>non</strong></span> 
     </span>
    </p>
   </div>
   <div class='ocr_carea' id='block_1_40' title="bbox 566 2201 2157 2274">
    <p class='ocr_par' dir='ltr' id='par_1_40' title="bbox 566 2201 2157 2274">
     <span class='ocr_line' id='line_1_40' title="bbox 566 2201 2157 2274; baseline -0.003 -17"><span class='ocrx_word' id='word_1_265' title='bbox 566 2214 628 2257; x_wconf 92' lang='lat' dir='ltr'><strong>ut</strong></span> <span class='ocrx_word' id='word_1_266' title='bbox 654 2205 703 2258; x_wconf 90' lang='lat' dir='ltr'><strong>ei</strong></span> <span class='ocrx_word' id='word_1_267' title='bbox 740 2205 1109 2259; x_wconf 86' lang='lat' dir='ltr'><strong>renuntiatum</strong></span> <span class='ocrx_word' id='word_1_268' title='bbox 1151 2214 1319 2270; x_wconf 86' lang='lat' dir='ltr'><strong>esset,</strong></span> <span class='ocrx_word' id='word_1_269' title='bbox 1355 2207 1424 2260; x_wconf 89' lang='lat' dir='ltr'><strong>ab</strong></span> <span class='ocrx_word' id='word_1_270' title='bbox 1464 2205 1793 2260; x_wconf 85' lang='lat' dir='ltr'><strong>arcliontum</strong></span> <span class='ocrx_word' id='word_1_271' title='bbox 1848 2201 2059 2274; x_wconf 90' lang='lat' dir='ltr'><strong>judicio</strong></span> <span class='ocrx_word' id='word_1_272' title='bbox 2091 2213 2157 2254; x_wconf 89' lang='lat' dir='ltr'><strong>ac</strong></span> 
     </span>
    </p>
   </div>
   <div class='ocr_carea' id='block_1_41' title="bbox 564 2295 2156 2369">
    <p class='ocr_par' dir='ltr' id='par_1_41' title="bbox 564 2295 2156 2369">
     <span class='ocr_line' id='line_1_41' title="bbox 564 2295 2156 2369; baseline -0.003 -16"><span class='ocrx_word' id='word_1_273' title='bbox 564 2297 839 2353; x_wconf 82' lang='lat' dir='ltr'><strong>sententia</strong></span> <span class='ocrx_word' id='word_1_274' title='bbox 888 2298 1129 2368; x_wconf 89' lang='lat' dir='ltr'><strong>pendere</strong></span> <span class='ocrx_word' id='word_1_275' title='bbox 1155 2314 1176 2353; x_wconf 89' lang='lat'><strong><em>:</em></strong></span> <span class='ocrx_word' id='word_1_276' title='bbox 1209 2299 1305 2353; x_wconf 91' lang='lat' dir='ltr'><strong>scd</strong></span> <span class='ocrx_word' id='word_1_277' title='bbox 1348 2315 1448 2369; x_wconf 88' lang='lat' dir='ltr'><strong>per</strong></span> <span class='ocrx_word' id='word_1_278' title='bbox 1481 2314 1540 2354; x_wconf 84' lang='lat' dir='ltr'><strong>se</strong></span> <span class='ocrx_word' id='word_1_279' title='bbox 1580 2313 1706 2356; x_wconf 82' lang='lat' dir='ltr'><strong>esse</strong></span> <span class='ocrx_word' id='word_1_280' title='bbox 1755 2311 1939 2352; x_wconf 89' lang='lat' dir='ltr'><strong>rerum</strong></span> <span class='ocrx_word' id='word_1_281' title='bbox 1998 2295 2156 2351; x_wconf 84' lang='lat' dir='ltr'><strong>dom—</strong></span> 
     </span>
    </p>
   </div>
   <div class='ocr_carea' id='block_1_42' title="bbox 566 2388 2156 2460">
    <p class='ocr_par' dir='ltr' id='par_1_42' title="bbox 566 2388 2156 2460">
     <span class='ocr_line' id='line_1_42' title="bbox 566 2388 2156 2460; baseline 0 -17"><span class='ocrx_word' id='word_1_282' title='bbox 566 2406 693 2444; x_wconf 88' lang='lat' dir='ltr'><strong>nam</strong></span> <span class='ocrx_word' id='word_1_283' title='bbox 718 2431 731 2453; x_wconf 90' lang='lat'><strong>,</strong></span> <span class='ocrx_word' id='word_1_284' title='bbox 761 2406 990 2460; x_wconf 68' lang='lat' dir='ltr'><strong>quaeque</strong></span> <span class='ocrx_word' id='word_1_285' title='bbox 1023 2390 1129 2444; x_wconf 88' lang='lat' dir='ltr'><strong>sibi</strong></span> <span class='ocrx_word' id='word_1_286' title='bbox 1161 2391 1483 2444; x_wconf 84' lang='lat' dir='ltr'><strong>viderentur</strong></span> <span class='ocrx_word' id='word_1_287' title='bbox 1508 2430 1523 2455; x_wconf 91' lang='lat'><strong>,</strong></span> <span class='ocrx_word' id='word_1_288' title='bbox 1554 2405 1619 2445; x_wconf 87' lang='lat' dir='ltr'><strong>ea</strong></span> <span class='ocrx_word' id='word_1_289' title='bbox 1654 2389 1863 2453; x_wconf 83' lang='lat' dir='ltr'><strong>facere,</strong></span> <span class='ocrx_word' id='word_1_290' title='bbox 1895 2388 2156 2443; x_wconf 86' lang='lat' dir='ltr'><strong>omnibus</strong></span> 
     </span>
    </p>
   </div>
   <div class='ocr_carea' id='block_1_43' title="bbox 564 2480 2159 2553">
    <p class='ocr_par' dir='ltr' id='par_1_43' title="bbox 564 2480 2159 2553">
     <span class='ocr_line' id='line_1_43' title="bbox 564 2480 2159 2553; baseline -0.003 -14"><span class='ocrx_word' id='word_1_291' title='bbox 564 2486 614 2540; x_wconf 91' lang='lat' dir='ltr'><strong>ei</strong></span> <span class='ocrx_word' id='word_1_292' title='bbox 645 2495 901 2539; x_wconf 85' lang='lat' dir='ltr'><strong>accurate</strong></span> <span class='ocrx_word' id='word_1_293' title='bbox 947 2484 1372 2539; x_wconf 84' lang='lat' dir='ltr'><strong>obedientibus:</strong></span> <span class='ocrx_word' id='word_1_294' title='bbox 1402 2483 1471 2536; x_wconf 72' lang='lat' dir='ltr'><strong>At</strong></span> <span class='ocrx_word' id='word_1_295' title='bbox 1496 2497 1618 2553; x_wconf 82' lang='lat' dir='ltr'><strong>ego,</strong></span> <span class='ocrx_word' id='word_1_296' title='bbox 1650 2482 1848 2551; x_wconf 88' lang='lat' dir='ltr'><strong>inquit,</strong></span> <span class='ocrx_word' id='word_1_297' title='bbox 1869 2481 1970 2535; x_wconf 93' lang='lat' dir='ltr'><strong>nisi</strong></span> <span class='ocrx_word' id='word_1_298' title='bbox 1997 2480 2159 2549; x_wconf 91' lang='lat' dir='ltr'><strong>liqui-</strong></span> 
     </span>
    </p>
   </div>
   <div class='ocr_carea' id='block_1_44' title="bbox 564 2574 2158 2646">
    <p class='ocr_par' dir='ltr' id='par_1_44' title="bbox 564 2574 2158 2646">
     <span class='ocr_line' id='line_1_44' title="bbox 564 2574 2158 2646; baseline -0.002 -14"><span class='ocrx_word' id='word_1_299' title='bbox 564 2578 790 2632; x_wconf 79' lang='lat' dir='ltr'><strong>dissime</strong></span> <span class='ocrx_word' id='word_1_300' title='bbox 815 2577 1099 2630; x_wconf 85' lang='lat' dir='ltr'><strong>scivissem</strong></span> <span class='ocrx_word' id='word_1_301' title='bbox 1124 2576 1256 2646; x_wconf 91' lang='lat' dir='ltr'><strong>quid</strong></span> <span class='ocrx_word' id='word_1_302' title='bbox 1279 2576 1541 2640; x_wconf 89' lang='lat' dir='ltr'><strong>dicerem,</strong></span> <span class='ocrx_word' id='word_1_303' title='bbox 1570 2575 1709 2630; x_wconf 88' lang='lat' dir='ltr'><strong>nihil</strong></span> <span class='ocrx_word' id='word_1_304' title='bbox 1755 2574 1960 2631; x_wconf 79' lang='lat' dir='ltr'><strong>frustra</strong></span> <span class='ocrx_word' id='word_1_305' title='bbox 1983 2585 2158 2630; x_wconf 92' lang='lat' dir='ltr'><strong>teme-</strong></span> 
     </span>
    </p>
   </div>
   <div class='ocr_carea' id='block_1_45' title="bbox 567 2667 2156 2737">
    <p class='ocr_par' dir='ltr' id='par_1_45' title="bbox 567 2667 2156 2737">
     <span class='ocr_line' id='line_1_45' title="bbox 567 2667 2156 2737; baseline -0.001 -16"><span class='ocrx_word' id='word_1_306' title='bbox 567 2682 738 2736; x_wconf 85' lang='lat' dir='ltr'><strong>reque</strong></span> <span class='ocrx_word' id='word_1_307' title='bbox 767 2668 1135 2735; x_wconf 82' lang='lat' dir='ltr'><strong>protulissem.</strong></span> <span class='ocrx_word' id='word_1_308' title='bbox 1165 2670 1325 2733; x_wconf 86' lang='lat' dir='ltr'><strong>Quod</strong></span> <span class='ocrx_word' id='word_1_309' title='bbox 1355 2668 1398 2722; x_wconf 89' lang='lat' dir='ltr'><strong>si</strong></span> <span class='ocrx_word' id='word_1_310' title='bbox 1439 2683 1536 2722; x_wconf 87' lang='lat' dir='ltr'><strong>vos</strong></span> <span class='ocrx_word' id='word_1_311' title='bbox 1571 2668 1858 2737; x_wconf 82' lang='lat' dir='ltr'><strong>ignoratis,</strong></span> <span class='ocrx_word' id='word_1_312' title='bbox 1898 2669 1977 2722; x_wconf 86' lang='lat' dir='ltr'><strong>rei</strong></span> <span class='ocrx_word' id='word_1_313' title='bbox 2006 2667 2156 2737; x_wconf 89' lang='lat' dir='ltr'><strong>peri-</strong></span> 
     </span>
    </p>
   </div>
   <div class='ocr_carea' id='block_1_46' title="bbox 568 2758 2155 2832">
    <p class='ocr_par' dir='ltr' id='par_1_46' title="bbox 568 2758 2155 2832">
     <span class='ocr_line' id='line_1_46' title="bbox 568 2758 2155 2832; baseline 0.001 -19"><span class='ocrx_word' id='word_1_314' title='bbox 568 2763 751 2813; x_wconf 86' lang='lat' dir='ltr'><strong>culum</strong></span> <span class='ocrx_word' id='word_1_315' title='bbox 783 2759 1003 2813; x_wconf 80' lang='lat' dir='ltr'><strong>faciant.</strong></span> <span class='ocrx_word' id='word_1_316' title='bbox 1039 2758 1408 2831; x_wconf 77' lang='lat' dir='ltr'><strong>Chrysohergi</strong></span> <span class='ocrx_word' id='word_1_317' title='bbox 1435 2761 1583 2815; x_wconf 90' lang='lat' dir='ltr'><strong>enim</strong></span> <span class='ocrx_word' id='word_1_318' title='bbox 1623 2763 1802 2832; x_wconf 85' lang='lat' dir='ltr'><strong>legato</strong></span> <span class='ocrx_word' id='word_1_319' title='bbox 1842 2769 1964 2816; x_wconf 88' lang='lat' dir='ltr'><strong>meo</strong></span> <span class='ocrx_word' id='word_1_320' title='bbox 2001 2774 2155 2815; x_wconf 88' lang='lat' dir='ltr'><strong>com-</strong></span> 
     </span>
    </p>
   </div>
   <div class='ocr_carea' id='block_1_47' title="bbox 569 2848 2158 2920">
    <p class='ocr_par' dir='ltr' id='par_1_47' title="bbox 569 2848 2158 2920">
     <span class='ocr_line' id='line_1_47' title="bbox 569 2848 2158 2920; baseline 0.003 -21"><span class='ocrx_word' id='word_1_321' title='bbox 569 2848 807 2910; x_wconf 85' lang='lat' dir='ltr'><strong>mittam,</strong></span> <span class='ocrx_word' id='word_1_322' title='bbox 840 2863 961 2917; x_wconf 73' lang='lat' dir='ltr'><strong>qua:</strong></span> <span class='ocrx_word' id='word_1_323' title='bbox 994 2848 1148 2902; x_wconf 91' lang='lat' dir='ltr'><strong>solus</strong></span> <span class='ocrx_word' id='word_1_324' title='bbox 1180 2849 1281 2903; x_wconf 89' lang='lat' dir='ltr'><strong>soli</strong></span> <span class='ocrx_word' id='word_1_325' title='bbox 1310 2850 1640 2920; x_wconf 85' lang='lat' dir='ltr'><strong>imperatrici</strong></span> <span class='ocrx_word' id='word_1_326' title='bbox 1676 2851 1901 2917; x_wconf 90' lang='lat' dir='ltr'><strong>indicet,</strong></span> <span class='ocrx_word' id='word_1_327' title='bbox 1932 2851 2077 2919; x_wconf 88' lang='lat' dir='ltr'><strong>quod</strong></span> <span class='ocrx_word' id='word_1_328' title='bbox 2103 2860 2158 2904; x_wconf 85' lang='lat' dir='ltr'><strong>et</strong></span> 
     </span>
    </p>
   </div>
   <div class='ocr_carea' id='block_1_48' title="bbox 568 2940 2156 3013">
    <p class='ocr_par' dir='ltr' id='par_1_48' title="bbox 568 2940 2156 3013">
     <span class='ocr_line' id='line_1_48' title="bbox 568 2940 2156 3013; baseline 0.003 -22"><span class='ocrx_word' id='word_1_329' title='bbox 568 2940 707 2993; x_wconf 87' lang='lat' dir='ltr'><strong>alias</strong></span> <span class='ocrx_word' id='word_1_330' title='bbox 754 2941 1035 2994; x_wconf 81' lang='lat' dir='ltr'><strong>consuevi.</strong></span> <span class='ocrx_word' id='word_1_331' title='bbox 1063 2940 1120 2996; x_wconf 89' lang='lat' dir='ltr'><strong>Si</strong></span> <span class='ocrx_word' id='word_1_332' title='bbox 1159 2956 1223 2995; x_wconf 89' lang='lat' dir='ltr'><strong>ea</strong></span> <span class='ocrx_word' id='word_1_333' title='bbox 1266 2941 1449 2997; x_wconf 67' lang='lat' dir='ltr'><strong>facere</strong></span> <span class='ocrx_word' id='word_1_334' title='bbox 1500 2944 1570 2996; x_wconf 91' lang='lat' dir='ltr'><strong>ab</strong></span> <span class='ocrx_word' id='word_1_335' title='bbox 1616 2943 1751 3013; x_wconf 82' lang='lat' dir='ltr'><strong>ipsis</strong></span> <span class='ocrx_word' id='word_1_336' title='bbox 1794 2944 2156 2998; x_wconf 83' lang='lat' dir='ltr'><strong>archontihus</strong></span> 
     </span>
    </p>
   </div>
   <div class='ocr_carea' id='block_1_49' title="bbox 570 3034 2151 3107">
    <p class='ocr_par' dir='ltr' id='par_1_49' title="bbox 570 3034 2151 3107">
     <span class='ocr_line' id='line_1_49' title="bbox 570 3034 2151 3107; baseline 0.002 -21"><span class='ocrx_word' id='word_1_337' title='bbox 570 3035 958 3102; x_wconf 80' lang='lat' dir='ltr'><strong>permittetur,</strong></span> <span class='ocrx_word' id='word_1_338' title='bbox 993 3043 1205 3088; x_wconf 87' lang='lat' dir='ltr'><strong>certum</strong></span> <span class='ocrx_word' id='word_1_339' title='bbox 1247 3035 1374 3101; x_wconf 89' lang='lat' dir='ltr'><strong>erit,</strong></span> <span class='ocrx_word' id='word_1_340' title='bbox 1413 3037 1581 3091; x_wconf 85' lang='lat' dir='ltr'><strong>licere</strong></span> <span class='ocrx_word' id='word_1_341' title='bbox 1618 3038 1666 3090; x_wconf 90' lang='lat' dir='ltr'><strong>ei</strong></span> <span class='ocrx_word' id='word_1_342' title='bbox 1698 3052 1821 3107; x_wconf 69' lang='lat' dir='ltr'><strong>quae</strong></span> <span class='ocrx_word' id='word_1_343' title='bbox 1865 3037 2012 3092; x_wconf 86' lang='lat' dir='ltr'><strong>velit.</strong></span> <span class='ocrx_word' id='word_1_344' title='bbox 2051 3034 2151 3090; x_wconf 88' lang='lat' dir='ltr'><strong>Sin</strong></span> 
     </span>
    </p>
   </div>
   <div class='ocr_carea' id='block_1_50' title="bbox 2264 1834 3780 1907">
    <p class='ocr_par' dir='ltr' id='par_1_50' title="bbox 2264 1834 3780 1907">
     <span class='ocr_line' id='line_1_50' title="bbox 2264 1834 3780 1907; baseline 0 -18"><span class='ocrx_word' id='word_1_345' title='bbox 2264 1836 2359 1890; x_wconf 78' lang='grc' dir='ltr'>καὶ</span> <span class='ocrx_word' id='word_1_346' title='bbox 2389 1834 2651 1906; x_wconf 84' lang='grc' dir='ltr'>βασιλίδι,</span> <span class='ocrx_word' id='word_1_347' title='bbox 2679 1836 2774 1887; x_wconf 74' lang='grc' dir='ltr'>καὶ</span> <span class='ocrx_word' id='word_1_348' title='bbox 2804 1835 3152 1907; x_wconf 77' lang='grc' dir='ltr'>πατριάρχῃ,</span> <span class='ocrx_word' id='word_1_349' title='bbox 3183 1837 3278 1889; x_wconf 73' lang='grc' dir='ltr'>καὶ</span> <span class='ocrx_word' id='word_1_350' title='bbox 3311 1839 3420 1901; x_wconf 89' lang='grc' dir='ltr'>τοῖς</span> <span class='ocrx_word' id='word_1_351' title='bbox 3448 1836 3614 1902; x_wconf 79' lang='grc' dir='ltr'>ἄλλοις</span> <span class='ocrx_word' id='word_1_352' title='bbox 3639 1840 3780 1905; x_wconf 85' lang='grc' dir='ltr'>ἀπαγ-</span> 
     </span>
    </p>
   </div>
   <div class='ocr_carea' id='block_1_51' title="bbox 2263 1926 3781 2000">
    <p class='ocr_par' dir='ltr' id='par_1_51' title="bbox 2263 1926 3781 2000">
     <span class='ocr_line' id='line_1_51' title="bbox 2263 1926 3781 2000; baseline 0.001 -20"><span class='ocrx_word' id='word_1_353' title='bbox 2263 1927 2568 1997; x_wconf 86' lang='grc' dir='ltr'>γείλαντας,</span> <span class='ocrx_word' id='word_1_354' title='bbox 2610 1926 2708 1998; x_wconf 81' lang='grc' dir='ltr'>τὴν</span> <span class='ocrx_word' id='word_1_355' title='bbox 2748 1928 2974 1998; x_wconf 83' lang='grc' dir='ltr'>εἰρήνην</span> <span class='ocrx_word' id='word_1_356' title='bbox 3016 1927 3364 1998; x_wconf 78' lang='grc' dir='ltr'>ψηφίσασθαι</span> <span class='ocrx_word' id='word_1_357' title='bbox 3408 1934 3574 2000; x_wconf 81' lang='grc' dir='ltr'>κοινῇ,</span> <span class='ocrx_word' id='word_1_358' title='bbox 3611 1930 3691 1982; x_wconf 70' lang='grc' dir='ltr'>καὶ</span> <span class='ocrx_word' id='word_1_359' title='bbox 3725 1928 3781 1998; x_wconf 77' lang='grc' dir='ltr'>μὴ</span> 
     </span>
    </p>
   </div>
   <div class='ocr_carea' id='block_1_52' title="bbox 2263 2018 3780 2090">
    <p class='ocr_par' dir='ltr' id='par_1_52' title="bbox 2263 2018 3780 2090">
     <span class='ocr_line' id='line_1_52' title="bbox 2263 2018 3780 2090; baseline -0.003 -17"><span class='ocrx_word' id='word_1_360' title='bbox 2263 2019 2353 2074; x_wconf 79' lang='grc' dir='ltr'><strong>διὰ</strong></span> <span class='ocrx_word' id='word_1_361' title='bbox 2381 2019 2746 2073; x_wconf 78' lang='grc' dir='ltr'>κακοϐουλίαν</span> <span class='ocrx_word' id='word_1_362' title='bbox 2794 2020 2888 2071; x_wconf 79' lang='grc' dir='ltr'>καὶ</span> <span class='ocrx_word' id='word_1_363' title='bbox 2912 2020 2981 2073; x_wconf 83' lang='grc' dir='ltr'><strong>τά</strong></span> <span class='ocrx_word' id='word_1_364' title='bbox 3008 2020 3181 2089; x_wconf 87' lang='grc' dir='ltr'>μικρά</span> <span class='ocrx_word' id='word_1_365' title='bbox 3205 2018 3437 2090; x_wconf 77' lang='grc' dir='ltr'>λείψανα</span> <span class='ocrx_word' id='word_1_366' title='bbox 3462 2021 3635 2084; x_wconf 80' lang='grc' dir='ltr'>ταῦτα,</span> <span class='ocrx_word' id='word_1_367' title='bbox 3659 2019 3690 2075; x_wconf 75' lang='grc' dir='ltr'><strong>ἃ</strong></span> <span class='ocrx_word' id='word_1_368' title='bbox 3707 2023 3780 2089; x_wconf 75' lang='grc' dir='ltr'>τῆς</span> 
     </span>
    </p>
   </div>
   <div class='ocr_carea' id='block_1_53' title="bbox 2278 2107 3781 2185">
    <p class='ocr_par' dir='ltr' id='par_1_53' title="bbox 2278 2107 3781 2185">
     <span class='ocr_line' id='line_1_53' title="bbox 2278 2107 3781 2185; baseline -0.001 -23"><span class='ocrx_word' id='word_1_369' title='bbox 2278 2109 2567 2179; x_wconf 85' lang='grc' dir='ltr'>Ῥωμαίων</span> <span class='ocrx_word' id='word_1_370' title='bbox 2602 2107 2985 2185; x_wconf 84' lang='grc' dir='ltr'>ὑπολέλειπται</span> <span class='ocrx_word' id='word_1_371' title='bbox 3024 2111 3345 2178; x_wconf 73' lang='grc' dir='ltr'>ἡγεμονίας,</span> <span class='ocrx_word' id='word_1_372' title='bbox 3366 2110 3671 2180; x_wconf 69' lang='grc' dir='ltr'>διαφθεῖραι.</span> <span class='ocrx_word' id='word_1_373' title='bbox 3689 2109 3781 2162; x_wconf 81' lang='grc' dir='ltr'><strong>Τῶν</strong></span> 
     </span>
    </p>
   </div>
   <div class='ocr_carea' id='block_1_54' title="bbox 2263 2201 3781 2273">
    <p class='ocr_par' dir='ltr' id='par_1_54' title="bbox 2263 2201 3781 2273">
     <span class='ocr_line' id='line_1_54' title="bbox 2263 2201 3781 2273; baseline -0.001 -18"><span class='ocrx_word' id='word_1_374' title='bbox 2263 2202 2555 2273; x_wconf 77' lang='grc' dir='ltr'>πρέσϐεων</span> <span class='ocrx_word' id='word_1_375' title='bbox 2598 2201 2677 2265; x_wconf 85' lang='grc' dir='ltr'>δὲ,</span> <span class='ocrx_word' id='word_1_376' title='bbox 2711 2202 2858 2271; x_wconf 42' lang='grc' dir='ltr'>,πρὸς</span> <span class='ocrx_word' id='word_1_377' title='bbox 2900 2201 3055 2255; x_wconf 77' lang='grc' dir='ltr'>οὐδὲν</span> <span class='ocrx_word' id='word_1_378' title='bbox 3098 2202 3286 2272; x_wconf 73' lang='grc' dir='ltr'>ἕτερον</span> <span class='ocrx_word' id='word_1_379' title='bbox 3331 2203 3669 2256; x_wconf 77' lang='grc' dir='ltr'>ἀντειπόντων</span> <span class='ocrx_word' id='word_1_380' title='bbox 3700 2201 3781 2253; x_wconf 81' lang='grc' dir='ltr'>τῶν</span> 
     </span>
    </p>
   </div>
   <div class='ocr_carea' id='block_1_55' title="bbox 2263 2292 3783 2367">
    <p class='ocr_par' dir='ltr' id='par_1_55' title="bbox 2263 2292 3783 2367">
     <span class='ocr_line' id='line_1_55' title="bbox 2263 2292 3783 2367; baseline -0.001 -18"><span class='ocrx_word' id='word_1_381' title='bbox 2263 2297 2593 2367; x_wconf 82' lang='grc' dir='ltr'>είρημένων,</span> <span class='ocrx_word' id='word_1_382' title='bbox 2615 2295 2648 2367; x_wconf 78' lang='grc' dir='ltr'><strong>ἥ</strong></span> <span class='ocrx_word' id='word_1_383' title='bbox 2673 2296 2756 2348; x_wconf 81' lang='grc' dir='ltr'>ὅτι</span> <span class='ocrx_word' id='word_1_384' title='bbox 2780 2298 2813 2364; x_wconf 83' lang='grc' dir='ltr'><strong>ἡ</strong></span> <span class='ocrx_word' id='word_1_385' title='bbox 2843 2292 3054 2364; x_wconf 78' lang='grc' dir='ltr'>βασιλὶς</span> <span class='ocrx_word' id='word_1_386' title='bbox 3077 2294 3175 2365; x_wconf 81' lang='grc' dir='ltr'>οὐχ</span> <span class='ocrx_word' id='word_1_387' title='bbox 3200 2294 3388 2366; x_wconf 82' lang='grc' dir='ltr'>ὥσπερ</span> <span class='ocrx_word' id='word_1_388' title='bbox 3413 2294 3628 2366; x_wconf 78' lang='grc' dir='ltr'>ήγγελτο</span> <span class='ocrx_word' id='word_1_389' title='bbox 3649 2293 3783 2363; x_wconf 72' lang='grc' dir='ltr'>αὐτῷ,</span> 
     </span>
    </p>
   </div>
   <div class='ocr_carea' id='block_1_56' title="bbox 2264 2387 3776 2461">
    <p class='ocr_par' dir='ltr' id='par_1_56' title="bbox 2264 2387 3776 2461">
     <span class='ocr_line' id='line_1_56' title="bbox 2264 2387 3776 2461; baseline -0.004 -18"><span class='ocrx_word' id='word_1_390' title='bbox 2264 2393 2375 2454; x_wconf 90' lang='grc' dir='ltr'>τοῖς</span> <span class='ocrx_word' id='word_1_391' title='bbox 2399 2389 2733 2461; x_wconf 83' lang='grc' dir='ltr'>βουλεύμασι</span> <span class='ocrx_word' id='word_1_392' title='bbox 2753 2387 2863 2442; x_wconf 84' lang='grc' dir='ltr'><strong>τῶν</strong></span> <span class='ocrx_word' id='word_1_393' title='bbox 2882 2390 3161 2458; x_wconf 80' lang='grc' dir='ltr'>ἀρχόντων</span> <span class='ocrx_word' id='word_1_394' title='bbox 3183 2388 3282 2441; x_wconf 70' lang='grc' dir='ltr'>ἕπε</span> <span class='ocrx_word' id='word_1_395' title='bbox 3291 2390 3416 2444; x_wconf 83' lang='grc' dir='ltr'>σθαι</span> <span class='ocrx_word' id='word_1_396' title='bbox 3435 2390 3661 2458; x_wconf 77' lang='grc' dir='ltr'>ἀνάγκην</span> <span class='ocrx_word' id='word_1_397' title='bbox 3678 2388 3776 2457; x_wconf 76' lang='grc' dir='ltr'>ἔχει,</span> 
     </span>
    </p>
   </div>
   <div class='ocr_carea' id='block_1_57' title="bbox 2263 2477 3773 2551">
    <p class='ocr_par' dir='ltr' id='par_1_57' title="bbox 2263 2477 3773 2551">
     <span class='ocr_line' id='line_1_57' title="bbox 2263 2477 3773 2551; baseline -0.005 -16"><span class='ocrx_word' id='word_1_398' title='bbox 2263 2481 2381 2536; x_wconf 86' lang='grc' dir='ltr'>ἀλλ’</span> <span class='ocrx_word' id='word_1_399' title='bbox 2402 2481 2540 2551; x_wconf 79' lang='grc' dir='ltr'>αὑτὴ</span> <span class='ocrx_word' id='word_1_400' title='bbox 2569 2480 2678 2533; x_wconf 88' lang='grc' dir='ltr'>τῶν</span> <span class='ocrx_word' id='word_1_401' title='bbox 2708 2479 3055 2549; x_wconf 82' lang='grc' dir='ltr'>πραγμάτων</span> <span class='ocrx_word' id='word_1_402' title='bbox 3084 2478 3220 2533; x_wconf 76' lang='grc' dir='ltr'>οὖσα</span> <span class='ocrx_word' id='word_1_403' title='bbox 3250 2482 3416 2551; x_wconf 87' lang='grc' dir='ltr'>κυρία</span> <span class='ocrx_word' id='word_1_404' title='bbox 3436 2523 3452 2547; x_wconf 93' lang='grc'><strong>,</strong></span> <span class='ocrx_word' id='word_1_405' title='bbox 3481 2481 3546 2533; x_wconf 82' lang='grc' dir='ltr'><strong>τά</strong></span> <span class='ocrx_word' id='word_1_406' title='bbox 3571 2477 3773 2532; x_wconf 76' lang='grc' dir='ltr'>δοκοῦντι</span> 
     </span>
    </p>
   </div>
   <div class='ocr_carea' id='block_1_58' title="bbox 2264 2567 3778 2646">
    <p class='ocr_par' dir='ltr' id='par_1_58' title="bbox 2264 2567 3778 2646">
     <span class='ocr_line' id='line_1_58' title="bbox 2264 2567 3778 2646; baseline -0.005 -18"><span class='ocrx_word' id='word_1_407' title='bbox 2264 2576 2531 2646; x_wconf 82' lang='grc' dir='ltr'>πράττει,</span> <span class='ocrx_word' id='word_1_408' title='bbox 2579 2575 2797 2629; x_wconf 87' lang='grc' dir='ltr'>πάντων</span> <span class='ocrx_word' id='word_1_409' title='bbox 2841 2573 3206 2627; x_wconf 84' lang='grc' dir='ltr'>δουλευόντων</span> <span class='ocrx_word' id='word_1_410' title='bbox 3249 2572 3696 2645; x_wconf 78' lang='grc' dir='ltr'>ἀκριὸὦς,οὑδὲν</span> <span class='ocrx_word' id='word_1_411' title='bbox 3715 2567 3778 2632; x_wconf 80' lang='grc' dir='ltr'>ἂν,</span> 
     </span>
    </p>
   </div>
   <div class='ocr_carea' id='block_1_59' title="bbox 2264 2657 3778 2738">
    <p class='ocr_par' dir='ltr' id='par_1_59' title="bbox 2264 2657 3778 2738">
     <span class='ocr_line' id='line_1_59' title="bbox 2264 2657 3778 2738; baseline -0.004 -18"><span class='ocrx_word' id='word_1_412' title='bbox 2264 2664 2417 2721; x_wconf 80' lang='grc' dir='ltr'>εἶπεν</span> <span class='ocrx_word' id='word_1_413' title='bbox 2450 2669 2573 2738; x_wconf 70' lang='grc' dir='ltr'>είκῇ</span> <span class='ocrx_word' id='word_1_414' title='bbox 2609 2669 2708 2720; x_wconf 75' lang='grc' dir='ltr'>καὶ</span> <span class='ocrx_word' id='word_1_415' title='bbox 2743 2667 2921 2737; x_wconf 83' lang='grc' dir='ltr'>μάτην</span> <span class='ocrx_word' id='word_1_416' title='bbox 2957 2666 3277 2736; x_wconf 72' lang='grc' dir='ltr'>ἐξενήνεκτο</span> <span class='ocrx_word' id='word_1_417' title='bbox 3313 2666 3443 2737; x_wconf 84' lang='grc' dir='ltr'>παρ’</span> <span class='ocrx_word' id='word_1_418' title='bbox 3467 2664 3626 2736; x_wconf 75' lang='grc' dir='ltr'>ἐμοῦ,</span> <span class='ocrx_word' id='word_1_419' title='bbox 3657 2665 3697 2715; x_wconf 89' lang='grc' dir='ltr'><strong>εί</strong></span> <span class='ocrx_word' id='word_1_420' title='bbox 3724 2657 3778 2729; x_wconf 74' lang='grc' dir='ltr'>μὴ</span> 
     </span>
    </p>
   </div>
   <div class='ocr_carea' id='block_1_60' title="bbox 2267 2750 3780 2830">
    <p class='ocr_par' dir='ltr' id='par_1_60' title="bbox 2267 2750 3780 2830">
     <span class='ocr_line' id='line_1_60' title="bbox 2267 2750 3780 2830; baseline -0.007 -18"><span class='ocrx_word' id='word_1_421' title='bbox 2267 2759 2582 2829; x_wconf 78' lang='grc' dir='ltr'>σαφέστατα</span> <span class='ocrx_word' id='word_1_422' title='bbox 2607 2760 2754 2830; x_wconf 80' lang='grc' dir='ltr'>ᾔδειν</span> <span class='ocrx_word' id='word_1_423' title='bbox 2778 2757 2967 2828; x_wconf 82' lang='grc' dir='ltr'>ὥσπερ</span> <span class='ocrx_word' id='word_1_424' title='bbox 2995 2759 3105 2828; x_wconf 75' lang='grc' dir='ltr'>ἔχει</span> <span class='ocrx_word' id='word_1_425' title='bbox 3131 2759 3505 2829; x_wconf 77' lang='grc' dir='ltr'>εἰρησόμενον.</span> <span class='ocrx_word' id='word_1_426' title='bbox 3531 2756 3589 2809; x_wconf 81' lang='lat' dir='ltr'><strong>El</strong></span> <span class='ocrx_word' id='word_1_427' title='bbox 3609 2750 3780 2807; x_wconf 80' lang='grc' dir='ltr'>δἀὐτοὶ</span> 
     </span>
    </p>
   </div>
   <div class='ocr_carea' id='block_1_61' title="bbox 2265 2840 3780 2921">
    <p class='ocr_par' dir='ltr' id='par_1_61' title="bbox 2265 2840 3780 2921">
     <span class='ocr_line' id='line_1_61' title="bbox 2265 2840 3780 2921; baseline -0.001 -16"><span class='ocrx_word' id='word_1_428' title='bbox 2265 2854 2511 2919; x_wconf 79' lang='grc' dir='ltr'>ἀγνοεῖτε</span> <span class='ocrx_word' id='word_1_429' title='bbox 2530 2891 2546 2917; x_wconf 93' lang='grc'><strong>,</strong></span> <span class='ocrx_word' id='word_1_430' title='bbox 2577 2855 2770 2921; x_wconf 86' lang='grc' dir='ltr'>πεῖραν</span> <span class='ocrx_word' id='word_1_431' title='bbox 2798 2850 2909 2919; x_wconf 77' lang='grc' dir='ltr'><strong>ἐγὼ</strong></span> <span class='ocrx_word' id='word_1_432' title='bbox 2941 2852 3234 2921; x_wconf 84' lang='grc' dir='ltr'>ποιήσομαι</span> <span class='ocrx_word' id='word_1_433' title='bbox 3263 2851 3359 2903; x_wconf 88' lang='grc' dir='ltr'><strong>τοῦ</strong></span> <span class='ocrx_word' id='word_1_434' title='bbox 3395 2850 3717 2921; x_wconf 70' lang='grc' dir='ltr'>πράγματος,</span> <span class='ocrx_word' id='word_1_435' title='bbox 3738 2840 3780 2904; x_wconf 75' lang='grc' dir='ltr'><strong>ἒξ</strong></span> 
     </span>
    </p>
   </div>
   <div class='ocr_carea' id='block_1_62' title="bbox 2263 2936 3777 3016">
    <p class='ocr_par' dir='ltr' id='par_1_62' title="bbox 2263 2936 3777 3016">
     <span class='ocr_line' id='line_1_62' title="bbox 2263 2936 3777 3016; baseline -0.013 -9"><span class='ocrx_word' id='word_1_436' title='bbox 2263 2939 2332 3016; x_wconf 80' lang='grc' dir='ltr'><strong>ἦς</strong></span> <span class='ocrx_word' id='word_1_437' title='bbox 2366 2943 2517 2998; x_wconf 74' lang='grc' dir='ltr'>ἔσται</span> <span class='ocrx_word' id='word_1_438' title='bbox 2547 2944 2641 2998; x_wconf 76' lang='grc' dir='ltr'><strong>καὶ</strong></span> <span class='ocrx_word' id='word_1_439' title='bbox 2671 2944 2798 3014; x_wconf 84' lang='grc' dir='ltr'>ὑμῖν</span> <span class='ocrx_word' id='word_1_440' title='bbox 2830 2944 3137 3013; x_wconf 81' lang='grc' dir='ltr'>καταφανὲς</span> <span class='ocrx_word' id='word_1_441' title='bbox 3167 2943 3457 3013; x_wconf 79' lang='grc' dir='ltr'>εἰρημένον</span> <span class='ocrx_word' id='word_1_442' title='bbox 3483 2941 3653 3009; x_wconf 84' lang='grc' dir='ltr'>ὥσπερ</span> <span class='ocrx_word' id='word_1_443' title='bbox 3676 2936 3777 3006; x_wconf 76' lang='grc' dir='ltr'>ἔχει.</span> 
     </span>
    </p>
   </div>
   <div class='ocr_carea' id='block_1_63' title="bbox 2264 3030 3778 3110">
    <p class='ocr_par' dir='ltr' id='par_1_63' title="bbox 2264 3030 3778 3110">
     <span class='ocr_line' id='line_1_63' title="bbox 2264 3030 3778 3110; baseline -0.01 -18"><span class='ocrx_word' id='word_1_444' title='bbox 2264 3038 2632 3110; x_wconf 74' lang='grc' dir='ltr'>Χρυσοὸἐργῃ</span> <span class='ocrx_word' id='word_1_445' title='bbox 2664 3037 2771 3106; x_wconf 79' lang='grc' dir='ltr'><strong>γάρ</strong></span> <span class='ocrx_word' id='word_1_446' title='bbox 2805 3036 2883 3106; x_wconf 85' lang='grc' dir='ltr'>τῷ</span> <span class='ocrx_word' id='word_1_447' title='bbox 2920 3036 3051 3107; x_wconf 86' lang='grc' dir='ltr'>παρ’</span> <span class='ocrx_word' id='word_1_448' title='bbox 3082 3034 3602 3107; x_wconf 25' lang='grc' dir='ltr'>ὲμοῦὶπρεσὸεύοντι</span> <span class='ocrx_word' id='word_1_449' title='bbox 3631 3030 3778 3095; x_wconf 81' lang='grc' dir='ltr'>λόγους</span> 
     </span>
    </p>
   </div>
   <div class='ocr_carea' id='block_1_64' title="bbox 567 3115 2157 3200">
    <p class='ocr_par' dir='ltr' id='par_1_64' title="bbox 567 3126 2157 3197">
     <span class='ocr_line' id='line_1_64' title="bbox 567 3126 2157 3197; baseline 0.002 -19"><span class='ocrx_word' id='word_1_450' title='bbox 567 3126 636 3179; x_wconf 83' lang='lat' dir='ltr'><strong>ad</strong></span> <span class='ocrx_word' id='word_1_451' title='bbox 684 3139 744 3178; x_wconf 88' lang='lat' dir='ltr'><strong>se</strong></span> <span class='ocrx_word' id='word_1_452' title='bbox 776 3126 968 3180; x_wconf 80' lang='lat' dir='ltr'><strong>referri</strong></span> <span class='ocrx_word' id='word_1_453' title='bbox 1014 3126 1302 3195; x_wconf 80' lang='lat' dir='ltr'><strong>jusserint,</strong></span> <span class='ocrx_word' id='word_1_454' title='bbox 1340 3142 1450 3181; x_wconf 90' lang='lat' dir='ltr'><strong>non</strong></span> <span class='ocrx_word' id='word_1_455' title='bbox 1484 3128 1589 3181; x_wconf 86' lang='lat' dir='ltr'><strong>alia</strong></span> <span class='ocrx_word' id='word_1_456' title='bbox 1634 3129 1884 3197; x_wconf 82' lang='lat' dir='ltr'><strong>probatio</strong></span> <span class='ocrx_word' id='word_1_457' title='bbox 1908 3129 2157 3197; x_wconf 84' lang='lat' dir='ltr'><strong>require-</strong></span> 
     </span>
    </p>
   </div>
   <div class='ocr_carea' id='block_1_65' title="bbox 2259 3115 3779 3200">
    <p class='ocr_par' dir='ltr' id='par_1_65' title="bbox 2262 3115 3779 3200">
     <span class='ocr_line' id='line_1_65' title="bbox 2262 3115 3779 3200; baseline -0.012 -17"><span class='ocrx_word' id='word_1_458' title='bbox 2262 3130 2522 3200; x_wconf 81' lang='grc' dir='ltr'>ἀναθήσω</span> <span class='ocrx_word' id='word_1_459' title='bbox 2569 3131 2753 3193; x_wconf 83' lang='grc' dir='ltr'>τινάς,</span> <span class='ocrx_word' id='word_1_460' title='bbox 2801 3125 2931 3181; x_wconf 79' lang='grc' dir='ltr'>ὥστ’</span> <span class='ocrx_word' id='word_1_461' title='bbox 2962 3126 3157 3187; x_wconf 73' lang='grc' dir='ltr'>αὐτοὺς</span> <span class='ocrx_word' id='word_1_462' title='bbox 3205 3127 3369 3194; x_wconf 80' lang='grc' dir='ltr'>μόνος</span> <span class='ocrx_word' id='word_1_463' title='bbox 3418 3125 3553 3195; x_wconf 79' lang='grc' dir='ltr'>μόνῃ</span> <span class='ocrx_word' id='word_1_464' title='bbox 3598 3115 3779 3190; x_wconf 70' lang='grc' dir='ltr'>βασιλίδι</span> 
     </span>
    </p>
   </div>
   <div class='ocr_carea' id='block_1_66' title="bbox 570 3216 2160 3289">
    <p class='ocr_par' dir='ltr' id='par_1_66' title="bbox 570 3216 2160 3289">
     <span class='ocr_line' id='line_1_66' title="bbox 570 3216 2160 3289; baseline 0.004 -21"><span class='ocrx_word' id='word_1_465' title='bbox 570 3227 680 3278; x_wconf 85' lang='lat' dir='ltr'><strong>tur,</strong></span> <span class='ocrx_word' id='word_1_466' title='bbox 706 3231 813 3284; x_wconf 82' lang='lat' dir='ltr'><strong>qua</strong></span> <span class='ocrx_word' id='word_1_467' title='bbox 843 3230 931 3269; x_wconf 90' lang='lat' dir='ltr'><strong>me</strong></span> <span class='ocrx_word' id='word_1_468' title='bbox 970 3230 1161 3270; x_wconf 89' lang='lat' dir='ltr'><strong>verum</strong></span> <span class='ocrx_word' id='word_1_469' title='bbox 1192 3216 1261 3271; x_wconf 89' lang='lat' dir='ltr'><strong>de</strong></span> <span class='ocrx_word' id='word_1_470' title='bbox 1288 3217 1377 3270; x_wconf 85' lang='lat' dir='ltr'><strong>illa</strong></span> <span class='ocrx_word' id='word_1_471' title='bbox 1401 3217 1611 3271; x_wconf 83' lang='lat' dir='ltr'><strong>dixisse</strong></span> <span class='ocrx_word' id='word_1_472' title='bbox 1641 3222 2001 3289; x_wconf 88' lang='lat' dir='ltr'><strong>cognoscatis.</strong></span> <span class='ocrx_word' id='word_1_473' title='bbox 2033 3218 2160 3274; x_wconf 72' lang='lat' dir='ltr'><strong>ﬂmc</strong></span> 
     </span>
    </p>
   </div>
   <div class='ocr_carea' id='block_1_67' title="bbox 567 3305 2160 3380">
    <p class='ocr_par' dir='ltr' id='par_1_67' title="bbox 567 3305 2160 3380">
     <span class='ocr_line' id='line_1_67' title="bbox 567 3305 2160 3380; baseline 0.002 -19"><span class='ocrx_word' id='word_1_474' title='bbox 567 3305 806 3371; x_wconf 86' lang='lat' dir='ltr'><strong>locutus,</strong></span> <span class='ocrx_word' id='word_1_475' title='bbox 853 3306 1018 3363; x_wconf 77' lang='lat' dir='ltr'><strong>simul</strong></span> <span class='ocrx_word' id='word_1_476' title='bbox 1046 3323 1171 3362; x_wconf 90' lang='lat' dir='ltr'><strong>cum</strong></span> <span class='ocrx_word' id='word_1_477' title='bbox 1199 3307 1305 3363; x_wconf 89' lang='lat' dir='ltr'><strong>illis</strong></span> <span class='ocrx_word' id='word_1_478' title='bbox 1334 3307 1767 3380; x_wconf 73' lang='lat' dir='ltr'><strong>Chrysobergem</strong></span> <span class='ocrx_word' id='word_1_479' title='bbox 1811 3310 1999 3376; x_wconf 85' lang='lat' dir='ltr'><strong>mittit,</strong></span> <span class='ocrx_word' id='word_1_480' title='bbox 2046 3311 2160 3364; x_wconf 89' lang='lat' dir='ltr'><strong>die-</strong></span> 
     </span>
    </p>
   </div>
   <div class='ocr_carea' id='block_1_68' title="bbox 569 3399 2158 3471">
    <p class='ocr_par' dir='ltr' id='par_1_68' title="bbox 569 3399 2158 3471">
     <span class='ocr_line' id='line_1_68' title="bbox 569 3399 2158 3471; baseline 0.001 -19"><span class='ocrx_word' id='word_1_481' title='bbox 569 3400 675 3452; x_wconf 88' lang='lat' dir='ltr'><strong>bus</strong></span> <span class='ocrx_word' id='word_1_482' title='bbox 725 3399 1039 3468; x_wconf 81' lang='lat' dir='ltr'><strong>quindecim</strong></span> <span class='ocrx_word' id='word_1_483' title='bbox 1078 3400 1149 3454; x_wconf 88' lang='lat' dir='ltr'><strong>ad</strong></span> <span class='ocrx_word' id='word_1_484' title='bbox 1194 3400 1610 3455; x_wconf 85' lang='lat' dir='ltr'><strong>deliberandqu</strong></span> <span class='ocrx_word' id='word_1_485' title='bbox 1660 3400 1980 3471; x_wconf 69' lang='lat' dir='ltr'><strong>praeﬁnitis;</strong></span> <span class='ocrx_word' id='word_1_486' title='bbox 2031 3401 2158 3456; x_wconf 88' lang='lat' dir='ltr'><strong>dein</strong></span> 
     </span>
    </p>
   </div>
   <div class='ocr_carea' id='block_1_69' title="bbox 568 3489 2159 3564">
    <p class='ocr_par' dir='ltr' id='par_1_69' title="bbox 568 3489 2159 3564">
     <span class='ocr_line' id='line_1_69' title="bbox 568 3489 2159 3564; baseline 0.003 -20"><span class='ocrx_word' id='word_1_487' title='bbox 568 3489 764 3544; x_wconf 78' lang='lat' dir='ltr'><strong>Pheris</strong></span> <span class='ocrx_word' id='word_1_488' title='bbox 806 3490 1123 3560; x_wconf 74' lang='lat' dir='ltr'><strong>praefectum</strong></span> <span class='ocrx_word' id='word_1_489' title='bbox 1153 3492 1429 3564; x_wconf 84' lang='lat' dir='ltr'><strong>designat.</strong></span> <span class='ocrx_word' id='word_1_490' title='bbox 1455 3498 1523 3547; x_wconf 85' lang='lat' dir='ltr'><strong>et‘</strong></span> <span class='ocrx_word' id='word_1_491' title='bbox 1541 3492 1754 3548; x_wconf 87' lang='lat' dir='ltr'><strong>Cralem</strong></span> <span class='ocrx_word' id='word_1_492' title='bbox 1787 3508 1883 3562; x_wconf 89' lang='lat' dir='ltr'><strong>per</strong></span> <span class='ocrx_word' id='word_1_493' title='bbox 1913 3504 2159 3548; x_wconf 85' lang='lat' dir='ltr'><strong>oratores</strong></span> 
     </span>
    </p>
   </div>
   <div class='ocr_carea' id='block_1_70' title="bbox 568 3582 2159 3657">
    <p class='ocr_par' dir='ltr' id='par_1_70' title="bbox 568 3582 2159 3657">
     <span class='ocr_line' id='line_1_70' title="bbox 568 3582 2159 3657; baseline 0.004 -21"><span class='ocrx_word' id='word_1_494' title='bbox 568 3582 796 3637; x_wconf 65' lang='lat' dir='ltr'><strong>traderis</strong></span> <span class='ocrx_word' id='word_1_495' title='bbox 823 3583 1377 3657; x_wconf 86' lang='lat' dir='ltr'><strong>juramentorumque</strong></span> <span class='ocrx_word' id='word_1_496' title='bbox 1416 3586 1710 3654; x_wconf 86' lang='lat' dir='ltr'><strong>admonet;</strong></span> <span class='ocrx_word' id='word_1_497' title='bbox 1745 3601 1804 3641; x_wconf 83' lang='lat' dir='ltr'><strong>se</strong></span> <span class='ocrx_word' id='word_1_498' title='bbox 1829 3601 1894 3641; x_wconf 88' lang='lat' dir='ltr'><strong>ea</strong></span> <span class='ocrx_word' id='word_1_499' title='bbox 1935 3602 2159 3643; x_wconf 88' lang='lat' dir='ltr'><strong>servare</strong></span> 
     </span>
    </p>
   </div>
   <div class='ocr_carea' id='block_1_71' title="bbox 569 3673 2158 3747">
    <p class='ocr_par' dir='ltr' id='par_1_71' title="bbox 569 3673 2158 3747">
     <span class='ocr_line' id='line_1_71' title="bbox 569 3673 2158 3747; baseline 0.003 -20"><span class='ocrx_word' id='word_1_500' title='bbox 569 3673 753 3736; x_wconf 87' lang='lat' dir='ltr'><strong>docet,</strong></span> <span class='ocrx_word' id='word_1_501' title='bbox 783 3674 901 3744; x_wconf 88' lang='lat' dir='ltr'><strong>ipse</strong></span> <span class='ocrx_word' id='word_1_502' title='bbox 932 3689 1003 3730; x_wconf 90' lang='lat' dir='ltr'><strong>ne</strong></span> <span class='ocrx_word' id='word_1_503' title='bbox 1028 3675 1218 3741; x_wconf 84' lang='lat' dir='ltr'><strong>violet,</strong></span> <span class='ocrx_word' id='word_1_504' title='bbox 1245 3686 1400 3747; x_wconf 84' lang='lat' dir='ltr'><strong>rogat</strong></span> <span class='ocrx_word' id='word_1_505' title='bbox 1434 3696 1449 3731; x_wconf 86' lang='lat'><strong>:</strong></span> <span class='ocrx_word' id='word_1_506' title='bbox 1475 3676 1574 3731; x_wconf 90' lang='lat' dir='ltr'><strong>sed</strong></span> <span class='ocrx_word' id='word_1_507' title='bbox 1597 3692 1628 3731; x_wconf 89' lang='lat' dir='ltr'><strong>a</strong></span> <span class='ocrx_word' id='word_1_508' title='bbox 1660 3676 2017 3732; x_wconf 65' lang='lat' dir='ltr'><strong>Pheraeorum</strong></span> <span class='ocrx_word' id='word_1_509' title='bbox 2044 3677 2158 3747; x_wconf 83' lang='lat' dir='ltr'><strong>jam</strong></span> 
     </span>
    </p>
   </div>
   <div class='ocr_carea' id='block_1_72' title="bbox 569 3762 2159 3838">
    <p class='ocr_par' dir='ltr' id='par_1_72' title="bbox 569 3762 2159 3838">
     <span class='ocr_line' id='line_1_72' title="bbox 569 3762 2159 3838; baseline 0.006 -21"><span class='ocrx_word' id='word_1_510' title='bbox 569 3762 674 3817; x_wconf 83' lang='lat' dir='ltr'><strong>sibi</strong></span> <span class='ocrx_word' id='word_1_511' title='bbox 705 3764 1011 3820; x_wconf 81' lang='lat' dir='ltr'><strong>deditorum</strong></span> <span class='ocrx_word' id='word_1_512' title='bbox 1047 3771 1453 3838; x_wconf 83' lang='lat' dir='ltr'><strong>Oppugnatioue</strong></span> <span class='ocrx_word' id='word_1_513' title='bbox 1498 3771 1735 3835; x_wconf 84' lang='lat' dir='ltr'><strong>dcsinat,</strong></span> <span class='ocrx_word' id='word_1_514' title='bbox 1777 3779 1835 3824; x_wconf 91' lang='lat' dir='ltr'><strong>et</strong></span> <span class='ocrx_word' id='word_1_515' title='bbox 1879 3769 2025 3825; x_wconf 81' lang='lat' dir='ltr'><strong>bello</strong></span> <span class='ocrx_word' id='word_1_516' title='bbox 2072 3780 2159 3826; x_wconf 88' lang='lat' dir='ltr'><strong>at-</strong></span> 
     </span>
    </p>
   </div>
   <div class='ocr_carea' id='block_1_73' title="bbox 569 3856 2159 3932">
    <p class='ocr_par' dir='ltr' id='par_1_73' title="bbox 569 3856 2159 3932">
     <span class='ocr_line' id='line_1_73' title="bbox 569 3856 2159 3932; baseline 0.006 -24"><span class='ocrx_word' id='word_1_517' title='bbox 569 3856 831 3923; x_wconf 89' lang='lat' dir='ltr'><strong>tenuatis,</strong></span> <span class='ocrx_word' id='word_1_518' title='bbox 856 3872 954 3927; x_wconf 90' lang='lat' dir='ltr'><strong>pro</strong></span> <span class='ocrx_word' id='word_1_519' title='bbox 985 3873 1050 3914; x_wconf 91' lang='lat' dir='ltr'><strong>eo</strong></span> <span class='ocrx_word' id='word_1_520' title='bbox 1077 3874 1144 3913; x_wconf 83' lang='lat' dir='ltr'><strong>ac</strong></span> <span class='ocrx_word' id='word_1_521' title='bbox 1171 3861 1367 3930; x_wconf 82' lang='lat' dir='ltr'><strong>possit,</strong></span> <span class='ocrx_word' id='word_1_522' title='bbox 1397 3862 1698 3932; x_wconf 85' lang='lat' dir='ltr'><strong>opituletur</strong></span> <span class='ocrx_word' id='word_1_523' title='bbox 1728 3879 1741 3915; x_wconf 88' lang='lat'><strong>:</strong></span> <span class='ocrx_word' id='word_1_524' title='bbox 1775 3861 2039 3917; x_wconf 62' lang='lat' dir='ltr'><strong>Pheraeos</strong></span> <span class='ocrx_word' id='word_1_525' title='bbox 2060 3877 2159 3932; x_wconf 90' lang='lat' dir='ltr'><strong>spe</strong></span> 
     </span>
    </p>
   </div>
   <div class='ocr_carea' id='block_1_74' title="bbox 571 3948 2161 4021">
    <p class='ocr_par' dir='ltr' id='par_1_74' title="bbox 571 3948 2161 4021">
     <span class='ocr_line' id='line_1_74' title="bbox 571 3948 2161 4021; baseline 0.005 -20"><span class='ocrx_word' id='word_1_526' title='bbox 571 3948 715 4002; x_wconf 86' lang='lat' dir='ltr'><strong>bona</strong></span> <span class='ocrx_word' id='word_1_527' title='bbox 758 3950 969 4019; x_wconf 83' lang='lat' dir='ltr'><strong>implet,</strong></span> <span class='ocrx_word' id='word_1_528' title='bbox 1013 3952 1144 4007; x_wconf 88' lang='lat' dir='ltr'><strong>dum</strong></span> <span class='ocrx_word' id='word_1_529' title='bbox 1196 3968 1258 4008; x_wconf 90' lang='lat' dir='ltr'><strong>se</strong></span> <span class='ocrx_word' id='word_1_530' title='bbox 1306 3954 1463 4008; x_wconf 85' lang='lat' dir='ltr'><strong>brevi</strong></span> <span class='ocrx_word' id='word_1_531' title='bbox 1501 3956 1570 4008; x_wconf 89' lang='lat' dir='ltr'><strong>ad</strong></span> <span class='ocrx_word' id='word_1_532' title='bbox 1620 3969 1716 4010; x_wconf 90' lang='lat' dir='ltr'><strong>eos</strong></span> <span class='ocrx_word' id='word_1_533' title='bbox 1758 3964 2073 4021; x_wconf 89' lang='lat' dir='ltr'><strong>venturum,</strong></span> <span class='ocrx_word' id='word_1_534' title='bbox 2105 3962 2161 4009; x_wconf 87' lang='lat' dir='ltr'><strong>et</strong></span> 
     </span>
    </p>
   </div>
   <div class='ocr_carea' id='block_1_75' title="bbox 569 4045 2161 4118">
    <p class='ocr_par' dir='ltr' id='par_1_75' title="bbox 569 4045 2161 4118">
     <span class='ocr_line' id='line_1_75' title="bbox 569 4045 2161 4118; baseline 0.003 -22"><span class='ocrx_word' id='word_1_535' title='bbox 569 4051 843 4110; x_wconf 86' lang='lat' dir='ltr'><strong>quatenus</strong></span> <span class='ocrx_word' id='word_1_536' title='bbox 874 4045 1195 4117; x_wconf 85' lang='lat' dir='ltr'><strong>indigeant,</strong></span> <span class='ocrx_word' id='word_1_537' title='bbox 1242 4047 1311 4102; x_wconf 90' lang='lat' dir='ltr'><strong>iis</strong></span> <span class='ocrx_word' id='word_1_538' title='bbox 1348 4048 1730 4103; x_wconf 89' lang='lat' dir='ltr'><strong>consulturum</strong></span> <span class='ocrx_word' id='word_1_539' title='bbox 1778 4048 2032 4118; x_wconf 84' lang='lat' dir='ltr'><strong>spondet.</strong></span> <span class='ocrx_word' id='word_1_540' title='bbox 2063 4050 2161 4102; x_wconf 82' lang='lat' dir='ltr'><strong>At-</strong></span> 
     </span>
    </p>
   </div>
   <div class='ocr_carea' id='block_1_76' title="bbox 569 4142 2158 4214">
    <p class='ocr_par' dir='ltr' id='par_1_76' title="bbox 569 4142 2158 4214">
     <span class='ocr_line' id='line_1_76' title="bbox 569 4142 2158 4214; baseline 0.005 -23"><span class='ocrx_word' id='word_1_541' title='bbox 569 4153 676 4207; x_wconf 90' lang='lat' dir='ltr'><strong>que</strong></span> <span class='ocrx_word' id='word_1_542' title='bbox 714 4154 837 4193; x_wconf 91' lang='lat' dir='ltr'><strong>cum</strong></span> <span class='ocrx_word' id='word_1_543' title='bbox 890 4142 994 4195; x_wconf 89' lang='lat' dir='ltr'><strong>hac</strong></span> <span class='ocrx_word' id='word_1_544' title='bbox 1042 4144 1342 4213; x_wconf 88' lang='lat' dir='ltr'><strong>sponsione</strong></span> <span class='ocrx_word' id='word_1_545' title='bbox 1382 4152 1438 4198; x_wconf 90' lang='lat' dir='ltr'><strong>et</strong></span> <span class='ocrx_word' id='word_1_546' title='bbox 1485 4144 1605 4197; x_wconf 90' lang='lat' dir='ltr'><strong>illos</strong></span> <span class='ocrx_word' id='word_1_547' title='bbox 1648 4143 1858 4214; x_wconf 77' lang='lat' dir='ltr'><strong>legatos</strong></span> <span class='ocrx_word' id='word_1_548' title='bbox 1905 4142 2158 4199; x_wconf 85' lang='lat' dir='ltr'><strong>dimittit.</strong></span> 
     </span>
    </p>
   </div>
   <div class='ocr_carea' id='block_1_77' title="bbox 569 4228 2159 4306">
    <p class='ocr_par' dir='ltr' id='par_1_77' title="bbox 569 4228 2159 4306">
     <span class='ocr_line' id='line_1_77' title="bbox 569 4228 2159 4306; baseline 0.004 -24"><span class='ocrx_word' id='word_1_549' title='bbox 569 4228 851 4286; x_wconf 80' lang='lat' dir='ltr'><strong>Momitzili</strong></span> <span class='ocrx_word' id='word_1_550' title='bbox 869 4244 1050 4287; x_wconf 81' lang='lat' dir='ltr'><strong>autem</strong></span> <span class='ocrx_word' id='word_1_551' title='bbox 1067 4234 1270 4288; x_wconf 88' lang='lat' dir='ltr'><strong>milites</strong></span> <span class='ocrx_word' id='word_1_552' title='bbox 1287 4234 1616 4291; x_wconf 83' lang='lat' dir='ltr'><strong>abeuntibus</strong></span> <span class='ocrx_word' id='word_1_553' title='bbox 1632 4246 2009 4301; x_wconf 88' lang='lat' dir='ltr'><strong>occurrentes,</strong></span> <span class='ocrx_word' id='word_1_554' title='bbox 2033 4251 2159 4306; x_wconf 88' lang='lat' dir='ltr'><strong>par-</strong></span> 
     </span>
    </p>
   </div>
   <div class='ocr_carea' id='block_1_78' title="bbox 570 4328 2160 4397">
    <p class='ocr_par' dir='ltr' id='par_1_78' title="bbox 570 4328 2160 4397">
     <span class='ocr_line' id='line_1_78' title="bbox 570 4328 2160 4397; baseline 0.003 -19"><span class='ocrx_word' id='word_1_555' title='bbox 570 4333 680 4379; x_wconf 89' lang='lat' dir='ltr'><strong>tem</strong></span> <span class='ocrx_word' id='word_1_556' title='bbox 709 4340 903 4378; x_wconf 85' lang='lat' dir='ltr'><strong>corum</strong></span> <span class='ocrx_word' id='word_1_557' title='bbox 940 4337 1223 4395; x_wconf 86' lang='lat' dir='ltr'><strong>ceperunt,</strong></span> <span class='ocrx_word' id='word_1_558' title='bbox 1251 4342 1317 4381; x_wconf 89' lang='lat' dir='ltr'><strong>ac</strong></span> <span class='ocrx_word' id='word_1_559' title='bbox 1351 4328 1514 4383; x_wconf 88' lang='lat' dir='ltr'><strong>rebus</strong></span> <span class='ocrx_word' id='word_1_560' title='bbox 1542 4328 1734 4383; x_wconf 84' lang='lat' dir='ltr'><strong>ablatis</strong></span> <span class='ocrx_word' id='word_1_561' title='bbox 1761 4335 1951 4397; x_wconf 84' lang='lat' dir='ltr'><strong>postea</strong></span> <span class='ocrx_word' id='word_1_562' title='bbox 1981 4330 2160 4383; x_wconf 89' lang='lat' dir='ltr'><strong>nudos</strong></span> 
     </span>
    </p>
   </div>
   <div class='ocr_carea' id='block_1_79' title="bbox 2261 3206 3778 3291">
    <p class='ocr_par' dir='ltr' id='par_1_79' title="bbox 2261 3206 3778 3291">
     <span class='ocr_line' id='line_1_79' title="bbox 2261 3206 3778 3291; baseline -0.011 -15"><span class='ocrx_word' id='word_1_563' title='bbox 2261 3222 2653 3291; x_wconf 77' lang='grc' dir='ltr'>ἀπαγγέλλειν,</span> <span class='ocrx_word' id='word_1_564' title='bbox 2689 3220 2878 3291; x_wconf 71' lang='grc' dir='ltr'>ὥσπερ</span> <span class='ocrx_word' id='word_1_565' title='bbox 2912 3220 3077 3273; x_wconf 85' lang='grc' dir='ltr'>είωθα</span> <span class='ocrx_word' id='word_1_566' title='bbox 3110 3220 3205 3272; x_wconf 70' lang='grc' dir='ltr'>καὶ</span> <span class='ocrx_word' id='word_1_567' title='bbox 3239 3219 3506 3288; x_wconf 76' lang='grc' dir='ltr'>πρότερον</span> <span class='ocrx_word' id='word_1_568' title='bbox 3539 3213 3704 3267; x_wconf 83' lang='grc' dir='ltr'>ποιεῖν.</span> <span class='ocrx_word' id='word_1_569' title='bbox 3731 3206 3778 3260; x_wconf 77' lang='grc' dir='ltr'><strong>ΕΙ</strong></span> 
     </span>
    </p>
   </div>
   <div class='ocr_carea' id='block_1_80' title="bbox 2266 3309 3784 3383">
    <p class='ocr_par' dir='ltr' id='par_1_80' title="bbox 2266 3309 3784 3383">
     <span class='ocr_line' id='line_1_80' title="bbox 2266 3309 3784 3383; baseline -0.007 -16"><span class='ocrx_word' id='word_1_570' title='bbox 2266 3314 2365 3383; x_wconf 82' lang='grc' dir='ltr'>μὲν</span> <span class='ocrx_word' id='word_1_571' title='bbox 2402 3309 2496 3366; x_wconf 77' lang='grc' dir='ltr'>οὖν</span> <span class='ocrx_word' id='word_1_572' title='bbox 2533 3311 2639 3365; x_wconf 77' lang='grc' dir='ltr'><strong>ὑπὸ</strong></span> <span class='ocrx_word' id='word_1_573' title='bbox 2673 3312 2783 3365; x_wconf 84' lang='grc' dir='ltr'>τῶν</span> <span class='ocrx_word' id='word_1_574' title='bbox 2822 3313 3101 3383; x_wconf 82' lang='grc' dir='ltr'>ἀρχόντων</span> <span class='ocrx_word' id='word_1_575' title='bbox 3132 3309 3292 3363; x_wconf 88' lang='grc' dir='ltr'>τοῦτο</span> <span class='ocrx_word' id='word_1_576' title='bbox 3333 3312 3586 3380; x_wconf 86' lang='grc' dir='ltr'>πράττειν</span> <span class='ocrx_word' id='word_1_577' title='bbox 3616 3315 3784 3370; x_wconf 82' lang='grc' dir='ltr'>συγχω-</span> 
     </span>
    </p>
   </div>
   <div class='ocr_carea' id='block_1_81' title="bbox 2263 3391 3780 3477">
    <p class='ocr_par' dir='ltr' id='par_1_81' title="bbox 2263 3391 3780 3477">
     <span class='ocr_line' id='line_1_81' title="bbox 2263 3391 3780 3477; baseline -0.024 0"><span class='ocrx_word' id='word_1_578' title='bbox 2263 3406 2428 3477; x_wconf 69' lang='grc' dir='ltr'>ρηθῇ.</span> <span class='ocrx_word' id='word_1_579' title='bbox 2471 3403 2696 3475; x_wconf 71' lang='grc' dir='ltr'>εὔδηλον</span> <span class='ocrx_word' id='word_1_580' title='bbox 2738 3404 2815 3467; x_wconf 80' lang='grc' dir='ltr'><strong>ὡς</strong></span> <span class='ocrx_word' id='word_1_581' title='bbox 2857 3404 3064 3469; x_wconf 72' lang='grc' dir='ltr'>ἔξεστιν</span> <span class='ocrx_word' id='word_1_582' title='bbox 3107 3403 3245 3475; x_wconf 74' lang='grc' dir='ltr'>αὐτῇ</span> <span class='ocrx_word' id='word_1_583' title='bbox 3287 3404 3546 3473; x_wconf 85' lang='grc' dir='ltr'>πράττειν</span> <span class='ocrx_word' id='word_1_584' title='bbox 3582 3399 3699 3453; x_wconf 73' lang='grc' dir='ltr'>ἅττα</span> <span class='ocrx_word' id='word_1_585' title='bbox 3732 3391 3780 3443; x_wconf 81' lang='grc' dir='ltr'>ἂν</span> 
     </span>
    </p>
   </div>
   <div class='ocr_carea' id='block_1_82' title="bbox 2261 3490 3782 3572">
    <p class='ocr_par' dir='ltr' id='par_1_82' title="bbox 2261 3490 3782 3572">
     <span class='ocr_line' id='line_1_82' title="bbox 2261 3490 3782 3572; baseline -0.008 -19"><span class='ocrx_word' id='word_1_586' title='bbox 2261 3500 2421 3572; x_wconf 75' lang='grc' dir='ltr'>ἐθέλῃ</span> <span class='ocrx_word' id='word_1_587' title='bbox 2450 3515 2465 3531; x_wconf 76' lang='grc' dir='ltr'><strong>ο</strong></span> <span class='ocrx_word' id='word_1_588' title='bbox 2493 3501 2561 3554; x_wconf 83' lang='grc' dir='ltr'>ἂν</span> <span class='ocrx_word' id='word_1_589' title='bbox 2587 3498 2633 3553; x_wconf 86' lang='grc' dir='ltr'>δ’</span> <span class='ocrx_word' id='word_1_590' title='bbox 2655 3498 2752 3570; x_wconf 69' lang='grc' dir='ltr'><strong>,ἐπ’</strong></span> <span class='ocrx_word' id='word_1_591' title='bbox 2776 3500 2954 3554; x_wconf 80' lang='grc' dir='ltr'>αὐτῶν</span> <span class='ocrx_word' id='word_1_592' title='bbox 2986 3496 3250 3552; x_wconf 85' lang='grc' dir='ltr'>κελεύωσι</span> <span class='ocrx_word' id='word_1_593' title='bbox 3280 3496 3410 3560; x_wconf 76' lang='grc' dir='ltr'>τοὺς</span> <span class='ocrx_word' id='word_1_594' title='bbox 3439 3495 3616 3562; x_wconf 85' lang='grc' dir='ltr'>λόγους</span> <span class='ocrx_word' id='word_1_595' title='bbox 3642 3490 3782 3572; x_wconf 59' lang='grc' dir='ltr'>άπαγς</span> 
     </span>
    </p>
   </div>
   <div class='ocr_carea' id='block_1_83' title="bbox 2261 3571 3782 3663">
    <p class='ocr_par' dir='ltr' id='par_1_83' title="bbox 2261 3571 3782 3663">
     <span class='ocr_line' id='line_1_83' title="bbox 2261 3571 3782 3663; baseline -0.009 -13"><span class='ocrx_word' id='word_1_596' title='bbox 2261 3571 2493 3662; x_wconf 84' lang='grc' dir='ltr'>γέλλειν,</span> <span class='ocrx_word' id='word_1_597' title='bbox 2514 3592 2784 3663; x_wconf 84' lang='grc' dir='ltr'>μηδεμίαν</span> <span class='ocrx_word' id='word_1_598' title='bbox 2805 3591 2891 3645; x_wconf 63' lang='grc' dir='ltr'><strong>ἑτέ</strong></span> <span class='ocrx_word' id='word_1_599' title='bbox 2901 3606 3000 3661; x_wconf 89' lang='grc' dir='ltr'><strong>ραν</strong></span> <span class='ocrx_word' id='word_1_600' title='bbox 3020 3586 3291 3652; x_wconf 75' lang='grc' dir='ltr'>ἀπόδειξιν</span> <span class='ocrx_word' id='word_1_601' title='bbox 3313 3586 3492 3656; x_wconf 81' lang='grc' dir='ltr'>ζητεῖν</span> <span class='ocrx_word' id='word_1_602' title='bbox 3512 3582 3597 3635; x_wconf 89' lang='grc' dir='ltr'><strong>τοῦ</strong></span> <span class='ocrx_word' id='word_1_603' title='bbox 3615 3571 3782 3644; x_wconf 72' lang='grc' dir='ltr'>τάληθῆ</span> 
     </span>
    </p>
   </div>
   <div class='ocr_carea' id='block_1_84' title="bbox 2262 3672 3782 3758">
    <p class='ocr_par' dir='ltr' id='par_1_84' title="bbox 2262 3672 3782 3758">
     <span class='ocr_line' id='line_1_84' title="bbox 2262 3672 3782 3758; baseline -0.014 -17"><span class='ocrx_word' id='word_1_604' title='bbox 2262 3687 2395 3758; x_wconf 77' lang='grc' dir='ltr'>περὶ</span> <span class='ocrx_word' id='word_1_605' title='bbox 2425 3685 2599 3755; x_wconf 81' lang='grc' dir='ltr'>αὐτῆς</span> <span class='ocrx_word' id='word_1_606' title='bbox 2630 3683 2904 3755; x_wconf 83' lang='grc' dir='ltr'>εἰρῆσθαι.</span> <span class='ocrx_word' id='word_1_607' title='bbox 2937 3678 3173 3736; x_wconf 63' lang='grc' dir='ltr'>Τοιαῦτα</span> <span class='ocrx_word' id='word_1_608' title='bbox 3206 3676 3397 3741; x_wconf 80' lang='grc' dir='ltr'>εἰπὼν,</span> <span class='ocrx_word' id='word_1_609' title='bbox 3430 3672 3782 3737; x_wconf 72' lang='grc' dir='ltr'>συνεξέπεμπεν</span> 
     </span>
    </p>
   </div>
   <div class='ocr_carea' id='block_1_85' title="bbox 2261 3765 3786 3847">
    <p class='ocr_par' dir='ltr' id='par_1_85' title="bbox 2261 3765 3786 3847">
     <span class='ocr_line' id='line_1_85' title="bbox 2261 3765 3786 3847; baseline -0.005 -13"><span class='ocrx_word' id='word_1_610' title='bbox 2261 3781 2447 3844; x_wconf 87' lang='grc' dir='ltr'>αὐτοῖς</span> <span class='ocrx_word' id='word_1_611' title='bbox 2471 3779 2589 3847; x_wconf 75' lang='grc' dir='ltr'>ἅμα</span> <span class='ocrx_word' id='word_1_612' title='bbox 2614 3779 2710 3831; x_wconf 78' lang='grc' dir='ltr'>καὶ</span> <span class='ocrx_word' id='word_1_613' title='bbox 2733 3776 2824 3830; x_wconf 79' lang='grc' dir='ltr'>τὸν</span> <span class='ocrx_word' id='word_1_614' title='bbox 2847 3774 3265 3847; x_wconf 80' lang='grc' dir='ltr'>Χρυσοὸἑργην,</span> <span class='ocrx_word' id='word_1_615' title='bbox 3288 3765 3663 3823; x_wconf 82' lang='grc' dir='ltr'>πεντεκαίδεκα</span> <span class='ocrx_word' id='word_1_616' title='bbox 3682 3768 3786 3847; x_wconf 53' lang='grc' dir='ltr'><strong>πρθξ</strong></span> 
     </span>
    </p>
   </div>
   <div class='ocr_carea' id='block_1_86' title="bbox 2263 3844 3782 3943">
    <p class='ocr_par' dir='ltr' id='par_1_86' title="bbox 2263 3844 3782 3943">
     <span class='ocr_line' id='line_1_86' title="bbox 2263 3844 3782 3943; baseline -0.018 -16"><span class='ocrx_word' id='word_1_617' title='bbox 2263 3844 2755 3943; x_wconf 36' lang='grc' dir='ltr'>θεσμίαν-ήμερῶν</span> <span class='ocrx_word' id='word_1_618' title='bbox 2790 3844 2929 3938; x_wconf 77' lang='grc' dir='ltr'>πρὸς</span> <span class='ocrx_word' id='word_1_619' title='bbox 2960 3865 3246 3934; x_wconf 80' lang='grc' dir='ltr'>διάσκεψιν</span> <span class='ocrx_word' id='word_1_620' title='bbox 3275 3860 3469 3923; x_wconf 83' lang='grc' dir='ltr'>διδούς.</span> <span class='ocrx_word' id='word_1_621' title='bbox 3507 3856 3714 3911; x_wconf 80' lang='grc' dir='ltr'>Ἐκεῖνος</span> <span class='ocrx_word' id='word_1_622' title='bbox 3741 3844 3782 3897; x_wconf 73' lang='grc' dir='ltr'>δὲ</span> 
     </span>
    </p>
   </div>
   <div class='ocr_carea' id='block_1_87' title="bbox 2259 3948 3781 4042">
    <p class='ocr_par' dir='ltr' id='par_1_87' title="bbox 2259 3948 3781 4042">
     <span class='ocr_line' id='line_1_87' title="bbox 2259 3948 3781 4042; baseline -0.018 -20"><span class='ocrx_word' id='word_1_623' title='bbox 2259 3967 2508 4038; x_wconf 71' lang='grc' dir='ltr'>Φεραίοις</span> <span class='ocrx_word' id='word_1_624' title='bbox 2537 3982 2598 4018; x_wconf 89' lang='grc' dir='ltr'><strong>τε</strong></span> <span class='ocrx_word' id='word_1_625' title='bbox 2629 3965 2866 4034; x_wconf 84' lang='grc' dir='ltr'>ἄρχοντα</span> <span class='ocrx_word' id='word_1_626' title='bbox 2896 3962 3091 4031; x_wconf 79' lang='grc' dir='ltr'>ἐφίστη</span> <span class='ocrx_word' id='word_1_627' title='bbox 3119 3999 3136 4026; x_wconf 93' lang='grc'><strong>,</strong></span> <span class='ocrx_word' id='word_1_628' title='bbox 3169 3957 3265 4012; x_wconf 72' lang='grc' dir='ltr'>καὶ</span> <span class='ocrx_word' id='word_1_629' title='bbox 3294 3952 3585 4027; x_wconf 70' lang='grc' dir='ltr'>πρεσβείαν</span> <span class='ocrx_word' id='word_1_630' title='bbox 3608 3948 3781 4042; x_wconf 47' lang='grc' dir='ltr'>ἔπεμπε</span> 
     </span>
    </p>
   </div>
   <div class='ocr_carea' id='block_1_88' title="bbox 2262 4040 3782 4131">
    <p class='ocr_par' dir='ltr' id='par_1_88' title="bbox 2262 4040 3782 4131">
     <span class='ocr_line' id='line_1_88' title="bbox 2262 4040 3782 4131; baseline -0.026 -4"><span class='ocrx_word' id='word_1_631' title='bbox 2262 4060 2401 4131; x_wconf 79' lang='grc' dir='ltr'>πρὸς</span> <span class='ocrx_word' id='word_1_632' title='bbox 2431 4059 2658 4129; x_wconf 80' lang='grc' dir='ltr'>Κράλην</span> <span class='ocrx_word' id='word_1_633' title='bbox 2675 4057 2818 4124; x_wconf 56' lang='grc' dir='ltr'>[καὶ</span> <span class='ocrx_word' id='word_1_634' title='bbox 2848 4053 3237 4124; x_wconf 76' lang='grc' dir='ltr'>ὑπεμίμνησκε</span> <span class='ocrx_word' id='word_1_635' title='bbox 3265 4049 3374 4102; x_wconf 85' lang='grc' dir='ltr'><strong>τῶν</strong></span> <span class='ocrx_word' id='word_1_636' title='bbox 3401 4048 3572 4117; x_wconf 85' lang='grc' dir='ltr'>ὅρκων</span> <span class='ocrx_word' id='word_1_637' title='bbox 3595 4040 3678 4131; x_wconf 61' lang='grc' dir='ltr'><strong>και</strong></span> <span class='ocrx_word' id='word_1_638' title='bbox 3699 4040 3782 4131; x_wconf 49' lang='grc' dir='ltr'><strong>ταν</strong></span> 
     </span>
    </p>
   </div>
   <div class='ocr_carea' id='block_1_89' title="bbox 2263 4125 3780 4224">
    <p class='ocr_par' dir='ltr' id='par_1_89' title="bbox 2263 4125 3780 4224">
     <span class='ocr_line' id='line_1_89' title="bbox 2263 4125 3780 4224; baseline -0.017 -15"><span class='ocrx_word' id='word_1_639' title='bbox 2263 4125 2551 4224; x_wconf 68' lang='grc' dir='ltr'>σύνθηκῶν</span> <span class='ocrx_word' id='word_1_640' title='bbox 2571 4125 2680 4204; x_wconf 77' lang='grc' dir='ltr'>τῶν</span> <span class='ocrx_word' id='word_1_641' title='bbox 2703 4148 2839 4219; x_wconf 77' lang='grc' dir='ltr'>πρὸς</span> <span class='ocrx_word' id='word_1_642' title='bbox 2862 4146 3048 4201; x_wconf 83' lang='grc' dir='ltr'>αὐτόν.</span> <span class='ocrx_word' id='word_1_643' title='bbox 3074 4138 3171 4206; x_wconf 78' lang='grc' dir='ltr'>Οἷς</span> <span class='ocrx_word' id='word_1_644' title='bbox 3194 4142 3359 4205; x_wconf 80' lang='grc' dir='ltr'>αὐτὸς</span> <span class='ocrx_word' id='word_1_645' title='bbox 3382 4138 3642 4209; x_wconf 72' lang='grc' dir='ltr'>ἐμμένων,</span> <span class='ocrx_word' id='word_1_646' title='bbox 3664 4125 3780 4224; x_wconf 48' lang='lat' dir='ltr'><strong>ﬁla?</strong></span> 
     </span>
    </p>
   </div>
   <div class='ocr_carea' id='block_1_90' title="bbox 2262 4223 3782 4314">
    <p class='ocr_par' dir='ltr' id='par_1_90' title="bbox 2262 4223 3782 4314">
     <span class='ocr_line' id='line_1_90' title="bbox 2262 4223 3782 4314; baseline -0.01 -16"><span class='ocrx_word' id='word_1_647' title='bbox 2262 4223 2512 4299; x_wconf 84' lang='grc' dir='ltr'>κάκεῖνον</span> <span class='ocrx_word' id='word_1_648' title='bbox 2537 4243 2611 4314; x_wconf 81' lang='grc' dir='ltr'>μὴ</span> <span class='ocrx_word' id='word_1_649' title='bbox 2632 4241 2894 4304; x_wconf 80' lang='grc' dir='ltr'>διαλύειν,</span> <span class='ocrx_word' id='word_1_650' title='bbox 2918 4238 3037 4292; x_wconf 87' lang='grc' dir='ltr'>ἀλλ’</span> <span class='ocrx_word' id='word_1_651' title='bbox 3050 4237 3384 4306; x_wconf 81' lang='grc' dir='ltr'>ἀφίστασθαι</span> <span class='ocrx_word' id='word_1_652' title='bbox 3425 4230 3649 4302; x_wconf 78' lang='grc' dir='ltr'>Φεραίων</span> <span class='ocrx_word' id='word_1_653' title='bbox 3666 4223 3782 4314; x_wconf 61' lang='grc' dir='ltr'><strong>αθτῴ</strong></span> 
     </span>
    </p>
   </div>
   <div class='ocr_carea' id='block_1_91' title="bbox 2261 4312 3782 4407">
    <p class='ocr_par' dir='ltr' id='par_1_91' title="bbox 2261 4312 3782 4407">
     <span class='ocr_line' id='line_1_91' title="bbox 2261 4312 3782 4407; baseline -0.015 -18"><span class='ocrx_word' id='word_1_654' title='bbox 2261 4312 2804 4407; x_wconf 82' lang='grc' dir='ltr'>προσχωρησάντων,</span> <span class='ocrx_word' id='word_1_655' title='bbox 2835 4330 2930 4383; x_wconf 75' lang='grc' dir='ltr'>καὶ</span> <span class='ocrx_word' id='word_1_656' title='bbox 2965 4331 3103 4399; x_wconf 83' lang='grc' dir='ltr'>μήτε</span> <span class='ocrx_word' id='word_1_657' title='bbox 3133 4328 3421 4397; x_wconf 83' lang='grc' dir='ltr'>πολεμεῖν,</span> <span class='ocrx_word' id='word_1_658' title='bbox 3450 4323 3579 4379; x_wconf 86' lang='grc' dir='ltr'><strong>άλλά</strong></span> <span class='ocrx_word' id='word_1_659' title='bbox 3604 4317 3686 4372; x_wconf 73' lang='grc' dir='ltr'>καὶ</span> <span class='ocrx_word' id='word_1_660' title='bbox 3706 4312 3782 4407; x_wconf 47' lang='grc' dir='ltr'><strong>ὅτι</strong></span> 
     </span>
    </p>
   </div>
   <div class='ocr_carea' id='block_1_92' title="bbox 569 4400 2157 4518">
    <p class='ocr_par' dir='ltr' id='par_1_92' title="bbox 569 4418 2157 4491">
     <span class='ocr_line' id='line_1_92' title="bbox 569 4418 2157 4491; baseline 0.003 -20"><span class='ocrx_word' id='word_1_661' title='bbox 569 4418 943 4473; x_wconf 83' lang='lat' dir='ltr'><strong>dimiserunt:</strong></span> <span class='ocrx_word' id='word_1_662' title='bbox 977 4434 1104 4489; x_wconf 86' lang='lat' dir='ltr'><strong>pars</strong></span> <span class='ocrx_word' id='word_1_663' title='bbox 1153 4420 1325 4475; x_wconf 87' lang='lat' dir='ltr'><strong>altera</strong></span> <span class='ocrx_word' id='word_1_664' title='bbox 1370 4420 1626 4477; x_wconf 87' lang='lat' dir='ltr'><strong>omnibus</strong></span> <span class='ocrx_word' id='word_1_665' title='bbox 1672 4421 1881 4478; x_wconf 88' lang='lat' dir='ltr'><strong>relictis</strong></span> <span class='ocrx_word' id='word_1_666' title='bbox 1923 4420 2157 4491; x_wconf 84' lang='lat' dir='ltr'><strong>impedi-</strong></span> 
     </span>
    </p>
   </div>
   <div class='ocr_carea' id='block_1_93' title="bbox 2259 4400 3783 4518">
    <p class='ocr_par' dir='ltr' id='par_1_93' title="bbox 2259 4400 3783 4518">
     <span class='ocr_line' id='line_1_93' title="bbox 2259 4400 3783 4518; baseline -0.014 -35"><span class='ocrx_word' id='word_1_667' title='bbox 2259 4400 2465 4483; x_wconf 76' lang='grc' dir='ltr'>δυνατά</span> <span class='ocrx_word' id='word_1_668' title='bbox 2490 4400 2867 4496; x_wconf 68' lang='grc' dir='ltr'><strong>⁷συναίρεσθαι</strong></span> <span class='ocrx_word' id='word_1_669' title='bbox 2916 4421 3090 4476; x_wconf 87' lang='grc' dir='ltr'>πολλά</span> <span class='ocrx_word' id='word_1_670' title='bbox 3136 4412 3540 4490; x_wconf 73' lang='grc' dir='ltr'>κεκακωμένοις</span> <span class='ocrx_word' id='word_1_671' title='bbox 3566 4409 3677 4518; x_wconf 56' lang='lat' dir='ltr'><strong>utin?)</strong></span> <span class='ocrx_word' id='word_1_672' title='bbox 3712 4400 3783 4457; x_wconf 70' lang='grc' dir='ltr'><strong>τοῦ</strong></span> 
     </span>
    </p>
   </div>
   <div class='ocr_carea' id='block_1_94' title="bbox 571 4503 2157 4590">
    <p class='ocr_par' dir='ltr' id='par_1_94' title="bbox 571 4510 2156 4584">
     <span class='ocr_line' id='line_1_94' title="bbox 571 4510 2156 4584; baseline 0.001 -21"><span class='ocrx_word' id='word_1_673' title='bbox 571 4510 790 4573; x_wconf 82' lang='lat' dir='ltr'><strong>nu-ntis,</strong></span> <span class='ocrx_word' id='word_1_674' title='bbox 821 4527 946 4565; x_wconf 90' lang='lat' dir='ltr'><strong>cum</strong></span> <span class='ocrx_word' id='word_1_675' title='bbox 976 4512 1063 4565; x_wconf 84' lang='lat' dir='ltr'><strong>vix</strong></span> <span class='ocrx_word' id='word_1_676' title='bbox 1087 4512 1393 4584; x_wconf 76' lang='lat' dir='ltr'><strong>ell&#39;ugisset,</strong></span> <span class='ocrx_word' id='word_1_677' title='bbox 1424 4514 1490 4567; x_wconf 90' lang='lat' dir='ltr'><strong>ad</strong></span> <span class='ocrx_word' id='word_1_678' title='bbox 1515 4515 1902 4581; x_wconf 86' lang='lat' dir='ltr'><strong>imperatorem</strong></span> <span class='ocrx_word' id='word_1_679' title='bbox 1938 4527 2156 4569; x_wconf 72' lang='lat' dir='ltr'><strong>rerersa</strong></span> 
     </span>
    </p>
   </div>
   <div class='ocr_carea' id='block_1_95' title="bbox 2259 4503 3785 4590">
    <p class='ocr_par' dir='ltr' id='par_1_95' title="bbox 2263 4503 3785 4590">
     <span class='ocr_line' id='line_1_95' title="bbox 2263 4503 3785 4590; baseline -0.014 -18"><span class='ocrx_word' id='word_1_680' title='bbox 2263 4519 2503 4590; x_wconf 86' lang='grc' dir='ltr'>πολέμου</span> <span class='ocrx_word' id='word_1_681' title='bbox 2524 4534 2539 4550; x_wconf 90' lang='grc'>·</span> <span class='ocrx_word' id='word_1_682' title='bbox 2574 4518 2756 4580; x_wconf 84' lang='grc' dir='ltr'>αὐτοῖς</span> <span class='ocrx_word' id='word_1_683' title='bbox 2788 4532 2848 4568; x_wconf 91' lang='grc' dir='ltr'><strong>τε</strong></span> <span class='ocrx_word' id='word_1_684' title='bbox 2881 4512 3133 4583; x_wconf 77' lang='grc' dir='ltr'>Φεραίοις</span> <span class='ocrx_word' id='word_1_685' title='bbox 3166 4510 3388 4573; x_wconf 72' lang='grc' dir='ltr'>ἐλπίδας</span> <span class='ocrx_word' id='word_1_686' title='bbox 3422 4503 3653 4561; x_wconf 82' lang='grc' dir='ltr'>ὑπετίθει</span> <span class='ocrx_word' id='word_1_687' title='bbox 3679 4509 3785 4590; x_wconf 45' lang='lat' dir='ltr'><strong>xm:</strong></span> 
     </span>
    </p>
   </div>
   <div class='ocr_carea' id='block_1_96' title="bbox 568 4603 2155 4674">
    <p class='ocr_par' dir='ltr' id='par_1_96' title="bbox 568 4603 2155 4674">
     <span class='ocr_line' id='line_1_96' title="bbox 568 4603 2155 4674; baseline 0.001 -18"><span class='ocrx_word' id='word_1_688' title='bbox 568 4612 673 4656; x_wconf 86' lang='lat' dir='ltr'><strong>est.</strong></span> <span class='ocrx_word' id='word_1_689' title='bbox 698 4603 867 4672; x_wconf 77' lang='lat'><strong>616</strong></span> <span class='ocrx_word' id='word_1_690' title='bbox 900 4604 1004 4668; x_wconf 71' lang='lat' dir='ltr'><strong>Qui</strong></span> <span class='ocrx_word' id='word_1_691' title='bbox 1034 4605 1296 4674; x_wconf 86' lang='lat' dir='ltr'><strong>majorem</strong></span> <span class='ocrx_word' id='word_1_692' title='bbox 1332 4607 1388 4659; x_wconf 91' lang='lat' dir='ltr'><strong>in</strong></span> <span class='ocrx_word' id='word_1_693' title='bbox 1425 4605 1645 4660; x_wconf 86' lang='lat' dir='ltr'><strong>modum</strong></span> <span class='ocrx_word' id='word_1_694' title='bbox 1680 4606 1927 4659; x_wconf 89' lang='lat' dir='ltr'><strong>irascens</strong></span> <span class='ocrx_word' id='word_1_695' title='bbox 1952 4642 1968 4670; x_wconf 92' lang='lat'><strong>,</strong></span> <span class='ocrx_word' id='word_1_696' title='bbox 2009 4607 2155 4674; x_wconf 86' lang='lat' dir='ltr'><strong>quod</strong></span> 
     </span>
    </p>
   </div>
   <div class='ocr_carea' id='block_1_97' title="bbox 572 4694 2159 4766">
    <p class='ocr_par' dir='ltr' id='par_1_97' title="bbox 572 4694 2159 4766">
     <span class='ocr_line' id='line_1_97' title="bbox 572 4694 2159 4766; baseline 0 -17"><span class='ocrx_word' id='word_1_697' title='bbox 572 4694 725 4749; x_wconf 87' lang='lat' dir='ltr'><strong>urbis</strong></span> <span class='ocrx_word' id='word_1_698' title='bbox 758 4694 1058 4763; x_wconf 86' lang='lat' dir='ltr'><strong>periculum</strong></span> <span class='ocrx_word' id='word_1_699' title='bbox 1097 4696 1335 4760; x_wconf 84' lang='lat' dir='ltr'><strong>videbat,</strong></span> <span class='ocrx_word' id='word_1_700' title='bbox 1367 4697 1645 4766; x_wconf 85' lang='lat' dir='ltr'><strong>quomodo</strong></span> <span class='ocrx_word' id='word_1_701' title='bbox 1679 4696 1936 4765; x_wconf 86' lang='lat' dir='ltr'><strong>injuriam</strong></span> <span class='ocrx_word' id='word_1_702' title='bbox 1983 4695 2159 4749; x_wconf 82' lang='lat' dir='ltr'><strong>maxi—</strong></span> 
     </span>
    </p>
   </div>
   <div class='ocr_carea' id='block_1_98' title="bbox 571 4785 2157 4861">
    <p class='ocr_par' dir='ltr' id='par_1_98' title="bbox 571 4785 2157 4861">
     <span class='ocr_line' id='line_1_98' title="bbox 571 4785 2157 4861; baseline -0.001 -20"><span class='ocrx_word' id='word_1_703' title='bbox 571 4805 715 4843; x_wconf 86' lang='lat' dir='ltr'><strong>mam</strong></span> <span class='ocrx_word' id='word_1_704' title='bbox 747 4804 778 4842; x_wconf 86' lang='lat' dir='ltr'><strong>a</strong></span> <span class='ocrx_word' id='word_1_705' title='bbox 819 4788 1115 4845; x_wconf 81' lang='lat' dir='ltr'><strong>Momitzilo</strong></span> <span class='ocrx_word' id='word_1_706' title='bbox 1158 4800 1581 4861; x_wconf 85' lang='lat' dir='ltr'><strong>persequeretur</strong></span> <span class='ocrx_word' id='word_1_707' title='bbox 1613 4788 1913 4859; x_wconf 77' lang='lat' dir='ltr'><strong>qua-rebat.</strong></span> <span class='ocrx_word' id='word_1_708' title='bbox 1946 4785 2157 4859; x_wconf 81' lang='lat' dir='ltr'><strong>Byzan-</strong></span> 
     </span>
    </p>
   </div>
   <div class='ocr_carea' id='block_1_99' title="bbox 571 4878 2159 4953">
    <p class='ocr_par' dir='ltr' id='par_1_99' title="bbox 571 4878 2159 4953">
     <span class='ocr_line' id='line_1_99' title="bbox 571 4878 2159 4953; baseline 0.001 -21"><span class='ocrx_word' id='word_1_709' title='bbox 571 4878 671 4932; x_wconf 90' lang='lat' dir='ltr'><strong>tini</strong></span> <span class='ocrx_word' id='word_1_710' title='bbox 701 4879 864 4950; x_wconf 84' lang='lat' dir='ltr'><strong>legati</strong></span> <span class='ocrx_word' id='word_1_711' title='bbox 894 4880 964 4936; x_wconf 89' lang='lat' dir='ltr'><strong>ad</strong></span> <span class='ocrx_word' id='word_1_712' title='bbox 1012 4883 1312 4953; x_wconf 75' lang='lat' dir='ltr'><strong>Augustam</strong></span> <span class='ocrx_word' id='word_1_713' title='bbox 1362 4883 1588 4946; x_wconf 85' lang='lat' dir='ltr'><strong>reversi,</strong></span> <span class='ocrx_word' id='word_1_714' title='bbox 1626 4878 1984 4934; x_wconf 83' lang='lat' dir='ltr'><strong>archontibus</strong></span> <span class='ocrx_word' id='word_1_715' title='bbox 2013 4880 2159 4951; x_wconf 81' lang='lat' dir='ltr'><strong>lega-</strong></span> 
     </span>
    </p>
   </div>
   <div class='ocr_carea' id='block_1_100' title="bbox 568 4972 2160 5044">
    <p class='ocr_par' dir='ltr' id='par_1_100' title="bbox 568 4972 2160 5044">
     <span class='ocr_line' id='line_1_100' title="bbox 568 4972 2160 5044; baseline 0 -19"><span class='ocrx_word' id='word_1_716' title='bbox 568 4972 774 5026; x_wconf 84' lang='lat' dir='ltr'><strong>tionem</strong></span> <span class='ocrx_word' id='word_1_717' title='bbox 819 4974 1224 5037; x_wconf 82' lang='lat' dir='ltr'><strong>renuntiarunt,</strong></span> <span class='ocrx_word' id='word_1_718' title='bbox 1258 4985 1423 5044; x_wconf 83' lang='lat' dir='ltr'><strong>atque</strong></span> <span class='ocrx_word' id='word_1_719' title='bbox 1470 4974 1636 5028; x_wconf 86' lang='lat' dir='ltr'><strong>etiam</strong></span> <span class='ocrx_word' id='word_1_720' title='bbox 1680 4973 1889 5028; x_wconf 90' lang='lat' dir='ltr'><strong>litteras</strong></span> <span class='ocrx_word' id='word_1_721' title='bbox 1924 4974 2160 5042; x_wconf 84' lang='lat' dir='ltr'><strong>patriar-</strong></span> 
     </span>
    </p>
   </div>
   <div class='ocr_carea' id='block_1_101' title="bbox 572 5065 2159 5136">
    <p class='ocr_par' dir='ltr' id='par_1_101' title="bbox 572 5065 2159 5136">
     <span class='ocr_line' id='line_1_101' title="bbox 572 5065 2159 5136; baseline 0.002 -18"><span class='ocrx_word' id='word_1_722' title='bbox 572 5065 691 5119; x_wconf 84' lang='lat' dir='ltr'><strong>chae</strong></span> <span class='ocrx_word' id='word_1_723' title='bbox 741 5066 1118 5122; x_wconf 85' lang='lat' dir='ltr'><strong>reddiderunt.</strong></span> <span class='ocrx_word' id='word_1_724' title='bbox 1169 5067 1276 5132; x_wconf 79' lang='lat' dir='ltr'><strong>Qui</strong></span> <span class='ocrx_word' id='word_1_725' title='bbox 1338 5082 1398 5120; x_wconf 89' lang='lat' dir='ltr'><strong>se</strong></span> <span class='ocrx_word' id='word_1_726' title='bbox 1455 5065 1600 5121; x_wconf 88' lang='lat' dir='ltr'><strong>l‘elici</strong></span> <span class='ocrx_word' id='word_1_727' title='bbox 1647 5080 1809 5136; x_wconf 87' lang='lat' dir='ltr'><strong>quem</strong></span> <span class='ocrx_word' id='word_1_728' title='bbox 1865 5068 2159 5136; x_wconf 85' lang='lat' dir='ltr'><strong>sperabant</strong></span> 
     </span>
    </p>
   </div>
   <div class='ocr_carea' id='block_1_102' title="bbox 519 5153 2158 5230">
    <p class='ocr_par' dir='ltr' id='par_1_102' title="bbox 519 5153 2158 5230">
     <span class='ocr_line' id='line_1_102' title="bbox 519 5153 2158 5230; baseline 0 -16"><span class='ocrx_word' id='word_1_729' title='bbox 519 5153 523 5158; x_wconf 79' lang='grc'><strong>’</strong></span> <span class='ocrx_word' id='word_1_730' title='bbox 571 5173 828 5214; x_wconf 83' lang='lat' dir='ltr'><strong>successu</strong></span> <span class='ocrx_word' id='word_1_731' title='bbox 855 5159 1146 5215; x_wconf 79' lang='lat' dir='ltr'><strong>fruStralos</strong></span> <span class='ocrx_word' id='word_1_732' title='bbox 1177 5161 1494 5215; x_wconf 90' lang='lat' dir='ltr'><strong>doluerunt.</strong></span> <span class='ocrx_word' id='word_1_733' title='bbox 1533 5159 1962 5230; x_wconf 81' lang='lat' dir='ltr'><strong>Clirysobergem</strong></span> <span class='ocrx_word' id='word_1_734' title='bbox 1993 5174 2158 5229; x_wconf 85' lang='lat' dir='ltr'><strong>porro</strong></span> 
     </span>
    </p>
   </div>
   <div class='ocr_carea' id='block_1_103' title="bbox 571 5251 2156 5322">
    <p class='ocr_par' dir='ltr' id='par_1_103' title="bbox 571 5251 2156 5322">
     <span class='ocr_line' id='line_1_103' title="bbox 571 5251 2156 5322; baseline 0.001 -17"><span class='ocrx_word' id='word_1_735' title='bbox 571 5252 894 5306; x_wconf 84' lang='lat' dir='ltr'><strong>advocatum</strong></span> <span class='ocrx_word' id='word_1_736' title='bbox 948 5253 1379 5322; x_wconf 86' lang='lat' dir='ltr'><strong>interrogarunt,</strong></span> <span class='ocrx_word' id='word_1_737' title='bbox 1430 5251 1473 5305; x_wconf 90' lang='lat' dir='ltr'><strong>si</strong></span> <span class='ocrx_word' id='word_1_738' title='bbox 1521 5267 1657 5321; x_wconf 91' lang='lat' dir='ltr'><strong>quos</strong></span> <span class='ocrx_word' id='word_1_739' title='bbox 1694 5253 1919 5308; x_wconf 88' lang='lat' dir='ltr'><strong>nuntios</strong></span> <span class='ocrx_word' id='word_1_740' title='bbox 1967 5253 2156 5307; x_wconf 83' lang='lat' dir='ltr'><strong>ferret.</strong></span> 
     </span>
    </p>
   </div>
   <div class='ocr_carea' id='block_1_104' title="bbox 573 5344 2157 5419">
    <p class='ocr_par' dir='ltr' id='par_1_104' title="bbox 573 5344 2157 5419">
     <span class='ocr_line' id='line_1_104' title="bbox 573 5344 2157 5419; baseline 0 -21"><span class='ocrx_word' id='word_1_741' title='bbox 573 5344 879 5414; x_wconf 66' lang='lat' dir='ltr'><strong>licSpondit</strong></span> <span class='ocrx_word' id='word_1_742' title='bbox 912 5344 1024 5408; x_wconf 85' lang='lat' dir='ltr'><strong>ille,</strong></span> <span class='ocrx_word' id='word_1_743' title='bbox 1071 5344 1140 5399; x_wconf 90' lang='lat' dir='ltr'><strong>de</strong></span> <span class='ocrx_word' id='word_1_744' title='bbox 1169 5345 1450 5399; x_wconf 90' lang='lat' dir='ltr'><strong>communi</strong></span> <span class='ocrx_word' id='word_1_745' title='bbox 1489 5360 1682 5401; x_wconf 88' lang='lat' dir='ltr'><strong>eorum</strong></span> <span class='ocrx_word' id='word_1_746' title='bbox 1724 5347 1995 5419; x_wconf 79' lang='lat' dir='ltr'><strong>legatione</strong></span> <span class='ocrx_word' id='word_1_747' title='bbox 2044 5359 2157 5399; x_wconf 90' lang='lat' dir='ltr'><strong>non</strong></span> 
     </span>
    </p>
   </div>
   <div class='ocr_carea' id='block_1_105' title="bbox 573 5438 2158 5511">
    <p class='ocr_par' dir='ltr' id='par_1_105' title="bbox 573 5438 2158 5511">
     <span class='ocr_line' id='line_1_105' title="bbox 573 5438 2158 5511; baseline 0.002 -23"><span class='ocrx_word' id='word_1_748' title='bbox 573 5438 695 5505; x_wconf 86' lang='lat' dir='ltr'><strong>plus</strong></span> <span class='ocrx_word' id='word_1_749' title='bbox 725 5439 927 5493; x_wconf 84' lang='lat' dir='ltr'><strong>habere</strong></span> <span class='ocrx_word' id='word_1_750' title='bbox 959 5452 1019 5491; x_wconf 88' lang='lat' dir='ltr'><strong>se</strong></span> <span class='ocrx_word' id='word_1_751' title='bbox 1050 5438 1196 5507; x_wconf 88' lang='lat' dir='ltr'><strong>quod</strong></span> <span class='ocrx_word' id='word_1_752' title='bbox 1223 5439 1522 5506; x_wconf 82' lang='lat' dir='ltr'><strong>nuntiaret,</strong></span> <span class='ocrx_word' id='word_1_753' title='bbox 1550 5456 1711 5511; x_wconf 91' lang='lat' dir='ltr'><strong>quam</strong></span> <span class='ocrx_word' id='word_1_754' title='bbox 1751 5441 1806 5495; x_wconf 90' lang='lat' dir='ltr'><strong>in</strong></span> <span class='ocrx_word' id='word_1_755' title='bbox 1845 5439 2040 5495; x_wconf 89' lang='lat' dir='ltr'><strong>litteris</strong></span> <span class='ocrx_word' id='word_1_756' title='bbox 2064 5452 2158 5507; x_wconf 79' lang='lat' dir='ltr'><strong>po-</strong></span> 
     </span>
    </p>
   </div>
   <div class='ocr_carea' id='block_1_106' title="bbox 572 5525 2155 5602">
    <p class='ocr_par' dir='ltr' id='par_1_106' title="bbox 572 5525 2155 5602">
     <span class='ocr_line' id='line_1_106' title="bbox 572 5525 2155 5602; baseline -0.001 -21"><span class='ocrx_word' id='word_1_757' title='bbox 572 5529 737 5582; x_wconf 87' lang='lat' dir='ltr'><strong>situm</strong></span> <span class='ocrx_word' id='word_1_758' title='bbox 790 5541 935 5584; x_wconf 88' lang='lat' dir='ltr'><strong>esset</strong></span> <span class='ocrx_word' id='word_1_759' title='bbox 976 5547 991 5584; x_wconf 84' lang='lat'><strong>:</strong></span> <span class='ocrx_word' id='word_1_760' title='bbox 1044 5529 1337 5599; x_wconf 85' lang='lat' dir='ltr'><strong>separatim</strong></span> <span class='ocrx_word' id='word_1_761' title='bbox 1380 5530 1602 5598; x_wconf 84' lang='lat' dir='ltr'><strong>habere,</strong></span> <span class='ocrx_word' id='word_1_762' title='bbox 1649 5548 1771 5602; x_wconf 75' lang='lat' dir='ltr'><strong>qua:</strong></span> <span class='ocrx_word' id='word_1_763' title='bbox 1822 5525 2155 5601; x_wconf 88' lang='lat' dir='ltr'><strong>imperatrici</strong></span> 
     </span>
    </p>
   </div>
   <div class='ocr_carea' id='block_1_107' title="bbox 573 5603 2157 5693">
    <p class='ocr_par' dir='ltr' id='par_1_107' title="bbox 573 5603 2157 5693">
     <span class='ocr_line' id='line_1_107' title="bbox 573 5603 2157 5693; baseline 0.003 -23"><span class='ocrx_word' id='word_1_764' title='bbox 573 5620 740 5683; x_wconf 86' lang='lat' dir='ltr'><strong>dicat.</strong></span> <span class='ocrx_word' id='word_1_765' title='bbox 790 5635 911 5690; x_wconf 67' lang='lat' dir='ltr'><strong>qum</strong></span> <span class='ocrx_word' id='word_1_766' title='bbox 954 5622 1140 5691; x_wconf 87' lang='lat' dir='ltr'><strong>jussus</strong></span> <span class='ocrx_word' id='word_1_767' title='bbox 1187 5622 1256 5677; x_wconf 85' lang='lat' dir='ltr'><strong>sit</strong></span> <span class='ocrx_word' id='word_1_768' title='bbox 1302 5621 1425 5690; x_wconf 91' lang='lat' dir='ltr'><strong>soli,</strong></span> <span class='ocrx_word' id='word_1_769' title='bbox 1457 5628 1676 5679; x_wconf 87' lang='lat' dir='ltr'><strong>nemine</strong></span> <span class='ocrx_word' id='word_1_770' title='bbox 1730 5623 1838 5677; x_wconf 87' lang='lat' dir='ltr'><strong>alio</strong></span> <span class='ocrx_word' id='word_1_771' title='bbox 1880 5603 2157 5693; x_wconf 75' lang='lat' dir='ltr'><strong>praesente</strong></span> 
     </span>
    </p>
   </div>
   <div class='ocr_carea' id='block_1_108' title="bbox 576 5712 2156 5786">
    <p class='ocr_par' dir='ltr' id='par_1_108' title="bbox 576 5712 2156 5786">
     <span class='ocr_line' id='line_1_108' title="bbox 576 5712 2156 5786; baseline 0.001 -21"><span class='ocrx_word' id='word_1_772' title='bbox 576 5713 781 5769; x_wconf 76' lang='lat' dir='ltr'><strong>dicere.</strong></span> <span class='ocrx_word' id='word_1_773' title='bbox 832 5712 912 5767; x_wconf 83' lang='lat' dir='ltr'><strong>illi</strong></span> <span class='ocrx_word' id='word_1_774' title='bbox 943 5712 1167 5783; x_wconf 88' lang='lat' dir='ltr'><strong>instant,</strong></span> <span class='ocrx_word' id='word_1_775' title='bbox 1210 5724 1270 5770; x_wconf 88' lang='lat' dir='ltr'><strong>ut</strong></span> <span class='ocrx_word' id='word_1_776' title='bbox 1302 5714 1405 5770; x_wconf 90' lang='lat' dir='ltr'><strong>sibi</strong></span> <span class='ocrx_word' id='word_1_777' title='bbox 1439 5732 1505 5773; x_wconf 88' lang='lat' dir='ltr'><strong>ea</strong></span> <span class='ocrx_word' id='word_1_778' title='bbox 1560 5732 1758 5771; x_wconf 88' lang='lat' dir='ltr'><strong>arcana</strong></span> <span class='ocrx_word' id='word_1_779' title='bbox 1799 5718 2013 5786; x_wconf 83' lang='lat' dir='ltr'><strong>detegat</strong></span> <span class='ocrx_word' id='word_1_780' title='bbox 2049 5732 2063 5766; x_wconf 87' lang='lat'><strong>:</strong></span> <span class='ocrx_word' id='word_1_781' title='bbox 2103 5724 2156 5768; x_wconf 88' lang='lat' dir='ltr'><strong>et</strong></span> 
     </span>
    </p>
   </div>
   <div class='ocr_carea' id='block_1_109' title="bbox 2263 4581 3784 4681">
    <p class='ocr_par' dir='ltr' id='par_1_109' title="bbox 2263 4581 3784 4681">
     <span class='ocr_line' id='line_1_109' title="bbox 2263 4581 3784 4681; baseline -0.011 -17"><span class='ocrx_word' id='word_1_782' title='bbox 2263 4581 2553 4681; x_wconf 65' lang='grc' dir='ltr'>στοτέρας,</span> <span class='ocrx_word' id='word_1_783' title='bbox 2587 4609 2664 4672; x_wconf 84' lang='grc' dir='ltr'><strong>ὡς</strong></span> <span class='ocrx_word' id='word_1_784' title='bbox 2696 4607 2929 4677; x_wconf 83' lang='grc' dir='ltr'>τάχιστα</span> <span class='ocrx_word' id='word_1_785' title='bbox 2960 4581 3291 4674; x_wconf 81' lang='grc' dir='ltr'>ἀφιξόμενος</span> <span class='ocrx_word' id='word_1_786' title='bbox 3325 4599 3455 4671; x_wconf 79' lang='grc' dir='ltr'>παρ’</span> <span class='ocrx_word' id='word_1_787' title='bbox 3476 4596 3682 4652; x_wconf 77' lang='grc' dir='ltr'>αὐτοὺς,</span> <span class='ocrx_word' id='word_1_788' title='bbox 3713 4581 3784 4637; x_wconf 65' lang='grc' dir='ltr'><strong>καὶ</strong></span> 
     </span>
    </p>
   </div>
   <div class='ocr_carea' id='block_1_110' title="bbox 2260 4684 3782 4774">
    <p class='ocr_par' dir='ltr' id='par_1_110' title="bbox 2260 4684 3782 4774">
     <span class='ocr_line' id='line_1_110' title="bbox 2260 4684 3782 4774; baseline -0.009 -19"><span class='ocrx_word' id='word_1_789' title='bbox 2260 4703 2520 4774; x_wconf 84' lang='grc' dir='ltr'>προνοίας</span> <span class='ocrx_word' id='word_1_790' title='bbox 2549 4701 2649 4769; x_wconf 80' lang='grc' dir='ltr'>τῆς</span> <span class='ocrx_word' id='word_1_791' title='bbox 2687 4698 2913 4769; x_wconf 86' lang='grc' dir='ltr'>δεούσης</span> <span class='ocrx_word' id='word_1_792' title='bbox 2949 4696 3219 4760; x_wconf 81' lang='grc' dir='ltr'>ἀξιώσων.</span> <span class='ocrx_word' id='word_1_793' title='bbox 3250 4692 3488 4747; x_wconf 84' lang='grc' dir='ltr'>Τοιαῦτα</span> <span class='ocrx_word' id='word_1_794' title='bbox 3528 4686 3617 4758; x_wconf 85' lang='grc' dir='ltr'>μὲν</span> <span class='ocrx_word' id='word_1_795' title='bbox 3645 4684 3782 4774; x_wconf 56' lang='grc' dir='ltr'>ὲπξῖ·</span> 
     </span>
    </p>
   </div>
   <div class='ocr_carea' id='block_1_111' title="bbox 2259 4766 3781 4864">
    <p class='ocr_par' dir='ltr' id='par_1_111' title="bbox 2259 4766 3781 4864">
     <span class='ocr_line' id='line_1_111' title="bbox 2259 4766 3781 4864; baseline -0.014 -14"><span class='ocrx_word' id='word_1_796' title='bbox 2259 4766 2583 4864; x_wconf 79' lang='grc' dir='ltr'>γειλάμενος</span> <span class='ocrx_word' id='word_1_797' title='bbox 2602 4766 2893 4863; x_wconf 66' lang='grc' dir='ltr'><strong>⁷ἐξέπεμπε</strong></span> <span class='ocrx_word' id='word_1_798' title='bbox 2923 4790 3231 4851; x_wconf 88' lang='grc' dir='ltr'>κάκείνους.</span> <span class='ocrx_word' id='word_1_799' title='bbox 3262 4787 3326 4841; x_wconf 80' lang='lat' dir='ltr'><strong>Oi</strong></span> <span class='ocrx_word' id='word_1_800' title='bbox 3355 4787 3419 4839; x_wconf 75' lang='grc' dir='ltr'>ὲκ</span> <span class='ocrx_word' id='word_1_801' title='bbox 3443 4782 3532 4836; x_wconf 90' lang='grc' dir='ltr'><strong>τοῦ</strong></span> <span class='ocrx_word' id='word_1_802' title='bbox 3563 4766 3781 4864; x_wconf 46' lang='lat' dir='ltr'><strong>Monii?“</strong></span> 
     </span>
    </p>
   </div>
   <div class='ocr_carea' id='block_1_112' title="bbox 2259 4859 3780 4955">
    <p class='ocr_par' dir='ltr' id='par_1_112' title="bbox 2259 4859 3780 4955">
     <span class='ocr_line' id='line_1_112' title="bbox 2259 4859 3780 4955; baseline -0.019 -10"><span class='ocrx_word' id='word_1_803' title='bbox 2259 4859 2354 4945; x_wconf 83' lang='grc' dir='ltr'><strong>λου</strong></span> <span class='ocrx_word' id='word_1_804' title='bbox 2380 4859 2438 4942; x_wconf 62' lang='grc' dir='ltr'>δέ</span> <span class='ocrx_word' id='word_1_805' title='bbox 2462 4887 2687 4941; x_wconf 80' lang='grc' dir='ltr'>ἀπιοῦσι</span> <span class='ocrx_word' id='word_1_806' title='bbox 2715 4859 3092 4955; x_wconf 77' lang='grc' dir='ltr'>συντυχόντες,</span> <span class='ocrx_word' id='word_1_807' title='bbox 3118 4884 3246 4945; x_wconf 79' lang='grc' dir='ltr'>τοὺς</span> <span class='ocrx_word' id='word_1_808' title='bbox 3273 4880 3372 4949; x_wconf 81' lang='grc' dir='ltr'>μὲν</span> <span class='ocrx_word' id='word_1_809' title='bbox 3422 4877 3512 4930; x_wconf 82' lang='grc' dir='ltr'>καὶ</span> <span class='ocrx_word' id='word_1_810' title='bbox 3535 4859 3780 4926; x_wconf 63' lang='grc' dir='ltr'>συνέλαὸὶν</span> 
     </span>
    </p>
   </div>
   <div class='ocr_carea' id='block_1_113' title="bbox 2260 4955 3810 5048">
    <p class='ocr_par' dir='ltr' id='par_1_113' title="bbox 2260 4955 3810 5048">
     <span class='ocr_line' id='line_1_113' title="bbox 2260 4955 3810 5048; baseline -0.018 -9"><span class='ocrx_word' id='word_1_811' title='bbox 2260 4984 2462 5048; x_wconf 76' lang='grc' dir='ltr'>αὐτῶν,</span> <span class='ocrx_word' id='word_1_812' title='bbox 2495 4981 2589 5046; x_wconf 80' lang='grc' dir='ltr'>οὓς</span> <span class='ocrx_word' id='word_1_813' title='bbox 2622 4980 2849 5048; x_wconf 80' lang='grc' dir='ltr'>ὕστερον</span> <span class='ocrx_word' id='word_1_814' title='bbox 2879 4978 3155 5032; x_wconf 78' lang='grc' dir='ltr'>ἀπέλυσαν</span> <span class='ocrx_word' id='word_1_815' title='bbox 3185 4973 3423 5044; x_wconf 81' lang='grc' dir='ltr'>γυμνούς</span> <span class='ocrx_word' id='word_1_816' title='bbox 3442 4987 3456 5002; x_wconf 89' lang='grc'><strong>·</strong></span> <span class='ocrx_word' id='word_1_817' title='bbox 3488 4972 3533 5022; x_wconf 84' lang='grc' dir='ltr'>οἱ</span> <span class='ocrx_word' id='word_1_818' title='bbox 3562 4966 3632 5025; x_wconf 75' lang='grc' dir='ltr'><strong>δὲ.</strong></span> <span class='ocrx_word' id='word_1_819' title='bbox 3661 4955 3779 5030; x_wconf 79' lang='grc' dir='ltr'>μόλις</span> <span class='ocrx_word' id='word_1_820' title='bbox 3803 4992 3810 5005; x_wconf 80' lang='grc' dir='ltr'><strong>ι</strong></span> 
     </span>
    </p>
   </div>
   <div class='ocr_carea' id='block_1_114' title="bbox 2258 5052 3777 5145">
    <p class='ocr_par' dir='ltr' id='par_1_114' title="bbox 2258 5052 3777 5145">
     <span class='ocr_line' id='line_1_114' title="bbox 2258 5052 3777 5145; baseline -0.017 -14"><span class='ocrx_word' id='word_1_821' title='bbox 2258 5075 2542 5145; x_wconf 81' lang='grc' dir='ltr'>διαδρᾶναι</span> <span class='ocrx_word' id='word_1_822' title='bbox 2568 5072 2908 5138; x_wconf 80' lang='grc' dir='ltr'>δυνηθέντες,</span> <span class='ocrx_word' id='word_1_823' title='bbox 2938 5067 3093 5130; x_wconf 59' lang='grc' dir='ltr'>αὔης</span> <span class='ocrx_word' id='word_1_824' title='bbox 3124 5066 3260 5136; x_wconf 84' lang='grc' dir='ltr'>πρὸς</span> <span class='ocrx_word' id='word_1_825' title='bbox 3290 5061 3507 5134; x_wconf 77' lang='grc' dir='ltr'>βασιλέα</span> <span class='ocrx_word' id='word_1_826' title='bbox 3532 5052 3777 5145; x_wconf 44' lang='grc' dir='ltr'>ἐπανῆγον,</span> 
     </span>
    </p>
   </div>
   <div class='ocr_carea' id='block_1_115' title="bbox 2262 5140 3779 5245">
    <p class='ocr_par' dir='ltr' id='par_1_115' title="bbox 2262 5140 3779 5245">
     <span class='ocr_line' id='line_1_115' title="bbox 2262 5140 3779 5245; baseline -0.022 -19"><span class='ocrx_word' id='word_1_827' title='bbox 2262 5140 2447 5225; x_wconf 61' lang='grc' dir='ltr'>πᾶσαν</span> <span class='ocrx_word' id='word_1_828' title='bbox 2479 5167 2847 5226; x_wconf 78' lang='grc' dir='ltr'>ἀπολέσαντες</span> <span class='ocrx_word' id='word_1_829' title='bbox 2881 5160 3215 5230; x_wconf 83' lang='grc' dir='ltr'>ἀποσκευὴν,</span> <span class='ocrx_word' id='word_1_830' title='bbox 3247 5156 3332 5227; x_wconf 76' lang='grc' dir='ltr'><strong>ἐφ’</strong></span> <span class='ocrx_word' id='word_1_831' title='bbox 3354 5149 3434 5219; x_wconf 73' lang='grc' dir='ltr'><strong>οἷς</strong></span> <span class='ocrx_word' id='word_1_832' title='bbox 3465 5156 3601 5245; x_wconf 33' lang='grc' dir='ltr'>ἀγαν-</span> 
     </span>
    </p>
   </div>
   <div class='ocr_carea' id='block_1_116' title="bbox 2259 5233 3777 5333">
    <p class='ocr_par' dir='ltr' id='par_1_116' title="bbox 2259 5233 3777 5333">
     <span class='ocr_line' id='line_1_116' title="bbox 2259 5233 3777 5333; baseline -0.015 -19"><span class='ocrx_word' id='word_1_833' title='bbox 2259 5262 2289 5314; x_wconf 85' lang='grc' dir='ltr'><strong>ὀ</strong></span> <span class='ocrx_word' id='word_1_834' title='bbox 2317 5260 2566 5333; x_wconf 73' lang='grc' dir='ltr'>βασιλεὺς</span> <span class='ocrx_word' id='word_1_835' title='bbox 2596 5258 2736 5330; x_wconf 84' lang='grc' dir='ltr'>ὁρῶν</span> <span class='ocrx_word' id='word_1_836' title='bbox 2763 5257 2862 5326; x_wconf 81' lang='grc' dir='ltr'>τὴν</span> <span class='ocrx_word' id='word_1_837' title='bbox 2889 5254 3044 5307; x_wconf 86' lang='grc' dir='ltr'>πόλιν</span> <span class='ocrx_word' id='word_1_838' title='bbox 3070 5249 3499 5311; x_wconf 83' lang='grc' dir='ltr'>κινδυνεύουσαν,</span> <span class='ocrx_word' id='word_1_839' title='bbox 3526 5233 3777 5333; x_wconf 31' lang='grc' dir='ltr'><strong>καὶ-ἐζήτει</strong></span> 
     </span>
    </p>
   </div>
   <div class='ocr_carea' id='block_1_117' title="bbox 2260 5329 3774 5421">
    <p class='ocr_par' dir='ltr' id='par_1_117' title="bbox 2260 5329 3774 5421">
     <span class='ocr_line' id='line_1_117' title="bbox 2260 5329 3774 5421; baseline -0.005 -19"><span class='ocrx_word' id='word_1_840' title='bbox 2260 5329 2408 5416; x_wconf 50' lang='grc' dir='ltr'>ὅπως</span> <span class='ocrx_word' id='word_1_841' title='bbox 2451 5351 2711 5421; x_wconf 89' lang='grc' dir='ltr'>ἀμύνοιτο</span> <span class='ocrx_word' id='word_1_842' title='bbox 2747 5346 3081 5416; x_wconf 73' lang='grc' dir='ltr'>Μομιτζίλον</span> <span class='ocrx_word' id='word_1_843' title='bbox 3123 5344 3426 5416; x_wconf 79' lang='grc' dir='ltr'>βλάπτοντα</span> <span class='ocrx_word' id='word_1_844' title='bbox 3462 5335 3527 5389; x_wconf 79' lang='grc' dir='ltr'><strong>τὰ</strong></span> <span class='ocrx_word' id='word_1_845' title='bbox 3565 5329 3774 5421; x_wconf 35' lang='lat' dir='ltr'><strong>ita&quot;???</strong></span> 
     </span>
    </p>
   </div>
   <div class='ocr_carea' id='block_1_118' title="bbox 2261 5406 3777 5507">
    <p class='ocr_par' dir='ltr' id='par_1_118' title="bbox 2261 5406 3777 5507">
     <span class='ocr_line' id='line_1_118' title="bbox 2261 5406 3777 5507; baseline -0.023 -13"><span class='ocrx_word' id='word_1_846' title='bbox 2470 5406 2768 5504; x_wconf 58' lang='grc' dir='ltr'>έυςαντίου</span> <span class='ocrx_word' id='word_1_847' title='bbox 2801 5406 2857 5487; x_wconf 57' lang='lat' dir='ltr'><strong>si.</strong></span> <span class='ocrx_word' id='word_1_848' title='bbox 2893 5406 3382 5504; x_wconf 70' lang='grc' dir='ltr'>πρεσϐευταὶ,δπεὶ</span> <span class='ocrx_word' id='word_1_849' title='bbox 3417 5426 3545 5495; x_wconf 80' lang='grc' dir='ltr'>πρὸς</span> <span class='ocrx_word' id='word_1_850' title='bbox 3573 5406 3777 5507; x_wconf 60' lang='grc' dir='ltr'>βασιλίδα</span> 
     </span>
    </p>
   </div>
   <div class='ocr_carea' id='block_1_119' title="bbox 2261 5507 3775 5601">
    <p class='ocr_par' dir='ltr' id='par_1_119' title="bbox 2261 5507 3775 5601">
     <span class='ocr_line' id='line_1_119' title="bbox 2261 5507 3775 5601; baseline -0.013 -14"><span class='ocrx_word' id='word_1_851' title='bbox 2261 5515 2921 5601; x_wconf 76' lang='grc' dir='ltr'>ὲπανῆκον,ἀπήγγελλόν</span> <span class='ocrx_word' id='word_1_852' title='bbox 2955 5544 3011 5581; x_wconf 88' lang='grc' dir='ltr'><strong>τε</strong></span> <span class='ocrx_word' id='word_1_853' title='bbox 3046 5529 3157 5589; x_wconf 84' lang='grc' dir='ltr'><strong>τοίς</strong></span> <span class='ocrx_word' id='word_1_854' title='bbox 3201 5525 3427 5597; x_wconf 77' lang='grc' dir='ltr'>ἄρχουσι</span> <span class='ocrx_word' id='word_1_855' title='bbox 3456 5517 3522 5570; x_wconf 68' lang='grc' dir='ltr'>τὰ</span> <span class='ocrx_word' id='word_1_856' title='bbox 3560 5507 3671 5576; x_wconf 80' lang='grc' dir='ltr'>περὶ</span> <span class='ocrx_word' id='word_1_857' title='bbox 3698 5509 3775 5601; x_wconf 64' lang='grc' dir='ltr'><strong>τἾῖ</strong></span> 
     </span>
    </p>
   </div>
   <div class='ocr_carea' id='block_1_120' title="bbox 2261 5599 3776 5707">
    <p class='ocr_par' dir='ltr' id='par_1_120' title="bbox 2261 5599 3776 5707">
     <span class='ocr_line' id='line_1_120' title="bbox 2261 5599 3776 5707; baseline 0.013 -34"><span class='ocrx_word' id='word_1_858' title='bbox 2261 5599 2553 5697; x_wconf 69' lang='grc' dir='ltr'>πρεσϐείας</span> <span class='ocrx_word' id='word_1_859' title='bbox 2575 5661 2591 5686; x_wconf 91' lang='grc'><strong>,</strong></span> <span class='ocrx_word' id='word_1_860' title='bbox 2625 5624 2718 5673; x_wconf 78' lang='grc' dir='ltr'>καὶ</span> <span class='ocrx_word' id='word_1_861' title='bbox 2750 5620 2817 5671; x_wconf 75' lang='grc' dir='ltr'>τὰ</span> <span class='ocrx_word' id='word_1_862' title='bbox 2851 5618 2986 5687; x_wconf 79' lang='grc' dir='ltr'>πρὸς</span> <span class='ocrx_word' id='word_1_863' title='bbox 3021 5617 3362 5685; x_wconf 82' lang='grc' dir='ltr'>πατριάρχην</span> <span class='ocrx_word' id='word_1_864' title='bbox 3393 5599 3776 5707; x_wconf 27' lang='grc' dir='ltr'><strong>Υρέμμῡαῖα,</strong></span> 
     </span>
    </p>
   </div>
   <div class='ocr_carea' id='block_1_121' title="bbox 2266 5688 3770 5788">
    <p class='ocr_par' dir='ltr' id='par_1_121' title="bbox 2266 5688 3770 5788">
     <span class='ocr_line' id='line_1_121' title="bbox 2266 5688 3770 5788; baseline -0.005 -22"><span class='ocrx_word' id='word_1_865' title='bbox 2266 5688 2526 5788; x_wconf 71' lang='grc' dir='ltr'>ρείχοντο.</span> <span class='ocrx_word' id='word_1_866' title='bbox 2572 5714 2632 5765; x_wconf 80' lang='grc' dir='ltr'><strong>υἱ</strong></span> <span class='ocrx_word' id='word_1_867' title='bbox 2696 5712 2751 5763; x_wconf 81' lang='grc' dir='ltr'>δὲ</span> <span class='ocrx_word' id='word_1_868' title='bbox 2793 5709 3024 5780; x_wconf 68' lang='grc' dir='ltr'>ἤχθοντο</span> <span class='ocrx_word' id='word_1_869' title='bbox 3069 5709 3428 5778; x_wconf 81' lang='grc' dir='ltr'>ἀποτυχόντες</span> <span class='ocrx_word' id='word_1_870' title='bbox 3464 5696 3535 5755; x_wconf 80' lang='grc' dir='ltr'>ὧν</span> <span class='ocrx_word' id='word_1_871' title='bbox 3567 5688 3770 5759; x_wconf 51' lang='grc' dir='ltr'><strong>ένόμίῖθν</strong></span> 
     </span>
    </p>
   </div>
  </div>
