4048 6442
305 383 437 454 1161
1433 381 1903 442 ΗῙΞΤΟΒΙΛΒΕ

1954 383 1982 442 ηῙ
2024 382 2263 443 LIBER
2301 383 2416 444 Ill.
3418 384 3552 450 1162

300 497 749 568 κατωρθωκέναι.
787 495 1293 565 Μεταπεμψάμενοι
1331 493 1386 547 δὲ
1427 498 1519 547 καὶ
1565 494 1849 566 Χρυσοϐἐρ

1985 511 2049 549 ne
2083 496 2260 564 inepte
2302 501 2555 562 conetur,
2604 495 2746 566 quod
2791 495 3023 550 obtineri
3075 512 3184 550 non
3237 499 3432 566 possit.
3481 500 3558 553 Εο

296 605 407 659 την
429 589 678 658 ἠρώτων.
710 589 835 641 εἴτι
862 587 1230 656 ἀπαγγέλλειν
1261 587 1394 658 ἔχει.
1426 588 1484 641 '0
1514 588 1591 652 δὲ,
1621 588 1748 660 περὶ
1777 589 1875 658 μέν

1982 596 2353 650 asseverante,
2379 586 2513 641 nulli
2544 588 2699 640 alteri
2744 587 3175 652 enuntiaturum,
3215 586 3438 658 ﬂagellis
3471 604 3561 643 se-

296 681 399 747 τῆς
425 679 613 746 κοινῆς
639 678 741 747 ἔφη
769 677 1069 748 πρεσϐείας
1095 677 1247 730 οὐδὲν
1270 677 1416 746 ἔχειν
1445 678 1606 732 πλέον
1631 678 1740 731 τῶν
1765 679 1877 740 τοῖς

1984 687 2128 732 creta
2159 677 2246 732 illa
2275 693 2632 748 eXpressuros
2661 678 3100 733 intermittantur.
3126 679 3260 735 Cum
3291 679 3356 733 ad
3388 681 3562 734 minas

298 774 622 841 γράμμασιν
665 769 1138 839 ἐγγεγραμμένων
1178 769 1566 837 ἀπαγγέλλειν.
1603 769 1731 839 ’ἰδία
1755 770 1880 839 μέν-

1983 776 2151 821 staret
2189 769 2612 836 imperterritus,
2647 769 2829 838 plagas
2865 769 3161 823 incutiunt.
3196 770 3243 822 Is
3279 769 3563 823 nihilomi-

296 877 380 912 τοι
417 861 552 929 πρὸς
584 861 829 929 βασιλίδα
860 861 1050 929 λόγους
1080 860 1231 922 τινὰς
1261 861 1424 932 ἔχειν,
1458 861 1551 925 οὓς
1583 861 1876 932 ἐκελεύσθη

1983 875 2105 921 nus,
2156 861 2404 928 quamvis
2442 861 2718 915 acerbiora
2767 861 3052 927 auderent,
3097 877 3156 915 se
3199 876 3396 914 arcana
3425 861 3569 914 cela-

303 951 532 1019 μηδενος
577 951 766 1018 ἐτέρου
810 951 1113 1022 παρόντος,
1153 950 1288 1021 πρὸς
1333 951 1502 1019 μόνην
1539 951 1753 1020 ἐκείνην
1787 951 1877 1003 λέ-

1990 963 2168 1007 turum
2202 953 2511 1007 afﬁrmabat
2539 970 2552 1006 :
2581 953 2963 1023 scicntemque
2988 953 3157 1023 probe
3191 969 3311 1022 quae
3333 953 3388 1006 in
3425 953 3569 1005 Bru-

299 1059 441 1109 γειν.
483 1043 548 1094 Oi
593 1043 637 1094 δ’
668 1043 946 1105 ἐκέλευον,
986 1042 1169 1110 λέγειν
1213 1043 1352 1111 πρὸς
1393 1041 1620 1107 αὐτοὺς,
1665 1043 1758 1096 καὶ
1805 1043 1880 1114 μὴ

1985 1045 2093 1098 lam
2133 1046 2200 1099 de
2231 1060 2361 1113 pace
2407 1045 2639 1116 legatum
2673 1053 2831 1100 antea
2881 1046 3281 1116 designassent,
3319 1046 3387 1099 ad
3434 1060 3568 1113 qua—

297 1131 508 1203 ληρεῖν,
541 1133 777 1187 ἀδύνατα
808 1134 1082 1201 ἀξιοῦντα.
1117 1135 1222 1187 Τοῦ
1266 1135 1322 1186 δὲ
1378 1134 1547 1205 μηδὲν
1600 1135 1677 1204 τῷ
1711 1137 1882 1205 ἐτέρῳ

1987 1138 2314 1206 Iemcunque
2387 1152 2578 1192 eorum
2660 1137 3005 1194 vexationem
3093 1137 3566 1207 petulantiamque

300 1226 537 1289 ἐξειπεῖν
578 1226 644 1281 ἂν
683 1226 1191 1298 διῖσχυριζομένου,
1240 1228 1499 1297 ἠπείλουν
1548 1229 1880 1299 μαστιγοῦν,

1987 1228 2356 1283 sufferendam
2397 1238 2710 1299 promptum
2765 1238 2818 1284 et
2860 1229 3095 1284 alacrem
3141 1228 3349 1282 venire.
3393 1229 3569 1300 Chry-

299 1320 398 1371 καὶ
448 1319 654 1390 ἐκφορα
705 1320 772 1373 τὰ
819 1321 1110 1392 ἀπόρρητα
1156 1324 1329 1374 ποιεῖν
1377 1322 1878 1391 προσαναγκάσειν.

1988 1322 2247 1392 soberges
2281 1321 2416 1376 adeo
2442 1320 2749 1391 intrepidus
2801 1329 2857 1374 et
2907 1321 2972 1375 ad
3017 1321 3302 1374 horribilia
3341 1337 3571 1390 qumque

311 1412 403 1473 Ὧς
445 1411 502 1463 δέ
543 1412 698 1464 οὐδὲν
741 1411 972 1464 ἐνεδίδου
1022 1413 1158 1482 πρὸς
1200 1413 1300 1475 τὰς
1346 1412 1599 1478 ἀπειλὰς,
1647 1414 1741 1467 καὶ
1784 1415 1884 1477 τὰς

1987 1411 2308 1481 excipienda
2320 1420 2542 1482 paratus
2559 1421 2694 1466 erat.
2710 1411 3014 1466 Archontes
3038 1421 3094 1466 ut
3113 1411 3166 1465 in
3185 1428 3308 1466 aere
3325 1428 3383 1467 se
3400 1411 3572 1482 pisca-

299 1501 522 1568 πληγὰς
560 1503 788 1569 ἐπῆγον.
828 1498 887 1554 Ὀ
924 1501 970 1554 δ’
995 1503 1149 1556 οὐδὲν
1179 1498 1342 1574 ἦττον
1375 1505 1612 1573 ἔφασκεν
1643 1505 1889 1574 ἀποκρύ-

1990 1498 2036 1552 ι·ἰ
2059 1499 2331 1564 viderunt,
2363 1500 2562 1569 ipsum,
2595 1508 2650 1556 et
2675 1501 3116 1569 aquovcniebat,
3143 1501 3326 1555 multis
3358 1503 3572 1572 probris

294 1591 424 1657 ψειν
473 1590 538 1642 ἂν
587 1591 681 1642 καὶ
728 1591 1011 1660 δεινότερα
1057 1593 1352 1662 τολμῶσιν.
1402 1595 1594 1648 stam
1643 1596 1754 1666 γὰρ
1799 1593 1888 1651 οἷα

1992 1591 2382 1646 conseiderunt
2409 1611 2422 1645 :
2450 1593 2785 1662 homineque
2801 1592 2993 1646 eodem
3026 1592 3113 1646 die
3135 1593 3359 1647 civitate
3390 1593 3571 1663 pulso.

303 1680 442 1749 πρὸς
473 1681 717 1750 Βρουλᾱν
741 1683 842 1751 τῆς
873 1684 1096 1753 εἰρήνης
1128 1683 1296 1738 ἕνεκα
1328 1687 1594 1757 πρότερον
1620 1688 1890 1758 τετόλμη-

1989 1684 2060 1737 de
2111 1697 2182 1738 eo
2222 1683 2398 1754 legato
2451 1683 2596 1754 apud
2653 1683 3056 1753 intperatrieem
3106 1700 3176 1738 nc
3243 1685 3576 1739 mutiverunt

299 1788 394 1824 ’ται
428 1772 647 1825 ἐλθόντα
669 1812 685 1837 ,
717 1773 890 1838 οὕτως
913 1776 1072 1845 ἣκειν
1102 1780 1622 1848 παρεσκευασμένον
1643 1819 1657 1842 ,
1676 1780 1749 1843 ὡς
1787 1781 1889 1834 πᾶ·

1991 1776 2231 1844 quidem.
2283 1777 2376 1831 Ille
2421 1777 2488 1830 ad
2525 1777 2909 1847 imperatorem
2963 1792 3236 1841 reversus,
3296 1778 3423 1846 quid
3468 1779 3573 1833 sibi

302 1879 407 1914 σαν
431 1864 642 1916 οἴσοντα
669 1869 913 1921 κάκωσιν
937 1869 1031 1920 καὶ
1058 1871 1366 1940 παροινίαν.
1392 1871 1450 1926 Ὀ
1479 1872 1580 1941 μὲν
1600 1869 1694 1928 οὖν
1713 1873 1886 1937 οὕτως

1988 1869 2275 1924 accidisset
2294 1869 2554 1925 narravit.
2587 1845 2690 1936 Qui
2714 1871 2863 1940 pacis
2893 1886 2988 1941 spe
3008 1870 3272 1940 proiecta.
3303 1871 3573 1926 Garellam

299 1953 575 2024 ἀπτόητος
599 1958 800 2025 ώρᾶτο,
830 1960 923 2011 καὶ
950 1960 1086 2029 πρὸς
1113 1961 1411 2034 καρτερίαν
1433 1966 1888 2034 παρεσκευασμέ-

1988 1977 2114 2016 cum
2153 1961 2324 2031 copiis
2363 1961 2522 2031 abiit,
2552 1963 2708 2033 cujus
2759 1963 3051 2032 praefectus
3097 1949 3575 2036 Contosteplianus

296 2063 393 2107 νος
425 2047 534 2100 τῶν
568 2049 780 2106 δεινῶν.
815 2053 882 2106 Ol
917 2052 964 2105 δ’
987 2054 1110 2107 ἐπεὶ
1142 2054 1332 2124 ἐώρων
1365 2055 1648 2120 ἀδυνάτοις
1683 2059 1891 2128 ἐπιχει-

1987 2068 2096 2106 ηοη
2131 2054 2401 2108 illibenter
2430 2055 2480 2108 ei
2515 2069 2574 2109 se
2604 2070 2727 2108 cum
2762 2055 2960 2124 oppido
2990 2055 3210 2110 tradidit
3240 2097 3254 2120 ,
3291 2057 3346 2110 in
3383 2073 3490 2127 quo
3521 2067 3575 2111 et

301 2139 530 2208 ροῦντες
554 2182 567 2205 ,
603 2143 775 2197 πολλά
814 2145 895 2208 είς
937 2147 1100 2200 αὐτὸν
1136 2149 1230 2200 καὶ
1264 2147 1356 2201 τὸν
1393 2147 1698 2218 πέμψαντα
1735 2149 1890 2220 ὑϐρί-

1986 2143 2227 2200 Joannes
2258 2145 2663 2200 Cantabolenus
2709 2163 2850 2202 unus
2892 2163 2922 2202 e
2963 2148 3274 2203 domesticis
3315 2151 3573 2217 Augusta:

299 2249 522 2299 σαντες,
573 2233 765 2290 ἔπειτα
817 2237 1112 2307 ἐξήλαυνον
1159 2241 1260 2310 τῆς
1310 2239 1540 2305 πόλεως,
1577 2242 1890 2312 αὐθημερὸν

1991 2235 2259 2290 ministris
2292 2235 2560 2292 adductus
2593 2249 2696 2292 est.
2733 2237 2904 2305 Quem
2939 2239 3144 2305 subito,
3178 2240 3324 2294 nulla
3356 2257 3414 2294 re
3446 2255 3574 2309 spo-

303 2324 513 2392 μηδένα
543 2328 671 2396 περὶ
697 2327 798 2397 τῆς
827 2331 1118 2400 πρεσϐείας
1147 2332 1303 2401 λόγον
1329 2334 1710 2404 ποιησάμενοι.
1742 2332 1803 2387 ὐ
1828 2333 1885 2387 δὲ

1991 2327 2202 2390 liatum,
2226 2329 2543 2400 Byzantium
2566 2331 2807 2396 mittens,
2829 2348 3045 2388 rursum
3080 2343 3231 2404 rogat
3261 2333 3459 2388 bellum
3489 2348 3574 2387 se-

299 2419 445 2487 πρὸς
495 2418 722 2489 βασιλέα
771 2423 838 2478 τὰ
893 2425 1238 2498 γεγενημένα
1293 2427 1638 2497 ἀπήγγελλεν
1692 2426 1885 2480 ἐλθών.

1994 2421 2133 2489 dari,
2167 2431 2223 2478 et
2261 2439 2330 2478 ne
2360 2439 2456 2494 per
2489 2435 2736 2479 mutuam
2774 2441 2962 2481 eorum
3023 2427 3433 2481 contentionem
3468 2425 3575 2478 Ro-

296 2510 576 2574 Κάκεῖνος
622 2513 723 2583 ἥδη
767 2515 868 2585 τὴν
912 2517 1138 2588 εἰρήνην
1181 2519 1477 2586 ἀπογνοὺς,
1527 2519 1888 2589 ἐστράτευσεν

1996 2515 2144 2569 mani
2181 2516 2396 2571 damnis
2437 2525 2746 2572 mactentur
2785 2519 3256 2590 irreparabilibus.
3305 2519 3576 2574 Caeterum

299 2600 400 2652 ἐπὶ
446 2601 739 2671 Γαρέλλαν.
783 2607 1226 2677 Κοντοστέφανος
1268 2610 1325 2662 δὲ
1366 2613 1393 2663 ὁ
1432 2612 1635 2681 ταύτης
1673 2612 1878 2682 ἄρχων,

1987 2607 2298 2678 patriarcha
2327 2617 2380 2663 et
2414 2609 2606 2680 reliqui
2646 2611 2870 2674 bellum,
2923 2621 2978 2664 ut
3019 2627 3254 2682 semper,
3282 2611 3575 2666 malebant.

295 2695 730 2768 προσεχώρησεν
767 2699 911 2754 ἐκὼν
942 2700 1017 2770 τῷ
1052 2700 1300 2772 βασιλεῖ,
1335 2705 1429 2757 καὶ
1466 2704 1755 2774 παρέδωκε
1788 2703 1888 2775 τὴν
1928 2703 2086 2757 πόλιν
2110 2719 2124 2734 ο
2153 2695 2272 2773 ἐνῇ
2304 2703 2399 2755 καὶ
2428 2702 2809 2773 Καταϐοληνος
2871 2704 3124 2776 Ἰωάννης
3153 2708 3289 2776 πρὸς
3356 2706 3582 2776 βασιλέα

296 2787 485 2859 ἤχθη.
523 2791 636 2845 τῶν
704 2795 932 2849 οἰκετῶν
1003 2798 1100 2866 τῆς
1141 2798 1415 2867 βασιλίδος
1454 2798 1550 2852 ὧν.
1585 2802 1681 2853 Ὃν
1716 2800 1962 2870 ἔπεμπεν
2003 2799 2084 2863 είς
2121 2798 2413 2860 Βυζάντιον
2435 2798 2668 2878 αὐτίκα,
2711 2800 2938 2871 μηδενὸς
2985 2794 3060 2855 ὧν
3094 2799 3238 2872 εἶχεν
3270 2805 3582 2874 ἀποστερη-

293 2879 468 2933 θέντα
495 2884 683 2953 ,ἠξίου
730 2906 788 2940 τε
837 2883 992 2952 αὖθις
1039 2890 1408 2946 καταλύεσθαι
1455 2893 1546 2947 τὸν
1594 2894 1850 2964 πόλεμον,
1892 2897 1984 2948 καὶ
2042 2893 2115 2964 μὴ
2173 2892 2260 2946 διὰ
2289 2894 2388 2962 τὴν
2451 2893 2590 2962 πρὸς
2618 2893 2878 2963 ἀλλήλους
2909 2895 3089 2948 αὐτῶν
3155 2883 3583 2964 φιλονεικίανιτά

296 2975 586 3045 ἀνήκεστα
627 2983 774 3036 δεινὰ
812 2987 1118 3056 Ῥωμαίους
1160 2988 1474 3058 ὑπομένειν.
1521 2989 1880 3062 Πατριάρχης
1953 2989 2010 3043 δὲ
2053 2990 2146 3042 καὶ
2189 2989 2238 3041 oi
2318 2991 2498 3042 λοιποὶ
2554 2989 2706 3043 οὐδὲν
2767 2985 2928 3062 ἦττον
2971 2992 3002 3062 ἢ
3048 2993 3313 3064 πρότερον
3351 2996 3583 3066 ᾑροῦντο

301 3072 439 3125 πολε
450 3078 591 3145 μεῖν.
1090 3092 1094 3096 ’

1680 3199 1913 3256 CAPUT
1954 3201 2190 3255 LXXVI.

301 3311 546 3369 Castetla
587 3313 788 3368 dedita.
821 3313 1000 3370 Causa
1029 3317 1330 3440 dffectionis
1362 3325 1412 3371 et
1443 3319 1722 3374 deditionis
1750 3319 2012 3377 Balatzaz.
2046 3321 2418 3375 Remuneratio
2464 3319 2607 3373 illius
2635 3327 2682 3371 et
2713 3330 3076 3389 cognatorum.
3105 3321 3319 3376 Suttani
3348 3331 3582 3392 satrapa:

383 3381 750 3440 beneﬁcentia.
789 3385 1058 3440 Consuetu
1100 3404 1130 3440 o
1166 3388 1383 3440 diliculo
1410 3389 1731 3440 prandendi.
1765 3391 1958 3440 Chor-ex
1987 3394 2120 3440 circa
2156 3401 2310 3440 terrm
2338 3401 2480 3440 motu
2510 3389 2570 3440 ob
2603 3390 3026 3440 maledicentiam
3073 3395 3387 3440 nutriuntur-
3429 3393 3582 3440 Imm-

383 3381 750 3461 beneftcentia.
783 3381 1130 3461 Consuetudo
1160 3388 1383 3461 dilieulo
1410 3389 1731 3461 prandendi,
1765 3391 1958 3446 Chor-es
1987 3394 2310 3461 eiresterrce
2338 3401 2480 3443 motu
2510 3389 2576 3461 ob_
2603 3381 3026 3444 maledicentiam
3073 3395 3387 3461 puniuntur.
3426 3381 3583 3460 Igno-

384 3454 551 3574 scitur
581 3452 742 3576 iis
776 3457 1120 3523 imperatore.
1149 3457 1288 3512 Muri
1314 3452 1503 3513 eadm
1533 3459 1949 3528 rea'diﬁcantur.
1986 3458 2221 3515 Studiosi
2265 3458 2603 3530 imperatoris
2648 3452 3100 3526 exterminantur',
3147 3471 3196 3516 et
3242 3465 3313 3516 ad
3342 3452 3584 3530 impiaru-

409 3538 566 3576 rtcem
603 3539 658 3576 re
698 3541 711 3576 ι
741 3541 822 3576 ur.

409 3538 566 3576 rtcem
603 3538 822 3577 reditur.

386 3671 650 3733 Βασιλεὺς
686 3669 743 3724 δέ
781 3671 875 3724 καὶ
905 3671 1005 3742 τὴν
1040 3674 1283 3743 μεγάλην
1316 3669 1426 3726 εἷλε
1466 3676 1694 3745 Καρύαν
1731 3677 1898 3746 φρού-
1923 3680 1970 3742 α

2075 3674 2374 3743 Imperator
2409 3674 2692 3729 castellum
2737 3673 3009 3743 quoddam
3063 3689 3313 3745 magnam
3347 3674 3579 3748 Caryam

305 3764 432 3836 ριόν
481 3781 534 3816 τι
584 3763 865 3833 ὁμολογίᾳ.
919 3765 1089 3818 Ἔνθα
1139 3767 1470 3837 διατρίϐοντι
1537 3769 1631 3820 καὶ
1684 3785 1896 3840 πρωτο-

1997 3765 2275 3820 deditione
2348 3763 2606 3834 acquirit.
2654 3763 3067 3829 Illic._versanti
3143 3775 3198 3820 et
3254 3779 3579 3823 venatorum

308 3857 552 3928 κυνηγὸς
596 3859 624 3909 ὁ
670 3856 952 3925 Βατάτζης
997 3857 1389 3929 προσεχώρησε
1439 3859 1576 3929 μετά
1613 3860 1724 3913 τῶν
1767 3877 1896 3928 συγ-

1996 3857 2248 3927 prineeps
2279 3854 2525 3910 Batatzes
2549 3870 2670 3910 cum
2704 3857 2947 3926 cognatis
2975 3857 3140 3926 617
3167 3871 3276 3911 non
3307 3859 3497 3928 paucis
3523 3875 3581 3914 se

307 3950 489 4019 γενῶν
512 3950 680 4002 όντων
709 3949 809 4002 οὐκ
862 3949 1060 4017 ὀλίγων
1082 3966 1094 3982 ⁸
1133 3951 1228 4004 καὶ
1252 3953 1372 4003 τότε
1445 3951 1746 4005 Πολύϐοτον
1799 3953 1895 4006 πό-

1997 3947 2245 4018 permisit
2276 3969 2288 4001 :
2321 3955 2376 4000 et
2419 3945 2740 4017 Polybotum
2776 3947 2965 4001 urbem
2996 3947 3286 4002 Thraciam
3321 3965 3350 4002 a
3382 3965 3572 4005 neces-

308 4041 398 4093 λιν
426 4039 706 4112 Θρᾳκικὴν
738 4040 844 4094 ὑπὸ
872 4040 980 4094 τῶν
1013 4041 1293 4109 συγγενῶν
1317 4043 1690 4112 κατεχομένην
1724 4058 1896 4112 προσ-

1995 4039 2155 4096 sariis
2204 4038 2318 4093 suis
2355 4046 2696 4108 occupatam,
2727 4039 2781 4092 in
2815 4038 3061 4108 ejusdem
3099 4039 3260 4094 ﬁdem
3295 4042 3526 4097 adduxit
3562 4064 3572 4096 :

309 4132 420 4202 ἦγε
472 4131 700 4200 βασιλεῖ,
731 4132 823 4185 καὶ
855 4133 1186 4200 Τηρίστασιν
1218 4133 1277 4186 τὸ
1327 4132 1587 4202 φρούριον
1615 4135 1644 4186 ὃ
1702 4133 1895 4204 πρότε-

1997 4138 2050 4185 et
2066 4128 2364 4183 Teristasin
2397 4128 2738 4198 oppidulum,
2758 4130 2900 4198 quod
2932 4129 3048 4199 ipse
3081 4132 3233 4199 prius
3255 4132 3573 4202 imperator,

314 4241 412 4296 ρον
447 4225 630 4288 αὐτὸς,
663 4224 743 4278 ἔτι
768 4225 1032 4295 βασιλέως
1074 4223 1418 4297 Ἀνδρονίκου
1477 4227 1778 4296 περιόντος,
1815 4229 1893 4282 οἱ·

1997 4220 2120 4275 vivo
2146 4218 2482 4283 Andronico,
2511 4232 2612 4274 suo
2657 4227 2876 4287 sumptu
2915 4219 3087 4275 muris
3119 4221 3575 4278 circumdederat.

312 4317 486 4380 κείοις
513 4317 866 4387 ἀναλώμασιν
896 4317 1195 4386 ἐτείχισεν·
1227 4317 1432 4385 ἔφασκέ
1465 4335 1520 4370 τε
1571 4320 1647 4378 ὡς
1702 4319 1760 4372 ἐν
1795 4317 1895 4388 μὲν

1998 4311 2099 4367 Hie
2136 4312 2386 4367 Batatses
2421 4311 2713 4373 fatebatur,
2761 4325 2820 4366 se
2868 4311 2922 4366 in
2963 4312 3262 4382 primordio
3302 4314 3431 4369 belli
3469 4315 3574 4368 hu-

314 4407 438 4469 ταῖς
467 4406 664 4476 ἀρχαῖς
689 4406 782 4458 τοῦ
811 4406 1052 4476 πολέμου
1087 4406 1344 4476 μάλιστα,
1375 4407 1605 4476 νομίσας
1633 4408 1761 4479 περὶ
1807 4407 1898 4478 βα-

1995 4404 2104 4472 jus,
2138 4419 2261 4460 cum
2295 4412 2511 4472 putaret
2555 4418 2679 4458 eum
2716 4404 2773 4458 in
2813 4408 3197 4474 imperatorem
3227 4403 3575 4461 demortuum

319 4495 476 4549 σιλέα
505 4496 981 4566 ὴγνωμονηκέναι,
1017 4499 1248 4561 καὶτοῖς
1274 4499 1486 4552 ἐκείνου
1536 4500 1725 4552 παισὶν
1781 4499 1899 4553 ἀδί-

1999 4512 2121 4552 esse
2148 4495 2604 4568 ingratissimum,
2635 4505 2688 4550 et
2711 4495 2830 4564 ejus
2859 4495 2984 4550 ﬁliis
3011 4497 3271 4553 scelerate
3307 4497 3578 4560 insidiari.

317 4605 432 4650 κως
487 4587 880 4654 ἐπιϐουλεύειν,
957 4591 1050 4643 καὶ
1104 4589 1496 4661 παραιρεῖσθαι
1539 4588 1639 4661 τὴν
1693 4591 1893 4662 ἀρχὴν,

2000 4592 2175 4661 iisque
2225 4591 2514 4660 imperium
2575 4590 2823 4661 eripere,
2864 4607 2925 4647 se
2967 4593 3036 4647 ab
3083 4606 3150 4647 eo
3201 4591 3486 4658 defecisse,
3525 4602 3581 4646 ct

317 4679 623 4750 ἀποστῆναί
656 4697 716 4732 τε
745 4680 911 4734 αὑτοῦ
965 4681 1053 4734 διὰ
1073 4681 1183 4736 τῶν
1219 4683 1593 4753 νομιζομένων
1657 4683 1894 4750 ἀδικίαν,

2000 4691 2190 4735 contra
2219 4689 2483 4750 quantum
2521 4680 2783 4735 valuisset
2805 4679 3153 4751 pugnavisse.
3188 4681 3458 4749 Tempore
3487 4696 3580 4734 au-

318 4771 416 4824 καὶ
449 4771 707 4840 πολεμεῖν
734 4773 924 4844 ἁπάσῃ
948 4773 1198 4842 δυνάμειο
1223 4773 1320 4827 τοῦ
1386 4774 1582 4844 χρόνου
1625 4775 1681 4828 δέ
1713 4775 1898 4844 τριϐοο

2004 4783 2110 4830 tem
2141 4774 2380 4838 labente,
2411 4783 2466 4828 et
2495 4771 2760 4827 Romanis
2789 4773 2934 4826 nulla
2972 4786 3094 4826 cum
3131 4772 3291 4827 laude
3322 4771 3464 4826 bello
3497 4771 3581 4824 in-

322 4862 488 4931 μένου
519 4863 612 4914 καὶ
649 4863 756 4915 τῶν
797 4863 1086 4931 Ῥωμαίων
1121 4865 1508 4934 ἀπολλυμένων
1536 4867 1744 4930 ἀκλεῶς
1793 4865 1899 4920 ὑπὸ

2003 4863 2500 4928 tereuntibus,cum
2532 4862 2871 4924 observaret,
2893 4860 2994 4930 ipsi
3023 4877 3344 4916 communes
3377 4862 3579 4915 Roma-

317 4949 416 5004 τοῦ
447 4951 707 5020 πολέμου,
743 4953 884 5021 ὁρῶν
909 4951 984 5014 ὡς
1016 4953 1226 5022 βασιλεί
1251 4954 1350 5024 μὲν
1390 4955 1457 5008 τά
1479 4973 1538 5008 τε
1605 4955 1899 5025 Ῥωμαίοις

2079 4971 2198 5008 rum
2252 4963 2307 5009 et
2331 4954 2630 5009 liberorum
2677 4954 3024 5024 imperatoris
3059 4954 3298 5008 rationes
3327 4953 3474 5008 cordi
3520 4971 3582 5009 ac
3675 4970 3676 4974 ‘

319 5045 476 5112 κοινῇ
507 5043 840 5110 συνοίσοντα,
891 5044 986 5096 καὶ
1047 5047 1158 5106 τοῖς
1212 5044 1477 5112 βασιλέως
1537 5047 1901 5110 σπουδάζεται

2005 5045 2183 5101 studio
2220 5061 2372 5112 esse;
2406 5045 2666 5116 praefecto
2712 5056 2891 5101 autem
2937 5045 3214 5110 cubiculi,
3265 5056 3318 5100 et
3344 5045 3488 5111 aliis,
3527 5045 3579 5099 in

321 5137 502 5203 παισὶ,
570 5137 1056 5207 παρακοιμωμὲνῳ
1112 5135 1168 5189 δέ
1221 5137 1315 5189 καὶ
1373 5140 1484 5201 τοῖς
1538 5138 1720 5202 ἄλλοις
1789 5143 1900 5203 τοῖς

2001 5151 2234 5206 quorum
2267 5151 2430 5191 manu
2461 5147 2608 5192 esset
2634 5138 2948 5207 imperium,
2980 5137 3114 5191 nihil
3139 5152 3261 5193 esse
3296 5146 3402 5192 tam
3429 5147 3575 5207 Opta-

321 5227 516 5297 ἄγουσι
544 5229 652 5283 τῶν
709 5228 999 5298 Ῥωμαίων
1049 5227 1148 5298 τὴν
1198 5229 1520 5299 ἡγεμονίαν,
1579 5231 1734 5284 οὐδέν
1783 5234 1898 5284 ἐστι

2002 5235 2141 5292 tum,
2179 5243 2342 5298 quam
2384 5236 2446 5282 ut
2485 5228 2682 5284 occisis
2712 5229 2968 5284 omnibus
2999 5229 3100 5298 ipsi
3135 5238 3448 5300 regnarent,
3481 5230 3584 5283 im-

320 5318 628 5388 προῦργου,
659 5319 692 5390 ἢ
724 5320 930 5382 πάντας
961 5319 1379 5393 διαφθείραντας
1424 5321 1665 5387 ἐκείνους
1686 5323 1896 5394 ἄρχειν,

2000 5320 2272 5389 peratoris
2323 5334 2456 5374 vero
2504 5321 2662 5390 pueri
2711 5328 2767 5376 et
2822 5329 3145 5376 caeterorum
3194 5322 3428 5376 salutem
3487 5337 3581 5377 eos

324 5408 592 5478 βασιλέως
627 5411 683 5463 δὲ
711 5411 806 5465 τοῦ
839 5411 1024 5476 παιδὸς
1051 5412 1228 5480 ὀλίγα,
1253 5413 1286 5484 ἢ
1311 5413 1461 5467 οὐδὲν
1489 5413 1894 5484 φροντίζοντας,

1998 5411 2148 5481 parvi
2181 5419 2273 5465 aut
2305 5410 2462 5465 nihili
2498 5411 2736 5480 pendere
2767 5431 2780 5465 :
2808 5426 2932 5467 cum
2976 5412 3107 5466 item
3138 5427 3203 5464 ex
3236 5413 3393 5466 tactis
3422 5422 3581 5466 nota-

321 5503 418 5555 καὶ
452 5502 550 5571 τῆς
587 5502 696 5555 τῶν
727 5504 903 5557 ἄλλων
953 5505 1247 5576 σωτηρίας,
1285 5505 1510 5558 συνιδών
1564 5524 1624 5560 τε
1675 5508 1738 5559 ἐκ
1787 5505 1897 5559 τῶν

2003 5515 2104 5563 ret,
2135 5517 2254 5557 esse
2296 5502 2546 5557 homines
2582 5502 2875 5570 improbos,
2906 5511 2962 5556 et
2987 5501 3296 5569 {vitiositate
3329 5518 3426 5557 sua
3472 5506 3580 5556 im-

321 5594 647 5662 γινομένων,
683 5594 758 5658 ὡς
817 5595 1016 5649 ἐκεῖνοι
1077 5596 1310 5650 ἀδικοῖεν
1373 5599 1465 5650 καὶ
1533 5597 1897 5666 διαφθείροιεν

2001 5594 2214 5664 perium
2249 5591 2554 5649 Romanum
2587 5593 2838 5664 perdere,
2869 5593 2936 5648 ab
2969 5592 3077 5646 illis
3103 5589 3169 5646 ad
3199 5594 3375 5664 ipsum
3403 5603 3581 5648 trans-

323 5686 628 5757 φαυλότητι
654 5686 874 5754 τρόπων
901 5687 1000 5756 τὴν
1022 5688 1196 5758 ἀρχὴν
1234 5689 1544 5758 Ῥωμαίων,
1592 5689 1898 5758 ἀποστῆναί

2001 5687 2168 5753 iisse,
2237 5687 2487 5756 quamvis
2549 5699 2743 5740 causas
2790 5685 2924 5753 ipsis
2972 5685 3225 5740 studendi
3277 5701 3386 5740 non
3433 5686 3579 5743 leves

326 5792 383 5830 τε
412 5777 658 5840 ἐκείνων,
685 5779 781 5829 καὶ⁸
833 5779 1226 5848 προσχωρῆσαι
1259 5781 1488 5850 βασιλεῖ·
1511 5783 1686 5836 καίτοι
1713 5800 1774 5852 γε
1803 5799 1900 5850 με·

2004 5782 2251 5836 Inberet.
2281 5776 2416 5834 Nam
2447 5787 2501 5834 et
2529 5778 2638 5834 ﬁlio
2664 5793 2763 5834 suo
2793 5777 3111 5848 patriarcha
3139 5777 3304 5833 ﬁliam
3333 5780 3572 5851 despon-

611 5873 884 5932 PATnOL.
922 5873 1039 5932 Gn.
1074 5872 1282 5933 CLIII.
3131 5871 3212 5930 37
