4048 6452
318 513 341 579 1
355 517 455 582 169

1434 512 1983 574 HISTORIARUM
2021 511 2257 572 LIBER
2295 511 2400 572 ΙΗ.

3423 508 3572 574 11το

310 621 632 695 ἀναπαύλης
677 620 1065 684 ἀπολαύσαντι,
1087 620 1212 674 οὐδὲ
1239 619 1443 692 ταύτην
1486 638 1566 675 σοι
1594 620 1694 691 τὴν
1724 620 1885 692 χάριν

1989 630 2270 693 praestare.
2306 620 2434 676 limo
2469 620 2777 689 rescripsit,
2814 627 2872 673 et
2901 627 3093 687 quarta
3122 620 3248 675 luce
3276 618 3564 676 Heracleae

312 716 608 787 ἀπολνήσω
632 713 975 767 καταθεῖναι.
999 711 1236 765 Τοιαῦτα
1266 712 1365 782 μὲν
1418 712 1731 784 ἀντέγραφε
1786 712 1885 766 καὶ

312 806 587 877 βασιλεύς·
623 805 760 877 μετά
803 804 861 858 δὲ
907 804 1174 874 τετάρτην
1217 804 1276 870 ἐξ
1326 803 1542 875 ἐκείνης
1592 798 1755 874 ἦλθεν
1805 804 1885 866 είς

312 897 672 968 ⁶Ηράκλειαν,
705 895 799 949 καὶ
815 895 1131 963 περιέμεινε
1179 894 1286 964 προ
1319 895 1446 948 ’τῶν
1477 894 1664 948 πυλῶν
1716 894 1887 957 ἑστὼς

311 990 397 1060 ἐφ’
440 989 641 1042 ίκανόνο
682 989 805 1041 ἐπεὶ
836 989 894 1040 δὲ
930 987 1108 1048 οὐδεὶς
1171 985 1524 1058 ἀντεπεξῄει,
1587 986 1648 1040 τὸ
1698 986 1886 1040 λοιπον

319 1079 546 1143 ὁδεύσας
571 1079 674 1147 τῆς
709 1078 945 1149 ἡμέρας,
972 1078 1233 1148 ηὐλίσατο
1262 1079 1362 1148 τὴν
1390 1079 1560 1133 νύκτα
1591 1079 1744 1149 παρά
1790 1095 1888 1132 πο-

309 1174 488 1241 ταμὸν
518 1172 1069 1242 προσαγορευόμενον
1098 1171 1394 1241 Ἀλμυρδν,
1426 1172 1631 1242 μεταξὺ
1672 1172 1890 1243 Σηλυμ-

314 1264 473 1335 ερίας
494 1264 589 1316 καὶ
616 1262 967 1333 Ἡρακλείας.
1002 1263 1096 1326 Εἰς
1124 1262 1223 1333 τὴν
1256 1263 1552 1334 ὑστεραίαν
1574 1264 1633 1317 δὲ
1685 1264 1886 1332 ἐστρα-

282 1354 647 1407 ίίιοπέδευσαν
682 1354 835 1421 παρά
852 1354 913 1406 τὸ
934 1355 1223 1423 Δαφνίδιον
1250 1354 1566 1424 λεγόμενον,
1623 1353 1752 1408 ἔνθα
1792 1353 1888 1424 βα-

313 1448 499 1508 σιλεὺς
549 1448 648 1516 μὲν
680 1446 861 1517 ἔμεινε
887 1448 1038 1517 παρά
1068 1447 1128 1500 τδ
1156 1446 1523 1516 στρατόπεδον
1547 1446 1663 1515 ἅμα
1681 1446 1888 1513 ὀλίγοις

306 1539 418 1590 τῶν
454 1536 766 1607 Ῥωμαίων·
802 1539 836 1606 ἡ
865 1536 1025 1608 λοιπὴ
1046 1537 1104 1591 δὲ
1128 1537 1361 1607 στρατιὰ
1390 1536 1531 1606 μετὰ
1560 1538 1660 1608 τῆς
1693 1539 1889 1607 [lapat-

309 1632 415 1700 κῆς
463 1633 530 1684 τὰ
600 1632 727 1700 περὶ
782 1629 1078 1693 Βυζάντιον
1137 1629 1484 1699 κατέδραμον
1515 1624 1711 1694 ,πάντα
1753 1631 1887 1701 ἄχρι

308 1721 691 1792 Προποντίδος,
721 1721 813 1774 καὶ
860 1722 1148 1774 ἐκάκωσαν
1198 1720 1256 1782 ἐς
1294 1719 1362 1773 τὰ
1411 1719 1668 1790 μάλιστα.
1721 1720 1888 1774 ’Δπέο

308 1815 525 1868 κτεινίν
549 1829 609 1867 τε
635 1814 742 1881 γὰρ
766 1813 813 1866 oi
836 1812 1100 1883 βάρϐαροι
1121 1813 1407 1876 πλείστους
1446 1811 1543 1867 καὶ⁵
1558 1811 1884 1884 ἠνδραποδί-

307 1922 496 1959 σαντο.
525 1904 826 1972 Φεύγοντές
857 1921 916 1957 τε
932 1904 1068 1975 πρὸς
1098 1905 1197 1975 τήν
1231 1905 1513 1959 θάλασσαν
1537 1906 1632 1959 καὶ
1658 1905 1884 1968 πλείους

1986 723 2116 769 ante
2166 722 2350 782 portas
2377 711 2645 773 constitit,
2681 712 2865 781 ibique
2895 711 2987 767 diu
3024 712 3241 767 hostem
3269 722 3562 781 exspecta-

1985 807 2086 862 vit.
2119 805 2350 861 Nemine
2381 805 2448 860 ad
2483 819 2721 875 pugnam
2759 804 3092 874 prodeunte,
3140 803 3415 872 reliquum
3447 803 3561 856 diei

1987 897 2043 950 in
2094 897 2292 951 itinere
2345 910 2582 966 ponens,
2620 904 2781 950 none
2825 895 2893 949 ad
2939 893 3164 948 ﬂuvium
3216 893 3558 963 llalmyrnm,

1989 986 2289 1058 Selybriam
2321 987 2463 1042 inter
2506 994 2567 1040 et
2629 982 2947 1040 Heracleam
2982 983 3255 1039 consedit.
3287 982 3562 1037 Postridie

1987 1080 2044 1135 in
2077 1080 2195 1134 loco
2253 1078 2615 1148 Daphnidium
2670 1077 2944 1146 appellato
2993 1076 3247 1141 tetendit,
3307 1075 3398 1130 ubi
3445 1076 3562 1144 ipse

1987 1185 2111 1226 cum
2136 1170 2326 1240 paucis
2358 1169 2621 1223 Romanis
2646 1183 2707 1223 se
2735 1168 2933 1223 castris
2954 1168 3238 1223 continuit
3265 1184 3280 1222 :
3314 1167 3560 1236 reliquus

1989 1262 2262 1319 exercitus
2286 1277 2354 1318 ex
2387 1262 2571 1317 Persis
2599 1261 2964 1316 auxiliaribus
2989 1262 3108 1316 loca
3138 1261 3322 1315 omnia
3351 1260 3560 1331 Byzan-

1989 1353 2070 1408 tio
2102 1353 2332 1408 ﬁnitima
2380 1368 2553 1423 usque
2588 1353 2653 1408 ad
2697 1351 3248 1424 Propontidem'cum
3294 1353 3577 1408 extremis.

1986 1444 2230 1500 cladibus
2270 1444 2588 1499 incursavit.
2637 1441 2973 1499 Occiderunt
3011 1445 3155 1499 enim
3203 1453 3259 1497 et
3315 1442 3570 1513 captivos

1987 1541 2290 1605 rapuerunt
2336 1534 2415 1588 illi
2470 1533 2699 1588 Barbari
2748 1535 3007 1589 mortales
3055 1547 3220 1602 quam
3249 1534 3558 1601 plurimos:
3614 1536 3625 1559 '

1986 1626 2204 1696 pecoris
2234 1641 2455 1695 quoque
2484 1627 2596 1681 vim
2640 1624 2920 1695 ingentem
2957 1625 3276 1695 abegerunt,
3330 1634 3386 1679 et
3414 1624 3564 1678 vicos

1986 1731 2183 1786 magno
2198 1732 2431 1771 numero
2457 1726 2816 1772 exusserunt.
2849 1716 2951 1782 Qui
2978 1717 3047 1771 ad
3074 1731 3227 1771 mare
3258 1714 3563 1786 fugiebant,

1986 1822 2111 1862 cum
2142 1808 2197 1863 in
2228 1808 2442 1864 lembos
2509 1809 2785 1863 insilirent
2829 1810 3039 1879 plures,
3073 1824 3236 1878 quam
3288 1807 3416 1863 ferri
3453 1824 3567 1878 po-

1982 1907 2191 1963 terant,
2223 1900 2290 1954 ad
2330 1900 2445 1954 lucc
2474 1901 2644 1955 etiam
2687 1915 2799 1968 prae
2831 1901 3074 1955 tumultu
3103 1914 3169 1953 ac
3204 1900 3566 1969 trepidatione

300 1970 672 2065 ἐμπίπτοντες
701 1996 759 2047 ἐν
787 1996 900 2057 τοῖς
922 1970 1168 2063 λέτμόοις,
1224 1997 1258 2064 ἢ
1291 1995 1448 2058 ὅσους
1505 1995 1695 2065 φέρειν
1738 1991 1883 2065 ἦσαν

1988 1991 2232 2047 ordinem
2267 1992 2475 2045 nullum
2509 2000 2782 2057 tenerent,
2828 1992 2939 2046 illis
2984 1990 3191 2046 eversis
3247 1991 3565 2061 submerge-

299 2063 551 2151 δυνατόὶ,
573 2085 749 2147 ἄλλως
780 2103 840 2138 τε
866 2086 961 2138 καὶ
994 2085 1099 2138 ὑπὸ
1119 2084 1214 2138 τοῦ
1243 2086 1475 2157 θορύϐου
1496 2087 1882 2151 ἀτακτοῦντες,

306 2175 682 2243 ἀπεπνίγοντο
716 2175 1171 2245 ἀνατρεπόμενοιο
1208 2177 1306 2228 καὶ
1337 2179 1591 2239 παντοῖος
1620 2171 1689 2246 ἦν
1717 2177 1744 2227 ὀ
1763 2176 1881 2229 δλεο

303 2267 438 2334 θρος
485 2263 628 2317 κατά
650 2266 747 2334 τὴν
778 2263 967 2334 ἔφοδον
996 2265 1236 2334 ἐκείνην·
1264 2264 1631 2335 βοσκημάτων
1681 2281 1741 2318 τε
1775 2266 1884 2335 γὰρ

303 2356 517 2432 ᾗλασαν
543 2355 746 2421 πλῆθος
781 2358 881 2410 οὐκ
919 2356 1099 2426 ὀλίγον
1124 2358 1218 2410 καὶ
1248 2355 1571 2426 ἀνθρώπους
1599 2354 1886 2426 αἰχμαλώ-

301 2463 436 2509 τους
469 2448 527 2500 τὸ
551 2446 904 2517 βαρϐαρικόνο
943 2449 1037 2500 καὶ¹
1078 2449 1178 2510 τὰς
1227 2446 1486 2510 πλείστας
1538 2446 1647 2500 τῶν
1681 2445 1885 2516 κωμῶν

302 2537 639 2607 ἐνέπρησαν.
670 2538 833 2593 Αίτία
867 2537 924 2591 δέ
958 2538 1196 2608 μάλιστα
1224 2540 1324 2608 τῆς
1350 2537 1624 2608 τοσαύτης
1675 2538 1886 2609 φθορᾶς

304 2627 533 2695 ἐγένετο
582 2629 812 2698 δμέγας
858 2628 1004 2696 δούξ.
1043 2628 1226 2684 Πολλά
1282 2629 1393 2700 γὰρ
1456 2628 1888 2699 μεγαλαυχήσας

301 2720 406 2773 καὶ
431 2725 683 2790 φυσήσας
718 2722 806 2774 ὅτε
833 2720 1099 2791 ἐξήλαυνε
1154 2719 1481 2786 Βυζαντίου,
1532 2722 1628 2774 καὶ
1659 2720 1887 2791 θαρρεῖν

300 2812 595 2876 κελεύσας,
627 2812 702 2875 ὼς
742 2813 922 2876 οὐδεὶς
965 2813 1358 2885 ἀντιστήσεται
1405 2813 1516 2865 τῶν
1584 2811 1884 2882 πολεμίων,

286 2904 451 2965 ,ἀλλά
485 2904 698 2968 πάντας
752 2903 926 2976 ἄρδην
985 2905 1274 2972 ἐπιφανεὶς
1302 2903 1609 2974 διαφθερεῖ,
1651 2904 1773 2956 ἐπεὶ
1798 2906 1888 2957 ἐν-

299 2995 530 3058 αντίως,
570 2996 603 3066 ἢ
642 2997 808 3057 αὐτὸς
837 2994 1208 3064 ἐπηγγέλλετο
1233 2995 1520 3057 ἀπέϐαινε,
1549 2994 1642 3048 καὶ
1694 2991 1888 3063 τειχή-

306 3102 414 3155 ρης
450 3085 590 3139 κατά
620 3087 720 3156 την
762 3083 1097 3154 Ἡράκλειαν
1145 3087 1387 3154 ἐγένετο,
1430 3082 1609 3139 καίτοι
1646 3083 1887 3151 δυνάμε-

301 3194 398 3239 νος
436 3177 533 3248 τὴν
601 3178 996 3249 προσήκουσαν
1042 3178 1176 3248 περὶ
1216 3176 1317 3248 τὴν
1368 3175 1556 3248 χώραν
1617 3176 1886 3246 πρόνοιαν

303 3271 584 3324 ποιεῖσθαι
648 3270 746 3340 τήν
774 3269 962 3340 ἔφοδον
992 3270 1380 3338 ἀπαγγέλλων,
1454 3270 1483 3322 ό
1542 3268 1590 3322 δ’
1619 3268 1775 3322 οὐδὲν
1829 3268 1886 3319 ἐ-

300 3361 454 3414 ποίει
485 3361 597 3416 τῶν
624 3361 877 3428 δεόντων,
909 3361 1101 3432 ὥσπερ
1125 3359 1382 3423 δεδοικὼς
1407 3360 1483 3430 μὴ
1503 3358 1613 3412 τῶν
1645 3358 1884 3429 πολεμί-

297 3473 383 3508 ων
410 3454 589 3524 ἥττων
619 3456 903 3524 γεγονέναι
934 3452 1321 3509 ὑποπτεύοιτο*
1371 3455 1467 3509 καὶ
1500 3452 1589 3507 διὰ
1637 3453 1736 3523 τὴν
1771 3467 1888 3505 τοι-

300 3544 483 3614 αὐτην
512 3546 695 3600 ἀνοιαν
729 3545 947 3610 πολλοῖς
994 3547 1168 3610 αἴτιος
1201 3549 1420 3614 ἐγένετο
1462 3544 1719 3616 μεγάλων
1744 3560 1887 3614 συμο

301 3636 516 3706 φορῶν.
561 3636 801 3701 Ἐκεῖνος
862 3637 920 3691 δὲ
957 3638 1057 3707 τὴν
1087 3638 1186 3710 μὲν
1242 3641 1323 3703 είς
1379 3637 1672 3700 Βυζάντιον
1724 3635 1889 3688 αὐτοῦ

301 3725 565 3779 ἐπάνοδον
597 3726 831 3797 νομίζων
871 3729 1179 3796 ἀναγκαίαν
1235 3725 1398 3790 εῖναι,
1452 3727 1776 3781 ὑποπτεύων
1831 3724 1888 3780 δέ

300 3816 407 3881 τὴν
437 3816 685 3885 ἦπειρον,
708 3817 782 3880 di;
816 3816 1020 3888 μεστὴν
1054 3817 1316 3871 κινδύνων
1363 3816 1451 3870 διά
1481 3816 1541 3869 τὸ
1570 3817 1888 3886 ἐπικρατεῖν

300 3906 433 3969 τοὺς
462 3906 776 3976 πολεμίους,
807 3908 898 3961 διὰ
926 3907 1028 3977 τῆς
1055 3909 1332 3978 θαλάσσης
1374 3909 1677 3978 ἀνέστρεφε
1734 3908 1889 3978 τριή-

304 4011 417 4065 ρει,
469 3997 569 4067 τὴν
606 3996 871 4067 στρατιὰν
932 3999 1047 4050 ἐκεῖ
1096 3999 1432 4053 καταλιπών·
1466 4000 1563 4052 καὶ
1623 3998 1886 4069 αἰσχίστη

302 4085 488 4152 ἔδοξεν
534 4088 565 4156 ὴ
615 4087 983 4159 ἀναχῦρησις,
1033 4089 1127 4141 καὶ
1188 4088 1499 4143 ἀποδέουσα
1544 4089 1726 4158 πολλῷ
1779 4088 1888 4141 τῶν

301 4177 564 4233 ἀπειλῶν.
602 4178 864 4244 Βασιλεὺς
887 4178 941 4232 δὲ
974 4180 1118 4233 ὀκτὼ
1152 4181 1363 4251 ἡμέρας
1398 4184 1527 4251 περὶ
1583 4181 1643 4233 τὸ
1674 4181 1889 4246 Βυζάν-

302 4286 422 4321 τιον
448 4270 754 4339 διατρίψας,
779 4272 872 4324 καὶ
901 4271 1158 4335 κακώσας
1198 4275 1258 4336 ἐς
1312 4273 1383 4326 τὰ
1445 4272 1702 4344 μάλιστα,
1765 4271 1889 4325 ἀνέ-

305 4378 544 4431 στρεφεν
572 4365 651 4425 είς
681 4364 927 4435 Θρᾴκην,
951 4365 1046 4418 καὶ
1077 4365 1246 4417 πᾶσαι
1281 4364 1464 4427 πόλεις
1486 4364 1682 4418 αὐτίκα
1726 4380 1893 4433 προσ·

302 4453 567 4524 εχώρουν,
608 4455 705 4525 τὴν
732 4459 795 4510 ἐκ
815 4456 1114 4521 Βυζαντίου
1180 4456 1432 4527 βοήθειαν
1480 4455 1892 4524 ἀπογινώσκου-

305 4559 421 4605 σαι,
450 4543 589 4613 πλὴν
604 4544 767 4598 Αἴνου
801 4548 897 4599 καὶ
927 4545 1245 4618 Ἐξαμιλίου
1276 4548 1372 4599 καὶ⁸
1394 4545 1631 4599 Καλλίου
1660 4545 1887 4609 πόλεως.

1988 2085 2207 2148 bantur,
2252 2083 2560 2153 licebatque
2590 2098 2653 2137 ea
2704 2083 3023 2138 incursione
3066 2083 3316 2152 aspicere
3354 2083 3564 2136 variam

1987 2176 2301 2231 saevissima:
2331 2176 2663 2231 calamitatis
2690 2175 3008 2243 imaginem.
3040 2174 3217 2243 llujus
3249 2182 3412 2228 tantae
3440 2189 3566 2242 per-

1987 2267 2213 2323 ditionis
2272 2268 2432 2336 culpa
2484 2282 2655 2337 penes
2702 2282 2959 2338 magnum
3009 2267 3204 2321 ducem
3252 2265 3376 2321 fuit.
3424 2265 3564 2319 Cum

1986 2360 2132 2414 enim
2164 2359 2428 2430 Byzantio
2463 2359 2775 2430 egrediens.
2818 2358 3077 2429 superbia
3114 2358 3358 2414 tumidus
3386 2357 3566 2412 Thra-

1987 2450 2178 2505 sonica
2202 2450 2363 2505 verba
2391 2450 2647 2519 iactaret,
2675 2450 3008 2520 juberetque
3042 2450 3320 2504 conlidere
3348 2450 3564 2504 nullum

1986 2543 2230 2598 hostium
2262 2558 2321 2598 se
2362 2544 2772 2614 oppositurum,
2805 2543 2900 2598 sed
2931 2558 3032 2598 suo
3080 2551 3292 2598 tantum
3328 2558 3568 2611 conspe-

1988 2643 2081 2689 ctu
2144 2649 2336 2689 omnes
2388 2648 2447 2689 se
2495 2632 2563 2689 ad
2630 2648 2798 2717 unum
2846 2634 3215 2703 perditurum,
3276 2642 3566 2703 postquam

1990 2740 2154 2781 secus
2182 2723 2389 2791 evenit,
2421 2739 2582 2793 quam
2606 2724 2956 2795 promiserat,
2990 2733 3046 2778 et
3086 2722 3360 2779 Heracleae
3393 2724 3566 2780 muris

1989 2829 2050 2869 se
2103 2816 2241 2869 texit
2315 2814 2586 2884 (quamvis
2650 2821 2837 2883 posset
2894 2814 3291 2869 convenienter
3355 2815 3564 2885 regioni

1987 2904 2299 2976 providere,
2336 2912 2392 2959 et
2434 2904 2692 2958 hostilem
2742 2905 3038 2958 adventum
3081 2904 3429 2974 denuntiare)
3476 2907 3567 2960 ni—

1989 2997 2179 3066 hilque
2235 3010 2302 3049 ex
2353 2995 2533 3050 ofﬁcio
2593 3010 2694 3050 suo
2749 2994 2880 3049 fecit
2931 2994 3148 3064 (utpote
3198 2996 3446 3060 timens,
3497 3010 3569 3050 ne

1988 3088 2241 3144 hostibus
2264 3086 2496 3142 inferior
2523 3087 2852 3157 videretur),
2891 3094 2949 3143 et
2990 3101 3088 3157 per
3120 3100 3239 3140 eam
3271 3087 3567 3142 amentiam

1987 3181 2256 3252 plurimos
2291 3178 2531 3234 reddidit
2564 3179 2927 3234 miserrimos.
2975 3178 3115 3234 Cum
3154 3178 3431 3249 iudicaret
3470 3194 3583 3234 ουσ-

1989 3283 2120 3337 tem,
2163 3275 2533 3327 reversionem
2568 3286 2725 3328 suam
2764 3271 3088 3343 Byzantium
3133 3286 3257 3327 esse
3300 3285 3566 3327 necessa-

1988 3366 2161 3430 riam,
2223 3371 2279 3420 et
2331 3365 2708 3419 continentem
2756 3371 2817 3418 ut
2869 3362 3285 3418 infestissimam
3342 3370 3568 3432 propter

1988 3456 2179 3511 hostes
2210 3463 2503 3522 metueret,
2535 3454 2712 3525 copiis
2748 3454 2822 3508 ibi
2876 3453 3106 3517 relictis,
3147 3468 3245 3523 per
3280 3467 3432 3506 mare
3467 3454 3568 3506 tri-

1989 3546 2126 3601 remi
2180 3545 2342 3601 rediit
2372 3562 2388 3600 :
2419 3547 2648 3615 visaque
2677 3545 2876 3600 reditio
2915 3544 3251 3613 turpissima,
3283 3551 3339 3598 et
3391 3543 3570 3597 mina-

1988 3653 2110 3693 rum
2159 3639 2377 3693 illarum
2408 3638 2711 3693 terroribus
2743 3638 2904 3709 longe
2934 3636 3235 3692 dissimilis.
3261 3635 3568 3705 imperator

1989 3738 2116 3785 octo
2142 3728 2338 3783 diebus
2367 3743 2539 3798 prope
2566 3728 2888 3799 Byzantium
2921 3728 3283 3797 consumptis,
3313 3737 3370 3782 et
3398 3726 3569 3782 detri-

1989 3821 2193 3875 mentis
2231 3819 2561 3875 immanibus
2604 3819 2796 3885 illatis,
2844 3819 2899 3874 in
2929 3819 3219 3874 Thraciam
3256 3834 3565 3890 regressus,

1989 3911 2253 3967 continuo
2276 3925 2470 3966 omnes
2503 3911 2687 3973 urbes,
2715 3911 2937 3964 auxiliis
2965 3925 2998 3965 e
3025 3911 3281 3982 Byzantio
3308 3912 3569 3982 despera-

1989 4005 2094 4071 tis,
2114 4010 2312 4072 pneter
2332 4001 2534 4057 Ainum
2567 4012 2622 4058 et
2651 4002 3012 4057 llexamilium
3043 4013 3095 4058 et
3130 4003 3472 4074 Calliopolim
3506 4018 3568 4058 se

1990 4096 2347 4164 subjicientes
2418 4096 2651 4164 accepit.
2718 4094 3047 4165 Convocatis
3104 4110 3269 4164 porro
3316 4095 3566 4149 omnium

1993 4187 2260 4258 profectis
2303 4188 2467 4258 622
2515 4187 2584 4243 ab
2630 4187 2874 4257 Augusta
2917 4187 3220 4252 institutis,
3287 4187 3568 4256 multaque

1992 4279 2221 4334 lenitate
2283 4293 2346 4334 ac
2396 4279 2820 4333 mansuetudine
2873 4279 3138 4348 exceptis,
3199 4279 3568 4347 mandataque

1992 4386 2062 4425 ne
2118 4385 2282 4440 quam
2341 4384 2524 4425 rerum
2593 4386 2817 4426 suarum
2875 4371 3147 4442 iacturam
3202 4355 3563 4440 palarentur,

1991 4459 2316 4529 quibusdam
2374 4458 2503 4514 item
2536 4459 2878 4514 tenuioribus
2924 4458 3128 4514 viatico
3164 4468 3220 4512 et
3250 4458 3405 4527 equis
3438 4473 3566 4527 sup-

1998 4548 2278 4619 peditatis,
2327 4547 2649 4619 Byzantium
2689 4563 2785 4602 eos
2819 4547 3048 4610 dimisit,
3096 4547 3262 4602 etiam
3303 4555 3416 4601 tum
3471 4562 3567 4617 pa—

302 4635 446 4696 Τοὺς
473 4636 531 4688 ἐν
560 4637 798 4701 ἀπάσαις
834 4637 892 4690 δὲ
943 4636 1209 4709 ἄρχοντας
1264 4636 1610 4706 συναγαγὼν,
1659 4637 1708 4691 οἳ
1734 4639 1886 4709 παρὰ

1993 4657 2113 4696 cem
2170 4657 2371 4713 rogans
2431 4657 2543 4697 non
2619 4641 3021 4712 imperatricem
3086 4642 3301 4705 solum,
3359 4641 3456 4696 sed
3509 4648 3568 4695 et

309 4725 581 4795 βασιλίδος
610 4723 753 4799 ἦσαν
774 4732 1244 4803 ἐπιτετραμμένοι
1285 4733 1384 4797 τὰς
1422 4735 1616 4805 ἀρχάς,
1644 4736 1739 4789 καὶ
1755 4735 1885 4789 πολ-

304 4818 408 4887 λὴν
436 4821 567 4889 περὶ
609 4822 807 4884 αὐτοὺς
836 4823 1136 4878 ἐπιείκειαν
1179 4827 1273 4879 καὶ
1317 4826 1634 4897 ἡμερότητα
1683 4826 1887 4880 ἐπιδει-

304 4909 563 4976 ξάμενος,
593 4910 861 4976 κελεύσας
895 4929 954 4966 τε
1001 4915 1228 4984 μηδενὸς
1272 4916 1715 4986 ἀποστερηθῆναι
1773 4915 1885 4968 τῶν

303 4997 555 5063 ἐνόντων,
583 5001 746 5064 ὲνίοις
785 5001 843 5055 δὲ
902 5004 995 5056 καὶ
1024 5003 1354 5074 ἀναλώματα
1410 5006 1508 5060 καὶ
1549 5005 1752 5069 ῖππους
1781 5021 1887 5058 πα-

306 5088 639 5159 ρασχόμενος
667 5093 782 5145 ὅσοι
821 5093 896 5164 μὴ
921 5092 1186 5165 εὐπόρουν
1210 5095 1290 5158 είς
1323 5095 1617 5158 Βυζάντιον
1637 5095 1889 5167 ἀπέπεμ-

300 5197 395 5241 πε,
425 5182 556 5252 περὶ
577 5185 673 5252 τῆς
695 5184 921 5257 εἰρήνης
939 5180 1095 5251 αὖθις
1125 5187 1187 5241 οὐ
1220 5186 1490 5257 βασιλίδος
1521 5190 1702 5258 μόνον,
1749 5188 1887 5243 ἀλλά

301 5272 400 5324 καὶ
465 5274 804 5345 πατριάρχου
879 5279 972 5330 καὶ
1044 5279 1219 5334 ἄλλων
1287 5279 1540 5350 δεόμενος
1585 5280 1885 5351 ἀρχόντων,

296 5365 707 5421 τάναντιώτατα
732 5371 843 5432 τοῖς
873 5371 1051 5423 ἐκεῖσε
1080 5371 1304 5442 ἄρχουσι
1332 5371 1422 5424 διὰ
1464 5373 1704 5442 σπουδῆς
1755 5369 1888 5431 πολ-

297 5455 404 5525 λῆς
438 5457 724 5527 τιθέμενος
756 5463 949 5515 ποιεῖν.
1001 5463 1262 5517 Ἐκείνων
1309 5464 1420 5535 γὰρ
1462 5463 1522 5517 ού
1556 5463 1716 5534 μόνον
1754 5462 1888 5527 τοὺς

298 5547 554 5615 φανερῶς
592 5552 844 5607 τάκείνου
874 5554 1206 5625 ᾑρημένους,
1259 5554 1397 5609 ἀλλὰ
1425 5556 1519 5609 καὶ
1545 5556 1598 5608 εί
1627 5572 1712 5620 τις
1755 5551 1887 5627 ἦθος

301 5639 592 5708 ὁποφαίνοι
623 5642 759 5713 πρὸς
794 5643 863 5696 τὰ
888 5646 1236 5716 πραττόμενα
1269 5646 1728 5716 ἀγανακτοῦντος,
1773 5663 1862 5699 πιο

296 5728 449 5798 κρῶς
480 5731 573 5784 καὶ
599 5733 978 5804 ἀπανθρώπως
1040 5737 1398 5802 κολαζόντων,
1427 5731 1582 5802 οὗτος
1610 5739 1722 5802 τοῖς
1757 5738 1887 5792 συλ-

297 5820 740 5893 λαμδανομένοις
771 5828 835 5880 ἐκ
867 5828 975 5880 τῶν
1006 5831 1424 5900 προσκειμένων
1457 5830 1714 5901 βασιλίδι,
1739 5848 1884 5902 παρ·

299 5910 479 5982 είχετο
502 5914 595 5970 καὶ
623 5917 792 5988 δῶρα,
828 5920 921 5973 καὶ
954 5922 1091 5990 πρὸς
1122 5920 1308 5993 ύσρεις
1328 5923 1559 5996 αἰσχρὰς
1605 5925 1699 5979 καὶ
1758 5924 1882 5980 ἀνε-

1991 4733 2359 4805 patriarcham
2399 4741 2456 4788 et
2492 4734 2788 4789 archontas
2839 4733 2998 4799 alios,
3057 4748 3123 4789 ex
3168 4734 3434 4788 diametro
3479 4732 3568 4786 di-

1989 4842 2146 4882 versa
2203 4827 2271 4881 ab
2305 4826 2412 4881 illis
2460 4826 2643 4881 facere
2694 4825 3069 4896 maximopere
3129 4826 3369 4881 enitens.
3430 4823 3565 4880 Nam

1992 4930 2116 4970 cum
2174 4916 2252 4970 illi
2311 4931 2418 4969 non
2468 4916 2633 4972 modo
2670 4931 2768 4971 eos
2824 4917 2916 4986 qui
2964 4926 3150 4987 aperte
3183 4917 3567 4989 (iantacuzeno

1992 5002 2260 5065 faverent,
2298 5004 2394 5059 sed
2434 5004 2480 5059 si
2519 5004 2643 5074 quis
2666 5006 2755 5060 vel
2792 5005 3047 5060 allectum
3089 5007 3468 5062 tantummodo
3495 5010 3567 5062 ob

1988 5093 2078 5148 illa
2115 5108 2237 5162 qua:
2270 5093 2473 5149 fiebant
2509 5095 2749 5150 dolentis
2773 5096 3235 5163 subostendisset,
3271 5098 3566 5168 indignan-

1988 5190 2072 5239 tes
2117 5183 2378 5239 atrociter
2418 5183 2569 5238 illum
2641 5195 2697 5240 et
2730 5186 3108 5241 inhumaniter
3141 5189 3405 5258 punirent
3430 5205 3444 5242 :
3474 5190 3563 5244 hic

1988 5272 2164 5342 captis
2208 5274 2302 5342 qui
2358 5274 2427 5329 ab
2491 5274 2844 5344 imperatrice
2904 5283 3150 5339 starent,
3201 5277 3363 5330 etiam
3419 5278 3564 5330 dona

1988 5362 2344 5436 largiebatur.
2394 5364 2645 5435 Cumque
2698 5366 2773 5420 illi
2830 5367 2900 5422 ad
2964 5366 3110 5422 [uada
3161 5375 3218 5421 et
3272 5368 3561 5424 illiberalia

1990 5455 2239 5511 convicia
2291 5463 2347 5510 et
2396 5454 2504 5525 ipsi
2555 5465 3032 5521 converterentur,
3072 5465 3129 5510 et
3186 5457 3325 5511 alios
3367 5472 3562 5511 omnes

1964 5547 2285 5603 incitarent
2316 5562 2331 5599 :
2363 5547 2536 5613 hunc,
2578 5548 2625 5601 si
2658 5547 2785 5616 quis
2815 5557 2912 5601 aut
2944 5547 2997 5602 in
3049 5547 3416 5617 patriarcham
3467 5557 3564 5602 aut

1990 5643 2048 5698 in
2104 5655 2365 5713 magnum
2430 5642 2651 5703 ducem,
2714 5651 2810 5696 aut
2864 5642 3026 5695 alium
3079 5642 3149 5697 de
3201 5640 3562 5695 archontibus

1993 5733 2446 5790 contumeliosius
2495 5732 2777 5803 quidpiam
2825 5733 3090 5797 dixisset,
3151 5731 3559 5788 severissimum

1991 5824 2390 5895 experiebatur.
2424 5824 2838 5894 lmperatricem
2891 5839 3111 5893 quoque
3143 5832 3199 5879 et
3225 5824 3346 5893 ejus
3387 5822 3558 5877 ﬁlium

1990 5920 2399 5990 imperatorem,
2430 5918 2548 5987 ipso
2576 5916 2831 5987 jubente,
2858 5931 3073 5987 semper
3115 5915 3554 5973 honoriﬁcentis-
