4048 6428
342 463 480 528 1173

1463 446 2018 530 'HIiTthlARUM
2063 444 2294 505 LIBER
2334 412 2448 504 in.

3442 433 3582 498 il‘ii

334 578 442 633 ὑπὸ
466 575 659 645 Βρὰνῳ
695 566 787 643 ἦν,
838 570 932 622 καὶ
989 570 1100 633 τοῖς
1140 566 1440 636 πράττουσι
1498 566 1567 618 τὰ
1614 559 1906 633 βασιλίδος.

2025 572 2123 611 non
2181 555 2358 611 solum
2410 550 2632 623 propter
2688 552 3103 608 frustrationem
3152 551 3423 616 civitatis,
3489 555 3585 606 sed

332 667 445 720 Καὶ
467 663 810 730 Ἀπὸκαυχον
848 661 941 711 τὸν
971 657 1120 726 σφῶν
1153 657 1388 725 ἄρχοντα
1414 653 1734 723 πέμψαντες
1764 652 1904 721 ἧγαο

332 774 432 825 γον
462 755 526 807 ἐκ
551 751 844 805 Βουκέλου.
871 747 1138 809 Βασιλεὺς
1170 747 1229 801 δὲ
1288 747 1410 799 ἐπεὶ
1449 744 1680 798 ἐπύθετο
1716 743 1783 796 τὰ
1812 759 1904 810 γε·

331 842 716 914 γενημένα,ὀύ
749 841 984 912 μετρίως
1000 837 1226 909 ἤχθετο,
1258 838 1318 890 ού
1368 837 1528 907 μόνον
1564 836 1662 906 τῆς
1694 833 1903 895 πόλεως

334 932 647 1001 ἀποτυχὼν,
685 930 821 984 ἀλλά
853 932 947 983 καὶ
1009 929 1120 981 τῶν
1177 928 1348 997 φίλων
1399 926 1787 995 ἀπολλυμένων
1842 926 1905 977 ἐκ

331 1026 431 1095 τῆς
473 1022 750 1085 ἀϐουλίας.
786 1021 1127 1091 Ἀπόκαυχος
1166 1020 1222 1073 δὲ
1251 1019 1508 1089 Μανουὴλ
1538 1019 1566 1071 ὁ
1595 1017 1691 1071 τοῦ
1737 1018 1908 1088 μεγὰ-

333 1116 429 1169 λοῦ
454 1114 644 1176 δουκδς
675 1113 809 1179 υίὸς,
842 1113 975 1182 πρὸς
1012 1111 1236 1181 βασιλέα
1261 1111 1447 1181 κρύφα
1481 1110 1725 1180 πέμψας,
1754 1108 1907 1181 πρῶ·

335 1226 427 1262 τον
454 1208 550 1277 μὲν
580 1206 786 1276 ἔφασκε
823 1207 914 1256 καὶ
960 1204 1122 1258 αὐτὸν
1171 1203 1438 1258 ἀκούοντα
1496 1203 1648 1272 παρά
1703 1219 1763 1253 τε
1799 1201 1910 1255 τῶν

337 1297 513 1351 ἄλλων
545 1295 640 1349 καὶ
673 1294 769 1347 τοῦ
803 1295 1006 1363 πατρὶς
1037 1293 1201 1346 αὐτοῦ
1243 1293 1415 1347 πολλά
1461 1293 1556 1347 καὶ
1594 1293 1747 1346 δεινά
1775 1309 1910 1345 κατ-

336 1377 720 1459 ηγορούντων,
772 1384 1056 1438 πείθεσθαι
1123 1386 1218 1438 καὶ
1271 1383 1475 1451 αὐτὸν,
1526 1383 1621 1437 καὶ
1671 1383 1913 1453 νομίζειν

338 1480 582 1542 ἐκείνους
601 1477 908 1548 ἀληθεύειν·
938 1480 1116 1548 χρόνῳ
1144 1477 1202 1529 δὲ
1228 1476 1494 1547 πρότερον
1520 1475 1723 1546 πολλῷ,
1756 1477 1914 1545 ἀκρι-

338 1570 449 1633 ϐῶς
477 1571 586 1623 τῶν
615 1570 916 1638 γινομένων
944 1571 1042 1632 τὰς
1074 1568 1255 1639 αἰτίας
1304 1567 1653 1634 ἐξετάζοντα,
1724 1568 1914 1621 τοῦτον

342 1659 441 1730 μὲν
468 1659 670 1722 ἀδίκως
706 1661 1108 1730 πολεμούμενον
1130 1659 1407 1728 εὑρίσκειν
1437 1702 1453 1728 ,
1486 1660 1730 1723 ἐκείνους
1763 1658 1819 1712 δὲ
1848 1660 1917 1712 ei

340 1750 544 1819 ἔσχατα
572 1749 891 1813 ἀδικοῦντας
913 1752 1013 1802 οὐκ
1042 1750 1207 1802 αύτδν
1242 1752 1424 1820 μόνον,
1451 1749 1590 1803 ἀλλά
1636 1751 1730 1803 καὶ
1772 1748 1916 1819 σύμο

340 1858 550 1903 παντας
590 1838 892 1920 Ῥωμαίους
925 1840 1098 1920 οὔτως
1162 1840 1784 1911 ὲξανδραποδιζομένους
1821 1841 1918 1892 καὶ

341 1908 947 2004 ἀπολλυμένουςᾶρδην
974 1908 1062 1987 δῗά
1090 1935 1193 2004 τὴν
1227 1908 1453 1988 ἐκείνων
1481 1908 1776 2006 φιλαρχίαν
1818 1934 1913 1987 καὶ

342 2025 736 2097 ἀγνωμοσύνην
767 2043 782 2057 υ
840 2025 962 2080 ὅθεν
1012 2026 1106 2080 καὶ
1154 2026 1483 2094 ἀγανακτεῖν
1521 2026 1622 2079 ούκ
1675 2025 1919 2087 ἀνεκτῶς

343 2119 483 2190 πρὸς
510 2119 620 2171 τῶν
657 2118 1051 2189 πραττομένων
1104 2120 1204 2186 τὴν
1243 2102 1491 2172 ἀτοπίαν.
1558 2116 1826 2181 Ἐλπίζων
1858 2116 1916 2169 δέ
1969 2149 1980 2162 ε

349 2229 474 2263 τινα
506 2211 719 2280 ταχέως
750 2210 904 2264 λύσιν
929 2210 1037 2264 τῶν
1086 2211 1274 2265 κακῶν
1327 2209 1680 2280 γενήσεσθαι,
1731 2209 1920 2279 φέρειν

342 2303 445 2371 τὴν
482 2301 600 2371 μετ’
634 2300 860 2354 ἐκείνων
910 2302 1214 2372 διατριϐὴν.
1263 2302 1399 2354 Νυνὶ
1433 2302 1492 2354 δὲ
1542 2301 1769 2354 ἐκείνων
1821 2301 1921 2369 μὲν

339 2394 552 2466 ὁρῶντα
582 2392 681 2462 τὴν
713 2394 991 2457 ἀπόνοιαν,
1026 2394 1121 2445 καὶ
1166 2392 1241 2454 ὡς
1272 2392 1392 2446 οὐδὲ
1450 2392 1560 2446 τῶν
1608 2391 1794 2445 κακῶν
1820 2392 1925 2462 ἠδη

348 2485 726 2554 περιστάντων
754 2486 821 2537 τά
853 2484 1040 2537 δέοντα
1066 2483 1193 2555 περί
1216 2500 1275 2536 τε
1312 2484 1462 2553 σφῶν
1488 2482 1667 2534 αὐτῶν
1691 2483 1785 2534 καὶ
1815 2482 1924 2534 τῶν

349 2579 529 2633 ἄλλων
572 2577 817 2646 ἔγνωσαν
859 2576 1232 2646 βουλεύεσθαι,
1286 2576 1402 2629 ἀλλ’
1426 2575 1772 2629 ἀπωθοῦνται
1826 2574 1925 2647 τὴν

346 2671 598 2738 εἰρήνην,
627 2667 863 2736 μάλιστα
889 2665 980 2721 ὕπ’
1004 2666 1168 2720 αὑτοῦ
1209 2668 1692 2738 παρακαλούμενοι
1720 2666 1811 2720 τοῦ
1844 2684 1928 2720 το·-

345 2760 520 2813 σαῦτα
578 2760 675 2813 καὶ
727 2760 993 2831 πρότερον
1039 2761 1133 2814 καὶ
1189 2760 1351 2830 μέχρι
1401 2759 1496 2813 νῦν
1543 2760 1925 2830 ἀδικουμένου,

342 2852 443 2904 καὶ
472 2849 579 2903 τῶν
606 2853 686 2914 τίς
713 2851 874 2904 αὑτὸν
900 2850 1179 2904 τοσούτων
1237 2852 1334 2904 καὶ
1369 2850 1707 2919 τηλικούτων
1737 2852 1928 2907 δεινῶν

342 2943 731 3013 γεγενημένων
769 2943 1149 3012 παρεχομένου
1179 2944 1522 3014 ἀμνηστίαν,
1552 2945 1656 3014 τήν
1686 2961 1746 2998 τε
1784 2945 1930 2998 ἐκεί.

343 3054 456 3088 νων
479 3035 871 3106 βδελυξάμενον
893 3035 1313 3104 ἀγνωμοσύνην,
1339 3037 1433 3089 καὶ
1454 3036 1554 3106 τὴν
1595 3037 1764 3090 αὑτοῦ
1798 3038 1931 3090 θαυ-

344 3145 389 3197 μ
404 3128 598 3180 ἡσαντα
624 3125 1027 3196 μεγαλοψυχίαν
1045 3124 1137 3181 καὶ
1161 3126 1658 3197 καρτερίανριαίίτδ
1673 3127 1815 3182 οὕτω
1828 3128 1930 3199 τῆς

344 3219 531 3287 κοινῆς
562 3218 829 3285 ὠφελείας
846 3217 1008 3270 ἓνεκα
1025 3220 1092 3270 τὰ
1125 3218 1247 3283 καθ’
1277 3217 1469 3271 ἑαυτὸν
1488 3219 1776 3289 προΐεσθαι
1795 3222 1935 3274 ἑτοί-

347 3328 487 3378 μως,
523 3311 598 3379 μὴ
624 3310 858 3373 ἐκείνοις
890 3309 1159 3362 ὲπιπλέον
1193 3307 1458 3363 δύνασθαι
1481 3304 1742 3364 συνεῖναι·
1800 3311 1936 3367 ἀλλά

344 3405 417 3454 τὶ
440 3402 601 3454 αὐτοῦ
621 3401 856 3471 ᾑρῆσθαι
876 3400 1099 3471 μᾶλλον,
1116 3401 1211 3455 καὶ
1226 3401 1285 3467 ἐξ
1301 3403 1469 3473 αὐτῆς
1489 3402 1557 3456 τά
1576 3402 1737 3457 αὐτοῦ
1761 3406 1937 3475 πράτ-

344 3511 482 3557 τειν,
507 3494 602 3546 καὶ
620 3493 1237 3563 προκινδυνεύειναύτοῦ
1271 3494 1504 3562 μάλιστα
1533 3496 1819 3566 βούλεσθαι
1843 3499 1936 3551 καὶ

346 3582 444 3635 τοῦ
495 3583 726 3637 δικαίου.
761 3581 1000 3635 Τοιαῦτα
1029 3583 1129 3652 μὲν
1162 3583 1496 3655 ’Λπόκαυχος
1526 3587 1553 3639 ὁ
1579 3585 1672 3639 τοῦ
1694 3589 1934 3656 μεγάλου

347 3674 536 3736 δουκδς
568 3676 682 3737 υἱὸς
704 3674 840 3744 πρὸς
865 3672 1092 3744 βασιλέα
1116 3675 1302 3745 κρύφα
1327 3676 1618 3744 διελέγετο.
1667 3678 1935 3742 Βασιλεὺς

347 3766 406 3819 δὲ
435 3765 635 3835 ὁμοίως
661 3767 849 3835 ἐπῄνει
888 3783 947 3819 τε
982 3766 1084 3837 τῆς
1123 3758 1512 3837 αἱρέσεωςτοῦ
1562 3771 1773 3838 ἀγαθοῦ
1798 3812 1813 3836 ,
1839 3775 1936 3826 καὶ

352 3860 585 3928 χάριτας
610 3859 712 3927 τῆς
742 3860 821 3921 είς
854 3858 1019 3912 αὐτὸν
1045 3859 1263 3922 εὐνοίας
1295 3860 1586 3931 ὡμολόγει,
1632 3864 1725 3915 καὶ
1764 3864 1936 3932 ἀφορ-

360 3953 468 4021 μὰς
490 3950 791 4020 παρείχετο,
816 3949 911 4003 τοῦ
945 3951 1206 4021 πράττειν
1238 3953 1266 4006 ὅ
1300 3970 1354 4006 τι
1406 3953 1626 4008 δύναιτο
1652 3955 1796 4025 ὑπὲρ
1844 3956 1936 4008 αὑ-

353 4040 453 4103 τοῦ
493 4041 810 4112 προθύμως.
846 4043 1064 4098 Μετ’ού
1116 4043 1318 4107 πολλὰς
1384 4044 1441 4098 δὲ
1492 4045 1730 4116 ἡμέρας,
1784 4047 1934 4100 ἀπο-

355 4133 559 4186 στάντα
587 4134 722 4202 πρὸς
755 4133 943 4201 αὑτὸν,
996 4135 1122 4190 ὲπεὶ
1154 4136 1232 4205 μὴ
1263 4139 1360 4191 καὶ
1386 4135 1488 4207 τὴν
1521 4138 1678 4191 πόλιν
1701 4138 1934 4207 ἠδύνατο

356 4226 683 4294 προσάγειν,
711 4226 839 4287 τοὺς
890 4227 1318 4296 συναιρομένους
1368 4228 1471 4280 οὐκ
1518 4229 1659 4299 ἔχων
1709 4230 1846 4301 πρὸς
1874 4231 1935 4283 τὸ

355 4316 542 4389 ἔργον,
601 4319 874 4386 πρότερον
907 4318 1017 4388 γὰρ
1060 4320 1228 4390 ὀλίγῳ
1279 4320 1521 4383 ἅπαντες
1574 4324 1623 4374 oi
1665 4320 1934 4389 βασιλέως

357 4407 506 4476 φίλοι
532 4406 624 4460 ὑπ’
656 4409 842 4471 ἀνοίας
871 4407 1272 4479 διεφθάρησαν,
1328 4411 1584 4480 ἀσμένως
1623 4429 1684 4465 τε
1716 4413 1933 4479 ἐδέξατο

346 4492 385 4550 ’ὁ
412 4496 690 4567 βασιλεὺς,
731 4501 825 4552 καὶ
857 4501 1023 4570 τιμῆς
1054 4500 1254 4571 ἠξίωσε
1302 4505 1396 4556 καὶ
1441 4505 1729 4573 εὐμενείας
1781 4506 1931 4560 πλεί-
1961 4537 2005 4594 D

358 4603 511 4657 στης.
547 4589 701 4642 Μετά
734 4589 892 4643 τοῦτο
917 4591 975 4644 δὲ
1017 4594 1142 4645 ἐπεὶ
1173 4595 1206 4663 ἡ
1235 4591 1524 4664 Ἀδριανοῦ
1573 4596 1931 4668 ἀνεπιχείρηο

355 4695 448 4741 τος
473 4679 687 4748 ⁸ἐδόκει,
729 4680 898 4753 Βιζύῃ
954 4682 1394 4754 ἐπεστράτευσεν
1446 4688 1473 4739 ὁ
1505 4685 1781 4756 βασιλεὺς,
1839 4691 1935 4742 καλ⁸

358 4769 585 4841 ἐπόρθει
614 4774 714 4842 τὴν
749 4773 955 4843 χώραν·
990 4775 1289 4845 πρεσϐείαν
1338 4778 1395 4831 δὲ
1421 4777 1639 4848 ἔπεμπε
1674 4782 1809 4848 πρὸς
1834 4780 1932 4849 τὴν

358 4862 542 4927 πόλιν,
578 4863 868 4932 παραινῶν
906 4865 1056 4935 αύτῷ
1091 4869 1468 4938 παραδιδόναι,
1520 4872 1614 4925 καὶ
1647 4871 1722 4940 μὴ
1769 4870 1934 4938 κενῆς

362 4954 577 5016 ἐλπίδος
611 4953 774 5008 ἕνεκα
810 4955 1080 5025 τοσαύτην
1116 4958 1316 5027 ζημίαν
1377 4959 1671 5029 ὑπομένειν
1695 4962 1936 5029 διαφθει-

361 5043 605 5114 ρομένων
628 5032 741 5097 τῶν
766 5044 973 5113 ἀγρῶν·
1011 5047 1151 5114 μετά
1182 5048 1292 5118 γὰρ
1319 5048 1429 5099 τῶν
1466 5051 1652 5101 κακῶν
1676 5052 1775 5119 τὴν
1814 5053 1937 5103 ἐπι-

360 5136 1000 5207 φορὰν,παραδώσουσιν
1053 5138 1267 5212 ἀνάγκη
1318 5140 1665 5205 πιεσθέντες.
1728 5143 1937 5207 Βιζύῖοι

359 5228 439 5294 δὲ,
467 5227 592 5282 οὔτε
617 5229 1027 5299 ἐπηγγέλλοντο
1078 5233 1221 5300 σφᾶς
1252 5231 1449 5294 αὐτοὺς
1512 5238 1605 5289 καὶ
1630 5237 1732 5304 τὴν
1783 5234 1937 5289 πόλιν

362 5320 737 5390 παραδιδόναι,
772 5321 899 5375 οὔτε
942 5323 1080 5392 πρὸς
1110 5323 1208 5395 τὴν
1240 5323 1496 5377 είωθυῖαν
1549 5327 1939 5396 ἀναισχυντίαν

363 5411 670 5483 ἐτράποντο
701 5413 800 5467 καὶΙ
834 5416 930 5477 τὰς
966 5415 1177 5485 ὕϐρειςο
1240 5415 1357 5470 ἀλλ’
1383 5416 1651 5488 εὐφήμως⁴
1686 5419 1780 5472 καὶ
1833 5437 1938 5477 σω-

2009 646 2174 701 etiam
2204 653 2431 716 propter
2460 643 2669 699 amicos
2694 642 3056 712 ipsorummel
3079 641 3309 696 stultitia
3340 639 3583 708 perditos

2008 748 2358 803 summopere
2399 733 2597 788 doluit.
2648 732 2727 787 Ad
2773 748 2936 802 quem
2969 731 3184 786 Manuel
3219 730 3587 800 Apocauchus

2008 823 2180 889 misit,
2207 823 2300 892 qui
2353 822 2402 876 ei
2447 823 2565 877 suis
2610 821 2795 877 verbis
2840 821 3066 884 diceret,
3118 835 3178 875 se
3210 834 3433 889 quoque
3475 827 3587 871 tum

2008 924 2220 986 patrem
2269 917 2470 984 ipsum,
2499 926 2613 968 tum
2645 913 2782 967 alios
2810 913 3041 967 multum
3070 919 3128 966 et
3157 911 3399 982 graviter
3427 908 3580 962 illum

2012 1012 2335 1060 accusantes
2400 1005 2719 1059 audientem
2778 1002 3102 1067 credidisse,
3159 1016 3223 1055 ac
3285 1014 3414 1054 vera
3469 998 3594 1050 illos

2011 1078 2160 1163 idqui
2197 1093 2497 1163 putavisse.
2532 1092 2803 1148 Caeterum
2834 1092 3159 1162 jampridem
3188 1090 3372 1145 causis
3407 1103 3590 1143 rerum

2014 1194 2274 1241 accurate
2298 1185 2586 1248 discussis,
2620 1184 2895 1238 invenisse
2919 1183 3097 1253 ipsum
3127 1181 3274 1237 nulla
3306 1195 3400 1235 sua
3431 1179 3592 1246 culpa

2014 1275 2159 1329 bello
2209 1273 2407 1329 lacessi
2438 1290 2453 1326 :
2483 1273 2605 1327 illos
2643 1279 2823 1326 autem
2865 1272 3023 1341 longe
3073 1269 3471 1339 iniquissimus,
3519 1266 3590 1318 ob

2016 1381 2257 1421 amorem
2311 1363 2655 1425 dominandi,
2694 1371 2749 1417 et
2801 1361 3206 1434 improbitatem
3259 1376 3413 1417 suam
3478 1376 3593 1413 non

2019 1458 2193 1529 ipsmn
2247 1457 2431 1521 modo,
2465 1455 2563 1509 sed
2617 1455 2897 1509 Romanos
2936 1468 3130 1507 omnes
3163 1453 3218 1506 in
3272 1452 3592 1506 servitutem

2021 1561 2076 1605 et
2125 1561 2434 1605 extremum
2473 1547 2699 1604 exitium
2733 1546 2919 1602 conari
2960 1545 3323 1616 pracipitare.
3363 1544 3444 1598 Ex
3486 1559 3597 1613 quo

2023 1652 2132 1697 tam
2162 1640 2377 1697 nefario
2410 1655 2602 1696 eorum
2644 1649 2844 1694 conatu
2873 1638 2972 1694 sibi
3009 1636 3353 1692 stomachum
3389 1633 3598 1689 moveri

2025 1729 2526 1784 vehementissime.
2563 1727 2731 1798 624
2761 1726 2901 1793 Quia
2932 1741 3067 1781 vero
3107 1725 3448 1789 conﬁdisset,
3489 1724 3598 1778 cito

2025 1819 2181 1873 malis
2231 1818 2392 1873 tinem
2448 1818 2715 1883 futurum,
2758 1818 2811 1871 in
2858 1832 3050 1872 eorum
3111 1816 3362 1871 sodalitio
3407 1830 3599 1885 perse-

1951 1891 1992 1944 Β
2034 1922 2277 1964 verasse.
2328 1905 2486 1964 Nunc
2525 1908 2650 1978 quia
2692 1921 2886 1962 eorum
2941 1907 3246 1961 vecordiam
3282 1905 3599 1976 perspiciat,

2019 2000 2111 2070 qui
2148 2013 2328 2070 neque
2378 2000 2533 2054 malis
2566 2000 2677 2070 jam
2727 2013 2893 2069 supra
2941 2006 3107 2069 caput
3153 1998 3463 2053 astantibus
3497 1997 3599 2051 sibi

2019 2092 2249 2161 aliisque
2298 2091 2697 2147 consulendum
2739 2091 3070 2157 statuerint,
3106 2091 3203 2145 sed
3257 2104 3446 2155 pacem
3498 2104 3599 2142 re—

2023 2182 2272 2251 pudient,
2303 2182 2371 2237 ab
2401 2196 2467 2237 eo
2498 2183 2845 2253 potissimum
2872 2181 3108 2247 invitati,
3140 2181 3232 2251 qui
3265 2188 3373 2236 tam
3400 2179 3599 2236 multas

2022 2284 2077 2329 et
2123 2290 2316 2347 graves
2362 2275 2592 2345 injurias
2646 2276 2926 2345 hucusque
2981 2274 3081 2329 sibi
3129 2273 3410 2344 impositas
3476 2287 3601 2342 per-

2025 2377 2190 2438 petua
2246 2366 2522 2421 oblivione
2565 2366 2875 2422 deleturum
2920 2365 3227 2436 promittat,
3288 2374 3344 2420 et
3408 2378 3600 2419 eorum

2025 2458 2204 2512 scelus
2253 2465 2619 2521 exsecratum,
2663 2466 2721 2512 et
2767 2457 2886 2527 ejus
2933 2457 3210 2512 excelsum
3257 2456 3501 2511 animum
3536 2469 3601 2509 ac

2028 2547 2373 2604 tolerantiam
2422 2549 2773 2615 admiratum,
2828 2557 2883 2603 et
2930 2548 3074 2617 quod
3122 2547 3253 2602 boni
3293 2549 3604 2602 communis

2028 2641 2200 2711 gratia
2231 2654 2320 2695 res
2342 2654 2470 2695 suas
2493 2639 2629 2694 adeo
2656 2653 2765 2693 non
2795 2638 2963 2694 invite
2993 2638 3266 2708 projieiat,
3302 2652 3414 2691 non
3442 2651 3604 2707 posse

2028 2728 2098 2783 de
2135 2737 2335 2783 caetero
2372 2727 2706 2798 imperatrici
2740 2726 2925 2781 {avere
2954 2766 2969 2791 ,
3004 2727 3100 2781 sed
3129 2725 3246 2794 ejus
3276 2736 3460 2797 partes
3489 2739 3608 2779 am-

2028 2819 2250 2888 plexum
2281 2818 2485 2889 potius,
2517 2818 2585 2872 ab
2614 2819 2718 2873 hac
2748 2818 2868 2888 ipsa
2907 2818 3045 2872 hora
3078 2817 3154 2871 illi
3186 2831 3353 2887 opera
3379 2817 3607 2872 inservi-

2038 2932 2243 2989 turum,
2274 2936 2481 2992 proque
2530 2920 2624 2976 illo
2669 2930 2725 2975 et
2775 2919 2990 2991 justitia
3038 2920 3250 2973 nullum
3305 2918 3605 2973 discrimen

2032 3020 2432 3067 recusaturum.
2480 3011 2608 3066 Haec
2646 3010 2737 3065 ille
2783 3009 3116 3065 clanculum.
3164 3010 3261 3065 Cui
3308 3009 3607 3079 imperator

2030 3111 2086 3155 et
2128 3101 2197 3155 de
2246 3108 2455 3154 mutato
2505 3099 2735 3154 consilio
2779 3099 2996 3153 laudem
3054 3098 3372 3169 impertivit,
3431 3108 3486 3153 et
3536 3098 3607 3152 de

1958 3214 2001 3268 α
2034 3192 2222 3247 animo
2251 3206 2376 3262 erga
2424 3205 2485 3245 se
2515 3198 2626 3244 tam
2675 3189 2892 3261 egregio
2941 3191 3140 3260 gratias
3196 3190 3330 3260 egit,
3373 3190 3605 3259 etquod

2039 3294 2222 3355 posset
2246 3300 2345 3356 pro
2375 3299 2435 3339 se
2464 3284 2697 3354 impigre
2724 3281 2961 3337 faciendi
3005 3282 3348 3337 occasionem
3389 3282 3606 3350 praesti-

2036 3378 2124 3445 tit.
2161 3377 2363 3433 Diebus
2390 3377 2600 3445 aliquot
2627 3374 2980 3439 intermissis,
3020 3389 3141 3427 cum
3173 3373 3238 3427 ad
3266 3388 3388 3427 eum
3425 3383 3606 3427 trans-

2038 3467 2165 3532 iret,
2214 3465 2376 3519 simul
2426 3473 2609 3518 autem
2657 3463 2845 3516 urbem
2887 3462 3106 3515 tradere
3141 3461 3415 3529 nequiret,
3461 3461 3611 3529 quod

2038 3555 2376 3611 administris
2426 3554 2589 3624 hujus
2635 3552 2816 3623 Operis
2860 3560 3074 3607 careret
3104 3552 3303 3621 (nuper
3341 3552 3611 3619 siquidem

2037 3661 2230 3701 Onunes
2270 3644 2616 3715 imperatoris
2643 3644 2803 3698 amici
2839 3659 2936 3714 per
2981 3642 3351 3712 insipiemiam
3386 3642 3612 3695 interie-

2037 3739 2204 3809 rant),
2248 3737 2485 3791 libenter
2520 3735 2670 3790 illum
2710 3735 2939 3804 accepit,
2959 3728 3285 3797 summoque
3312 3734 3522 3789 honore
3555 3740 3615 3787 et

2036 3841 2204 3913 gratia
2245 3841 2499 3911 dignatus
2533 3848 2635 3895 est.
2686 3838 2892 3894 Deinde
2933 3840 3192 3908 quoniam
3223 3839 3611 3909 Adrianopolis

2036 3931 2338 3987 invadenda
2373 3946 2485 3985 non
2531 3929 2839 3994 videbatur,
2891 3929 3107 4002 Bizyam
3162 3929 3352 3995 movit,
3392 3946 3614 3999 agrum-
3661 3951 3678 3959 ’

2035 4038 2141 4092 que
2200 4021 2457 4078 vastavit.
2518 4019 2813 4091 Legatione
2869 4036 3036 4091 porro
3091 4021 3160 4076 ad
3209 4022 3375 4095 cives,
3422 4022 3610 4087 missa,

2037 4115 2286 4169 hortatus
2335 4123 2421 4168 est
2458 4128 2578 4177 eos,
2611 4114 2687 4171 uti
2725 4126 2845 4167 sese
2894 4112 3178 4178 dederent,
3220 4128 3359 4167 neve
3389 4123 3613 4182 propter

2037 4207 2251 4260 inanem
2287 4220 2439 4275 spem
2483 4212 2631 4259 tanta
2679 4204 2824 4272 agris
2854 4202 3183 4257 detrimenta
3216 4201 3407 4256 inferri
3442 4202 3612 4257 susti-

2036 4304 2236 4351 nerent
2270 4312 2285 4349 :
2319 4311 2385 4351 eo
2439 4294 2586 4350 enim
2633 4294 2977 4362 compulsum
3022 4291 3111 4359 iri,
3161 4300 3220 4346 ut
3263 4292 3428 4347 etiam
3487 4303 3615 4364 post

2034 4385 2395 4443 vastationem
2437 4399 2498 4440 se
2543 4383 2827 4438 dederent.
2866 4381 3158 4451 Bizyenses
3205 4397 3384 4452 neque
3425 4398 3484 4438 se
3518 4399 3613 4438 ur-

2034 4478 2161 4534 bem
2216 4476 2501 4531 dedituros
2560 4473 2872 4545 Spondere,
2941 4488 3119 4543 neque
3172 4473 3241 4528 ad
3311 4475 3614 4529 solenmem

2034 4566 2424 4639 impudentiam
2462 4573 2517 4620 et
2552 4563 2909 4618 contumelias
2934 4560 3229 4632 confugere
3269 4601 3283 4626 ,
3329 4560 3424 4615 sed
3465 4561 3616 4631 lega-

2036 4663 2240 4716 tionem
2269 4657 2501 4712 honeste
2552 4654 2905 4725 modesteque
2933 4653 3183 4721 reiicere.
3228 4651 3400 4707 Batus
3427 4663 3614 4707 autem

2033 4751 2335 4819 imperator
2400 4746 2733 4818 agnitionem
2782 4746 3035 4802 beneﬁcii
3080 4732 3408 4817 principium
3464 4743 3617 4799 dedi-

2038 4852 2200 4907 tionis
2256 4851 2371 4907 fore
2401 4851 2751 4919 (observabat
2785 4851 2933 4906 enim
2971 4860 3195 4921 propter
3228 4833 3630 4905 assiduitatem.

2036 4945 2413 5000 incursionum
2444 4944 2903 5012 vexatiunumque
2965 4942 3222 5012 paulatim
3255 4958 3350 4997 eos
3383 4940 3452 4997 de
3489 4956 3612 5011 pete

2036 5033 2235 5087 tinacia
2271 5032 2549 5087 remittere
2590 5047 2652 5087 ac
2698 5031 3259 5103 cedere).exer_eitum
3304 5047 3467 5101 quam
3505 5046 3602 5086 ee-

2036 5126 2254 5180 lcrrime
2314 5122 2715 5178 removendum
2776 5125 3037 5187 censuit.
3105 5130 3163 5179 ut
3221 5138 3400 5191 neque
3463 5123 3616 5190 regio

2036 5224 2363 5282 vastaretur,
2396 5216 2558 5286 paulo
2592 5224 2713 5285 post
2750 5215 2802 5269 in
2848 5231 3002 5270 suam
3029 5215 3289 5271 ditionem
3340 5222 3570 5267 ventura
3596 5254 3612 5276 ,

2038 5318 2094 5363 et
2152 5306 2254 5376 ipsi
2306 5305 2656 5361 securitatem
2694 5304 2901 5375 adepti,
2949 5305 3189 5361 salubria
3238 5305 3343 5359 sibi
3382 5305 3614 5358 medita-

2042 5409 2252 5465 rentur,
2286 5406 2339 5453 et
2376 5396 2554 5467 Apros
2580 5400 2838 5477 ‘revcrtit.

362 5504 582 5574 φρόνως
622 5505 934 5560 ἀπείπαντο
977 5506 1074 5578 τὴν
1119 5507 1439 5579 πρεσϐείαν.
1500 5509 1754 5579 Νομίσας
1790 5512 1849 5566 δὲ
1907 5511 2232 5588 ὁλβασιλεὺς
2263 5510 2442 5581 ἀρχὴν
2511 5510 2959 5581 προσχωρήσεως
3000 5502 3264 5576 εἶναιτὴν
3333 5507 3613 5577 εὐγνωμο·

368 5600 565 5669 σύνην,
613 5597 865 5671 συνεώρα
941 5602 1051 5672 γὰρ
1092 5601 1472 5664 ύπενδιδόντας
1534 5601 1673 5675 πρὸς
1743 5606 1845 5670 τὰς
1920 5609 2167 5679 συνεχεῖς
2225 5605 2450 5674 ἐφόδους
2507 5607 2606 5659 καὶ
2679 5603 2777 5673 τὴν
2843 5602 3109 5667 κάκωσιν,
3159 5601 3301 5669 ἔγνω
3350 5601 3461 5656 δεῖν
3513 5605 3612 5672 τὴν

368 5692 629 5763 στρατιὰν
648 5693 885 5762 ἀπάγειν
938 5693 1038 5766 τὴν
1087 5697 1373 5767 ταχίστην,
1408 5696 1498 5749 ἵνα
1539 5697 1677 5766 μήτε
1717 5697 1749 5767 ἡ
1782 5697 1939 5770 χώρα
1975 5696 2361 5769 διαφθείροιτο,
2385 5696 2656 5767 μέλλουσα
2685 5693 2933 5764 γίνεσθαι
2997 5692 3116 5763 μετ’
3146 5693 3323 5763 ὀλίγον
3364 5692 3456 5747 ὑπ’
3512 5698 3585 5754 uti

366 5788 484 5854 τὸν,
520 5787 676 5844 αὐτοί
712 5805 775 5843 τε
836 5789 1095 5860 τυχόντες
1144 5789 1349 5857 ἀδείας,
1405 5790 1474 5845 τά
1502 5790 1691 5846 δέοντα
1724 5792 2105 5862 βουλεύσαιντο
2151 5791 2279 5863 περὶ
2314 5791 2483 5860 σφῶν,
2514 5791 2607 5844 καὶ
2628 5788 2961 5857 ἀνέστρεφεν
2993 5788 3070 5852 εἰς
3111 5786 3364 5857 Ἀπρῶνη
