4048 6438
318 416 457 489 ll"

1442 420 1993 484 HISTORIARUM
2034 405 2268 499 LIBER
2312 428 2432 490 HI.

3436 433 3460 498 1
3480 431 3577 498 [78

311 535 405 588 δύο
456 547 518 586 τε
570 530 678 585 τῶν
708 531 950 604 ἀρίστων
1006 533 1424 606 ἀπολεξάμενοι,
1461 536 1557 589 καὶ
1587 534 1683 590 τοῦ
1713 536 1885 607 δήμου

1993 545 2375 611 Inopem:
2412 541 2655 610 mittunt,
2686 549 2745 598 et
2781 540 2968 597 urbem
3021 538 3285 598 tradunt:
3313 541 3577 600 fatentur-

310 627 409 682 καὶ
440 626 539 694 τῆς
564 626 891 694 Ἐκκλησίας
917 626 1206 692 τοσούτους
1232 627 1479 699 ἐτέρους,
1498 628 1633 698 πρὸς
1665 627 1891 698 βασιλέα

312 715 576 786 πρέσϐεις
599 715 869 785 ἔπεμπον,
899 718 994 770 καὶ
1022 717 1122 789 τὴν
1171 717 1327 771 πόλιν
1358 718 1717 790 παρεδίδουν
1755 719 1893 789 εφα-

316 824 419 862 σαν
461 807 520 860 δὲ
551 808 648 860 καὶ
678 808 835 862 αὐτοὶ
865 809 1133 880 πρότερον
1172 808 1275 880 μὲν
1326 811 1433 865 ὑπὸ
1466 810 1576 864 τῶν
1609 812 1893 883 ἀρχόντων

312 898 744 970 ἐξηπατημένοι,
777 899 1179 972 ἀγνωμοσύνην
1229 917 1291 953 τε
1326 901 1496 956 αὑτοῦ
1541 904 1895 974 κατηγορεῖν,

314 991 407 1042 καὶ
434 988 731 1058 ἐπιϐουλὴν
770 991 868 1043 καὶ
896 991 1194 1062 προδοσίαν
1220 992 1478 1060 ἐγκαλεῖν
1498 993 1608 1047 τῶν
1628 993 1893 1065 βασιλέως

318 1081 546 1135 παίδων.
604 1081 758 1134 Ἐπεὶ
814 1082 870 1136 δὲ
917 1083 1011 1137 τοῦ
1042 1083 1237 1154 χρόνον
1291 1084 1638 1155 τριϐομένου,
1693 1087 1892 1138 ἐκεῖνοι

317 1172 782 1241 συκοφαντοῦντες
824 1175 1216 1232 ἀπεδείκνυντο
1260 1178 1357 1233 καὶ
1393 1178 1463 1233 τὰ
1506 1178 1744 1249 μέγιστα
1770 1178 1896 1249 net-

318 1263 570 1333 κηκότες,
604 1261 766 1327 αὐτὸς
797 1264 854 1318 δὲ
878 1265 1239 1333 ἀδικούμενος
1257 1268 1353 1321 καὶ
1382 1266 1893 1338 ἐπιϐουλευόμενος,

315 1352 413 1403 καὶ
438 1351 596 1404 οὐδὲν
629 1354 874 1417 ἐπιεικὲς
909 1355 1150 1424 ἀκούων,
1207 1357 1401 1412 ἔπειτα
1444 1359 1542 1412 καὶ
1571 1357 1673 1428 τὴν
1704 1356 1894 1427 κοινὴν

314 1442 550 1511 ἐρῶντες
599 1445 1021 1518 πανωλεθρίαν,
1082 1447 1116 1518 ἢ
1168 1448 1351 1518 ὀλίγου
1424 1448 1538 1503 δεῖν
1588 1447 1895 1519 Ῥωμαίους

308 1530 562 1596 ἃπαντας
588 1533 919 1607 διέφθειρεν,
941 1538 1234 1602 ἀκούοντές
1264 1559 1322 1595 τε
1355 1542 1448 1595 καὶ
1477 1541 1643 1595 αὐτὸν
1666 1542 1755 1595 ἀεὶ
1786 1541 1898 1595 δεό-

316 1638 483 1688 μενον
540 1625 670 1693 περὶ
715 1627 963 1695 εἰρήνης,
1014 1629 1264 1695 ἐκείνους
1307 1631 1368 1686 δὲ
1400 1633 1765 1704 αἱρουμένους
1801 1632 1893 1686 τὸν

289 1713 584 1807 ,τοσούτων
611 1716 792 1807 ᾲαῐτιον
819 1718 1057 1789 πόλεμον
1086 1723 1294 1788 κακῶν,
1322 1722 1473 1777 δεινὰ
1500 1724 1601 1794 μὲν
1634 1723 1892 1796 ἡγεῖσθαι

315 1805 385 1857 τὰ
413 1805 787 1876 πραττόμενα,
830 1810 924 1863 καὶ
979 1812 1402 1883 προθυμεῖσθαι,
1440 1816 1497 1868 sl
1545 1833 1629 1879 τις
1658 1816 1891 1885 δύναμις

314 1895 467 1963 ἐνῆν,
508 1875 660 1949 λύσιν
708 1899 830 1952 τινὰ
864 1875 1204 1972 ἐξευρίσκειν
1252 1904 1361 1959 τῶν
1387 1875 1624 1963 κακῶν.-
1656 1875 1815 1961 Ἐπεί.
1844 1875 1890 1961 δέ
1923 1875 1968 1932 Β

313 1989 499 2048 αὐτοῖς
524 1986 684 2040 τοῦτο
715 1989 815 2042 οὐκ
850 1993 907 2043 ἐν
935 1992 1164 2064 ἐφικτῷ,
1203 1996 1329 2060 τοὺς
1362 1996 1465 2067 μὲν
1494 1998 1691 2062 ἄλλους
1712 1997 1890 2052 ᾶπαν-

312 2092 412 2138 τας
445 2076 542 2145 τῆς
576 2083 866 2151 συμφορᾶς
895 2085 1207 2155 οἰκτείρειν.
1240 2087 1435 2152 αὐτοὺς
1462 2089 1520 2143 δὲ
1546 2091 1615 2143 τὰ
1638 2088 1890 2159 λυσιτελῆ

312 2167 737 2239 βουλευομένους
766 2175 984 2242 ἑαυτοῖς
1005 2219 1019 2240 ,
1052 2178 1312 2249 ψήφισμα
1340 2163 1695 2251 ⁶ποιήσασθαι
1720 2198 1893 2253 προσ-

311 2261 514 2329 χωρεῖν
554 2263 802 2329 ἑκόντας,
844 2267 940 2320 καὶ
983 2269 1083 2339 τὴν
1105 2271 1257 2324 πόλιν
1289 2274 1661 2342 παραδιδόναι,
1691 2275 1785 2328 καὶ
1814 2273 1890 2345 μὴ

310 2352 409 2421 τῆς
436 2353 641 2423 ἑτέρων
668 2356 854 2422 ἀνοίας
888 2361 1169 2416 ἀποτίνειν
1216 2366 1418 2429 αὐτοὺς
1446 2366 1624 2429 δίκας.
1653 2366 1891 2421 Τοιαῦτα

315 2443 416 2512 μὲν
445 2447 494 2500 οῖ
517 2447 724 2511 Βιζύῐοι
764 2454 1121 2522 ἐπρέσϐευον.
1157 2458 1423 2523 Βασιλεὺς
1472 2459 1533 2513 δὲ
1566 2460 1667 2531 τῆς
1695 2461 1890 2514 εὐϐου-

311 2533 434 2623 λίας
464 2535 780 2605 ἐπαινέσας,
811 2546 924 2606 τοῖς
956 2561 1016 2598 τε
1050 2547 1318 2617 πρέσϐεσι
1365 2551 1514 2620 δῶρα
1564 2550 1887 2623 παρασχὼν,

310 2621 446 2696 ἦλθε
502 2630 638 2698 πρὸς
668 2633 767 2703 τὴν
823 2636 1022 2702 πόλιν,
1083 2640 1389 2708 ἑπομένους
1439 2642 1582 2712 ἔχων
1635 2621 1892 2708 καὶτοὺς

312 2719 596 2788 πρέσϐεις,
628 2726 722 2777 καὶ
746 2727 774 2778 6
793 2725 963 2796 δῆμος
991 2730 1136 2794 ἅπας
1164 2733 1306 2800 μετὰ
1329 2731 1439 2787 τῶν
1473 2734 1710 2805 ἀρίστων
1737 2735 1893 2805 ἐξῆλ-

311 2808 404 2863 θεν
452 2812 796 2883 ὑπαντήσων.
848 2818 1006 2873 Ἐπεὶ
1063 2821 1122 2874 δε
1187 2823 1407 2890 ἐγένετο
1455 2824 1627 2893 ἐγγὺς
1683 2826 1889 2895 πυλῶν,

312 2903 507 2972 πρῶτα
535 2906 632 2974 μὲν
666 2909 917 2963 ἐκέλευεν
946 2913 1154 2965 ’Ἄνναν
1184 2912 1283 2984 τὴν
1316 2913 1565 2985 βασιλίδα
1595 2917 1888 2989 εὐφημεῖν,

308 2993 407 3046 καὶ
435 2998 554 3063 μετ’
581 2998 798 3069 ἐκείνην
826 2999 1053 3070 βασιλέα
1107 3005 1201 3057 τὸν
1248 3006 1387 3072 υίδν,
1438 3009 1654 3078 τρίτους
1681 3011 1738 3063 δὲ
1769 3013 1889 3080 μετ’

310 3084 574 3152 ἐκείνους,
608 3090 777 3171 αὐτόν,
799 3108 859 3144 τε
888 3094 982 3145 καὶ
1018 3093 1258 3166 Είρήνην
1292 3095 1541 3167 βασιλίδα
1568 3102 1667 3171 τὴν
1702 3103 1891 3170 γυναῖ-

1996 648 2104 704 que
2125 642 2184 688 et
2211 634 2339 704 ipsi,
2363 650 2423 690 se
2456 635 2611 706 prius
2632 650 2664 689 a
2697 633 2967 704 praefectis
2998 632 3148 687 illum
3182 649 3277 702 pro
3305 633 3575 705 improbo.

1994 734 2050 781 et
2088 725 2432 793 insidiatore,
2491 735 2548 783 et
2601 725 2946 796 imperatoris
3005 724 3240 779 filiorum
3300 725 3624 795 proditore.

1993 817 2381 874 accusantibus
2439 818 2658 873 delusos
2709 831 2852 872 esse.
2874 815 2945 871 At
2989 825 3277 885 postquam
3330 823 3576 885 tempore

1993 911 2323 981 procedente
2353 911 2473 965 illos
2518 909 2943 965 calumniatores
2966 907 3140 962 fuisse
3165 906 3574 976 iuiquissimos,

1993 1006 2283 1074 ipsumque
2316 1002 2580 1071 injuriose
2616 1010 2672 1056 et
2697 1001 2959 1057 insidiose
3002 1006 3291 1054 tractatum
3322 997 3574 1069 etvmale-

1994 1096 2156 1152 dictis
2213 1094 2487 1149 conﬁxum
2552 1094 2933 1164 apparuisset,
3003 1105 3239 1162 cumque
3308 1088 3578 1145 vidissent

1994 1203 2343 1245 communem
2392 1196 2626 1258 pestem,
2675 1201 2783 1255 qua
2826 1185 3059 1241 Romani
3091 1199 3233 1255 pene
3261 1197 3454 1238 omnes
3487 1181 3577 1235 in-

1994 1279 2266 1345 terierint,
2297 1286 2352 1333 et
2383 1276 2874 1346 audissent‘ipsum
2907 1289 3096 1346 pacem
3130 1275 3252 1328 sine
3291 1269 3575 1326 intermis-

1994 1370 2149 1427 sione
2203 1369 2467 1438 ﬂagitare,
2521 1367 2644 1422 illos
2693 1375 2886 1422 contra
2933 1366 3134 1420 bellum
3179 1371 3258 1419 tot
3308 1361 3577 1417 malorum

1994 1475 2216 1517 causam
2245 1459 2367 1530 paci
2410 1457 2692 1529 praeferre,
2733 1456 2972 1527 graviter
3001 1455 3212 1516 tulisse.
3248 1461 3581 1523 paratosque

1995 1555 2069 1608 ad
2098 1551 2398 1607 remedium
2434 1549 2602 1604 tantis
2625 1547 2888 1604 aerumnis
2932 1546 3275 1601 afferendum
3306 1543 3497 1606 fuisse,
3531 1540 3580 1602 si

1994 1643 2161 1699 modo
2192 1643 2360 1697 ullum
2395 1638 2647 1694 invenire
2684 1637 3013 1708 potuissent.
3039 1634 3148 1690 Sed
3177 1631 3434 1703 quoniam
3468 1643 3580 1682 non

1995 1750 2059 1790 ea
2110 1740 2255 1788 esset
2315 1732 2557 1802 ipsorum
2610 1728 2863 1793 facultas,
2911 1726 3144 1780 aliorum
3204 1721 3450 1775 omnium
3505 1718 3583 1771 ita

1996 1827 2321 1883 alllictorum
2355 1821 2734 1879 misericordia
2777 1816 3110 1874 commoveri
3139 1832 3155 1868 :
3182 1823 3239 1870 et
3275 1826 3334 1868 ut
3362 1811 3583 1866 sibimet

1999 1917 2397 1990 prospicerent,
2457 1914 2771 1969 decrevisse
2835 1912 2893 1966 in
2960 1908 3082 1980 ejus
3138 1923 3198 1963 se
3254 1911 3580 1977 potestatem

1999 2009 2144 2065 ultro
2172 2023 2297 2063 cum
2320 2006 2452 2060 urbe
2489 2004 2724 2068 tradere,
2757 2016 2828 2057 ne
2873 2001 3066 2055 alienae
3098 1997 3352 2052 amentiae
3392 2009 3582 2065 poenas

1997 2101 2169 2156 luant.
2201 2097 2326 2152 llaec
2353 2096 2673 2168 Bizyenses.
2712 2093 3016 2164 Imperator
3056 2092 3288 2161 probato
3321 2097 3428 2140 tam
3462 2085 3580 2139 lau-

1997 2191 2163 2248 dabili
2198 2189 2428 2245 consilio
2458 2189 2664 2259 legatos
2694 2191 3037 2247 muneratur,
3068 2189 3122 2235 et
3145 2179 3212 2234 iis
3235 2191 3580 2249 prosequen-

1997 2286 2144 2341 tibus
2192 2284 2260 2338 ad
2305 2284 2495 2353 urbem
2550 2279 2762 2335 fertur:
2795 2277 2884 2333 cui
2935 2275 3089 2347 plebs
3150 2273 3402 2329 universa
3452 2284 3579 2324 cum

1997 2377 2353 2451 optimatibus
2379 2389 2438 2430 se
2466 2373 2684 2429 obviam
2726 2370 2975 2426 eﬁ‘undit.
2999 2367 3101 2424 Ubi
3133 2365 3200 2421 ad
3227 2374 3411 2451 portas
3454 2361 3579 2451 fuit,

1995 2445 2234 2539 primum
2294 2463 2517 2534 quidem
2567 2460 2740 2515 Annae
2792 2454 3162 2529 imperatrici,
3220 2449 3417 2506 deinde
3470 2445 3581 2501 ﬁlio

1999 2538 2117 2630 ejus
2146 2556 2485 2626 imperatori,
2525 2561 2803 2624 postremo
2853 2550 2952 2603 sibi
2999 2556 3054 2601 et
3088 2543 3241 2599 uxori
3277 2556 3388 2596 suae
3408 2538 3581 2593 [reum

1999 2628 2240 2704 faustum
2278 2643 2564 2700 acclamari
2620 2641 2806 2713 jussit,
2855 2637 3003 2709 quod
3053 2635 3322 2690 fecerunt.
3375 2628 3579 2683 Eodem

2000 2739 2163 2795 modo
2196 2740 2298 2808 per
2341 2736 2474 2790 alias
2509 2734 2672 2788 urbes
2719 2731 2859 2796 ﬁeri,
2892 2738 2947 2784 ct
2988 2727 3132 2782 inter
3165 2720 3579 2779 sacriﬁcandum

1999 2829 2254 2886 similiter
2283 2828 2679 2898 imperatorum
2719 2822 3051 2877 mentionem
3085 2813 3351 2871 celebrari
3384 2810 3577 2867 voluit.

1998 2921 2196 2978 Statim
2233 2920 2398 2990 igitur
2428 2931 2536 2972 non
2566 2929 2735 2986 pauca
2755 2912 2809 2966 in
2847 2909 3079 2965 circuitu
3106 2906 3303 2977 Oppida
3326 2915 3579 2958 accesse-

1997 3022 2146 3077 runt,
2211 3011 2411 3081 quibus
2454 3006 2683 3078 singulis
2739 3006 3033 3073 imperator
3079 2998 3363 3069 praefectos
3411 2993 3578 3055 dedit.
3662 3039 3672 3050 ,

1997 3116 2296 3172 earumque
2342 3109 2541 3157 statum
2584 3113 2703 3167 quae
2733 3096 2939 3165 optima
2979 3091 3093 3147 visa
3114 3097 3199 3144 est
3227 3087 3439 3141 ratione
3461 3085 3578 3138 for-

307 3192 405 3278 ζα·
438 3180 531 3278 καὶ
562 3164 794 3278 ἐτελεῖτο
827 3185 861 3253 ἡ
898 3164 1149 3256 εὐφημία
1171 3164 1314 3242 κατα
1344 3191 1412 3244 τὰ
1453 3164 1886 3264 κεκελευσμένα.

1997 3195 2188 3252 mavit.
2226 3192 2404 3264 Byziae
2452 3189 2760 3245 Manuelcm
2790 3186 3050 3249 Asanem,
3081 3179 3268 3235 uxoris
3318 3192 3432 3232 sua:
3464 3175 3577 3230 fra—

300 3266 420 3321 Τὸν
458 3268 571 3322 ἴσον
594 3270 651 3323 δὲ
677 3273 877 3340 τρόπον
906 3276 1012 3329 κάν
1057 3278 1179 3341 ταῖς
1213 3278 1405 3343 ἄλλαις
1433 3281 1653 3335 πόλεσιν
1680 3282 1887 3336 ἐποίει⁹

308 3358 407 3411 καὶ
438 3359 578 3428 μετὰ
606 3361 704 3423 τὰς
755 3363 906 3432 ίερὰς
957 3370 1351 3438 μυσταγωγίας
1398 3373 1601 3442 ὁμοίως
1639 3375 1739 3444 τὴν
1778 3374 1889 3428 τῶν

309 3449 580 3519 βασιλέων
614 3456 837 3526 μνήμην
868 3458 1086 3511 ἐκέλευε
1133 3464 1429 3519 ποιεῖσθαι.
1460 3464 1640 3528 Εὐθὺς
1673 3468 1772 3537 μὲν
1798 3466 1891 3521 οὖν

308 3545 701 3614 προσεχώρουν
731 3550 823 3601 καὶ
862 3549 929 3602 τὰ
966 3553 1092 3622 περὶ
1126 3553 1331 3625 Βιζύην
1364 3556 1614 3628 πολίχνια
1644 3557 1773 3614 ὄντα
1792 3561 1891 3614 οὐκ

303 3634 488 3704 ὀλίγα,
535 3641 630 3691 καὶ
677 3641 844 3693 πᾶσιν
888 3641 918 3693 6
951 3641 1209 3712 βασιλεὺς
1255 3646 1450 3717 ἐφίστη
1501 3648 1749 3718 ἡγεμόνα
1798 3654 1892 3706 καὶ

300 3724 519 3796 διῴκει,
617 3730 770 3801 αὐτῷ
820 3730 993 3785 ἐδόκει
1035 3733 1258 3803 ἄριστα.
1308 3736 1511 3807 Βιζύης
1544 3740 1610 3809 δὴ
1647 3741 1892 3811 ἄρχοντα

296 3821 614 3892 *κατέστησε
644 3825 736 3878 τὸν
785 3829 1049 3894 γυναικὸς
1107 3828 1334 3898 ἀδελφὸν
1379 3831 1612 3899 ’Ᾱσάνην
1642 3832 1734 3885 τὸν
1767 3832 1891 3885 Μα-

303 3913 494 3983 νουήλ.
524 3909 633 3966 Ἦν
656 3914 766 3986 γάρ
788 3933 916 3971 τινα
946 3920 1042 3973 καὶ
1080 3921 1393 3992 οἰκειότητα
1430 3923 1567 3993 πρὸς
1601 3923 1707 3994 τὴν
1732 3924 1889 3977 πόλιν

306 4004 549 4074 ἀρχαίαν
566 4006 727 4078 ἔχων.
757 4009 1208 4083 Πρωτοστράτωρ
1231 4013 1340 4084 γὰρ
1365 4016 1393 4067 6
1417 4017 1606 4068 τούτου
1627 4015 1891 4086 πενθερὸς

305 4097 428 4149 ἐκεῖ
453 4096 552 4168 τὴν
581 4100 758 4152 οίκῖαν
805 4099 945 4171 ἔχων
992 4102 1249 4174 ἐξαρῇς,
1286 4106 1511 4175 κτήσεις
1540 4122 1599 4159 τε
1630 4106 1891 4169 πλείστας

306 4187 408 4241 καὶ
444 4190 686 4259 μεγάλας
710 4189 856 4263 εἶχεν
886 4195 957 4249 ἐν
979 4196 1143 4266 αὐτῇ,
1190 4198 1283 4251 καὶ
1308 4197 1419 4253 τῶν
1448 4200 1754 4268 συγγενῶν,
1793 4204 1890 4253 καὶ

305 4281 422 4333 τῶν
478 4284 691 4337 οἰκετων
736 4287 856 4339 ἐκεῖ
896 4287 1085 4341 πολλοὶ
1138 4287 1444 4360 κατῴκουν,
1478 4291 1569 4360 ὑφ’
1617 4286 1693 4346 ὧν
1724 4293 1889 4363 ἤγετο

307 4368 501 4438 σχεδὸν
530 4371 563 4439 ἡ
589 4372 763 4436 πόλις.
809 4373 911 4429 Διὰ
941 4376 1147 4448 ταύτην
1175 4379 1239 4447 δὴ
1267 4380 1368 4450 τὴν
1394 4380 1712 4450 οἰκειότητα
1748 4383 1889 4452 πρὸς

307 4460 798 4532 πρωτοστρέιτορα,
824 4463 923 4516 τὸν
953 4465 1205 4536 γαμϐρὸν
1236 4466 1419 4530 αὐτοῖς
1452 4468 1755 4539 ἐπέστησεν
1780 4469 1885 4539 ἄρ-

1994 3299 2131 3343 trem
2183 3284 2497 3356 praefectum
2544 3280 2781 3348 delegit,
2822 3276 2909 3332 cui
2955 3283 3113 3329 vetus
3157 3270 3405 3342 quaedam
3450 3282 3573 3322 cum

1986 3380 2205 3436 civibus
2240 3376 2349 3432 illis
2374 3372 2690 3442 coniunctio
2720 3364 3141 3424 consuetudinis
3172 3359 3570 3416 intercedebat.

1988 3470 2153 3543 627
2184 3468 2557 3523 Protostrator
2603 3462 2804 3533 quippe
2849 3461 2971 3526 ejus
3012 3470 3175 3511 socer
3209 3453 3319 3508 illic
3348 3450 3577 3506 domici-

1990 3540 2124 3618 lium
2159 3560 2227 3615 ab
2272 3556 2451 3619 initio,
2485 3556 2800 3623 multasque
2838 3559 2895 3604 et
2947 3547 3154 3617 amplas
3200 3540 3576 3614 possessiones

1992 3651 2249 3707 habebat.
2283 3648 2555 3703 Praeterea
2606 3649 2966 3712 cognatorum
2995 3644 3048 3690 et
3077 3630 3427 3689 familiarium
3456 3628 3577 3698 ejus

1992 3745 2304 3815 complures
2362 3741 2436 3795 ibi
2468 3739 2806 3801 incolebant,
2840 3750 2871 3789 a
2919 3733 3119 3801 quibus
3166 3728 3341 3783 ferme
3383 3723 3575 3778 civitas
3622 3796 3627 3803 ἃ

1992 3813 2499 3890 administrabatur.
2555 3829 2640 3882 0b
2701 3827 2843 3880 banc
2896 3824 3068 3893 igitur
3144 3813 3573 3873 familiaritatem

1990 3924 2242 3997 conjugis
2290 3936 2403 3979 sua
2450 3933 2771 3993 germanum
2824 3914 3126 3971 Manuelem
3162 3910 3394 3965 Asanem
3436 3918 3575 3974 pra!-

1990 4019 2193 4074 fectum
2248 4015 2401 4086 ipsis,
2434 4024 2495 4068 ut
2543 4012 2881 4072 dicebamus,
2916 4003 3221 4061 constituit.
3252 3999 3386 4053 Nam
3443 4009 3573 4065 pro-

1994 4085 2422 4176 tostratorpost
2476 4102 2846 4159 secessionem
2894 4099 2969 4153 ab
3034 4098 3364 4165 imperatore
3423 4085 3570 4157 apud

1990 4199 2462 4270 Gynaecocastrum
2509 4207 2541 4247 a
2576 4205 2776 4260 magno
2805 4191 2944 4244 duce
2981 4184 3202 4257 egregie
3240 4181 3570 4241 ludiﬁcatus,

1990 4300 2045 4348 et
2072 4290 2216 4344 inter
2254 4285 2531 4358 principes
2578 4284 2876 4338 amicorum
2927 4286 3241 4347 cooptatus,
3295 4271 3571 4343 pauloque

1990 4392 2115 4456 post
2166 4376 2623 4451 protovestiarius
2670 4374 2997 4435 declaratus,
3050 4374 3237 4438 postea
3283 4360 3426 4418 domi
3455 4373 3570 4413 sua:

1989 4449 2256 4534 inclusus,
2286 4476 2342 4525 et
2371 4467 2613 4522 tenebris
2630 4463 2888 4520 similiter
2933 4468 2992 4514 ut
3014 4458 3109 4514 alii
3139 4454 3382 4524 ejusdem
3406 4449 3569 4506 ducis

302 4565 429 4620 χειν
460 4550 692 4620 Ἀσάνην
708 4554 800 4606 τὸν
822 4555 1104 4627 Μανουήλ.
1141 4558 1588 4630 Πρωτοστράτωρ
1606 4561 1715 4633 γὰρ
1745 4559 1884 4631 μετὰ

1993 4563 2150 4619 amici
2185 4562 2494 4622 damnatus,
2544 4557 2620 4612 ita
2666 4555 2856 4627 perdiu
2904 4553 2960 4607 in
2990 4551 3202 4607 edibus
3233 4546 3350 4601 suis
3380 4550 3567 4599 custo-

302 4638 412 4708 τὴν
463 4641 523 4693 ἐν
558 4641 1019 4717 Γυναικοκάστρῳ
1058 4648 1152 4703 τοῦ
1210 4652 1480 4723 βασιλέως
1531 4654 1884 4725 ἀναχώρησιν

1993 4658 2158 4720 ditus,
2183 4656 2402 4709 tandem
2438 4665 2604 4722 egens
2651 4657 2706 4702 et
2735 4645 2958 4701 infamis
2987 4658 3053 4698 ex
3081 4641 3299 4710 copioso
3326 4646 3384 4693 et
3440 4636 3572 4691 illu-

304 4730 420 4838 ὑπὸ
475 4733 712 4838 μεγάλου
765 4736 960 4838 δρυκδς
1018 4742 1193 4795 πολλὰ
1256 4746 1628 4813 φενακισθεὶς,
1664 4748 1759 4801 καὶ
1808 4749 1887 4811 είς

303 4823 440 4883 τὸὺς
471 4823 721 4893 πρώτους
748 4828 857 4881 τῶν
897 4829 1067 4896 φίλων
1092 4835 1449 4903 τεταγμένος,
1479 4838 1888 4908 πρωτοϐεστιά-

305 4915 429 4986 ριός
453 4932 511 4968 τε
550 4916 726 4998 ,ὀλίγῳ
764 4918 995 4990 ὕστερον
1046 4916 1408 4995 ἀναδειχὉεὶς,
1458 4928 1651 4983 ἔπειτα
1683 4933 1764 4992 είς
1788 4929 1887 5001 τὴν

304 5007 491 5060 οἰκίαν
516 5011 895 5083 κατεκλείσθη,
926 5015 1021 5067 καὶ
1049 5015 1214 5085 ζόφον
1240 5020 1540 5092 κατεκρίθη
1568 5025 1680 5084 τοῖς
1703 5022 1888 5087 ἄλλοις

305 5098 515 5165 ὁμοίως
547 5101 763 5168 φίλοις,
808 5105 903 5157 καὶ
934 5105 1125 5175 χρόνον
1179 5106 1324 5161 οὕτω
1381 5112 1578 5179 συχνὸν
1629 5113 1887 5178 διανύσας

307 5191 721 5262 φρουρούμενος
743 5196 800 5246 ἐν
827 5197 892 5265 τῇ
927 5197 1097 5269 οἰκία,
1129 5197 1361 5270 ὕστερον
1405 5201 1750 5275 ἐτελεύτησε,
1788 5207 1887 5258 πέ-

306 5299 408 5349 νης
435 5284 527 5335 καὶ
569 5284 764 5355 ἄτιμος
799 5286 859 5351 ἐξ
897 5289 1133 5360 εὐπόρου
1164 5293 1259 5346 καὶ
1295 5293 1631 5362 περιφανοῦς
1661 5311 1889 5363 γεγενη·

296 5374 495 5444 μένος.
526 5374 848 5450 Πατριάρχῃ
878 5378 938 5432 δέ
965 5378 1044 5450 τῷ
1080 5380 1472 5453 Ἱεροσολύμων
1508 5385 1637 5455 ἀρτι
1670 5384 1792 5437 τότε
1822 5387 1888 5438 ἐκ

292 5464 608 5527 Βυζαντίου
664 5468 940 5538 διαδράντι
968 5511 983 5535 ,
1043 5472 1474 5546 ὕποπτευομένῳ
1514 5480 1609 5529 καὶ
1651 5476 1887 5547 πάσχειν

309 5554 563 5646 μέλλοντι
587 5559 796 5625 κακῶς,
831 5562 926 5615 καὶ
950 5563 1243 5636 ἀφιγμένῳ
1273 5566 1411 5632 πρὸς
1438 5566 1625 5629 αὑτὸν,
1674 5569 1703 5619 6
1728 5567 1884 5636 βασις

306 5646 437 5708 λεῦς
478 5647 577 5718 τὴν
626 5648 830 5719 Βιζύης
870 5654 1218 5726 ἐνεχείρησεν
1251 5657 1602 5726 Ἐκκλησίαν,
1649 5657 1791 5711 ὥστε
1819 5661 1888 5711 τὰ

307 5742 422 5803 τοῖς
465 5741 631 5809 ἱεροῖς
674 5744 894 5797 κανόσιν
923 5746 1240 5818 ἐνδεδομένα
1269 5748 1562 5818 πράττειν,
1597 5752 1721 5803 ἐπεὶ
1752 5750 1886 5805 ταύ-

308 5848 411 5902 της
439 5834 483 5885 ὀ·
504 5834 793 5906 ἀρχιερεὺς
825 5836 1105 5909 ἀπεχώρει
1139 5839 1238 5911 τὴν
1265 5839 1528 5911 βασιλέως
1558 5843 1885 5914 ἀποσειόμε-

1989 4750 2086 4805 stri
2111 4756 2359 4804 mortuus
2379 4753 2480 4800 est.
2500 4740 2826 4815 Pa'triarcha:
2846 4747 3025 4792 autem
3051 4733 3571 4802 Hierosolymorum,

1988 4841 2079 4910 qui
2113 4847 2400 4906 suspectus
2461 4843 2516 4889 et
2566 4846 2754 4903 poenas
2798 4829 3025 4883 daturus
3080 4837 3270 4880 recens
3312 4819 3572 4892 Byzantio

1986 4933 2054 4988 ad
2099 4945 2158 4987 se
2212 4925 2566 4998 confugerat,
2598 4926 2891 4994 imperator
2929 4918 3243 4991 Bizyensem
3268 4914 3571 4970 Erclesiam

1987 5036 2271 5078 sacrorum
2322 5031 2592 5075 canonum
2643 5027 2905 5070 concessu
2961 5010 3247 5082 regendam
3289 5020 3572 5062 commen-

1987 5113 2138 5169 davit
2184 5130 2199 5167 :
2254 5106 2701 5179 quandoquidem
2754 5105 2876 5174 ejus
2927 5103 3239 5172 cpiscopus,
3269 5099 3569 5154 adventum

1988 5205 2163 5275 ipsius
2215 5210 2520 5265 aversatus,
2543 5198 2847 5269 aufugerat.
2895 5195 3033 5250 Tuto
3060 5192 3210 5246 orbis
3244 5201 3390 5247 statu
3421 5203 3572 5243 com-

1990 5295 2190 5365 posito,
2217 5291 2589 5361 Chariopolim
2618 5306 2687 5344 .se
2718 5287 2950 5357 recepit,
2983 5294 3039 5341 et
3074 5284 3275 5357 oppida
3308 5281 3572 5337 restantia

1992 5386 2058 5441 ad
2104 5384 2440 5441 deditionem
2476 5381 2671 5451 partim
2707 5380 2878 5435 armis
2932 5378 3131 5449 coegit,
3192 5375 3389 5445 partim
3447 5387 3573 5426 ora-

1992 5481 2140 5534 tione
2200 5480 2268 5533 ad
2332 5477 2772 5549 persuadendum
2833 5473 3239 5529 accommodata
3295 5470 3575 5525 invitavit.

1989 5571 2108 5628 Jam
2144 5586 2272 5626 veno
2305 5586 2538 5640 magnus
2590 5572 2695 5623 dux
2724 5576 2915 5639 captus
2957 5566 3097 5622 intra
3149 5565 3334 5619 urbem
3365 5561 3577 5618 latendi

1988 5664 2208 5718 fastidio
2231 5662 2372 5733 (alia
2402 5660 2668 5731 siquidem
2696 5657 3077 5713 Cantaeuzeno
3092 5671 3157 5711 se
3179 5655 3589 5726 permiseram,

1991 5755 2109 5808 alia:
2138 5754 2374 5808 obsessae
2422 5761 2478 5807 et
2504 5749 2842 5820 quotidianis
2871 5746 3318 5820 papulationibus
3348 5746 3583 5801 dive-ma»

1995 5857 2060 5901 tae
2094 5844 2382 5934 nutabant,
2413 5859 2537 5925 cum
2565 5842 2867 5926 subsidium
2895 5843 2961 5899 ab
3000 5840 3092 5919 illo
3127 5839 3587 5908 nullum,qualu-
