4048 6436
363 459 499 527 ῘῙΒῙ

1482 453 2039 517 HISTORIARUM
2081 453 2323 516 LIBER
2363 455 2483 517 III.

3479 451 3633 519 1182

272 618 277 624 .
361 575 613 645 σαρκίας,
674 570 857 627 ἔπειθε
897 570 1153 642 μεγάλοις
1185 571 1398 643 μισθοῖς
1453 571 1936 641 ἐπαγγελλόμενον

2069 570 2362 627 Ξοιιοουιιις
2404 570 2569 641 igitur
2623 583 2748 633 cum
2802 568 3042 639 quodam
3102 566 3336 633 medico,
3404 567 3496 636 qui
3555 584 3622 622 ex

358 666 454 720 καὶ
503 663 686 728 αὐτὸν,
738 662 995 723 εὐσταλὲς
1025 662 1085 715 τὸ
1128 662 1287 731 σῶμα
1323 662 1421 716 καὶ
1470 660 1788 732 σύμμετρόν
1829 677 1940 714 τισι

360 757 606 824 ποιήσειν
638 754 1033 825 φαρμακείαις,
1085 755 1182 808 καὶ
1213 753 1276 824 δὴ
1311 753 1479 808 τᾶλλα
1507 752 1685 806 πάντα
1712 751 1943 820 δεύτερα

357 846 684 913 ἡγούμενος,
720 846 967 914 λουτροῖς
993 846 1254 916 ἐσχόλαζε
1283 847 1378 899 καὶ
1405 846 1623 915 ἐμέτοις
1651 844 1745 899 καὶ
1774 841 1942 897 κενώ-

361 955 479 990 σεσι
538 938 775 1007 γαστρὸς
1049 935 1219 1007 ίατρῷ
1280 936 1472 1001 ἐδόκει,
1528 935 1828 1007 ὀλιγοσιτίᾳ
1856 952 1942 989 οτε

362 1031 653 1098 προσεῖχε,
696 1028 790 1082 καὶ
848 1028 1015 1081 τᾶλλα
1053 1028 1229 1082 πάντα
1259 1026 1608 1097 ἐπετήδευεν,
1652 1028 1755 1096 ὅσα
1804 1026 1943 1098 πρὸς

359 1117 665 1189 λεπτότητα
701 1118 1038 1187 συναίρεται.
1074 1117 1163 1182 Ἐξ
1196 1113 1269 1172 ὧν
1301 1118 1482 1193 ἠτόνει
1516 1118 1613 1189 μὲν
1645 1118 1742 1172 καὶ
1773 1117 1943 1187 ἀδρα-

362 1212 458 1279 νὴς
486 1206 575 1279 ἦν,
606 1210 700 1263 καὶ
730 1209 1033 1280 παρελύετο
1060 1210 1157 1280 τὴν
1193 1211 1405 1281 ῥώμην,
1438 1211 1470 1280 ἡ
1503 1211 1720 1279 γαστὴρ
1751 1209 1808 1262 δὲ
1834 1208 1942 1262 ὀλί-

362 1315 435 1366 γα
465 1301 604 1368 πρὸς
633 1301 724 1353 τὸν
747 1300 913 1368 ὄγκον
937 1300 1191 1354 ἐνεδίδω.
1211 1300 1596 1363 ’Υποπτεύσας
1626 1300 1683 1352 δὲ
1716 1303 1744 1354 ὀ
1770 1299 1947 1371 μέγας

362 1389 507 1453 δοῦξ,
531 1390 605 1453 ὡς
633 1388 860 1460 ὕστερόν
900 1408 1029 1444 ποτε
1069 1390 1459 1459 ἀπαγορεύσας
1497 1390 1635 1462 πρὸς
1665 1391 1765 1453 τὰς
1811 1379 1950 1461 φαρὲ

369 1479 606 1547 μακείας
646 1481 855 1533 εἴσεται
891 1479 1075 1549 σαφῶς
1120 1481 1222 1550 τὴν
1257 1479 1541 1549 εἰρωνείαν
1567 1520 1582 1546 ,
1636 1480 1730 1533 καὶ
1768 1480 1950 1540 δείσας

370 1571 447 1641 μὴ
479 1571 567 1625 διὰ
593 1572 654 1623 τὸ
683 1571 1040 1642 περιορᾶσθαι
1069 1572 1207 1642 πρὸς
1234 1572 1325 1624 τὸν
1359 1572 1480 1625 κατ’
1509 1571 1676 1624 αὐτοῦ
1712 1571 1949 1640 πόλεμον

366 1661 520 1728 αὖθις
550 1666 801 1732 ἐκτραπῇ
828 1664 923 1716 καὶ
953 1663 1117 1734 πείσῃ
1152 1664 1404 1734 βασιλίδα
1437 1662 1685 1716 τίθεσθαι
1714 1661 1951 1722 σπονδὰς

367 1757 507 1827 πρὸς
555 1756 1011 1822 Καντακουζηνδν
1053 1757 1146 1809 τὸν
1185 1754 1411 1827 βασιλέα
1471 1756 1602 1823 ’περί⁹
1643 1751 1952 1833 είρῄνηςρδ

367 1849 475 1900 τῶν
504 1848 770 1900 κινδύνων
802 1846 950 1916 αύτῷ
984 1847 1012 1899 6
1042 1845 1422 1916 φοϐερώτατος
1455 1846 1654 1910 ἐδόκει,
1681 1842 1952 1913 ἐσκέψατο

367 1937 554 2006 τρόπῳ
569 1937 634 2006 δή
660 1954 768 1990 τινι
795 1907 1138 2006 διαφθείρειν
1159 1907 1254 1989 καὶ
1275 1907 1471 1990 αὐτόν’
1509 1937 1605 1989 καὶ
1630 1907 1739 1989 τῶν
1770 1907 1952 1988 συνει-
1981 1907 2027 1966 Β

367 2027 537 2080 δότων
564 2028 632 2081 τὰ
660 2028 949 2098 ἀπῦρῤητα
985 2027 1133 2096 αὑτῷ
1164 2044 1317 2089 τινας
1344 2027 1701 2096 προσέπεμπε
1722 2025 1953 2095 μηνύον-

368 2137 468 2181 τας
491 2118 558 2171 δι’
583 2119 799 2171 εὔνοιαν
834 2120 995 2187 δῆθεν
1027 2119 1103 2188 τῷ
1129 2117 1353 2188 μεγάλῳ
1374 2117 1657 2188 λογοθέτῃ,
1682 2117 1764 2169 ὅτι
1798 2116 1954 2186 βασι-

383 2212 468 2273 λἰς
498 2210 732 2280 μάλιστα
753 2209 1029 2280 ὀργίζοιτο
1066 2207 1239 2278 αὐτῷ,
1270 2209 1369 2276 τὴν
1396 2209 1452 2261 δὲ
1490 2207 1668 2261 αἰτίαν
1703 2208 1950 2273 ἀγηοοεϊνυ

370 2300 420 2352 οἳ
450 2302 543 2352 καὶ
562 2299 790 2352 τοιαῦτα
825 2298 1336 2370 προσαγγέλλοντες
1367 2297 1683 2367 ὲξεφὸϐουν.
1722 2297 1955 2348 Ἔπειτα

372 2396 472 2447 καὶ
495 2393 692 2462 ὅρκους
722 2390 951 2461 ᾐτοῦντο
985 2391 1144 2459 δῆθεν
1181 2390 1322 2460 ὑπὲρ
1358 2390 1450 2442 τοῦ
1484 2388 1684 2460 μηθενὶ
1712 2387 1953 2457 καταδήο

373 2486 499 2547 λους
531 2484 707 2535 ποιεῖν
744 2481 871 2543 τοὺς
911 2483 981 2534 τὰ
1028 2482 1323 2551 ἀπόρρητα
1381 2479 1748 2549 μηνύσαντας.
1799 2477 1957 2530 Οὕτω

378 2579 476 2647 μὲν
506 2571 600 2628 οὖν
656 2576 855 2626 ἐκεῖνοι
900 2573 1276 2641 ἐκακούργουν
1309 2571 1406 2642 τὴν
1442 2571 1837 2640 πεπλασμένην
1864 2569 1959 2638 δή·

373 2668 541 2720 λωσιν
572 2667 681 2719 τῶν
712 2665 1063 2736 ἀπορρήτων.
1093 2662 1358 2736 ,Γαϐαλᾶς
1402 2663 1460 2714 δὲ
1523 2662 1769 2731 οἰόμενος
1816 2655 1957 2713 εἶναι

376 2759 555 2828 ἁληθῆ
581 2759 648 2811 τὰ
680 2756 971 2827 εἰρημένα,
1014 2753 1355 2823 πανταχόθεν
1384 2753 1716 2823 ἐκυμαίνετο
1741 2752 1836 2817 καὶ
1860 2768 1957 2803 πε-

383 2849 684 2919 ριηντλείτο
715 2847 1019 2917 λογισμοῖς,
1057 2847 1152 2899 καὶ
1187 2846 1414 2906 σύννους
1450 2846 1545 2896 καὶ
1590 2842 1768 2913 ὠχρὸς
1800 2842 1960 2910 ὲφαί-

378 2962 520 3012 νετο,
550 2946 644 2998 καὶ
672 2947 789 3005 ταῖς
808 2942 1053 3013 φροντίσι
1076 2940 1441 3008 συντετηκὼς.
1463 2938 1600 3003 Δοὺξ
1630 2938 1687 2990 δὲ
1711 2939 1740 2989 ὁ
1765 2937 1958 3007 μέγας,

380 3036 490 3090 τῶν
542 3036 933 3107 πραττομένων
973 3033 1195 3099 ἄγνοιαν
1244 3029 1717 3101 ὑποκρινόμενος,
1774 3027 1963 3097 ἠρώτα

380 3131 480 3199 τὴν
502 3104 681 3181 αἰτίαν
708 3128 805 3196 τῆς
839 3126 1088 3188 συννοίας
1115 3124 1211 3177 καὶ
1235 3122 1338 3191 τῆς
1395 3104 1739 3191 ὠχριάσεως.
1760 3120 1845 3172 -Ὀ
1883 3119 1960 3186 δὲ,

2041 664 2196 721 Italia
2252 677 2422 733 nuper
2467 669 2710 727 venerat,
2737 661 2805 716 de
2861 661 2963 717 ista
3011 659 3374 730 corpulentia.
3412 659 3621 729 ingenti

2042 755 2302 812 mercede
2346 769 2471 809 eum
2509 752 2790 817 demulsit,
2818 761 2874 806 et
2917 751 2965 806 is
3015 766 3074 806 se
3109 764 3312 819 corpus
3344 748 3462 817 ejus
3498 747 3623 816 qui-

2041 849 2271 904 busdam
2319 845 2603 901 medicinis
2647 844 2714 897 ad
2744 844 2994 898 decorem
3041 853 3095 896 et
3126 839 3480 912 gracilitatem
3515 846 3627 891 tra-
3679 866 3690 878 ν

2044 942 2334 998 ducturum
2387 936 2701 1008 spOpondit.
2730 936 2850 990 Mox
2881 932 3210 1004 posthabitis
3254 929 3530 993 omnibus,
3557 928 3625 982 ad

2045 1033 2425 1103 praescriptum
2475 1028 2672 1084 medici
2711 1026 2943 1091 balneis,
2972 1024 3387 1082 vomitionibus.
3410 1012 3623 1075 crebris

2048 1125 2150 1179 alvi
2181 1121 2531 1178 ductionibus
2569 1120 2664 1174 dat
2715 1132 2957 1188 Operam,
3001 1130 3195 1187 parum
3234 1113 3342 1169 cibi
3368 1121 3424 1167 et
3448 1111 3627 1181 potio-

2047 1215 2137 1271 nis
2178 1213 2420 1279 adhibet,
2477 1220 2780 1279 caeteraque
2830 1210 3011 1263 omn’a
3077 1207 3146 1261 ad
3194 1203 3444 1275 corporis
3476 1212 3633 1257 exte-

2049 1301 2662 1362 nuationem'valentia
2726 1298 2916 1355 sedqu
2970 1306 3219 1366 usurpat.
3283 1295 3362 1349 Ex
3431 1293 3632 1362 quibus

2049 1399 2295 1469 languor,
2319 1393 2683 1455 imbecillitas,
2705 1404 3112 1458 nervorumque
3144 1386 3428 1442 dissolutio
3486 1381 3632 1437 exsi-

2051 1489 2250 1553 stebat,
2274 1494 2330 1540 at
2360 1483 2566 1539 ventris
2599 1482 2771 1536 moles
2798 1494 2987 1549 parum
3013 1475 3454 1531 imminuebatur.
3482 1471 3633 1525 Veri-

2053 1590 2142 1636 tus
2193 1587 2378 1632 autem
2426 1588 2657 1646 magnus
2720 1572 2853 1636 dux,
2910 1584 2982 1625 ne
3038 1569 3255 1623 tandem
3320 1562 3632 1636 pltarmacis

2054 1669 2407 1737 defatigatus,
2454 1652 2713 1718 technam
2761 1658 3104 1730 perspiceret
3143 1674 3157 1711 :
3196 1665 3254 1710 et
3302 1654 3501 1708 timens
3537 1666 3630 1715 ne,

2053 1761 2182 1831 quia
2213 1765 2565 1826 contemptus
2598 1762 2761 1814 esset,
2806 1764 2999 1804 rursus
3051 1762 3201 1802 arma
3236 1753 3426 1800 contra
3453 1743 3632 1812 ipsum

2054 1852 2246 1914 ferret,
2288 1857 2452 1917 atque
2497 1841 2900 1917 itnperatricem
2939 1840 3006 1894 ad
3044 1838 3225 1893 foedus
3274 1851 3399 1890 cum
3429 1832 3635 1888 Canta-

2055 1956 2262 1998 cuzeno
2291 1936 2620 2009 patrandum
2660 1933 2984 2004 impelleret,
3015 1943 3125 1998 quo
3173 1927 3384 1981 nullum
3415 1924 3634 1994 pericu-

2053 2035 2164 2089 lum
2203 2029 2504 2100 impensius
2530 2026 2826 2089 metuebat,
2852 2022 3000 2077 illius
3027 2035 3245 2090 quoque
3268 2016 3636 2072 interﬁciendi

2052 2126 2320 2182 rationem
2371 2117 2722 2189 excogitavit.
2748 2114 2882 2170 Nam
2915 2112 3184 2182 quosdam
3210 2108 3312 2163 sibi
3349 2123 3377 2162 a
3410 2106 3638 2162 secretis

2034 2217 2226 2280 .misit,
2267 2213 2384 2283 qui,
2443 2220 2501 2265 ut
2552 2223 2753 2280 magno
2807 2199 3411 2276 logothetae,henevolo
3454 2197 3639 2253 animo

2056 2304 2389 2366 iudicarent,
2416 2303 2713 2370 Augustam
2750 2295 2799 2351 ei
2844 2294 3039 2348 iratam
3080 2306 3201 2346 esse
3240 2287 3635 2343 vehementer:

2056 2409 2276 2451 causam
2303 2408 2362 2448 se
2389 2390 2622 2446 nescire.
2646 2387 2872 2443 Talibus
2899 2384 3112 2439 nuntiis
3145 2380 3427 2436 hominem
3454 2386 3640 2431 exter-

2057 2491 2270 2546 rebant.
2325 2484 2534 2540 Deinde
2582 2491 2638 2536 et
2678 2481 3050 2549 juramcutum
3097 2473 3411 2543 exigebant,
3442 2470 3641 2524 horum

2058 2594 2384 2639 arcanorum
2433 2576 2638 2631 indices
2678 2569 2887 2626 nemini
2935 2566 3305 2638 proditurum.
3338 2561 3433 2616 Sic
3470 2559 3638 2632 629

2062 2672 2223 2730 illi'in
2261 2665 2660 2726 commentitiis
2707 2660 2935 2718 secretis
2973 2654 3347 2729 signiﬁcandis
3394 2667 3454 2705 se
3485 2651 3644 2705 mali-

2064 2765 2203 2820 tiose
2257 2760 2538 2833 gerebant.
2572 2753 2806 2833 Gabalas
2856 2747 3202 2804 mendacium
3249 2741 3474 2799 minime
3499 2738 3645 2799 olfa-

2064 2857 2239 2917 ciens,
2265 2831 2520 2920 undique
2568 2831 2962 2917 cogitationum
3016 2836 3274 2893 fluctibus
3318 2831 3645 2903 iactabatur,

2064 2918 2512 3001 meditabundus,
2577 2935 2809 3005 pallidus
2877 2938 2934 2984 et
3011 2941 3124 2998 prae
3189 2918 3650 2978 sollicitudinibus

2064 3035 2478 3092 contabescens.
2504 3027 2730 3097 Magnus
2751 3030 2932 3077 autem
2962 3018 3092 3083 dux,
3114 3015 3195 3071 rei
3233 3022 3400 3085 gestae
3428 3012 3650 3080 ignora-

2067 3129 2271 3182 tionem
2328 3137 2442 3192 prae
2505 3134 2565 3177 se
2602 3113 2809 3179 ferens,
2858 3108 3100 3166 tristitiae
3139 3114 3194 3161 et
3223 3102 3446 3174 palloris
3483 3100 3650 3170 huius

380 3223 534 3275 οὐδὲν
562 3218 937 3280 ὑπωπτευκὼς
966 3216 1095 3286 περὶ
1116 3213 1331 3268 ἐκείνου
1385 3213 1615 3282 φαῦλον,
1651 3206 1740 3264 οἷα
1767 3211 1831 3280 δὴ
1860 3226 1956 3279 κη-

2069 3231 2288 3274 causam
2345 3210 2692 3281 exquirebat.
2741 3204 2881 3259 Tum
2931 3199 3165 3256 Gabalas
3227 3194 3480 3252 candide.
3525 3200 3649 3245 tan-

381 3314 541 3383 δεστῇ
563 3312 656 3365 καὶ
681 3310 980 3379 ἀλγήσαντι
1006 3309 1147 3376 ὑπὲρ
1172 3305 1403 3373 ἐκείνου,
1428 3306 1536 3358 πᾶν
1560 3289 1620 3356 to
1643 3303 1960 3374 ἀπόρρητον

2069 3321 2224 3375 quam
2287 3315 2480 3358 socero
2541 3306 2596 3350 et
2647 3294 2821 3348 vicem
2859 3304 3013 3346 suam
3064 3287 3319 3348 dolituro,
3364 3294 3651 3344 arcanum,

384 3402 656 3470 ἐξέφαινε,
711 3402 809 3454 καὶ
866 3399 1187 3468 ἐπικουρίας
1218 3398 1404 3468 τυχεῖν
1437 3412 1583 3458 τινος
1635 3395 1830 3457 ἐδεῖτο,
1868 3394 1963 3447 καὶ

388 3497 615 3566 γνώμην
645 3493 1013 3564 εἰσηγεῖσθαι,
1121 3492 1469 3566 χρησάμενος
1503 3488 1608 3553 ἔξω
1658 3486 1813 3541 ἔσται
1858 3485 1966 3537 τῶν

385 3563 669 3642 κινδύνων.
704 3563 870 3638 Ούδὲν
899 3584 1005 3654 γὰρ
1031 3579 1097 3654 ἦν
1138 3584 1199 3634 τὸ
1231 3563 1521 3652 μέσον’τοῦ
1553 3575 1966 3646 ὑποπτευθῆναι

386 3682 510 3733 τότε
531 3681 625 3741 καὶ
649 3676 1037 3746 διαφθαρῆναι.
1092 3673 1230 3739 Δοὺξ
1259 3674 1317 3728 δὲ
1367 3673 1395 3725 ὁ
1433 3672 1604 3741 μέγας
1631 3669 1841 3737 ἔφασκε
1870 3667 1969 3736 μὲν

387 3771 614 3826 τοιαῦτα
641 3772 736 3824 καὶ
766 3769 930 3831 αὐτὸς
963 3766 1263 3836 ἀκηκοέναι
1319 3765 1447 3831 περὶ
1481 3761 1672 3826 αὐτοῦ,
1714 3757 1969 3830 ἡγεῖσθαι

389 3863 448 3915 δὲ
498 3863 573 3932 μὴ
619 3859 817 3929 ἀληθῆ,
863 3859 1011 3926 ὅμως
1037 3856 1279 3910 ὑπετίθει
1328 3854 1636 3924 τὴνούσίαν
1673 3852 1824 3921 παρὰ
1851 3852 1964 3907 τοῖς

393 3954 568 4023 φίλοις
596 3951 885 4005 ἐκτιθέναι.
922 3950 1032 4015 Τὴν
1065 3948 1171 4017 γὰρ
1203 3946 1628 4016 πολιτευομένην
1668 3943 1788 3996 νυνὶ
1819 3954 1973 4010 ⁴παρα

405 4042 696 4114 Ῥωμαίοις
725 4043 930 4110 ἔφασκε
958 4039 1322 4107 συκοφαντίαν
1354 4040 1448 4091 καὶ
1481 4035 1761 4104 διαϐολὴν,
1792 4033 1971 4085 πάντα

394 4134 635 4188 ὁντινοῦν
677 4131 1039 4201 φυλάττεσθαι
1096 4130 1295 4200 χρεών.
1353 4127 1465 4182 Καὶ
1517 4126 1626 4198 γὰρ
1672 4125 1836 4187 αὐτὸς
1865 4124 1975 4176 τῶν

397 4226 592 4280 κοινῶν
625 4225 878 4279 ἁπάντων
908 4222 1114 4292 ἄρχων,
1144 4223 1238 4273 καὶ
1266 4221 1362 4289 τῆς
1387 4219 1610 4287 πρώτης
1645 4216 1796 4286 παρὰ
1834 4215 1970 4267 Ῥω-

403 4319 583 4387 μαίοις
606 4315 897 4369 ἀπολαύων
921 4313 1087 4382 τιμῆς
1128 4315 1220 4365 καὶ
1253 4311 1581 4380 εὐπραγίας,
1616 4309 1678 4361 ού
1734 4306 1973 4378 μάλιστα

401 4410 582 4469 αὐτοῖς
620 4407 865 4477 θαρρεῖν,
914 4405 1049 4459 ἀλλὰ
1081 4406 1148 4458 τὰ
1192 4402 1362 4455 πλείω
1410 4401 1504 4454 καὶ
1542 4398 1978 4466 πολυτελέστερα

398 4500 508 4553 τῶν
538 4500 703 4552 ὄντων
723 4538 737 4560 .
769 4497 826 4550 έν
861 4514 920 4550 τε
961 4495 1278 4558 Ἐπιϐάταις
1304 4495 1382 4565 τῷ
1407 4493 1675 4564 φρουρίῳ,
1714 4492 1810 4544 καὶ
1839 4491 1982 4559 πρὸς

2069 3405 2128 3451 ut
2177 3405 2318 3459 erat,
2350 3396 2581 3454 reserat,
2629 3387 2860 3457 ejusque
2895 3394 3055 3450 opem
3091 3378 3328 3446 aliquam
3378 3381 3433 3427 et
3461 3371 3651 3426 consi-

2070 3487 2208 3542 lium
2254 3483 2532 3551 implerat,
2566 3492 2674 3547 quo
2726 3488 2859 3529 usus
2897 3470 3188 3534 discrimen
3243 3465 3477 3529 evadat;
3525 3477 3654 3516 nam

2070 3582 2201 3632 tunc
2256 3575 2401 3628 inter
2446 3577 2760 3639 suspectum
2811 3578 2932 3620 esse
2971 3571 3027 3616 et
3087 3557 3324 3630 iugulari
3357 3555 3498 3610 nihil
3524 3561 3647 3609 erat

2072 3669 2343 3726 medium.
2386 3662 2487 3718 Hic
2530 3673 2767 3730 magnus
2809 3657 2939 3719 dux,
2966 3670 3025 3710 se
3066 3665 3288 3722 quoque
3318 3649 3434 3704 haec
3457 3647 3526 3702 de
3562 3645 3658 3699 illo

2071 3757 2382 3820 audivisse;
2421 3761 2614 3823 putare
2646 3761 2830 3806 tamen
2868 3761 3003 3801 vera
3054 3759 3166 3799 non
3201 3757 3341 3797 esse.
3371 3737 3660 3794 Nihilomi-

2074 3863 2181 3903 nus
2214 3848 2292 3900 uti
2320 3844 2609 3900 facultates
2637 3856 2764 3894 suas
2785 3837 2974 3892 amicis
3007 3833 3382 3896 concrederet,
3411 3839 3658 3883 monere.

2076 3938 2209 4003 Quae
2248 3933 2397 3989 enim
2430 3945 2581 3986 nunc
2622 3927 2765 3998 apud
2820 3927 3097 3980 Romanos
3148 3935 3376 3991 regnum
3411 3920 3660 3972 tenerent

2078 4023 2434 4099 sycophantia
2461 4030 2516 4076 et
2545 4016 2843 4079 calumnia,
2867 4028 2962 4070 eas
2996 4027 3193 4068 cavere
3217 4019 3662 4079 unumquemque

2081 4126 2358 4188 oportere.
2395 4114 2533 4168 Nam
2589 4121 2644 4166 et
2701 4124 2799 4173 se,
2829 4109 2994 4161 totius
3035 4103 3345 4173 reipublicae
3393 4107 3555 4168 caput
3595 4110 3662 4151 ac

2081 4186 2385 4279 principem
2417 4242 2432 4266 ,
2467 4198 2877 4265 honoribusque
2906 4208 2969 4248 ac
2998 4192 3256 4247 felicitate
3285 4189 3424 4242 inter
3458 4186 3662 4240 Roma-

2080 4314 2182 4353 nos
2206 4295 2561 4368 praecipuum,
2589 4290 2909 4356 neutiquam
2936 4285 3045 4339 illis
3077 4283 3263 4345 ﬁdere,
3288 4279 3380 4335 sed
3404 4279 3665 4346 majorem

2082 4404 2146 4445 ac
2188 4368 2561 4458 pretiosiorem
2594 4392 2811 4452 partem
2860 4392 3044 4432 rerum
3080 4387 3304 4431 suarum
3340 4370 3580 4440 Epibatis
3610 4369 3666 4422 in

2084 4477 2332 4538 castello,
2357 4485 2412 4528 et
2438 4487 2562 4528 arce
2593 4472 2647 4525 in
2681 4468 2961 4538 Manganis
2988 4463 3378 4520 recondidisse.
3408 4461 3513 4530 lpsi
3538 4475 3669 4515 vero

400 4592 481 4662 τῷ
508 4594 565 4644 έν
616 4554 931 4659 Μαγκάνοις
983 4589 1180 4658 πύργῳ
1214 4554 1377 4655 ἥξειν’.
1419 4554 1599 4637 ’Ᾰύτδν
1626 4554 1690 4636 δὲ
1741 4554 1968 4649 ἐπεὶ-μὶ

2090 4567 2350 4640 quoniam
2383 4563 2609 4621 castello
2638 4569 2873 4624 careret,
2914 4573 3022 4628 quo
3059 4557 3117 4611 in
3148 4554 3458 4611 istiusmodi
3484 4566 3669 4607 rerum

2399 4657 2410 4662 -
2497 4655 2528 4662 ..
2964 4648 2997 4662 ιο
3157 4660 3166 4662 -
3196 4642 3466 4662 l_,__;,-_l-
3501 4639 3639 4662 f----l

405 4683 646 4756 συμϐαίη
677 4681 935 4754 φρούριόν
967 4698 1019 4733 τι
1041 4679 1206 4749 ἔχειν,
1232 4673 1274 4745 ᾧ
1311 4677 1583 4747 χρήσαιτο
1615 4674 1750 4744 πρὸς
1800 4669 1987 4726 τοιαύ-

401 4793 500 4838 τας
537 4775 647 4829 τῶν
698 4773 1038 4843 πραγμάτων
1074 4769 1397 4839 μεταϐολὰς,
1439 4767 1615 4837 ἑτέρῳ
1645 4764 1834 4836 τρόπῳ
1879 4763 1989 4815 τινὶ

402 4869 502 4936 τῆς
527 4866 714 4927 οὐσίας
761 4862 1025 4931 προνοεῖν,
1058 4861 1124 4913 ἵν’
1173 4860 1225 4912 εἴ
1254 4877 1308 4913 τι
1335 4858 1581 4928 συμϐαίη
1613 4853 1899 4924 δυσχερὲς,
1924 4853 1987 4904 ού

409 4958 518 5027 γὰρ
550 4955 725 5024 μάτην
778 4951 930 5021 παρὰ
960 4950 1229 5021 βασιλίδος
1261 4947 1690 5009 ὑποπτεύεσθαι,
1726 4946 1825 5013 τὴν
1853 4943 1986 5011 γοῦν

408 5046 594 5100 οὐσίαν
625 5045 746 5116 ἔχῃ,
778 5045 871 5096 καὶ
934 5041 1008 5112 μὴ
1054 5039 1383 5109 ἀμφοτέρων
1422 5038 1610 5100 οὐσίας
1645 5053 1704 5088 τε
1743 5035 1861 5103 ἅμα
1894 5034 1991 5086 καὶ

408 5136 582 5206 ἀρχῆς
612 5134 720 5186 τῶν
771 5131 1112 5201 πραγμάτων
1168 5126 1543 5197 ἁποστερηθῇ.
1616 5126 1678 5178 '0
1738 5124 1838 5194 μὲν
1893 5122 1991 5176 οὖν

409 5227 634 5281 τοιαῦτα
658 5223 1033 5279 συνεϐούλευε.
1060 5218 1364 5288 Λογοθέτης
1387 5218 1441 5270 δὲ
1474 5219 1502 5269 ὁ
1545 5216 1720 5285 μέγας
1745 5216 1846 5286 τὴν
1869 5215 1994 5267 ὲπι-
2018 5281 2021 5285 _

413 5317 609 5387 ϐουλὴν
666 5315 739 5386 μὴ
779 5311 1025 5376 συνιδὼν,
1059 5306 1306 5362 ἐπείθετό
1341 5323 1422 5371 τε,
1461 5304 1650 5359 καὶτὰ
1678 5302 1808 5356 ὄντα
1851 5300 1991 5369 πρὸς

415 5409 540 5469 τοὺς
568 5407 754 5474 φίλους
779 5403 1028 5469 ἐξετίθει.
1076 5399 1134 5454 '0
1159 5398 1204 5453 δ’
1232 5398 1434 5451 αὐτίκα
1471 5395 1835 5467 προσέπεμπε
1865 5391 1991 5454 τοὺς

418 5498 648 5568 βασιλίδι
700 5497 769 5550 τὰ
814 5494 1161 5564 πραττόμενα
1197 5488 1560 5560 μηνύσοντας,
1599 5487 1672 5548 ὡς
1704 5483 1870 5538 αὑτοῦ
1911 5482 1990 5553 μὴ

421 5589 739 5651 συνειδότος.
804 5586 1086 5657 Παρῄνουν
1140 5601 1200 5637 τε
1231 5583 1283 5636 οί
1334 5579 1855 5652 προσαγγέλλοντες,
1917 5574 1992 5646 μὴ

418 5680 644 5732 τοιαῦτα
672 5679 965 5748 περιορᾷν·
997 5676 1057 5729 ού
1086 5675 1195 5744 γὰρ
1222 5673 1306 5726 ἐπ’
1336 5670 1528 5741 ἀγαθῷ
1554 5670 1653 5739 τὴν
1680 5668 1872 5721 οὐσίαν
1900 5667 1990 5718 τδν
2038 5719 2043 5723 _

424 5769 595 5837 μέγαν
622 5767 912 5837 λογοθέτην
955 5764 1229 5819 ἐκτιθέναι
1250 5781 1263 5794 ·
1297 5764 1411 5818 ἀλλ’
1443 5764 1476 5834 ἢ
1536 5762 1729 5815 στάσιν
1761 5759 1990 5831 βουλεύ-

426 5859 577 5913 εσθαι
631 5862 800 5912 ποιεῖν
837 5859 932 5913 ἐπὶ
963 5856 1039 5927 τῷ
1082 5854 1533 5926 Καντακουξηνὺν
1580 5853 1801 5925 βασιλέα
1829 5853 1984 5925 δέχε-

2092 4639 2620 4716 commutationibus
2645 4661 2907 4712 uteretur,
2932 4648 3036 4702 alio
3067 4642 3472 4715 quodammodo
3500 4639 3672 4695 iacul-

2093 4761 2234 4806 tates
2279 4763 2408 4804 suas
2454 4746 2688 4800 tuendas
2725 4761 2740 4797 :
2785 4751 2845 4796 ut
2899 4740 2942 4794 si
2970 4739 3100 4809 quid
3138 4737 3425 4791 adversum
3460 4732 3671 4787 accidat

2095 4843 2229 4914 (non
2259 4840 2405 4895 enim
2442 4837 2642 4892 frustra
2686 4833 2833 4904 apud
2878 4829 3280 4901 imperatriccm
3315 4825 3367 4879 in
3399 4822 3671 4893 suspicio-

2092 4949 2217 4989 nem
2252 4930 2563 5000 cecidisse),
2599 4928 2791 4981 saltem
2851 4939 2947 4978 sua
2988 4924 3239 4986 retineat,
3277 4933 3349 4972 ne
3377 4915 3540 4971 simul
3569 4913 3675 4968 illis

2094 5037 2315 5094 tamque
2376 5024 2556 5091 amplo
2609 5018 2928 5089 magistratu
2975 5015 3240 5084 privetur.
3268 5009 3492 5082 Magnus
3516 5007 3673 5077 logo-

2097 5118 2246 5170 theta
2279 5129 2388 5168 non
2420 5111 2716 5166 intellectis
2740 5107 2960 5163 insidiis
2986 5113 3160 5177 paret,
3189 5111 3246 5157 et
3272 5102 3522 5157 fortunas
3542 5109 3672 5150 suas

2094 5208 2237 5278 apud
2265 5204 2466 5260 amicos
2505 5203 2758 5257 collocat.
2794 5199 2938 5266 Quid
2976 5197 3184 5254 multa?
3215 5193 3412 5251 Subito
3445 5203 3677 5260 magnus

2098 5277 2210 5356 dux
2265 5297 2455 5359 mittit,
2482 5294 2595 5361 qui,
2643 5291 2786 5362 quod
2823 5290 3104 5362 agebatur,
3133 5282 3487 5362 imperatrici,
3517 5277 3674 5349 quasi

2097 5407 2157 5447 se
2193 5388 2418 5444 minime
2472 5385 2715 5450 conscio,
2751 5361 3121 5452 patefacerent
3153 5394 3167 5430 :
3204 5361 3258 5430 et
3315 5371 3675 5428 hortabantur

2095 5483 2189 5552 qui
2223 5479 2570 5536 nuntiabant.
2603 5490 2671 5529 ne
2702 5488 2819 5527 rem
2847 5474 3009 5526 istam
3036 5468 3365 5538 negligeret;
3388 5476 3498 5517 non
3529 5458 3676 5516 enim

2099 5586 2354 5643 magnum
2409 5569 2740 5640 logothetam
2793 5564 3006 5617 sincero
3062 5560 3168 5613 line
3213 5571 3300 5610 res
3360 5569 3488 5609 suas
3528 5549 3685 5621 apud

2099 5641 2304 5717 amicos
2333 5657 2669 5728 deposuiae,
2702 5652 2792 5708 scd
2826 5658 2921 5706 aut
2951 5648 3272 5705 seditionem
3307 5644 3373 5699 ad
3408 5641 3681 5697 Cantacuo

2100 5765 2297 5805 zenum
2330 5747 2705 5818 recipiendum
2749 5740 3075 5805 machinari,
3105 5742 3200 5790 aut
3249 5733 3316 5789 ad
3351 5730 3500 5786 illum
3525 5726 3683 5799 cogi-

2100 5856 2217 5900 tare
2275 5840 2530 5897 deiicere.
2591 5832 2912 5907 lmperatrix
2967 5831 3108 5886 dicta
3154 5825 3495 5889 examinans,
3533 5830 3593 5875 ut
3643 5831 3683 5873 ε
