4048 6466
503 485 648 552 11δ3

1690 481 2018 545 IOANNIS
2057 480 2595 543 CANTACUZENI

3635 477 3749 543 1184

487 600 681 657 multis
711 614 837 655 vera
858 611 980 654 esse
1019 596 1230 654 audivit
1281 596 1444 668 (clam
1474 594 1741 664 siquidem
1774 609 1806 648 a
1843 593 2078 649 consciis

2185 592 2329 657 σθαι,
2372 591 2406 661 ἢ
2463 589 2799 660 ἀφίστασθαι
2847 588 3172 644 διανοεῖσθαι
3225 589 3376 660 πρὸς
3430 590 3653 646 ἐκεῖνον.
3694 593 3748 647 Ἦ

487 692 672 760 magni
729 689 910 752 ducis,
965 703 1034 745 eo
1082 687 1136 743 id
1174 696 1445 752 struente,
1477 688 1532 740 in
1569 686 1770 742 multos
1803 695 2078 741 secretum

487 783 907 837 d3sseminatum
955 779 1389 848 fuerat),accrbe
1436 779 1580 845 tulit,
1620 777 2079 848 manifestamque

489 873 855 929 defectionem
892 881 1032 937 rata,
1063 872 1192 942 quid
1219 887 1506 941 poenarum
1533 871 1589 924 in
1633 886 1755 924 eum
1790 876 2075 934 statueret,

489 963 859 1020 deliberabat.
882 963 1020 1017 Cum
1053 962 1265 1017 insidias
1305 961 1727 1032 processissent,
1757 968 1814 1016 et
1847 975 2078 1033 magnus

493 1054 762 1123 logotheta
795 1052 1030 1108 Gabalas
1077 1051 1430 1106 facultatibus
1478 1051 1602 1106 alibi
1631 1049 1894 1121 depositis
1924 1050 2077 1106 sede-

487 1156 592 1211 ret,
624 1159 1010 1215 carceremque
1031 1148 1397 1214 exspectaret,
1423 1151 1479 1197 et
1504 1142 1746 1214 Augusta
1779 1150 1836 1195 ut
1867 1141 2076 1211 perﬁdo

493 1239 848 1301 irasceretur,
877 1251 1110 1306 magnus
1159 1237 1265 1291 dux
1298 1235 1550 1289 simulata
1586 1234 1911 1288 necessitate
1941 1249 2078 1304 qua-

488 1326 614 1379 dam
665 1326 908 1395 publica,
941 1325 1189 1389 Hierum,
1219 1324 1364 1394 quod
1410 1332 1497 1378 est
1523 1323 1788 1394 oppidum
1826 1325 1895 1379 ad
1935 1325 2076 1380 ostia

488 1415 670 1478 Ponti,
720 1416 886 1487 63o
929 1417 1140 1472 triremi
1196 1430 1500 1471 conscensa
1540 1416 1840 1487 navigavit,
1872 1416 2076 1486 quique

489 1507 727 1577 primum
782 1507 1072 1579 logotbeta:
1131 1508 1266 1561 iram
1321 1507 1689 1578 imperatricis
1743 1507 2072 1575 iudicaram,

489 1611 584 1650 eos
605 1597 670 1651 ad
703 1596 865 1650 linem
897 1597 1118 1668 negotio
1140 1597 1532 1667 imponendum
1568 1597 1808 1668 reliquit.
1833 1597 2073 1653 Rursum

491 1689 656 1758 igitur
699 1688 1025 1742 accedentes
1086 1687 1188 1753 illi,
1223 1688 1539 1758 perfusique
1586 1688 1861 1757 lacrymis,
1893 1699 1948 1744 et
1977 1689 2074 1743 de-

489 1779 654 1846 iectis
685 1777 838 1831 humi
873 1777 1137 1841 vultibus,
1188 1777 1474 1832 certiorem
1529 1777 1758 1842 faciunt,
1793 1779 1882 1833 illa
1915 1791 2074 1835 nocte

493 1870 550 1923 in
581 1883 794 1923 summo
836 1869 1151 1924 discrimine
1190 1868 1456 1932 futurum,
1485 1869 1836 1940 imperatrice
1864 1871 2074 1927 scilicet

494 1961 778 2014 ira-cundia
835 1961 1228 2016 etl‘ervescente

490 2050 796 2120 proi'idcat.
835 2049 1213 2104 Subornarant
1266 2051 1484 2106 interim
1538 2067 1603 2106 ex
1639 2053 1745 2106 alia
1794 2055 2079 2123 conspira-

489 2139 659 2204 tione,
691 2143 780 2209 qui
829 2141 1021 2196 eadem
1064 2141 1194 2195 hora
1223 2141 1291 2195 ad
1341 2142 1462 2212 ejus
1492 2143 1642 2198 a'des
1714 2143 1993 2209 venirent,
2027 2152 2081 2199 ct

489 2232 610 2286 sine
640 2232 888 2297 nomine,
915 2248 1046 2286 num
1103 2232 1221 2301 ipse
1243 2217 1393 2288 esset
1449 2234 1596 2288 intus
1649 2235 2080 2300 sciscitarentur,

487 2325 640 2375 velut
676 2321 762 2376 bis
795 2322 977 2377 verbis
1003 2323 1271 2377 horribile
1303 2323 1563 2392 quiddam
1608 2322 2085 2394 praesigniﬁcanti-

489 2414 628 2481 bus;
685 2431 797 2468 non
857 2417 1005 2469 enim
1048 2416 1183 2472 alias
1231 2415 1311 2470 sic
1355 2425 1590 2470 tractare
1639 2416 1791 2470 illum
1827 2415 2080 2484 Romani,

489 2504 589 2560 sed
641 2507 808 2561 multa
861 2522 985 2561 cum
1035 2505 1386 2562 observantia
1428 2515 1485 2560 et
1531 2506 1898 2561 assentatione
1952 2523 2086 2562 con-

389 2587 399 2595 “
494 2607 811 2652 suevcrant.
842 2597 1075 2652 Gabalas
1124 2597 1380 2652 omnibus
1407 2597 1626 2652 indiciis
1665 2613 1859 2652 necem
1892 2598 1996 2653 sibi
2027 2599 2083 2652 in

490 2686 701 2742 foribus
726 2704 845 2742 esse
873 2689 1201 2758 eonjiciens.
1229 2698 1282 2742 et
1314 2688 1616 2744 formidans
1643 2705 1712 2744 ne
1739 2688 2079 2759 quibusdam

491 2794 559 2832 ex
589 2777 714 2831 odio
758 2779 813 2832 in
850 2794 908 2833 se
962 2779 1304 2834 irruentibus
1351 2779 1492 2834 male
1542 2782 1769 2850 periret,
1801 2795 1928 2834 cum
1973 2789 2085 2835 trc-

490 2883 644 2923 more
686 2883 752 2923 ac
807 2882 1008 2939 pavore
1056 2885 1253 2941 magno
1288 2873 1345 2936 in
1383 2871 1644 2941 templum
1687 2871 1932 2942 Sophize,
1967 2881 2087 2926 tan-

489 2975 654 3028 quam
691 2961 757 3016 ad
807 2963 1014 3032 asylum
1059 2963 1201 3018 facta
1252 2962 1398 3034 luga,
1429 2963 1690 3033 quoniam
1737 2980 1807 3020 ne
1845 2964 1927 3020 sic
1963 2965 2086 3034 qui-

493 3050 618 3104 dem
652 3065 710 3106 se
758 3052 969 3106 salvum
1007 3053 1123 3108 fore
1154 3055 1434 3120 credebat,
1467 3067 1524 3110 et
1570 3056 1877 3126 producere
1916 3057 2084 3113 vitam

492 3159 598 3196 non
627 3144 978 3200 mediocriter
1007 3146 1286 3215 cupiebat,
1311 3147 1567 3204 monachi
1596 3149 1842 3204 habitum
1879 3151 2081 3219 induit,

493 3233 581 3285 vix
622 3233 785 3288 etiam
836 3233 940 3287 hac
990 3237 1202 3290 ratione
1257 3251 1316 3291 se
1357 3248 1639 3294 servatum
1693 3239 1762 3293 iri
1813 3257 2081 3310 sperans;
2113 3266 2154 3324 α

493 3321 629 3402 adeo
671 3323 833 3376 minis
870 3323 1138 3378 attonitus
1165 3332 1221 3378 et
1249 3339 1554 3381 concussus
1597 3337 1716 3380 erat
1747 3329 2088 3386 medullitus.

496 3413 719 3484 Magnus
743 3413 853 3468 dux
886 3422 1058 3469 totum
1086 3415 1414 3471 maleficium
1443 3433 1507 3472 ex
1530 3418 1802 3473 sententia
1835 3421 2088 3477 evenisse

492 3515 782 3576 ptstquum
832 3507 1129 3572 intellexit,
1179 3506 1344 3562 Hiero
1407 3525 1683 3573 reversus,
1726 3511 1873 3567 ilicet
1914 3515 2086 3568 aedem

497 3598 716 3667 Sophiste
755 3598 912 3668 petit,
944 3598 1278 3668 inventoque
1297 3599 1387 3654 .ibi
1419 3601 1696 3672 logotheta
1723 3618 1847 3656 cum
1884 3606 2086 3660 vestitu

498 3688 826 3751 monastico,
856 3687 1063 3759 plangit
1086 3687 1288 3743 mirum
1321 3690 1375 3744 in
1407 3691 1658 3757 modum,
1681 3700 1738 3746 et
1761 3694 2085 3750 viduitatem

498 3777 620 3832 tiliae
654 3777 979 3830 lamentatur
1013 3777 1150 3848 (46),
1197 3779 1454 3850 doletque
1502 3781 1745 3836 dolorem
1779 3783 2089 3839 inconsola-

499 3867 689 3922 bilcm.
727 3867 1026 3938 Logotbeta
1062 3871 1184 3938 ejus
1219 3870 1420 3926 luctum
1460 3873 1641 3928 levare
1691 3875 1875 3930 multis
1905 3877 2087 3932 verbis

497 3960 716 4024 nititur,
765 3960 969 4030 aitque,
1002 3961 1141 4016 nihil
1193 3965 1492 4035 contigisse
1539 3965 1688 4032 novi,
1731 3965 1777 4022 si
1829 3968 2086 4025 humanis

500 4053 666 4106 rebus
694 4067 914 4122 semper
955 4053 1116 4108 aliter
1147 4063 1202 4109 et
1237 4056 1395 4109 aliter
1430 4057 1774 4112 volventibus
1802 4068 1858 4114 et
1895 4059 2087 4116 incon-

499 4145 798 4211 stantibus,
828 4161 976 4199 nunc
1005 4147 1223 4216 quidem
1267 4149 1516 4214 meliora,
1549 4166 1693 4206 nunc
1726 4151 2002 4207 deteriora
2032 4160 2088 4205 et

501 4237 619 4306 ipse
651 4249 911 4307 expertus
955 4249 1125 4294 esset.
1164 4241 1227 4294 Et
1261 4241 1556 4310 apparebat
1593 4244 1984 4311 Apocaucbum
2019 4243 2085 4297 ad

500 4329 618 4382 lucc
668 4330 1005 4399 aliquantum
1055 4335 1426 4400 acquiescere.
1472 4332 1644 4386 Paulo
1697 4342 1821 4402 post
1855 4349 2087 4405 magnus

501 4421 777 4490 logotlieta
828 4423 1193 4491 imperatricis
1231 4423 1387 4494 jussu
1431 4424 1498 4477 ad
1531 4424 1922 4480 monasterium
1968 4441 2092 4480 san-

501 4512 759 4567 ctissimae
811 4512 1052 4582 Virginis
1103 4512 1256 4567 abiit.
1316 4513 1376 4565 In
1438 4511 1560 4582 fuga
1611 4521 1814 4578 autem,
1872 4515 2086 4582 abjecto

1282 1975 1298 2014 :
1352 1969 1406 2016 et
1459 1936 1772 2028 hortantur,
1833 1972 1891 2018 ut
1968 1964 2076 2020 sibi
2108 1936 2148 1991 Β

2183 682 2393 754 βασιλὶς
2418 681 2474 734 δὲ
2505 682 2573 734 τὰ
2595 681 2724 750 περὶ
2763 681 2997 752 μεγάλου
3029 680 3317 750 λογοθέτου
3348 682 3615 752 εἰρημένα
3645 683 3746 749 ἒξε-

2181 775 2442 840 τάζουσα,
2478 774 2553 837 ὡς
2584 773 2917 828 ἐπυνθάνετο
2959 775 3110 842 παρὰ
3141 774 3364 828 πολλῶν
3399 770 3543 827 εῖναι
3573 775 3750 846 ἀληθῆ,

2181 867 2367 937 κρύφα
2425 869 2534 938 γὰρ
2595 866 2747 937 παρά
2804 866 2914 919 τῶν
2965 865 3286 921 συνειδότων
3347 866 3489 935 πρὸς
3542 866 3752 929 πολλοὺς

2178 958 2386 1028 διεδόθη
2417 958 2478 1011 τὸ
2508 957 2842 1030 ἀπόρρητον,
2868 956 2962 1010 τοῦ
3001 957 3240 1026 μεγάλου
3277 955 3476 1018 δουκδς
3507 955 3643 1008 οὕτω
3672 972 3753 1026 συ·

2180 1049 2569 1112 σκευάσαντος,
2588 1046 2913 1118 ἠγανάκτει,
2955 1050 3046 1100 καὶ
3075 1046 3430 1100 ἀποστασίαν
3457 1041 3600 1098 εἶναι
3628 1045 3751 1115 ᾤετο

2177 1140 2238 1194 τὺ
2268 1142 2501 1212 πρᾶγμα
2527 1140 2778 1208 φανερῶς
2798 1153 2814 1169 ⁸
2863 1140 2957 1193 καὶ⁴
2987 1138 3306 1192 ἐϐουλεύετο
3364 1140 3393 1191 ὃ
3425 1155 3478 1190 τι
3503 1137 3608 1190 δέοι
3630 1139 3750 1205 χρῆ-

2180 1234 2303 1288 σθαι
2322 1235 2402 1304 τῷ
2438 1233 2660 1304 μεγάλῳ
2686 1233 2968 1303 λογοθέτῃ.
3009 1229 3165 1283 Ἐπεὶ
3192 1229 3249 1283 δὲ
3276 1229 3387 1299 ήδη
3422 1230 3596 1298 πέρας
3619 1224 3751 1296 εἶχεν

2174 1324 2210 1394 ἡ
2234 1325 2519 1392 ἐπιϐουλὴ,
2551 1325 2645 1378 καὶ⁸
2679 1323 2973 1392 λογοθέτης
3016 1338 3073 1375 τε
3105 1323 3133 1373 ό
3167 1319 3351 1390 μέγας
3398 1321 3586 1373 πᾶσαν
3609 1319 3751 1372 ἐκθέ-

2181 1433 2339 1486 μενος
2366 1417 2465 1485 τὴν
2501 1415 2713 1479 οὐσίαν,
2743 1413 2978 1484 ἐκάθητο
3009 1411 3398 1481 δεσμωτήριον
3431 1409 3746 1479 περιμένων,

2179 1507 2274 1561 καὶ
2297 1508 2331 1577 ἠ
2379 1507 2590 1578 βασιλὶς
2615 1506 2883 1577 ὠργίζετο
2925 1505 3065 1576 πρὸς
3102 1505 3200 1571 τὴν
3233 1501 3605 1564 ἀποστασίαν,
3634 1500 3752 1554 πλα-

2179 1599 2412 1668 σάμενος
2433 1599 2460 1650 ό
2494 1599 2665 1668 μέγας
2689 1598 2813 1664 δούξ
2848 1614 2972 1650 τινα
3002 1595 3112 1650 τῶν
3140 1595 3425 1665 δημοσίων
3452 1594 3657 1664 χρείαν,
3680 1592 3749 1652 είς

2189 1686 2358 1757 Ἱερὸν
2381 1687 2444 1740 τὸ
2465 1689 2600 1757 πρὸς
2635 1687 2874 1756 ἐμϐολὰς
2897 1684 2991 1737 τοῦ
3019 1684 3221 1737 Πόντου
3245 1683 3502 1736 ἀπέπλεε
3530 1681 3748 1750 τριήρει,

2174 1777 2302 1840 τοὺς
2332 1777 2397 1846 δὴ
2426 1778 2643 1846 πρῶτον
2664 1775 2762 1846 τὴν
2788 1774 3056 1846 βασιλίδος
3085 1774 3247 1844 δῆθεν
3275 1773 3456 1843 ὀργὴν
3493 1770 3747 1842 μηνύσαν-

2174 1884 2299 1932 τας,
2334 1865 2413 1936 τῷ
2451 1867 2670 1938 μεγάλῳ
2697 1866 2960 1939 λογοθέτῃ
2985 1866 3277 1919 κατέλιπεν
3313 1863 3590 1916 ἐπιθεῖναι
3612 1859 3745 1923 τέλος

2180 1961 2246 2029 τῇ
2276 1958 2540 2030 ἐπιϐουλῇ
2561 1975 2574 1990 ο
2608 1958 2996 2030 προσελθόντες
3041 1957 3151 2027 γὰρ
3204 1957 3412 2009 ἐκεῖνοι
3442 1954 3597 2017 αὖθις
3620 1954 3748 2006 δεδα-

2184 2053 2445 2122 κρυμένοι
2478 2055 2571 2105 καὶ
2597 2054 2881 2120 κατηφεῖς,
2922 2051 3158 2119 ἐμήνυον
3200 2049 3276 2110 ὡς
3309 2049 3498 2118 ἐκείνῃ
3529 2051 3591 2116 τῇ
3618 2044 3752 2100 νυκτὶ

2183 2143 2322 2212 πρὸς
2347 2143 2575 2212 ἔσχατον
2599 2143 2844 2195 κινδύνου
2867 2141 2985 2212 ἥξει
3005 2181 3020 2206 ,
3051 2141 3326 2211 βασιλίδος
3357 2139 3591 2210 μάλιστα
3614 2137 3751 2205 ἐξωρ-

2183 2233 2475 2303 γισμένης,
2507 2232 2601 2287 καὶ
2641 2231 2897 2300 πρόνοιάν
2931 2249 3054 2283 τινα
3098 2230 3265 2283 αὑτοῦ
3306 2231 3560 2283 ἐκέλευον
3599 2226 3748 2278 ποιεῖ-

2185 2323 2308 2375 σθαι
2329 2339 2343 2353 ο
2381 2323 2484 2393 τῆς
2510 2323 2678 2390 αὐτῆς
2703 2323 2760 2374 δὲ
2791 2321 2939 2391 ὥρας
2966 2321 3056 2374 καὶ
3086 2320 3311 2391 ἐτέρους
3339 2322 3404 2372 ὲκ
3434 2319 3748 2386 συνθήματος

2189 2415 2608 2485 παρεσκεύαζον
2637 2415 3075 2483 ἀφικνουμένους
3131 2414 3286 2484 παρὰ
3318 2414 3422 2484 τὴν
3453 2412 3626 2465 οἰκίαν
3671 2409 3752 2475 τὴν

2187 2506 2428 2572 ἐκείνου,
2459 2507 2758 2576 ἀνωνύμως
2802 2506 2976 2570 οὕτως
3001 2508 3049 2559 εί
3089 2505 3252 2568 αὐτὸς
3283 2505 3479 2558 αὐτόθι
3517 2505 3598 2572 εἴη
3629 2503 3748 2572 ὲρω·

2184 2597 2401 2667 τᾷν,ὢς
2425 2615 2479 2650 τι
2507 2598 2678 2650 δεινὸν
2709 2597 2799 2650 τοῦ
2831 2597 2993 2665 λόγου
3026 2597 3526 2668 προσημαίνοντος.
3562 2594 3631 2647 Οὐ
3654 2593 3744 2659 γὰρ

2186 2688 2450 2740 εἰώθεσαν
2479 2689 2674 2758 ἐκείνῳ
2715 2689 2979 2759 πρότερον
3004 2689 3150 2742 οὕτω
3178 2685 3591 2758 προσφέρεσθαι
3629 2683 3742 2734 Ῥω-

2189 2782 2359 2848 μαῖοι,
2393 2779 2526 2832 ἀλλά
2551 2781 2756 2848 πολλὴν
2781 2780 2877 2850 τὴν
2903 2780 3199 2850 θεραπείαν
3222 2783 3512 2848 προσῆγον
3541 2776 3629 2829 καὶ
3661 2771 3741 2839 τὴν

2187 2869 2500 2924 κολακείαν.
2533 2871 2785 2934 Γαϐαλᾶς
2833 2871 2889 2925 δὲ
2922 2872 3026 2942 ήδη
3058 2872 3148 2924 τὸν
3200 2870 3430 2940 ὄλεθρον
3449 2869 3522 2920 ’ὲκ
3553 2865 3742 2919 πάντων

2185 2961 2642 3032 τεκμαιρόμενος,
2678 2963 2771 3016 καὶ
2795 2961 2980 3023 δείσας
3020 2963 3094 3032 μὴ
3129 2964 3222 3013 καὶ
3254 2959 3646 3029 παραπόλοιτο,
3672 2968 3739 3003 τιτ

2185 3052 2292 3105 νῶν
2310 3053 2446 3119 πρὸς
2471 3053 2670 3124 ἔχθραν
2690 3053 3047 3118 ἐπελθόντων,
3069 3052 3386 3122 ὑπότρομος
3401 3051 3496 3104 καὶ
3517 3041 3740 3116 περιδεὴς

2186 3145 2264 3205 είς
2293 3143 2382 3195 τὸν
2410 3144 2512 3213 τῆς
2552 3144 2690 3196 Θεοῦ
2719 3145 2918 3212 Σοφίας
2952 3144 3240 3212 γενόμενος
3271 3144 3436 3204 νεὼν,
3470 3137 3592 3192 οὐδ’
3621 3133 3739 3188 οὕτω

2187 3233 2456 3296 σώζεσθαι
2513 3232 2796 3286 ἐπείθετο⁹
2855 3232 2990 3286 ἀλλά
3053 3231 3368 3302 φιλοψυχῶν
3418 3227 3605 3288 πολλὰ,
3659 3220 3741 3288 τὴν

2191 3322 2395 3392 ἐσθῆτα
2423 3305 2648 3389 ἀποδὺς,
2679 3325 2866 3394 σχῆμα
2899 3324 3150 3394 μοναχῶν
3182 3321 3560 3393 περιεϐάλετο,
3586 3313 3735 3373 οὕτως

2191 3413 2437 3479 οἰόμενος
2499 3415 2652 3483 μόλις
2703 3415 2885 3484 ἑαυτῷ
2938 3415 3035 3482 τὴν
3087 3414 3366 3482 σωτηρίαν
3416 3408 3740 3476 ὲκπορίσειν·

2190 3503 2444 3557 τοσοῦτον
2476 3504 2853 3575 ἐξεπέπληκτο
2891 3507 3009 3569 ταῖς
3033 3506 3284 3568 ἀπειλαῖς
3313 3506 3408 3559 καὶ
3434 3503 3530 3565 τὰς
3566 3499 3740 3567 φρένας

2189 3597 2543 3667 κατεσείσθη.
2609 3599 2666 3652 '0
2701 3599 2876 3668 μέγας
2903 3599 2960 3650 δὲ
2992 3596 3118 3660 δοὺξ
3154 3597 3281 3649 ἐπεὶ
3319 3596 3542 3650 πύθοιτο
3585 3588 3740 3641 πᾶσαν

2190 3689 2333 3742 κατὰ
2383 3689 2508 3743 νοῦν
2564 3690 2905 3762 κακουργίαν
2965 3690 3274 3754 ἀποϐᾶσαν,
3336 3691 3402 3741 ὲκ
3439 3684 3530 3738 τοῦ
3590 3671 3736 3747 Ἱεροῦ

2191 3781 2525 3847 ἐπανελθὼν,
2578 3783 2777 3838 αὐτίκα
2829 3783 2964 3852 πρὸς
2993 3783 3092 3852 τῆς
3135 3783 3229 3835 τοῦ
3282 3781 3420 3835 Θεοῦ
3452 3775 3638 3844 Σοφίας
3663 3769 3738 3822 τὸν

2187 3871 2324 3926 νεὼν
2346 3873 2565 3940 ἀφῖκτο,
2603 3872 2817 3926 καὶτὸν
2853 3873 3028 3942 μέγαν
3076 3871 3376 3942 λογοθέτην
3401 3862 3638 3937 εὑρηκὼς
3679 3854 3737 3908 τά

2192 3963 2443 4033 μοναχιῖΝ
2497 3964 2892 4034 ἠμφιεσμένον,
2944 3963 3205 4016 ὲκόπτετο
3261 3961 3456 4022 πολλὰ,
3506 3955 3596 4010 καὶ
3647 3949 3730 4016 τὴν

2185 4057 2413 4126 χηρείαν
2435 4057 2755 4127 ἀπωδύρετο
2783 4059 2883 4127 τῆς
2941 4055 3230 4126 θυγατρὸς,
3264 4055 3362 4107 καὶ
3406 4039 3740 4117 ἀπαραμύθη·

2187 4161 2256 4198 τα
2285 4143 2523 4199 ἐπένθει.
2559 4144 2866 4215 Λογοθέτης
2901 4144 2958 4198 δὲ
2996 4146 3023 4198 ὁ
3052 4146 3224 4215 μέγας
3259 4143 3476 4203 πολλοῖς
3506 4145 3731 4203 παρεμυ·

2191 4237 2336 4289 θεῖτο
2363 4237 2567 4304 λόγοις,
2622 4236 2774 4289 οὐδὲν
2830 4237 3016 4290 καινὸν
3061 4235 3467 4305 συμϐεϐηκέναι
3515 4229 3730 4296 φάσκων.

2195 4330 2247 4382 εί
2312 4329 2421 4382 τῶν
2473 4329 2833 4398 ἀνθρωπίνων
2896 4331 2985 4382 ἀεὶ
3043 4329 3384 4398 πραγμάτων
3441 4321 3614 4376 ἄλλοτε
3652 4308 3732 4365 ἄλ-

2188 4421 2298 4484 λως
2357 4424 2685 4492 φερομένων
2740 4421 2836 4474 καὶ
2903 4420 3304 4484 ἀστατούντων,
3373 4417 3466 4469 νῦν
3522 4409 3610 4476 μὲν
3632 4400 3732 4492 βελξ

2189 4489 2404 4578 τιόνων,
2433 4489 2559 4566 ’νῦν
2606 4512 2664 4565 δὲ
2695 4512 2956 4584 χειρόνων
3005 4511 3274 4582 ἔπειράοη
3314 4510 3408 4563 καὶ
3429 4501 3609 4562 αὑτός·
3654 4489 3733 4546 καὶ

503 4602 756 4656 monachi
799 4603 970 4665 cultu,
1000 4602 1321 4656 adornanda
1365 4601 1776 4670 deprehensus,
1811 4602 1867 4655 in
1897 4617 2083 4658 carce-

2193 4605 2367 4658 έδόκει
2427 4607 2488 4659 τὸ
2528 4606 2664 4658 πολὺ
2716 4607 2816 4674 τῆς
2863 4605 3038 4675 λύπης
3088 4604 3180 4657 διὰ
3205 4604 3304 4671 τὴν
3347 4598 3544 4654 ἐκείνου
3575 4598 3727 4654 παρα⁴

501 4707 617 4746 rem
653 4693 834 4746 datur.
867 4691 960 4746 Sic
1013 4692 1182 4761 igitur
1232 4702 1289 4747 et
1340 4693 1485 4747 hunc
1535 4706 1600 4745 ex
1644 4693 1828 4747 medio
1861 4710 2090 4766 magnus

501 4781 610 4835 dux
641 4783 896 4845 removit,
925 4782 1018 4850 qui
1045 4781 1248 4835 bellum
1280 4790 1466 4836 contra
1499 4779 1946 4837 Cantacuzenum
1977 4799 2089 4839 non

502 4873 808 4942 vulgariter
836 4880 1227 4942 promoverat:
1272 4873 1594 4946 condignam
1640 4877 1899 4930 nimirum
1947 4893 2092 4933 mer-

504 4966 692 5018 cedem
755 4980 857 5034 pro
907 4965 1180 5035 pestiferis
1215 4965 1460 5021 cladibus
1493 4982 1559 5023 eo
1589 4967 1734 5024 bello
1771 4969 2007 5026 invectis
2037 4970 2089 5026 ei

505 5057 831 5124 rependens.
1943 5056 1947 5061 ”

2192 4695 2390 4762 μυθίαν
2427 4696 2808 4751 ἀποτίθεσθαι.
2850 4695 3117 4762 Ὕστερον
3171 4696 3229 4749 δι
3275 4693 3441 4761 ὀλίγῳ
3488 4685 3613 4755 πρὸς
3640 4675 3725 4742 τὴν

2189 4785 2291 4854 τῆς
2319 4787 2797 4858 παμμακαρίστου
2830 4787 2996 4857 μονὴν
3023 4790 3052 4840 ὁ
3088 4788 3264 4854 μέγας
3303 4786 3496 4854 ἀφῖκτο
3541 4766 3726 4838 λογοθέ-

2188 4893 2312 4948 της,
2335 4878 2431 4945 τῆς
2451 4877 2722 4947 βασιλίδος
2741 4878 3066 4948 κελευούσης
3089 4895 3103 4910 ο
3124 4878 3396 4948 φωραθεὶς
3412 4873 3465 4927 δὲ
3491 4861 3726 4962 dum”?

2191 4989 2345 5025 σκειν
2383 4974 2614 5041 μέλλων,
2636 4977 2733 5027 καὶ
2759 4977 2829 5026 τὰ
2870 4975 3120 5044 μοναχῶν
3150 4961 3640 5053 ἀπαμφιέννυσθαι,
3658 4961 3723 5053 εἰς

2191 5064 2570 5135 δεσμωτήριον
2623 5065 2909 5136 ὲνεδλήθη.
2970 5065 3128 5118 Οὕτω
3181 5065 3280 5133 μὲν
3312 5058 3402 5116 οὖν
3449 5055 3538 5110 καλ⁵
3562 5050 3723 5101 τοῦτον

503 5148 924 5202 ἀπεσκευάσατο
951 5151 983 5201 ό
1018 5149 1192 5220 μέγας
1239 5150 1391 5216 δοὺξ,
1429 5151 1642 5223 μεγάλα
1685 5153 1784 5222 μὲν
1815 5154 1952 5225 πρὸς
1989 5153 2083 5207 τὸν
2121 5154 2582 5227 Καντακουζηνοῦ
2612 5161 2996 5228 σνναράμενον,
3053 5158 3150 5211 τοῦ
3189 5157 3448 5226 βασιλέως
3501 5144 3722 5206 πόλεμονν

504 5243 674 5311 ἀξίων
717 5245 775 5298 δὲ
814 5245 1228 5301 ἁπολελαυκότα
1275 5249 1405 5320 παρ’
1443 5250 1655 5302 ἐκείνου
1706 5250 1977 5320 ἀμοιϐὦν,
2019 5243 2085 5322 ἧς
2125 5251 2407 5322 ἐπήγαγεν
2443 5255 2728 5326 ἀμυθήτου
2753 5254 2956 5324 φθορᾶς
2981 5258 3009 5307 ὁ
3039 5255 3271 5324 πόλεμος
3313 5244 3603 5318 Ῥωμαίοις·

1782 5387 2003 5449 Jacobi
2029 5389 2292 5452 Pontani
2343 5398 2532 5454 notse.

581 5507 691 5580 (46)
730 5507 842 5562 Cur
875 5509 1212 5574 viduitatem,
1247 5525 1369 5564 cum
1405 5525 1515 5564 non
1550 5519 1694 5565 esset
1727 5511 1930 5566 vidua?
1975 5528 2079 5567 nec
2177 5513 2450 5580 Quoniam
2479 5517 2690 5572 scilicet
2720 5519 2884 5573 vidua
2909 5518 3052 5573 dicta
3083 5519 3153 5573 sit
3183 5527 3242 5572 ut
3272 5525 3470 5570 νοσοῖεν
3497 5501 3695 5580 ξξρεπῑιξξὲ

506 5579 657 5631 enim
688 5593 808 5632 cum
838 5594 1110 5701 ﬂuoquam
1163 5589 1332 5648 nupta
1364 5579 1556 5633 fuerat.
1590 5581 1694 5633 Sed
1725 5581 2081 5647 iureconsulti

506 5648 673 5700 etiam
727 5664 833 5701 non
879 5663 968 5701 um
1027 5658 1248 5701 numam
1293 5649 1569 5701 anuellare
1611 5650 1792 5701 solent
1835 5652 2078 5701 viduam.

505 5648 673 5700 etiam
727 5648 968 5702 nondum
1027 5658 1248 5718 nuptam
1293 5649 1569 5719 appellare
1611 5650 1792 5705 solcut
1835 5652 2078 5706 viduam.

2178 5559 2451 5657 «ἴυζ’ἔῖόὲ
2479 5559 2690 5657 BHE;
2729 5559 3153 5647 's'iBE"§'aiﬁiiaIé'
3181 5559 3370 5644 asa.
3400 5589 3452 5637 et
3497 5571 3576 5630 illa
3613 5566 3709 5616 sine

2183 5655 2413 5712 duitatc.

3955 487 3957 526 ς

3955 631 3957 708 l

3955 717 3957 766 ι
