4048 6436
391 316 529 385 1185

1519 314 2065 376 HISTORIARUM
2109 315 2346 378 LIBER
2387 315 2510 378 III.

3503 304 3650 379 llEG

1614 466 1618 470 '
1657 448 1815 518 631
1858 447 2086 502 CAPUT
2125 447 2365 503 LXXXI.

377 539 635 596 Orchonis
664 540 840 610 Perage
874 538 1173 610 societatem
1205 553 1315 610 prie
1344 540 1682 610 intperatrice
1711 541 2113 594 Cantacuzenns
2138 542 2352 595 obtinet.
2383 539 2552 610 Copta
2584 541 2650 593 ab
2680 555 2740 593 eo
2789 538 2980 608 oppida
3017 540 3086 593 ad
3119 539 3364 594 Pontum.
3397 540 3638 594 Mirabile

449 607 1007 680 somniumdlauuelis
1058 609 1177 680 ejus
1210 607 1331 672 ﬁlii.
1386 607 1686 676 [inperator
1735 611 1804 662 ad
1852 620 2034 680 portas
2085 611 2329 680 Byzantii
2377 607 2536 664 venit.
2592 607 2932 679 Apocauchus
2971 626 3108 680 _cum
3157 611 3340 678 paucis
3403 627 3639 665 earessns

452 681 667 748 refugit.
704 678 928 732 Romam“
962 686 1012 731 et
1044 675 1224 729 Persa:
1257 675 1814 750 agrum,imperatore
1841 675 1891 732 et
1927 675 2179 734 Romanis
2209 675 2723 745 commiserantibus,
2753 675 3167 749 depovulantur.

451 815 714 877 Βασιλεὺς
736 815 791 867 δέ
831 817 858 868 ὁ
887 816 1341 885 Καντακουζηνδς
1388 817 1716 887 πυθόμενος,
1753 819 1828 881 ὠς
1858 819 1950 888 βα-

2139 819 2439 888 Imperator
2474 827 2534 873 ut
2583 820 2805 874 rescivit
2856 819 3260 889 imperatricem
3304 834 3464 874 missa
3493 819 3641 890 lega-

378 907 517 969 σιλὶς
555 904 860 973 πρεσϐείαν
902 907 1108 958 ποιοῖτο
1149 905 1287 973 πρὸς
1353 905 1625 974 Ὀρχάνην
1656 908 1750 958 ἐπὶ
1811 923 1953 974 συμ·

381 997 574 1066 μαχίᾳ,
613 996 837 1065 πέμψας
868 996 965 1048 καὶ
1025 996 1189 1058 αὐτὸς
1251 997 1544 1065 ἔπραττεν,
1611 997 1759 1059 ὅπως
1805 995 1956 1065 αὐτῷ

381 1090 604 1158 μᾶλλον,
660 1091 752 1140 καὶ
798 1089 870 1158 μὴ
903 1087 1217 1152 Βυζαντίοις
1267 1087 1580 1155 πρόσθοιτο.
1637 1089 1746 1141 Καὶ
1784 1088 1957 1139 εἵλετο

388 1182 654 1252 Ὄρχάνης
703 1182 804 1250 τὴν
859 1181 1000 1250 πρὸς
1063 1181 1522 1251 Καντακουζηνὺν
1577 1181 1668 1234 τὸν
1726 1180 1952 1250 βασιλέα

378 1275 574 1344 μᾶλλον
598 1273 943 1342 συμμαχίαν.
975 1274 1085 1325 Καὶ
1112 1273 1336 1341 πέμψας
1382 1273 1603 1342 Χατζὴν
1637 1273 1729 1324 τὸν
1759 1270 1952 1324 εὐνοῦ-

374 1383 486 1436 χον,
521 1365 691 1417 ἐτέλει
723 1365 820 1426 τὰς
854 1365 1112 1428 σπονδάς.
1152 1366 1344 1426 Ὂντος
1389 1364 1445 1416 δὲ
1496 1364 1557 1417 ού
1604 1363 1824 1434 μακρὰν
1855 1361 1956 1414 αὑ-

372 1457 485 1518 τοῦ,
529 1457 668 1510 ἀλλὰ
700 1458 800 1524 τῆς
837 1458 900 1509 ἐκ
941 1455 1325 1524 Παφλαγονίας
1355 1455 1483 1525 ἄχρι
1513 1453 1754 1525 Φρυγίας
1783 1471 1961 1524 παρα-

372 1549 490 1601 λίου
529 1547 817 1616 ἄρχοντος,
849 1547 1046 1617 ῥᾳδίως
1081 1548 1468 1616 μετεπέμπετο
1495 1547 1956 1613 Καντακουζηνὸς

372 1642 402 1692 ὁ
432 1639 686 1708 βασιλεὺς
721 1639 820 1708 τὴν
853 1638 1173 1708 συμμαχίαν
1205 1639 1373 1704 ἡνίκα
1409 1637 1514 1690 ἔδει
1537 1653 1552 1668 ⁸
1595 1638 1624 1690 ὃ
1661 1640 1756 1693 καὶ
1791 1637 1952 1705 μάλι-

375 1748 477 1783 στα
505 1730 756 1782 ἐκάκωσε
792 1731 859 1782 τὰ
878 1731 1180 1799 πράγματα
1210 1728 1502 1798 Ῥωμαίων
1524 1743 1540 1759 ο
1571 1727 1644 1790 ὡς
1679 1727 1956 1782 ἐπιπλεῖον

371 1824 481 1892 γὰρ
543 1824 638 1875 καὶ
689 1822 950 1892 βασιλέως
1003 1823 1078 1892 μὴ
1127 1823 1386 1891 δεομένου
1445 1819 1839 1892 περαιούμενοι
1901 1821 1950 1874 oi

370 1915 598 1984 Πέρσαι,
651 1914 746 1976 τὰς
775 1915 943 1982 μήπω
1000 1913 1212 1982 βασιλεί
1250 1913 1729 1982 προσχωρησάσας
1767 1911 1955 1973 πόλεις

368 2007 625 2069 ἐκάκουν,
673 2006 748 2067 ὡς
807 2005 1093 2074 πολεμίας.
1135 2006 1269 2057 Τότε
1306 2005 1362 2056 δὲ
1423 2007 1488 2057 ἐκ
1542 2005 1646 2072 τῆς
1713 2005 1952 2072 Ὀρχάνη

369 2098 629 2167 στρατιᾶς
670 2096 810 2164 ἔχων
868 2097 1210 2167 συμμαχίαν,
1262 2097 1382 2157 ταῖς
1413 2096 1556 2164 πρὸς
1605 2094 1700 2146 τὸν
1746 2095 1950 2146 Πόντον

2063 913 2213 965 tione
2244 911 2509 966 Orcbanis
2547 913 2863 965 societatem
2891 922 3171 980 expetere,
3206 910 3389 964 missis
3420 921 3476 966 et
3518 911 3638 980 ipse

2061 1002 2379 1056 oratoribus
2423 1002 2474 1056 id
2511 1001 2639 1072 egit,
2695 1008 2755 1054 ut
2809 1005 2876 1054 ad
2919 1016 3000 1065 se,
3057 1015 3165 1054 non
3225 1000 3291 1053 ad
3345 999 3639 1070 Byzantios

2060 1094 2260 1148 auxilia
2295 1094 2558 1147 mitteret.
2597 1092 2697 1158 Qui
2731 1091 2908 1162 legato
2934 1092 3138 1145 Chatze
3163 1091 3418 1144 eunucho
3453 1090 3635 1146 fmdus

2060 1201 2184 1239 cum
2219 1185 2606 1239 Cantacuzeno
2646 1183 2786 1236 iniit.
2819 1182 3064 1251 Cumque
3117 1196 3225 1235 non
3265 1181 3426 1252 longe
3463 1182 3639 1236 dista-

2060 1283 2167 1342 ret,
2216 1278 2310 1330 sed
2357 1292 2386 1329 a
2445 1275 2812 1346 Paphlagonia
2849 1273 3124 1326 maritima
3157 1288 3331 1342 usque
3369 1274 3423 1325 in
3464 1273 3637 1343 Phry-

2059 1367 2205 1438 giam
2248 1367 2613 1435 imperitaret,
2649 1365 2807 1419 facile
2852 1363 3266 1419 Cantacuzenus
3304 1365 3520 1434 quoties
3553 1367 3641 1417 ind

2059 1459 2278 1528 digebat
2313 1460 2599 1513 Persarum
2647 1470 2867 1511 manum
2919 1456 3258 1520 accersebat,
3291 1456 3384 1524 qui
3437 1453 3639 1509 Roma-

2058 1568 2159 1608 nas
2188 1553 2444 1622 regiones
2495 1549 2832 1604 infestabant
2876 1549 3212 1618 plurimum;
3244 1563 3368 1601 nam
3416 1548 3635 1618 saepius,

2057 1645 2388 1714 imperatore
2441 1645 2605 1698 etiam
2663 1657 2775 1696 non
2823 1649 3080 1710 rogante,
3124 1640 3485 1709 trajicientes,
3516 1655 3640 1708 quae

2055 1738 2298 1792 nondum
2329 1752 2386 1791 se
2416 1735 2740 1790 dediderant
2797 1736 2984 1800 urbes,
3019 1746 3078 1788 ut
3111 1733 3338 1787 hostiles
3373 1731 3642 1800 direptio;

2055 1829 2219 1884 nibus
2246 1827 2575 1898 aﬂligebant.
2610 1826 2766 1880 Tunc
2795 1840 2928 1879 vero
2963 1825 3033 1879 ab
3061 1824 3336 1879 Orcbanis
3379 1822 3635 1877 exercitu

2058 1921 2268 1975 habens
2303 1918 2637 1983 subsidium,
2691 1926 2880 1971 contra
2931 1915 3132 1986 oppida
3181 1915 3248 1968 ad
3283 1929 3432 1968 oram
3479 1913 3636 1966 l‘onti

2059 2009 2162 2063 sita
2196 2007 2503 2077 proiectus,
2559 2006 2744 2060 omnia
2799 2013 2998 2075 prater
3033 2003 3346 2073 Sozopolim
3397 2002 3634 2068 subegit.

2055 2097 2215 2167 Cepit
2258 2099 2387 2152 item
2422 2097 2684 2167 oppidum
2718 2098 2774 2150 in
2815 2097 2982 2150 Derce
3016 2095 3237 2164 palude,
3264 2103 3319 2148 et
3351 2093 3636 2148 castellum

368 2190 588 2241 πόλεσιν
621 2188 1049 2257 ἐπεστράτευσε,
1085 2187 1182 2239 καὶ
1216 2181 1330 2240 εἷλε
1371 2187 1551 2248 πάσας
1584 2183 1727 2254 πλὴν
1773 2184 1950 2248 Σωζο-

2058 2189 2331 2258 quoddam
2386 2205 2498 2242 non
2535 2187 2729 2258 procul
2780 2185 3062 2257 Byzantio,
3101 2185 3417 2256 Empyriten
3467 2200 3634 2240 voca-

367 2281 596 2342 πόλεως.
631 2275 755 2332 Εἷλε
801 2279 858 2332 δὲ
886 2282 978 2331 καὶ
1011 2279 1112 2348 τὴν
1147 2280 1206 2330 ἐν
1236 2281 1302 2348 τῇ
1343 2279 1524 2348 Δέρκῃ
1552 2279 1616 2346 τῇ
1657 2277 1820 2346 λίμνῃ
1852 2275 1951 2328 πό·

368 2370 453 2424 λιν
473 2387 486 2400 ⁸
523 2372 619 2425 καὶ
649 2371 907 2440 φρούριόν
953 2387 1007 2422 τι
1035 2369 1222 2439 ἕτερον
1253 2371 1313 2421 οὐ
1375 2370 1594 2438 μακρὰν
1626 2367 1947 2430 Βυζαντίου,

380 2461 720 2531 Ἐμπυρίτην
775 2461 1358 2530 προσαγορευόμενον·
1429 2454 1550 2510 εἶτα
1606 2460 1948 2528 ἀνέστρεφεν

369 2553 450 2613 είς
477 2553 574 2621 τὴν
601 2551 826 2604 οίκείαν.
871 2551 1008 2603 Ὑπὸ
1046 2551 1103 2603 δὲ
1155 2552 1280 2612 τοὺς
1314 2551 1513 2612 αὐτοὺς
1568 2550 1816 2619 χρόνους,
1855 2548 1950 2602 καὶ

368 2644 630 2712 Μανουὴλ
683 2646 709 2695 ὁ
765 2643 1034 2714 νεώτερος
1067 2643 1174 2694 τῶν
1225 2643 1495 2712 βασιλέως
1536 2643 1668 2694 υἱῶν
1716 2642 1951 2712 Βερῥοίᾳ

369 2735 738 2804 ἐνδιατρίϐων.
775 2735 908 2801 ὄναρ
964 2733 1207 2802 ἔγραφεν
1259 2735 1387 2786 ίδείν
1429 2733 1702 2787 τοιοῦτον.
1741 2734 1951 2786 Ἐδόκει

369 2828 464 2881 ἐπὶ
513 2827 703 2896 κλίνης
745 2825 907 2888 αὐτὸς
946 2825 1200 2877 ἑστάναι·
1263 2825 1487 2894 βασιλέα
1519 2825 1578 2878 δὲ
1616 2825 1707 2878 τὸν
1737 2824 1952 2894 πατέρα

367 2916 625 2985 τήϐεννον
649 2915 842 2985 ἔχοντα
874 2914 969 2966 καὶ
1004 2913 1208 2982 χιτῶνα
1232 2909 1644 2985 περιπόρφυρα,
1674 2914 1770 2967 καὶ
1796 2915 1949 2984 ίερα-

369 3011 525 3064 στικὸν
558 3009 945 3079 ἐπιτραχήλιον
975 3007 1236 3077 χρυσοῦν,
1277 3008 1414 3078 πρὸς
1444 3009 1607 3062 αὐτὸν
1640 3007 1832 3072 ἐλθεῖν,
1858 3007 1952 3061 δύο

367 3102 424 3154 δέ
459 3101 682 3170 ἑτέρους
712 3101 1052 3170 ἑκατέρωθεν
1078 3099 1224 3169 αὑτῷ
1249 3101 1612 3170 παρέπεσθαι,
1649 3093 1724 3153 ὧν
1754 3101 1948 3169 ἅτερος

373 3193 470 3261 μὲν
498 3193 558 3244 οὐ
593 3191 871 3262 γνώριμος
923 3187 993 3261 ἦν
1021 3230 1036 3254 ,
1068 3185 1181 3260 εἶχε
1216 3191 1272 3243 δὲ
1306 3193 1365 3244 τὸ
1397 3193 1679 3261 προφήτου
1719 3190 1944 3244 Ἡσαΐου

370 3285 574 3354 βιϐλίον
605 3284 951 3352 ἀνεῳγμένον
977 3299 992 3313 ο
1017 3283 1397 3352 Λαντζαρέτος
1435 3283 1492 3335 δὲ
1528 3283 1556 3334 6
1583 3282 1837 3350 δεύτερος
1888 3280 1950 3333 τὸ

369 3375 637 3445 βασιλέως
688 3375 840 3444 ξίφος
890 3369 1041 3444 εἶχεν
1075 3375 1133 3426 ἐν
1183 3373 1359 3444 χερσί.
1395 3374 1633 3427 Βασιλέα
1681 3374 1736 3426 δὲ
1778 3377 1950 3443 κηρὸν

367 3465 515 3536 αὐτῷ
546 3467 983 3536 παρεσχημένον,
1033 3467 1128 3518 καὶ
1160 3467 1431 3534 σφραγῖδα
1458 3501 1474 3529 ,
1520 3465 1687 3533 ἄμφω
1720 3464 1949 3534 ἐρυθρὰ,

369 3561 707 3630 Σφράγισον,
746 3559 880 3629 πρὸς
921 3558 1012 3610 τὸν
1075 3554 1436 3611 υίὸνέίπεῖν.
1463 3557 1568 3609 Τοῦ
1597 3558 1656 3610 δὲ
1713 3557 1949 3627 σφραγί-

369 3667 582 3713 σαντος,
614 3648 793 3712 ζῶντα
814 3649 1004 3701 λέοντα
1041 3647 1420 3716 ἐντυπωθῆναι
1446 3646 1526 3716 τῷ
1553 3647 1730 3717 κηρῷ,
1752 3647 1952 3716 ἄστρον

367 3741 752 3810 λαμπρότατον
781 3740 856 3810 τῷ
878 3738 1037 3808 δεξιῷ
1066 3739 1365 3806 κατέχοντα
1397 3737 1538 3801 ποδὶ,
1571 3739 1667 3790 καὶ
1703 3739 1838 3806 πρὸς
1875 3736 1952 3806 τῷ

367 3832 506 3902 ὤμῳ
536 3833 721 3902 ἕτερον
761 3833 954 3902 μικρὸν
983 3832 1175 3899 ἔχοντα
1207 3828 1685 3898 ἐγκεκολαμμένον
1729 3829 1950 3897 ἄστρον.

366 3923 604 3978 Βασιλέα
653 3925 710 3978 δέ
748 3926 942 3986 εἰπεῖν,
999 3923 1326 3992 Ἀνάστησον
1383 3922 1577 3974 αὐτόν’
1609 3923 1954 3991 ἀναστήσαν-

369 4033 462 4080 τος
499 4016 554 4068 δέ
603 4015 696 4068 τοῦ
743 4013 884 4079 υἱοῦ,
908 4014 1000 4066 τὸν
1037 4014 1092 4066 τὸ
1120 4014 1323 4083 βιϐλίον
1367 4013 1588 4065 Ἡσαΐου
1647 4013 1951 4082 κατέχοντα

371 4107 567 4168 εἰπεῖν,
614 4123 632 4157 ι
680 4103 740 4158 Ὀ
799 4104 928 4166 Θεὸς
987 4105 1270 4174 ὡδήγησεν
1339 4102 1502 4155 αὐτὸν
1533 4103 1594 4169 ἐξ
1646 4103 1949 4170 Αἰγύπτου,

367 4195 445 4257 ὼς
479 4195 634 4262 δόξαν
675 4193 1044 4266 μονοκέρωτος
1082 4192 1276 4259 αὑτοῦ,
1308 4193 1520 4246 ἔδεσοαι
1551 4193 1679 4264 έθνη
1738 4194 1952 4264 ἐχθρῶν

372 4289 576 4354 αὑτοῦ,
611 4288 705 4341 καὶ
746 4289 866 4348 ταῖς
913 4285 1118 4355 βολίσιν
1164 4286 1346 4339 αὐτῶν
1382 4285 1796 4350 κατατοξεύσει,
1855 4287 1951 4340 καὶ

371 4381 446 4434 τὰ
478 4381 625 4449 πάχη
647 4381 828 4434 αὐτῶν
859 4379 1166 4449 ἐκμυελιεῖ.
1213 4377 1547 4442 ’Δνακλιθεὶς
1601 4378 1952 4433 ἀνεπαύσατο

371 4473 446 4534 ὡς
465 4471 619 4535 λέων,
649 4473 741 4524 καὶ
765 4471 839 4533 ὡς
869 4470 1107 4539 σκύμνος
1132 4485 1145 4500 ·
1168 4469 1252 4532 τίς
1283 4470 1467 4539 ἐγερεῖ
1497 4470 1768 4536 αύτόν;οί
1799 4470 1950 4523 εὐλο-

375 4557 600 4625 γοῦντές
626 4575 683 4610 σε
712 4558 1094 4626 εὐλογημένοι,
1133 4557 1225 4610 καὶ
1258 4559 1308 4609 οἱ
1337 4556 1720 4628 καταρώμενοί
1761 4576 1822 4610 σε
1855 4577 1950 4611 κε-

373 4651 762 4719 κατήρανται.»
798 4649 982 4702 Ταῦτα
1003 4649 1060 4702 δὲ
1088 4650 1263 4702 ἐδόκει
1293 4648 1371 4720 τῷ
1407 4649 1598 4720 βιϐλίῳ
1630 4650 1759 4702 ὄντα
1787 4653 1950 4719 ἐγγε-

372 4739 669 4810 γραμμένα
705 4737 1120 4807 ἀναγινώσκειν.
1153 4738 1418 4801 Βασιλεὺς
1467 4737 1521 4790 δέ
1551 4733 1708 4804 αὖθις
1738 4737 1814 4808 τῷ
1841 4737 1944 4808 υίῷ

2061 2285 2192 2339 bulo
2253 2297 2268 2342 :
2323 2283 2524 2338 deinde
2574 2282 2627 2334 in
2686 2279 3029 2349 provinciam
3081 2277 3266 2331 rediit.
3321 2277 3437 2330 Sub
3492 2276 3636 2330 idem

2063 2386 2281 2445 tempus
2330 2373 2544 2427 Manuel
2606 2372 2795 2441 junior
2847 2370 2989 2424 illius
3037 2369 3157 2438 ejus
3191 2367 3467 2421 Berrhmaa
3517 2381 3638 2419 ma-

2061 2482 2225 2530 nens,
2273 2466 2381 2519 tale
2414 2468 2594 2518 visum
2629 2479 2727 2531 per
2753 2478 3008 2518 somnum
3049 2462 3153 2516 sibi
3205 2461 3448 2514 oblatum
3497 2460 3638 2514 scri-

2060 2560 2194 2628 psit.
2234 2557 2538 2612 Videbatur
2569 2557 2671 2610 sibi
2709 2556 2900 2609 sederc
2925 2569 3089 2624 super
3135 2553 3334 2608 lectulo
3367 2553 3506 2622 (47),
3544 2567 3640 2621 pa-

2063 2657 2197 2702 trem
2229 2659 2412 2702 autem
2463 2657 2639 2718 togam
2673 2657 2730 2700 et
2761 2647 3004 2700 tunicam
3059 2659 3299 2714 purpura
3339 2652 3638 2712 praetextas

2061 2740 2332 2804 indutum,
2372 2746 2783 2809 gestantemque
2814 2754 2843 2790 a
2873 2738 3012 2791 collo
3033 2736 3280 2805 pendens
3313 2736 3515 2789 monile
3547 2750 3637 2789 sa-

2059 2831 2334 2887 cerdotale
2383 2844 2610 2884 aureum
2649 2828 2934 2891 accedere,
2967 2829 3156 2882 dextra
3194 2827 3433 2894 laevaque
3471 2827 3640 2896 stipa.

2060 2933 2174 2979 tum
2210 2923 2443 2986 duobus,
2472 2937 2704 2991 quorum
2737 2920 3113 2990 alterignotus
3172 2919 3452 2988 propheta:
3484 2917 3640 2973 Isaia

2056 3017 2316 3072 volumen
2401 3022 2654 3084 apertum
2729 3011 2986 3074 tenebat;
3068 3011 3208 3063 alter
3280 3009 3638 3063 Lantzaretus

2057 3105 2294 3174 gladium
2336 3101 2684 3173 imperatoris
2713 3115 2880 3154 manu
2914 3100 3165 3168 portabat
3195 3115 3211 3164 ;
3245 3109 3298 3152 et
3329 3097 3508 3168 ipsum
3537 3099 3638 3152 im-

2058 3201 2367 3261 peratorem
2422 3205 2604 3244 ceram
2639 3198 2694 3244 et
2742 3188 3002 3258 sigillum,
3038 3191 3198 3241 ambo
3232 3187 3425 3252 rubra,
3457 3187 3638 3256 porri-

2057 3291 2272 3352 gentem
2335 3280 2716 3349 dicentemque
2754 3295 2769 3336 :
2819 3278 3003 3349 Signa.
3037 3277 3171 3333 Cum
3208 3281 3499 3347 signassct.
3556 3277 3637 3332 vi-

2057 3391 2185 3431 vum
2219 3373 2435 3428 leonem
2475 3371 2531 3425 in
2561 3385 2685 3425 cera
2727 3371 3054 3439 impressum
3109 3384 3394 3438 apparere,
3439 3368 3635 3422 dextro

2057 3467 2196 3539 pede
2227 3464 2441 3520 stellam
2473 3470 2753 3518 tenentem
2806 3461 3222 3524 lucidissimam,
3252 3468 3307 3513 et
3338 3459 3492 3527 juxta
3539 3474 3633 3512 ar-

2055 3575 2204 3615 mum
2239 3559 2398 3613 aliam
2431 3557 2645 3611 stellam
2669 3554 2964 3618 modicam,
3001 3552 3148 3606 velut
3178 3551 3506 3620 insculptum
3531 3552 3633 3606 ha-

2055 3655 2297 3708 bentem.
2335 3649 2476 3704 Tum
2524 3650 2917 3718 imperatorem
2951 3645 3155 3710 dicere,
3205 3645 3394 3698 Excila
3425 3645 3628 3714 ipsum.

2052 3743 2205 3809 Quod
2243 3757 2369 3797 cum
2413 3740 2640 3804 faceret,
2673 3738 2767 3808 qui
2814 3737 3011 3790 librum
3053 3735 3206 3789 Isaia;
3238 3736 3480 3799 tenebat,
3515 3735 3633 3789 haec

2055 3836 2182 3889 inde
2215 3835 2502 3888 videbatur
2555 3831 2815 3895 recitare,
2879 3845 2900 3880 ι
2934 3828 3200 3882 Dominus
3229 3829 3340 3881 dux
3374 3827 3497 3896 ejus
3528 3826 3633 3880 fuit

2052 3944 2116 3982 ex
2138 3925 2395 3996 Egypto,
2428 3933 2485 3978 ut
2516 3923 2743 3992 gloriam
2773 3921 3059 3975 unicornis
3092 3919 3234 3988 ejus,
3273 3925 3334 3972 ut
3376 3917 3633 3973 comedat

2053 4026 2243 4089 gentes
2261 4015 2616 4070 inimicorum
2646 4013 2788 4082 ejus,
2825 4021 2882 4066 et
2905 4011 3108 4082 jaculis
3136 4025 3323 4064 eorum
3354 4010 3630 4080 iaculabi-

2054 4115 2161 4171 tur,
2183 4115 2238 4160 et
2257 4105 2560 4160 crassitiem
2593 4117 2784 4157 eorum
2821 4100 3194 4156 emedullabit.
3242 4101 3520 4154 Recubuit
3577 4107 3631 4155 at

2053 4199 2267 4269 quievit
2295 4206 2356 4251 ut
2400 4196 2507 4258 leo,
2544 4205 2599 4248 et
2629 4201 2688 4248 ut
2712 4193 2923 4248 catulus
2952 4193 3148 4255 leonis,
3196 4191 3320 4259 quis
3361 4191 3622 4244 excitabit

2053 4288 2246 4342 illum?
2272 4286 2376 4353 Qui
2406 4286 2741 4340 benedicunt
2771 4284 2890 4349 tibi,
2935 4291 3065 4338 sunt
3095 4280 3401 4346 benedicti,
3450 4290 3507 4335 et
3535 4281 3630 4350 qui

2051 4381 2406 4444 maledicunt,
2449 4377 2784 4432 maledicti‘.
2824 4395 2842 4428 ι
2875 4377 3036 4447 632
3074 4373 3196 4428 Haec
3243 4374 3338 4427 ille
3370 4373 3510 4427 libro
3547 4373 3627 4426 in-

2053 4473 2256 4541 scripta
2287 4469 2522 4545 recitare
2549 4468 2861 4523 videbatur.
2898 4469 3198 4536 Imperator
3216 4479 3412 4519 rursus
3445 4464 3623 4518 tilium

2051 4565 2268 4634 signare
2294 4544 2481 4632 jussit.
2532 4559 2668 4616 Cum
2717 4560 3010 4632 signasset,
3055 4569 3316 4626 expressa
3363 4565 3449 4609 cst
3503 4555 3628 4609 viva

2051 4655 2310 4726 pardalis,
2339 4654 2514 4708 altero
2556 4653 2696 4723 pede
2738 4653 2986 4707 chartam
3031 4651 3313 4706 sustinens
3355 4663 3479 4703 cum
3527 4647 3633 4702 hac

2054 4746 2413 4817 inscriptione
2448 4763 2461 4800 :
2505 4761 2524 4796 ι
2557 4745 2700 4800 Ecce
2739 4745 2856 4800 fera
2903 4743 3078 4798 altera
3106 4748 3166 4794 ut
3196 4739 3421 4810 pardus,
3453 4747 3508 4793 et
3535 4753 3633 4809 po-

374 4833 706 4901 προσέταττε
761 4832 1084 4899 σφραγίσαι.
1132 4829 1544 4901 Σφραγίσαντος
1580 4829 1639 4883 δέ
1676 4831 1945 4900 πάρδαλις

2057 4845 2221 4892 testas
2251 4837 2300 4892 ei
2332 4838 2454 4893 data
2479 4837 2622 4892 est”.
2669 4854 2690 4890 ι
2729 4836 2977 4904 Cumque
3010 4835 3310 4904 imperator
3351 4832 3400 4886 ei
3431 4831 3525 4900 qui
3575 4829 3636 4884 li-

374 4922 567 4992 ἐξῆλθε
610 4923 780 4989 ζῶσα,
811 4922 906 4975 καὶ
935 4922 1146 4991 χάρτην
1171 4919 1286 4991 εἶχε
1318 4920 1532 4991 θατέρῳ
1566 4922 1675 4975 τῶν
1734 4922 1944 4989 ποδῶν,

371 5009 418 5084 ᾧ
442 5017 831 5086 ἐνεγέγραπτο,
855 5014 986 5067 Ἰδοὺ
1016 5013 1206 5084 θηρίον
1251 5013 1439 5084 ἓτερον
1477 5015 1612 5068 ὡσεὶ
1639 5015 1905 5086 πάρδαλις
1929 5033 1944 5049 ο

373 5109 469 5162 καὶ
499 5109 717 5173 ἐξουσία
745 5109 902 5178 ἐδόθη
929 5105 1096 5176 αὐτῷ.
1124 5124 1143 5156 ι
1182 5105 1556 5168 Κελεύσαντος
1586 5107 1642 5159 δὲ
1689 5107 1950 5176 βασιλέως

457 5270 472 5299 ¹
510 5267 676 5324 Νιιιη.
707 5284 856 5335 xxxv,
891 5268 945 5333 8,
981 5267 1037 5324 9.
1111 5267 1134 5297 ’
1174 5265 1289 5320 Dan
1317 5280 1416 5330 vu,
1450 5265 1506 5321 6.

2061 4927 2220 4984 brum
2280 4930 2939 5004 tenebat'praecepisset,
2977 4937 3039 4983 ut
3101 4925 3231 4980 ferae
3287 4925 3633 4995 prophetiam

2057 5018 2284 5089 legeret,
2330 5023 2522 5075 eadem
2580 5020 2816 5093 legebat.
2869 5019 3120 5075 Tertium
3178 5019 3396 5090 signare
3447 5015 3637 5086 jussit.-

2060 5109 2309 5181 Cumque
2363 5111 2660 5183 signasset,
2704 5111 2829 5166 felis
2873 5111 3036 5166 etiam
3082 5109 3205 5166 viva
3266 5107 3460 5173 exivit,
3515 5118 3636 5174 quae

1631 5405 1851 5470 Jacobi
1886 5407 2158 5469 Pontani
2191 5414 2380 5471 notas.

456 5535 566 5603 (47)
610 5533 684 5588 De
714 5534 816 5588 hoc
861 5546 1075 5603 sommo
1106 5527 1300 5603 viderit
1346 5528 1516 5603 lector
1561 5527 1690 5595 quid
1727 5527 1946 5603 sentiat,

382 5612 438 5673 et
468 5597 751 5673 quomodo
784 5617 972 5657 verum
1018 5602 1109 5663 sit,
1159 5598 1302 5668 quod
1332 5599 1406 5673 ait
1442 5606 1630 5673 postea
1700 5597 1777 5650 sic
1815 5611 1948 5651 eve-

385 5667 554 5728 nisse.
585 5672 882 5729 Commista
909 5679 1036 5728 sunt
1073 5667 1256 5725 autem
1293 5670 1456 5724 verba
1499 5667 1795 5736 Scriptura:
1825 5681 1948 5722 san-

2057 5536 2180 5589 cue,
2204 5539 2280 5604 _et
2314 5529 2691 5604 consarcinata
2721 5529 3028 5603 aliquoties,
3066 5529 3358 5588 utnescias
3397 5532 3525 5604 quid
3559 5549 3632 5589 ex

2055 5612 2168 5665 quo
2204 5597 2324 5653 loco
2363 5599 2684 5658 adducatur.
