  <div class='ocr_page' id='page_1' title='image "/cluster/home/n/w/nwhite01/storage/ocr_20150623/153:no.1/coo.31924054870583/603.png"; bbox 0 0 4048 6432; ppageno 0'>
   <div class='ocr_carea' id='block_1_1' title="bbox 414 316 561 385">
    <p class='ocr_par' dir='ltr' id='par_1_1' title="bbox 414 316 561 385">
     <span class='ocr_line' id='line_1_1' title="bbox 414 316 561 385; baseline -0.02 0"><span class='ocrx_word' id='word_1_1' title='bbox 414 316 561 385; x_wconf 75' lang='lat' dir='ltr'><strong>H87</strong></span> 
     </span>
    </p>
   </div>
   <div class='ocr_carea' id='block_1_2' title="bbox 1620 285 2533 361">
    <p class='ocr_par' dir='ltr' id='par_1_2' title="bbox 1620 285 2533 361">
     <span class='ocr_line' id='line_1_2' title="bbox 1620 285 2533 361; baseline -0.016 0"><span class='ocrx_word' id='word_1_2' title='bbox 1620 290 1952 361; x_wconf 69' lang='lat' dir='ltr'><strong>IOANNIS</strong></span> <span class='ocrx_word' id='word_1_3' title='bbox 1993 285 2533 351; x_wconf 75' lang='lat' dir='ltr'><strong>CANTACUZENI</strong></span> 
     </span>
    </p>
   </div>
   <div class='ocr_carea' id='block_1_3' title="bbox 3556 284 3707 354">
    <p class='ocr_par' dir='ltr' id='par_1_3' title="bbox 3556 284 3707 354">
     <span class='ocr_line' id='line_1_3' title="bbox 3556 284 3707 354; baseline -0.013 -1"><span class='ocrx_word' id='word_1_4' title='bbox 3556 284 3707 354; x_wconf 66' lang='lat'><strong>“58</strong></span> 
     </span>
    </p>
   </div>
   <div class='ocr_carea' id='block_1_4' title="bbox 411 386 2018 506">
    <p class='ocr_par' dir='ltr' id='par_1_4' title="bbox 411 409 2007 506">
     <span class='ocr_line' id='line_1_4' title="bbox 411 409 2007 506; baseline -0.017 -15"><span class='ocrx_word' id='word_1_5' title='bbox 411 436 599 506; x_wconf 98' lang='lat' dir='ltr'><strong>lingua</strong></span> <span class='ocrx_word' id='word_1_6' title='bbox 623 437 780 485; x_wconf 80' lang='lat' dir='ltr'><strong>extra</strong></span> <span class='ocrx_word' id='word_1_7' title='bbox 808 425 1007 481; x_wconf 83' lang='lat' dir='ltr'><strong>dentes</strong></span> <span class='ocrx_word' id='word_1_8' title='bbox 1035 421 1233 493; x_wconf 86' lang='lat' dir='ltr'><strong>ejecta,</strong></span> <span class='ocrx_word' id='word_1_9' title='bbox 1266 425 1470 473; x_wconf 88' lang='lat' dir='ltr'><strong>terram</strong></span> <span class='ocrx_word' id='word_1_10' title='bbox 1495 415 1750 506; x_wconf 89' lang='lat' dir='ltr'><strong>lambere</strong></span> <span class='ocrx_word' id='word_1_11' title='bbox 1774 409 2007 506; x_wconf 79' lang='lat' dir='ltr'><strong>videba-</strong></span> 
     </span>
    </p>
   </div>
   <div class='ocr_carea' id='block_1_5' title="bbox 2122 386 3703 506">
    <p class='ocr_par' dir='ltr' id='par_1_5' title="bbox 2122 386 3703 506">
     <span class='ocr_line' id='line_1_5' title="bbox 2122 386 3703 506; baseline -0.01 -45"><span class='ocrx_word' id='word_1_12' title='bbox 2122 405 2186 477; x_wconf 72' lang='grc' dir='ltr'>τῷ</span> <span class='ocrx_word' id='word_1_13' title='bbox 2213 404 2503 475; x_wconf 78' lang='grc' dir='ltr'><strong>κατέχοντι</strong></span> <span class='ocrx_word' id='word_1_14' title='bbox 2537 400 2619 506; x_wconf 43' lang='grc' dir='ltr'><strong>τὸ*</strong></span> <span class='ocrx_word' id='word_1_15' title='bbox 2639 398 2847 471; x_wconf 84' lang='grc' dir='ltr'>βιϐλίον</span> <span class='ocrx_word' id='word_1_16' title='bbox 2873 400 2965 453; x_wconf 78' lang='grc' dir='ltr'><strong>τοῦ</strong></span> <span class='ocrx_word' id='word_1_17' title='bbox 2998 386 3203 471; x_wconf 16' lang='grc' dir='ltr'>θηρίου,</span> <span class='ocrx_word' id='word_1_18' title='bbox 3235 399 3330 472; x_wconf 79' lang='grc' dir='ltr'>τὴν</span> <span class='ocrx_word' id='word_1_19' title='bbox 3360 405 3703 473; x_wconf 70' lang='grc' dir='ltr'><strong>προφητείαν</strong></span> 
     </span>
    </p>
   </div>
   <div class='ocr_carea' id='block_1_6' title="bbox 416 501 2004 588">
    <p class='ocr_par' dir='ltr' id='par_1_6' title="bbox 416 501 2004 588">
     <span class='ocr_line' id='line_1_6' title="bbox 416 501 2004 588; baseline -0.016 -10"><span class='ocrx_word' id='word_1_20' title='bbox 416 501 527 578; x_wconf 67' lang='lat' dir='ltr'><strong>IIII“.</strong></span> <span class='ocrx_word' id='word_1_21' title='bbox 556 520 732 588; x_wconf 85' lang='lat' dir='ltr'><strong>Quam</strong></span> <span class='ocrx_word' id='word_1_22' title='bbox 766 530 893 571; x_wconf 88' lang='lat' dir='ltr'><strong>cum</strong></span> <span class='ocrx_word' id='word_1_23' title='bbox 924 512 1069 567; x_wconf 71' lang='lat' dir='ltr'><strong>(ilius</strong></span> <span class='ocrx_word' id='word_1_24' title='bbox 1105 509 1161 564; x_wconf 88' lang='lat' dir='ltr'><strong>in</strong></span> <span class='ocrx_word' id='word_1_25' title='bbox 1190 507 1434 564; x_wconf 77' lang='lat' dir='ltr'><strong>sublime</strong></span> <span class='ocrx_word' id='word_1_26' title='bbox 1463 505 1776 568; x_wconf 74' lang='lat' dir='ltr'><strong>extulisset,</strong></span> <span class='ocrx_word' id='word_1_27' title='bbox 1814 501 2004 571; x_wconf 77' lang='lat' dir='ltr'><strong>lingua</strong></span> 
     </span>
    </p>
   </div>
   <div class='ocr_carea' id='block_1_7' title="bbox 415 593 2008 672">
    <p class='ocr_par' dir='ltr' id='par_1_7' title="bbox 415 593 2008 672">
     <span class='ocr_line' id='line_1_7' title="bbox 415 593 2008 672; baseline -0.018 0"><span class='ocrx_word' id='word_1_28' title='bbox 415 616 541 672; x_wconf 72' lang='lat' dir='ltr'><strong>telis</strong></span> <span class='ocrx_word' id='word_1_29' title='bbox 601 608 960 672; x_wconf 82' lang='lat' dir='ltr'><strong>extendi,‘et</strong></span> <span class='ocrx_word' id='word_1_30' title='bbox 1018 614 1222 659; x_wconf 82' lang='lat' dir='ltr'><strong>terram</strong></span> <span class='ocrx_word' id='word_1_31' title='bbox 1275 599 1527 655; x_wconf 86' lang='lat' dir='ltr'><strong>similiter</strong></span> <span class='ocrx_word' id='word_1_32' title='bbox 1583 593 2008 660; x_wconf 81' lang='lat' dir='ltr'><strong>circumlingere</strong></span> 
     </span>
    </p>
   </div>
   <div class='ocr_carea' id='block_1_8' title="bbox 417 687 2005 768">
    <p class='ocr_par' dir='ltr' id='par_1_8' title="bbox 417 687 2005 768">
     <span class='ocr_line' id='line_1_8' title="bbox 417 687 2005 768; baseline -0.014 -9"><span class='ocrx_word' id='word_1_33' title='bbox 417 708 533 762; x_wconf 90' lang='lat' dir='ltr'><strong>visa</strong></span> <span class='ocrx_word' id='word_1_34' title='bbox 564 714 667 760; x_wconf 92' lang='lat' dir='ltr'><strong>est.</strong></span> <span class='ocrx_word' id='word_1_35' title='bbox 705 702 845 756; x_wconf 85' lang='lat' dir='ltr'><strong>Tum</strong></span> <span class='ocrx_word' id='word_1_36' title='bbox 870 697 964 768; x_wconf 91' lang='lat' dir='ltr'><strong>qui</strong></span> <span class='ocrx_word' id='word_1_37' title='bbox 1001 696 1200 749; x_wconf 90' lang='lat' dir='ltr'><strong>librum</strong></span> <span class='ocrx_word' id='word_1_38' title='bbox 1233 691 1466 755; x_wconf 81' lang='lat' dir='ltr'><strong>ferebat,</strong></span> <span class='ocrx_word' id='word_1_39' title='bbox 1508 690 1669 760; x_wconf 86' lang='lat' dir='ltr'><strong>jussu</strong></span> <span class='ocrx_word' id='word_1_40' title='bbox 1701 687 2005 755; x_wconf 82' lang='lat' dir='ltr'><strong>imperato-</strong></span> 
     </span>
    </p>
   </div>
   <div class='ocr_carea' id='block_1_9' title="bbox 417 776 2009 867">
    <p class='ocr_par' dir='ltr' id='par_1_9' title="bbox 417 776 2009 867">
     <span class='ocr_line' id='line_1_9' title="bbox 417 776 2009 867; baseline -0.015 -14"><span class='ocrx_word' id='word_1_41' title='bbox 417 798 493 854; x_wconf 85' lang='lat' dir='ltr'><strong>ris</strong></span> <span class='ocrx_word' id='word_1_42' title='bbox 533 793 877 867; x_wconf 78' lang='lat' dir='ltr'><strong>prophetiam</strong></span> <span class='ocrx_word' id='word_1_43' title='bbox 930 788 1106 860; x_wconf 87' lang='lat' dir='ltr'><strong>legit:</strong></span> <span class='ocrx_word' id='word_1_44' title='bbox 1146 804 1164 837; x_wconf 83' lang='grc'>‹</span> <span class='ocrx_word' id='word_1_45' title='bbox 1210 784 1353 839; x_wconf 83' lang='lat' dir='ltr'><strong>Ecce</strong></span> <span class='ocrx_word' id='word_1_46' title='bbox 1402 783 1517 837; x_wconf 75' lang='lat' dir='ltr'><strong>fera</strong></span> <span class='ocrx_word' id='word_1_47' title='bbox 1549 782 1742 845; x_wconf 82' lang='lat' dir='ltr'><strong>altera,</strong></span> <span class='ocrx_word' id='word_1_48' title='bbox 1770 788 1827 833; x_wconf 92' lang='lat' dir='ltr'><strong>et</strong></span> <span class='ocrx_word' id='word_1_49' title='bbox 1854 776 2009 832; x_wconf 69' lang='lat' dir='ltr'><strong>diae-</strong></span> 
     </span>
    </p>
   </div>
   <div class='ocr_carea' id='block_1_10' title="bbox 417 869 2007 944">
    <p class='ocr_par' dir='ltr' id='par_1_10' title="bbox 417 869 2007 944">
     <span class='ocr_line' id='line_1_10' title="bbox 417 869 2007 944; baseline -0.013 -1"><span class='ocrx_word' id='word_1_50' title='bbox 417 897 551 943; x_wconf 85' lang='lat' dir='ltr'><strong>runt</strong></span> <span class='ocrx_word' id='word_1_51' title='bbox 579 887 629 940; x_wconf 92' lang='lat' dir='ltr'><strong>ei</strong></span> <span class='ocrx_word' id='word_1_52' title='bbox 662 903 676 939; x_wconf 90' lang='lat'><strong>:</strong></span> <span class='ocrx_word' id='word_1_53' title='bbox 708 881 984 944; x_wconf 81' lang='lat' dir='ltr'><strong>Ascende,</strong></span> <span class='ocrx_word' id='word_1_54' title='bbox 1025 877 1254 934; x_wconf 84' lang='lat' dir='ltr'><strong>comede</strong></span> <span class='ocrx_word' id='word_1_55' title='bbox 1284 889 1479 930; x_wconf 88' lang='lat' dir='ltr'><strong>carnes</strong></span> <span class='ocrx_word' id='word_1_56' title='bbox 1509 870 1759 927; x_wconf 63' lang='lat' dir='ltr'><strong>multas’.</strong></span> <span class='ocrx_word' id='word_1_57' title='bbox 1798 888 1816 920; x_wconf 71' lang='grc' dir='ltr'><strong>ι</strong></span> <span class='ocrx_word' id='word_1_58' title='bbox 1846 869 2007 923; x_wconf 85' lang='lat' dir='ltr'><strong>Post-</strong></span> 
     </span>
    </p>
   </div>
   <div class='ocr_carea' id='block_1_11' title="bbox 420 960 2007 1045">
    <p class='ocr_par' dir='ltr' id='par_1_11' title="bbox 420 960 2007 1045">
     <span class='ocr_line' id='line_1_11' title="bbox 420 960 2007 1045; baseline -0.013 -10"><span class='ocrx_word' id='word_1_59' title='bbox 420 982 542 1036; x_wconf 74' lang='lat' dir='ltr'><strong>bzec</strong></span> <span class='ocrx_word' id='word_1_60' title='bbox 586 980 882 1045; x_wconf 74' lang='lat' dir='ltr'><strong>imperator</strong></span> <span class='ocrx_word' id='word_1_61' title='bbox 909 972 1146 1043; x_wconf 85' lang='lat' dir='ltr'><strong>sigillum</strong></span> <span class='ocrx_word' id='word_1_62' title='bbox 1192 969 1343 1023; x_wconf 84' lang='lat' dir='ltr'><strong>aliud</strong></span> <span class='ocrx_word' id='word_1_63' title='bbox 1387 966 1565 1021; x_wconf 85' lang='lat' dir='ltr'><strong>viride</strong></span> <span class='ocrx_word' id='word_1_64' title='bbox 1614 965 1729 1020; x_wconf 85' lang='lat' dir='ltr'><strong>lilio</strong></span> <span class='ocrx_word' id='word_1_65' title='bbox 1760 962 1921 1028; x_wconf 89' lang='lat' dir='ltr'><strong>dans,</strong></span> <span class='ocrx_word' id='word_1_66' title='bbox 1949 960 2007 1014; x_wconf 90' lang='lat' dir='ltr'><strong>in</strong></span> 
     </span>
    </p>
   </div>
   <div class='ocr_carea' id='block_1_12' title="bbox 422 1054 2006 1139">
    <p class='ocr_par' dir='ltr' id='par_1_12' title="bbox 422 1054 2006 1139">
     <span class='ocr_line' id='line_1_12' title="bbox 422 1054 2006 1139; baseline -0.013 -10"><span class='ocrx_word' id='word_1_67' title='bbox 422 1086 604 1130; x_wconf 87' lang='lat' dir='ltr'><strong>ceram</strong></span> <span class='ocrx_word' id='word_1_68' title='bbox 664 1068 987 1139; x_wconf 86' lang='lat' dir='ltr'><strong>imprimere</strong></span> <span class='ocrx_word' id='word_1_69' title='bbox 1041 1064 1255 1134; x_wconf 89' lang='lat' dir='ltr'><strong>jussit,</strong></span> <span class='ocrx_word' id='word_1_70' title='bbox 1310 1075 1555 1131; x_wconf 89' lang='lat' dir='ltr'><strong>cumque</strong></span> <span class='ocrx_word' id='word_1_71' title='bbox 1609 1054 2006 1128; x_wconf 85' lang='lat' dir='ltr'><strong>impressisset,</strong></span> 
     </span>
    </p>
   </div>
   <div class='ocr_carea' id='block_1_13' title="bbox 418 1148 2009 1224">
    <p class='ocr_par' dir='ltr' id='par_1_13' title="bbox 418 1148 2009 1224">
     <span class='ocr_line' id='line_1_13' title="bbox 418 1148 2009 1224; baseline -0.013 -5"><span class='ocrx_word' id='word_1_72' title='bbox 418 1162 589 1219; x_wconf 79' lang='lat' dir='ltr'><strong>exivit</strong></span> <span class='ocrx_word' id='word_1_73' title='bbox 616 1160 738 1213; x_wconf 86' lang='lat' dir='ltr'><strong>viva</strong></span> <span class='ocrx_word' id='word_1_74' title='bbox 765 1156 1003 1219; x_wconf 80' lang='lat' dir='ltr'><strong>ciconia,</strong></span> <span class='ocrx_word' id='word_1_75' title='bbox 1033 1154 1302 1224; x_wconf 82' lang='lat' dir='ltr'><strong>scyphum</strong></span> <span class='ocrx_word' id='word_1_76' title='bbox 1340 1153 1580 1204; x_wconf 90' lang='lat' dir='ltr'><strong>vitreum</strong></span> <span class='ocrx_word' id='word_1_77' title='bbox 1617 1148 1754 1217; x_wconf 84' lang='lat' dir='ltr'><strong>pede</strong></span> <span class='ocrx_word' id='word_1_78' title='bbox 1788 1154 2009 1200; x_wconf 79' lang='lat' dir='ltr'><strong>susten—</strong></span> 
     </span>
    </p>
   </div>
   <div class='ocr_carea' id='block_1_14' title="bbox 420 1236 2006 1320">
    <p class='ocr_par' dir='ltr' id='par_1_14' title="bbox 420 1236 2006 1320">
     <span class='ocr_line' id='line_1_14' title="bbox 420 1236 2006 1320; baseline -0.01 -13"><span class='ocrx_word' id='word_1_79' title='bbox 420 1265 562 1315; x_wconf 87' lang='lat' dir='ltr'><strong>tans,</strong></span> <span class='ocrx_word' id='word_1_80' title='bbox 595 1252 649 1304; x_wconf 88' lang='lat' dir='ltr'><strong>in</strong></span> <span class='ocrx_word' id='word_1_81' title='bbox 682 1264 791 1320; x_wconf 87' lang='lat' dir='ltr'><strong>quo</strong></span> <span class='ocrx_word' id='word_1_82' title='bbox 816 1258 1032 1303; x_wconf 90' lang='lat' dir='ltr'><strong>acetum</strong></span> <span class='ocrx_word' id='word_1_83' title='bbox 1064 1245 1249 1299; x_wconf 89' lang='lat' dir='ltr'><strong>inesse</strong></span> <span class='ocrx_word' id='word_1_84' title='bbox 1288 1241 1614 1313; x_wconf 84' lang='lat' dir='ltr'><strong>apparebat.</strong></span> <span class='ocrx_word' id='word_1_85' title='bbox 1650 1236 1871 1294; x_wconf 77' lang='lat' dir='ltr'><strong>Tenetis</strong></span> <span class='ocrx_word' id='word_1_86' title='bbox 1904 1252 2006 1291; x_wconf 89' lang='lat' dir='ltr'><strong>au-</strong></span> 
     </span>
    </p>
   </div>
   <div class='ocr_carea' id='block_1_15' title="bbox 424 1333 2007 1410">
    <p class='ocr_par' dir='ltr' id='par_1_15' title="bbox 424 1333 2007 1410">
     <span class='ocr_line' id='line_1_15' title="bbox 424 1333 2007 1410; baseline -0.011 -11"><span class='ocrx_word' id='word_1_87' title='bbox 424 1354 535 1399; x_wconf 89' lang='lat' dir='ltr'><strong>tem</strong></span> <span class='ocrx_word' id='word_1_88' title='bbox 575 1343 776 1397; x_wconf 91' lang='lat' dir='ltr'><strong>librum</strong></span> <span class='ocrx_word' id='word_1_89' title='bbox 815 1338 1073 1410; x_wconf 79' lang='lat' dir='ltr'><strong>legebat:</strong></span> <span class='ocrx_word' id='word_1_90' title='bbox 1114 1353 1133 1387; x_wconf 76' lang='grc' dir='ltr'><strong>ι</strong></span> <span class='ocrx_word' id='word_1_91' title='bbox 1174 1334 1459 1389; x_wconf 88' lang='lat' dir='ltr'><strong>Dedernnt</strong></span> <span class='ocrx_word' id='word_1_92' title='bbox 1512 1333 1568 1387; x_wconf 92' lang='lat' dir='ltr'><strong>in</strong></span> <span class='ocrx_word' id='word_1_93' title='bbox 1613 1345 1796 1387; x_wconf 89' lang='lat' dir='ltr'><strong>escam</strong></span> <span class='ocrx_word' id='word_1_94' title='bbox 1832 1343 2007 1383; x_wconf 89' lang='lat' dir='ltr'><strong>meam</strong></span> 
     </span>
    </p>
   </div>
   <div class='ocr_carea' id='block_1_16' title="bbox 420 1421 2011 1501">
    <p class='ocr_par' dir='ltr' id='par_1_16' title="bbox 420 1421 2011 1501">
     <span class='ocr_line' id='line_1_16' title="bbox 420 1421 2011 1501; baseline -0.01 -9"><span class='ocrx_word' id='word_1_95' title='bbox 420 1436 513 1501; x_wconf 80' lang='lat' dir='ltr'><strong>fel,</strong></span> <span class='ocrx_word' id='word_1_96' title='bbox 544 1445 598 1489; x_wconf 90' lang='lat' dir='ltr'><strong>et</strong></span> <span class='ocrx_word' id='word_1_97' title='bbox 621 1433 676 1488; x_wconf 91' lang='lat' dir='ltr'><strong>in</strong></span> <span class='ocrx_word' id='word_1_98' title='bbox 708 1431 797 1488; x_wconf 91' lang='lat' dir='ltr'><strong>siti</strong></span> <span class='ocrx_word' id='word_1_99' title='bbox 819 1445 940 1486; x_wconf 87' lang='lat' dir='ltr'><strong>mea</strong></span> <span class='ocrx_word' id='word_1_100' title='bbox 968 1434 1299 1499; x_wconf 78' lang='lat' dir='ltr'><strong>putaverunt</strong></span> <span class='ocrx_word' id='word_1_101' title='bbox 1351 1439 1440 1480; x_wconf 89' lang='lat' dir='ltr'><strong>me</strong></span> <span class='ocrx_word' id='word_1_102' title='bbox 1487 1431 1642 1478; x_wconf 85' lang='lat' dir='ltr'><strong>aceto</strong></span> <span class='ocrx_word' id='word_1_103' title='bbox 1659 1422 1701 1476; x_wconf 74' lang='grc'><strong>⁸.</strong></span> <span class='ocrx_word' id='word_1_104' title='bbox 1737 1421 2011 1477; x_wconf 80' lang='lat' dir='ltr'><strong>Videbunt</strong></span> 
     </span>
    </p>
   </div>
   <div class='ocr_carea' id='block_1_17' title="bbox 417 1512 2013 1597">
    <p class='ocr_par' dir='ltr' id='par_1_17' title="bbox 417 1512 2013 1597">
     <span class='ocr_line' id='line_1_17' title="bbox 417 1512 2013 1597; baseline -0.011 -15"><span class='ocrx_word' id='word_1_105' title='bbox 417 1528 474 1582; x_wconf 89' lang='lat' dir='ltr'><strong>in</strong></span> <span class='ocrx_word' id='word_1_106' title='bbox 509 1540 671 1597; x_wconf 89' lang='lat' dir='ltr'><strong>quem</strong></span> <span class='ocrx_word' id='word_1_107' title='bbox 697 1521 1110 1578; x_wconf 73' lang='lat' dir='ltr'><strong>transﬂxerunt.</strong></span> <span class='ocrx_word' id='word_1_108' title='bbox 1153 1536 1173 1569; x_wconf 76' lang='grc' dir='ltr'><strong>ι</strong></span> <span class='ocrx_word' id='word_1_109' title='bbox 1208 1516 1404 1571; x_wconf 86' lang='lat' dir='ltr'><strong>Adhuc</strong></span> <span class='ocrx_word' id='word_1_110' title='bbox 1450 1516 1637 1587; x_wconf 81' lang='lat' dir='ltr'><strong>jussus</strong></span> <span class='ocrx_word' id='word_1_111' title='bbox 1668 1512 1926 1585; x_wconf 74' lang='lat' dir='ltr'><strong>signavit,</strong></span> <span class='ocrx_word' id='word_1_112' title='bbox 1956 1519 2013 1566; x_wconf 91' lang='lat' dir='ltr'><strong>et</strong></span> 
     </span>
    </p>
   </div>
   <div class='ocr_carea' id='block_1_18' title="bbox 422 1607 2009 1687">
    <p class='ocr_par' dir='ltr' id='par_1_18' title="bbox 422 1607 2009 1687">
     <span class='ocr_line' id='line_1_18' title="bbox 422 1607 2009 1687; baseline -0.009 -15"><span class='ocrx_word' id='word_1_113' title='bbox 422 1611 1097 1687; x_wconf 77' lang='lat' dir='ltr'><strong>hippocentauruscxivit,</strong></span> <span class='ocrx_word' id='word_1_114' title='bbox 1117 1609 1312 1665; x_wconf 77' lang='lat' dir='ltr'><strong>dextra</strong></span> <span class='ocrx_word' id='word_1_115' title='bbox 1337 1623 1504 1662; x_wconf 89' lang='lat' dir='ltr'><strong>manu</strong></span> <span class='ocrx_word' id='word_1_116' title='bbox 1529 1607 1741 1661; x_wconf 87' lang='lat' dir='ltr'><strong>hastam</strong></span> <span class='ocrx_word' id='word_1_117' title='bbox 1764 1614 2009 1677; x_wconf 81' lang='lat' dir='ltr'><strong>gestans.</strong></span> 
     </span>
    </p>
   </div>
   <div class='ocr_carea' id='block_1_19' title="bbox 420 1693 2014 1775">
    <p class='ocr_par' dir='ltr' id='par_1_19' title="bbox 420 1693 2014 1775">
     <span class='ocr_line' id='line_1_19' title="bbox 420 1693 2014 1775; baseline -0.009 -12"><span class='ocrx_word' id='word_1_118' title='bbox 420 1708 524 1775; x_wconf 85' lang='lat' dir='ltr'><strong>Qui</strong></span> <span class='ocrx_word' id='word_1_119' title='bbox 557 1719 737 1762; x_wconf 86' lang='lat' dir='ltr'><strong>autem</strong></span> <span class='ocrx_word' id='word_1_120' title='bbox 770 1702 1032 1758; x_wconf 80' lang='lat' dir='ltr'><strong>vaticinia</strong></span> <span class='ocrx_word' id='word_1_121' title='bbox 1082 1701 1302 1772; x_wconf 81' lang='lat' dir='ltr'><strong>legebat</strong></span> <span class='ocrx_word' id='word_1_122' title='bbox 1340 1718 1353 1753; x_wconf 87' lang='lat'>:</span> <span class='ocrx_word' id='word_1_123' title='bbox 1392 1718 1410 1751; x_wconf 73' lang='grc' dir='ltr'><strong>ι</strong></span> <span class='ocrx_word' id='word_1_124' title='bbox 1454 1699 1614 1763; x_wconf 88' lang='lat' dir='ltr'><strong>Ecce,</strong></span> <span class='ocrx_word' id='word_1_125' title='bbox 1641 1697 1839 1766; x_wconf 87' lang='lat' dir='ltr'><strong>inquit,</strong></span> <span class='ocrx_word' id='word_1_126' title='bbox 1862 1693 2014 1749; x_wconf 87' lang='lat' dir='ltr'><strong>aliud</strong></span> 
     </span>
    </p>
   </div>
   <div class='ocr_carea' id='block_1_20' title="bbox 417 1780 2089 1868">
    <p class='ocr_par' dir='ltr' id='par_1_20' title="bbox 417 1780 2089 1868">
     <span class='ocr_line' id='line_1_20' title="bbox 417 1780 2089 1868; baseline -0.008 -13"><span class='ocrx_word' id='word_1_127' title='bbox 417 1799 620 1868; x_wconf 84' lang='lat' dir='ltr'><strong>animal</strong></span> <span class='ocrx_word' id='word_1_128' title='bbox 652 1795 993 1868; x_wconf 64' lang='lat' dir='ltr'><strong>praecellens,</strong></span> <span class='ocrx_word' id='word_1_129' title='bbox 1029 1801 1084 1849; x_wconf 90' lang='lat' dir='ltr'><strong>et</strong></span> <span class='ocrx_word' id='word_1_130' title='bbox 1125 1793 1364 1848; x_wconf 88' lang='lat' dir='ltr'><strong>validum</strong></span> <span class='ocrx_word' id='word_1_131' title='bbox 1399 1792 1758 1846; x_wconf 84' lang='lat' dir='ltr'><strong>vehementer</strong></span> <span class='ocrx_word' id='word_1_132' title='bbox 1782 1790 1826 1844; x_wconf 79' lang='grc'><strong>⁸.</strong></span> <span class='ocrx_word' id='word_1_133' title='bbox 1874 1807 1893 1840; x_wconf 75' lang='grc' dir='ltr'><strong>ι</strong></span> <span class='ocrx_word' id='word_1_134' title='bbox 1926 1787 2009 1842; x_wconf 84' lang='lat' dir='ltr'><strong>Ad</strong></span> <span class='ocrx_word' id='word_1_135' title='bbox 2049 1780 2089 1834; x_wconf 78' lang='grc' dir='ltr'><strong>Β</strong></span> 
     </span>
    </p>
   </div>
   <div class='ocr_carea' id='block_1_21' title="bbox 417 1878 2013 1956">
    <p class='ocr_par' dir='ltr' id='par_1_21' title="bbox 417 1878 2013 1956">
     <span class='ocr_line' id='line_1_21' title="bbox 417 1878 2013 1956; baseline -0.009 -9"><span class='ocrx_word' id='word_1_136' title='bbox 417 1900 726 1947; x_wconf 60' lang='lat' dir='ltr'><strong>extremum</strong></span> <span class='ocrx_word' id='word_1_137' title='bbox 760 1887 1064 1956; x_wconf 88' lang='lat' dir='ltr'><strong>imperator</strong></span> <span class='ocrx_word' id='word_1_138' title='bbox 1099 1902 1112 1940; x_wconf 88' lang='lat'><strong>:</strong></span> <span class='ocrx_word' id='word_1_139' title='bbox 1142 1884 1473 1940; x_wconf 83' lang='lat' dir='ltr'><strong>Benedictus</strong></span> <span class='ocrx_word' id='word_1_140' title='bbox 1511 1883 1657 1937; x_wconf 85' lang='lat' dir='ltr'><strong>Deus</strong></span> <span class='ocrx_word' id='word_1_141' title='bbox 1680 1890 1889 1947; x_wconf 89' lang='lat' dir='ltr'><strong>noster,</strong></span> <span class='ocrx_word' id='word_1_142' title='bbox 1916 1878 2013 1944; x_wconf 85' lang='lat' dir='ltr'><strong>ait,</strong></span> 
     </span>
    </p>
   </div>
   <div class='ocr_carea' id='block_1_22' title="bbox 418 1973 2018 2050">
    <p class='ocr_par' dir='ltr' id='par_1_22' title="bbox 418 1973 2018 2050">
     <span class='ocr_line' id='line_1_22' title="bbox 418 1973 2018 2050; baseline -0.008 -12"><span class='ocrx_word' id='word_1_143' title='bbox 418 1981 570 2038; x_wconf 90' lang='lat' dir='ltr'><strong>omni</strong></span> <span class='ocrx_word' id='word_1_144' title='bbox 602 1990 872 2050; x_wconf 88' lang='lat' dir='ltr'><strong>tempore,</strong></span> <span class='ocrx_word' id='word_1_145' title='bbox 911 1992 1059 2033; x_wconf 76' lang='grc' dir='ltr'>ιιιωο</span> <span class='ocrx_word' id='word_1_146' title='bbox 1090 1985 1146 2032; x_wconf 90' lang='lat' dir='ltr'><strong>et</strong></span> <span class='ocrx_word' id='word_1_147' title='bbox 1184 1992 1422 2047; x_wconf 82' lang='lat' dir='ltr'><strong>semper,</strong></span> <span class='ocrx_word' id='word_1_148' title='bbox 1455 1985 1512 2031; x_wconf 93' lang='lat' dir='ltr'><strong>et</strong></span> <span class='ocrx_word' id='word_1_149' title='bbox 1538 1975 1591 2029; x_wconf 90' lang='lat' dir='ltr'><strong>in</strong></span> <span class='ocrx_word' id='word_1_150' title='bbox 1617 1973 1816 2029; x_wconf 58' lang='lat' dir='ltr'><strong>sarcula</strong></span> <span class='ocrx_word' id='word_1_151' title='bbox 1847 1987 2018 2027; x_wconf 66' lang='lat' dir='ltr'><strong>smnu-</strong></span> 
     </span>
    </p>
   </div>
   <div class='ocr_carea' id='block_1_23' title="bbox 419 2064 2016 2138">
    <p class='ocr_par' dir='ltr' id='par_1_23' title="bbox 419 2064 2016 2138">
     <span class='ocr_line' id='line_1_23' title="bbox 419 2064 2016 2138; baseline -0.008 -8"><span class='ocrx_word' id='word_1_152' title='bbox 419 2076 618 2130; x_wconf 90' lang='lat' dir='ltr'><strong>lorum.</strong></span> <span class='ocrx_word' id='word_1_153' title='bbox 642 2072 840 2127; x_wconf 82' lang='lat' dir='ltr'><strong>Amen.</strong></span> <span class='ocrx_word' id='word_1_154' title='bbox 873 2069 1058 2125; x_wconf 85' lang='lat' dir='ltr'><strong>Gloria</strong></span> <span class='ocrx_word' id='word_1_155' title='bbox 1088 2069 1188 2124; x_wconf 88' lang='lat' dir='ltr'><strong>tibi</strong></span> <span class='ocrx_word' id='word_1_156' title='bbox 1221 2069 1475 2134; x_wconf 89' lang='lat' dir='ltr'><strong>Domine,</strong></span> <span class='ocrx_word' id='word_1_157' title='bbox 1510 2068 1641 2138; x_wconf 88' lang='lat' dir='ltr'><strong>quia</strong></span> <span class='ocrx_word' id='word_1_158' title='bbox 1672 2066 1788 2122; x_wconf 91' lang='lat' dir='ltr'><strong>vivi</strong></span> <span class='ocrx_word' id='word_1_159' title='bbox 1826 2064 2016 2119; x_wconf 91' lang='lat' dir='ltr'><strong>adhuc</strong></span> 
     </span>
    </p>
   </div>
   <div class='ocr_carea' id='block_1_24' title="bbox 418 2157 2016 2231">
    <p class='ocr_par' dir='ltr' id='par_1_24' title="bbox 418 2157 2016 2231">
     <span class='ocr_line' id='line_1_24' title="bbox 418 2157 2016 2231; baseline -0.008 -9"><span class='ocrx_word' id='word_1_160' title='bbox 418 2166 660 2222; x_wconf 64' lang='lat' dir='ltr'><strong>Vidimus</strong></span> <span class='ocrx_word' id='word_1_161' title='bbox 706 2163 967 2218; x_wconf 81' lang='lat' dir='ltr'><strong>vaticinia</strong></span> <span class='ocrx_word' id='word_1_162' title='bbox 1023 2163 1144 2219; x_wconf 75' lang='lat' dir='ltr'><strong>haec</strong></span> <span class='ocrx_word' id='word_1_163' title='bbox 1212 2161 1472 2217; x_wconf 80' lang='lat' dir='ltr'><strong>evenisse</strong></span> <span class='ocrx_word' id='word_1_164' title='bbox 1514 2160 1654 2231; x_wconf 78' lang='grc'><strong>(48).</strong></span> <span class='ocrx_word' id='word_1_165' title='bbox 1716 2157 2016 2212; x_wconf 77' lang='lat' dir='ltr'><strong>Videbatur</strong></span> 
     </span>
    </p>
   </div>
   <div class='ocr_carea' id='block_1_25' title="bbox 419 2251 2017 2330">
    <p class='ocr_par' dir='ltr' id='par_1_25' title="bbox 419 2251 2017 2330">
     <span class='ocr_line' id='line_1_25' title="bbox 419 2251 2017 2330; baseline -0.006 -16"><span class='ocrx_word' id='word_1_166' title='bbox 419 2274 592 2330; x_wconf 88' lang='lat' dir='ltr'><strong>porro</strong></span> <span class='ocrx_word' id='word_1_167' title='bbox 626 2257 893 2312; x_wconf 87' lang='lat' dir='ltr'><strong>mandare</strong></span> <span class='ocrx_word' id='word_1_168' title='bbox 941 2256 1073 2322; x_wconf 81' lang='lat' dir='ltr'><strong>ﬁlio,</strong></span> <span class='ocrx_word' id='word_1_169' title='bbox 1132 2263 1195 2310; x_wconf 92' lang='lat' dir='ltr'><strong>ut</strong></span> <span class='ocrx_word' id='word_1_170' title='bbox 1224 2254 1534 2311; x_wconf 83' lang='lat' dir='ltr'><strong>occultaret</strong></span> <span class='ocrx_word' id='word_1_171' title='bbox 1567 2251 1857 2317; x_wconf 80' lang='lat' dir='ltr'><strong>animalia,</strong></span> <span class='ocrx_word' id='word_1_172' title='bbox 1893 2265 2017 2321; x_wconf 67' lang='lat' dir='ltr'><strong>quas</strong></span> 
     </span>
    </p>
   </div>
   <div class='ocr_carea' id='block_1_26' title="bbox 421 2343 2017 2419">
    <p class='ocr_par' dir='ltr' id='par_1_26' title="bbox 421 2343 2017 2419">
     <span class='ocr_line' id='line_1_26' title="bbox 421 2343 2017 2419; baseline -0.006 -14"><span class='ocrx_word' id='word_1_173' title='bbox 421 2367 549 2405; x_wconf 81' lang='lat' dir='ltr'><strong>mox</strong></span> <span class='ocrx_word' id='word_1_174' title='bbox 589 2349 645 2403; x_wconf 91' lang='lat' dir='ltr'><strong>in</strong></span> <span class='ocrx_word' id='word_1_175' title='bbox 676 2364 836 2404; x_wconf 86' lang='lat' dir='ltr'><strong>cerea</strong></span> <span class='ocrx_word' id='word_1_176' title='bbox 869 2348 1044 2419; x_wconf 83' lang='lat' dir='ltr'><strong>sigilla</strong></span> <span class='ocrx_word' id='word_1_177' title='bbox 1079 2348 1577 2401; x_wconf 87' lang='lat' dir='ltr'><strong>convertebantur:</strong></span> <span class='ocrx_word' id='word_1_178' title='bbox 1607 2360 1730 2414; x_wconf 67' lang='lat' dir='ltr'><strong>qua:</strong></span> <span class='ocrx_word' id='word_1_179' title='bbox 1760 2343 2017 2397; x_wconf 88' lang='lat' dir='ltr'><strong>manibus</strong></span> 
     </span>
    </p>
   </div>
   <div class='ocr_carea' id='block_1_27' title="bbox 420 2432 2015 2511">
    <p class='ocr_par' dir='ltr' id='par_1_27' title="bbox 420 2432 2015 2511">
     <span class='ocr_line' id='line_1_27' title="bbox 420 2432 2015 2511; baseline -0.008 -11"><span class='ocrx_word' id='word_1_180' title='bbox 420 2454 482 2501; x_wconf 88' lang='lat' dir='ltr'><strong>ut</strong></span> <span class='ocrx_word' id='word_1_181' title='bbox 508 2452 718 2511; x_wconf 87' lang='lat' dir='ltr'><strong>poterat</strong></span> <span class='ocrx_word' id='word_1_182' title='bbox 742 2441 1047 2505; x_wconf 88' lang='lat' dir='ltr'><strong>occultans,</strong></span> <span class='ocrx_word' id='word_1_183' title='bbox 1104 2454 1230 2493; x_wconf 87' lang='lat' dir='ltr'><strong>eum</strong></span> <span class='ocrx_word' id='word_1_184' title='bbox 1283 2447 1465 2508; x_wconf 85' lang='lat' dir='ltr'><strong>patre,</strong></span> <span class='ocrx_word' id='word_1_185' title='bbox 1530 2437 1785 2507; x_wconf 87' lang='lat' dir='ltr'><strong>deposito</strong></span> <span class='ocrx_word' id='word_1_186' title='bbox 1824 2432 2015 2488; x_wconf 93' lang='lat' dir='ltr'><strong>monili</strong></span> 
     </span>
    </p>
   </div>
   <div class='ocr_carea' id='block_1_28' title="bbox 419 2526 2012 2599">
    <p class='ocr_par' dir='ltr' id='par_1_28' title="bbox 419 2526 2012 2599">
     <span class='ocr_line' id='line_1_28' title="bbox 419 2526 2012 2599; baseline -0.008 -10"><span class='ocrx_word' id='word_1_187' title='bbox 419 2550 599 2599; x_wconf 85' lang='lat' dir='ltr'><strong>sacro,</strong></span> <span class='ocrx_word' id='word_1_188' title='bbox 630 2531 819 2593; x_wconf 83' lang='lat' dir='ltr'><strong>exivit,</strong></span> <span class='ocrx_word' id='word_1_189' title='bbox 847 2540 902 2585; x_wconf 90' lang='lat' dir='ltr'><strong>et</strong></span> <span class='ocrx_word' id='word_1_190' title='bbox 938 2528 996 2584; x_wconf 85' lang='lat' dir='ltr'><strong>in</strong></span> <span class='ocrx_word' id='word_1_191' title='bbox 1029 2545 1097 2584; x_wconf 93' lang='lat' dir='ltr'><strong>eo</strong></span> <span class='ocrx_word' id='word_1_192' title='bbox 1124 2530 1362 2583; x_wconf 89' lang='lat' dir='ltr'><strong>articulo</strong></span> <span class='ocrx_word' id='word_1_193' title='bbox 1393 2544 1591 2583; x_wconf 91' lang='lat' dir='ltr'><strong>somno</strong></span> <span class='ocrx_word' id='word_1_194' title='bbox 1641 2526 1859 2582; x_wconf 87' lang='lat' dir='ltr'><strong>solutus</strong></span> <span class='ocrx_word' id='word_1_195' title='bbox 1906 2532 2012 2579; x_wconf 92' lang='lat' dir='ltr'><strong>est.</strong></span> 
     </span>
    </p>
   </div>
   <div class='ocr_carea' id='block_1_29' title="bbox 420 2617 2014 2693">
    <p class='ocr_par' dir='ltr' id='par_1_29' title="bbox 420 2617 2014 2693">
     <span class='ocr_line' id='line_1_29' title="bbox 420 2617 2014 2693; baseline -0.004 -15"><span class='ocrx_word' id='word_1_196' title='bbox 420 2623 572 2678; x_wconf 88' lang='lat' dir='ltr'><strong>Talis</strong></span> <span class='ocrx_word' id='word_1_197' title='bbox 623 2623 839 2693; x_wconf 86' lang='lat' dir='ltr'><strong>species</strong></span> <span class='ocrx_word' id='word_1_198' title='bbox 876 2621 990 2676; x_wconf 69' lang='lat' dir='ltr'><strong>lilio</strong></span> <span class='ocrx_word' id='word_1_199' title='bbox 1052 2621 1409 2690; x_wconf 87' lang='lat' dir='ltr'><strong>imperatoris</strong></span> <span class='ocrx_word' id='word_1_200' title='bbox 1440 2618 1741 2675; x_wconf 89' lang='lat' dir='ltr'><strong>dormienti</strong></span> <span class='ocrx_word' id='word_1_201' title='bbox 1793 2617 2014 2687; x_wconf 81' lang='lat' dir='ltr'><strong>obtigit.</strong></span> 
     </span>
    </p>
   </div>
   <div class='ocr_carea' id='block_1_30' title="bbox 420 2709 2017 2786">
    <p class='ocr_par' dir='ltr' id='par_1_30' title="bbox 420 2709 2017 2786">
     <span class='ocr_line' id='line_1_30' title="bbox 420 2709 2017 2786; baseline -0.007 -13"><span class='ocrx_word' id='word_1_202' title='bbox 420 2717 503 2773; x_wconf 79' lang='lat' dir='ltr'><strong>Ad</strong></span> <span class='ocrx_word' id='word_1_203' title='bbox 534 2730 693 2786; x_wconf 88' lang='lat' dir='ltr'><strong>quem</strong></span> <span class='ocrx_word' id='word_1_204' title='bbox 736 2724 921 2768; x_wconf 89' lang='lat' dir='ltr'><strong>autem</strong></span> <span class='ocrx_word' id='word_1_205' title='bbox 954 2712 1311 2783; x_wconf 86' lang='lat' dir='ltr'><strong>pertinuerit,</strong></span> <span class='ocrx_word' id='word_1_206' title='bbox 1345 2725 1520 2781; x_wconf 88' lang='lat' dir='ltr'><strong>usque</strong></span> <span class='ocrx_word' id='word_1_207' title='bbox 1554 2710 1722 2766; x_wconf 84' lang='lat' dir='ltr'><strong>hodie</strong></span> <span class='ocrx_word' id='word_1_208' title='bbox 1757 2710 1908 2765; x_wconf 83' lang='lat' dir='ltr'><strong>latet.</strong></span> <span class='ocrx_word' id='word_1_209' title='bbox 1947 2709 2017 2763; x_wconf 81' lang='lat' dir='ltr'><strong>Et</strong></span> 
     </span>
    </p>
   </div>
   <div class='ocr_carea' id='block_1_31' title="bbox 426 2800 2020 2872">
    <p class='ocr_par' dir='ltr' id='par_1_31' title="bbox 426 2800 2020 2872">
     <span class='ocr_line' id='line_1_31' title="bbox 426 2800 2020 2872; baseline -0.006 -9"><span class='ocrx_word' id='word_1_210' title='bbox 426 2810 545 2864; x_wconf 84' lang='lat' dir='ltr'><strong>haec</strong></span> <span class='ocrx_word' id='word_1_211' title='bbox 591 2808 639 2862; x_wconf 90' lang='lat' dir='ltr'><strong>is</strong></span> <span class='ocrx_word' id='word_1_212' title='bbox 678 2804 983 2862; x_wconf 87' lang='lat' dir='ltr'><strong>secundum</strong></span> <span class='ocrx_word' id='word_1_213' title='bbox 1018 2803 1262 2872; x_wconf 87' lang='lat' dir='ltr'><strong>quietem</strong></span> <span class='ocrx_word' id='word_1_214' title='bbox 1318 2817 1378 2856; x_wconf 91' lang='lat' dir='ltr'><strong>se</strong></span> <span class='ocrx_word' id='word_1_215' title='bbox 1428 2801 1636 2857; x_wconf 87' lang='lat' dir='ltr'><strong>vidisse</strong></span> <span class='ocrx_word' id='word_1_216' title='bbox 1678 2800 1771 2870; x_wconf 89' lang='lat' dir='ltr'><strong>(j).</strong></span> <span class='ocrx_word' id='word_1_217' title='bbox 1803 2800 1873 2855; x_wconf 86' lang='lat' dir='ltr'><strong>ad</strong></span> <span class='ocrx_word' id='word_1_218' title='bbox 1927 2814 2020 2869; x_wconf 86' lang='lat' dir='ltr'><strong>pa-</strong></span> 
     </span>
    </p>
   </div>
   <div class='ocr_carea' id='block_1_32' title="bbox 424 2892 2015 2968">
    <p class='ocr_par' dir='ltr' id='par_1_32' title="bbox 424 2892 2015 2968">
     <span class='ocr_line' id='line_1_32' title="bbox 424 2892 2015 2968; baseline -0.006 -13"><span class='ocrx_word' id='word_1_219' title='bbox 424 2909 564 2955; x_wconf 87' lang='lat' dir='ltr'><strong>trem</strong></span> <span class='ocrx_word' id='word_1_220' title='bbox 609 2895 850 2968; x_wconf 78' lang='lat' dir='ltr'><strong>scripsit.</strong></span> <span class='ocrx_word' id='word_1_221' title='bbox 879 2895 1187 2964; x_wconf 86' lang='lat' dir='ltr'><strong>Imperator</strong></span> <span class='ocrx_word' id='word_1_222' title='bbox 1213 2892 1445 2964; x_wconf 89' lang='lat' dir='ltr'><strong>paulum</strong></span> <span class='ocrx_word' id='word_1_223' title='bbox 1487 2892 1857 2964; x_wconf 85' lang='lat' dir='ltr'><strong>Didymotichi</strong></span> <span class='ocrx_word' id='word_1_224' title='bbox 1899 2892 2015 2946; x_wconf 83' lang='lat' dir='ltr'><strong>hac-</strong></span> 
     </span>
    </p>
   </div>
   <div class='ocr_carea' id='block_1_33' title="bbox 421 2985 2016 3057">
    <p class='ocr_par' dir='ltr' id='par_1_33' title="bbox 421 2985 2016 3057">
     <span class='ocr_line' id='line_1_33' title="bbox 421 2985 2016 3057; baseline -0.006 -8"><span class='ocrx_word' id='word_1_225' title='bbox 421 3007 574 3056; x_wconf 86' lang='lat' dir='ltr'><strong>rens,</strong></span> <span class='ocrx_word' id='word_1_226' title='bbox 606 2990 854 3045; x_wconf 80' lang='lat' dir='ltr'><strong>collectis</strong></span> <span class='ocrx_word' id='word_1_227' title='bbox 914 2986 1176 3043; x_wconf 87' lang='lat' dir='ltr'><strong>omnibus</strong></span> <span class='ocrx_word' id='word_1_228' title='bbox 1232 3001 1371 3057; x_wconf 82' lang='lat' dir='ltr'><strong>quas</strong></span> <span class='ocrx_word' id='word_1_229' title='bbox 1428 2985 1666 3041; x_wconf 89' lang='lat' dir='ltr'><strong>habebat</strong></span> <span class='ocrx_word' id='word_1_230' title='bbox 1695 2985 1874 3055; x_wconf 91' lang='lat' dir='ltr'><strong>copiis</strong></span> <span class='ocrx_word' id='word_1_231' title='bbox 1908 2985 2016 3040; x_wconf 79' lang='lat' dir='ltr'><strong>llo-</strong></span> 
     </span>
    </p>
   </div>
   <div class='ocr_carea' id='block_1_34' title="bbox 2119 484 3698 565">
    <p class='ocr_par' dir='ltr' id='par_1_34' title="bbox 2119 484 3698 565">
     <span class='ocr_line' id='line_1_34' title="bbox 2119 484 3698 565; baseline -0.007 -14"><span class='ocrx_word' id='word_1_232' title='bbox 2119 496 2320 565; x_wconf 81' lang='grc' dir='ltr'>λέγειν,</span> <span class='ocrx_word' id='word_1_233' title='bbox 2360 493 2430 547; x_wconf 78' lang='grc' dir='ltr'><strong>τὰ</strong></span> <span class='ocrx_word' id='word_1_234' title='bbox 2454 490 2545 546; x_wconf 75' lang='grc' dir='ltr'>ἴσα</span> <span class='ocrx_word' id='word_1_235' title='bbox 2567 484 2714 545; x_wconf 75' lang='grc' dir='ltr'>εἷπε.</span> <span class='ocrx_word' id='word_1_236' title='bbox 2756 489 3020 553; x_wconf 70' lang='grc' dir='ltr'>Βασιλεὺς</span> <span class='ocrx_word' id='word_1_237' title='bbox 3046 488 3105 542; x_wconf 79' lang='grc' dir='ltr'><strong>δέ</strong></span> <span class='ocrx_word' id='word_1_238' title='bbox 3140 490 3236 543; x_wconf 75' lang='grc' dir='ltr'><strong>καὶ</strong></span> <span class='ocrx_word' id='word_1_239' title='bbox 3263 490 3445 561; x_wconf 85' lang='grc' dir='ltr'>τρίτον</span> <span class='ocrx_word' id='word_1_240' title='bbox 3474 494 3698 547; x_wconf 64' lang='grc' dir='ltr'>ἐκέλευε</span> 
     </span>
    </p>
   </div>
   <div class='ocr_carea' id='block_1_35' title="bbox 2119 579 3695 660">
    <p class='ocr_par' dir='ltr' id='par_1_35' title="bbox 2119 579 3695 660">
     <span class='ocr_line' id='line_1_35' title="bbox 2119 579 3695 660; baseline -0.005 -18"><span class='ocrx_word' id='word_1_241' title='bbox 2119 586 2419 660; x_wconf 83' lang='grc' dir='ltr'>σφραγίσαι</span> <span class='ocrx_word' id='word_1_242' title='bbox 2445 581 2526 652; x_wconf 83' lang='grc' dir='ltr'>τῷ</span> <span class='ocrx_word' id='word_1_243' title='bbox 2560 581 2683 651; x_wconf 82' lang='grc' dir='ltr'>υίῴ.</span> <span class='ocrx_word' id='word_1_244' title='bbox 2712 580 2823 633; x_wconf 79' lang='grc' dir='ltr'><strong>Καὶ</strong></span> <span class='ocrx_word' id='word_1_245' title='bbox 2851 579 3279 651; x_wconf 69' lang='grc' dir='ltr'>σφραγίσαντος,</span> <span class='ocrx_word' id='word_1_246' title='bbox 3322 581 3514 650; x_wconf 78' lang='grc' dir='ltr'>ἐξῆλθε</span> <span class='ocrx_word' id='word_1_247' title='bbox 3545 582 3695 652; x_wconf 79' lang='grc' dir='ltr'>γαλῆ</span> 
     </span>
    </p>
   </div>
   <div class='ocr_carea' id='block_1_36' title="bbox 2117 670 3702 743">
    <p class='ocr_par' dir='ltr' id='par_1_36' title="bbox 2117 670 3702 743">
     <span class='ocr_line' id='line_1_36' title="bbox 2117 670 3702 743; baseline -0.003 -13"><span class='ocrx_word' id='word_1_248' title='bbox 2117 678 2268 743; x_wconf 77' lang='grc' dir='ltr'>ζῶσα</span> <span class='ocrx_word' id='word_1_249' title='bbox 2290 677 2382 730; x_wconf 73' lang='grc' dir='ltr'><strong>καὶ</strong></span> <span class='ocrx_word' id='word_1_250' title='bbox 2408 673 2567 743; x_wconf 78' lang='grc' dir='ltr'>αὐτή.</span> <span class='ocrx_word' id='word_1_251' title='bbox 2593 670 2704 742; x_wconf 82' lang='grc' dir='ltr'><strong>Τὴν</strong></span> <span class='ocrx_word' id='word_1_252' title='bbox 2734 670 2980 739; x_wconf 80' lang='grc' dir='ltr'>γλῶτταν</span> <span class='ocrx_word' id='word_1_253' title='bbox 3024 671 3081 725; x_wconf 84' lang='grc' dir='ltr'><strong>δέ</strong></span> <span class='ocrx_word' id='word_1_254' title='bbox 3105 671 3212 724; x_wconf 82' lang='grc' dir='ltr'><strong>τῶν</strong></span> <span class='ocrx_word' id='word_1_255' title='bbox 3235 672 3465 725; x_wconf 80' lang='grc' dir='ltr'><strong>ὀδόντων</strong></span> <span class='ocrx_word' id='word_1_256' title='bbox 3498 673 3702 742; x_wconf 72' lang='grc' dir='ltr'>προϐε-</span> 
     </span>
    </p>
   </div>
   <div class='ocr_carea' id='block_1_37' title="bbox 2116 764 3703 841">
    <p class='ocr_par' dir='ltr' id='par_1_37' title="bbox 2116 764 3703 841">
     <span class='ocr_line' id='line_1_37' title="bbox 2116 764 3703 841; baseline -0.004 -16"><span class='ocrx_word' id='word_1_257' title='bbox 2116 772 2387 841; x_wconf 82' lang='grc' dir='ltr'>ϐλημένη,</span> <span class='ocrx_word' id='word_1_258' title='bbox 2423 767 2598 820; x_wconf 79' lang='grc' dir='ltr'>ἐδόκει</span> <span class='ocrx_word' id='word_1_259' title='bbox 2644 764 2846 836; x_wconf 75' lang='grc' dir='ltr'><strong>λείχειν</strong></span> <span class='ocrx_word' id='word_1_260' title='bbox 2884 764 2985 836; x_wconf 81' lang='grc' dir='ltr'>τὴν</span> <span class='ocrx_word' id='word_1_261' title='bbox 3013 766 3120 836; x_wconf 84' lang='grc' dir='ltr'>γῆν</span> <span class='ocrx_word' id='word_1_262' title='bbox 3143 782 3159 798; x_wconf 86' lang='grc'>·</span> <span class='ocrx_word' id='word_1_263' title='bbox 3213 764 3306 818; x_wconf 82' lang='grc' dir='ltr'><strong>τοῦ</strong></span> <span class='ocrx_word' id='word_1_264' title='bbox 3354 764 3614 836; x_wconf 75' lang='grc' dir='ltr'>βασιλέως</span> <span class='ocrx_word' id='word_1_265' title='bbox 3645 767 3703 819; x_wconf 81' lang='grc' dir='ltr'>δὲ</span> 
     </span>
    </p>
   </div>
   <div class='ocr_carea' id='block_1_38' title="bbox 2117 857 3700 931">
    <p class='ocr_par' dir='ltr' id='par_1_38' title="bbox 2117 857 3700 931">
     <span class='ocr_line' id='line_1_38' title="bbox 2117 857 3700 931; baseline -0.006 -12"><span class='ocrx_word' id='word_1_266' title='bbox 2117 865 2236 919; x_wconf 84' lang='grc' dir='ltr'>υίοῦ</span> <span class='ocrx_word' id='word_1_267' title='bbox 2276 865 2357 928; x_wconf 82' lang='grc' dir='ltr'><strong>εἰς</strong></span> <span class='ocrx_word' id='word_1_268' title='bbox 2387 861 2521 925; x_wconf 77' lang='grc' dir='ltr'>ὕψος</span> <span class='ocrx_word' id='word_1_269' title='bbox 2555 863 2804 931; x_wconf 75' lang='grc' dir='ltr'>αἴροντος</span> <span class='ocrx_word' id='word_1_270' title='bbox 2828 899 2845 926; x_wconf 90' lang='grc'><strong>,</strong></span> <span class='ocrx_word' id='word_1_271' title='bbox 2883 860 2915 928; x_wconf 80' lang='grc' dir='ltr'><strong>ἡ</strong></span> <span class='ocrx_word' id='word_1_272' title='bbox 2944 858 3169 925; x_wconf 77' lang='grc' dir='ltr'>γλῶσσα</span> <span class='ocrx_word' id='word_1_273' title='bbox 3192 857 3290 928; x_wconf 84' lang='grc' dir='ltr'>τῆς</span> <span class='ocrx_word' id='word_1_274' title='bbox 3319 858 3488 927; x_wconf 80' lang='grc' dir='ltr'><strong>γαλῆς</strong></span> <span class='ocrx_word' id='word_1_275' title='bbox 3518 858 3700 928; x_wconf 74' lang='grc' dir='ltr'>μηκ-ῐ-</span> 
     </span>
    </p>
   </div>
   <div class='ocr_carea' id='block_1_39' title="bbox 2117 949 3697 1023">
    <p class='ocr_par' dir='ltr' id='par_1_39' title="bbox 2117 949 3697 1023">
     <span class='ocr_line' id='line_1_39' title="bbox 2117 949 3697 1023; baseline -0.004 -13"><span class='ocrx_word' id='word_1_276' title='bbox 2117 958 2307 1012; x_wconf 82' lang='grc' dir='ltr'>νεσθαι</span> <span class='ocrx_word' id='word_1_277' title='bbox 2357 956 2561 1018; x_wconf 86' lang='grc' dir='ltr'>ἐδόκει,</span> <span class='ocrx_word' id='word_1_278' title='bbox 2599 954 2696 1007; x_wconf 79' lang='grc' dir='ltr'>καὶ</span> <span class='ocrx_word' id='word_1_279' title='bbox 2742 952 2843 1023; x_wconf 80' lang='grc' dir='ltr'>τὴν</span> <span class='ocrx_word' id='word_1_280' title='bbox 2875 951 2979 1021; x_wconf 78' lang='grc' dir='ltr'>γῆν</span> <span class='ocrx_word' id='word_1_281' title='bbox 3009 949 3273 1013; x_wconf 76' lang='grc' dir='ltr'><strong>ὡσαύτως</strong></span> <span class='ocrx_word' id='word_1_282' title='bbox 3329 950 3697 1022; x_wconf 57' lang='grc' dir='ltr'>περιλείχειν.</span> 
     </span>
    </p>
   </div>
   <div class='ocr_carea' id='block_1_40' title="bbox 2126 1042 3704 1120">
    <p class='ocr_par' dir='ltr' id='par_1_40' title="bbox 2126 1042 3704 1120">
     <span class='ocr_line' id='line_1_40' title="bbox 2126 1042 3704 1120; baseline -0.006 -16"><span class='ocrx_word' id='word_1_283' title='bbox 2126 1052 2188 1104; x_wconf 82' lang='lat'><strong>&#39;0</strong></span> <span class='ocrx_word' id='word_1_284' title='bbox 2218 1050 2278 1104; x_wconf 86' lang='grc' dir='ltr'><strong>τδ</strong></span> <span class='ocrx_word' id='word_1_285' title='bbox 2301 1047 2505 1120; x_wconf 81' lang='grc' dir='ltr'>βιϐλίον</span> <span class='ocrx_word' id='word_1_286' title='bbox 2534 1049 2590 1101; x_wconf 75' lang='grc' dir='ltr'>δὲ</span> <span class='ocrx_word' id='word_1_287' title='bbox 2619 1047 2891 1117; x_wconf 77' lang='grc' dir='ltr'><strong>κατέχων,</strong></span> <span class='ocrx_word' id='word_1_288' title='bbox 2937 1042 3209 1113; x_wconf 84' lang='grc' dir='ltr'>βασιλέως</span> <span class='ocrx_word' id='word_1_289' title='bbox 3236 1043 3567 1107; x_wconf 82' lang='grc' dir='ltr'>κελεύοντος,</span> <span class='ocrx_word' id='word_1_290' title='bbox 3601 1042 3704 1114; x_wconf 79' lang='grc' dir='ltr'>τὴν</span> 
     </span>
    </p>
   </div>
   <div class='ocr_carea' id='block_1_41' title="bbox 2118 1137 3706 1216">
    <p class='ocr_par' dir='ltr' id='par_1_41' title="bbox 2118 1137 3706 1216">
     <span class='ocr_line' id='line_1_41' title="bbox 2118 1137 3706 1216; baseline -0.007 -18"><span class='ocrx_word' id='word_1_291' title='bbox 2118 1144 2458 1216; x_wconf 79' lang='grc' dir='ltr'><strong>προφητείαν</strong></span> <span class='ocrx_word' id='word_1_292' title='bbox 2482 1140 2686 1209; x_wconf 75' lang='grc' dir='ltr'>λέγειν’</span> <span class='ocrx_word' id='word_1_293' title='bbox 2717 1158 2737 1192; x_wconf 76' lang='lat' dir='ltr'><strong>r</strong></span> <span class='ocrx_word' id='word_1_294' title='bbox 2779 1139 2910 1194; x_wconf 79' lang='grc' dir='ltr'>Ἰδοὺ</span> <span class='ocrx_word' id='word_1_295' title='bbox 2935 1138 3146 1209; x_wconf 78' lang='grc' dir='ltr'><strong>θηρίον,</strong></span> <span class='ocrx_word' id='word_1_296' title='bbox 3167 1140 3364 1203; x_wconf 79' lang='grc' dir='ltr'>εἰπεῖν,</span> <span class='ocrx_word' id='word_1_297' title='bbox 3386 1137 3587 1208; x_wconf 71' lang='grc' dir='ltr'>ἕτερον,</span> <span class='ocrx_word' id='word_1_298' title='bbox 3608 1137 3706 1189; x_wconf 78' lang='grc' dir='ltr'><strong>καὶ</strong></span> 
     </span>
    </p>
   </div>
   <div class='ocr_carea' id='block_1_42' title="bbox 2119 1229 3705 1307">
    <p class='ocr_par' dir='ltr' id='par_1_42' title="bbox 2119 1229 3705 1307">
     <span class='ocr_line' id='line_1_42' title="bbox 2119 1229 3705 1307; baseline -0.004 -16"><span class='ocrx_word' id='word_1_299' title='bbox 2119 1235 2273 1291; x_wconf 78' lang='grc' dir='ltr'>εἶπον</span> <span class='ocrx_word' id='word_1_300' title='bbox 2303 1236 2488 1307; x_wconf 67' lang='grc' dir='ltr'><strong>αὐτῷ⁸</strong></span> <span class='ocrx_word' id='word_1_301' title='bbox 2513 1233 2802 1303; x_wconf 77' lang='grc' dir='ltr'>Ἀνάϐηθι,</span> <span class='ocrx_word' id='word_1_302' title='bbox 2820 1233 2961 1301; x_wconf 81' lang='grc' dir='ltr'>φάγε</span> <span class='ocrx_word' id='word_1_303' title='bbox 2998 1230 3210 1301; x_wconf 79' lang='grc' dir='ltr'><strong>σάρκας</strong></span> <span class='ocrx_word' id='word_1_304' title='bbox 3249 1231 3467 1293; x_wconf 83' lang='grc' dir='ltr'>πολλάς.</span> <span class='ocrx_word' id='word_1_305' title='bbox 3493 1249 3511 1282; x_wconf 77' lang='grc' dir='ltr'><strong>ι</strong></span> <span class='ocrx_word' id='word_1_306' title='bbox 3546 1229 3705 1284; x_wconf 81' lang='grc' dir='ltr'><strong>Μετὰ</strong></span> 
     </span>
    </p>
   </div>
   <div class='ocr_carea' id='block_1_43' title="bbox 2117 1323 3699 1400">
    <p class='ocr_par' dir='ltr' id='par_1_43' title="bbox 2117 1323 3699 1400">
     <span class='ocr_line' id='line_1_43' title="bbox 2117 1323 3699 1400; baseline -0.004 -17"><span class='ocrx_word' id='word_1_307' title='bbox 2117 1330 2278 1384; x_wconf 82' lang='grc' dir='ltr'>τοῦτο</span> <span class='ocrx_word' id='word_1_308' title='bbox 2333 1330 2389 1383; x_wconf 81' lang='grc' dir='ltr'>δὲ</span> <span class='ocrx_word' id='word_1_309' title='bbox 2432 1330 2462 1381; x_wconf 91' lang='lat'><strong>6</strong></span> <span class='ocrx_word' id='word_1_310' title='bbox 2524 1328 2802 1400; x_wconf 74' lang='grc' dir='ltr'>βασιλεὺς,</span> <span class='ocrx_word' id='word_1_311' title='bbox 2860 1325 3139 1395; x_wconf 76' lang='grc' dir='ltr'>σφραγῖδα</span> <span class='ocrx_word' id='word_1_312' title='bbox 3180 1325 3443 1394; x_wconf 77' lang='grc' dir='ltr'>πράσινον</span> <span class='ocrx_word' id='word_1_313' title='bbox 3503 1323 3699 1393; x_wconf 77' lang='grc' dir='ltr'><strong>ἑτέραν</strong></span> 
     </span>
    </p>
   </div>
   <div class='ocr_carea' id='block_1_44' title="bbox 2120 1414 3703 1494">
    <p class='ocr_par' dir='ltr' id='par_1_44' title="bbox 2120 1414 3703 1494">
     <span class='ocr_line' id='line_1_44' title="bbox 2120 1414 3703 1494; baseline -0.006 -17"><span class='ocrx_word' id='word_1_314' title='bbox 2120 1426 2352 1494; x_wconf 76' lang='grc' dir='ltr'>παρεῖχε</span> <span class='ocrx_word' id='word_1_315' title='bbox 2384 1420 2461 1492; x_wconf 78' lang='grc' dir='ltr'><strong>τῷ</strong></span> <span class='ocrx_word' id='word_1_316' title='bbox 2487 1421 2613 1491; x_wconf 78' lang='grc' dir='ltr'>υἱῷ,</span> <span class='ocrx_word' id='word_1_317' title='bbox 2646 1421 2741 1474; x_wconf 71' lang='grc' dir='ltr'>καὶ</span> <span class='ocrx_word' id='word_1_318' title='bbox 2774 1420 2999 1473; x_wconf 78' lang='grc' dir='ltr'>ἐκέλευε</span> <span class='ocrx_word' id='word_1_319' title='bbox 3056 1416 3232 1486; x_wconf 84' lang='grc' dir='ltr'>ταύτῃ</span> <span class='ocrx_word' id='word_1_320' title='bbox 3264 1415 3583 1486; x_wconf 69' lang='grc' dir='ltr'>σφραγίζειν</span> <span class='ocrx_word' id='word_1_321' title='bbox 3610 1414 3703 1467; x_wconf 81' lang='grc' dir='ltr'><strong>τὸν</strong></span> 
     </span>
    </p>
   </div>
   <div class='ocr_carea' id='block_1_45' title="bbox 2120 1508 3697 1589">
    <p class='ocr_par' dir='ltr' id='par_1_45' title="bbox 2120 1508 3697 1589">
     <span class='ocr_line' id='line_1_45' title="bbox 2120 1508 3697 1589; baseline -0.009 -15"><span class='ocrx_word' id='word_1_322' title='bbox 2120 1519 2316 1589; x_wconf 72' lang='grc' dir='ltr'>κηρὸν,</span> <span class='ocrx_word' id='word_1_323' title='bbox 2363 1518 2459 1571; x_wconf 60' lang='grc' dir='ltr'><strong>καὶ¹</strong></span> <span class='ocrx_word' id='word_1_324' title='bbox 2509 1515 2953 1585; x_wconf 74' lang='grc' dir='ltr'>σφραγίσαντος,</span> <span class='ocrx_word' id='word_1_325' title='bbox 2996 1510 3190 1582; x_wconf 79' lang='grc' dir='ltr'>ἐξῆλθε</span> <span class='ocrx_word' id='word_1_326' title='bbox 3239 1509 3509 1583; x_wconf 71' lang='grc' dir='ltr'>πελαργὸς</span> <span class='ocrx_word' id='word_1_327' title='bbox 3561 1508 3697 1575; x_wconf 75' lang='grc' dir='ltr'>ζῶν,</span> 
     </span>
    </p>
   </div>
   <div class='ocr_carea' id='block_1_46' title="bbox 2127 1600 3702 1678">
    <p class='ocr_par' dir='ltr' id='par_1_46' title="bbox 2127 1600 3702 1678">
     <span class='ocr_line' id='line_1_46' title="bbox 2127 1600 3702 1678; baseline -0.009 -14"><span class='ocrx_word' id='word_1_328' title='bbox 2127 1611 2336 1678; x_wconf 58' lang='grc' dir='ltr'>σκύρον</span> <span class='ocrx_word' id='word_1_329' title='bbox 2365 1608 2507 1678; x_wconf 73' lang='grc' dir='ltr'>ἔχων</span> <span class='ocrx_word' id='word_1_330' title='bbox 2553 1606 2761 1660; x_wconf 85' lang='grc' dir='ltr'>ὑέλινον</span> <span class='ocrx_word' id='word_1_331' title='bbox 2800 1604 2878 1675; x_wconf 79' lang='grc' dir='ltr'>τῷ</span> <span class='ocrx_word' id='word_1_332' title='bbox 2903 1602 3044 1658; x_wconf 82' lang='grc' dir='ltr'>ποδί.</span> <span class='ocrx_word' id='word_1_333' title='bbox 3094 1602 3301 1654; x_wconf 80' lang='grc' dir='ltr'>Ἐδόκει</span> <span class='ocrx_word' id='word_1_334' title='bbox 3346 1600 3404 1652; x_wconf 83' lang='grc' dir='ltr'>δὲ</span> <span class='ocrx_word' id='word_1_335' title='bbox 3436 1602 3465 1652; x_wconf 99' lang='lat'><strong>6</strong></span> <span class='ocrx_word' id='word_1_336' title='bbox 3494 1600 3702 1668; x_wconf 79' lang='grc' dir='ltr'><strong>σκύφος</strong></span> 
     </span>
    </p>
   </div>
   <div class='ocr_carea' id='block_1_47' title="bbox 2120 1690 3703 1773">
    <p class='ocr_par' dir='ltr' id='par_1_47' title="bbox 2120 1690 3703 1773">
     <span class='ocr_line' id='line_1_47' title="bbox 2120 1690 3703 1773; baseline -0.008 -16"><span class='ocrx_word' id='word_1_337' title='bbox 2120 1704 2243 1769; x_wconf 73' lang='grc' dir='ltr'>δξος</span> <span class='ocrx_word' id='word_1_338' title='bbox 2272 1700 2360 1773; x_wconf 72' lang='grc' dir='ltr'><strong>ἔχε</strong></span> <span class='ocrx_word' id='word_1_339' title='bbox 2371 1718 2418 1755; x_wconf 89' lang='grc' dir='ltr'><strong>ιν</strong></span> <span class='ocrx_word' id='word_1_340' title='bbox 2440 1716 2454 1731; x_wconf 83' lang='lat'><strong><em>°</em></strong></span> <span class='ocrx_word' id='word_1_341' title='bbox 2471 1702 2500 1754; x_wconf 92' lang='lat'><strong>6</strong></span> <span class='ocrx_word' id='word_1_342' title='bbox 2529 1699 2589 1752; x_wconf 78' lang='grc' dir='ltr'>τὸ</span> <span class='ocrx_word' id='word_1_343' title='bbox 2611 1697 2815 1768; x_wconf 80' lang='grc' dir='ltr'>βιϐλίον</span> <span class='ocrx_word' id='word_1_344' title='bbox 2838 1696 2895 1749; x_wconf 83' lang='grc' dir='ltr'><strong>δέ</strong></span> <span class='ocrx_word' id='word_1_345' title='bbox 2925 1696 3193 1764; x_wconf 79' lang='grc' dir='ltr'><strong>κατέχων,</strong></span> <span class='ocrx_word' id='word_1_346' title='bbox 3216 1690 3369 1746; x_wconf 74' lang='grc' dir='ltr'>εἶπεν</span> <span class='ocrx_word' id='word_1_347' title='bbox 3387 1708 3401 1722; x_wconf 81' lang='lat'><strong><em>°</em></strong></span> <span class='ocrx_word' id='word_1_348' title='bbox 3427 1692 3703 1746; x_wconf 72' lang='grc' dir='ltr'>ιἜδωκαν</span> 
     </span>
    </p>
   </div>
   <div class='ocr_carea' id='block_1_48' title="bbox 2117 1784 3702 1864">
    <p class='ocr_par' dir='ltr' id='par_1_48' title="bbox 2117 1784 3702 1864">
     <span class='ocr_line' id='line_1_48' title="bbox 2117 1784 3702 1864; baseline -0.008 -15"><span class='ocrx_word' id='word_1_349' title='bbox 2117 1797 2198 1857; x_wconf 81' lang='grc' dir='ltr'>εἰς</span> <span class='ocrx_word' id='word_1_350' title='bbox 2227 1795 2287 1848; x_wconf 82' lang='grc' dir='ltr'><strong>τδ</strong></span> <span class='ocrx_word' id='word_1_351' title='bbox 2310 1793 2510 1864; x_wconf 84' lang='grc' dir='ltr'>βρῶμα</span> <span class='ocrx_word' id='word_1_352' title='bbox 2545 1808 2648 1862; x_wconf 86' lang='grc' dir='ltr'><strong>μου</strong></span> <span class='ocrx_word' id='word_1_353' title='bbox 2675 1789 2863 1860; x_wconf 80' lang='grc' dir='ltr'>χολὴν,</span> <span class='ocrx_word' id='word_1_354' title='bbox 2895 1788 2991 1843; x_wconf 72' lang='grc' dir='ltr'>καὶ</span> <span class='ocrx_word' id='word_1_355' title='bbox 3023 1788 3103 1849; x_wconf 81' lang='grc' dir='ltr'><strong>είς</strong></span> <span class='ocrx_word' id='word_1_356' title='bbox 3122 1785 3218 1857; x_wconf 81' lang='grc' dir='ltr'>τὴν</span> <span class='ocrx_word' id='word_1_357' title='bbox 3256 1785 3414 1854; x_wconf 78' lang='grc' dir='ltr'>δίψαν</span> <span class='ocrx_word' id='word_1_358' title='bbox 3442 1803 3540 1857; x_wconf 87' lang='grc' dir='ltr'><strong>μου</strong></span> <span class='ocrx_word' id='word_1_359' title='bbox 3572 1784 3702 1838; x_wconf 81' lang='grc' dir='ltr'>ἐπό-</span> 
     </span>
    </p>
   </div>
   <div class='ocr_carea' id='block_1_49' title="bbox 2117 1879 3704 1959">
    <p class='ocr_par' dir='ltr' id='par_1_49' title="bbox 2117 1879 3704 1959">
     <span class='ocr_line' id='line_1_49' title="bbox 2117 1879 3704 1959; baseline -0.005 -18"><span class='ocrx_word' id='word_1_360' title='bbox 2117 1887 2291 1959; x_wconf 82' lang='grc' dir='ltr'>τησάν</span> <span class='ocrx_word' id='word_1_361' title='bbox 2329 1904 2396 1956; x_wconf 90' lang='grc' dir='ltr'><strong>με</strong></span> <span class='ocrx_word' id='word_1_362' title='bbox 2425 1885 2573 1950; x_wconf 80' lang='grc' dir='ltr'>δξος’</span> <span class='ocrx_word' id='word_1_363' title='bbox 2609 1882 2831 1952; x_wconf 79' lang='grc' dir='ltr'>ὄψονται</span> <span class='ocrx_word' id='word_1_364' title='bbox 2879 1883 2958 1945; x_wconf 81' lang='grc' dir='ltr'><strong>είς</strong></span> <span class='ocrx_word' id='word_1_365' title='bbox 2983 1881 3045 1935; x_wconf 78' lang='grc' dir='ltr'>ὃν</span> <span class='ocrx_word' id='word_1_366' title='bbox 3093 1880 3505 1952; x_wconf 76' lang='grc' dir='ltr'>ἐξεκέντησαν.»</span> <span class='ocrx_word' id='word_1_367' title='bbox 3539 1879 3704 1942; x_wconf 75' lang='grc' dir='ltr'>Αὖθις</span> 
     </span>
    </p>
   </div>
   <div class='ocr_carea' id='block_1_50' title="bbox 2116 1974 3704 2049">
    <p class='ocr_par' dir='ltr' id='par_1_50' title="bbox 2116 1974 3704 2049">
     <span class='ocr_line' id='line_1_50' title="bbox 2116 1974 3704 2049; baseline -0.004 -15"><span class='ocrx_word' id='word_1_368' title='bbox 2116 1980 2173 2034; x_wconf 81' lang='grc' dir='ltr'><strong>δέ</strong></span> <span class='ocrx_word' id='word_1_369' title='bbox 2196 1982 2224 2033; x_wconf 91' lang='lat'><strong>6</strong></span> <span class='ocrx_word' id='word_1_370' title='bbox 2256 1978 2351 2032; x_wconf 82' lang='grc' dir='ltr'><strong>τοῦ</strong></span> <span class='ocrx_word' id='word_1_371' title='bbox 2404 1977 2672 2049; x_wconf 83' lang='grc' dir='ltr'>βασιλέως</span> <span class='ocrx_word' id='word_1_372' title='bbox 2721 1977 2835 2039; x_wconf 71' lang='grc' dir='ltr'>υίὸς</span> <span class='ocrx_word' id='word_1_373' title='bbox 2868 1976 3176 2044; x_wconf 81' lang='grc' dir='ltr'>ἐσφράγισε</span> <span class='ocrx_word' id='word_1_374' title='bbox 3212 1974 3519 2036; x_wconf 68' lang='grc' dir='ltr'>κελευσθείς</span> <span class='ocrx_word' id='word_1_375' title='bbox 3549 1990 3563 2004; x_wconf 78' lang='grc' dir='ltr'><strong>ο</strong></span> <span class='ocrx_word' id='word_1_376' title='bbox 3607 1974 3704 2027; x_wconf 71' lang='grc' dir='ltr'><strong>καὶ</strong></span> 
     </span>
    </p>
   </div>
   <div class='ocr_carea' id='block_1_51' title="bbox 2119 2061 3706 2139">
    <p class='ocr_par' dir='ltr' id='par_1_51' title="bbox 2119 2061 3706 2139">
     <span class='ocr_line' id='line_1_51' title="bbox 2119 2061 3706 2139; baseline -0.006 -14"><span class='ocrx_word' id='word_1_377' title='bbox 2119 2072 2558 2139; x_wconf 76' lang='grc' dir='ltr'>ἱπποκένταυρος</span> <span class='ocrx_word' id='word_1_378' title='bbox 2624 2066 2842 2137; x_wconf 79' lang='grc' dir='ltr'>ἐξῆλθε,</span> <span class='ocrx_word' id='word_1_379' title='bbox 2882 2068 2952 2136; x_wconf 77' lang='grc' dir='ltr'>τῇ</span> <span class='ocrx_word' id='word_1_380' title='bbox 2990 2065 3145 2136; x_wconf 77' lang='grc' dir='ltr'>δεξιᾷ</span> <span class='ocrx_word' id='word_1_381' title='bbox 3196 2066 3339 2136; x_wconf 75' lang='grc' dir='ltr'>χειρὶ</span> <span class='ocrx_word' id='word_1_382' title='bbox 3371 2061 3496 2134; x_wconf 84' lang='grc' dir='ltr'>δόρυ</span> <span class='ocrx_word' id='word_1_383' title='bbox 3550 2064 3706 2118; x_wconf 81' lang='grc' dir='ltr'>κατέ-</span> 
     </span>
    </p>
   </div>
   <div class='ocr_carea' id='block_1_52' title="bbox 2117 2157 3705 2234">
    <p class='ocr_par' dir='ltr' id='par_1_52' title="bbox 2117 2157 3705 2234">
     <span class='ocr_line' id='line_1_52' title="bbox 2117 2157 3705 2234; baseline -0.006 -18"><span class='ocrx_word' id='word_1_384' title='bbox 2117 2161 2326 2234; x_wconf 66' lang='lat' dir='ltr'><strong>xu)va</strong></span> <span class='ocrx_word' id='word_1_385' title='bbox 2357 2161 2414 2215; x_wconf 84' lang='grc' dir='ltr'><strong>δέ</strong></span> <span class='ocrx_word' id='word_1_386' title='bbox 2445 2162 2545 2225; x_wconf 74' lang='grc' dir='ltr'><strong>τὰς</strong></span> <span class='ocrx_word' id='word_1_387' title='bbox 2579 2160 2922 2230; x_wconf 71' lang='grc' dir='ltr'>προφητείας</span> <span class='ocrx_word' id='word_1_388' title='bbox 2951 2158 3145 2227; x_wconf 84' lang='grc' dir='ltr'>λέγων,</span> <span class='ocrx_word' id='word_1_389' title='bbox 3177 2178 3195 2210; x_wconf 76' lang='grc' dir='ltr'><strong>ι</strong></span> <span class='ocrx_word' id='word_1_390' title='bbox 3239 2159 3371 2212; x_wconf 78' lang='grc' dir='ltr'>Ἰδοὺ</span> <span class='ocrx_word' id='word_1_391' title='bbox 3400 2159 3495 2211; x_wconf 73' lang='grc' dir='ltr'><strong>καὶ</strong></span> <span class='ocrx_word' id='word_1_392' title='bbox 3517 2157 3705 2226; x_wconf 68' lang='grc' dir='ltr'>ἕτερον</span> 
     </span>
    </p>
   </div>
   <div class='ocr_carea' id='block_1_53' title="bbox 2118 2250 3705 2326">
    <p class='ocr_par' dir='ltr' id='par_1_53' title="bbox 2118 2250 3705 2326">
     <span class='ocr_line' id='line_1_53' title="bbox 2118 2250 3705 2326; baseline -0.003 -16"><span class='ocrx_word' id='word_1_393' title='bbox 2118 2256 2328 2326; x_wconf 83' lang='grc' dir='ltr'>θηρίον,</span> <span class='ocrx_word' id='word_1_394' title='bbox 2352 2250 2528 2319; x_wconf 73' lang='grc' dir='ltr'>εἶπεν,</span> <span class='ocrx_word' id='word_1_395' title='bbox 2545 2252 2821 2323; x_wconf 79' lang='grc' dir='ltr'>ἕκϐαμϐον</span> <span class='ocrx_word' id='word_1_396' title='bbox 2840 2252 2934 2307; x_wconf 80' lang='grc' dir='ltr'>καὶ</span> <span class='ocrx_word' id='word_1_397' title='bbox 2950 2252 3224 2323; x_wconf 77' lang='grc' dir='ltr'>περισσῶς</span> <span class='ocrx_word' id='word_1_398' title='bbox 3254 2252 3524 2322; x_wconf 75' lang='grc' dir='ltr'>ἰσχυρόν.»</span> <span class='ocrx_word' id='word_1_399' title='bbox 3550 2252 3705 2305; x_wconf 78' lang='grc' dir='ltr'><strong>Μετᾶ</strong></span> 
     </span>
    </p>
   </div>
   <div class='ocr_carea' id='block_1_54' title="bbox 2117 2340 3704 2417">
    <p class='ocr_par' dir='ltr' id='par_1_54' title="bbox 2117 2340 3704 2417">
     <span class='ocr_line' id='line_1_54' title="bbox 2117 2340 3704 2417; baseline -0.006 -14"><span class='ocrx_word' id='word_1_400' title='bbox 2117 2348 2280 2403; x_wconf 77' lang='grc' dir='ltr'>τοῦτο</span> <span class='ocrx_word' id='word_1_401' title='bbox 2315 2348 2373 2401; x_wconf 72' lang='grc' dir='ltr'><strong>δέ</strong></span> <span class='ocrx_word' id='word_1_402' title='bbox 2402 2350 2430 2401; x_wconf 88' lang='lat'><strong>6</strong></span> <span class='ocrx_word' id='word_1_403' title='bbox 2473 2345 2748 2417; x_wconf 78' lang='grc' dir='ltr'>βασιλεὺς,</span> <span class='ocrx_word' id='word_1_404' title='bbox 2780 2343 3087 2415; x_wconf 73' lang='grc' dir='ltr'><strong>Εὐλογητὸς</strong></span> <span class='ocrx_word' id='word_1_405' title='bbox 3119 2345 3147 2397; x_wconf 84' lang='lat'><strong>6</strong></span> <span class='ocrx_word' id='word_1_406' title='bbox 3183 2344 3315 2406; x_wconf 68' lang='grc' dir='ltr'>Θεὸς</span> <span class='ocrx_word' id='word_1_407' title='bbox 3350 2343 3529 2414; x_wconf 80' lang='grc' dir='ltr'>ἡμῶν,</span> <span class='ocrx_word' id='word_1_408' title='bbox 3564 2340 3704 2410; x_wconf 76' lang='grc' dir='ltr'>εἷπε,</span> 
     </span>
    </p>
   </div>
   <div class='ocr_carea' id='block_1_55' title="bbox 2118 2436 3706 2505">
    <p class='ocr_par' dir='ltr' id='par_1_55' title="bbox 2118 2436 3706 2505">
     <span class='ocr_line' id='line_1_55' title="bbox 2118 2436 3706 2505; baseline -0.003 -11"><span class='ocrx_word' id='word_1_409' title='bbox 2118 2443 2376 2505; x_wconf 76' lang='grc' dir='ltr'>πάντοτε,</span> <span class='ocrx_word' id='word_1_410' title='bbox 2410 2439 2507 2494; x_wconf 80' lang='grc' dir='ltr'>νῦν</span> <span class='ocrx_word' id='word_1_411' title='bbox 2537 2440 2633 2494; x_wconf 74' lang='grc' dir='ltr'>καὶ</span> <span class='ocrx_word' id='word_1_412' title='bbox 2663 2439 2782 2503; x_wconf 80' lang='grc' dir='ltr'>ἀεὶ,</span> <span class='ocrx_word' id='word_1_413' title='bbox 2816 2439 2912 2491; x_wconf 72' lang='grc' dir='ltr'><strong>καὶ</strong></span> <span class='ocrx_word' id='word_1_414' title='bbox 2934 2438 3014 2501; x_wconf 86' lang='grc' dir='ltr'><strong>είς</strong></span> <span class='ocrx_word' id='word_1_415' title='bbox 3042 2437 3408 2500; x_wconf 51' lang='lat' dir='ltr'><strong>miscebit”;</strong></span> <span class='ocrx_word' id='word_1_416' title='bbox 3434 2436 3541 2489; x_wconf 82' lang='grc' dir='ltr'>τῶν</span> <span class='ocrx_word' id='word_1_417' title='bbox 3567 2440 3706 2490; x_wconf 83' lang='grc' dir='ltr'><strong>αἰὼ-</strong></span> 
     </span>
    </p>
   </div>
   <div class='ocr_carea' id='block_1_56' title="bbox 2119 2528 3708 2602">
    <p class='ocr_par' dir='ltr' id='par_1_56' title="bbox 2119 2528 3708 2602">
     <span class='ocr_line' id='line_1_56' title="bbox 2119 2528 3708 2602; baseline -0.002 -18"><span class='ocrx_word' id='word_1_418' title='bbox 2119 2547 2247 2597; x_wconf 86' lang='grc' dir='ltr'>νων,</span> <span class='ocrx_word' id='word_1_419' title='bbox 2273 2531 2444 2602; x_wconf 84' lang='grc' dir='ltr'>ἀμήν.</span> <span class='ocrx_word' id='word_1_420' title='bbox 2474 2530 2612 2595; x_wconf 78' lang='grc' dir='ltr'>Δόξα</span> <span class='ocrx_word' id='word_1_421' title='bbox 2639 2546 2722 2582; x_wconf 88' lang='grc' dir='ltr'><strong>σοι</strong></span> <span class='ocrx_word' id='word_1_422' title='bbox 2752 2530 2780 2581; x_wconf 90' lang='lat'><strong>6</strong></span> <span class='ocrx_word' id='word_1_423' title='bbox 2818 2528 2973 2592; x_wconf 78' lang='grc' dir='ltr'>Θεὸς,</span> <span class='ocrx_word' id='word_1_424' title='bbox 3007 2529 3090 2582; x_wconf 82' lang='grc' dir='ltr'>ὅτι</span> <span class='ocrx_word' id='word_1_425' title='bbox 3137 2528 3336 2593; x_wconf 79' lang='grc' dir='ltr'>ζῶντες</span> <span class='ocrx_word' id='word_1_426' title='bbox 3369 2529 3579 2600; x_wconf 87' lang='grc' dir='ltr'>είδομεν</span> <span class='ocrx_word' id='word_1_427' title='bbox 3605 2529 3708 2592; x_wconf 74' lang='grc' dir='ltr'><strong>τὰς</strong></span> 
     </span>
    </p>
   </div>
   <div class='ocr_carea' id='block_1_57' title="bbox 2119 2616 3705 2692">
    <p class='ocr_par' dir='ltr' id='par_1_57' title="bbox 2119 2616 3705 2692">
     <span class='ocr_line' id='line_1_57' title="bbox 2119 2616 3705 2692; baseline -0.003 -18"><span class='ocrx_word' id='word_1_428' title='bbox 2119 2620 2463 2692; x_wconf 80' lang='grc' dir='ltr'>προφητείας</span> <span class='ocrx_word' id='word_1_429' title='bbox 2510 2618 2816 2681; x_wconf 66' lang='grc' dir='ltr'>ἀποϐὰσας.</span> <span class='ocrx_word' id='word_1_430' title='bbox 2852 2617 3063 2671; x_wconf 81' lang='grc' dir='ltr'>Ἐδόκει</span> <span class='ocrx_word' id='word_1_431' title='bbox 3101 2618 3158 2671; x_wconf 82' lang='grc' dir='ltr'>δὲ</span> <span class='ocrx_word' id='word_1_432' title='bbox 3196 2616 3441 2672; x_wconf 81' lang='grc' dir='ltr'>κελεύειν</span> <span class='ocrx_word' id='word_1_433' title='bbox 3482 2618 3559 2687; x_wconf 83' lang='grc' dir='ltr'>τῷ</span> <span class='ocrx_word' id='word_1_434' title='bbox 3604 2619 3705 2687; x_wconf 82' lang='grc' dir='ltr'><strong>υίῴ</strong></span> 
     </span>
    </p>
   </div>
   <div class='ocr_carea' id='block_1_58' title="bbox 2122 2709 3699 2783">
    <p class='ocr_par' dir='ltr' id='par_1_58' title="bbox 2122 2709 3699 2783">
     <span class='ocr_line' id='line_1_58' title="bbox 2122 2709 3699 2783; baseline -0.002 -17"><span class='ocrx_word' id='word_1_435' title='bbox 2122 2712 2494 2783; x_wconf 80' lang='grc' dir='ltr'>συγκρύπτειν</span> <span class='ocrx_word' id='word_1_436' title='bbox 2518 2709 2588 2764; x_wconf 83' lang='grc' dir='ltr'>τὰ</span> <span class='ocrx_word' id='word_1_437' title='bbox 2622 2710 2761 2775; x_wconf 75' lang='grc' dir='ltr'><strong>ζῶα.</strong></span> <span class='ocrx_word' id='word_1_438' title='bbox 2796 2710 2877 2763; x_wconf 72' lang='grc' dir='ltr'>Τὰ</span> <span class='ocrx_word' id='word_1_439' title='bbox 2907 2709 2964 2763; x_wconf 76' lang='grc' dir='ltr'>δὲ</span> <span class='ocrx_word' id='word_1_440' title='bbox 3003 2709 3162 2773; x_wconf 81' lang='grc' dir='ltr'>εὐθὺς</span> <span class='ocrx_word' id='word_1_441' title='bbox 3195 2709 3416 2763; x_wconf 76' lang='grc' dir='ltr'>ἐδόκουν</span> <span class='ocrx_word' id='word_1_442' title='bbox 3470 2713 3699 2781; x_wconf 82' lang='grc' dir='ltr'>σφραγῖ-</span> 
     </span>
    </p>
   </div>
   <div class='ocr_carea' id='block_1_59' title="bbox 2119 2802 3705 2875">
    <p class='ocr_par' dir='ltr' id='par_1_59' title="bbox 2119 2802 3705 2875">
     <span class='ocr_line' id='line_1_59' title="bbox 2119 2802 3705 2875; baseline 0.001 -19"><span class='ocrx_word' id='word_1_443' title='bbox 2119 2802 2209 2867; x_wconf 88' lang='grc' dir='ltr'><strong>δες</strong></span> <span class='ocrx_word' id='word_1_444' title='bbox 2260 2804 2589 2873; x_wconf 75' lang='grc' dir='ltr'>γεγενῆσθαι</span> <span class='ocrx_word' id='word_1_445' title='bbox 2618 2804 2683 2855; x_wconf 84' lang='grc' dir='ltr'><strong>ἐκ</strong></span> <span class='ocrx_word' id='word_1_446' title='bbox 2716 2802 2892 2871; x_wconf 75' lang='grc' dir='ltr'>κηροῦ</span> <span class='ocrx_word' id='word_1_447' title='bbox 2921 2840 2937 2866; x_wconf 88' lang='grc'><strong>,</strong></span> <span class='ocrx_word' id='word_1_448' title='bbox 2986 2802 3052 2865; x_wconf 79' lang='grc' dir='ltr'>ἃς</span> <span class='ocrx_word' id='word_1_449' title='bbox 3086 2802 3160 2865; x_wconf 84' lang='grc' dir='ltr'>ὡς</span> <span class='ocrx_word' id='word_1_450' title='bbox 3188 2803 3315 2873; x_wconf 81' lang='grc' dir='ltr'>ἐνῆν</span> <span class='ocrx_word' id='word_1_451' title='bbox 3344 2803 3705 2875; x_wconf 84' lang='grc' dir='ltr'>συγκρύπτων</span> 
     </span>
    </p>
   </div>
   <div class='ocr_carea' id='block_1_60' title="bbox 2119 2890 3706 2965">
    <p class='ocr_par' dir='ltr' id='par_1_60' title="bbox 2119 2890 3706 2965">
     <span class='ocr_line' id='line_1_60' title="bbox 2119 2890 3706 2965; baseline -0.002 -16"><span class='ocrx_word' id='word_1_452' title='bbox 2119 2898 2240 2960; x_wconf 84' lang='grc' dir='ltr'>ταῖς</span> <span class='ocrx_word' id='word_1_453' title='bbox 2296 2895 2477 2965; x_wconf 77' lang='grc' dir='ltr'>χερσὶ,</span> <span class='ocrx_word' id='word_1_454' title='bbox 2531 2893 2670 2964; x_wconf 79' lang='grc' dir='ltr'>μετὰ</span> <span class='ocrx_word' id='word_1_455' title='bbox 2720 2891 2986 2962; x_wconf 81' lang='grc' dir='ltr'>βασιλέως</span> <span class='ocrx_word' id='word_1_456' title='bbox 3037 2892 3185 2963; x_wconf 81' lang='grc' dir='ltr'>ἐξῄει</span> <span class='ocrx_word' id='word_1_457' title='bbox 3234 2890 3329 2945; x_wconf 79' lang='grc' dir='ltr'><strong>τοῦ</strong></span> <span class='ocrx_word' id='word_1_458' title='bbox 3377 2893 3614 2963; x_wconf 66' lang='grc' dir='ltr'>πατρὸς,</span> <span class='ocrx_word' id='word_1_459' title='bbox 3642 2893 3706 2946; x_wconf 71' lang='grc' dir='ltr'>τὸ</span> 
     </span>
    </p>
   </div>
   <div class='ocr_carea' id='block_1_61' title="bbox 2124 2984 3704 3059">
    <p class='ocr_par' dir='ltr' id='par_1_61' title="bbox 2124 2984 3704 3059">
     <span class='ocr_line' id='line_1_61' title="bbox 2124 2984 3704 3059; baseline -0.003 -18"><span class='ocrx_word' id='word_1_460' title='bbox 2124 2987 2399 3059; x_wconf 77' lang='grc' dir='ltr'>ἱερατικὸν</span> <span class='ocrx_word' id='word_1_461' title='bbox 2431 2985 2825 3055; x_wconf 84' lang='grc' dir='ltr'>ἐπιτραχήλιον</span> <span class='ocrx_word' id='word_1_462' title='bbox 2875 2984 3252 3055; x_wconf 75' lang='grc' dir='ltr'><strong>ἀποθεμένου·</strong></span> <span class='ocrx_word' id='word_1_463' title='bbox 3283 2987 3340 3037; x_wconf 82' lang='grc' dir='ltr'><strong>ἐν</strong></span> <span class='ocrx_word' id='word_1_464' title='bbox 3390 2984 3599 3047; x_wconf 80' lang='grc' dir='ltr'>τούτοις</span> <span class='ocrx_word' id='word_1_465' title='bbox 3645 2985 3704 3036; x_wconf 79' lang='grc' dir='ltr'>δὲ</span> 
     </span>
    </p>
   </div>
   <div class='ocr_carea' id='block_1_62' title="bbox 422 3074 2018 3154">
    <p class='ocr_par' dir='ltr' id='par_1_62' title="bbox 422 3081 2015 3154">
     <span class='ocr_line' id='line_1_62' title="bbox 422 3081 2015 3154; baseline -0.003 -15"><span class='ocrx_word' id='word_1_466' title='bbox 422 3084 626 3151; x_wconf 88' lang='lat' dir='ltr'><strong>manis,</strong></span> <span class='ocrx_word' id='word_1_467' title='bbox 656 3081 954 3154; x_wconf 85' lang='lat' dir='ltr'><strong>paucisque</strong></span> <span class='ocrx_word' id='word_1_468' title='bbox 1006 3082 1299 3137; x_wconf 85' lang='lat' dir='ltr'><strong>Persarum</strong></span> <span class='ocrx_word' id='word_1_469' title='bbox 1351 3081 1648 3151; x_wconf 84' lang='lat' dir='ltr'><strong>adjunctis,</strong></span> <span class='ocrx_word' id='word_1_470' title='bbox 1701 3096 1919 3136; x_wconf 89' lang='lat' dir='ltr'><strong>rursum</strong></span> <span class='ocrx_word' id='word_1_471' title='bbox 1960 3081 2015 3135; x_wconf 88' lang='lat' dir='ltr'><strong>in</strong></span> 
     </span>
    </p>
   </div>
   <div class='ocr_carea' id='block_1_63' title="bbox 2122 3074 3708 3154">
    <p class='ocr_par' dir='ltr' id='par_1_63' title="bbox 2126 3074 3708 3148">
     <span class='ocr_line' id='line_1_63' title="bbox 2126 3074 3708 3148; baseline -0.005 -13"><span class='ocrx_word' id='word_1_472' title='bbox 2126 3081 2221 3135; x_wconf 84' lang='grc' dir='ltr'>τοῦ</span> <span class='ocrx_word' id='word_1_473' title='bbox 2259 3077 2431 3133; x_wconf 78' lang='grc' dir='ltr'>ὕπνου</span> <span class='ocrx_word' id='word_1_474' title='bbox 2483 3078 2813 3148; x_wconf 79' lang='grc' dir='ltr'>ἀποστῆναι.</span> <span class='ocrx_word' id='word_1_475' title='bbox 2867 3076 3109 3129; x_wconf 79' lang='grc' dir='ltr'>Τοιαῦτα</span> <span class='ocrx_word' id='word_1_476' title='bbox 3153 3077 3253 3146; x_wconf 80' lang='grc' dir='ltr'>μὲν</span> <span class='ocrx_word' id='word_1_477' title='bbox 3290 3078 3323 3147; x_wconf 79' lang='grc' dir='ltr'><strong>ἡ</strong></span> <span class='ocrx_word' id='word_1_478' title='bbox 3357 3075 3478 3145; x_wconf 73' lang='grc' dir='ltr'>ὄψις</span> <span class='ocrx_word' id='word_1_479' title='bbox 3506 3076 3582 3146; x_wconf 69' lang='grc' dir='ltr'>τῷ</span> <span class='ocrx_word' id='word_1_480' title='bbox 3611 3074 3708 3145; x_wconf 78' lang='grc' dir='ltr'><strong>βα-</strong></span> 
     </span>
    </p>
   </div>
   <div class='ocr_carea' id='block_1_64' title="bbox 421 3133 2018 3250">
    <p class='ocr_par' dir='ltr' id='par_1_64' title="bbox 421 3133 2018 3250">
     <span class='ocr_line' id='line_1_64' title="bbox 421 3133 2018 3250; baseline -0.002 -18"><span class='ocrx_word' id='word_1_481' title='bbox 421 3133 683 3250; x_wconf 83' lang='lat' dir='ltr'><strong>Byzantiir</strong></span> <span class='ocrx_word' id='word_1_482' title='bbox 722 3133 881 3230; x_wconf 41' lang='lat' dir='ltr'><strong>[iues‘</strong></span> <span class='ocrx_word' id='word_1_483' title='bbox 918 3174 1141 3243; x_wconf 88' lang='lat' dir='ltr'><strong>irrupit,</strong></span> <span class='ocrx_word' id='word_1_484' title='bbox 1190 3183 1246 3229; x_wconf 93' lang='lat' dir='ltr'><strong>et</strong></span> <span class='ocrx_word' id='word_1_485' title='bbox 1297 3173 1365 3229; x_wconf 90' lang='lat' dir='ltr'><strong>ad</strong></span> <span class='ocrx_word' id='word_1_486' title='bbox 1398 3133 1611 3245; x_wconf 70' lang='lat' dir='ltr'><strong>portam</strong></span> <span class='ocrx_word' id='word_1_487' title='bbox 1667 3172 2018 3246; x_wconf 79' lang='lat' dir='ltr'><strong>Gyrolymnes</strong></span> 
     </span>
    </p>
   </div>
   <div class='ocr_carea' id='block_1_65' title="bbox 2122 3133 3705 3250">
    <p class='ocr_par' dir='ltr' id='par_1_65' title="bbox 2130 3133 3705 3242">
     <span class='ocr_line' id='line_1_65' title="bbox 2130 3133 3705 3242; baseline -0.004 -15"><span class='ocrx_word' id='word_1_488' title='bbox 2130 3133 2328 3236; x_wconf 78' lang='grc' dir='ltr'>σιλέως</span> <span class='ocrx_word' id='word_1_489' title='bbox 2363 3170 2468 3242; x_wconf 75' lang='grc' dir='ltr'>υίῷ</span> <span class='ocrx_word' id='word_1_490' title='bbox 2526 3133 2739 3241; x_wconf 67' lang='grc' dir='ltr'>ἐδήλου.</span> <span class='ocrx_word' id='word_1_491' title='bbox 2779 3170 2916 3241; x_wconf 76' lang='grc' dir='ltr'>Περὶ</span> <span class='ocrx_word' id='word_1_492' title='bbox 2970 3162 3032 3222; x_wconf 79' lang='grc' dir='ltr'><strong>οὗ</strong></span> <span class='ocrx_word' id='word_1_493' title='bbox 3062 3169 3118 3223; x_wconf 70' lang='grc' dir='ltr'>δι</span> <span class='ocrx_word' id='word_1_494' title='bbox 3148 3133 3236 3241; x_wconf 57' lang='grc' dir='ltr'>ἦν,</span> <span class='ocrx_word' id='word_1_495' title='bbox 3290 3133 3505 3224; x_wconf 66' lang='grc' dir='ltr'><strong>ἑὺδέπὶο</strong></span> <span class='ocrx_word' id='word_1_496' title='bbox 3546 3133 3705 3238; x_wconf 40' lang='lat' dir='ltr'><strong>{tam</strong></span> 
     </span>
    </p>
   </div>
   <div class='ocr_carea' id='block_1_66' title="bbox 422 3262 2018 3338">
    <p class='ocr_par' dir='ltr' id='par_1_66' title="bbox 422 3266 2018 3338">
     <span class='ocr_line' id='line_1_66' title="bbox 422 3266 2018 3338; baseline -0.002 -14"><span class='ocrx_word' id='word_1_497' title='bbox 422 3270 625 3325; x_wconf 86' lang='lat' dir='ltr'><strong>bonam</strong></span> <span class='ocrx_word' id='word_1_498' title='bbox 661 3266 773 3322; x_wconf 86' lang='lat' dir='ltr'><strong>diei</strong></span> <span class='ocrx_word' id='word_1_499' title='bbox 830 3276 1046 3337; x_wconf 86' lang='lat' dir='ltr'><strong>partem</strong></span> <span class='ocrx_word' id='word_1_500' title='bbox 1098 3266 1370 3321; x_wconf 78' lang='lat' dir='ltr'><strong>constitit.</strong></span> <span class='ocrx_word' id='word_1_501' title='bbox 1434 3267 1513 3320; x_wconf 81' lang='lat' dir='ltr'><strong>Ex</strong></span> <span class='ocrx_word' id='word_1_502' title='bbox 1571 3266 1711 3321; x_wconf 88' lang='lat' dir='ltr'><strong>urbe</strong></span> <span class='ocrx_word' id='word_1_503' title='bbox 1766 3281 2018 3338; x_wconf 83' lang='lat' dir='ltr'><strong>egressus</strong></span> 
     </span>
    </p>
   </div>
   <div class='ocr_carea' id='block_1_67' title="bbox 2122 3262 3706 3338">
    <p class='ocr_par' dir='ltr' id='par_1_67' title="bbox 2127 3262 3706 3336">
     <span class='ocr_line' id='line_1_67' title="bbox 2127 3262 3706 3336; baseline -0.005 -14"><span class='ocrx_word' id='word_1_504' title='bbox 2127 3268 2225 3322; x_wconf 76' lang='grc' dir='ltr'>νῦν</span> <span class='ocrx_word' id='word_1_505' title='bbox 2255 3267 2473 3335; x_wconf 81' lang='grc' dir='ltr'>ἐγένετο</span> <span class='ocrx_word' id='word_1_506' title='bbox 2496 3265 2752 3336; x_wconf 76' lang='grc' dir='ltr'>φανερόν.</span> <span class='ocrx_word' id='word_1_507' title='bbox 2785 3265 2971 3318; x_wconf 81' lang='grc' dir='ltr'>Ταῦτα</span> <span class='ocrx_word' id='word_1_508' title='bbox 2997 3264 3096 3334; x_wconf 76' lang='grc' dir='ltr'>μὲν</span> <span class='ocrx_word' id='word_1_509' title='bbox 3112 3262 3206 3318; x_wconf 79' lang='grc' dir='ltr'>οὖν</span> <span class='ocrx_word' id='word_1_510' title='bbox 3231 3266 3257 3317; x_wconf 91' lang='lat'><strong>6</strong></span> <span class='ocrx_word' id='word_1_511' title='bbox 3294 3263 3555 3334; x_wconf 73' lang='grc' dir='ltr'>βασιλέως</span> <span class='ocrx_word' id='word_1_512' title='bbox 3594 3264 3706 3324; x_wconf 77' lang='grc' dir='ltr'>υίὸς</span> 
     </span>
    </p>
   </div>
   <div class='ocr_carea' id='block_1_68' title="bbox 422 3358 2026 3427">
    <p class='ocr_par' dir='ltr' id='par_1_68' title="bbox 422 3358 2026 3427">
     <span class='ocr_line' id='line_1_68' title="bbox 422 3358 2026 3427; baseline -0.001 -11"><span class='ocrx_word' id='word_1_513' title='bbox 422 3369 509 3416; x_wconf 89' lang='lat' dir='ltr'><strong>est</strong></span> <span class='ocrx_word' id='word_1_514' title='bbox 548 3375 750 3427; x_wconf 83' lang='lat' dir='ltr'><strong>neruo;</strong></span> <span class='ocrx_word' id='word_1_515' title='bbox 778 3368 1164 3414; x_wconf 87' lang='lat' dir='ltr'><strong>verumtamen</strong></span> <span class='ocrx_word' id='word_1_516' title='bbox 1212 3359 1267 3413; x_wconf 91' lang='lat' dir='ltr'><strong>in</strong></span> <span class='ocrx_word' id='word_1_517' title='bbox 1303 3358 1581 3414; x_wconf 65' lang='lat' dir='ltr'><strong>moenibus</strong></span> <span class='ocrx_word' id='word_1_518' title='bbox 1637 3359 1903 3413; x_wconf 69' lang='lat' dir='ltr'><strong>instrtrcti</strong></span> <span class='ocrx_word' id='word_1_519' title='bbox 1945 3358 2026 3414; x_wconf 86' lang='lat' dir='ltr'><strong>vi—</strong></span> 
     </span>
    </p>
   </div>
   <div class='ocr_carea' id='block_1_69' title="bbox 424 3448 2027 3520">
    <p class='ocr_par' dir='ltr' id='par_1_69' title="bbox 424 3448 2027 3520">
     <span class='ocr_line' id='line_1_69' title="bbox 424 3448 2027 3520; baseline -0.004 -11"><span class='ocrx_word' id='word_1_520' title='bbox 424 3451 712 3516; x_wconf 87' lang='lat' dir='ltr'><strong>sebantur,</strong></span> <span class='ocrx_word' id='word_1_521' title='bbox 743 3452 837 3519; x_wconf 90' lang='lat' dir='ltr'><strong>qui</strong></span> <span class='ocrx_word' id='word_1_522' title='bbox 864 3451 1080 3506; x_wconf 86' lang='lat' dir='ltr'><strong>hostem</strong></span> <span class='ocrx_word' id='word_1_523' title='bbox 1113 3451 1474 3505; x_wconf 88' lang='lat' dir='ltr'><strong>accedentem</strong></span> <span class='ocrx_word' id='word_1_524' title='bbox 1523 3450 1881 3520; x_wconf 89' lang='lat' dir='ltr'><strong>repellerent.</strong></span> <span class='ocrx_word' id='word_1_525' title='bbox 1913 3448 2027 3503; x_wconf 83' lang='lat' dir='ltr'><strong>Ma-</strong></span> 
     </span>
    </p>
   </div>
   <div class='ocr_carea' id='block_1_70' title="bbox 425 3542 2023 3615">
    <p class='ocr_par' dir='ltr' id='par_1_70' title="bbox 425 3542 2023 3615">
     <span class='ocr_line' id='line_1_70' title="bbox 425 3542 2023 3615; baseline 0.001 -18"><span class='ocrx_word' id='word_1_526' title='bbox 425 3559 568 3615; x_wconf 84' lang='lat' dir='ltr'><strong>gnus</strong></span> <span class='ocrx_word' id='word_1_527' title='bbox 599 3543 711 3597; x_wconf 82' lang='lat' dir='ltr'><strong>dux</strong></span> <span class='ocrx_word' id='word_1_528' title='bbox 727 3543 881 3596; x_wconf 90' lang='lat' dir='ltr'><strong>solus</strong></span> <span class='ocrx_word' id='word_1_529' title='bbox 901 3557 1028 3597; x_wconf 86' lang='lat' dir='ltr'><strong>cum</strong></span> <span class='ocrx_word' id='word_1_530' title='bbox 1055 3542 1249 3611; x_wconf 89' lang='lat' dir='ltr'><strong>paucis</strong></span> <span class='ocrx_word' id='word_1_531' title='bbox 1277 3542 1488 3606; x_wconf 81' lang='lat' dir='ltr'><strong>exiens,</strong></span> <span class='ocrx_word' id='word_1_532' title='bbox 1516 3556 1617 3611; x_wconf 92' lang='lat' dir='ltr'><strong>pro</strong></span> <span class='ocrx_word' id='word_1_533' title='bbox 1646 3542 1823 3612; x_wconf 86' lang='lat' dir='ltr'><strong>portis</strong></span> <span class='ocrx_word' id='word_1_534' title='bbox 1848 3543 2023 3598; x_wconf 88' lang='lat' dir='ltr'><strong>stetit.</strong></span> 
     </span>
    </p>
   </div>
   <div class='ocr_carea' id='block_1_71' title="bbox 425 3635 2027 3705">
    <p class='ocr_par' dir='ltr' id='par_1_71' title="bbox 425 3635 2027 3705">
     <span class='ocr_line' id='line_1_71' title="bbox 425 3635 2027 3705; baseline 0.001 -15"><span class='ocrx_word' id='word_1_535' title='bbox 425 3635 748 3705; x_wconf 84' lang='lat' dir='ltr'><strong>Imperator,</strong></span> <span class='ocrx_word' id='word_1_536' title='bbox 789 3648 849 3688; x_wconf 85' lang='lat' dir='ltr'><strong>ut</strong></span> <span class='ocrx_word' id='word_1_537' title='bbox 901 3635 1078 3705; x_wconf 80' lang='lat' dir='ltr'><strong>ipsum</strong></span> <span class='ocrx_word' id='word_1_538' title='bbox 1150 3648 1272 3690; x_wconf 85' lang='lat' dir='ltr'><strong>esse</strong></span> <span class='ocrx_word' id='word_1_539' title='bbox 1327 3635 1604 3705; x_wconf 78' lang='lat' dir='ltr'><strong>cognovit,</strong></span> <span class='ocrx_word' id='word_1_540' title='bbox 1637 3635 2027 3691; x_wconf 84' lang='lat' dir='ltr'><strong>caduceatores</strong></span> 
     </span>
    </p>
   </div>
   <div class='ocr_carea' id='block_1_72' title="bbox 427 3725 2025 3798">
    <p class='ocr_par' dir='ltr' id='par_1_72' title="bbox 427 3725 2025 3798">
     <span class='ocr_line' id='line_1_72' title="bbox 427 3725 2025 3798; baseline 0.002 -18"><span class='ocrx_word' id='word_1_541' title='bbox 427 3726 605 3781; x_wconf 90' lang='lat' dir='ltr'><strong>misit.</strong></span> <span class='ocrx_word' id='word_1_542' title='bbox 660 3726 756 3781; x_wconf 90' lang='lat' dir='ltr'><strong>llle</strong></span> <span class='ocrx_word' id='word_1_543' title='bbox 787 3741 846 3780; x_wconf 92' lang='lat' dir='ltr'><strong>se</strong></span> <span class='ocrx_word' id='word_1_544' title='bbox 874 3726 1155 3795; x_wconf 85' lang='lat' dir='ltr'><strong>cognitum</strong></span> <span class='ocrx_word' id='word_1_545' title='bbox 1192 3725 1531 3798; x_wconf 73' lang='lat' dir='ltr'><strong>intelligens,</strong></span> <span class='ocrx_word' id='word_1_546' title='bbox 1565 3728 1620 3781; x_wconf 89' lang='lat' dir='ltr'><strong>in</strong></span> <span class='ocrx_word' id='word_1_547' title='bbox 1657 3728 1848 3782; x_wconf 92' lang='lat' dir='ltr'><strong>urbem</strong></span> <span class='ocrx_word' id='word_1_548' title='bbox 1877 3734 2025 3783; x_wconf 90' lang='lat' dir='ltr'><strong>retro</strong></span> 
     </span>
    </p>
   </div>
   <div class='ocr_carea' id='block_1_73' title="bbox 426 3816 2022 3886">
    <p class='ocr_par' dir='ltr' id='par_1_73' title="bbox 426 3816 2022 3886">
     <span class='ocr_line' id='line_1_73' title="bbox 426 3816 2022 3886; baseline 0.001 -15"><span class='ocrx_word' id='word_1_549' title='bbox 426 3817 620 3885; x_wconf 78' lang='lat' dir='ltr'><strong>cessit,</strong></span> <span class='ocrx_word' id='word_1_550' title='bbox 671 3826 728 3871; x_wconf 90' lang='lat' dir='ltr'><strong>et</strong></span> <span class='ocrx_word' id='word_1_551' title='bbox 758 3817 852 3886; x_wconf 90' lang='lat' dir='ltr'><strong>qui</strong></span> <span class='ocrx_word' id='word_1_552' title='bbox 899 3816 1053 3872; x_wconf 89' lang='lat' dir='ltr'><strong>missi</strong></span> <span class='ocrx_word' id='word_1_553' title='bbox 1109 3816 1353 3882; x_wconf 83' lang='lat' dir='ltr'><strong>fuerant,</strong></span> <span class='ocrx_word' id='word_1_554' title='bbox 1410 3818 1604 3872; x_wconf 87' lang='lat' dir='ltr'><strong>inanes</strong></span> <span class='ocrx_word' id='word_1_555' title='bbox 1651 3827 2022 3874; x_wconf 87' lang='lat' dir='ltr'><strong>reverterunt.</strong></span> 
     </span>
    </p>
   </div>
   <div class='ocr_carea' id='block_1_74' title="bbox 425 3906 2021 3987">
    <p class='ocr_par' dir='ltr' id='par_1_74' title="bbox 425 3906 2021 3987">
     <span class='ocr_line' id='line_1_74' title="bbox 425 3906 2021 3987; baseline 0.001 -25"><span class='ocrx_word' id='word_1_556' title='bbox 425 3909 589 3981; x_wconf 74' lang='lat'><strong>633</strong></span> <span class='ocrx_word' id='word_1_557' title='bbox 659 3906 1004 3987; x_wconf 82' lang='lat' dir='ltr'><strong>Imperator,</strong></span> <span class='ocrx_word' id='word_1_558' title='bbox 1058 3910 1318 3979; x_wconf 88' lang='lat' dir='ltr'><strong>quoniam</strong></span> <span class='ocrx_word' id='word_1_559' title='bbox 1375 3906 1894 3979; x_wconf 81' lang='lat' dir='ltr'><strong>adveSperascebat,</strong></span> <span class='ocrx_word' id='word_1_560' title='bbox 1954 3910 2021 3964; x_wconf 88' lang='lat' dir='ltr'><strong>ad</strong></span> 
     </span>
    </p>
   </div>
   <div class='ocr_carea' id='block_1_75' title="bbox 428 4001 2011 4074">
    <p class='ocr_par' dir='ltr' id='par_1_75' title="bbox 428 4001 2011 4074">
     <span class='ocr_line' id='line_1_75' title="bbox 428 4001 2011 4074; baseline -0.003 -15"><span class='ocrx_word' id='word_1_561' title='bbox 428 4014 645 4074; x_wconf 87' lang='lat' dir='ltr'><strong>portam</strong></span> <span class='ocrx_word' id='word_1_562' title='bbox 697 4002 905 4058; x_wconf 86' lang='lat' dir='ltr'><strong>Cameli</strong></span> <span class='ocrx_word' id='word_1_563' title='bbox 937 4010 1121 4057; x_wconf 86' lang='lat' dir='ltr'><strong>castra</strong></span> <span class='ocrx_word' id='word_1_564' title='bbox 1175 4001 1337 4068; x_wconf 75' lang='lat' dir='ltr'><strong>fecit;</strong></span> <span class='ocrx_word' id='word_1_565' title='bbox 1371 4001 1750 4072; x_wconf 84' lang='lat' dir='ltr'><strong>postridieque</strong></span> <span class='ocrx_word' id='word_1_566' title='bbox 1812 4002 2011 4070; x_wconf 75' lang='lat' dir='ltr'><strong>exiguo</strong></span> 
     </span>
    </p>
   </div>
   <div class='ocr_carea' id='block_1_76' title="bbox 429 4092 2023 4165">
    <p class='ocr_par' dir='ltr' id='par_1_76' title="bbox 429 4092 2023 4165">
     <span class='ocr_line' id='line_1_76' title="bbox 429 4092 2023 4165; baseline -0.001 -16"><span class='ocrx_word' id='word_1_567' title='bbox 429 4092 665 4150; x_wconf 84' lang='lat' dir='ltr'><strong>numero</strong></span> <span class='ocrx_word' id='word_1_568' title='bbox 712 4108 900 4150; x_wconf 86' lang='lat' dir='ltr'><strong>secum</strong></span> <span class='ocrx_word' id='word_1_569' title='bbox 958 4094 1014 4147; x_wconf 92' lang='lat' dir='ltr'><strong>in</strong></span> <span class='ocrx_word' id='word_1_570' title='bbox 1056 4094 1256 4150; x_wconf 87' lang='lat' dir='ltr'><strong>castris</strong></span> <span class='ocrx_word' id='word_1_571' title='bbox 1305 4103 1591 4158; x_wconf 87' lang='lat' dir='ltr'><strong>manente,</strong></span> <span class='ocrx_word' id='word_1_572' title='bbox 1655 4095 1833 4165; x_wconf 86' lang='lat' dir='ltr'><strong>major</strong></span> <span class='ocrx_word' id='word_1_573' title='bbox 1892 4108 2023 4164; x_wconf 89' lang='lat' dir='ltr'><strong>pars</strong></span> 
     </span>
    </p>
   </div>
   <div class='ocr_carea' id='block_1_77' title="bbox 429 4183 2024 4255">
    <p class='ocr_par' dir='ltr' id='par_1_77' title="bbox 429 4183 2024 4255">
     <span class='ocr_line' id='line_1_77' title="bbox 429 4183 2024 4255; baseline 0 -16"><span class='ocrx_word' id='word_1_574' title='bbox 429 4184 664 4243; x_wconf 80' lang='lat' dir='ltr'><strong>Romani</strong></span> <span class='ocrx_word' id='word_1_575' title='bbox 735 4187 1031 4253; x_wconf 66' lang='lat' dir='ltr'><strong>Persaeque</strong></span> <span class='ocrx_word' id='word_1_576' title='bbox 1111 4184 1415 4255; x_wconf 64' lang='lat' dir='ltr'><strong>pradatum</strong></span> <span class='ocrx_word' id='word_1_577' title='bbox 1496 4185 1897 4240; x_wconf 82' lang='lat' dir='ltr'><strong>discurrerunt.</strong></span> <span class='ocrx_word' id='word_1_578' title='bbox 1956 4183 2024 4239; x_wconf 83' lang='lat' dir='ltr'><strong>Et</strong></span> 
     </span>
    </p>
   </div>
   <div class='ocr_carea' id='block_1_78' title="bbox 430 4276 2016 4347">
    <p class='ocr_par' dir='ltr' id='par_1_78' title="bbox 430 4276 2016 4347">
     <span class='ocr_line' id='line_1_78' title="bbox 430 4276 2016 4347; baseline 0.001 -18"><span class='ocrx_word' id='word_1_579' title='bbox 430 4276 662 4332; x_wconf 72' lang='lat' dir='ltr'><strong>Romani</strong></span> <span class='ocrx_word' id='word_1_580' title='bbox 696 4278 915 4347; x_wconf 90' lang='lat' dir='ltr'><strong>quidem</strong></span> <span class='ocrx_word' id='word_1_581' title='bbox 950 4292 1149 4347; x_wconf 81' lang='lat' dir='ltr'><strong>pecora</strong></span> <span class='ocrx_word' id='word_1_582' title='bbox 1199 4286 1253 4332; x_wconf 90' lang='lat' dir='ltr'><strong>et</strong></span> <span class='ocrx_word' id='word_1_583' title='bbox 1316 4278 1420 4331; x_wconf 82' lang='lat' dir='ltr'><strong>alia</strong></span> <span class='ocrx_word' id='word_1_584' title='bbox 1456 4277 1689 4347; x_wconf 79' lang='lat' dir='ltr'><strong>agebant</strong></span> <span class='ocrx_word' id='word_1_585' title='bbox 1735 4276 2016 4331; x_wconf 79' lang='lat' dir='ltr'><strong>ferebant-</strong></span> 
     </span>
    </p>
   </div>
   <div class='ocr_carea' id='block_1_79' title="bbox 2126 3356 3707 3432">
    <p class='ocr_par' dir='ltr' id='par_1_79' title="bbox 2126 3356 3707 3432">
     <span class='ocr_line' id='line_1_79' title="bbox 2126 3356 3707 3432; baseline -0.003 -19"><span class='ocrx_word' id='word_1_586' title='bbox 2126 3359 2265 3432; x_wconf 74' lang='grc' dir='ltr'>πρὸς</span> <span class='ocrx_word' id='word_1_587' title='bbox 2331 3358 2424 3411; x_wconf 85' lang='grc' dir='ltr'>τὸν</span> <span class='ocrx_word' id='word_1_588' title='bbox 2488 3358 2703 3427; x_wconf 81' lang='grc' dir='ltr'>πατέρα</span> <span class='ocrx_word' id='word_1_589' title='bbox 2758 3356 3002 3426; x_wconf 75' lang='grc' dir='ltr'>ἔγραφεν</span> <span class='ocrx_word' id='word_1_590' title='bbox 3055 3357 3363 3427; x_wconf 76' lang='grc' dir='ltr'>ἑωρακέναι</span> <span class='ocrx_word' id='word_1_591' title='bbox 3404 3358 3546 3411; x_wconf 72' lang='grc' dir='ltr'>κατὰ</span> <span class='ocrx_word' id='word_1_592' title='bbox 3580 3359 3707 3421; x_wconf 77' lang='grc' dir='ltr'>τοὺς</span> 
     </span>
    </p>
   </div>
   <div class='ocr_carea' id='block_1_80' title="bbox 2129 3449 3709 3520">
    <p class='ocr_par' dir='ltr' id='par_1_80' title="bbox 2129 3449 3709 3520">
     <span class='ocr_line' id='line_1_80' title="bbox 2129 3449 3709 3520; baseline -0.005 -13"><span class='ocrx_word' id='word_1_593' title='bbox 2129 3453 2356 3515; x_wconf 72' lang='grc' dir='ltr'>ὕπνους.</span> <span class='ocrx_word' id='word_1_594' title='bbox 2401 3450 2667 3513; x_wconf 82' lang='grc' dir='ltr'>Βασιλεὺς</span> <span class='ocrx_word' id='word_1_595' title='bbox 2696 3449 2752 3501; x_wconf 85' lang='grc' dir='ltr'><strong>δέ</strong></span> <span class='ocrx_word' id='word_1_596' title='bbox 2792 3450 2975 3519; x_wconf 80' lang='grc' dir='ltr'>ὀλίγον</span> <span class='ocrx_word' id='word_1_597' title='bbox 3024 3449 3396 3520; x_wconf 84' lang='grc' dir='ltr'>Διδυμοτείχῳ</span> <span class='ocrx_word' id='word_1_598' title='bbox 3449 3449 3709 3518; x_wconf 78' lang='grc' dir='ltr'>ἐνδιατρί-</span> 
     </span>
    </p>
   </div>
   <div class='ocr_carea' id='block_1_81' title="bbox 2130 3538 3708 3617">
    <p class='ocr_par' dir='ltr' id='par_1_81' title="bbox 2130 3538 3708 3617">
     <span class='ocr_line' id='line_1_81' title="bbox 2130 3538 3708 3617; baseline -0.004 -17"><span class='ocrx_word' id='word_1_599' title='bbox 2130 3547 2278 3617; x_wconf 81' lang='grc' dir='ltr'>ψας,</span> <span class='ocrx_word' id='word_1_600' title='bbox 2349 3545 2647 3616; x_wconf 83' lang='grc' dir='ltr'>σύμπασαν</span> <span class='ocrx_word' id='word_1_601' title='bbox 2722 3542 3015 3608; x_wconf 85' lang='grc' dir='ltr'>Ῥωμαίων</span> <span class='ocrx_word' id='word_1_602' title='bbox 3077 3543 3196 3597; x_wconf 85' lang='grc' dir='ltr'>ὅσοι</span> <span class='ocrx_word' id='word_1_603' title='bbox 3244 3542 3335 3596; x_wconf 82' lang='grc' dir='ltr'><strong>ὑπ’</strong></span> <span class='ocrx_word' id='word_1_604' title='bbox 3384 3543 3531 3612; x_wconf 82' lang='grc' dir='ltr'>αὐτῷ</span> <span class='ocrx_word' id='word_1_605' title='bbox 3567 3538 3708 3612; x_wconf 77' lang='grc' dir='ltr'>ἦσαν</span> 
     </span>
    </p>
   </div>
   <div class='ocr_carea' id='block_1_82' title="bbox 2135 3635 3708 3710">
    <p class='ocr_par' dir='ltr' id='par_1_82' title="bbox 2135 3635 3708 3710">
     <span class='ocr_line' id='line_1_82' title="bbox 2135 3635 3708 3710; baseline -0.006 -17"><span class='ocrx_word' id='word_1_606' title='bbox 2135 3637 2396 3710; x_wconf 85' lang='grc' dir='ltr'>στρατιὰν</span> <span class='ocrx_word' id='word_1_607' title='bbox 2433 3635 2760 3705; x_wconf 85' lang='grc' dir='ltr'>συναγαγὼν</span> <span class='ocrx_word' id='word_1_608' title='bbox 2785 3636 2883 3689; x_wconf 72' lang='grc' dir='ltr'>καὶ</span> <span class='ocrx_word' id='word_1_609' title='bbox 2913 3635 3190 3706; x_wconf 79' lang='grc' dir='ltr'>Περσικὴν</span> <span class='ocrx_word' id='word_1_610' title='bbox 3218 3635 3404 3705; x_wconf 83' lang='grc' dir='ltr'>ὀλίγην</span> <span class='ocrx_word' id='word_1_611' title='bbox 3434 3635 3708 3703; x_wconf 81' lang='grc' dir='ltr'>ἐπαγόμε-</span> 
     </span>
    </p>
   </div>
   <div class='ocr_carea' id='block_1_83' title="bbox 2135 3725 3709 3800">
    <p class='ocr_par' dir='ltr' id='par_1_83' title="bbox 2135 3725 3709 3800">
     <span class='ocr_line' id='line_1_83' title="bbox 2135 3725 3709 3800; baseline -0.003 -17"><span class='ocrx_word' id='word_1_612' title='bbox 2135 3748 2247 3793; x_wconf 85' lang='grc' dir='ltr'>νος,</span> <span class='ocrx_word' id='word_1_613' title='bbox 2300 3729 2743 3800; x_wconf 80' lang='grc' dir='ltr'>ἐπεστράτευσεν</span> <span class='ocrx_word' id='word_1_614' title='bbox 2769 3725 2928 3789; x_wconf 80' lang='grc' dir='ltr'>αὖϐις</span> <span class='ocrx_word' id='word_1_615' title='bbox 2961 3727 3269 3797; x_wconf 77' lang='grc' dir='ltr'>Βυζαντίῳ,</span> <span class='ocrx_word' id='word_1_616' title='bbox 3326 3728 3422 3781; x_wconf 71' lang='grc' dir='ltr'>καὶ</span> <span class='ocrx_word' id='word_1_617' title='bbox 3450 3726 3581 3795; x_wconf 75' lang='grc' dir='ltr'>πρὸς</span> <span class='ocrx_word' id='word_1_618' title='bbox 3612 3725 3709 3794; x_wconf 81' lang='grc' dir='ltr'>τὴν</span> 
     </span>
    </p>
   </div>
   <div class='ocr_carea' id='block_1_84' title="bbox 2133 3818 3710 3892">
    <p class='ocr_par' dir='ltr' id='par_1_84' title="bbox 2133 3818 3710 3892">
     <span class='ocr_line' id='line_1_84' title="bbox 2133 3818 3710 3892; baseline -0.003 -17"><span class='ocrx_word' id='word_1_619' title='bbox 2133 3821 2477 3892; x_wconf 85' lang='grc' dir='ltr'>Γυρολίμνης</span> <span class='ocrx_word' id='word_1_620' title='bbox 2497 3820 2806 3891; x_wconf 80' lang='grc' dir='ltr'>λεγομένην</span> <span class='ocrx_word' id='word_1_621' title='bbox 2842 3819 3019 3891; x_wconf 81' lang='grc' dir='ltr'>πύλην</span> <span class='ocrx_word' id='word_1_622' title='bbox 3048 3818 3242 3884; x_wconf 82' lang='grc' dir='ltr'>ἐλθὼν,</span> <span class='ocrx_word' id='word_1_623' title='bbox 3282 3820 3385 3873; x_wconf 80' lang='grc' dir='ltr'>οὐκ</span> <span class='ocrx_word' id='word_1_624' title='bbox 3401 3818 3579 3888; x_wconf 89' lang='grc' dir='ltr'>ὀλίγον</span> <span class='ocrx_word' id='word_1_625' title='bbox 3614 3820 3710 3888; x_wconf 75' lang='grc' dir='ltr'>μέ-</span> 
     </span>
    </p>
   </div>
   <div class='ocr_carea' id='block_1_85' title="bbox 2125 3912 3710 3985">
    <p class='ocr_par' dir='ltr' id='par_1_85' title="bbox 2125 3912 3710 3985">
     <span class='ocr_line' id='line_1_85' title="bbox 2125 3912 3710 3985; baseline -0.002 -18"><span class='ocrx_word' id='word_1_626' title='bbox 2125 3931 2218 3985; x_wconf 83' lang='grc' dir='ltr'><strong>ρος</strong></span> <span class='ocrx_word' id='word_1_627' title='bbox 2250 3914 2352 3984; x_wconf 83' lang='grc' dir='ltr'>τῆς</span> <span class='ocrx_word' id='word_1_628' title='bbox 2394 3915 2612 3985; x_wconf 84' lang='grc' dir='ltr'>ἡμέρας</span> <span class='ocrx_word' id='word_1_629' title='bbox 2640 3913 2982 3967; x_wconf 72' lang='grc' dir='ltr'>διετέλεσεν*</span> <span class='ocrx_word' id='word_1_630' title='bbox 3008 3916 3073 3966; x_wconf 77' lang='grc' dir='ltr'><strong>ἐκ</strong></span> <span class='ocrx_word' id='word_1_631' title='bbox 3103 3912 3404 3978; x_wconf 73' lang='grc' dir='ltr'>Βυζαντίου</span> <span class='ocrx_word' id='word_1_632' title='bbox 3454 3912 3509 3966; x_wconf 87' lang='grc' dir='ltr'><strong>δέ</strong></span> <span class='ocrx_word' id='word_1_633' title='bbox 3537 3912 3710 3975; x_wconf 80' lang='grc' dir='ltr'>οὐδεὶς</span> 
     </span>
    </p>
   </div>
   <div class='ocr_carea' id='block_1_86' title="bbox 2120 3998 3708 4076">
    <p class='ocr_par' dir='ltr' id='par_1_86' title="bbox 2120 3998 3708 4076">
     <span class='ocr_line' id='line_1_86' title="bbox 2120 3998 3708 4076; baseline -0.001 -18"><span class='ocrx_word' id='word_1_634' title='bbox 2120 4006 2314 4076; x_wconf 76' lang='grc' dir='ltr'>ἐξῆλθε</span> <span class='ocrx_word' id='word_1_635' title='bbox 2345 4005 2455 4058; x_wconf 80' lang='grc' dir='ltr'><strong>τῶν</strong></span> <span class='ocrx_word' id='word_1_636' title='bbox 2513 4005 2731 4058; x_wconf 85' lang='grc' dir='ltr'>πυλῶν·</span> <span class='ocrx_word' id='word_1_637' title='bbox 2766 4004 2883 4058; x_wconf 83' lang='grc' dir='ltr'>ἀλλ’</span> <span class='ocrx_word' id='word_1_638' title='bbox 2932 4005 3026 4057; x_wconf 80' lang='grc' dir='ltr'>ἐπὶ</span> <span class='ocrx_word' id='word_1_639' title='bbox 3063 4005 3176 4058; x_wconf 84' lang='grc' dir='ltr'><strong>τῶν</strong></span> <span class='ocrx_word' id='word_1_640' title='bbox 3212 4004 3406 4076; x_wconf 85' lang='grc' dir='ltr'>τειχῶν</span> <span class='ocrx_word' id='word_1_641' title='bbox 3438 3998 3578 4075; x_wconf 78' lang='grc' dir='ltr'>ἦσαν</span> <span class='ocrx_word' id='word_1_642' title='bbox 3604 4019 3708 4056; x_wconf 71' lang='grc' dir='ltr'>παέ</span> 
     </span>
    </p>
   </div>
   <div class='ocr_carea' id='block_1_87' title="bbox 2124 4091 3710 4167">
    <p class='ocr_par' dir='ltr' id='par_1_87' title="bbox 2124 4091 3710 4167">
     <span class='ocr_line' id='line_1_87' title="bbox 2124 4091 3710 4167; baseline 0.002 -18"><span class='ocrx_word' id='word_1_643' title='bbox 2124 4096 2554 4167; x_wconf 77' lang='grc' dir='ltr'>ρατεταγμένοι,</span> <span class='ocrx_word' id='word_1_644' title='bbox 2587 4095 2663 4160; x_wconf 87' lang='grc' dir='ltr'><strong>ὡς</strong></span> <span class='ocrx_word' id='word_1_645' title='bbox 2694 4091 3069 4166; x_wconf 68' lang='grc' dir='ltr'>ἀμυνούμενοι</span> <span class='ocrx_word' id='word_1_646' title='bbox 3092 4096 3159 4150; x_wconf 84' lang='grc' dir='ltr'>ἂν</span> <span class='ocrx_word' id='word_1_647' title='bbox 3185 4097 3399 4152; x_wconf 83' lang='grc' dir='ltr'>ἐπίωσι.</span> <span class='ocrx_word' id='word_1_648' title='bbox 3432 4098 3567 4163; x_wconf 80' lang='grc' dir='ltr'><strong>Δοὺξ</strong></span> <span class='ocrx_word' id='word_1_649' title='bbox 3603 4098 3658 4152; x_wconf 83' lang='grc' dir='ltr'><strong>δέ</strong></span> <span class='ocrx_word' id='word_1_650' title='bbox 3682 4100 3710 4151; x_wconf 89' lang='lat'><strong>6</strong></span> 
     </span>
    </p>
   </div>
   <div class='ocr_carea' id='block_1_88' title="bbox 2124 4187 3707 4261">
    <p class='ocr_par' dir='ltr' id='par_1_88' title="bbox 2124 4187 3707 4261">
     <span class='ocr_line' id='line_1_88' title="bbox 2124 4187 3707 4261; baseline 0.001 -19"><span class='ocrx_word' id='word_1_651' title='bbox 2124 4191 2300 4260; x_wconf 82' lang='grc' dir='ltr'>μέγας</span> <span class='ocrx_word' id='word_1_652' title='bbox 2326 4193 2485 4258; x_wconf 86' lang='grc' dir='ltr'>μόνος</span> <span class='ocrx_word' id='word_1_653' title='bbox 2517 4187 2634 4259; x_wconf 78' lang='grc' dir='ltr'>ἅμα</span> <span class='ocrx_word' id='word_1_654' title='bbox 2665 4189 2871 4258; x_wconf 85' lang='grc' dir='ltr'>ὀλίγοις</span> <span class='ocrx_word' id='word_1_655' title='bbox 2901 4190 3007 4261; x_wconf 76' lang='grc' dir='ltr'><strong>πρὸ</strong></span> <span class='ocrx_word' id='word_1_656' title='bbox 3042 4191 3153 4244; x_wconf 81' lang='grc' dir='ltr'>τῶν</span> <span class='ocrx_word' id='word_1_657' title='bbox 3193 4189 3378 4244; x_wconf 84' lang='grc' dir='ltr'>πυλῶν</span> <span class='ocrx_word' id='word_1_658' title='bbox 3407 4191 3536 4259; x_wconf 74' lang='grc' dir='ltr'>ἔστη</span> <span class='ocrx_word' id='word_1_659' title='bbox 3566 4191 3707 4258; x_wconf 80' lang='grc' dir='ltr'>ἐξελ-</span> 
     </span>
    </p>
   </div>
   <div class='ocr_carea' id='block_1_89' title="bbox 2129 4280 3705 4354">
    <p class='ocr_par' dir='ltr' id='par_1_89' title="bbox 2129 4280 3705 4354">
     <span class='ocr_line' id='line_1_89' title="bbox 2129 4280 3705 4354; baseline 0.003 -21"><span class='ocrx_word' id='word_1_660' title='bbox 2129 4280 2260 4339; x_wconf 79' lang='grc' dir='ltr'><strong>Θών.</strong></span> <span class='ocrx_word' id='word_1_661' title='bbox 2293 4283 2332 4334; x_wconf 86' lang='grc' dir='ltr'><strong><em>Γ</em></strong></span> <span class='ocrx_word' id='word_1_662' title='bbox 2338 4282 2575 4352; x_wconf 87' lang='grc' dir='ltr'>νωρίσας</span> <span class='ocrx_word' id='word_1_663' title='bbox 2599 4281 2653 4335; x_wconf 79' lang='grc' dir='ltr'><strong>δέ</strong></span> <span class='ocrx_word' id='word_1_664' title='bbox 2678 4283 2705 4334; x_wconf 89' lang='lat'><strong>6</strong></span> <span class='ocrx_word' id='word_1_665' title='bbox 2737 4280 2992 4350; x_wconf 70' lang='grc' dir='ltr'>βασιλεὺς</span> <span class='ocrx_word' id='word_1_666' title='bbox 3016 4286 3093 4346; x_wconf 88' lang='grc' dir='ltr'>ὡς</span> <span class='ocrx_word' id='word_1_667' title='bbox 3119 4284 3328 4346; x_wconf 83' lang='grc' dir='ltr'>ἐκεῖνος</span> <span class='ocrx_word' id='word_1_668' title='bbox 3359 4285 3466 4354; x_wconf 85' lang='grc' dir='ltr'>είη,</span> <span class='ocrx_word' id='word_1_669' title='bbox 3492 4284 3705 4352; x_wconf 74' lang='grc' dir='ltr'>ἔπεμπε</span> 
     </span>
    </p>
   </div>
   <div class='ocr_carea' id='block_1_90' title="bbox 430 4365 2018 4449">
    <p class='ocr_par' dir='ltr' id='par_1_90' title="bbox 430 4367 2018 4439">
     <span class='ocr_line' id='line_1_90' title="bbox 430 4367 2018 4439; baseline -0.001 -14"><span class='ocrx_word' id='word_1_670' title='bbox 430 4385 567 4439; x_wconf 87' lang='lat' dir='ltr'><strong>que;</strong></span> <span class='ocrx_word' id='word_1_671' title='bbox 598 4370 782 4425; x_wconf 64' lang='lat' dir='ltr'><strong>Persae</strong></span> <span class='ocrx_word' id='word_1_672' title='bbox 803 4370 967 4424; x_wconf 90' lang='lat' dir='ltr'><strong>etiam</strong></span> <span class='ocrx_word' id='word_1_673' title='bbox 996 4369 1250 4424; x_wconf 88' lang='lat' dir='ltr'><strong>homines</strong></span> <span class='ocrx_word' id='word_1_674' title='bbox 1281 4368 1529 4438; x_wconf 86' lang='lat' dir='ltr'><strong>captivos</strong></span> <span class='ocrx_word' id='word_1_675' title='bbox 1558 4368 1859 4423; x_wconf 88' lang='lat' dir='ltr'><strong>ducebant.</strong></span> <span class='ocrx_word' id='word_1_676' title='bbox 1905 4367 2018 4424; x_wconf 86' lang='lat' dir='ltr'><strong>Nec</strong></span> 
     </span>
    </p>
   </div>
   <div class='ocr_carea' id='block_1_91' title="bbox 2122 4365 3708 4449">
    <p class='ocr_par' dir='ltr' id='par_1_91' title="bbox 2125 4373 3708 4449">
     <span class='ocr_line' id='line_1_91' title="bbox 2125 4373 3708 4449; baseline 0.003 -24"><span class='ocrx_word' id='word_1_677' title='bbox 2125 4373 2253 4436; x_wconf 82' lang='grc' dir='ltr'>τοὺς</span> <span class='ocrx_word' id='word_1_678' title='bbox 2281 4373 2723 4444; x_wconf 72' lang='grc' dir='ltr'>διαλεξομένους.</span> <span class='ocrx_word' id='word_1_679' title='bbox 2773 4375 2833 4428; x_wconf 87' lang='lat'><strong>&#39;0</strong></span> <span class='ocrx_word' id='word_1_680' title='bbox 2865 4374 2913 4429; x_wconf 74' lang='grc' dir='ltr'>δ’</span> <span class='ocrx_word' id='word_1_681' title='bbox 2944 4374 3121 4446; x_wconf 81' lang='grc' dir='ltr'>εἰσῄει</span> <span class='ocrx_word' id='word_1_682' title='bbox 3146 4378 3282 4448; x_wconf 71' lang='grc' dir='ltr'>πρὸς</span> <span class='ocrx_word' id='word_1_683' title='bbox 3307 4376 3407 4449; x_wconf 72' lang='grc' dir='ltr'>τὴν</span> <span class='ocrx_word' id='word_1_684' title='bbox 3432 4378 3584 4431; x_wconf 84' lang='grc' dir='ltr'>πόλιν</span> <span class='ocrx_word' id='word_1_685' title='bbox 3621 4378 3708 4429; x_wconf 86' lang='grc' dir='ltr'>αί-</span> 
     </span>
    </p>
   </div>
   <div class='ocr_carea' id='block_1_92' title="bbox 430 4460 2022 4532">
    <p class='ocr_par' dir='ltr' id='par_1_92' title="bbox 430 4460 2022 4532">
     <span class='ocr_line' id='line_1_92' title="bbox 430 4460 2022 4532; baseline -0.001 -15"><span class='ocrx_word' id='word_1_686' title='bbox 430 4461 607 4517; x_wconf 83' lang='lat' dir='ltr'><strong>solum</strong></span> <span class='ocrx_word' id='word_1_687' title='bbox 666 4461 803 4532; x_wconf 85' lang='lat' dir='ltr'><strong>ipsis</strong></span> <span class='ocrx_word' id='word_1_688' title='bbox 836 4460 1177 4531; x_wconf 85' lang='lat' dir='ltr'><strong>patientibus</strong></span> <span class='ocrx_word' id='word_1_689' title='bbox 1228 4476 1293 4515; x_wconf 92' lang='lat' dir='ltr'><strong>ea</strong></span> <span class='ocrx_word' id='word_1_690' title='bbox 1342 4474 1431 4516; x_wconf 89' lang='lat' dir='ltr'><strong>res</strong></span> <span class='ocrx_word' id='word_1_691' title='bbox 1483 4460 2022 4516; x_wconf 79' lang='lat' dir='ltr'><strong>acerbissimumJu—</strong></span> 
     </span>
    </p>
   </div>
   <div class='ocr_carea' id='block_1_93' title="bbox 506 4616 2055 4688">
    <p class='ocr_par' dir='ltr' id='par_1_93' title="bbox 506 4616 2055 4688">
     <span class='ocr_line' id='line_1_93' title="bbox 506 4616 2055 4688; baseline 0.001 -15"><span class='ocrx_word' id='word_1_692' title='bbox 506 4617 684 4675; x_wconf 73' lang='lat' dir='ltr'><strong>’Dan.</strong></span> <span class='ocrx_word' id='word_1_693' title='bbox 723 4633 818 4688; x_wconf 86' lang='lat' dir='ltr'><strong>vn,</strong></span> <span class='ocrx_word' id='word_1_694' title='bbox 856 4619 906 4674; x_wconf 76' lang='lat'><strong>7.</strong></span> <span class='ocrx_word' id='word_1_695' title='bbox 986 4618 1009 4651; x_wconf 72' lang='grc'><strong>⁸</strong></span> <span class='ocrx_word' id='word_1_696' title='bbox 1036 4618 1180 4675; x_wconf 86' lang='lat' dir='ltr'><strong>Psal.</strong></span> <span class='ocrx_word' id='word_1_697' title='bbox 1205 4618 1508 4686; x_wconf 54' lang='lat' dir='ltr'><strong>vamﬂﬂ.</strong></span> <span class='ocrx_word' id='word_1_698' title='bbox 1584 4616 1730 4673; x_wconf 78' lang='lat' dir='ltr'><strong>&#39;lsa.</strong></span> <span class='ocrx_word' id='word_1_699' title='bbox 1773 4635 1961 4687; x_wconf 73' lang='lat' dir='ltr'><strong>xxvm,</strong></span> <span class='ocrx_word' id='word_1_700' title='bbox 1997 4621 2055 4675; x_wconf 77' lang='grc'><strong>2.</strong></span> 
     </span>
    </p>
   </div>
   <div class='ocr_carea' id='block_1_94' title="bbox 2127 4465 3709 4543">
    <p class='ocr_par' dir='ltr' id='par_1_94' title="bbox 2127 4465 3709 4543">
     <span class='ocr_line' id='line_1_94' title="bbox 2127 4465 3709 4543; baseline 0.001 -24"><span class='ocrx_word' id='word_1_701' title='bbox 2127 4465 2409 4537; x_wconf 83' lang='grc' dir='ltr'>σοόμενος,</span> <span class='ocrx_word' id='word_1_702' title='bbox 2440 4466 2517 4530; x_wconf 80' lang='grc' dir='ltr'><strong>ὡς</strong></span> <span class='ocrx_word' id='word_1_703' title='bbox 2541 4466 2872 4539; x_wconf 80' lang='grc' dir='ltr'>ἐγνωρίσθη,</span> <span class='ocrx_word' id='word_1_704' title='bbox 2905 4468 3001 4522; x_wconf 72' lang='grc' dir='ltr'><strong>καὶ</strong></span> <span class='ocrx_word' id='word_1_705' title='bbox 3024 4471 3074 4522; x_wconf 80' lang='lat' dir='ltr'><strong>oi</strong></span> <span class='ocrx_word' id='word_1_706' title='bbox 3108 4470 3246 4541; x_wconf 76' lang='grc' dir='ltr'>πρὸς</span> <span class='ocrx_word' id='word_1_707' title='bbox 3292 4471 3459 4525; x_wconf 71' lang='grc' dir='ltr'>αὑτὸν</span> <span class='ocrx_word' id='word_1_708' title='bbox 3491 4470 3709 4543; x_wconf 65' lang='grc' dir='ltr'>ἐρχόμετ</span> 
     </span>
    </p>
   </div>
   <div class='ocr_carea' id='block_1_95' title="bbox 1691 4758 2437 4822">
    <p class='ocr_par' dir='ltr' id='par_1_95' title="bbox 1691 4758 2437 4822">
     <span class='ocr_line' id='line_1_95' title="bbox 1691 4758 2437 4822; baseline 0.004 -4"><span class='ocrx_word' id='word_1_709' title='bbox 1691 4758 1907 4821; x_wconf 78' lang='lat' dir='ltr'><strong>Jacobi</strong></span> <span class='ocrx_word' id='word_1_710' title='bbox 1944 4760 2211 4822; x_wconf 79' lang='lat' dir='ltr'><strong>Pontaui</strong></span> <span class='ocrx_word' id='word_1_711' title='bbox 2250 4765 2437 4821; x_wconf 79' lang='lat' dir='ltr'><strong>uotae.</strong></span> 
     </span>
    </p>
   </div>
   <div class='ocr_carea' id='block_1_96' title="bbox 434 4993 580 5038">
    <p class='ocr_par' dir='ltr' id='par_1_96' title="bbox 434 4993 580 5038">
     <span class='ocr_line' id='line_1_96' title="bbox 434 4993 580 5038; baseline -0.014 -1"><span class='ocrx_word' id='word_1_712' title='bbox 434 4993 580 5038; x_wconf 66' lang='grc' dir='ltr'>διιιι.</span> 
     </span>
    </p>
   </div>
   <div class='ocr_carea' id='block_1_97' title="bbox 505 4885 3711 4986">
    <p class='ocr_par' dir='ltr' id='par_1_97' title="bbox 505 4885 3711 4986">
     <span class='ocr_line' id='line_1_97' title="bbox 505 4885 3711 4986; baseline 0 -20"><span class='ocrx_word' id='word_1_713' title='bbox 505 4911 617 4983; x_wconf 80' lang='lat' dir='ltr'><strong>(l8)</strong></span> <span class='ocrx_word' id='word_1_714' title='bbox 660 4911 807 4983; x_wconf 81' lang='lat' dir='ltr'><strong>lufra</strong></span> <span class='ocrx_word' id='word_1_715' title='bbox 862 4925 982 4965; x_wconf 82' lang='lat' dir='ltr'><strong>mox</strong></span> <span class='ocrx_word' id='word_1_716' title='bbox 1042 4909 1208 4977; x_wconf 86' lang='lat' dir='ltr'><strong>dicit,</strong></span> <span class='ocrx_word' id='word_1_717' title='bbox 1238 4910 1309 4964; x_wconf 87' lang='lat' dir='ltr'><strong>ad</strong></span> <span class='ocrx_word' id='word_1_718' title='bbox 1366 4885 1520 4982; x_wconf 67' lang='lat' dir='ltr'><strong>quem</strong></span> <span class='ocrx_word' id='word_1_719' title='bbox 1574 4922 1753 4967; x_wconf 79' lang='lat' dir='ltr'><strong>autem</strong></span> <span class='ocrx_word' id='word_1_720' title='bbox 1811 4914 2129 4984; x_wconf 78' lang='lat' dir='ltr'><strong>pertinuerit</strong></span> <span class='ocrx_word' id='word_1_721' title='bbox 2186 4913 2282 4968; x_wconf 80' lang='lat' dir='ltr'><strong>hoc</strong></span> <span class='ocrx_word' id='word_1_722' title='bbox 2325 4908 2611 4969; x_wconf 54' lang='lat' dir='ltr'><strong>somnium&#39;</strong></span> <span class='ocrx_word' id='word_1_723' title='bbox 2648 4928 2835 4985; x_wconf 15' lang='lat' dir='ltr'><strong>usque,</strong></span> <span class='ocrx_word' id='word_1_724' title='bbox 2873 4913 3026 4969; x_wconf 83' lang='lat' dir='ltr'><strong>hodie</strong></span> <span class='ocrx_word' id='word_1_725' title='bbox 3068 4912 3216 4970; x_wconf 80' lang='lat' dir='ltr'><strong>latet.</strong></span> <span class='ocrx_word' id='word_1_726' title='bbox 3252 4911 3378 4970; x_wconf 63' lang='lat' dir='ltr'><strong>llaec</strong></span> <span class='ocrx_word' id='word_1_727' title='bbox 3422 4912 3711 4986; x_wconf 85' lang='lat' dir='ltr'><strong>pugnantia</strong></span> 
     </span>
    </p>
   </div>
   <div class='ocr_carea' id='block_1_98' title="bbox 1679 5097 2436 5161">
    <p class='ocr_par' dir='ltr' id='par_1_98' title="bbox 1679 5097 2436 5161">
     <span class='ocr_line' id='line_1_98' title="bbox 1679 5097 2436 5161; baseline -0.003 -2"><span class='ocrx_word' id='word_1_728' title='bbox 1679 5097 1895 5161; x_wconf 85' lang='lat' dir='ltr'><strong>Jacobi</strong></span> <span class='ocrx_word' id='word_1_729' title='bbox 1932 5098 2215 5161; x_wconf 87' lang='lat' dir='ltr'><strong>Gretseri</strong></span> <span class='ocrx_word' id='word_1_730' title='bbox 2246 5105 2436 5160; x_wconf 67' lang='lat' dir='ltr'><strong>notae.</strong></span> 
     </span>
    </p>
   </div>
   <div class='ocr_carea' id='block_1_99' title="bbox 508 5218 2026 5291">
    <p class='ocr_par' dir='ltr' id='par_1_99' title="bbox 508 5218 2026 5291">
     <span class='ocr_line' id='line_1_99' title="bbox 508 5218 2026 5291; baseline 0.002 -17"><span class='ocrx_word' id='word_1_731' title='bbox 508 5220 576 5291; x_wconf 88' lang='lat' dir='ltr'><strong>(j)</strong></span> <span class='ocrx_word' id='word_1_732' title='bbox 617 5218 989 5291; x_wconf 79' lang='lat' dir='ltr'><strong>Somniorum</strong></span> <span class='ocrx_word' id='word_1_733' title='bbox 1036 5219 1517 5275; x_wconf 86' lang='lat' dir='ltr'><strong>observationibus</strong></span> <span class='ocrx_word' id='word_1_734' title='bbox 1570 5220 1738 5276; x_wconf 87' lang='lat' dir='ltr'><strong>dediti</strong></span> <span class='ocrx_word' id='word_1_735' title='bbox 1800 5222 2026 5277; x_wconf 79' lang='lat' dir='ltr'><strong>fuerunt</strong></span> 
     </span>
    </p>
   </div>
   <div class='ocr_carea' id='block_1_100' title="bbox 432 5290 2022 5356">
    <p class='ocr_par' dir='ltr' id='par_1_100' title="bbox 432 5290 2022 5356">
     <span class='ocr_line' id='line_1_100' title="bbox 432 5290 2022 5356; baseline 0 -9"><span class='ocrx_word' id='word_1_736' title='bbox 432 5290 772 5347; x_wconf 87' lang='lat' dir='ltr'><strong>recentiores</strong></span> <span class='ocrx_word' id='word_1_737' title='bbox 823 5290 1020 5352; x_wconf 72' lang='lat' dir='ltr'><strong>Graeci,</strong></span> <span class='ocrx_word' id='word_1_738' title='bbox 1057 5306 1167 5344; x_wconf 91' lang='lat' dir='ltr'><strong>non</strong></span> <span class='ocrx_word' id='word_1_739' title='bbox 1217 5292 1380 5345; x_wconf 87' lang='lat' dir='ltr'><strong>modo</strong></span> <span class='ocrx_word' id='word_1_740' title='bbox 1417 5294 1580 5356; x_wconf 86' lang='lat' dir='ltr'><strong>intra,</strong></span> <span class='ocrx_word' id='word_1_741' title='bbox 1621 5293 1717 5346; x_wconf 82' lang='lat' dir='ltr'><strong>Sed</strong></span> <span class='ocrx_word' id='word_1_742' title='bbox 1751 5301 1808 5345; x_wconf 85' lang='lat' dir='ltr'><strong>et</strong></span> <span class='ocrx_word' id='word_1_743' title='bbox 1848 5293 2022 5347; x_wconf 76' lang='lat' dir='ltr'><strong>ferme</strong></span> 
     </span>
    </p>
   </div>
   <div class='ocr_carea' id='block_1_101' title="bbox 434 5360 2023 5431">
    <p class='ocr_par' dir='ltr' id='par_1_101' title="bbox 434 5360 2023 5431">
     <span class='ocr_line' id='line_1_101' title="bbox 434 5360 2023 5431; baseline 0 -14"><span class='ocrx_word' id='word_1_744' title='bbox 434 5379 596 5431; x_wconf 84' lang='lat' dir='ltr'><strong>supra</strong></span> <span class='ocrx_word' id='word_1_745' title='bbox 628 5362 870 5422; x_wconf 84' lang='lat' dir='ltr'><strong>modum.</strong></span> <span class='ocrx_word' id='word_1_746' title='bbox 898 5360 1056 5431; x_wconf 82' lang='lat' dir='ltr'><strong>obliti</strong></span> <span class='ocrx_word' id='word_1_747' title='bbox 1096 5360 1241 5414; x_wconf 79' lang='lat' dir='ltr'><strong>illius</strong></span> <span class='ocrx_word' id='word_1_748' title='bbox 1272 5361 1590 5416; x_wconf 79' lang='lat' dir='ltr'><strong>Ecclesiast.</strong></span> <span class='ocrx_word' id='word_1_749' title='bbox 1618 5378 1650 5415; x_wconf 91' lang='lat' dir='ltr'><strong>v</strong></span> <span class='ocrx_word' id='word_1_750' title='bbox 1680 5379 1695 5416; x_wconf 88' lang='lat'><strong>:</strong></span> <span class='ocrx_word' id='word_1_751' title='bbox 1736 5363 1829 5417; x_wconf 86' lang='lat' dir='ltr'><strong>Ubi</strong></span> <span class='ocrx_word' id='word_1_752' title='bbox 1855 5364 2023 5417; x_wconf 80' lang='lat' dir='ltr'><strong>multa</strong></span> 
     </span>
    </p>
   </div>
   <div class='ocr_carea' id='block_1_102' title="bbox 430 5430 2023 5498">
    <p class='ocr_par' dir='ltr' id='par_1_102' title="bbox 430 5430 2023 5498">
     <span class='ocr_line' id='line_1_102' title="bbox 430 5430 2023 5498; baseline 0.001 -12"><span class='ocrx_word' id='word_1_753' title='bbox 430 5430 550 5486; x_wconf 74' lang='lat' dir='ltr'><strong>sunt</strong></span> <span class='ocrx_word' id='word_1_754' title='bbox 585 5432 813 5496; x_wconf 79' lang='lat' dir='ltr'><strong>somnia,</strong></span> <span class='ocrx_word' id='word_1_755' title='bbox 847 5430 1091 5498; x_wconf 77' lang='lat' dir='ltr'><strong>plurima:</strong></span> <span class='ocrx_word' id='word_1_756' title='bbox 1136 5439 1258 5483; x_wconf 77' lang='lat' dir='ltr'><strong>sunt</strong></span> <span class='ocrx_word' id='word_1_757' title='bbox 1302 5433 1607 5497; x_wconf 79' lang='lat' dir='ltr'><strong>vanitates;</strong></span> <span class='ocrx_word' id='word_1_758' title='bbox 1641 5441 1697 5486; x_wconf 86' lang='lat' dir='ltr'><strong>et</strong></span> <span class='ocrx_word' id='word_1_759' title='bbox 1736 5434 1881 5487; x_wconf 86' lang='lat' dir='ltr'><strong>illius</strong></span> <span class='ocrx_word' id='word_1_760' title='bbox 1923 5434 2023 5487; x_wconf 85' lang='lat' dir='ltr'><strong>Ec-</strong></span> 
     </span>
    </p>
   </div>
   <div class='ocr_carea' id='block_1_103' title="bbox 431 5498 2019 5572">
    <p class='ocr_par' dir='ltr' id='par_1_103' title="bbox 431 5498 2019 5572">
     <span class='ocr_line' id='line_1_103' title="bbox 431 5498 2019 5572; baseline -0.001 -15"><span class='ocrx_word' id='word_1_761' title='bbox 431 5503 757 5564; x_wconf 77' lang='lat' dir='ltr'><strong>clesiastici,</strong></span> <span class='ocrx_word' id='word_1_762' title='bbox 805 5517 925 5570; x_wconf 84' lang='lat' dir='ltr'><strong>cap.</strong></span> <span class='ocrx_word' id='word_1_763' title='bbox 976 5516 1141 5554; x_wconf 76' lang='lat' dir='ltr'><strong>xxxrv</strong></span> <span class='ocrx_word' id='word_1_764' title='bbox 1177 5519 1190 5553; x_wconf 87' lang='lat'><strong>:</strong></span> <span class='ocrx_word' id='word_1_765' title='bbox 1229 5498 1449 5554; x_wconf 65' lang='lat' dir='ltr'><strong>Som&#39;tt&#39;a</strong></span> <span class='ocrx_word' id='word_1_766' title='bbox 1501 5504 1761 5557; x_wconf 69' lang='lat' dir='ltr'><strong>extollant</strong></span> <span class='ocrx_word' id='word_1_767' title='bbox 1810 5520 2019 5572; x_wconf 73' lang='lat' dir='ltr'><strong>impru-</strong></span> 
     </span>
    </p>
   </div>
   <div class='ocr_carea' id='block_1_104' title="bbox 431 5571 2020 5644">
    <p class='ocr_par' dir='ltr' id='par_1_104' title="bbox 431 5571 2020 5644">
     <span class='ocr_line' id='line_1_104' title="bbox 431 5571 2020 5644; baseline 0.002 -20"><span class='ocrx_word' id='word_1_768' title='bbox 431 5573 653 5637; x_wconf 77' lang='lat' dir='ltr'><strong>dentes;</strong></span> <span class='ocrx_word' id='word_1_769' title='bbox 700 5573 855 5640; x_wconf 79' lang='lat' dir='ltr'><strong>quasi</strong></span> <span class='ocrx_word' id='word_1_770' title='bbox 897 5572 988 5644; x_wconf 72' lang='lat' dir='ltr'><strong>qui</strong></span> <span class='ocrx_word' id='word_1_771' title='bbox 1037 5571 1387 5644; x_wconf 71' lang='lat' dir='ltr'><strong>apprehendit</strong></span> <span class='ocrx_word' id='word_1_772' title='bbox 1436 5574 1704 5636; x_wconf 83' lang='lat' dir='ltr'><strong>umbram,</strong></span> <span class='ocrx_word' id='word_1_773' title='bbox 1745 5587 1793 5628; x_wconf 82' lang='lat' dir='ltr'><strong>et</strong></span> <span class='ocrx_word' id='word_1_774' title='bbox 1842 5571 2020 5644; x_wconf 63' lang='lat' dir='ltr'><strong>perse-</strong></span> 
     </span>
    </p>
   </div>
   <div class='ocr_carea' id='block_1_105' title="bbox 432 5642 2028 5710">
    <p class='ocr_par' dir='ltr' id='par_1_105' title="bbox 432 5642 2028 5710">
     <span class='ocr_line' id='line_1_105' title="bbox 432 5642 2028 5710; baseline 0.003 -17"><span class='ocrx_word' id='word_1_775' title='bbox 432 5644 610 5709; x_wconf 72' lang='lat' dir='ltr'><strong>quitur</strong></span> <span class='ocrx_word' id='word_1_776' title='bbox 643 5642 970 5706; x_wconf 79' lang='lat' dir='ltr'><strong>ventum,sic</strong></span> <span class='ocrx_word' id='word_1_777' title='bbox 999 5648 1046 5693; x_wconf 87' lang='lat' dir='ltr'><strong>et</strong></span> <span class='ocrx_word' id='word_1_778' title='bbox 1075 5642 1165 5710; x_wconf 84' lang='lat' dir='ltr'><strong>qui</strong></span> <span class='ocrx_word' id='word_1_779' title='bbox 1192 5643 1421 5696; x_wconf 82' lang='lat' dir='ltr'><strong>attendit</strong></span> <span class='ocrx_word' id='word_1_780' title='bbox 1456 5643 1525 5695; x_wconf 86' lang='lat' dir='ltr'><strong>ad</strong></span> <span class='ocrx_word' id='word_1_781' title='bbox 1556 5642 1851 5697; x_wconf 62' lang='lat' dir='ltr'><strong>insomnia.</strong></span> <span class='ocrx_word' id='word_1_782' title='bbox 1883 5644 2028 5697; x_wconf 74' lang='grc' dir='ltr'>Μιιίο</span> 
     </span>
    </p>
   </div>
   <div class='ocr_carea' id='block_1_106' title="bbox 435 5713 2019 5784">
    <p class='ocr_par' dir='ltr' id='par_1_106' title="bbox 435 5713 2019 5784">
     <span class='ocr_line' id='line_1_106' title="bbox 435 5713 2019 5784; baseline 0.003 -21"><span class='ocrx_word' id='word_1_783' title='bbox 435 5721 513 5767; x_wconf 74' lang='lat' dir='ltr'><strong>tos</strong></span> <span class='ocrx_word' id='word_1_784' title='bbox 546 5728 723 5765; x_wconf 86' lang='lat' dir='ltr'><strong>errare</strong></span> <span class='ocrx_word' id='word_1_785' title='bbox 768 5713 999 5783; x_wconf 71' lang='lat' dir='ltr'><strong>fecerunt</strong></span> <span class='ocrx_word' id='word_1_786' title='bbox 1034 5713 1266 5777; x_wconf 79' lang='lat' dir='ltr'><strong>sonmia,</strong></span> <span class='ocrx_word' id='word_1_787' title='bbox 1308 5723 1356 5767; x_wconf 87' lang='lat' dir='ltr'><strong>et</strong></span> <span class='ocrx_word' id='word_1_788' title='bbox 1395 5715 1702 5769; x_wconf 73' lang='lat' dir='ltr'><strong>exciderunt</strong></span> <span class='ocrx_word' id='word_1_789' title='bbox 1744 5725 2019 5784; x_wconf 76' lang='lat' dir='ltr'><strong>sperantes</strong></span> 
     </span>
    </p>
   </div>
   <div class='ocr_carea' id='block_1_107' title="bbox 2124 5220 3713 5293">
    <p class='ocr_par' dir='ltr' id='par_1_107' title="bbox 2124 5220 3713 5293">
     <span class='ocr_line' id='line_1_107' title="bbox 2124 5220 3713 5293; baseline 0.006 -19"><span class='ocrx_word' id='word_1_790' title='bbox 2124 5224 2183 5276; x_wconf 83' lang='lat' dir='ltr'><strong>iu</strong></span> <span class='ocrx_word' id='word_1_791' title='bbox 2221 5223 2347 5277; x_wconf 74' lang='lat' dir='ltr'><strong>illis.</strong></span> <span class='ocrx_word' id='word_1_792' title='bbox 2391 5220 2459 5276; x_wconf 84' lang='lat' dir='ltr'><strong>Et</strong></span> <span class='ocrx_word' id='word_1_793' title='bbox 2490 5230 2664 5278; x_wconf 90' lang='lat' dir='ltr'><strong>totum</strong></span> <span class='ocrx_word' id='word_1_794' title='bbox 2704 5222 3003 5290; x_wconf 87' lang='lat' dir='ltr'><strong>somnium,</strong></span> <span class='ocrx_word' id='word_1_795' title='bbox 3035 5224 3181 5293; x_wconf 89' lang='lat' dir='ltr'><strong>quod</strong></span> <span class='ocrx_word' id='word_1_796' title='bbox 3228 5224 3333 5280; x_wconf 86' lang='lat' dir='ltr'><strong>hoc</strong></span> <span class='ocrx_word' id='word_1_797' title='bbox 3375 5226 3495 5282; x_wconf 89' lang='lat' dir='ltr'><strong>loco</strong></span> <span class='ocrx_word' id='word_1_798' title='bbox 3526 5240 3713 5283; x_wconf 88' lang='lat' dir='ltr'><strong>narrat</strong></span> 
     </span>
    </p>
   </div>
   <div class='ocr_carea' id='block_1_108' title="bbox 2124 5294 3709 5364">
    <p class='ocr_par' dir='ltr' id='par_1_108' title="bbox 2124 5294 3709 5364">
     <span class='ocr_line' id='line_1_108' title="bbox 2124 5294 3709 5364; baseline 0.003 -15"><span class='ocrx_word' id='word_1_799' title='bbox 2124 5294 2570 5357; x_wconf 88' lang='lat' dir='ltr'><strong>Cautacuzenus,</strong></span> <span class='ocrx_word' id='word_1_800' title='bbox 2603 5294 2737 5364; x_wconf 84' lang='lat' dir='ltr'><strong>quid</strong></span> <span class='ocrx_word' id='word_1_801' title='bbox 2797 5295 2906 5348; x_wconf 90' lang='lat' dir='ltr'><strong>nisi</strong></span> <span class='ocrx_word' id='word_1_802' title='bbox 2956 5296 3231 5350; x_wconf 86' lang='lat' dir='ltr'><strong>somnium</strong></span> <span class='ocrx_word' id='word_1_803' title='bbox 3290 5296 3423 5349; x_wconf 81' lang='lat' dir='ltr'><strong>fuit?</strong></span> <span class='ocrx_word' id='word_1_804' title='bbox 3476 5297 3583 5352; x_wconf 86' lang='lat' dir='ltr'><strong>Sed</strong></span> <span class='ocrx_word' id='word_1_805' title='bbox 3640 5316 3709 5354; x_wconf 84' lang='lat' dir='ltr'><strong>an</strong></span> 
     </span>
    </p>
   </div>
   <div class='ocr_carea' id='block_1_109' title="bbox 2123 5364 3709 5434">
    <p class='ocr_par' dir='ltr' id='par_1_109' title="bbox 2123 5364 3709 5434">
     <span class='ocr_line' id='line_1_109' title="bbox 2123 5364 3709 5434; baseline 0.002 -16"><span class='ocrx_word' id='word_1_806' title='bbox 2123 5366 2356 5420; x_wconf 88' lang='lat' dir='ltr'><strong>somniis</strong></span> <span class='ocrx_word' id='word_1_807' title='bbox 2407 5364 2658 5419; x_wconf 87' lang='lat' dir='ltr'><strong>habenda</strong></span> <span class='ocrx_word' id='word_1_808' title='bbox 2702 5366 2775 5418; x_wconf 93' lang='lat' dir='ltr'><strong>sit</strong></span> <span class='ocrx_word' id='word_1_809' title='bbox 2829 5364 2983 5429; x_wconf 87' lang='lat' dir='ltr'><strong>tides,</strong></span> <span class='ocrx_word' id='word_1_810' title='bbox 3017 5365 3195 5434; x_wconf 87' lang='lat' dir='ltr'><strong>deque</strong></span> <span class='ocrx_word' id='word_1_811' title='bbox 3238 5367 3417 5421; x_wconf 84' lang='lat' dir='ltr'><strong>causis</strong></span> <span class='ocrx_word' id='word_1_812' title='bbox 3454 5383 3709 5423; x_wconf 89' lang='lat' dir='ltr'><strong>verorum</strong></span> 
     </span>
    </p>
   </div>
   <div class='ocr_carea' id='block_1_110' title="bbox 2124 5435 3706 5506">
    <p class='ocr_par' dir='ltr' id='par_1_110' title="bbox 2124 5435 3706 5506">
     <span class='ocr_line' id='line_1_110' title="bbox 2124 5435 3706 5506; baseline 0.001 -15"><span class='ocrx_word' id='word_1_813' title='bbox 2124 5436 2493 5506; x_wconf 83' lang='lat' dir='ltr'><strong>somniorum,</strong></span> <span class='ocrx_word' id='word_1_814' title='bbox 2526 5443 2582 5488; x_wconf 90' lang='lat' dir='ltr'><strong>et</strong></span> <span class='ocrx_word' id='word_1_815' title='bbox 2614 5436 2818 5506; x_wconf 84' lang='lat' dir='ltr'><strong>quibus</strong></span> <span class='ocrx_word' id='word_1_816' title='bbox 2852 5435 3025 5506; x_wconf 86' lang='lat' dir='ltr'><strong>signis</strong></span> <span class='ocrx_word' id='word_1_817' title='bbox 3056 5437 3299 5505; x_wconf 89' lang='lat' dir='ltr'><strong>dignosci</strong></span> <span class='ocrx_word' id='word_1_818' title='bbox 3328 5448 3531 5505; x_wconf 75' lang='lat' dir='ltr'><strong>queant</strong></span> <span class='ocrx_word' id='word_1_819' title='bbox 3559 5453 3706 5492; x_wconf 83' lang='lat' dir='ltr'><strong>som-</strong></span> 
     </span>
    </p>
   </div>
   <div class='ocr_carea' id='block_1_111' title="bbox 2124 5504 3709 5574">
    <p class='ocr_par' dir='ltr' id='par_1_111' title="bbox 2124 5504 3709 5574">
     <span class='ocr_line' id='line_1_111' title="bbox 2124 5504 3709 5574; baseline 0.003 -17"><span class='ocrx_word' id='word_1_820' title='bbox 2124 5507 2215 5574; x_wconf 89' lang='lat' dir='ltr'><strong>nia</strong></span> <span class='ocrx_word' id='word_1_821' title='bbox 2247 5504 2431 5558; x_wconf 87' lang='lat' dir='ltr'><strong>divina</strong></span> <span class='ocrx_word' id='word_1_822' title='bbox 2461 5520 2492 5557; x_wconf 90' lang='lat' dir='ltr'><strong>a</strong></span> <span class='ocrx_word' id='word_1_823' title='bbox 2524 5519 2634 5558; x_wconf 90' lang='lat' dir='ltr'><strong>non</strong></span> <span class='ocrx_word' id='word_1_824' title='bbox 2669 5505 2892 5570; x_wconf 85' lang='lat' dir='ltr'><strong>divinis,</strong></span> <span class='ocrx_word' id='word_1_825' title='bbox 2912 5504 3140 5574; x_wconf 66' lang='lat' dir='ltr'><strong>copiose</strong></span> <span class='ocrx_word' id='word_1_826' title='bbox 3169 5504 3357 5561; x_wconf 88' lang='lat' dir='ltr'><strong>docuit</strong></span> <span class='ocrx_word' id='word_1_827' title='bbox 3386 5506 3709 5564; x_wconf 72' lang='lat' dir='ltr'><strong>Benedictus</strong></span> 
     </span>
    </p>
   </div>
   <div class='ocr_carea' id='block_1_112' title="bbox 2124 5573 3710 5634">
    <p class='ocr_par' dir='ltr' id='par_1_112' title="bbox 2124 5573 3710 5634">
     <span class='ocr_line' id='line_1_112' title="bbox 2124 5573 3710 5634; baseline 0.003 -7"><span class='ocrx_word' id='word_1_828' title='bbox 2124 5573 2384 5628; x_wconf 86' lang='lat' dir='ltr'><strong>Pcrerius</strong></span> <span class='ocrx_word' id='word_1_829' title='bbox 2424 5583 2613 5629; x_wconf 89' lang='lat' dir='ltr'><strong>noster</strong></span> <span class='ocrx_word' id='word_1_830' title='bbox 2655 5575 2796 5629; x_wconf 90' lang='lat' dir='ltr'><strong>libro</strong></span> <span class='ocrx_word' id='word_1_831' title='bbox 2826 5573 3069 5630; x_wconf 90' lang='lat' dir='ltr'><strong>secundo</strong></span> <span class='ocrx_word' id='word_1_832' title='bbox 3103 5577 3367 5631; x_wconf 87' lang='lat' dir='ltr'><strong>adversus</strong></span> <span class='ocrx_word' id='word_1_833' title='bbox 3406 5576 3623 5634; x_wconf 72' lang='lat' dir='ltr'><strong>fallaces</strong></span> <span class='ocrx_word' id='word_1_834' title='bbox 3654 5587 3710 5633; x_wconf 90' lang='lat' dir='ltr'><strong>et</strong></span> 
     </span>
    </p>
   </div>
   <div class='ocr_carea' id='block_1_113' title="bbox 2125 5645 3708 5718">
    <p class='ocr_par' dir='ltr' id='par_1_113' title="bbox 2125 5645 3708 5718">
     <span class='ocr_line' id='line_1_113' title="bbox 2125 5645 3708 5718; baseline 0.004 -20"><span class='ocrx_word' id='word_1_835' title='bbox 2125 5645 2544 5718; x_wconf 75' lang='lat' dir='ltr'><strong>superstitiosas</strong></span> <span class='ocrx_word' id='word_1_836' title='bbox 2591 5655 2761 5709; x_wconf 84' lang='lat' dir='ltr'><strong>artes,</strong></span> <span class='ocrx_word' id='word_1_837' title='bbox 2797 5661 2911 5718; x_wconf 85' lang='lat' dir='ltr'><strong>quo</strong></span> <span class='ocrx_word' id='word_1_838' title='bbox 2956 5647 3216 5718; x_wconf 82' lang='lat' dir='ltr'><strong>lectorem</strong></span> <span class='ocrx_word' id='word_1_839' title='bbox 3265 5649 3505 5718; x_wconf 82' lang='lat' dir='ltr'><strong>remitto,</strong></span> <span class='ocrx_word' id='word_1_840' title='bbox 3543 5658 3603 5705; x_wconf 90' lang='lat' dir='ltr'><strong>ut</strong></span> <span class='ocrx_word' id='word_1_841' title='bbox 3638 5649 3708 5704; x_wconf 83' lang='lat' dir='ltr'><strong>de</strong></span> 
     </span>
    </p>
   </div>
   <div class='ocr_carea' id='block_1_114' title="bbox 2127 5715 3284 5788">
    <p class='ocr_par' dir='ltr' id='par_1_114' title="bbox 2127 5715 3284 5788">
     <span class='ocr_line' id='line_1_114' title="bbox 2127 5715 3284 5788; baseline 0.003 -18"><span class='ocrx_word' id='word_1_842' title='bbox 2127 5716 2231 5771; x_wconf 90' lang='lat' dir='ltr'><strong>hoc</strong></span> <span class='ocrx_word' id='word_1_843' title='bbox 2265 5715 2529 5771; x_wconf 75' lang='lat' dir='ltr'><strong>Manuelis</strong></span> <span class='ocrx_word' id='word_1_844' title='bbox 2554 5718 2771 5772; x_wconf 90' lang='lat' dir='ltr'><strong>somnio</strong></span> <span class='ocrx_word' id='word_1_845' title='bbox 2798 5716 3069 5788; x_wconf 80' lang='lat' dir='ltr'><strong>judicium</strong></span> <span class='ocrx_word' id='word_1_846' title='bbox 3101 5715 3284 5773; x_wconf 78' lang='lat' dir='ltr'><strong>iaciat.</strong></span> 
     </span>
    </p>
   </div>
  </div>
