4048 6474
370 340 515 411 1189

1509 318 2055 401 Πιετοιιιλιὶωι
2098 337 2333 398 LIBER
2372 338 2490 398 ιιι.

3475 344 3609 412 1190

362 471 447 508 νοι
463 450 811 521 ἀνέστρεφον.
835 450 1093 514 Βασιλεὺς
1114 452 1171 505 δὲ
1197 452 1319 503 ἐπεὶ
1347 453 1473 521 περὶ
1495 450 1673 521 δείλην
1689 452 1724 521 η
1755 451 1918 520 ήμέρι

2040 457 2186 503 ctum
2216 449 2503 514 aﬂ‘erebat,
2529 449 2624 505 sed
2651 450 2965 522 imperatori
2996 468 3237 524 quoque,
3270 464 3324 510 et
3346 456 3608 512 Romanis

363 542 463 612 ἤδη
490 536 579 611 ἦν,
614 541 767 610 παρὰ
790 542 889 613 τὴν
914 543 1013 610 τῆς
1033 541 1296 611 Καμήλου
1319 541 1665 615 καλουμένην
1686 540 1918 609 γέφυραι

2030 540 2307 597 universis
2338 555 2552 610 magna:
2580 542 2922 598 miserationi
2952 554 3090 609 erat,
3118 561 3233 600 suae
3264 547 3443 616 gentis
3465 564 3610 601 mor-

362 633 895 698 ὲστρατοπεδιύσατο
917 632 1108 696 ἐλθὼν,
1143 633 1236 686 καὶ
1261 633 1341 694 εἰς
1357 632 1459 703 τὴν
1493 629 1788 701 ὑστεραίαν
1822 629 1931 682 ὀλί-

360 737 447 787 γοι
477 720 577 791 μὲν
603 722 683 784 εἰς
725 723 785 774 τὸ
817 723 1176 789 στρατόπεδον
1217 724 1357 793 μετὰ
1413 722 1680 791 βασιλέως
1711 718 1931 773 ὑπελεί-

2030 630 2168 685 tales
2199 631 2285 685 his
2309 631 2530 685 casibus
2558 646 2854 701 oppressos
2895 634 3162 703 aspicere.
3211 635 3315 690 Sed
3349 652 3470 690 cum
3504 636 3607 707 By-

2029 722 2232 776 zantini
2290 737 2478 791 pacem
2548 737 3025 792 aspernarentur,
3077 727 3349 782 licentiam
3409 730 3609 783 milita-

362 826 558 862 ποντοο
601 810 660 863 τὸ
686 814 818 863 πολὺ
845 812 901 864 δὲ
929 812 1029 881 τῆς
1062 813 1323 879 στρατιᾶς
1360 811 1458 866 καὶ
1494 810 1804 880 Ῥωμαίων,
1836 810 1918 863 κα]

2032 828 2149 868 rem
2197 811 2254 866 in
2284 814 2536 871 hostibus
2592 817 2892 872 necessitas
2923 820 3311 889 extorquebat,
3369 836 3478 875 non
3511 836 3607 874 vo-

358 900 584 969 Περσῶν
604 904 901 971 ἐτράποντο
926 904 1020 956 ἐπὶ
1049 904 1358 973 λεηλασίας.
1386 903 1497 956 Καὶ
1532 903 1795 970 Ῥωμαῖοι
1828 903 1932 970 μὲν
2032 903 2242 956 luntas.
3095 950 3100 954 .

359 992 679 1063 βοσκήματα
729 999 825 1052 καὶ
860 1000 1027 1069 ἄλλην
1057 999 1209 1053 λείαν
1260 1000 1494 1068 ἤλαυνον
1516 1014 1531 1030 ο
1562 996 1624 1049 τὸ
1653 996 1925 1064 Περσικὸν,
1955 995 2013 1048 δὲ
2042 996 2432 1065 ἡνδραπόδιζον
2456 1000 2548 1052 καὶ
2574 1001 2697 1062 τοὺς
2722 1001 3066 1071 ἀνθρώπους.
3095 1006 3200 1057 Καὶ
3227 980 3299 1075 ἦν
3362 1005 3424 1058 ού
3491 1010 3606 1067 τοῖς

358 1087 629 1155 πάσχουσι
658 1088 819 1157 μόνον
851 1091 911 1143 τὸ
932 1090 1100 1144 κακὸν
1145 1088 1614 1159 ἁπαραμύθητονο
1663 1086 1798 1139 ἀλλὰ
1825 1086 1921 1139 καὶ
1958 1084 2207 1155 βασιλεῖ,
2260 1088 2356 1140 καὶ
2397 1091 2510 1152 τοῖς
2556 1090 2810 1143 συνοῦσιν
2852 1091 3025 1146 ἅπασι
3097 1096 3396 1161 Ῥωμαίοις
3455 1084 3607 1157 ἔλεος

358 1177 533 1242 δεινὸς
563 1178 762 1250 εἰσῄει,
800 1182 1026 1234 τοιαῦτα
1063 1181 1170 1235 τῶν
1197 1180 1483 1249 ὁμοφύλων
1522 1175 1948 1246 δυστυχούντων.

2000 1175 2338 1242 ’Δναγκαίως
2371 1178 2426 1231 δὲ
2452 1179 2546 1232 τοῦ
2623 1180 2862 1251 πολέμου
2907 1185 3138 1254 είχοντο.
3173 1187 3442 1256 Πράττειν
3496 1188 3606 1265 γὰρ

358 1272 559 1340 ἑτέρως
606 1272 708 1325 οὐκ
734 1272 880 1342 ἐνῆν,
911 1273 1020 1326 τῶν
1053 1276 1110 1327 ἐν
1139 1273 1421 1343 Βυζαντίῳ
1445 1271 1546 1342 τὴν
1590 1271 1814 1340 είρήυην
1858 1269 1918 1321 οὐ
1959 1271 2441 1342 παραδεχομένων.

1693 1406 1920 1463 CAPUT
1962 1407 2224 1463 LXXXII.

354 1504 563 1563 Galate:
588 1507 850 1577 cupientes
875 1508 943 1561 de
993 1514 1207 1560 auctore
1255 1505 1380 1577 belli
1411 1513 1460 1558 et
1515 1519 1684 1557 causis
1719 1518 2055 1577 cognoscere,
2096 1502 2295 1577 legatos
2346 1505 2414 1559 ad
2454 1504 2882 1577 Cantacuzenum
2929 1510 3245 1563 sciscitatum
3280 1513 3516 1566 mittunt.
3557 1512 3606 1565 Ii

426 1586 546 1629 sunt
600 1573 702 1649 duo
743 1579 1262 1649 monachi,“on
1309 1575 1451 1628 alter
1501 1578 1671 1649 Annua
1727 1573 2403 1649 imperatficislcomatus.
2448 1576 2789 1649 Respondens
2839 1579 3132 1649 imperator
3179 1595 3291 1633 rem
3346 1598 3378 1634 a
3430 1582 3635 1649 capite'

426 1647 663 1709 arcessit,
716 1655 765 1700 et
794 1662 954 1717 quam
1004 1640 1223 1717 indigna
1275 1659 1551 1717 perpessus
1603 1644 1672 1717 sit
1726 1642 1896 1695 docet.
1931 1640 2008 1693 De
2047 1642 2221 1717 Persis
2251 1645 2410 1698 etiam
2448 1640 2716 1717 advocatis
2764 1663 2820 1701 se
2869 1640 3118 1717 defendit,
3171 1659 3222 1701 et
3275 1640 3605 1704 adversarios

422 1730 604 1769 eorum
637 1731 786 1784 opem
805 1710 1019 1786 'frustra
1047 1710 1562 1784 implorasse'docet.
1600 1710 1873 1776 Quantum
1898 1712 2146 1780 temporis
2191 1713 2246 1765 in
2279 1719 2373 1768 hoc
2400 1714 2663 1786 colloquio
2693 1710 3063 1787 consumptum
3091 1718 3275 1786 fuerit.

427 1853 493 1905 Οἰ
522 1854 578 1904 ὲν
602 1852 822 1924 Γαλατᾷ
839 1852 897 1905 δὲ
928 1852 1006 1923 τῷ
1034 1851 1281 1923 φρουρίῳ
1306 1851 1459 1913 ὄντες
1487 1851 1730 1914 Λατῖνοι,
1756 1846 1918 1916 ὁρῶν-

2100 1844 2304 1903 Verum
2367 1849 2515 1905 enim
2567 1867 2702 1905 vero
2750 1852 2803 1905 in
2873 1852 3076 1922 oppido
3148 1851 3336 1908 Galata
3380 1851 3603 1921 Latinif,

351 1961 443 2006 τες
481 1943 577 2014 μὲν
614 1943 711 2015 τὴν
738 1946 841 1997 ὑπὸ
871 1945 965 1998 τοῦ
1006 1945 1270 2014 ἐμφυλίου
1324 1944 1563 2014 πολέμου
1618 1945 1731 2005 τοῖς
1785 1940 1923 1995 Ῥω-

355 2037 536 2107 μαίοις
574 2037 932 2109 ὲγγινομένην
958 2038 1237 2109 ἀμύθητον
1264 2037 1491 2107 φθορὰν,
1517 2033 1837 2104 ἀγνοοῦντες
1866 2033 1923 2087 δὲ

352 2129 401 2181 εἰ
436 2128 637 2199 μᾶλλον
669 2131 717 2182 οἰ
744 2130 801 2183 ὲν
834 2129 1137 2199 Βυζαντίῳ,
1169 2129 1200 2200 ἢ
1229 2126 1678 2194 Καντακουζηνδς
1709 2126 1737 2177 6
1765 2126 1925 2195 βασι-

349 2216 477 2281 λεὺς
507 2219 808 2288 παρέχεται
854 2221 952 2281 τὰς
996 2218 1178 2281 αἰτίας
1214 2217 1309 2271 τοῦ
1358 2217 1596 2288 πολέμου
1619 2256 1634 2282 ,
1670 2218 1765 2269 καί⁵
1810 2218 1923 2280 τοῖς

353 2310 454 2378 μὲν
479 2311 536 2362 ὲν
555 2309 835 2379 Βυζαντίῳ
862 2311 1114 2375 συνόντες
1134 2309 1425 2382 ὁσημέραι,
1450 2312 1543 2365 καὶ
1571 2309 1743 2363 πολλὰ
1771 2311 1921 2363 Καν-

351 2402 688 2472 τακουζηνοῦ
720 2403 811 2456 τοῦ
843 2401 1108 2472 βασιλέως
1136 2402 1427 2465 ἀκούοντες
1447 2400 1919 2471 κατηγορούντων,

350 2495 435 2545 ὅτι
471 2491 775 2563 βασιλεύειν
805 2493 1148 2565 ἐπιθυμήσας
1170 2496 1284 2556 τοῖς
1313 2493 1581 2563 βασιλέως
1604 2491 1923 2547 ἔπιεουλεύ-

356 2604 470 2640 σειε
500 2588 678 2654 παισὶ,
710 2588 1057 2659 πατριάρχης
1096 2588 1153 2641 δὲ
1191 2590 1328 2657 μετὰ
1357 2588 1466 2641 τῶν
1495 2587 1793 2641 ἐπιλοίπων
1823 2589 1920 2640 ἀν-

354 2679 571 2750 τισταίη
620 2678 716 2732 καὶ
780 2680 1044 2733 κωλύσειε
1098 2679 1172 2749 μὴ
1222 2681 1313 2733 τὸν
1365 2678 1531 2732 παῖδα
1584 2678 1922 2750 διαφθείρειν

356 2772 695 2840 πολεμήσας,
735 2770 767 2841 ἢ
800 2771 951 2823 οὐδὲν
985 2770 1053 2824 ἂν
1097 2772 1303 2823 ἐκεῖνον
1343 2769 1552 2833 ἐκώλυε
1597 2771 1764 2824 πάλαι
1808 2771 1919 2824 διε-

353 2864 619 2934 φθάρθαι,
650 2860 1101 2929 Καντακουζηνοῦ
1141 2861 1198 2915 δὲ
1225 2861 1320 2914 τοῦ
1360 2862 1621 2932 βασιλέως
1646 2864 1705 2914 οὐ
1757 2861 1920 2931 μόνον

350 2956 451 3026 τὴν
477 2956 613 3023 πρὸς
645 2954 868 3024 βασιλέα
914 2954 1006 3008 τὸν
1046 2953 1388 3023 Ἀνδρόνικον
1439 2952 1748 3016 ἐννοοῦντες
1775 2955 1916 3022 σύμ-

352 3066 565 3111 πνοιαν,
621 3047 758 3101 ἀλλὰ
808 3048 903 3101 καὶ
959 3046 1058 3117 τὴν
1103 3045 1412 3117 προσοῦσαν
1467 3046 1769 3100 ἐπιείκειαν
1821 3045 1918 3099 καὶ

348 3141 689 3211 ἡμερότητα,
708 3138 803 3193 καὶ
831 3139 891 3191 τὸ
916 3140 1079 3192 πᾶσιν
1111 3137 1301 3192 ἑαυτὸν
1333 3138 1665 3210 παρέχεσθαι
1698 3137 1826 3208 ἡδύν
1857 3153 1915 3190 τε

2031 1955 2155 1994 cum
2192 1940 2301 1996 hoc
2328 1941 2471 1997 civili
2507 1943 2651 1998 bello
2681 1945 2958 1999 Romanos
2998 1945 3348 2001 incredibiles
3377 1945 3605 2001 calami-

2031 2039 2168 2086 tates
2201 2034 2497 2101 pertulisse
2527 2044 2839 2099 cernerent,
2871 2044 2926 2089 et
2957 2037 3305 2105 ignorarent,
3353 2037 3604 2107 magisue

2027 2137 2060 2177 a
2088 2122 2426 2194 Byzantinis,
2476 2141 2545 2180 an
2581 2142 2609 2180 a
2642 2118 3026 2182 Cantacuzeno
3060 2130 3246 2181 datum
3299 2135 3449 2181 esset
3497 2127 3602 2181 ini~

2030 2214 2164 2269 tium
2207 2233 2221 2270 :
2262 2224 2320 2270 et
2352 2217 2669 2286 quatidiaua
2705 2233 2825 2272 cum
2860 2218 2969 2273 illis
3013 2218 3341 2273 commercia
3396 2217 3603 2274 haben-

2030 2313 2132 2372 tes,
2173 2317 2267 2360 eos
2295 2305 2739 2362 Cantacuzenum
2778 2309 2967 2363 multis
2997 2318 3317 2365 accusantes
3346 2310 3603 2365 audirent

2029 2392 2194 2464 (quod
2229 2396 2486 2449 nimirum
2518 2396 2784 2466 regnandi
2808 2396 3109 2466 cupiditate
3142 2394 3332 2451 liberis
3361 2396 3594 2466 impera-

2028 2484 2165 2539 toris
2199 2485 2557 2551 insidiaretur
2589 2503 2603 2540 :
2638 2487 3011 2556 patriarcham
3053 2503 3175 2542 cum
3209 2487 3421 2542 caeteris
3451 2487 3600 2543 obsi-

2027 2587 2194 2644 stere,
2233 2594 2305 2633 ne
2347 2594 2580 2650 puerum
2635 2581 2780 2636 bello
2814 2580 2990 2635 victor
3029 2580 3343 2646 occideret,
3393 2578 3599 2648 alioqui

2024 2668 2237 2738 pridem
2266 2669 2506 2725 occisum
2540 2670 2759 2740 fuisse),
2782 2680 3046 2741 praeterea
3072 2685 3194 2725 cum
3228 2668 3597 2725 Cantacuzcni
3669 2738 3673 2743 ο

2025 2775 2136 2814 non
2170 2760 2350 2816 solum
2403 2777 2527 2816 cum
2584 2763 2844 2817 defuncto
2904 2764 3233 2832 imperatore
3282 2760 3599 2816 Andronico

2024 2853 2367 2907 voluntatum
2431 2855 2845 2925 studiorumque
2884 2869 3236 2919 consensum,
3269 2854 3364 2909 sed
3393 2861 3449 2908 et
3481 2867 3599 2907 mo-

2025 2960 2114 3000 res
2145 2945 2544 3015 placidissimos
2584 2954 2930 3017 reputarent,
2980 2954 3033 3001 et
3074 2945 3345 3016 quomodo
3387 2958 3446 2998 se
3479 2957 3600 2998 om-

2023 3038 2187 3092 nibus
2219 3037 2273 3090 in
2310 3041 2609 3109 congressu
2648 3047 2894 3102 suavem,
2929 3053 2993 3092 ac
3024 3037 3402 3093 benefaciendi
3436 3036 3597 3106 cupi-

2024 3127 2175 3191 dum,
2207 3127 2714 3196 benevolentiaeque
2751 3126 3053 3181 amicorum
3090 3140 3216 3196 erga
3283 3139 3343 3179 se
3381 3138 3594 3179 memo-

349 3189 689 3301 {sinsi-1.;
711 3189 805 3283 λιι
838 3189 1130 3298 φιλότιμον-
1145 3189 1287 3299 ζέρήδς
1324 3189 1432 3293 έᾶξ
1452 3189 1789 3299 ε’ύερχεσίας,
1810 3189 1914 3282 imi

2020 3233 2133 3271 rem
2162 3218 2473 3288 praeberet;
2505 3218 2905 3272 arbitrarentur
2937 3219 3101 3272 etiam
3152 3230 3261 3270 non
3298 3225 3405 3270 tam
3434 3214 3594 3269 facile

346 3321 451 3392 τῆς
481 3324 560 3383 εἰς
608 3320 771 3373 αὐτὸν
821 3320 1036 3382 εὐνοίας
1086 3320 1197 3374 τῶν
1240 3320 1408 3389 φίλων
1458 3320 1913 3392 μνημονευτικδν,

350 3416 446 3466 καὶ
482 3411 814 3482 νομίζοντες,
849 3413 953 3464 οὐκ
996 3412 1063 3465 ἂν
1093 3410 1238 3465 οὕτω
1275 3412 1474 3482 ῥᾳδίως
1519 3413 1646 3482 περὶ
1691 3411 1915 3481 βασιλέα

349 3504 441 3558 τὸν
481 3504 635 3571 φίλον
662 3501 1131 3573 ἠγνωμονηκέναι,
1180 3502 1460 3555 πιστεύειν
1494 3502 1594 3572 μὲν
1623 3503 1723 3557 οὐκ
1772 3498 1918 3572 εἶχον

348 3599 462 3659 τοῖς
495 3593 659 3650 αὑτοῦ
692 3594 1057 3665 κατηγοροῦσι
1099 3595 1169 3648 τὰ
1199 3594 1446 3660 τοιαῦτα,
1490 3595 1613 3650 οὔτε
1641 3599 1748 3668 μὴν
1780 3615 1917 3652 παν-

348 3690 586 3742 τάπασιν
639 3689 892 3741 ἀπιστεῖν
938 3689 1051 3749 τοῖς
1102 3686 1524 3758 θρυλλουμένοις
1573 3688 1746 3753 οὕτως
1811 3691 1917 3743 ὑπὸ

351 3783 585 3836 πολλῶν.
629 3782 729 3835 Διὰ
771 3782 833 3851 δὴ
865 3780 1039 3836 ταῦτα
1068 3783 1197 3850 περὶ
1229 3782 1484 3836 πλείστου
1520 3783 1790 3851 τιθέμενοι
1821 3801 1917 3836 σα-

350 3877 451 3945 φές
476 3892 530 3928 τι
558 3875 686 3945 περὶ
723 3872 814 3927 τοῦ
852 3874 1001 3942 παρὰ
1044 3873 1335 3944 Ῥωμαίοις
1369 3876 1727 3945 κεκινημένου
1759 3876 1916 3929 πολέ-

352 3983 457 4035 μου
484 3965 709 4034 γνῶναι,
737 3964 849 4018 δεῖν
893 3963 1162 4030 ἔγνωσαν,
1190 3965 1312 4017 ἐπεὶ
1345 3965 1510 4032 ἐγγὺς
1559 3961 1627 4036 ἦν
1659 3966 1912 4038 ἐστρατοο.

351 4057 705 4127 πεδευμένος,
745 4056 986 4124 πέμπειν
1033 4055 1168 4125 πρὸς
1200 4055 1364 4108 αὐτόν
1394 4072 1564 4121 τινας,
1593 4056 1642 4110 οἳ
1683 4056 1918 4121 διαλεξὰ-

353 4164 506 4219 μενοι
539 4149 639 4208 τας
686 4145 863 4207 αἰτίας
890 4145 1126 4197 εἴσονται
1178 4146 1393 4214 σαφῶς,
1426 4145 1483 4212 ἐξ
1516 4139 1590 4199 ὧν
1624 4148 1652 4199 ὁ
1679 4148 1917 4216 πόλεμος

252 4302 258 4306 π
351 4241 631 4308 κεκίνητο.
660 4238 767 4291 Καὶ
800 4236 1081 4307 πέμπουσι
1111 4236 1206 4290 δύο
1241 4237 1394 4299 τινὰς
1426 4239 1526 4307 τῆς
1564 4237 1673 4290 τῶν
1728 4255 1919 4307 μενου-

2016 3311 2073 3363 iu
2108 3308 2497 3379 imperatorem
2566 3308 2843 3376 ingratum
2889 3316 3054 3376 atque
3092 3307 3399 3376 improbum
3435 3320 3594 3374 repe-

2016 3399 2112 3453 riri
2147 3399 2393 3468 potuisse
2422 3416 2436 3453 :
2464 3413 2588 3453 cum
2646 3399 2784 3465 hinc,
2831 3398 3076 3468 inquam,
3108 3400 3439 3469 cogitarent,
3488 3413 3593 3453 nec

2018 3490 2178 3546 ﬁdem
2208 3488 2625 3545 accusatoribus
2653 3490 2972 3561 adiungere,
3012 3504 3113 3544 nec
3139 3504 3367 3558 prorsus
3399 3489 3589 3544 detra-

2016 3582 2152 3639 here
2174 3590 2456 3653 poterant,
2493 3582 2638 3652 quod
2680 3582 2816 3636 adeo
2847 3595 2878 3634 a
2915 3574 3101 3634 multis
3128 3579 3585 3648 praedicarentur.

2017 3673 2282 3739 Quocirca
2316 3679 2531 3728 certum
2584 3672 2788 3741 aliquid
2841 3671 2910 3726 de
2961 3671 3091 3726 belli
3133 3685 3298 3725 causa
3333 3680 3389 3724 et
3418 3670 3593 3726 initiis

2017 3777 2349 3833 cognoscere
2381 3763 2687 3831 nimiopere
2718 3762 3023 3833 cupientes,
3052 3762 3491 3831 quandoquidem
3544 3763 3591 3817 is

2016 3869 2184 3924 prope
2209 3864 2391 3909 castra
2415 3855 2659 3919 haberet,
2689 3856 2956 3924 quosdam
2993 3869 3120 3908 eum
3168 3862 3583 3923 percunctatum

2016 3945 2316 4000 mittendos
2347 3954 2681 4010 statuerunt,
2717 3954 2776 4000 ut
2822 3944 2967 4014 quod
3001 3945 3281 4008 volebant,
3310 3947 3591 4014 explorate

2016 4037 2313 4092 discerent.
2346 4037 2568 4092 Mittunt
2628 4037 2795 4108 igitur
2854 4037 2991 4091 duos
3026 4037 3303 4091 Minorum
3352 4036 3588 4092 instituti

2019 4129 2337 4194 monachos,
2372 4129 2671 4199 caeteroqui
2698 4128 3017 4198 prudentes,
3053 4139 3110 4185 et
3151 4127 3361 4183 Latinis
3392 4128 3590 4183 litteris

2016 4221 2438 4283 excultissim’os,
2463 4220 2629 4291 634
2660 4229 2716 4274 et
2754 4218 2809 4273 in
2859 4219 3192 4274 Aristotelea
3235 4219 3586 4289 philosophia

350 4329 484 4399 ρίων
510 4328 715 4393 τάξεως
751 4327 1036 4398 μοναχοὺς,
1070 4328 1325 4389 συνετοὺς
1362 4326 1462 4396 μὲν
1502 4327 1595 4380 καὶ
1620 4326 1816 4393 ἄλλως,
1853 4328 1914 4380 ού

2019 4311 2527 4367 exercitatissimos.
2568 4310 2775 4365 Horum
2814 4326 2958 4365 unus
2992 4317 3113 4365 erat
3158 4310 3463 4374 Sabaudus,
3492 4325 3588 4379 pa-

353 4421 463 4493 μὴν
491 4421 630 4474 ἀλλά
661 4420 751 4473 καὶ
781 4419 975 4486 σοφίας
1000 4419 1099 4489 τῆς
1129 4419 1281 4487 παρὰ
1315 4416 1607 4487 Ῥωμαίοις
1640 4419 1718 4481 εἰς
1748 4421 1917 4488 ἄκρον

2022 4413 2173 4460 terna
2208 4403 2532 4473 cognatione
2576 4406 2749 4458 Annae
2783 4402 3122 4472 imperatrici
3174 4402 3423 4472 junctus,
3459 4419 3582 4459 mo-

349 4513 811 4583 ιληλακὸτας,καὶ
837 4512 906 4566 τὰ
933 4510 1336 4582 Ἀριστοτέλους
1379 4508 1640 4564 κάλλιστα
1673 4510 1913 4579 ἐξησκη-

2021 4498 2319 4555 nachorum
2360 4497 2637 4583 minorum
2691 4494 2945 4551 antistes.
2995 4496 3344 4566 Quapropter
3374 4506 3431 4552 et
3470 4505 3585 4551 tum

294 4630 305 4635 θ
352 4575 567 4675 μένους.
594 4575 703 4659 ῩΗν
731 4604 787 4658 δὲ
815 4602 844 4656 ὁ
881 4604 979 4674 μὲν
1000 4575 1213 4673 ’ἔτερος
1248 4602 1428 4656 αὐτῶν
1461 4603 1525 4654 ἐκ
1549 4575 1798 4665 Σασωῖας
1820 4575 1916 4672 τῆς

2019 4590 2088 4645 ab
2118 4575 2472 4658 homophy'lis
2497 4588 2564 4642 ad
2602 4587 2986 4657 imperatorem
3019 4586 3220 4642 missus
3240 4600 3348 4653 est,
3389 4596 3450 4641 ut
3470 4588 3587 4642 ori-

351 4697 614 4767 πατρῴας
648 4696 824 4759 οἰκίας
858 4697 1027 4770 Ἀννῃ
1063 4699 1128 4768 τῇ
1182 4695 1439 4765 βασιλίδι,
1471 4695 1578 4748 τῶν
1613 4694 1918 4766 μενουρίων

2019 4684 2196 4752 ginem
2236 4681 2360 4737 belli
2389 4689 2645 4735 accurate
2674 4678 2976 4749 indagaret,
3028 4688 3085 4734 et
3116 4679 3326 4734 ratione
3366 4682 3586 4750 propin-

350 4788 710 4860 ήγούμενους.
742 4787 832 4843 Διὸ
864 4788 959 4842 καὶ
1002 4789 1123 4842 τότε
1174 4786 1311 4858 πρὸς
1350 4786 1575 4859 βασιλέα
1610 4789 1760 4859 παρὰ
1805 4786 1916 4841 τῶν

349 4883 640 4952 ὁμοφύλων
668 4881 948 4950 ἐπέμφθη,
989 4881 1055 4934 ἵν’
1086 4880 1161 4944 ὡς
1198 4880 1430 4950 μάλιστα
1460 4882 1557 4944 τὰς
1587 4881 1765 4944 αἰτίας
1800 4881 1916 4945 ἐξε-

348 4974 490 5045 τάσῃ
540 4973 635 5026 τοῦ
684 4973 948 5041 πολέμου,
982 4974 1048 5043 τῇ
1103 4971 1239 5042 πρὸς
1290 4971 1539 5042 βασιλίδα
1582 4972 1681 5042 τὴν
1715 4973 1915 5026 ’Δνναν

347 5066 734 5135 οἰκειότητιοῠ
777 5064 938 5136 μόνον
979 5064 1193 5134 βασιλεῖ
1236 5065 1313 5134 μὴ
1358 5066 1740 5136 χαριζόμενος,
1775 5066 1912 5121 ἀλλὰ

347 5161 445 5214 καὶ
478 5160 777 5228 ἀντιλέγων
820 5160 914 5213 καὶ
956 5157 1297 5226 ἀπελέγχων,
1345 5159 1449 5210 ὅσα
1481 5158 1700 5213 δυνατά.
1749 5157 1807 5212 Ὀ
1853 5159 1910 5213 δὲ
1960 5188 1963 5189 ν

280 5254 292 5264 ’
343 5252 533 5315 λοιπὸς
580 5252 689 5305 τῶν
709 5250 1111 5319 ἐξεταζομένων
1134 5249 1409 5321 ἀκροατὴς
1461 5252 1718 5319 ἐσόμενος
1749 5252 1910 5321 μόνον

343 5345 492 5414 ἥκει*
526 5344 615 5397 ἴνα
646 5343 720 5414 μὴ
749 5344 954 5403 ἐκεῖνος
978 5339 1133 5404 αὖθις
1162 5341 1520 5411 χαριζόμενος
1549 5341 1749 5411 ἐαυτῷ,
1776 5343 1911 5395 ἀπο-

343 5434 607 5504 κρύπτειν
636 5432 869 5505 ἐθελήσῃ
895 5432 1418 5503 τάληθῆ.Ἐλθόντες
1447 5433 1503 5485 δὲ
1536 5433 1616 5495 εἰς
1656 5433 1716 5485 τὸ
1744 5449 1907 5504 στρα-

340 5524 584 5591 τόπεδον,
617 5528 711 5580 καὶ
740 5525 964 5595 βασιλέα
1006 5523 1579 5594 προσαγορεύσαντες,
1611 5523 1771 5595 ἥκειν
1805 5526 1902 5594 μὲν

342 5617 549 5687 ἔφασαν
579 5618 673 5671 καὶ
701 5616 916 5687 ὁμιλίας
959 5617 1123 5671 ἕνεκα
1156 5617 1252 5670 καὶ
1298 5618 1590 5686 συντυχίας
1637 5616 1736 5687 τῆς
1762 5617 1901 5687 πρὸς

338 5707 523 5775 αὐτδν,
555 5705 729 5773 οὕτως
758 5709 924 5778 ἐγγὺς
950 5707 1533 5783 ἐστρατοπεδευμένοι).
1559 5709 1894 5781 Τὸμάλιστνι

2017 4772 2246 4843 quitatis
2293 4786 2416 4826 cum
2477 4770 2852 4840 imperatrice,
2904 4785 3014 4825 non
3051 4771 3216 4825 modo
3264 4772 3582 4840 imperatori

2015 4865 2155 4921 nihil
2211 4862 2557 4926 concederet,
2587 4862 2681 4918 sed
2727 4861 2890 4917 etiam
2923 4861 3345 4928 contradiceret,
3399 4878 3589 4932 quan~v

2017 4964 2243 5024 tumque
2289 4962 2499 5023 posset,
2560 4968 2684 5007 eum
2735 4951 3036 5008 refelleret.
3090 4953 3243 5009 Alter
3277 4963 3486 5010 tantum
3518 4964 3576 5011 ut

1948 5064 1955 5069 ε
2014 5046 2183 5114 hujus
2210 5044 2572 5117 indagatiouis
2629 5043 2966 5100 auscultator
2993 5059 3058 5100 ac
3089 5046 3244 5100 testis
3299 5048 3571 5112 veniebat,

2014 5153 2080 5191 ne
2114 5148 2304 5206 postea
2329 5137 2515 5191 socius
2549 5134 2867 5204 imperatori
2902 5136 3257 5206 gratiﬁcatus,
3286 5139 3574 5194 veritatem

2012 5231 2239 5287 celaret.
2270 5229 2504 5299 Iugressi
2537 5230 2708 5298 igitur
2752 5237 2953 5293 castra,
2983 5245 3042 5284 se
3067 5230 3186 5301 ejus
3210 5218 3581 5305 conveniendi

2009 5332 2061 5376 et
2095 5321 2409 5391 alloquendi
2441 5334 2628 5385 causa,
2659 5321 2881 5388 quando
2935 5329 3042 5374 tam
3090 5337 3263 5392 prope
3310 5324 3581 5389 tenderet,

2008 5411 2307 5466 advenisse
2334 5411 2610 5466 dixerunt.
2648 5411 3000 5466 Potissimum
3026 5423 3206 5468 autem
3253 5416 3456 5472 idcirco
3484 5433 3582 5473 ve-

2007 5505 2179 5567 nisse,
2208 5502 2354 5573 quod
2387 5502 2481 5556 diu
2524 5503 2635 5572 jam
2671 5503 2815 5557 bello
2845 5503 2948 5557 hoc
2981 5504 3122 5559 inter
3162 5503 3440 5562 Romanos
3471 5508 3580 5563 du-

2009 5604 2191 5659 rante,
2250 5603 2309 5649 et
2356 5594 2587 5649 vastatis
2635 5595 2882 5663 quotidie
2909 5595 3137 5650 urbibus
3167 5596 3309 5651 inter
3336 5612 3396 5652 se
3422 5597 3580 5652 dissi-

2009 5687 2290 5756 dentibus,
2325 5686 2648 5757 reliquaque
2674 5685 2898 5758 regione
2928 5702 2956 5741 a
2989 5687 3250 5745 Romanis
3278 5698 3334 5745 et
3373 5688 3576 5747 barba-
