4048 6488
497 347 635 418 1191

1687 340 2017 402 JOANNIS
2055 338 2592 403 CANTACUZENI
3635 344 3748 406 χωρ,

493 462 572 518 ris
600 455 1023 530 prtcdatoribus,
1057 451 1151 522 qui
1198 449 1456 522 pluribus
1513 457 1570 504 et
1623 447 2080 518 irreparabilibus

2200 447 2240 501 ῑὲ
2277 449 2474 500 πεῖσαν
2507 441 2647 498 εἶναι
2697 445 3020 514 ἀφικέσθαι,
3068 449 3150 502 ὅτι
3201 451 3396 521 χρᾶνον
3421 453 3526 523 ήδη
3571 466 3749 525 συχνὸν

499 568 620 608 eam
679 545 1035 603 detrimentis
1096 543 1444 606 affecissent,
1509 539 1806 608 multisque
1859 539 2082 594 assidue

496 643 672 712 captis
705 649 761 695 et
796 636 1137 706 interemptis
1164 633 1350 688 nullus
1408 630 1589 686 adhuc
1641 630 1911 683 malorum
1956 627 2081 684 linis

498 742 759 803 appareat
797 753 806 786 :
839 743 1018 796 neque
1067 728 1171 780 hoc
1207 724 1398 778 saltem
1433 736 1562 775 vere
1615 731 1954 790 cognoscere
2016 717 2086 770 li-

503 837 646 890 ceat,
685 825 829 877 unde
887 821 1091 876 bellum
1128 818 1366 886 primum
1425 814 1676 882 coeperit,
1711 819 1767 866 et
1817 824 1958 877 quas
2009 808 2084 863 ob

500 932 697 972 causas
729 930 899 983 usque
936 913 1096 966 hodie
1137 908 1317 964 sedari
1349 907 1685 975 nequiverit,
1720 903 1816 958 sed
1849 917 1960 956 non
1993 916 2083 958 se—

504 1025 602 1064 cus
637 1023 798 1078 quam
852 1005 1042 1059 furens
1079 1002 1299 1056 flamma
1352 998 1538 1052 omnia
1572 995 1837 1066 pervadat
1881 1003 1938 1048 et
1989 993 2086 1046 ab~

504 1110 710 1154 sumat.
763 1097 828 1151 Ει
852 1110 1166 1164 quanquam
1204 1107 1270 1145 ex
1314 1091 1438 1144 aliis
1470 1088 1659 1142 multis
1690 1087 1850 1140 aliter
1899 1084 2085 1139 audie-

504 1194 636 1254 rint,
663 1203 722 1244 ut
753 1190 990 1258 quisque
1021 1195 1114 1239 aut
1148 1185 1288 1239 bene
1312 1191 1407 1235 aut
1436 1180 1579 1234 male
1620 1179 1672 1232 in
1697 1179 2083 1247 imperatorem

505 1285 779 1336 animatus
805 1290 912 1343 est,
947 1289 1128 1332 tamen
1167 1277 1232 1330 iis
1262 1271 1598 1330 credendum
1632 1284 1742 1322 non
1765 1266 2082 1322 censuisse:

505 1376 619 1444 qui,
653 1371 930 1442 quomodo
963 1369 1067 1438 ipsi
1093 1381 1290 1422 sensus
1314 1373 1370 1420 et
1404 1363 1764 1433 cogitationes
1805 1375 1934 1414 suas
1964 1374 2084 1412 mu-

515 1477 654 1527 tant,
683 1467 766 1519 sic
793 1465 958 1519 etiam
995 1477 1083 1515 res
1101 1459 1298 1514 mutari
1336 1457 1538 1511 debere
1565 1455 1880 1523 opinantur.
1906 1449 2087 1516 Quare

507 1576 566 1614 se
596 1572 786 1625 rogare
819 1567 1152 1624 magnopere
1194 1560 1253 1605 ut
1305 1549 1424 1618 ipse
1461 1552 1731 1600 memoret
1770 1559 1881 1613 quo
1926 1552 2088 1613 pacto

509 1650 724 1720 singula
757 1663 816 1702 se
850 1645 1166 1706 habuerint,
1218 1641 1310 1712 qni
1348 1653 1411 1694 ea
1447 1653 1560 1706 prae
1589 1637 1850 1692 omnibus
1893 1634 2089 1689 certis-

508 1744 650 1798 simo
707 1739 873 1805 norit,
909 1747 966 1792 et
1007 1737 1296 1790 veritatem
1333 1731 1614 1786 occultare
1673 1728 1845 1790 nolet,
1899 1733 2088 1796 utpote

509 1835 756 1906 ejusdem
803 1831 933 1885 inde
961 1847 989 1884 a
1020 1842 1218 1899 puero,
1280 1827 1424 1879 sicut
1457 1823 1796 1891 acceperint.
1849 1819 2090 1873 tenacis-

510 1929 684 1984 simus
716 1942 732 1980 :
763 1926 926 1993 idque
959 1938 1024 1978 eo
1057 1921 1262 1982 minus,
1301 1917 1444 1987 quod
1484 1924 1700 1970 exstent
1735 1911 1958 1982 plurimi
1995 1909 2089 1980 qui

512 2036 646 2074 vera
713 2017 1078 2072 subticentem
1133 2013 1348 2082 possint
1397 2011 1746 2077 redarguere.
1790 2005 2093 2074 Imperator

514 2128 626 2168 non
669 2112 736 2166 de
769 2109 1007 2164 adventu
1041 2103 1447 2168 tantummodo,
1501 2101 1595 2156 sed
1632 2101 1800 2154 etiam
1837 2097 1907 2152 de
1957 2097 2093 2167 peti-

512 2208 664 2262 tione
718 2217 815 2257 eos
842 2199 1053 2264 laudat,
1107 2197 1421 2268 gratiasque
1482 2209 1706 2264 magnas
1759 2192 1892 2264 agit,
1947 2191 2094 2245 affir-

513 2313 671 2355 mans
701 2294 910 2364 pridem
951 2301 1174 2361 optasse
1207 2289 1340 2344 tales
1373 2288 1476 2344 sibi
1506 2288 1849 2356 contingere,
1887 2287 1980 2354 qui
2023 2285 2093 2342 ad

515 2388 828 2449 veritatem,
885 2397 997 2436 non
1031 2380 1098 2434 ad
1136 2379 1288 2432 litem
1335 2388 1390 2432 et
1445 2376 1860 2431 altercationem
1902 2374 2095 2430 audire

514 2480 737 2534 vellent.
769 2477 973 2530 Praeter
1005 2472 1114 2526 alia
1144 2471 1348 2539 quippe
1386 2468 1528 2521 mala
1566 2482 1688 2534 qua:
1739 2467 1847 2522 sibi
1890 2465 2093 2521 bellum

515 2572 623 2625 hoc
675 2565 965 2627 indixerit,
1009 2561 1206 2616 ethoc
1256 2559 1553 2612 molestum
1611 2557 1897 2621 accidisse,
1949 2555 2094 2626 quod

515 2659 760 2719 nondum
798 2657 947 2709 viros
976 2653 1190 2721 aliquos
1230 2649 1539 2720 prudentes
1562 2647 1854 2711 invenerit,
1885 2661 1978 2716 qui
2011 2647 2094 2715 ju-

517 2764 660 2811 stam
721 2749 790 2804 de
843 2747 1014 2800 armis
1071 2744 1192 2798 istis
1254 2742 1587 2795 sententiam
1646 2739 2096 2810 pronuntiarent.

516 2846 676 2902 Nunc
706 2840 840 2910 ipsis
883 2834 1182 2905 improviso
1215 2832 1635 2886 advenientibus
1663 2839 1716 2886 et
1755 2846 1868 2885 rem
1898 2829 2097 2900 exponi

523 2933 866 3007 rogantibus,
897 2942 1037 2999 quos
1067 2927 1184 2996 ipse
1223 2925 1468 2979 nancisci
1503 2925 1645 2978 votis
1675 2924 1905 2978 summis
1939 2935 2099 2992 opta-

518 3029 682 3090 verit,
715 3035 772 3079 et
801 3025 894 3093 qui
949 3023 1175 3090 insuper
1211 3019 1356 3088 apud
1397 3033 1455 3071 se
1487 3032 1596 3071 non
1637 3017 1812 3070 solum
1867 3016 1940 3069 ob
1971 3031 2100 3069 eru-

2183 534 2280 588 τοῦ
2313 535 2453 604 πρὸς
2491 535 2761 603 ἀλλήλους
2803 535 3101 604 Ῥωμαίοις
3141 538 3386 608 πολέμου
3427 544 3643 596 τουτουῖ
3673 563 3753 599 κε-

2183 642 2308 693 κινη
2319 626 2507 696 μένου,
2533 625 2627 678 καὶ
2650 625 3112 696 διαφθειρομένων
3133 630 3408 702 ὁσημέραι
3437 632 3546 685 τῶν
3567 636 3754 690 πόλεων

2186 717 2279 771 ὑπ’
2312 717 2561 788 ἀλλήλων
2610 719 3038 786 στασιαζόντων,
3093 722 3186 774 καὶ
3223 724 3320 792 τῆς
3366 725 3540 795 ἄλλης
3591 726 3754 798 χώρας

2190 810 2294 864 ὑπὸ
2349 811 2640 880 Ῥωμαίων
2671 811 2768 864 καὶ
2816 811 3110 882 βαρϐάρων
3156 814 3264 866 τῶν
3289 822 3752 887 κατατρεχόντων,

2187 901 2283 954 καὶ
2313 901 2582 954 πλείστων
2604 901 2696 953 καὶ
2717 902 3032 971 ἀνηκέστων
3049 902 3416 973 τελουμένων,
3444 908 3540 960 καὶ
3564 909 3755 962 πολλῶν

2188 994 2314 1046 καθ’
2345 995 2564 1064 ἡμέραν
2599 994 2968 1064 κτεινομένων
3002 999 3095 1049 καὶ
3131 997 3753 1070 ὲξανδραποδιζομένων,

2189 1083 2316 1137 οὐτε
2364 1083 2521 1146 λύσις
2548 1083 2663 1138 τῶν
2705 1084 2894 1136 κακῶν
2943 1086 3169 1156 οὐδεμία
3214 1086 3620 1158 ἐξευρίσκεται,
3657 1091 3758 1143 οὐδ’

2190 1176 2323 1228 αὐτὸ
2374 1175 2533 1228 τοῦτο
2581 1174 2758 1241 ἔξεστι
2785 1177 3013 1247 τάληθὲς
3042 1179 3253 1247 μαθεῖν,
3275 1181 3410 1233 ὅθεν
3437 1196 3498 1232 τε
3521 1180 3713 1250 ήρξατο
3735 1182 3760 1234 ύ

2191 1265 2424 1334 πόλεμος
2440 1267 2504 1317 τὸ
2529 1265 2768 1333 πρῶτον,
2788 1269 2896 1320 κάκ
2913 1268 3076 1320 τίνων
3096 1268 3206 1321 τῶν
3223 1272 3419 1325 αἰτίων
3440 1270 3594 1324 οῠπω
3613 1275 3758 1340 μέχρι

2193 1355 2290 1409 νῦν
2328 1356 2700 1426 καταλυθῆναι
2734 1356 3001 1428 ἠδυνήθη,
3027 1358 3143 1412 ἀλλ’
3157 1361 3330 1424 οὕτως
3371 1364 3554 1415 ἔπεισι
3577 1365 3755 1425 πάντα,

2191 1444 2379 1512 ὥσπερ
2440 1445 2572 1514 φλὸξ
2629 1449 3064 1504 καταναλίσκων.
3121 1452 3315 1504 Καίτοι
3378 1469 3446 1520 γε
3481 1454 3754 1524 ἀκηκοέναι

2199 1539 2264 1590 ὲκ
2298 1537 2529 1598 πολλῶν,
2582 1537 2758 1592 ἄλλων
2796 1538 2972 1600 ἄλλως
3005 1541 3082 1602 ὡς
3131 1541 3365 1604 ἕκαστος
3411 1543 3749 1613 ἀπεχθείαςῆ

2193 1629 2408 1692 εὐνοίας
2441 1629 2576 1701 πρὸς
2606 1631 2749 1700 ὑμᾶς
2797 1631 2926 1694 τοὺς
2958 1633 3216 1701 βασιλέας
3247 1635 3443 1705 έχουσι
3471 1635 3748 1705 διηγουμέ·

2194 1739 2322 1774 νωνο
2356 1716 2436 1786 οἷς
2465 1723 2525 1774 οὐ
2572 1723 2780 1776 δίκαιον
2814 1724 3096 1776 πιστεύειν
3127 1727 3454 1796 κεκρικέναι
3500 1728 3609 1790 τοῖς
3637 1743 3752 1795 σφε-

2121 1791 2162 1850 B
2197 1814 2380 1883 τέροις
2405 1815 2587 1868 αὐτῶν
2620 1817 2820 1870 πάθεσι
2841 1791 3405 1887 συμμεταϐάλλεσθαι
3433 1817 3643 1883 ἀξιοῦσι
3672 1791 3750 1871 καὶ

2198 1905 2267 1958 τὰ
2302 1906 2628 1976 πράγματα.
2663 1908 2756 1961 Διὸ
2791 1911 2885 1962 καὶ
2913 1911 3122 1964 δεῖσθαι
3153 1910 3394 1980 μάλιστα
3420 1910 3587 1964 αὐτοῦ
3614 1911 3754 1964 αὐτὸν

2199 2002 2601 2074 ἐξηγήσασθαι,
2625 2003 2702 2066 ὡς
2735 2004 2894 2072 ἔσχεν
2924 2006 3130 2058 ’ἐκαστα
3163 2005 3490 2075 σαφέστατά
3517 2021 3576 2058 τε
3601 2005 3754 2057 εἰδότα

2200 2097 2308 2150 τῶν
2333 2097 2525 2166 ίᾶλλων
2562 2097 2789 2168 μᾶλλον,
2839 2101 2934 2152 καὶ
2976 2099 3208 2170 τάληθὲς
3255 2099 3318 2150 οὐ
3377 2099 3754 2169 βουλησόμενον

2201 2187 2608 2258 ἀποκρύπτειν,
2640 2184 2728 2242 οἷα
2779 2190 2844 2259 δὴ
2888 2189 3146 2260 ἀληθείας
3177 2207 3235 2243 τε
3264 2191 3555 2262 ἐχόμενον,
3593 2189 3755 2257 ὥσπερ

2201 2281 2475 2350 ἀκούομεν
2507 2280 2769 2351 ἐξαρχῆς,
2804 2282 2978 2346 ἄλλως
3008 2298 3068 2334 τε
3099 2283 3192 2336 καὶ
3226 2282 3446 2336 πολλῶν
3479 2281 3644 2336 ὄντων
3668 2280 3755 2332 τῶν

2201 2373 2585 2443 δυνησομένων
2639 2374 2995 2443 ἀπελέγχειν,
3030 2372 3097 2426 ἂν
3145 2375 3412 2443 φαίνηται
3471 2375 3547 2442 μὴ
3604 2371 3755 2436 λέγειν

2203 2465 2482 2535 ᾑρημένος
2513 2465 2742 2535 τάληθῇ.
2785 2467 3050 2526 Βασιλεὺς
3095 2466 3175 2529 δὲ,
3205 2467 3266 2517 οὐ
3310 2465 3410 2518 τοῦ
3445 2465 3576 2535 παρ’
3623 2462 3757 2515 cum

2208 2558 2438 2626 ἀφῖχθαι
2473 2556 2657 2626 μόνον,
2684 2557 2820 2610 ἀλλὰ
2863 2557 2957 2610 καὶ
2988 2558 3085 2627 τῆς
3132 2557 3415 2627 αἰτήσεως
3443 2555 3652 2626 ἐπῄνει,
3683 2555 3756 2605 καὶ

2203 2648 2440 2718 χάριτας
2463 2649 2522 2701 οὐ
2544 2647 2642 2712 τὰς
2673 2647 2944 2719 τυχούσας
2967 2649 3260 2718 ὡμολόγει.
3297 2648 3485 2702 Πάλαι
3518 2647 3622 2717 γὰρ
3646 2645 3756 2714 εφα-

2207 2755 2336 2792 σκεν
2375 2739 2667 2809 ἐπιθυμεῖν
2718 2741 2826 2792 τῶν
2867 2741 3006 2810 πρὸς
3041 2741 3332 2812 ἀλήθειαν,
3381 2741 3500 2796 ἀλλ’
3539 2741 3598 2793 οὐ
3643 2739 3754 2802 πρὸς

2165 2887 2168 2896 ι
2207 2827 2323 2898 ἔριν
2365 2835 2460 2882 καὶ
2506 2830 2846 2898 φιλονεικίαν
2890 2832 3114 2886 ἀκούειν
3163 2832 3610 2904 βουλησομένων.
3639 2829 3754 2900 Πρὸς

2208 2921 2319 2992 γὰρ
2347 2923 2456 2983 τοῖς
2494 2923 2675 2984 ἄλλοις
2710 2917 2792 2987 οἷς
2827 2925 3137 2992 ἐπήνεγκεν
3169 2928 3194 2977 ὁ
3241 2926 3482 2995 πόλεμος
3510 2923 3648 2990 αὐτῴ
3674 2939 3750 2973 κα·

2209 3014 2347 3080 κοῖς,
2381 3014 2661 3067 καὶτοῦτο
2692 3014 2800 3068 τῶν
2828 3017 3084 3086 ἐπαχθῶν
3115 3018 3400 3086 ἡγεῖσθαι,
3422 3018 3482 3070 τὸ
3513 3016 3750 3086 μηδέποτε

528 3120 800 3175 ditionem
885 3122 1050 3183 atque
1148 3109 1494 3181 prudentiam
1558 3108 1805 3178 judicum
1901 3123 2100 3164 munus

2212 3105 2452 3156 συνετῶν
2478 3120 2639 3157 τινων
2668 3105 2960 3173 ἀκροατῶν
2988 3108 3171 3177 τυχεῖν
3200 3107 3251 3159 οῖ
3278 3108 3592 3160 δικάσουσιν
3627 3099 3750 3166 αὐτῷ

518 3212 671 3282 fungi
713 3205 953 3277 possint,
985 3203 1080 3257 sed
1102 3202 1174 3256 ob
1200 3201 1250 3255 id
1293 3201 1472 3270 ipsum
1500 3200 1776 3278 venerint,
1800 3208 1861 3254 ut
1885 3215 1949 3253 ex
1982 3200 2102 3271 ejus

521 3316 618 3360 ore
644 3301 932 3356 veritatem
988 3296 1058 3350 de
1104 3292 1268 3365 635
1300 3292 1406 3347 hoc
1469 3293 1614 3348 bello
1639 3293 2010 3363 perciperent,
2036 3294 2102 3348 li-

520 3389 848 3448 beatissime
919 3385 1106 3441 omnia
1165 3383 1564 3452 explicaturum
1600 3421 1616 3443 .
1672 3391 1728 3436 et
1782 3382 2104 3452 petitionem

520 3484 666 3538 hanc
695 3483 750 3534 in
789 3477 1057 3534 memoria
1093 3476 1431 3528 habiturum.
1463 3472 1666 3527 Orabat
1697 3474 1882 3537 simul,
1932 3489 2001 3529 ne
2049 3490 2108 3529 se

523 3573 932 3644 reprehendere
983 3574 1339 3629 vererentur,
1389 3565 1432 3618 si
1468 3579 1526 3618 se
1561 3573 1655 3618 aut
1683 3564 1983 3634 pejerasse.
2013 3574 2108 3619 aut

525 3665 789 3736 injurium
837 3661 1032 3722 fuisse,
1066 3667 1162 3713 aut
1196 3657 1558 3726 imperatoris
1593 3657 1754 3711 amici
1799 3656 1929 3712 ﬁliis
1969 3657 2107 3711 insi-

526 3758 647 3813 dias
674 3754 1075 3824 composuisse.
1135 3758 1233 3804 aut
1267 3750 1411 3804 bello
1436 3759 1712 3804 commoto
1761 3750 2104 3804 calamitates

527 3846 952 3916 inexplicabiles
1008 3847 1284 3901 invexisse
1332 3843 1836 3912 deprehenderent.
1873 3841 2109 3898 Exorsus

527 3938 692 4008 igitur
725 3953 754 3988 a
789 3935 1082 4005 principio,
1116 3934 1313 3988 ordine
1345 3932 1559 4004 singula
1595 3931 1909 3997 recensuit,
1943 3947 2105 4001 quam

523 4026 774 4096 perfecte
808 4025 925 4094 ipse
978 4034 1032 4080 et
1073 4024 1424 4079 Andronicus
1461 4025 1606 4077 inter
1633 4037 1690 4078 se
1736 4023 2058 4079 dilexisscnt
2091 4039 2106 4076 :

525 4127 582 4172 et
614 4115 890 4186 quomodo
919 4131 986 4169 eo
1010 4125 1227 4170 mortuo
1251 4129 1361 4168 non
1397 4115 1549 4168 liberi
1575 4114 1775 4178 solum,
1807 4123 1864 4170 et
1883 4115 2108 4182 conjux,

525 4219 584 4266 et.
639 4210 958 4280 respublica
1010 4219 1177 4266 tanta:
1225 4210 1330 4264 sibi
1373 4225 1519 4266 cura:
1550 4209 1775 4276 fuerint,
1825 4220 1886 4265 ut
1918 4226 2110 4266 eorum
2146 4218 2150 4223 ’

527 4317 696 4357 causa
757 4317 870 4356 non
923 4301 1088 4356 modo
1129 4303 1445 4371 pecuniam,
1481 4302 1598 4367 sed,
1659 4302 1704 4358 si
1758 4317 1897 4372 opus
1945 4302 2106 4370 foret,

527 4396 696 4451 vitam
731 4409 950 4464 quoque
985 4393 1310 4463 impendere
1343 4402 1568 4463 paratus
1597 4402 1745 4450 esset
1778 4413 1791 4448 :
1833 4395 2110 4465 quomodo

2210 3196 2340 3265 περὶ
2370 3196 2524 3248 τοῦδε
2551 3196 2644 3250 τοῦ
2681 3199 2945 3268 πολέμου.
2977 3197 3114 3252 Νυνὶ
3141 3199 3197 3251 δὲ
3227 3200 3418 3262 αὐτοῖς
3453 3198 3588 3252 κατὰ
3609 3193 3751 3261 τύχην

2211 3288 2563 3358 ἀφιγμένοις,
2601 3291 2943 3362 παρέχεσθαι
2970 3308 3030 3344 τε
3070 3291 3370 3360 δεομένοις,
3402 3287 3477 3346 ὧν
3507 3290 3653 3351 αὐτὸς
3676 3303 3750 3338 τυ·

2209 3384 2325 3450 χείν
2390 3382 2447 3435 ὲν
2495 3383 2762 3456 μεγίστης
2809 3383 2974 3454 εὐχῆς
3003 3380 3106 3456 ἦγε
3159 3385 3341 3455 μέρει,
3373 3384 3546 3446 ἄλλως
3586 3397 3640 3434 τε
3676 3379 3752 3431 καὶ

2209 3475 2534 3544 δυναμένοις
2567 3477 2736 3529 τόπον
2765 3477 3040 3530 δικαστῶν
3075 3478 3329 3548 κατέχειν
3358 3479 3488 3548 παρ’
3517 3472 3670 3542 αὐτῷ»
3701 3471 3748 3520 οὗ

2215 3566 2377 3636 μόνον
2404 3566 2492 3620 διὰ
2519 3565 2617 3638 τὴν
2647 3567 2842 3636 σοφίαν
2869 3570 2964 3622 καὶ.
2989 3567 3090 3636 τὴν
3145 3570 3392 3635 σύνεσιν,
3437 3566 3548 3621 ἀλλ’
3575 3565 3648 3617 ὃτι
3676 3563 3750 3614 καὶ

2211 3656 2299 3709 ἐπ’
2345 3657 2495 3729 αὐτῷ
2524 3657 2701 3729 τούτῳ
2741 3659 2953 3730 ἥκοιεν,
2990 3659 3054 3714 ἵν’
3097 3661 3160 3714 ὲκ
3194 3661 3304 3714 τῶν
3338 3653 3748 3728 λεγομένωντά-

2211 3748 2354 3819 ληθῆ
2379 3751 2510 3820 περ)⁹
2564 3749 2660 3802 τοῦ
2710 3750 2951 3821 πολέμου
3003 3753 3200 3820 γνοῖεν,
3234 3753 3438 3820 ἥκιστά
3458 3767 3514 3802 τε
3565 3747 3751 3801 ἅπαντα

2212 3842 2376 3894 αὐτὸν
2427 3841 2780 3912 ἑκθήσεσθαι,
2813 3843 2904 3895 καὶ
2931 3842 3092 3912 χάριν
3112 3845 3347 3916 εἰδήσειν
3377 3845 3474 3914 τῆς
3497 3840 3746 3910 αίτήσεως-

2223 3931 2426 3984 Ἐδεῖτό
2452 3949 2510 3983 τε
2535 3933 2716 3986 αὐτῶν
2751 3931 2920 4002 μηδὲν
2954 3933 3450 4004 ὑποστειλαμένους
3483 3928 3750 3994 ἐξελέγχειν

2213 4024 2280 4077 ἂν
2312 4025 2573 4096 φαίνηται
2598 4025 2875 4093 ἐπιορκῶν
2911 4025 3007 4076 καὶ
3041 4025 3264 4094 ἀδικῶν,
3299 4028 3393 4080 καὶ
3423 4025 3454 4094 ἢ
3489 4024 3595 4082 τοῖς
3623 4019 3750 4086 βασι-

2211 4116 2349 4180 λέως
2383 4120 2543 4169 παισὶ
2581 4117 2676 4170 τοῦ
2709 4119 2866 4185 φίλου
2897 4117 3289 4182 ἐπιϐουλεύων,
3337 4118 3370 4186 ἢ
3419 4114 3511 4169 τοῦ
3545 4111 3748 4176 πολέμου

2212 4211 2408 4277 αἴτιος,
2447 4213 2543 4264 καὶ
2573 4212 2672 4279 τῆς
2714 4209 3006 4280 Ῥωμαίων
3055 4209 3342 4280 ἀμυθήτου
3391 4207 3588 4277 φθορᾶς
3622 4213 3748 4268 γεγε-

2213 4303 2512 4372 νημέένους.
2554 4303 2611 4358 ’Λ
2626 4302 2894 4372 ρξάμενός
2921 4319 2980 4354 τε
3017 4305 3111 4355 ἀπ’
3145 4302 3317 4372 ἀρχῆς
3357 4299 3516 4360 εὐθὺς
3545 4290 3750 4361 διηγεῖτο

2213 4392 2439 4455 ἕκαστα,
2470 4393 2571 4463 τήν
2597 4409 2657 4445 τε
2687 4392 2852 4446 αὐτοῦ
2897 4394 2991 4446 καὶ
3018 4390 3282 4460 βασιλέως
3327 4387 3646 4458 Ἀνδρονίκου
3671 4373 3746 4429 ED-

528 4490 662 4543 item
699 4487 952 4558 praefecti
991 4487 1234 4542 cubiculi
1295 4487 1523 4541 insidias
1576 4486 1855 4542 immerito
1884 4503 2100 4559 perpes-

2213 4500 2363 4537 νοιαν
2390 4485 2486 4537 καὶ
2505 4484 2690 4552 φιλίαν
2722 4484 2859 4555 πρὸς
2887 4485 3150 4555 ἀλλήλους
3179 4483 3406 4554 ἀκριϐῆ,
3433 4477 3522 4532 καὶ
3540 4474 3609 4536 ὡς
3633 4465 3747 4540 μετά

527 4597 624 4637 sus
653 4582 746 4645 sit,
785 4579 878 4649 qui
907 4594 976 4633 ex
1017 4579 1224 4633 invidia
1258 4593 1447 4634 necem
1484 4579 1590 4634 sibi
1623 4593 1823 4648 parare
1868 4580 2108 4649 quznsie-

530 4674 626 4738 rit,
675 4681 735 4727 ut
787 4673 907 4741 ipse
964 4685 1151 4725 rerum
1210 4670 1584 4740 principatum
1630 4671 1944 4737 obtineret;
2003 4687 2113 4742 quo

527 4765 691 4818 etiam
722 4769 886 4831 pacto
915 4759 1244 4832 commentis
1297 4774 1362 4814 ac
1415 4759 1789 4831 sycophantiis
1820 4761 1954 4827 suis,
2005 4761 2112 4815 im-

529 4851 787 4923 ponendo
843 4849 968 4915 sibi,
999 4849 1148 4920 quod
1205 4866 1488 4922 nunquam
1537 4852 1832 4921 cogitarat,
1869 4853 2109 4923 patriar-

532 4943 972 5011 cbamaliosque
1003 4941 1288 5013 deceperit
1331 4959 1345 4996 :
1387 4958 1496 5011 qua
1535 4943 1750 4998 ratione
1785 4943 1886 5009 illi,
1917 4959 2114 5014 quam-

533 5036 620 5090 vis
657 5048 716 5089 se
755 5033 976 5088 mentiri
1025 5043 1082 5088 et
1109 5033 1437 5088 calumniari
1492 5034 1702 5089 scirent
1733 5036 2116 5091 manifestissi-

537 5142 645 5194 me,
687 5128 855 5181 verbo
893 5141 1000 5196 pro
1060 5127 1417 5196 imperatrice
1464 5135 1521 5181 et
1565 5125 1693 5181 filiis
1755 5129 1897 5199 ejus,
1933 5129 2114 5200 reipsa

536 5235 634 5289 pro
667 5218 972 5274 commodis
1004 5219 1117 5273 suis
1145 5220 1228 5286 (ut
1254 5219 1546 5288 putabant)
1586 5219 1758 5274 multa
1789 5237 1913 5276 cum
1950 5221 2108 5275 falla-

535 5312 619 5366 cia
654 5311 856 5366 bellum
899 5310 1238 5366 concitarint
1271 5326 1282 5361 :
1321 5325 1596 5382 quamque
1664 5313 1899 5383 improbi
1940 5324 1994 5368 et
2029 5315 2114 5368 in-

532 5400 754 5455 humani
781 5415 903 5454 cum
942 5402 993 5454 in
1032 5416 1113 5465 se,
1149 5409 1262 5454 tum
1311 5401 1364 5454 in
1404 5411 1630 5456 matrem
1685 5418 1840 5458 suam
1889 5412 1946 5458 et
1984 5420 2114 5474 pro-

534 5493 771 5561 pinquos
804 5491 1150 5557 exstiterint,
1209 5491 1425 5561 injuriis
1449 5507 1545 5548 eos
1585 5495 1902 5558 insolenter,
1940 5497 2114 5552 illibe-

535 5583 724 5637 raliter
757 5593 812 5636 et
869 5581 1084 5637 nefarie
1135 5584 1495 5653 exagitantes,
1519 5594 1575 5640 et
1610 5586 1826 5641 divitias
1864 5604 1991 5643 suas
2018 5605 2115 5659 per

536 5677 756 5732 ultimas
802 5666 994 5731 mundi
1044 5685 1238 5748 gentes
1289 5678 1529 5745 auditas,
1581 5681 1644 5734 ad
1681 5682 1890 5735 nullum
1930 5698 2115 5752 operm

533 5766 773 5834 pretium
833 5773 1148 5835 temereque
1205 5771 1690 5839 consumpserint:
1725 5772 1819 5827 sed
1865 5781 1919 5826 et
1973 5774 2106 5826 ami-

2173 4564 2182 4572 ’
2213 4573 2310 4643 τὴν
2346 4575 2556 4628 ἐκείνου
2586 4574 2869 4644 τελευτὴν,
2908 4575 3112 4644 πολλὴν
3142 4576 3401 4645 πρόνοιαν
3433 4569 3584 4629 αὐτὸς
3615 4559 3744 4626 ποθί·

2216 4682 2394 4732 σαιτο,
2425 4667 2486 4717 οὐ
2517 4667 2626 4718 τῶν
2653 4666 2922 4735 βασιλέως
2969 4668 3131 4736 μόνον
3164 4667 3368 4720 παίδων
3402 4664 3493 4718 καὶ
3522 4651 3744 4728 γυναικὸς

2213 4758 2312 4828 τῆς
2345 4756 2642 4826 βασιλίδος,
2674 4757 2811 4810 ἀλλὰ
2861 4758 2954 4810 καὶ
3005 4758 3107 4827 τῆς
3146 4757 3460 4834 ,Ῥωμαίων
3486 4745 3740 4819 citet-:15“?

2214 4850 2275 4901 οὐ
2307 4851 2570 4920 χρήματα
2607 4851 2770 4921 μόνον
2799 4849 3017 4921 ἕτοιμος
3054 4851 3194 4922 ὑπὲρ
3219 4851 3441 4906 ἐκείνων
3466 4841 3739 4898 ἀναλίσκειν

2214 4942 2312 5011 ὢν,
2349 4943 2484 4997 ἀλλὰ
2517 4945 2612 4996 καὶ
2647 4943 2793 5011 ζωήν
2823 4946 2922 5013 τὴν
2943 4945 3128 5016 φίλην,
3169 4947 3218 4998 εί
3249 4943 3434 5014 καιρὸς
3463 4932 3635 4998 καλοίη
3663 4925 3741 4995 ἐᾷ’

2217 5051 2319 5089 στα
2372 5038 2773 5108 προησόμενος,
2825 5041 2974 5103 ὅπως
3020 5055 3081 5090 τε
3131 5038 3235 5091 ὑπὸ
3287 5021 3736 5105 παρακοιμωμένου

2215 5126 2628 5196 ἐπιϐουλευθείη
2663 5131 2922 5200 οὐδεμιᾶς
2974 5131 3157 5195 αἰτίας
3193 5131 3375 5196 ἕνεκα,
3407 5128 3438 5198 ἤ
3479 5118 3737 5192 φθονῆσαν⁶

2214 5235 2305 5282 τος
2342 5219 2493 5290 αὐτῷ
2525 5223 2619 5274 καὶ
2648 5222 2895 5292 φθείρειν
2925 5223 3322 5292 διανοηθέντος,
3355 5220 3420 5274 ἵν’
3445 5212 3591 5271 αὐτὸς
3617 5205 3734 5300 ἄρξῃ

2213 5313 2325 5363 τῶν
2363 5315 2730 5383 πραγμάτων
2767 5316 2860 5368 καὶ
2901 5315 2975 5377 ὡς
3017 5314 3364 5385 πατριάρχην
3405 5311 3493 5363 καὶ
3527 5302 3638 5357 τοὺς
3663 5293 3736 5343 ἄλ·

2216 5403 2342 5466 λου;
2373 5404 2764 5472 ὲξαπατήσειε,
2793 5405 2964 5476 ψεύδη
2993 5405 3369 5474 πλασαμένους
3393 5397 3482 5453 καὶ
3510 5392 3714 5476 coxo?”

2217 5495 2360 5556 τίας,
2392 5494 2427 5548 ἃ
2474 5470 2969 5566 οὐδὲνὲνεθυμήθη,
3009 5498 3102 5548 καὶ
3133 5470 3208 5559 ὡς
3259 5495 3450 5546 ἐκεῖνοι
3483 5481 3581 5535 τῶν
3613 5470 3732 5571 metu

2215 5583 2402 5648 ἕνεκα,
2448 5587 2521 5650 ὡς
2551 5586 2723 5657 ᾤοντο
2763 5587 3038 5658 διαφορῶν
3085 5587 3401 5656 σαφέστατα
3436 5574 3630 5631 εἰδότες,
3662 5569 3726 5658 ξ’ξι

2219 5677 2508 5746 ψεύδονται
2557 5683 2651 5732 καλ
2710 5679 3168 5749 συκοφαντοῦσιν,
3214 5679 3353 5747 ὑπὲρ
3384 5652 3728 5760 βασιλίδοίξη·

2219 5771 2310 5824 θεν
2346 5773 2438 5825 καὶ
2467 5774 2574 5826 τῶν
2612 5775 2815 5828 παίδων
2850 5777 2940 5828 τὸν
2975 5773 3213 5843 πόλεμον
3243 5773 3434 5827 κινοῖεν
3461 5753 3604 5817 πολλὰ
3626 5742 3722 5807 ἓξα⁰

3949 1368 3958 1590 l
