4048 6442
339 422 471 486 1ίοῖ

1445 421 1987 485 HISTORIARUM
2033 422 2260 484 LIBER
2305 424 2414 484 ill.

3438 431 3576 497 1194

333 538 702 606 πατήσαντες,
750 536 844 589 καὶ
892 536 1009 589 οἵαν
1044 535 1441 608 ἀγνωμοσύνην
1483 539 1578 591 καὶ
1625 535 1895 607 θιπανθρω⁴

2018 549 2226 600 eorum,
2260 544 2314 591 et
2345 551 2566 606 quoquo
2591 539 2756 593 modo
2783 539 2885 595 sibi
2919 541 3226 598 deditorum
3256 555 3388 614 quot
3425 548 3577 601 occi-

331 630 482 694 πίαν,
528 628 588 680 οὐ
635 631 763 697 περὶ
815 628 979 680 αὐτὸν
1032 631 1192 697 μόνον
1224 632 1315 681 καὶ
1371 629 1585 700 μητέρα
1629 629 1723 680 καὶ
1769 626 1898 686 τοὺς

328 721 566 781 οἰκείους
591 719 975 784 ἐπιδείξαιντο,
1011 719 1236 790 ὕϐρεσιν
1276 721 1518 785 ἀτόποις,
1546 720 1639 773 καὶ
1671 718 1898 787 φαύλοις

328 812 666 882 προσήκουσι
692 813 785 870 καὶ
803 811 1182 880 ἀνελευθέροις
1206 811 1544 880 χρησάμενοι
1566 809 1894 878 ἀνθρώποις,

330 907 426 957 καὶ
475 903 569 956 τὸν
611 903 722 954 οὐδ’
753 904 810 954 ἐν
858 904 1138 972 ἐσχατιαῖς
1169 903 1273 971 γῆς
1311 903 1674 972 ἀγνοούμενον
1722 899 1892 953 αὑτοῦ

330 995 586 1057 πλοῦτον,
628 995 708 1056 εἰς
737 993 1039 1062 ἀξιόχρεων
1069 995 1244 1058 οὐδὲν,
1271 994 1388 1048 ἀλλ’
1417 995 1546 1060 είκῆ
1589 994 1684 1045 καὶ
1721 992 1897 1060 μάτην

326 1084 764 1154 διαφθείραντες,
791 1083 929 1136 ἀλλὰ
961 1086 1055 1136 καὶ
1089 1086 1218 1155 περὶ
1249 1085 1376 1147 τοὺς
1408 1084 1618 1154 φίλους,
1649 1083 1745 1136 καὶ
1771 1082 1897 1144 τοὺς

325 1175 685 1244 ὁπωσδήποτε
719 1176 1086 1245 ἐπιτηδείους,
1111 1179 1206 1228 καὶ
1240 1178 1398 1238 ὅσους
1426 1175 1610 1230 αὐτῶν
1641 1175 1898 1227 ἀπέκτει-

324 1283 456 1331 ναν,
498 1268 624 1326 τοὺς
675 1266 730 1318 δὲ
778 1268 837 1317 ἐν
883 1268 1280 1336 δεσμωτηρίοις
1332 1268 1544 1336 ἔχουσιν
1596 1265 1724 1335 ἄχρι
1772 1265 1891 1328 νῦν,

329 1358 540 1428 μεγάλῃ
586 1357 902 1427 δυσπραγίᾳ
931 1359 1025 1411 καὶ
1069 1359 1291 1426 δεσμοῖς
1343 1361 1608 1426 ἀφύκτοις
1657 1373 1899 1426 προστα-

325 1447 776 1516 ).αιπ‹ι›ροῦντα;’
810 1448 903 1500 καὶ
937 1447 1013 1511 ὡς
1043 1449 1215 1500 κοινοὶ
1242 1448 1492 1516 πολέμιοι
1536 1448 1758 1514 φανεῖεν
1801 1448 1900 1498 αὐ·

324 1541 421 1594 τοῦ
449 1558 507 1592 τε
541 1543 636 1594 καὶ
666 1542 777 1594 τῶν
828 1543 982 1613 παρά
1025 1543 1323 1611 Ῥωμαίοις
1376 1543 1616 1611 ἀρίστων
1651 1543 1893 1604 πάντων,

324 1635 385 1683 οὐ
420 1633 584 1699 μόνον
614 1634 740 1685 ὅσον
766 1633 823 1682 ἐν
853 1634 1139 1699 εὐγενέσιν
1163 1629 1252 1702 ἦν,
1282 1632 1416 1685 ἀλλά
1443 1633 1537 1685 καὶ
1579 1633 1895 1702 μονάζουσι,

325 1726 421 1777 καὶ
443 1723 782 1788 ἐπισκόποις,
807 1724 886 1775 ἐτι
911 1723 966 1775 δὲ
999 1725 1092 1775 καὶ
1126 1714 1510 1792 στρατιώταις,
1539 1723 1762 1782 καὶτοῖς
1787 1721 1897 1772 τῶν

327 1816 618 1869 πολιτειῶν
650 1816 891 1882 ἑκάστης
922 1815 1129 1878 πόλεως
1161 1817 1513 1884 προέχουσιν.
1548 1807 1647 1864 Ὧν
1673 1814 1736 1882 δὴ
1769 1813 1896 1863 πάν-

2005 630 2216 693 derint,
2269 639 2325 683 et
2378 641 2510 700 quot
2542 648 2713 701 usque
2758 649 2900 687 nunc
2941 634 3213 689 dirissime
3252 645 3307 689 et
3348 637 3576 691 vinculis

2006 720 2384 776 insolubilibus
2429 736 2726 778 maceratos
2777 726 2832 778 in
2879 727 3120 780 custodia
3165 726 3484 780 detineant:
3522 736 3578 780 et

2003 811 2278 876 quomodo
2307 826 2624 867 communes
2667 814 2868 868 inimici
2901 815 3124 880 fuerint,
3173 826 3286 869 tum
3323 817 3426 876 sui,
3463 826 3576 870 tum

2004 900 2285 968 optimatis
2329 903 2593 974 cujusque
2635 904 2867 959 Romani
2903 925 2916 958 :
2947 922 3050 960 nec
3081 907 3255 960 solum
3287 907 3575 968 nobilium,

2005 989 2096 1042 sed
2143 998 2197 1042 et
2229 995 2640 1051 monachorum,
2674 1002 2729 1045 et
2780 992 3183 1062 episcoporum,
3223 1001 3280 1048 et
3321 995 3574 1059 militum,

2004 1089 2060 1132 et
2107 1079 2159 1131 in
2196 1094 2412 1148 quaque
2465 1082 2745 1150 republica
2793 1083 3198 1138 excellentium.
3229 1083 3360 1148 Quze
3391 1085 3575 1138 omnia

2004 1181 2226 1238 propter
2273 1181 2566 1238 praesentes
2622 1173 2996 1227 Romanorum
3057 1173 3312 1229 miserias
3374 1175 3577 1230 oblitus

2003 1260 2094 1324 sit,
2122 1275 2186 1314 ac
2207 1275 2306 1330 pro
2327 1263 2498 1316 nihilo
2531 1264 2753 1331 putarit,
2787 1279 3086 1334 pacemque
3129 1281 3237 1320 non
3265 1267 3456 1329 semel,
3482 1276 3578 1320 aut

2005 1350 2222 1415 iterum,
2254 1368 2318 1406 ac
2341 1353 2500 1406 tertio
2527 1394 2544 1418 ,
2577 1356 2671 1408 sed
2723 1356 3042 1424 sazpissime,
3074 1373 3196 1412 mox
3237 1374 3267 1411 a
3308 1357 3577 1427 principio

2004 1453 2178 1507 usque
2224 1455 2368 1493 nunc
2399 1456 2494 1510 per
2525 1443 2730 1512 legatos
2763 1447 3038 1512 petiverit.
3096 1445 3219 1500 Illos
3254 1462 3364 1501 non
3415 1448 3576 1501 modo

2003 1530 2142 1582 nihil
2193 1531 2436 1598 aequitati
2491 1542 2918 1588 consentaneum
2971 1537 3336 1605 respondisse,
3383 1555 3574 1593 verum

2005 1621 2207 1689 legatos
2240 1621 2464 1690 insuper
2495 1624 2810 1678 verberibus
2834 1626 3077 1694 pulsasse
3111 1637 3168 1682 et
3213 1628 3576 1697 ignoniiniose

2005 1718 2306 1777 tractasse;
2345 1713 2399 1766 in
2446 1727 2507 1768 se
2561 1724 2740 1769 autem
2775 1717 3036 1786 plaustris
3070 1719 3441 1774 conviciorum
3489 1721 3575 1775 in-

2002 1805 2202 1864 vectos',
2235 1803 2338 1857 isto
2366 1804 2544 1872 potius
2561 1805 2721 1860 modo
2749 1806 2815 1860 ad
2851 1808 3176 1878 legationem
3202 1812 3574 1880 respondisse;

327 1925 435 1958 των
463 1907 702 1972 ἔφασκεν
732 1906 894 1958 αὐτοῦ
925 1906 1013 1958 διά
1041 1908 1138 1976 τὴν
1184 1905 1556 1974 περισχοῦσαν
1594 1906 1719 1967 τοὺς
1767 1905 1895 1956 Ῥω-

2003 1891 2136 1944 nihil
2164 1908 2272 1945 non
2310 1894 2618 1962 patiendum
2650 1898 2822 1965 prius,
2855 1915 3017 1967 quam
3051 1897 3120 1954 de
3159 1917 3293 1969 pace
3343 1904 3576 1973 loquen-

330 1997 523 2067 μαίους
549 2000 835 2066 συμφορὰν
859 1997 1322 2067 ἀμνημονοῦντος,
1345 1998 1440 2050 καὶ
1457 1997 1744 2064 τιθεμένου
1770 1997 1900 2065 παρ’

324 2089 501 2151 οὐδὲν,
556 2093 650 2142 καὶ
699 2090 799 2158 οὐχ
855 2089 1003 2153 ἅπαξ
1029 2089 1149 2142 οὐδὲ
1182 2089 1263 2151 δὶς
1291 2091 1386 2142 καὶ
1446 2091 1585 2157 τρὶς,
1612 2088 1750 2141 άλλά
1803 2090 1900 2141 καὶ

327 2182 592 2244 πολλάκις
623 2185 976 2246 τοσαυτάκις,
1015 2181 1254 2250 ἐξαρχῆς
1293 2197 1352 2232 τε
1389 2181 1554 2243 εὐθὺς
1590 2183 1685 2234 καὶ
1729 2183 1899 2250 μέχρι

326 2274 426 2326 νῦν
457 2275 754 2343 πρεσσείας
789 2275 1139 2340 ποιουμένου,
1175 2274 1272 2326 καὶ
1305 2274 1561 2343 δεομένου
1590 2273 1720 2342 περὶ⁵
1748 2275 1900 2344 είρή-

324 2382 445 2434 νης,
471 2368 531 2416 ού
568 2364 728 2434 μόνον
752 2365 996 2426 ἐπιεικὲς
1023 2365 1177 2416 οὐδὲν
1205 2363 1602 2433 ἀποκρίνασθαι
1628 2364 1896 2426 ἐκείνους,

325 2457 617 2519 uncos;
650 2473 709 2507 τε
732 2456 992 2524 πρέσϐεις
1036 2455 1346 2518 αἰκίζεσθαι
1379 2457 1474 2507 καὶ
1525 2455 1774 2525 ἀτιμοῦν,
1804 2457 1897 2509 ml.

321 2553 545 2621 δεσμοῖς
611 2550 890 2617 κατέχειν,
952 2548 1049 2599 καὶ
1132 2547 1298 2600 αὑτοῦ
1349 2547 1550 2610 πολλὰς
1605 2551 1898 2618 καταχέειν

326 2642 534 2711 ὕϐρεις,
582 2639 678 2691 καὶ
707 2640 794 2692 διὰ
841 2640 1101 2690 τοιούτων
1144 2641 1244 2700 τὰς
1276 2640 1570 2706 ἀπολογίας
1622 2641 1896 2692 ποιεῖσθαι

327 2733 466 2804 πρὸς
505 2737 630 2794 τοὺς
667 2732 948 2802 πρέσϐεις,
992 2732 1170 2784 πάντα
1221 2733 1421 2801 μᾶλλον
1473 2735 1675 2785 ἀνεκτᾶ
1723 2737 1894 2805 ἡγου-

331 2827 562 2895 μένους,
610 2825 643 2895 ἢ
700 2826 830 2893 περὶ
876 2826 1100 2893 εἰρήνης
1147 2824 1518 2890 διαλέγεσθαι,
1571 2824 1602 2891 ἢ
1649 2825 1894 2879 ἀκούειν.

325 2917 438 2985 Τῆς
483 2933 542 2968 τε
571 2914 925 2984 βαρϐαρικῆς
954 2915 1092 2983 πρὸς
1143 2920 1268 2978 τοὺς
1299 2916 1603 2985 ὁμοφύλους
1654 2917 1897 2984 ἔφασκεν

323 3009 624 3074 ἐπαγωγῆς
652 3008 752 3059 οὐκ
795 3008 1005 3059 ἐκεῖνον
1043 3004 1244 3077 ἦρχθαι
1268 3049 1283 3071 ,
1320 3007 1447 3060 ἀλλ’
1475 3009 1696 3072 αὐτοὺς,
1745 3009 1896 3079 πρώ-

319 3117 450 3162 τους
497 3099 583 3150 ἐπ’
611 3100 776 3150 αὐτὸν
808 3099 1228 3166 ἐπενεγκόντας⁹
1263 3099 1360 3151 καὶ
1401 3100 1462 3152 οὺ
1497 3103 1656 3170 μόνον
1705 3109 1894 3156 τούτου

320 3193 510 3256 ἕνεκα,
539 3192 672 3263 ἀλλά
698 3193 790 3242 καὶ
814 3190 1042 3260 τρόποις
1073 3191 1283 3264 ἑτέροις
1314 3193 1550 3262 χρῆσθαι
1601 3197 1713 3257 τοῖς
1759 3196 1884 3264 βαρ·
1919 3209 1965 3270 C

323 3283 518 3351 ϐάροις
601 3283 1150 3349 καταναγκάζοντας.
1205 3285 1484 3353 Χρήματα
1542 3287 1649 3356 γὰρ
1696 3289 1893 3340 ἐκεῖνοι

322 3376 717 3443 παρεχόμενοι,
753 3377 851 3427 καὶ
887 3377 1068 3439 πόλεις
1112 3378 1450 3446 προϊέμενοι,
1499 3383 1594 3430 καὶ
1628 3379 1727 3449 τὴν
1757 3381 1889 3433 Ῥω-

325 3465 506 3535 μαίων
551 3465 852 3534 ἠγεμονίαν
907 3467 1152 3535 μεγάλην
1215 3471 1310 3521 καὶ
1363 3469 1686 3539 θαυμασίων
1733 3473 1896 3550 imi/6w

319 3555 781 3625 ἀποστεροῦντες,
816 3555 876 3608 ού
919 3558 1144 3627 Κράλην
1175 3559 1334 3625 μόνον
1383 3560 1612 3613 ἔπεισαν
1650 3563 1740 3614 τὸν
1768 3565 1898 3633 Τρι-

319 3646 506 3699 6αλῶν
536 3647 826 3715 δυνάστην,
858 3648 995 3701 ἀλλά
1024 3651 1118 3701 καὶ
1163 3649 1510 3720 Ἀλέξανδρον
1541 3653 1632 3704 τὸν
1668 3653 1893 3722 βασιλέα
1921 3689 1923 3691 -

319 3741 527 3795 Μυσῶν
552 3740 711 3810 αὑτῷ
743 3741 1039 3809 πολεμίους
1077 3736 1241 3806 εἶναι,
1284 3742 1516 3795 ἕκαστον
1544 3744 1669 3796 καθ’
1700 3747 1892 3798 ἐαυτὸν

317 3828 624 3900 ἀξιόχρεων
673 3831 808 3899 πρὸς
834 3832 1016 3900 μάχην
1053 3831 1180 3884 ὖντα
1232 3832 1517 3901 σύμπασιν
1561 3834 1704 3903 ὁμοῦ
1757 3836 1891 3888 Ῥω·

322 3922 531 3989 μαίοις,
562 3920 654 3988 ὑφ’
684 3915 759 3972 ὧν
797 3922 933 3988 πρὸς
963 3922 1213 3991 ἀνάγκην
1249 3923 1344 3975 καὶ
1374 3923 1538 3975 αὐτὸν
1572 3923 1888 3977 συνελαυνό-

321 4029 508 4080 μενον,
537 4015 603 4081 τῇ
645 4011 935 4080 συμμαχίᾳ⁸
968 4013 1208 4080 χρῆσθαι
1238 4015 1304 4083 τῇ
1351 4013 1688 4086 βαρϐαρικῇο
1718 4017 1800 4069 ἀλ)
1816 4033 1892 4079 ως

311 4118 380 4154 τε
417 4103 601 4168 σαφῶς
635 4103 835 4166 εἰδότα,
876 4103 950 4164 ὼς
992 4106 1041 4154 εί
1090 4101 1365 4156 ἀπώσοιτο
1411 4106 1599 4171 αὐτὸς,
1648 4110 1890 4170 ἐκείνους

317 4197 699 4262 χρησομένους
731 4195 816 4244 ἐπ’
860 4193 1044 4245 αὐτόν.
1098 4194 1172 4245 Οὐ
1205 4195 1315 4262 γὰρ
1358 4196 1443 4247 διὰ
1474 4198 1534 4249 τὸ
1583 4203 1657 4267 μὴ
1700 4199 1886 4269 βούλε-

315 4283 448 4334 σθαι
483 4283 722 4343 ἐκείνους
758 4282 833 4350 μὴ
868 4283 1104 4350 χρῆσθαι
1133 4285 1247 4344 τοῖς
1283 4283 1607 4352 βαρσάροις,
1633 4286 1772 4339 ἀλλὰ
1803 4287 1888 4339 διὰ

312 4373 382 4425 τὸ
411 4372 484 4442 μὴ
513 4371 719 4424 πείθειν
749 4372 1011 4425 δύνασθαι
1055 4373 1258 4441 μᾶλλον
1292 4375 1486 4445 ἐκείνῳ
1526 4378 1888 4448 αἱρουμένους

317 4467 658 4535 συμμαχεῖν.
694 4466 859 4519 Οὔπω
899 4466 1008 4535 γὰρ
1052 4465 1180 4535 χθὲς
1216 4471 1310 4519 καὶ
1357 4469 1549 4538 πρώην
1578 4471 1717 4540 πρὸς
1757 4471 1881 4539 ’ορ-

2001 1983 2128 2035 dum
2158 1984 2554 2040 audiendumve
2574 1989 2924 2044 arbitrantes.
2952 1990 3104 2057 Quod
3144 2003 3324 2047 autem
3376 1995 3576 2049 barba-

2002 2087 2093 2126 ros
2125 2074 2388 2130 adversus
2450 2077 2729 2132 nationem
2792 2096 2948 2135 suam
3002 2082 3332 2150 induxisset,
3384 2089 3456 2140 ita
3513 2103 3573 2142 se

2001 2163 2276 2232 tuebatur,
2311 2181 2419 2220 non
2452 2182 2512 2220 se
2556 2169 2812 2238 coepisse,
2859 2172 2980 2227 illos
3005 2173 3296 2230 adversum
3326 2191 3387 2230 se
3419 2179 3571 2246 prius

1998 2257 2296 2324 induxisse,
2347 2274 2453 2314 nec
2499 2260 2603 2315 isto
2632 2271 2862 2329 tantum,
2890 2265 3054 2334 636
3086 2268 3181 2322 sed
3215 2277 3274 2323 et
3303 2270 3424 2325 aliis
3455 2287 3572 2325 nio-

1999 2349 2086 2401 dis
2127 2348 2484 2405 barbarorum
2520 2366 2622 2421 Ope
2663 2357 2737 2407 uti
2784 2359 3050 2425 coegisse.
3103 2359 3236 2413 Nam
3273 2362 3395 2416 illos
3443 2364 3569 2418 data

1999 2440 2252 2507 pecunia,
2278 2451 2332 2495 et
2365 2443 2594 2497 urbibus
2623 2447 2945 2514 propinatis,
2976 2457 3032 2502 et
3065 2450 3312 2506 Romano
3343 2456 3568 2524 imperio

2000 2533 2316 2600 ingentibus
2367 2544 2424 2589 et
2466 2537 2800 2592 admirandis
2852 2539 3178 2608 quibusdam
3230 2545 3390 2600 bonis
3443 2564 3570 2616 spo-

1998 2620 2146 2689 liito,
2166 2639 2276 2677 non
2308 2625 2519 2680 Cralem
2548 2627 2816 2682 duntaxat
2843 2630 3207 2687 'l‘rihaliorum
3242 2637 3566 2706 principem.

1997 2712 2094 2766 sed
2122 2723 2177 2768 et
2214 2715 2579 2770 Alexandrum
2623 2718 2916 2774 Mtesorum
2945 2739 3147 2792 regem,
3184 2734 3452 2783 utrumvis
3475 2748 3570 2798 per

1998 2820 2054 2859 se
2085 2805 2357 2862 universis
2391 2808 2652 2863 Romanis
2702 2811 2860 2865 simul
2899 2828 3084 2881 parem
3120 2820 3474 2884 perinovisse,
3513 2833 3570 2876 ut

1999 2896 2104 2950 sibi
2141 2898 2329 2953 hostes
2355 2900 2566 2954 tierent.
2617 2901 2756 2955 Hine
2809 2917 2871 2956 se
2903 2920 3123 2974 quoque
3152 2919 3402 2965 coactum
3449 2914 3571 2967 bar-

1999 2989 2244 3044 baricum
2272 2991 2526 3047 invocare
2561 2994 2818 3048 auxilium
2853 3035 2868 3060 ,
2904 3013 3029 3051 eum
3060 3004 3360 3068 praesertim
3379 3007 3564 3070 sciret,

1998 3078 2122 3132 illos
2155 3081 2441 3136 adversum
2475 3097 2534 3136 se
2568 3099 2635 3137 eo
2663 3101 2879 3154 usuros,
2919 3089 2962 3141 si
3013 3090 3128 3158 ipse
3165 3095 3240 3145 uti
3281 3095 3563 3150 noluisset.

1997 3171 2116 3224 Non
2157 3175 2303 3226 enim
2341 3190 2490 3230 nunc
2523 3175 2646 3231 ideo
2693 3176 3052 3234 barbarorum
3101 3197 3266 3252 opera
3313 3202 3408 3241 ens
3455 3204 3564 3243 non

1999 3265 2076 3316 uti
2111 3265 2236 3332 quia
2270 3266 2472 3331 nolint,
2499 3266 2596 3321 sed
2622 3269 2770 3337 quod
2812 3269 2878 3323 iis
2903 3272 3282 3330 Cautacuzeno
3327 3279 3566 3334 militare

1997 3355 2344 3420 malentibus,
2386 3358 2703 3413 societatem
2745 3364 3078 3430 persuadere
3125 3383 3413 3437 nequeant.
3461 3371 3567 3426 Re-

1999 3448 2318 3502 centissime
2363 3452 2506 3504 enim
2539 3452 2606 3506 ad
2641 3450 2946 3510 Orcbanem
2982 3459 3199 3513 Persam
3241 3462 3564 3532 legationem

1997 3539 2238 3604 misisse,
2263 3542 2614 3612 oravisseque
2654 3547 2952 3615 Suppetias.
2987 3552 3270 3618 pecuniam
3295 3568 3567 3626 praegrau-

1995 3632 2115 3684 dem
2169 3632 2511 3700 pollicentes.
2565 3635 2766 3690 Verum
2817 3638 2995 3707 ipsum
3033 3642 3135 3696 sibi
3163 3645 3351 3714 gratis,
3401 3663 3588 3716 quam-

1993 3722 2100 3776 illis
2151 3723 2378 3779 immani
2436 3729 2688 3783 mercede
2751 3734 2957 3787 socium
3027 3750 3148 3790 esse
3220 3742 3558 3810 pi-aeeligere.

1992 3812 2182 3881 Neque
2230 3817 2372 3870 istuc
2406 3819 2604 3882 solum,
2656 3824 2788 3891 quin
2829 3834 2885 3878 et
2923 3828 3084 3896 paulo
3136 3841 3262 3885 ante
3301 3833 3560 3889 Isaaciuin

1992 3906 2226 3959 Asanem
2259 3909 2816 3977 panbypersebastum
2853 3915 2921 3968 ad
2972 3916 3312 3973 Sulimanum
3348 3921 3562 3977 Cerasus

1993 3995 2244 4067 Phrygiae
2297 4006 2565 4068 satrapam
2598 4013 2848 4072 rogatum
2883 4005 3108 4071 abiisse,
3143 4019 3202 4062 ut
3233 4021 3455 4079 accepto
3481 4013 3564 4066 in-

1991 4088 2139 4158 genti
2179 4090 2352 4158 pretio
2373 4089 2472 4144 sibi
2502 4101 2691 4147 contra
2741 4094 3183 4152 Cantaeuzenum
3224 4103 3387 4155 ferret
3425 4107 3560 4156 sub-

1994 4181 2220 4235 sidium.
2252 4176 2364 4236 Nec
2404 4184 2548 4237 hunc
2577 4185 2772 4240 ﬂexum
2803 4202 2944 4244 esse.
2980 4193 3057 4243 Ad
3085 4207 3244 4260 quem
3276 4195 3563 4262 pra-fectus

1991 4273 2226 4328 cubiculi
2253 4278 2440 4329 eadem
2481 4277 2549 4330 de
2585 4292 2749 4332 causa
2791 4281 3070 4348 profectus
3109 4284 3198 4350 sit,
3240 4294 3563 4356 tantumque

1992 4364 2258 4422 abfuisse.
2295 4376 2357 4420 ut
2384 4381 2442 4420 se
2467 4371 2681 4422 exorari
2716 4381 3015 4438 pateretur,
3053 4383 3112 4428 ut
3136 4391 3204 4431 ne
3241 4377 3294 4431 iu
3324 4394 3559 4445 consue—

1995 4470 2143 4511 ctum
2173 4460 2389 4528 quidem
2429 4462 2579 4516 illum
2610 4464 2912 4520 admiserit.
2947 4467 3041 4522 His
3071 4475 3418 4527 sermonibus
3441 4477 3560 4529 dies

311 4555 490 4625 χάνην
523 4559 616 4606 τὸν
649 4556 865 4625 Πέρσην
914 4555 1216 4625 πρεσϐείαν
1262 4561 1639 4626 πεποιημένοι,
1677 4560 1886 4612 ἐδέοντο

2000 4550 2109 4610 illa.
2173 4563 2230 4606 et
2285 4552 2604 4622 plerumque
2665 4558 2861 4622 noctis,
2919 4575 3043 4613 cum
3099 4564 3220 4618 luce
3278 4579 3343 4618 ac
3399 4575 3559 4619 nocte

269 4641 470 4714 ’σφίσι
519 4649 850 4715 συμμαχεῖν,
897 4647 1070 4700 πολλὰ
1123 4648 1586 4718 ἐπαγγελλόμενοι
1637 4653 1892 4721 παρέξειν

309 4741 600 4810 χρήματα.
643 4740 748 4791 Τὸν
788 4739 844 4791 δὲ
894 4739 1094 4806 μᾶλλον
1128 4741 1343 4793 ἑλέσθαι
1371 4743 1432 4794 τὸ
1463 4743 1655 4811 ἐκείνῳ
1690 4749 1892 4814 προῖκα

311 4832 649 4899 συμμαχεῖν,
680 4830 712 4900 ἢ
742 4830 912 4881 πολλὰ
950 4832 1081 4898 παρ’
1121 4834 1348 4885 ἐκείνων
1381 4836 1641 4904 χρήματα
1683 4837 1895 4906 λαμϐά-

309 4939 448 4976 νειν.
485 4924 557 4974 Ut)
593 4925 700 4990 μὴν
757 4923 893 4975 ἀλλά
924 4924 1016 4974 καὶ
1047 4925 1311 4994 πρότερον
1339 4927 1505 4997 ὀλίγῳ
1545 4931 1887 5000 τὸνἈσάνην

323 5016 597 5067 Ἰσαάκιον
627 5016 718 5067 τὸν
749 5014 1267 5081 πανυπερσέὸαστον
1302 5019 1437 5086 πρὸς
1485 5021 1756 5091 Σουλιμᾶν
1793 5027 1884 5077 τὸν

308 5108 548 5177 Καρασῆ
598 5107 841 5178 Φρυγίας
877 5107 1162 5176 σατράπην
1191 5108 1488 5176 ἀφικέσθαι
1524 5115 1620 5164 καὶ
1669 5115 1882 5170 δεῖσθαι

1993 4643 2348 4712 sequentibus
2376 4655 2701 4715 consumpta
2759 4657 2909 4712 sunt,
2960 4649 3294 4719 imperatore
3336 4656 3556 4724 quidem

1991 4746 2248 4790 narrante
2278 4739 2656 4807 probanteque
2698 4755 2758 4795 se
2791 4741 2857 4796 ad
2888 4758 3036 4797 arma
3079 4747 3406 4802 necessitate
3433 4751 3560 4802 adn-

1991 4838 2137 4881 ctum
2177 4847 2189 4881 :
2233 4827 2442 4882 Latinis
2479 4828 2545 4881 ad
2569 4831 2816 4896 quaedam
2862 4837 3302 4900 occurrentibus,
3360 4849 3558 4908 etquae

1993 4919 2229 4988 Byzantii
2272 4918 2324 4970 in
2349 4923 2554 4973 crimen
2585 4931 2868 4988 vocarent,
2900 4928 3327 4992 producentibus
3353 4970 3367 4993 ,
3403 4933 3557 4984 dedi-

1993 5021 2154 5074 iaque
2211 5022 2377 5076 opera
2425 5001 2868 5077 facundioribus;
2933 5022 2993 5067 ut
3051 5015 3310 5084 liquidius
3355 5026 3576 5075 Veritas—

1988 5099 2402 5168 comperiretur.

308 5199 481 5253 αὐτοῦ
509 5202 770 5269 χρήματα
806 5199 977 5252 πολλὰ
1011 5199 1247 5252 λαϐόντα
1313 5207 1625 5273 συμμαχεῖν
1671 5208 1760 5259 ἐπ’
1822 5213 2032 5266 ἐκεῖνον
2069 5227 2086 5244 ο
2129 5211 2220 5264 τὸν
2248 5211 2304 5263 δὲ
2350 5213 2486 5282 μηδὲ
2531 5215 2694 5270 αὐτὸν
2727 5219 3054 5285 πεπεῖσθαι.
3112 5224 3219 5278 Καὶ
3265 5221 3420 5290 αὖθις
3464 5229 3555 5281 τὸν

305 5294 816 5361 παρακοιμώμενον
865 5294 962 5362 τῆς
1014 5295 1183 5363 αὐτῆς
1226 5294 1392 5348 ἕνεκα
1467 5300 1646 5361 αίτίας
1696 5302 1789 5354 ἐπὶ
1840 5306 1931 5358 τὸν
1969 5304 2131 5359 αὑτὸν
2213 5305 2408 5358 ἐλθεῖν·
2466 5307 2558 5360 τὸν
2610 5307 2668 5361 δὲ
2727 5311 2983 5365 τοσοῦτον
3028 5316 3218 5383 δεῆσαι
3270 5319 3551 5374 πείθεσθαι

307 5384 484 5452 αὐτῷ,
505 5383 633 5436 ὥστ’
661 5386 780 5438 οὐδὲ
805 5386 933 5449 θέας
955 5388 1084 5454 γοῦν
1120 5387 1282 5457 ψιλῆς
1305 5389 1622 5458 ἠξιωκέναι.
1661 5393 1876 5466 Ἐκείνη
1921 5399 2019 5466 μὲν
2051 5397 2142 5450 οὖν
2167 5399 2200 5466 ἡ
2234 5397 2418 5467 ἡμέρα
2463 5399 2557 5452 καὶ
2599 5403 2700 5454 οὐκ
2730 5403 2911 5473 ὀλίγον
2943 5407 3039 5474 τῆς
3082 5410 3296 5475 νυκτὸς,
3357 5414 3451 5464 καὶ
3519 5416 3552 5484 η

306 5481 545 5534 ἐπιοῦσα
593 5483 774 5552 ἡμέρα
818 5484 913 5535 καὶ
970 5483 1066 5548 νὺξ
1113 5485 1313 5555 ὁμοίως
1361 5486 1602 5541 ἀνάλωτο
1657 5493 1714 5544 ἐν
1767 5497 1880 5554 τοῖς
1917 5495 2200 5559 τοιούτοις,
2235 5493 2503 5563 βασιλέως
2568 5499 2664 5567 μὲν
2694 5500 2760 5552 τὰ
2820 5502 2939 5552 κατ’
2975 5504 3136 5554 αὑτὸν
3170 5504 3549 5576 διηγουμένου,

308 5571 412 5625 καὶ
463 5571 885 5635 ἀποδεικνύντος
934 5575 1148 5641 ἐαυτὸν,
1224 5579 1438 5649 ἀνάγκῃ
1477 5583 1614 5650 πρὸς
1683 5583 1774 5636 τὸν
1819 5585 2062 5657 πόλεμον
2129 5591 2452 5658 φερόμενον,
2497 5590 2604 5642 τῶν
2646 5592 2891 5645 Λατίνων
2921 5594 2979 5645 δὲ
3024 5596 3414 5664 ἀντιλεγόντων
3461 5591 3551 5649 ὑπ’

308 5649 518 5732 ἐνίοις..
551 5669 647 5723 καὶ
679 5670 714 5722 ἃ
746 5669 796 5720 οἱ
837 5669 895 5720 ὲν
926 5656 1204 5744 Βυζαντίῳ
1240 5649 1565 5743 ἐγκαλοῦσιν
1590 5680 1922 5747 ἐπαγόντων,
1961 5649 2055 5738 καὶ
2094 5683 2504 5756 γυμναζόντων,
2540 5686 2614 5750 ὡς
2661 5688 2895 5758 μάλιστα
2952 5690 3040 5742 τὸν
3093 5691 3272 5760 λόγον,
3325 5695 3414 5750 ’ίνα
3455 5696 3552 5748 τά-

302 5764 476 5835 ληθὲς
509 5765 586 5836 μὴ
610 5767 891 5836 διαδρᾶναι
917 5768 1197 5838 δυνηθείη.

555 5921 834 5986 Parnm.
888 5927 1004 5988 Gn.
1057 5927 1263 5994 CL'll.

3236 5946 3316 6008 38
