4048 6436
350 450 529 519 ῙῙΩΤ

1484 408 2029 513 HISTORIAle
2068 454 2297 515 LIBER
2336 457 2443 519 ill.

3468 463 3606 531 “98

343 593 481 649 Νυνί
507 591 564 644 δέ
601 606 695 660 μοι
723 585 1036 642 τούναντίον
1064 586 1211 641 ἆπαν
1253 585 1540 654 περιέστη.
1575 586 1702 649 Τοῖς
1732 604 1788 639 τε
1817 588 1916 656 γὰρ

2029 591 2153 645 dieii
2189 595 2478 665 exprobro.
2512 594 2578 649 Et
2615 598 2727 665 jam
2778 597 3120 660 immutatus.
3178 618 3241 658 ex
3295 602 3518 663 inimico
3549 613 3607 659 et

343 682 788 753 ἐγκωμιάζουσιν
818 681 1048 741 ἐκείνοις
1079 678 1181 731 οὐκ
1210 677 1366 745 ὀλίγα
1410 678 1721 748 μέμφομαι,
1751 679 1826 742 ὡς
1860 679 1921 732 τὸ

343 776 479 829 πολὺ
518 774 931 843 συγκρύπτουσι
980 769 1092 825 τῶν
1129 769 1372 838 ἀγαθῶν,
1411 770 1505 820 καὶ
1558 769 1784 840 ἐμαυτῷ
1814 771 1921 853 τῆς

342 867 615 936 ἀκρισίας.
656 867 765 929 Καὶ
800 865 864 934 δὴ
903 861 1224 932 μεταϐαλὼν
1253 861 1373 914 ἀντὶ
1406 860 1597 930 ἐχθροῦ
1628 862 1722 914 καί¹
1753 878 1919 930 κατη-

342 958 528 1027 γόρου,
581 956 690 1021 τῶν
720 972 780 1006 τε
831 956 1070 1025 μάλιστα
1115 952 1420 1021 γεγένημαι
1460 950 1780 1020 φιλούντων,
1826 952 1919 1003 καὶ

344 1049 558 1104 πολλῶν
589 1052 682 1111 καὶ
715 1046 1039 1116 θαυμασίων
1072 1045 1181 1099 τῶν
1216 1044 1456 1099 ἐπαίνων
1494 1043 1699 1114 κρίνων
1747 1045 1918 1110 ἄξιον,

343 1141 404 1192 οὐ
437 1138 591 1207 παρὰ
632 1136 926 1206 Ῥωμαίοις
963 1134 1284 1206 διατρίϐων,
1316 1133 1452 1188 ἀλλὰ
1485 1136 1580 1186 καὶ
1627 1134 1920 1203 γενόμενος

344 1233 423 1293 ei;
468 1229 722 1293 Ἰταλίαν,
752 1228 940 1299 ὥσπερ
976 1228 1103 1296 μετ’
1122 1226 1301 1293 ὀλίγον
1335 1225 1541 1293 οἴομαι,
1566 1223 1663 1294 τὴν
1688 1224 1923 1293 προτοῦ-

345 1338 443 1375 σαν
478 1320 872 1390 μεγαλοφυΐαν,
901 1318 997 1371 καὶ
1049 1318 1147 1385 τὴν
1191 1314 1644 1384 εὐγνωμοσύνην,
1681 1315 1777 1366 καὶ
1818 1314 1920 1382 τὴν

343 1411 760 1480 ἐπιτηδειότητα
786 1408 920 1479 πρὸς
955 1408 1023 1462 τὰ
1060 1407 1204 1460 καλὰ
1228 1405 1451 1476 κηρύξω
1482 1405 1615 1458 πᾶσι
1644 1404 1918 1472 φανερῶς.

344 1503 479 1571 Περί
519 1501 619 1572 μὲν
648 1500 742 1555 οὖν
790 1500 891 1552 Ἲῶν
944 1500 1088 1551 κατά
1146 1498 1237 1551 τὸν
1292 1497 1528 1568 πόλεμον
1564 1497 1817 1550 ἁπάντων
1846 1495 1920 1557 ὡς

343 1595 504 1654 εὐθὺς
539 1593 596 1661 ἐξ
625 1592 801 1663 ἀρχῆς
832 1592 960 1660 ἄχρι
990 1589 1084 1641 νῦν
1139 1588 1401 1658 οὐδεμίαν
1443 1589 1721 1658 πρόφασιν
1761 1586 1921 1646 αὐτὸς

342 1686 644 1754 παρέσχες,
671 1682 787 1737 ἀλλ’
814 1683 963 1736 ἄκων
990 1682 1087 1746 ἐπὶ
1113 1679 1288 1733 ταῦτα
1314 1679 1451 1750 πρὸς
1478 1680 1588 1733 τῶν
1622 1677 1922 1747 πολεμούν-

340 1793 449 1829 των
478 1775 719 1844 συνωθῇ,
755 1762 1059 1841 πέπεισμαι
1090 1789 1147 1823 τε
1189 1769 1457 1840 ἀκριϐῶς,
1511 1772 1607 1822 καὶ
1645 1771 1777 1840 πρὸς
1831 1769 1924 1822 ἄλ-

1377 1861 1492 1881 I_l_
1562 1861 1710 1881 §H,A\
1749 1861 1788 1881 ΩΙ
1832 1863 1883 1881 μ’

2028 694 2349 740 accusatore
2393 688 2541 757 evasi
2587 691 2977 757 amicissimus,
3014 705 3176 765 teque
3221 696 3495 766 praclaris
3521 696 3607 751 die

2026 792 2190 847 gnum
2215 777 2466 834 laudibus
2494 778 2681 849 judico
2718 801 2730 836 :
2774 799 2878 838 nec
2929 787 3103 840 solum
3163 785 3606 856 quandiu‘apud

1949 912 1958 933 ,
2029 867 2304 937 liomanos
2330 887 2471 936 sum,
2498 873 2591 926 sed
2636 875 2688 926 in
2731 874 2884 930 Italia
2916 892 3153 947 quoque,
3188 893 3298 948 quo
3331 877 3485 932 brevi
3516 892 3606 932 me

2026 958 2400 1037 profecturum
2478 965 2670 1031 opinor
2703 1006 2719 1031 ,
2783 967 3127 1022 altitudinem
3186 976 3241 1023 et
3291 968 3607 1037 aequitatem

2018 1049 2195 1113 animi
2246 1053 2344 1114 tui,
2413 1062 2467 1107 et
2504 1056 2570 1109 ad
2628 1073 2714 1111 res
2773 1062 3016 1130 egregias
3053 1068 3306 1114 naturam
3356 1060 3604 1115 idoneam

2027 1141 2169 1210 apud
2199 1158 2388 1199 omnes
2452 1147 2625 1215 palam
2688 1149 3086 1218 deprzedicabo.
3140 1152 3292 1220 Quod
3344 1151 3510 1224 igitur
3536 1155 3603 1206 ad

2032 1232 2229 1287 bellum
2262 1236 2477 1302 attinet,
2500 1254 2528 1291 a
2548 1239 2819 1312 principio
2850 1244 3130 1313 hucusque
3154 1245 3359 1300 nullam
3384 1245 3606 1315 penitus

2026 1339 2245 1381 causam
2277 1327 2396 1396 ipse
2426 1332 2704 1398 praebuisti
2741 1372 2757 1399 ,
2786 1335 2956 1405 638
2976 1340 3071 1391 sed
3094 1339 3298 1393 invitus
3329 1340 3400 1394 ab
3426 1340 3605 1394 hosti-

2028 1414 2132 1470 bus
2162 1419 2228 1471 ad
2259 1432 2413 1499 arma
2438 1423 2751 1492 compulsus
2779 1441 2873 1491 es;
2931 1428 3078 1495 quod
3107 1429 3241 1484 milii
3270 1432 3433 1499 plane
3490 1447 3608 1499 per-

2029 1494 2345 1569 suadeo,-et
2379 1510 2431 1563 id
2456 1511 2598 1579 apud
2639 1512 2775 1567 alios
2802 1529 2902 1582 pro
2939 1494 2990 1570 te
3018 1494 3414 1575 confiteri—non
3442 1494 3605 1575 dubi-

2028 1595 2172 1649 tabo.
2198 1594 2333 1663 Quia
2364 1615 2497 1654 vero
2565 1600 2632 1655 de
2691 1606 2946 1660 omnibus
2992 1622 3113 1676 qua:
3147 1610 3411 1665 vellemus
3434 1611 3607 1665 libere

2028 1688 2351 1759 interrogari
2382 1693 2682 1762 tejussisti,
2701 1695 2823 1764 quis
2853 1706 2958 1761 est,
2980 1714 3189 1768 quaeso,
3213 1709 3339 1757 tuus
3361 1718 3508 1757 nunc
3536 1702 3608 1760 de

2026 1797 2161 1851 pace
2192 1786 2428 1838 sensus?
2453 1802 2520 1839 an
2551 1787 2596 1842 si
2621 1787 2699 1841 illi
2738 1806 2952 1860 aequum
2995 1794 3384 1862 respondeant,
3418 1811 3607 1866 prom-

2030 1885 2118 1942 ptc
2152 1890 2271 1929 eam
2299 1877 2482 1932 coles?
2516 1895 2586 1933 an
2633 1896 2821 1934 eorum
2869 1883 3194 1954 improbitas
3225 1888 3377 1951 facit,
3411 1897 3471 1942 ut
3511 1905 3610 1960 pa—

338 1959 431 2022 τὸς
464 1958 757 2021 ἐκέλευσας
790 1956 917 2024 περί
950 1957 1189 2016 πάντων,
1221 1946 1295 2006 ὧν
1325 1952 1391 2006 ἂν
1433 1952 1686 2022 θέλοιμεν
1718 1954 1916 2005 πυνθά-

2024 1964 2347 2023 cilicationis
2384 1983 2535 2037 spem
2569 1984 2788 2025 onmem
2841 1946 3132 2045 repudies?
3182 1978 3486 2047 imperator
3511 1946 3607 2034 .li-

339 2050 528 2107 νεσοαί
559 2067 653 2102 σου
689 2049 882 2117 ἀδεῶς,
912 2047 964 2100 τί
996 2047 1127 2119 περὶ
1164 2047 1261 2118 τῆς
1292 2047 1520 2116 εἰρήνης
1564 2045 1661 2098 νῦν
1688 2046 1872 2117 διανοῇ
1900 2064 1918 2123 _;

341 2140 431 2214 ἆρ’
458 2143 692 2211 ἑτοίμως
743 2140 887 2208 ἔχεις
941 2139 1076 2210 πρὸς
1110 2138 1305 2208 αὐτὴν,
1361 2137 1413 2190 εῐ
1456 2154 1604 2201 τινος
1644 2139 1921 2200 ἐπιεικοῦς

340 2234 635 2303 ἀπολογίας
666 2232 927 2303 τύχοις,ἧ
963 2231 1100 2301 πρὸς
1130 2231 1227 2300 τὴν
1260 2230 1483 2282 ἐκείνων
1522 2230 1922 2300 ἀγνωμοσύνην

341 2316 696 2377 πᾶντάπασιν
726 2325 980 2390 άπέγνως
1016 2323 1150 2392 πρὸς
1183 2322 1281 2384 τὰς
1313 2321 1589 2383 διαλύσεις
1617 2322 1709 2374 καί¹
1735 2323 1917 2385 αὐτόςς

340 2415 606 2476 Βασιλεὺς
635 2415 690 2466 δὲ
723 2414 884 2466 αὑτὸν
914 2415 1011 2479 τῆς
1041 2430 1101 2466 τι
1141 2412 1455 2484 παρρησίας
1485 2413 1805 2473 ἐπαινέσας,
1828 2412 1922 2464 καί

339 2509 437 2578 τῆς
468 2508 598 2578 περὶ
625 2509 691 2558 τα
723 2507 1026 2577 πράγματα
1076 2506 1267 2560 ἀδόλου
1303 2506 1515 2575 διαίτης
1547 2505 1642 2558 καὶ
1675 2506 1917 2570 δικαίας,

339 2602 434 2653 καὶ
464 2600 762 2669 ἀντιφιλεῖν
793 2600 954 2652 αὑτὸν
988 2598 1080 2650 καὶ
1113 2598 1278 2663 αὐτὸς
1307 2598 1480 2651 εἰπὼν
1497 2597 1585 2650 διὰ
1613 2601 1713 2666 τήν
1751 2613 1918 2667 πρεσ-

340 2694 510 2745 οὖσαν
560 2691 774 2743 σύνεσιν
824 2693 917 2746 καὶ
966 2691 1064 2760 τὴν
1101 2690 1332 2757 εὐφυΐαν
1363 2688 1461 2760 τὴν
1492 2690 1630 2757 πρὸς
1659 2689 1728 2741 τὰ
1756 2690 1917 2755 καλὰ,

335 2780 461 2838 εἶτα
485 2782 826 2852 ἀπεκρίνατο
869 2781 967 2835 καὶ
1004 2782 1133 2852 περί
1162 2782 1260 2852 τῆς
1292 2783 1537 2852 εἰρήνης,
1565 2781 1640 2846 ὼς
1670 2783 1758 2835 ἐπ’
1780 2784 1922 2835 ὲκεί-

341 2895 455 2941 νοις
484 2877 571 2943 εῖη
599 2877 713 2937 τοῖς
746 2874 1049 2945 πολεμοῦσι
1083 2874 1178 2927 καὶ
1206 2876 1238 2945 ή
1274 2875 1367 2928 τοῦ
1408 2876 1651 2945 πολέμου
1696 2877 1789 2928 καὶ
1822 2876 1921 2944 τῆς

338 2971 569 3039 εἰρήνης
614 2969 849 3039 αἵρεσις.
886 2968 1056 3020 Αὐτόν
1088 2983 1148 3019 τε
1190 2969 1300 3036 γὰρ
1341 2965 1707 3036 συνθήσεσθαι
1743 2968 1920 3036 ῥᾷστα

339 3061 480 3133 πρὸς
508 3061 606 3125 τὰς
636 3061 915 3123 διαλύσεις
951 3060 1019 3113 ἂν
1067 3058 1325 3112 ἐθέλωσιν
1372 3060 1594 3123 ἐκεῖνοι,
1633 3059 1728 3110 καὶ
1758 3057 1918 3111 πολε-

336 3155 540 3227 μήσειν
564 3152 706 3206 κατά
727 3151 978 3221 δύναμιν,
998 3150 1064 3205 ἂν
1091 3154 1290 3204 ἐκεῖνοι
1311 3152 1381 3205 τὰ
1409 3150 1591 3203 δίκαια
1621 3151 1695 3221 μὴ
1719 3149 1916 3204 θέλωσι

2025 2056 2291 2110 bertatcm
2340 2059 2463 2120 viri,
2518 2060 2900 2132 integrumque
2957 2079 3021 2120 ac
3077 2082 3265 2121 verum
3316 2069 3385 2124 de
3441 2071 3604 2125 rebus

2019 2145 2287 2215 judicium
2312 2148 2576 2214 .laudans,
2613 2161 2669 2204 et
2696 2167 2754 2205 se
2788 2160 3010 2222 prepter
3057 2157 3400 2223 prudentiam
3441 2168 3496 2213 ct
3522 2160 3607 2214 in-

2023 2238 2243 2308 genium
2272 2239 2339 2295 ad
2375 2241 2632 2295 virtutem
2666 2254 2852 2299 natum
2907 2245 3189 2303 redamare
3229 2249 3382 2305 illum
3415 2252 3607 2306 testifi-

2024 2342 2180 2392 cans,
2212 2331 2533 2399 respondet,
2568 2332 2694 2387 belli
2740 2344 2799 2389 et
2834 2338 2984 2406 pacis
3015 2337 3340 2395 electionem
3380 2341 3436 2396 in
3459 2344 3607 2399 arbi-

2027 2420 2131 2474 trio
2158 2421 2475 2477 bellantium
2502 2424 2822 2480 consistere.
2852 2424 2986 2481 Nam
3015 2445 3075 2484 se
3104 2432 3323 2500 quidem
3348 2432 3605 2489 facillime

2024 2510 2091 2565 ad
2123 2512 2579 2582 compositionem
2628 2532 3051 2588 consensurum,
3105 2524 3150 2577 si
3222 2524 3356 2595 ipsis
3388 2527 3551 2583 libeat
3584 2570 3601 2594 ,

2028 2610 2084 2657 et
2126 2614 2495 2675 pugnaturum
2558 2623 2660 2678 pro
2698 2609 2924 2678 viribus,
2976 2613 3019 2667 si
3056 2614 3221 2669 iidem
3269 2618 3360 2686 jus
3413 2619 3604 2690 fasque

2024 2698 2473 2764 contempserint.
2503 2697 2654 2768 ipsos
2683 2701 2908 2772 quippe,
2948 2704 3239 2761 calumniis
3284 2718 3341 2763 et
3380 2711 3604 2765 menda-

2025 2785 2128 2840 ciis
2160 2786 2528 2857 indulgentes,
2558 2791 2761 2846 bellum
2788 2810 2965 2854 orsos.
2998 2808 3333 2869 matremque
3370 2816 3524 2856 suam
3547 2804 3602 2858 in

2025 2892 2248 2934 carcere
2284 2890 2642 2950 aegrotantem
2697 2886 2846 2940 nulla
2892 2903 3025 2942 cura
3077 2890 3353 2960 dignatas,
3388 2902 3601 2950 tantum

2023 2985 2131 3023 non
2158 2980 2371 3025 suamet
2401 2986 2562 3029 manu
2588 2977 2857 3032 occidisse
2889 2996 2903 3032 :
2938 2990 2993 3036 et
3027 2968 3192 3038 filium
3226 2986 3598 3052 duodennem,

1979 3081 1990 3091 ο
2022 3061 2113 3130 qui
2152 3063 2288 3117 nihil
2326 3064 2381 3117 in
2418 3080 2513 3120 eos
2564 3083 2907 3139 peceaverat,
2945 3073 3075 3128 odio
3123 3077 3293 3144 patris
3322 3081 3513 3134 tandiu
3544 3085 3598 3135 in

2021 3155 2256 3209 vinculis
2283 3157 2576 3212 retinuisse
2610 3178 2623 3212 :
2646 3169 2700 3215 et
2731 3163 2938 3218 amicos
2967 3180 3029 3218 ac
3049 3168 3385 3239 propinquos
3407 3187 3602 3229 omnes

338 3246 540 3298 ποιεῖν.
585 3244 816 3295 Ἐκεῖνοι
857 3241 967 3312 γὰρ
1000 3242 1262 3312 πρότεροι
1315 3239 1553 3309 πολέμου
1587 3235 1765 3311 ἧρξαν
1798 3241 1916 3346 δια-

2019 3246 2309 3302 sustulisse
2333 3288 2348 3312 ,
2394 3265 2666 3321 quamque
2725 3256 3024 3323 potuerint,
3050 3235 3506 3327 ipetulantissime
3536 3274 3598 3321 et

335 3335 598 3398 ϐαλόντες
628 3336 723 3387 καὶ
767 3333 1307 3403 συκοφαντήσαντες,
1340 3333 1435 3385 καὶ
1464 3334 1564 3402 τήν
1605 3348 1667 3384 τε
1702 3332 1913 3402 μητέρα

336 3406 522 3496 ὀλίγου
560 3425 671 3479 δεῖν
711 3427 1043 3480 ἀπέκτειναν
1070 3424 1417 3496 αὐτοχειρία,
1454 3426 1512 3476 ὲν
1554 3423 1916 3493 δεσμωτηρίῳ

339 3520 610 3573 νοσοῦσαν
658 3517 920 3589 προνοίας
971 3515 1307 3581 ἀξιώσαντες
1360 3517 1658 3589 μηδεμιᾶς,
1701 3517 1796 3569 καὶ
1828 3518 1917 3568 τὸν

336 3611 455 3663 υἱὸν
486 3608 642 3663 οὔπω
691 3609 899 3662 δώδεκα
948 3607 1042 3677 ἐτη
1078 3611 1365 3676 γεγονότα,
1387 3610 1483 3661 καὶ
1516 3608 1685 3676 μηδὲν
1719 3608 1917 3670 αὐτοὺς

336 3700 663 3774 ἠδικηκότα,
692 3700 784 3754 διὰ
810 3700 908 3769 τήν
938 3699 1074 3770 πρὸς
1099 3700 1200 3771 ἐμὲ
1222 3699 1548 3769 ἀπέχθειαν,
1570 3699 1674 3751 ὑπὸ
1697 3700 1916 3767 δεσμοῖς

256 3800 278 3824 ‘
335 3795 683 3861 κατέστησαν
703 3790 955 3845 τοσοῦτον
980 3790 1189 3860 χρόνον,
1211 3790 1442 3851 καὶτοὺς
1461 3788 1646 3858 φίλους
1672 3790 1915 3850 ἃπαντας

332 3884 655 3954 διέφθειραν
705 3885 801 3937 καὶ
842 3885 970 3948 τοὺς
1016 3882 1286 3945 οἰκείους·
1321 3884 1415 3935 καὶ
1459 3882 1613 3935 οὐδὲν
1648 3882 1917 3934 ἀπέλιπον

338 3978 629 4048 παροινία;
665 3975 786 4027 οὐδὲ
815 3974 1050 4045 ΰὸρεως.
1095 3973 1202 4027 Ἐῶ
1236 3976 1345 4044 γὰρ
1373 3974 1554 4040 λέγειν
1582 3973 1682 4044 τήν
1721 3973 1913 4027 τοσού-

335 4088 436 4124 του
470 4069 699 4125 πλούτου
725 4065 1037 4137 διαρπαγὴν
1065 4065 1199 4135 ἐμοῦ
1231 4083 1292 4116 τε
1327 4069 1424 4117 καὶ
1462 4062 1572 4117 τῶν
1609 4063 1913 4131 συγγενῶν,

338 4160 437 4225 οὓς
482 4161 591 4213 ἔδει
624 4161 894 4226 τοσαύτην
942 4156 1142 4211 κακίαν
1187 4156 1502 4219 συνειδότας
1554 4157 1790 4219 ἑαυτοῖς,
1822 4156 1917 4208 καὶ

337 4252 420 4313 ὡς
447 4251 545 4321 τῆς
568 4248 852 4316 ἀμυθήτου
871 4247 1073 4318 φθορᾶς
1104 4245 1394 4316 Ῥωμαίων
1423 4243 1734 4297 αἰτιώτατοι
1757 4243 1917 4313 γεγέ-

338 4362 554 4416 νηνται,
570 4344 717 4397 ἔλεον
731 4344 836 4396 τῶν
863 4343 1134 4412 ὁσημέραι
1157 4340 1246 4394 διὰ
1261 4340 1358 4410 τὴν
1391 4340 1572 4393 αὐτῶν
1591 4339 1795 4394 κακίαν
1821 4339 1916 4392 καὶ

344 4436 652 4509 μοχθηρίαν
668 4436 934 4497 λαϐόντας
955 4433 1339 4502 κτεινομένων,
1363 4434 1614 4503 πρώτους
1634 4435 1701 4503 τῇ
1723 4432 1915 4502 εἰρήνῃ

342 4532 738 4599 προσδραμεῖν,
788 4530 883 4581 καί⁸
932 4528 1025 4579 τὸν
1074 4526 1314 4594 πόλεμον
1368 4524 1693 4589 σπουδάζειν
1744 4542 1914 4578 κατα·

2020 3339 2566 3397 contumeliosissime
2595 3360 2655 3399 se
2686 3349 2941 3415 gessisse.
2971 3348 3150 3407 Taceo
3188 3355 3361 3421 enim,
3390 3356 3593 3427 inquit,

2022 3435 2291 3484 tantarum
2323 3446 2511 3502 epum,
2546 3445 2604 3490 et
2644 3452 2908 3505 mearum,
2940 3449 2995 3495 et
3034 3451 3390 3514 cognatorum
3412 3449 3597 3519 direp-

2022 3521 2250 3578 tionem.
2283 3523 2434 3590 Quos
2487 3529 2776 3596 Oportebat
2829 3540 3100 3589 tantorum
3144 3537 3411 3593 scelerum
3459 3556 3596 3597 con-

2020 3614 2251 3669 scientia
2276 3616 2605 3685 stimulatos,
2640 3631 2694 3675 ct
2720 3619 2997 3681 Romanos
3024 3629 3094 3681 ob
3139 3629 3479 3688 calamitates
3509 3634 3597 3691 in-

2020 3705 2328 3773 credibiles,
2389 3726 2576 3765 eorum
2630 3729 2793 3783 opera
2851 3716 3026 3772 illatas
3064 3730 3307 3790 (propter
3363 3740 3595 3795 quorum

2020 3799 2319 3867 nequitiam
2365 3811 2421 3855 et
2480 3805 2880 3874 improbitatem
2916 3812 3155 3875 quot‘die
3209 3815 3595 3886 trucidantur),

2019 3890 2326 3958 miseratus,
2363 3893 2565 3961 primos
2587 3912 2772 3964 pacem
2802 3902 3080 3971 amplecti,
3117 3914 3172 3960 et
3204 3907 3427 3964 studere
3476 3911 3597 3966 bel-

2021 3983 2131 4037 lum
2160 3984 2434 4055 disjieere.
2465 3988 2732 4056 Quoniam
2779 4003 2964 4048 autem
2997 3997 3139 4052 aliud
3171 4014 3280 4054 non
3334 4012 3598 4073 cogitant,

2019 4092 2183 4146 quam
2214 4088 2273 4135 ut
2299 4079 2396 4133 soli
2435 4095 2617 4134 rerum
2659 4082 3011 4141 dominentur
3061 4090 3126 4147 (si
3178 4096 3341 4148 modo
3392 4094 3595 4165 aliquid

2021 4182 2202 4223 rerum
2232 4169 2480 4225 relictum
2508 4174 2638 4242 est),
2659 4174 3013 4246 subditosque
3042 4180 3192 4235 nullo
3218 4182 3339 4238 loco
3367 4185 3595 4247 ducunt,

2019 4274 2121 4328 ego
2148 4259 2605 4329 quemadmodum
2639 4264 2763 4318 inde
2785 4281 2813 4319 a
2836 4269 3135 4335 primordio
3152 4273 3219 4326 ad
3246 4289 3593 4332 communem

2020 4350 2248 4405 Salutem
2279 4366 2439 4405 omne
2456 4369 2635 4408 meum
2667 4355 2905 4412 studium
2947 4358 3296 4434 laboremque
3350 4368 3593 4424 contuli:

2021 4444 2099 4496 sic
2124 4452 2179 4497 ct
2206 4459 2348 4498 nunc
2368 4460 2486 4514 quae
2514 4448 2772 4503 omnibus
2794 4451 3073 4519 profutura
3096 4455 3225 4522 sint,
3259 4461 3441 4513 omnia
3478 4461 3598 4516 edi-

2021 4549 2159 4589 cam.
2185 4535 2224 4588 E
2244 4537 2439 4606 quibus
2461 4536 2651 4592 licebit
2672 4540 2780 4595 illis
2796 4551 2891 4597 aut
2909 4544 3130 4601 meliora
3154 4549 3375 4619 eligere,
3398 4554 3441 4607 si
3477 4555 3597 4608 uui-

339 4623 513 4677 λύειν.
555 4621 708 4675 Ἐπεὶ
732 4622 778 4674 δ’
805 4620 1038 4683 ἐκείνοις
1076 4619 1291 4681 οὐδενὸς
1321 4617 1508 4688 ἑτέρου
1541 4618 1774 4710 μέλει,ή
1807 4619 1905 4710 τοῦ

2020 4626 2259 4680 versitati
2283 4626 2591 4687 consultum
2613 4629 2800 4698 velint,
2822 4642 2916 4688 aut
2938 4634 3137 4690 bellum
3166 4617 3437 4710 accipere,
3467 4644 3512 4698 si
3542 4645 3598 4701 id

336 4714 450 4768 τῶν
477 4712 819 4787 πραγμάτων
848 4712 1025 4782 μόνων
1046 4710 1224 4780 ἀρχὴν
1246 4708 1311 4762 ἄν
1340 4726 1463 4761 τινα
1488 4708 1907 4779 περιλειφθῶσι,

335 4806 451 4860 τῶν
505 4803 551 4857 δ’
606 4803 929 4874 ἀρχομένων
976 4802 1238 4871 οὐδεμίαν
1289 4801 1550 4872 πρόνοιαν
1609 4801 1915 4870 ποιοῦνται,

336 4899 531 4967 ὥσπερ
559 4895 795 4965 ἐξαρχῆς
844 4892 1007 4954 αὐτὸς
1056 4892 1199 4961 ὑπὲρ
1246 4896 1347 4962 τῆς
1395 4895 1585 4963 κοινῆς
1634 4892 1912 4962 σωτηρίας

339 4989 526 5043 πάντα
552 4982 1095 5057 ἐπραγματευόμην,
1124 4981 1267 5035 οὕτω
1298 4984 1392 5035 καὶ
1417 4982 1512 5035 νῦν
1555 4982 1591 5037 ἃ.
1621 4985 1756 5036 πᾶσι
1788 4983 1915 5052 μὲλ-

338 5080 423 5132 λει
450 5078 603 5148 κοινῇ
643 5074 910 5128 συνοίσειν
941 5073 1120 5125 πάντα
1151 5072 1282 5142 ἐρῶ.
1319 5072 1568 5136 Ἐξέσται
1613 5073 1670 5126 δὲ
1703 5075 1910 5141 αὐτοῖς,

339 5173 374 5243 ἢ
418 5167 694 5241 αἱρεῖσθαι
742 5167 813 5221 τά
854 5166 1048 5239 βελτίω
1078 5165 1146 5220 ἂν
1180 5165 1438 5232 πρόνοιάν
1473 5182 1595 5219 τινα
1644 5166 1912 5220 ποιῶνται

337 5262 435 5316 τοῦ
467 5259 670 5325 κοινοῦ,
692 5259 727 5331 ἦ
755 5262 845 5312 τὸν
874 5258 1112 5327 πόλεμον
1141 5254 1485 5320 ἀσπάζεσθαι
1512 5254 1579 5310 ἂν
1601 5256 1710 5310 τῶν
1735 5257 1913 5313 ἄλλων

342 5356 565 5409 πάντων
590 5352 627 5407 ἃ.
658 5353 973 5423 νομίζουσιν
1029 5351 1210 5414 αὐτοῖς
1255 5350 1362 5421 ἰδίᾳ
1405 5350 1686 5420 διαφέρειν
1721 5367 1913 5422 προτι⁴

346 5440 512 5512 μῶσι.
546 5441 693 5511 Φημὶ
723 5440 927 5501 τοίνυν,
952 5438 1036 5502 ’ὡς
1084 5440 1178 5490 ἐὰν
1219 5439 1317 5507 μὲν
1348 5437 1652 5506 ἐθελήσωσι
1686 5438 1916 5508 βασιλέα

340 5531 615 5600 δέχεσθαι,
645 5533 741 5583 καὶ
770 5534 880 5595 τοῖς
909 5534 1065 5584 παισὶ
1102 5530 1444 5600 συνάρχοντα
1489 5530 1777 5600 βασιλέως,
1804 5533 1913 5585 οὐδ’

344 5620 512 5673 αὐτὸν
545 5620 1102 5689 πολυπραγμονήσειν
1155 5620 1319 5690 μηδὲν
1357 5620 1489 5689 περί
1516 5621 1623 5671 τῶν
1654 5624 1795 5672 κατά
1823 5620 1916 5673 τὸν

340 5713 582 5782 πόλεμον
619 5713 1044 5781 γεγενημένωνο
1095 5710 1212 5765 ἀλλ’
1257 5713 1564 5782 ἀμνηστίαν
1615 5729 1675 5765 τε
1730 5715 1915 5779 αὐτοῖς

342 5804 600 5887 παρέξειν
630 5804 739 5856 τῶν
770 5804 978 5869 κακῶν,
1015 5808 1109 5858 καὶ
1147 5805 1255 5857 τῶν
1279 5805 1649 5876 ἡρπασμένων
1686 5808 1915 5876 μηδενὸς

348 5898 773 5966 ἀποστερήσειν,
796 5895 862 5949 ἄν
892 5911 951 5948 τε
981 5895 1089 5949 τῶν
1109 5896 1330 5949 οἰκείων
1350 5890 1483 5958 ὦσιν
1511 5896 1543 5966 ἦ
1576 5895 1685 5953 τῶν
1717 5897 1912 5967 φίλων,

2021 4719 2248 4787 privatis
2300 4717 2624 4777 utilitatibus
2673 4722 2789 4778 suis
2847 4726 3102 4783 omnibus
3155 4739 3595 4803 anteponendum

2018 4807 2283 4867 sentiunt.
2308 4806 2409 4861 Aio
2439 4807 2641 4877 itaque.
2662 4813 2705 4866 si
2728 4814 2998 4870 voluerint
3016 4833 3103 4871 me
3127 4820 3510 4891 imperatmem
3546 4841 3601 4886 «ι

1966 4960 1985 4975 ο
2017 4897 2252 4952 ﬁliorum
2281 4898 2516 4953 tleluncti
2536 4901 2798 4970 collegam
2820 4906 2950 4973 pati,
2975 4922 3082 4961 non
3113 4910 3342 4968 sollicite
3365 4916 3597 4986 inquisi-

2018 4996 2198 5051 turum
2219 4991 2272 5043 in
2299 5006 2383 5056 ca,
2407 5007 2525 5061 quae
2546 4991 2687 5049 bello
2718 5000 2991 5064 pri-terito
3018 5006 3307 5060 commissa
3329 5021 3476 5075 sunt,
3497 5012 3596 5065 ιιι-ιι

2019 5082 2246 5153 injurias
2280 5082 2550 5137 oblivione
2576 5086 2904 5155 sempiterna
2939 5092 2987 5145 d.
3009 5092 3268 5154 leturum.
3317 5108 3371 5152 et
3411 5101 3598 5170 SpOlll-l

2020 5177 2134 5229 suis
2163 5189 2227 5228 ac
2248 5175 2429 5244 praeda
2466 5173 2670 5231 nullum
2712 5178 3070 5249 privatorum,
3114 5186 3231 5241 sive
3273 5203 3337 5242 ea
3369 5188 3599 5244 familia-

2019 5267 2183 5333 rium,
2207 5272 2319 5321 sive
2337 5266 2656 5331 amicorum,
2680 5268 2796 5324 sive
2830 5284 3179 5344 cognatorum
3211 5278 3390 5347 fuerit;
3419 5297 3597 5353 neque

2019 5353 2348 5419 ablaturum,
2375 5368 2495 5421 qua:
2525 5351 2660 5421 ipsis
2680 5355 2819 5412 bello
2851 5362 3326 5435 ardenteAugusta
3359 5351 3597 5428 donave-

2019 5444 2110 5505 rit,
2135 5444 2219 5497 vcl
2251 5444 2504 5507 honores,
2540 5443 2583 5496 si
2620 5446 2816 5512 praeter
2852 5452 3173 5523 dignitatem
3218 5474 3283 5511 ac
3339 5464 3593 5519 meritum

2021 5535 2196 5590 collati
2261 5535 2549 5608 videantur
2582 5578 2598 5605 ,
2647 5541 2729 5595 vel
2783 5546 3176 5613 possessiones,
3239 5550 3405 5621 639
3476 5555 3597 5611 sire

2023 5627 2124 5681 illac
2154 5626 2381 5697 publica:
2407 5640 2584 5692 erant,
2636 5634 2749 5688 sive
2769 5637 2835 5688 ad
2900 5650 2986 5690 me
3045 5638 3302 5706 privatim
3351 5643 3591 5710 pertine~

2025 5714 2153 5770 bant
2184 5734 2197 5771 :
2232 5723 2580 5790 vctumaequi
2625 5724 2863 5795 bonique
2917 5726 3185 5783 facturum
3224 5735 3409 5787 omnia
3438 5772 3452 5797 ,
3495 5751 3595 5791 ne-

2021 5822 2127 5876 quc
2156 5824 2393 5878 unquam
2421 5828 2542 5866 cum
2565 5828 2753 5870 eorum
2780 5818 2979 5871 damno
3011 5820 3229 5877 bellicas
3257 5823 3594 5881 offensiones

2026 5900 2452 5957 undicaturum.
2501 5905 2704 5971 Quodsi
2737 5910 2837 5963 hoc
2887 5926 2987 5966 nec
3019 5913 3219 5978 justum
3262 5931 3364 5972 nec
3415 5915 3590 5999 feren-
