4048 6428
525 415 664 481 1199

520 639 665 679 rum.
699 618 987 676 Iudicibus
1019 623 1202 670 autem
1228 613 1350 668 aliis
1382 627 1490 671 non
1514 619 1654 676 utar,
1700 610 1802 665 nist
1860 609 1975 679 ipsa
2005 608 2108 661 im-

520 716 811 788 peratrice,
844 710 1172 782 patriarcha,
1206 705 1487 762 monachis
1543 715 1597 758 et
1627 702 1858 758 delectis
1888 699 2108 771 episco-

522 808 627 879 pis,
658 815 715 862 et
738 801 1020 868 Romanis,
1041 800 1089 857 si
1114 798 1206 869 qui
1228 804 1543 868 supersum,
1578 792 1935 866 optimatibus
1960 810 1973 842 ι
1996 790 2112 846 imo

521 914 655 955 vero
692 897 858 952 etiam
901 894 1281 965 cujuscunque
1328 886 1647 957 reipublicae
1683 884 1818 938 viris
1866 883 2112 953 pruden-

523 992 751 1048 tioribus
794 988 925 1043 Etsi
955 985 1173 1056 quidem
1201 982 1425 1051 iniquus
1448 1021 1463 1043 ,
1512 979 1772 1049 perjurns
1803 987 1858 1032 et
1886 974 2113 1030 insidia-

525 1091 611 1137 tor
637 1080 966 1148 comperiar,
1000 1075 1145 1146 quod
1179 1072 1272 1127 isti
1301 1069 1577 1130 dictitant,
1613 1065 1917 1123 sceleribus
1969 1064 2105 1118 meis

521 1189 633 1228 non
663 1170 809 1228 aliud
838 1167 1168 1240 Supplicium
1194 1207 1209 1233 ,
1243 1178 1410 1236 quam
1467 1169 1700 1216 mortem
1741 1156 2028 1229 inglorium
2058 1162 2115 1209 et

522 1267 783 1321 infantem
815 1260 1041 1331 irrogari
1077 1259 1223 1315 volo.
1259 1257 1315 1312 Si
1345 1257 1487 1310 hanc
1518 1251 1926 1307 damnationem
1953 1264 2113 1302 aver-

523 1369 735 1423 santur,
778 1355 998 1411 crudele
1020 1353 1309 1416 ducentes,
1353 1349 1407 1403 in
1454 1344 1734 1401 hominem
1784 1341 2112 1397 sententiam

523 1455 814 1527 capitalem
849 1453 1024 1507 ferre:
1076 1457 1132 1503 at
1173 1462 1272 1517 ego
1323 1446 1440 1514 ipse
1464 1450 1593 1496 ante
1632 1438 1896 1511 judicium
1934 1446 2115 1491 atrum

526 1548 790 1603 adversus
823 1559 909 1598 me
959 1540 1228 1596 calculum
1294 1535 1458 1599 dabo,
1514 1541 1574 1585 ut
1618 1531 1765 1602 ipsi,
1820 1538 2114 1601 postquam

526 1640 809 1701 convictus
840 1637 1014 1702 fuero,
1039 1629 1290 1703 supplicii
1339 1628 1501 1697 hujus
1532 1623 1968 1696 reprehensione
2017 1636 2115 1675 va-

527 1744 673 1788 cent.
728 1729 824 1783 Sin
878 1735 1059 1781 autem
1104 1722 1293 1793 potius,
1337 1718 1441 1773 alia
1502 1716 1689 1772 omnia
1740 1711 2114 1777 constiterint,

527 1840 638 1880 non
672 1839 757 1878 me
793 1817 1118 1890 simpl'citer
1147 1830 1210 1869 ac
1244 1822 1448 1868 temere
1470 1808 1813 1872 aﬂirmante,
1848 1804 1942 1861 sed
1970 1804 2113 1860 dicta

531 1932 649 1971 mea
675 1912 1024 1970 evidentibus
1055 1905 1391 1964 testimoniis
1426 1904 1811 1965 conlirtnante,
1850 1914 1959 1954 non
1983 1896 2112 1968 qui-

529 2011 652 2064 dem
683 2006 870 2078 petitis
908 1992 937 2058 a
987 2015 1231 2057 mearum
1275 1998 1514 2070 partium
1550 1993 1811 2050 studiosis
1857 1994 1950 2060 (ne
1985 1989 2119 2044 mihi

530 2098 824 2173 gratiﬁcari
864 2092 1293 2162 existimentur),
1324 2105 1512 2146 verum
1540 2089 1609 2143 ab
1640 2087 1770 2154 illis,
1822 2100 1961 2158 quos
2010 2083 2117 2153 ipsi

531 2202 647 2250 toto
668 2192 814 2248 bello
855 2188 1136 2260 adjutores
1170 2185 1530 2244 habuerunt,
1573 2181 1686 2235 imo
1721 2194 1854 2234 vero
1894 2178 1964 2232 ab
1999 2176 2117 2247 ipsa

532 2283 884 2358 imperatrice
934 2289 989 2335 et
1019 2277 1348 2351 patriarcha,
1403 2273 1497 2343 qui
1537 2287 1661 2328 cum
1694 2269 1944 2341 pluribus
1974 2266 2110 2322 mihi

535 2388 700 2435 testes
728 2385 894 2432 erunt
919 2374 1053 2446 (non
1082 2370 1232 2425 enim
1270 2382 1472 2437 negare
1500 2372 1780 2437 poterunt,
1818 2377 1941 2433 qua:
1978 2359 2116 2414 mihi

534 2472 821 2544 perspicue
852 2461 1404 2531 commandaverint),
1428 2456 1654 2529 justitiae
1684 2464 2116 2510 consentaneum

535 2542 673 2632 erit,
697 2573 759 2619 ut
784 2561 893 2633 qui
913 2542 1405 2615 criminationibus)
1437 2558 1494 2607 et
1524 2548 1741 2605 insidiis
1787 2545 1997 2602 nefarie
2031 2560 2118 2600 me

535 2656 934 2728 appetiverunt,
964 2648 1187 2704 easdem
1220 2658 1412 2715 poenas
1461 2641 1782 2712 suscipiant.
1817 2637 2118 2693 Verumta-

536 2764 665 2806 men
680 2762 784 2819 ego
818 2738 1279 2815 quemadmodum
1304 2736 1360 2791 in
1393 2735 1536 2800 aliis,
1569 2733 1649 2790 sic
1682 2732 1739 2786 in
1772 2731 1861 2788 bis
1903 2729 2121 2786 deside-

538 2846 622 2901 rio
668 2840 905 2914 quodam
957 2836 1147 2908 gloriae
1179 2847 1269 2889 me
1327 2832 1553 2903 quidem
1594 2843 1760 2883 causa
1831 2825 2119 2881 cadentem

541 2945 717 2993 morte
758 2931 1095 3006 multandum
1137 2925 1435 2998 pronuntio
1471 2942 1484 2979 :
1538 2922 1623 2977 sin
1666 2919 1769 2991 ipsi
1798 2920 1949 2974 litem
1998 2933 2126 2989 per-

541 3028 805 3092 diderint,
836 3023 970 3080 nihil
993 3037 1087 3077 eos
1118 3019 1409 3075 molestum
1444 3015 1556 3086 pati
1598 3012 1816 3086 postulo
1843 3054 1858 3079 ,
1889 3009 1996 3065 nisi
2022 3011 2124 3064 hoc

540 3137 731 3186 unum,
767 3128 827 3173 ut
855 3114 1210 3188 sycophantae
1263 3119 1319 3166 et
1372 3106 1753 3165 criminatores
1787 3114 2126 3173 cognoscan-

546 3223 637 3267 tur
662 3252 678 3276 ,
714 3218 883 3265 etme
934 3202 1271 3266 absolutum,
1314 3199 1728 3269 imperatorem,
1779 3194 2126 3262 ﬁliorumque
2150 3228 2199 3295 ο

540 3297 784 3358 defuncti
818 3294 1081 3367 collegam
1136 3307 1166 3346 a
1217 3287 1483 3344 Romanis
1548 3285 1725 3357 palam
1772 3280 2117 3354 proclamari.

540 3392 635 3450 Sin
671 3400 854 3448 autem
883 3388 968 3445 vel
993 3401 1117 3442 cum
1147 3390 1298 3438 veste
1348 3376 1701 3449 imperatoria
1740 3375 1808 3429 ad
1853 3372 2122 3446 judicium

542 3495 902 3539 occursurum
938 3482 1216 3537 metuunt,
1258 3470 1343 3525 vel
1368 3484 1494 3525 cum
1519 3468 1763 3522 exercitu
1793 3464 2118 3536 Byzantium

544 3576 917 3645 ingressurum
964 3563 1316 3634 suSpicantur
1341 3601 1356 3627 ,
1391 3575 1492 3630 ego
1519 3557 1640 3612 illos
1694 3556 1798 3610 hoc
1827 3569 2033 3628 angore
2066 3554 2129 3608 li-

544 3668 777 3725 berabo.
809 3661 956 3717 ‘Nam
1012 3657 1210 3729 positis
1259 3653 1565 3725 insignibus
1602 3650 1990 3720 imperatoriis,
2039 3662 2131 3702 or-

546 3768 681 3814 natu
709 3753 903 3827 privati
937 3793 952 3819 ,
1002 3749 1159 3805 denis
1214 3748 1476 3801 duntaxat
1534 3739 1829 3797 comitibus
1885 3738 2129 3794 intrabo.

542 3846 867 3910 Communis
892 3844 1040 3899 enim
1076 3840 1201 3895 boni
1257 3852 1419 3894 causa
1446 3877 1461 3901 ,
1516 3843 1572 3890 et
1603 3843 1660 3889 ut
1692 3830 1984 3898 Romanos,
2035 3833 2129 3901 qui

547 3941 683 3997 mihi
714 3945 844 3995 sunt
872 3932 1207 3996 charissimi,
1259 3945 1289 3983 a
1327 3928 1455 3983 belli
1485 3924 1831 3982 detrimentis
1856 3923 2129 3978 vindicem

550 4028 905 4107 (quanquam'
931 4025 1277 4099 sycophantae
1306 4022 1392 4077 isti
1436 4029 1492 4076 et
1543 4019 1631 4074 hic
1656 4018 2001 4083 obtrectent,
2046 4016 2124 4070 di-

549 4136 782 4196 eantque
833 4138 920 4178 me
973 4120 1216 4189 ipsorum
1252 4115 1464 4170 hostem
1498 4122 1554 4166 et
1604 4111 1937 4182 perditorem
1958 4108 2130 4176 esse),

549 4235 658 4274 non
693 4217 818 4271 talia
859 4212 1044 4275 modo,
1080 4207 1177 4264 sed
1203 4207 1362 4276 longe
1401 4207 1567 4259 etiam
1610 4200 1885 4258 odiosiora
1932 4197 2133 4253 alacri~

553 4321 635 4366 ter
689 4305 905 4363 decrevi
945 4301 1255 4358 sustinere:
1295 4293 1601 4366 praesertim
1648 4307 1773 4346 cum
1820 4289 1875 4344 id
1901 4289 2134 4344 celebri-

554 4400 651 4457 tati
698 4413 833 4454 mea:
882 4410 988 4449 nec
1032 4390 1307 4446 tantillum
1378 4385 1687 4440 nociturum
1739 4378 2025 4451 stum
2075 4377 2131 4432 Si

552 4493 699 4547 enim
732 4488 941 4561 judicio
974 4483 1151 4538 vietus
1178 4480 1420 4542 occidar,
1447 4476 1594 4531 nulla
1628 4474 1695 4529 ad
1728 4490 1812 4527 me
1849 4489 1911 4527 ex
1968 4472 2135 4541 impe-

554 4584 759 4638 I'aIOI'it)
797 4579 1078 4635 schemate
1123 4572 1321 4628 redibit
1354 4569 1578 4625 utilitas.
1644 4565 1741 4619 Sin
1783 4571 2126 4618 accusatores

2241 4580 2310 4633 τά
2354 4595 2416 4631 τε
2467 4577 2723 4649 βασιλικὰ
2774 4575 3023 4642 ἐπίσημα
3076 4571 3451 4641 ἀποθέμενος,

553 4691 773 4749 pessum
817 4672 1043 4736 dedero,
1109 4667 1243 4721 nihil
1283 4664 1436 4719 triste
1485 4661 1611 4725 erit,
1667 4673 1790 4714 eum
1848 4656 1916 4711 ad
1971 4656 2135 4709 breve

555 4780 773 4839 tempus
803 4761 1141 4835 deposuisse,
1169 4771 1330 4828 quem
1362 4768 1487 4808 mox
1510 4752 1717 4820 majore
1744 4761 1869 4802 cum
1903 4745 2134 4808 honore,

554 4871 609 4915 et
636 4836 920 4930 applansu,
945 4850 1304 4917 omniumque
1347 4841 1623 4912 sutiragiis
1651 4846 1975 4907 recepturus
2009 4836 2136 4890 sim.

557 4924 742 5022 Neque
786 4948 931 5003 enim
997 4942 1251 4998 noctibus
1307 4935 1557 5007 singulis,
1620 4924 1841 5002 quando
1891 4929 2157 4986 cubitum.

557 5043 825 5104 concedo,
875 5055 942 5095 ex
970 5038 1089 5109 ejus
1118 5031 1462 5105 depositione
1486 5034 1580 5083 aut
1610 5024 1887 5081 tristitiam
1921 5032 2017 5079 aut
2045 5023 2140 5079 de—

558 5140 726 5193 decus
755 5131 976 5203 aliquod
999 5128 1201 5184 sentio.
1237 5124 1443 5178 Idcirco
1475 5134 1578 5175 nec
1611 5117 1771 5172 modo
1803 5131 1969 5187 super
1995 5114 2139 5169 ami-

557 5242 647 5284 ctu
690 5227 845 5300 plura
877 5226 1090 5295 loquar,
1127 5227 1350 5291 paratus
1380 5215 1558 5270 facere
1585 5212 1731 5282 quod
1786 5210 1891 5265 illis
1917 5211 2141 5281 placue-

558 5325 648 5376 rit.
677 5319 836 5386 Quod
864 5313 908 5371 si
950 5313 1120 5370 semel
1165 5309 1368 5366 invidia
1405 5318 1460 5361 et
1490 5306 1614 5360 odio
1668 5303 1776 5358 ιιιρί
1832 5302 2137 5373 praepediti,

558 5414 753 5468 horum
789 5409 927 5464 nihil
962 5415 1157 5479 putant
1194 5402 1463 5463 sutliecre,
1495 5412 1675 5468 neque
1704 5397 1811 5452 ulla
1844 5399 2141 5467 sponsione

464 5510 471 5517 '
556 5502 938 5558 conditioneve
966 5512 1050 5551 nte
1081 5497 1471 5564 imperatorem
1512 5503 1635 5543 esse
1663 5487 1873 5553 sinunt,
1913 5486 2010 5542 sed
2052 5501 2139 5540 se-

558 5597 665 5652 mel
707 5597 1018 5648 statuerunt
1061 5603 1147 5644 me
1221 5585 1475 5655 rejicere,
1532 5580 1870 5652 perdereque
1935 5580 2140 5647 omnia,

559 5703 722 5757 quam
776 5686 909 5741 mihi
948 5683 1175 5739 subesse
1217 5677 1472 5733 malunt:
1526 5676 1627 5732 etsi
1684 5674 1762 5730 ita
1808 5674 2144 5730 insanientes

564 5788 917 5831 contemnere
948 5772 1257 5843 oportebat,
1290 5779 1471 5824 tamen
1517 5782 1583 5822 ne
1617 5780 1963 5821 communem
2007 5765 2145 5820 salu-

569 5875 678 5923 tem
714 5867 897 5921 studio
946 5868 1071 5919 vitae
1103 5876 1238 5917 mete
1267 5860 1548 5916 servanda:
1575 5860 1879 5929 neglexisse
1932 5859 2140 5925 videar,

1714 398 2037 467 JUANNIS
2074 397 2604 462 CANTACUZENI

406 558 425 565 ο
519 534 653 591 dum
691 526 1031 592 censuerint,
1069 531 1241 579 totum
1271 520 1549 593 negotium
1571 517 1774 591 judicio
1794 517 2100 589 permissu-

2228 518 2239 589 j
2275 518 2383 572 τῶν
2425 518 2726 586 συγγενῶν.
2765 518 2887 571 Ἔτι
2919 533 2975 570 τε
3013 514 3122 570 οὐδ’
3165 508 3241 568 ὧν
3286 512 3467 577 αὐτοῖς
3498 513 3531 582 ἡ
3575 512 3763 584 βασιλὶς

3641 394 3759 460 i200

2214 612 2523 683 παρέσχετο
2555 611 2700 664 κατὰ
2734 610 2823 665 τὸν
2857 609 2950 663 τοῦ
2986 607 3228 679 πολέμου
3266 606 3477 678 χρόνον,
3517 603 3637 658 οὔτε
3666 604 3763 659 τῶν

2212 703 2388 773 τιμῶν
2426 704 2494 759 ἂν
2539 702 2742 758 δοκῶσι
2794 701 2927 774 παρ’
2972 700 3153 767 ἀξίαν,
3200 697 3329 752 οὔτε
3372 696 3479 751 τῶν
3512 697 3762 766 κτήσεων,

2212 797 2324 852 εἴτε
2353 800 2416 852 ἐκ
2446 797 2557 851 τῶν
2582 796 2861 868 δημοσίων
2901 789 3062 866 ἦσαν,
3095 792 3128 864 ἢ
3160 791 3269 845 τῶν
3311 789 3436 859 ἐμοὶ
3478 804 3767 859 προσηκουο

2215 891 2361 944 σῶν’
2391 888 2533 944 ἀλλὰ
2564 889 2747 942 πάντα
2802 886 3078 958 στέργειν,
3129 885 3228 938 καὶ
3290 880 3555 954 μηδεμίαν
3601 881 3767 941 αὐτοῖς

2217 982 2491 1054 μηδέποτε
2554 979 2761 1051 βλάϐην
2830 978 3079 1045 ἐπάγειν,
3119 974 3460 1046 ἀμυνόμενον
3492 973 3596 1026 τῶν
3642 973 3769 1025 κατά

2214 1075 2308 1129 τὸν
2343 1073 2583 1143 πόλεμον
2604 1071 2819 1127 κακῶν.
2844 1070 2905 1124 Εἰ
2942 1070 3000 1124 δὲ
3030 1065 3175 1122 τοῦτ’
3205 1066 3392 1130 αὐτοῖς
3421 1066 3553 1137 μήτε
3578 1064 3770 1118 δίκαιον

2216 1163 2362 1220 εῐναι
2401 1165 2679 1235 φαίνεται,
2729 1162 2867 1233 μήτε
2916 1160 3165 1222 ἀνεκτὸν,
3207 1159 3387 1213 πάντα
3429 1156 3771 1225 ἐπιτρέψομεν

2214 1261 2282 1329 τῇ
2313 1256 2461 1330 δίκῃ.
2493 1256 2789 1327 Χρήσομαι
2822 1251 2878 1307 δὲ
2908 1253 3007 1323 οὐχ
3059 1252 3270 1322 ἑτέροις
3300 1249 3583 1310 δικασταῖς
3620 1263 3770 1309 τισιν,

2216 1351 2332 1405 ἀλλ’
2357 1352 2494 1422 αὐτῇ
2529 1349 2764 1421 βασιλίδι
2791 1346 2888 1401 καὶ
2926 1346 3270 1416 πατριάρχῃ,
3303 1344 3400 1395 καὶ
3432 1341 3537 1394 τῶν
3580 1356 3639 1392 τε
3686 1354 3772 1407 μο-

2217 1444 2401 1516 ναχῶν
2453 1445 2552 1499 καὶ
2597 1441 2921 1496 ἐπισκόπων
2970 1441 3083 1502 τοῖς
3133 1436 3349 1503 λογάσι,
3379 1434 3477 1490 καὶ
3512 1432 3619 1485 τῶν
3657 1429 3774 1482 Ῥω·

2220 1537 2420 1609 μαίων,
2471 1537 2526 1591 εῐ
2571 1553 2718 1600 τινες
2753 1533 2833 1588 ετι
2883 1528 3347 1601 κατελείφθησαν,
3382 1528 3497 1592 τοῖς
3526 1523 3772 1595 ἀρίστοις,

2215 1632 2276 1686 οὐ
2321 1629 2430 1701 μὴν
2477 1627 2615 1682 ἀλλά
2678 1628 2772 1681 καὶ
2825 1625 2937 1678 τῶν
2985 1618 3291 1691 ἑκασταχοῦ
3345 1614 3630 1671 πολιτειῶν
3671 1615 3769 1674 τοῖς

2219 1722 2636 1792 συνετωτέροις.
2660 1718 2781 1774 Κᾶν
2811 1718 2913 1788 μὲν
2949 1714 3112 1779 αὐτὸς
3141 1712 3344 1768 ἀδικῶν
3377 1711 3474 1765 καὶ
3498 1707 3773 1775 ἐπιορκῶν,
3835 1712 3841 1721 ’

2218 1817 2315 1869 καὶ
2363 1811 2628 1883 βασιλέως
2680 1810 2794 1871 τοῖς
2866 1805 3029 1860 παισὶ
3079 1802 3358 1873 φαίνωμαι
3403 1793 3768 1853 ἐπιϐουλεύων.

2216 1878 2409 1973 ὥσπερ
2455 1896 2601 1957 οὗτοι
2655 1896 3068 1970 κατηγόρησαν,
3125 1890 3400 1963 μηδεμίαν
3442 1886 3609 1957 ἀλλην
3652 1878 3775 1973 sim

2164 2026 2179 2041 ι
2218 1999 2320 2069 τῆς
2349 1968 2565 2057 ἀδικίας
2596 1968 2891 2063 τιμωρίαν,
2916 1988 2951 2058 ἦ
2991 1985 3219 2040 θάνατον
3248 1983 3444 2051 ἄτιμον
3474 1980 3570 2033 καὶ
3600 1968 3772 2032 ἀκλεᾶ.

2218 2089 2284 2145 Ei
2310 2087 2355 2141 δ’
2386 2085 2541 2141 αὐτοὶ
2584 2082 2699 2155 τὴν·
2729 2079 2989 2148 τοιαύτην
3037 2074 3339 2145 καταδίκην
3372 2067 3771 2142 παραιτοῦνται.

2218 2176 2429 2251 ἀπηνὲς
2458 2171 2601 2229 εἶναι
2630 2170 2949 2241 νομίζοντες
2971 2165 3262 2240 ἀνθρώπου
3290 2163 3525 2218 θάνατον
3551 2158 3773 2228 καταψη-

2220 2250 2499 2341 φίζεσθαι,
2526 2264 2645 2319 ἀλλ’
2674 2262 2841 2326 αὐτὸς
2872 2259 2994 2315 κατ’
3037 2255 3280 2328 ὲμαυτοῦ
3332 2254 3429 2308 καὶ
3481 2252 3613 2323 πρὶν
3644 2250 3774 2319 γενέ.

2222 2364 2347 2419 σθαι
2371 2361 2470 2433 τὴν
2498 2358 2679 2429 δίκην,
2715 2354 2952 2427 κυρώσω
2978 2352 3075 2422 τὴν
3107 2350 3316 2422 ψῆφον,
3343 2347 3413 2400 ἶν’
3453 2345 3613 2399 αὐτοὶ
3658 2341 3773 2413 μετὰ

2218 2460 2282 2513 τὸ
2323 2459 2437 2519 τοῖς
2483 2453 2819 2524 ἀδικήμασιν
2864 2448 3089 2513 ἁλῶναι,
3121 2442 3393 2516 μηδεμίαν
3434 2440 3569 2511 περὶ
3595 2438 3690 2508 τῆς
3715 2456 3777 2488 τι·

2224 2551 2440 2623 μωρίας
2465 2549 2675 2620 μέμψιν
2703 2545 2924 2616 ἔχωσιν.
2961 2543 3062 2595 Ἂν
3085 2541 3132 2597 δ’
3157 2539 3311 2594 αὐτοὶ
3335 2535 3599 2591 τάναντία
3626 2532 3775 2584 πάντα

2223 2644 2550 2714 φαίνωνται,
2579 2643 2681 2711 οὐχ
2710 2637 2896 2701 ἁπλῶς
2921 2634 3045 2690 οὐδὲ
3076 2635 3225 2702 εἰκῆ,
3255 2630 3392 2685 ἀλλά
3425 2629 3538 2683 τῶν
3581 2624 3777 2694 λεγομέ-

2223 2752 2330 2789 νων
2364 2733 2674 2805 μαρτυρίας
2701 2732 2951 2800 ἐναργεῖς
2977 2726 3113 2798 ἐμοῦ
3142 2726 3510 2797 παράγοντος,
3552 2720 3610 2773 οὐ
3654 2716 3778 2785 παρὰ

2224 2829 2334 2882 τῶν
2360 2830 2660 2901 ᾑρημένων
2692 2825 2762 2879 τὰ
2792 2822 3057 2895 ἡμέτερα,
3090 2819 3182 2874 ἴνα
3217 2818 3291 2889 μὴ
3323 2813 3647 2897 χαρίζεσθαι
3678 2809 3777 2877 ἐμοὶ

2223 2898 2473 2987 δοκῶσιν,
2502 2918 2619 2974 ἀλλ’
2643 2912 2747 2980 ,οἷς
2794 2914 2953 2968 αὐτοὶ
2986 2909 3271 2980 συνεργοῖς
3302 2905 3454 2977 παρά
3504 2904 3677 2957 πάντα
3702 2898 3775 2951 τὸν

2225 3012 2464 3084 πόλεμον
2508 3008 2769 3082 ἐχρῶντο,
2839 3005 3042 3077 μᾶλλον
3090 3002 3147 3056 δὲ
3192 2999 3360 3071 αὐτῆς
3409 2996 3676 3069 βασιλίδος
3702 2994 3777 3044 καὶ

2226 3106 2575 3180 πατριάρχου
2621 3104 2737 3167 τοῖς
2783 3101 3027 3155 πλείοσιν
3068 3095 3197 3169 ἐμοὶ
3240 3090 3773 3162 συμμαρτυρούντων.

2227 3203 2302 3257 Οὔ
2338 3177 2456 3270 γὰρ
2488 3185 2554 3253 ἂν
2595 3195 2846 3251 δύναιντο
2891 3191 3107 3261 ἔξαρνοι
3153 3185 3400 3256 γίνεσθαι
3432 3185 3571 3256 πρὸς
3607 3182 3640 3236 ἀ
3673 3177 3778 3249 ἐμοὶ

2232 3294 2485 3349 συνίσασι
2532 3287 2742 3358 σαφῶς,
2779 3285 2990 3341 δίκαιον
3027 3283 3127 3355 μὲν
3171 3279 3295 3342 τοὺς
3331 3270 3779 3345 σεσυκοφαντηκὸο

2231 3406 2329 3451 τας
2361 3386 2456 3440 καὶ
2496 3381 2997 3443 ἐπιϐουλεύσαντας
3031 3376 3255 3437 ἀδίκως,
3286 3374 3379 3428 καὶ
3406 3371 3673 3425 τοσούτων
3698 3381 3779 3417 κα-

2233 3480 2345 3533 κῶν
2375 3477 2578 3540 αἰτίους
2615 3471 2914 3545 Ῥωμαίοις
2955 3469 3305 3539 γενομένους,
3332 3465 3399 3519 τὰ
3440 3465 3537 3518 (ea.
3575 3461 3778 3527 πάσχειν

2233 3570 2301 3625 ἂν
2344 3567 2643 3639 ἡττῶνται.
2701 3564 2843 3633 Ἐγὼ
2884 3563 2943 3616 ὁὶ
2991 3560 3180 3630 ὥσπερ
3215 3561 3272 3612 ὲν
3315 3557 3428 3619 τοῖς
3474 3554 3649 3618 ἄλλοις
3694 3551 3779 3604 κᾶν

2230 3661 2444 3722 τούτοις
2498 3656 2817 3729 φιλοτιμίαν
2864 3655 2990 3708 τινὰ
3039 3646 3504 3718 ἐπιδεικνύμενος,
3553 3643 3647 3714 ἐμὲ
3695 3641 3779 3705 μὲν

2234 3750 2551 3822 ἡττώμενον
2590 3747 2838 3819 τιμῶμαι
2870 3744 3236 3813 ἀποθνήσκειν
3265 3757 3280 3772 ’
3319 3739 3385 3793 ἂν
3416 3739 3461 3793 δ’
3489 3738 3640 3791 αὐτοὶ
3685 3733 3781 3785 Eii-

2238 3858 2481 3895 σκωνται
2506 3878 2521 3903 ,
2558 3839 2725 3910 μηδὲν
2768 3838 3063 3906 ὑπομένειν
3095 3832 3256 3903 ἀηδές
3282 3845 3297 3859 ·
3333 3830 3449 3883 ἀλλ’
3483 3827 3615 3882 αὐτὸ
3646 3823 3780 3877 τοῦτο

2239 3936 2403 4006 μόνον
2438 3931 2803 4002 συκοφάνταις
2839 3925 3286 3989 ἀποδείκνυσθαι,
3313 3922 3416 3994 ἐμὲ
3450 3920 3507 3975 δὲ
3543 3919 3676 3993 μετὰ
3701 3914 3781 3979 τὴν

2235 4028 2416 4098 νίκην,
2431 4024 2655 4096 βασιλέα
2680 4024 2837 4093 κοινῇ
2860 4019 3334 4093 ἀνακηρύττεσθαι
3357 4017 3464 4071 ὑπὸ
3492 4010 3778 4085 Ῥωμαίων,

2235 4120 2332 4175 καὶ
2364 4120 2705 4188 συνάρχοντα
2741 4115 3010 4185 βασιλέως
3039 4115 3153 4175 τοῖς
3196 4109 3406 4164 παισίν.
3437 4109 3499 4162 Ei
3542 4108 3597 4162 δὲ
3620 4104 3676 4158 τὸ
3702 4103 3782 4173 βα·

2237 4211 2452 4282 σιλικὴν
2485 4211 2688 4279 ἐσθῆτα
2738 4207 2931 4278 ἔχοντα
3006 4203 3274 4257 δεδοίκασι
3328 4200 3464 4272 πρὸς
3512 4199 3609 4269 τὴν
3650 4195 3784 4263 δίκην

2236 4301 2575 4373 ἀπαντᾷ“ι,ἢ
2621 4301 2681 4353 τὸ
2731 4297 2994 4368 στρατιὰν
3049 4295 3243 4365 ἔχοντα
3292 4294 3684 4349 ὑποπτεύουσιν
3719 4286 3784 4360 εἰς

2238 4396 2535 4460 Βυζάντιον
2565 4391 2765 4457 ελθ;ἶν,
2796 4390 2906 4459 ἐγὼ
2937 4392 3033 4444 καὶ
3056 4388 3257 4452 ταύτας
3291 4389 3512 4457 ἰάσομαι
3541 4387 3633 4447 τὰς
3665 4384 3781 4433 ἀποο

2242 4489 2385 4558 ρίας.
2420 4486 2494 4539 Οὐ
2532 4485 2754 4547 πλείους
2786 4485 2893 4550 γὰρ
2925 4481 3066 4552 ἔχων
3095 4478 3474 4547 εἰσελεύσομαι
3499 4479 3605 4531 τῶν
3646 4474 3778 4534 δέκα,

3537 4565 3779 4630 ἰδιωτικὴν

2244 4670 2700 4742 μεταμφιάσομαι
2746 4666 2970 4736 σκευήν.
3001 4662 3307 4734 Τοῦικοινῇ
3337 4665 3444 4732 γὰρ
3471 4661 3627 4715 ἕνεκα
3658 4658 3782 4708 λυσ-

2239 4762 2543 4825 τελοῦντος,
2583 4761 2676 4813 καὶ
2709 4759 2803 4811 τοῦ
2853 4757 3160 4827 Ῥωμαίους
3191 4755 3301 4808 τῶν
3331 4755 3395 4807 ἐκ
3441 4753 3532 4807 τοῦ
3574 4749 3781 4817 πολέμου

2241 4855 2434 4909 δεινῶν
2465 4852 2879 4923 ἀπαλλαγῆναι,
2904 4850 2995 4913 οὒς
3026 4847 3136 4918 ἐγὼ
3167 4847 3400 4920 μάλιστα
3431 4845 3591 4914 φιλῶ,
3617 4842 3710 4896 κᾶν
3743 4837 3784 4888 οἱ

2244 4948 2582 5017 συκοφάνται
2612 4939 2759 5001 οὗτοι
2795 4946 2892 4996 καὶ
2934 4944 3073 5010 πρὸς
3117 4943 3277 4995 τοῦτο
3308 4939 3669 4999 διαϐάλλουσι,
3707 4948 3781 5001 μι-

2245 5042 2361 5093 σεῖν
2381 5039 2691 5109 φάσκοντες
2725 5038 2820 5091 καὶ
2850 5034 3108 5105 πολεμεῖν
3138 5035 3322 5096 αὐτοῖς
3351 5030 3780 5099 καὶδιαφθείρεινο

2245 5132 2306 5184 ού
2354 5131 2517 5201 μόνον
2558 5128 2788 5184 τοιαῦτα
2831 5127 2924 5180 καὶ
2969 5125 3349 5196 ἐπαχθέστερα
3383 5124 3441 5178 δὲ
3473 5120 3644 5191 πολλῷ
3673 5133 3783 5184 upil-

2244 5222 2434 5293 θύμως
2476 5221 2772 5291 ὑπομένειν
2815 5219 3033 5288 ἔγνωκα
3058 5233 3074 5249 ⁸
3105 5217 3279 5280 ἄλλως
3315 5215 3362 5270 θ’
3400 5216 3480 5270 ὅτι
3525 5212 3639 5267 οὐδὲ
3667 5210 3779 5278 πρὸς

2243 5316 2344 5384 τὴν
2375 5312 2619 5377 εὐδοξίαν
2650 5312 2776 5382 ἐμοὶ
2804 5310 2966 5364 τοῦτο
2996 5308 3106 5362 οὐδ’
3132 5307 3290 5376 ὀλίγα
3331 5307 3658 5377 λυμανεῖται.
3699 5299 3780 5351 ’Ἂν

2249 5408 2348 5477 μὲν
2373 5406 2483 5477 γὰρ
2512 5405 2825 5476 ἡττώμενος
2874 5402 3231 5472 ἀποθνήσκω,
3271 5399 3498 5467 οὐδεμία
3530 5397 3700 5462 ὄνησις
3727 5394 3779 5438 ἐκ

2246 5497 2338 5551 τοῦ
2376 5496 2667 5568 βασιλικὴν
2718 5495 2924 5566 ἐσθῆτα
2968 5494 3114 5565 ἔχειν
3155 5492 3439 5563 περιέσται
3464 5505 3481 5523 ο
3517 5489 3580 5543 ἂν
3613 5485 3663 5539 δὲ
3691 5481 3778 5536 τῶν

2247 5590 2700 5660 κατηγορούντων
2725 5588 2990 5657 κρείττων
3012 5587 3309 5657 φαίνωμαι,
3339 5584 3487 5638 οὐδὲν
3508 5582 3716 5652 λυπήσει
3730 5570 3777 5621 τὸ

2250 5659 2556 5736 ἀποθέσθαι
2583 5683 2718 5755 πρὸς
2749 5682 2949 5752 βραχὺ,
2978 5681 3243 5752 μέλλοντα
3273 5680 3439 5748 ὀλίγῳ
3468 5675 3674 5743 ὕστερον
3694 5659 3775 5719 αὖ·

2250 5774 2335 5837 Θις
2365 5773 2772 5844 ἀναλαμϐάνειν
2802 5774 2943 5842 μετὰ
2973 5772 3216 5835 πλείονος
3252 5770 3358 5842 ’τῆς
3381 5766 3553 5836 δόξης.
3580 5761 3665 5818 καὶ

2250 5840 2557 5958 είδείθτζμίελις»⁷
2576 5865 2672 5919 καὶ
2704 5840 2815 5937 ﬁt:
2836 5865 3021 5935 ψήφου
3055 5864 3150 5934 τῆς
3174 5840 3383 5932 κοινῆς.
3406 5858 3536 5914 Οὐδὲ
3561 5853 3655 5925 γὰρ
3674 5840 3773 5899 οὐδὲ
