4048 6446
340 374 483 444 1209

1480 368 2024 430 HISTORIARUM
2066 368 2297 430 LIBER
2336 370 2457 432 ΙΙΙ.

3454 360 3592 434 1210

407 487 638 557 ejusdem
666 484 932 557 preposito
953 487 1007 557 in
1031 487 1254 557 imperio
1280 484 1575 557 retinendo.
1613 483 1931 557 lui-anteme
1955 482 2115 549 ﬁdem
2159 484 2417 557 obligant.
2470 485 2717 557 Praefecti
2750 493 2856 540 tres
2891 484 3131 556 quamvis
3175 482 3474 538 discedendi
3506 497 3600 551 po-

403 554 593 613 testate
629 554 921 610 liberaliter
951 554 1116 626 facta,
1142 555 1304 625 [idem
1334 556 1382 609 ei
1399 555 1621 626 jurant,
1661 572 1760 625 pra
1778 554 2113 623 facturosque
2160 554 2445 625 recipiunt.

414 672 507 727 Ἐν
542 665 586 738 ᾧ
607 671 664 725 δὲ
690 670 869 726 ταῦτα
891 671 1153 736 ἐτελεῖτο,
1181 670 1278 725 καὶ
1305 672 1332 723 ὁ
1360 670 1535 740 μέγας
1561 669 1687 733 δοὺξ
1718 668 1906 739 ἐστρά-

2086 670 2299 725 lnterca
2346 687 2575 742 magnus
2613 671 2718 726 dux
2755 669 3039 726 castellum
3093 667 3412 739 Empyriten
3437 668 3601 722 inva—

335 782 497 818 τευσε
531 765 676 817 κατά
715 763 1053 833 Ἐμπυρίτου
1081 762 1173 816 τοῦ
1218 764 1508 834 φρουρίου,
1552 763 1648 816 καὶ
1686 762 1910 831 πολιορ-

334 858 514 925 κήσας
563 857 623 908 ἐν
678 856 860 925 τρισὶν
916 855 1175 924 ἡμέραις,
1216 857 1315 909 καὶ
1366 854 1752 925 ἀποπειράσας
1796 854 1909 905 τῶν

330 948 549 1017 τειχῶν,
582 948 709 1000 ἐπεὶ
740 948 908 1017 μηδὲν
935 948 1088 1019 ῆνυε,
1113 947 1220 1000 τῶν
1254 947 1407 1001 ἔνδον
1450 946 1742 1018 εὐρώστως
1769 946 1911 1015 ἁμιλ-

333 1038 599 1107 νομένων,
637 1032 795 1100 αὖθις
824 1040 905 1101 είς
927 1037 1225 1102 Βυζάντιον
1255 1037 1464 1107 ἀπῆρε.
1505 1037 1613 1089 Καὶ
1653 1037 1789 1105 πρὸς
1831 1035 1909 1106 τῷ

341 1130 498 1201 Ἱερῷ
522 1130 814 1199 γενόμενος
854 1131 994 1184 κατά
1022 1130 1084 1183 τὸ
1111 1130 1289 1200 στόμα
1326 1131 1422 1183 τοῦ
1450 1133 1644 1184 πόντου
1677 1128 1909 1201 κειμένῃ

336 1224 514 1286 πόλει,
539 1212 1046 1293 ἐπεχείρει,ῶσπερ
1075 1222 1304 1292 ἔφασκε,
1322 1224 1453 1285 τοὺς
1483 1225 1605 1275 κατ’
1635 1221 1911 1291 ἐμπορίαν

333 1316 605 1378 πλέοντας
652 1316 737 1367 ἐπὶ
799 1315 895 1368 τὸν
926 1316 1122 1367 πόντον
1158 1315 1367 1378 πάντας
1395 1315 1596 1383 φόρους
1625 1315 1907 1367 ἀπαιτεῖν.

333 1409 508 1462 Τοῦτο
528 1408 583 1460 δὲ
600 1403 669 1477 ἦν
691 1407 952 1460 ἀδύνατον
971 1408 1045 1477 μὴ
1069 1406 1633 1477 θαλασσοκρατοῦντα.
1666 1406 1909 1468 Ἐκεῖνος

330 1502 387 1555 δὲ
410 1502 509 1572 ἥδη
539 1499 799 1570 συνορῶν,
824 1499 900 1562 ὡς
932 1499 1029 1562 τὰς
1051 1500 1149 1567 μὲν
1184 1500 1326 1551 κατά
1348 1499 1445 1568 τὴν
1463 1498 1694 1569 ἠπειρον
1728 1498 1908 1557 πάσας

224 1598 234 1606 ’
334 1594 519 1652 πόλεις
548 1592 923 1660 ὑπεποιήσατο
951 1591 1091 1659 πλὴν
1116 1591 1315 1660 ὀλίγων
1347 1593 1375 1642 ὁ
1410 1589 1684 1660 βασιλεὺς.
1714 1588 1908 1659 ἔμελλε

331 1685 390 1737 δὲ
428 1686 567 1754 μετᾶ
596 1684 794 1753 μικρδν
820 1682 1102 1746 κάκείνας,
1135 1685 1230 1736 καὶ
1252 1683 1558 1745 Βυζάντιον
1587 1682 1907 1749 πολιορκοίη

331 1779 457 1838 ταῖς
492 1776 719 1844 συχναῖς
752 1774 988 1841 ὲςόδοις,
1037 1777 1132 1829 καὶ
1174 1775 1429 1838 δεδοικὼς
1482 1775 1556 1843 μὴ
1602 1773 1816 1841 βασιλὶς
1849 1788 1908 1824 τε

334 1867 429 1918 καὶ
454 1867 503 1916 οἱ
535 1865 688 1919 ἄλλοι
706 1863 808 1934 τὴν
841 1865 1092 1933 ἀνάγκην
1132 1863 1459 1927 συνιδόντες,
1489 1862 1564 1927 ὡς
1588 1861 1712 1914 οὔτε
1746 1880 1909 1932 στρα-

330 1958 454 2017 τιᾶς
484 1955 720 2008 δύναιντ’
763 1952 828 2006 ἂν
876 1954 957 2006 ἔτι
1006 1957 1281 2023 εὖπορείν,
1317 1953 1443 2006 οὔτε
1487 1955 1789 2023 χρημάτων
1824 1950 1906 2015 οἷς

330 2048 608 2118 χρώμενοι
643 2047 936 2114 πολεμοῖεν
984 2045 1213 2115 βασιλεῖ,
1269 2045 1565 2115 τρέψονται
1617 2045 1754 2114 πρὸς
1807 2044 1907 2114 τὴν

331 2135 580 2203 εἰρήνην,
642 2135 917 2205 ἐσκέψατο
949 2135 1229 2205 ὲξαπατᾷν
1284 2136 1379 2188 καὶ¹
1410 2135 1746 2202 φενακίζειν.
1800 2137 1909 2188 Καὶ

332 2223 638 2291 ἀναφανδὸν
675 2223 1036 2295 ἐδημηγόρει,
1064 2224 1141 2288 ὡς
1193 2224 1361 2294 πόρον
1387 2228 1696 2295 χρημάτων
1753 2226 1909 2295 μέγι-

332 2331 459 2368 στον
510 2311 723 2385 ἐξεύροι
765 2315 825 2379 ἐξ
854 2308 929 2369 ὧν
959 2317 1022 2369 οὐ
1060 2315 1500 2386 Καντακουζηνῷ
1547 2317 1731 2386 μόνον,
1771 2318 1909 2371 ἀλλά

330 2409 425 2458 καὶ
474 2408 606 2459 πᾶσι
653 2407 932 2477 πολεμίοις
1015 2409 1376 2473 ἀντιτάξαιτο.
1436 2411 1578 2462 Ιίἆσι
1628 2411 1738 2480 γὰρ
1799 2413 1909 2474 τοῖς

326 2496 687 2567 όθενδήποθεν
714 2501 978 2569 ἐμπόροις
1036 2492 1237 2571 φόρους
1267 2503 1550 2572 ἐπιθήσειν
1585 2503 1721 2573 πρὸς
1743 2505 1910 2571 ἀνάγ-

330 2606 455 2658 κην,
497 2589 556 2653 ἐξ
587 2584 661 2644 ὧν
692 2590 905 2645 ἕπονται
962 2592 1256 2661 Ῥωμαίοις
1303 2594 1556 2663 πρόσοδοι
1588 2595 1909 2649 πολλαπλα-

334 2681 484 2744 σίους
546 2682 928 2735 τῶν·πώποτε
960 2685 1160 2739 οὐσῶν.
1227 2683 1340 2738 Καὶ
1396 2686 1730 2755 ἀφικόμενος
1769 2688 1910 2758 πρὸς

341 2768 531 2841 Ἱερὸν,
575 2772 662 2825 ἵνα
714 2770 997 2826 διαπλέειν
1031 2774 1223 2843 μηδενὶ
1281 2774 1399 2844 ἐξῇ,
1435 2774 1501 2828 ἂν
1557 2776 1633 2848 μὴ
1689 2778 1909 2851 παρέχῃ

329 2862 616 2934 χρήματα,
638 2863 844 2918 ὁλκάδα
879 2865 1217 2935 μυριοφόρον
1248 2866 1338 2920 ἐπ’
1368 2867 1630 2938 ἀγκυρῶν
1650 2871 1907 2939 ὁρμίσας,

330 2953 474 3006 κατά
499 2953 663 3022 μέσον
696 2953 759 3007 τὸ
785 2955 963 3025 ῥεῦμα
994 2956 1225 3019 ὁπλίτας
1255 2959 1619 3029 ἑγκαθίδρυσε
1654 2960 1908 3027 πολλοὺς,

326 3044 427 3098 καὶ
447 3042 666 3097 ἐκέλευε
692 3047 954 3116 χρήματα
977 3047 1277 3116 λαμόάνειν
1302 3050 1453 3118 παρὰ
1476 3050 1586 3102 τῶν
1629 3050 1907 3119 ἐμπόρων.

329 3138 409 3190 (llr
426 3135 474 3189 δ’
501 3137 654 3190 οὐδὲν
684 3139 890 3207 μᾶλλον
933 3140 966 3209 ἢ
999 3141 1263 3210 πρότερον
1307 3140 1633 3212 ἐλάμϐανον.
1673 3142 1911 3195 Ἀναλω-

332 3228 523 3298 μάτων
565 3230 674 3299 γάρ
709 3231 977 3300 πρότερον
1026 3232 1239 3285 πολλῶν
1271 3234 1366 3288 καὶ
1403 3235 1677 3304 τριήρεων
1719 3235 1752 3303 ἡ
1785 3236 1907 3286 ἐπι-

2011 763 2103 826 sit,
2154 763 2299 833 quod
2359 763 2453 817 ubi
2505 762 2683 817 triduo
2734 763 2969 824 obsedit,
3015 775 3407 828 murorumque
3452 759 3627 825 facto,

2009 854 2251 925 periculo
2292 855 2422 909 nihil
2455 854 2699 924 profecit,
2734 853 2946 907 fortiter
2966 853 3057 921 qui
3087 853 3237 905 intus
3274 860 3428 904 erant
3461 865 3595 918 pro-

2010 947 2399 1017 pugnantibus,
2448 946 2761 1015 Byzantium
2807 944 2996 1008 rediit,
3041 951 3096 997 et
3135 941 3321 1022 Iliero,
3354 940 3492 994 urbe
3524 940 3593 993 ad

2010 1038 2209 1092 ostium
2239 1039 2388 1106 ponti
2425 1037 2550 1100 sita,
2587 1050 2876 1107 aggressus
2909 1045 3015 1096 est,
3049 1044 3109 1089 ut
3139 1034 3343 1096 aiebat,
3375 1032 3445 1087 ab
3472 1046 3594 1083 omo

2012 1129 2172 1183 nibus
2225 1129 2629 1183 mercatoribus
2675 1140 2904 1197 pontum
2954 1125 3296 1180 sulcantibus
3347 1120 3591 1192 portoria

2010 1219 2227 1288 exigere
2258 1234 2271 1270 :
2317 1218 2370 1273 id
2409 1214 2712 1286 quod,'nisi
2749 1232 2898 1269 mare
2928 1223 3161 1279 teneret,
3199 1212 3313 1266 ﬁeri
3340 1226 3452 1264 non
3489 1226 3590 1279 po-

2012 1320 2172 1364 terat.
2212 1308 2411 1363 Videris
2439 1310 2583 1363 enim
2618 1308 3001 1376 imperatorem
3038 1304 3377 1362 continentis
3404 1303 3592 1366 urbes,

2008 1411 2205 1471 praeter
2260 1416 2494 1469 paucas,
2541 1416 2730 1454 onmes
2779 1399 3080 1467 subegisse,
3127 1407 3183 1450 et
3216 1397 3336 1449 illas
3377 1407 3593 1463 quoque

2010 1493 2172 1562 paulo
2219 1501 2341 1562 post
2385 1493 2736 1546 subacturum
2775 1505 2919 1557 esse,
2971 1499 3026 1543 et
3066 1488 3383 1558 Byzantium
3412 1486 3480 1540 ab
3500 1501 3595 1539 eo-

2010 1583 2135 1635 dem
2186 1581 2399 1635 crebris
2444 1579 2842 1650 irruptionibus
2865 1577 3272 1648 quodammodo
3303 1577 3542 1631 obsideri
3576 1593 3595 1623 ι

2011 1672 2351 1741 timensque,
2388 1687 2458 1726 ne
2496 1671 2814 1742 innperatrix
2853 1678 2907 1724 et
2940 1669 3229 1739 consilium
3257 1667 3593 1722 necessitate

2011 1772 2319 1833 perspecta,
2368 1763 2515 1833 quod
2555 1778 2737 1830 neque
2767 1762 2952 1831 cepias
2992 1762 3194 1814 habere
3226 1768 3475 1829 possent,
3499 1773 3597 1812 ne-

2008 1872 2116 1929 que
2167 1855 2446 1926 pecunias,
2490 1855 2692 1925 quibus
2732 1855 2998 1908 adversus
3026 1867 3151 1906 eum
3187 1861 3491 1914 uterentur,
3524 1849 3593 1904 ad

2008 1962 2200 2016 pacem
2259 1947 2623 2007 inclinarent,
2674 1945 2892 1999 modum
2943 1948 3285 1997 commentus
3322 1952 3439 2007 est,
3485 1957 3596 2011 quo

2011 2050 2107 2091 eos
2138 2036 2575 2090 circumduceret
2635 2051 2698 2089 ac
2726 2035 3053 2089 ludiﬁcaret.
3091 2033 3225 2088 Nam
3257 2033 3431 2102 palam
3458 2047 3596 2086 con-

2010 2129 2369 2192 cionabatur,
2426 2127 2692 2181 rationem
2743 2127 2991 2197 pecuniae
3043 2124 3399 2182 conﬁcienda:
3445 2138 3593 2179 com-

2009 2219 2382 2274 modissimam
2437 2232 2497 2273 se
2544 2217 2842 2276 invenisse,
2889 2231 3004 2286 qua‘
3043 2231 3153 2270 non
3207 2214 3599 2290 Cantacnneno

2010 2313 2209 2378 solum,
2256 2311 2352 2365 sed
2383 2308 2653 2364 universis
2681 2308 2930 2362 hostibus
2956 2306 3296 2363 resisterent.
3327 2304 3598 2360 Omnibus

2010 2403 2156 2458 enim
2215 2402 2575 2469 undecunque
2613 2399 3013 2473 mercatoribus
3041 2398 3244 2452 tributa
3280 2395 3593 2451 necessaria
3682 2406 3691 2423 ‘

2011 2496 2421 2564 impositurum.
2470 2492 2542 2546 Ex
2587 2506 2696 2561 quo
2741 2493 3015 2545 Romanos
3043 2489 3321 2558 vectigalia
3360 2489 3591 2557 majora,

2009 2603 2173 2659 quam
2217 2602 2451 2655 unquam
2495 2587 2731 2640 antehac
2763 2593 3118 2654 percepturos
3152 2599 3167 2635 :
3203 2581 3613 2650 profectusque.
3658 2582 3675 2597 ‘

2013 2683 2268 2746 Hierum,
2308 2689 2367 2734 ut
2401 2678 2607 2732 nemini
2643 2675 2747 2730 nisi
2790 2674 3096 2745 portorium
3130 2671 3365 2728 solventi
3403 2672 3594 2725 liceret

2011 2773 2308 2844 trajicere,
2368 2768 2677 2824 onerariam
2737 2767 3002 2838 grandem
3082 2774 3139 2819 et
3217 2767 3277 2818 in
3338 2761 3603 2817 anchoris

2011 2874 2272 2928 stantem,
2323 2863 2511 2916 multis
2561 2860 2612 2915 ei
2651 2859 2834 2930 gravis
2865 2865 3159 2913 armaturae
3191 2854 3457 2909 militibus
3488 2852 3596 2907 im-

2012 2954 2225 3025 positis,
2255 2954 2311 3007 in
2347 2953 2556 3007 medios
2587 2950 2784 3005 ﬂuctus
2819 2949 3088 3018 provexit,
3120 2945 3397 3015 jussitque
3432 2960 3463 2999 a
3500 2960 3595 3000 nc-
3687 2968 3691 2972 ι

2009 3045 2373 3115 gotiatoribus
2437 3044 2726 3112 pecuniam
2808 3040 3080 3108 accipere.
3143 3036 3342 3091 Verum
3418 3036 3592 3091 nihilo

2009 3136 2184 3205 magis
2218 3151 2380 3212 quam
2417 3146 2545 3188 ante
2612 3131 2978 3202 accipiebant.
3018 3127 3251 3198 Sumptu
3287 3143 3485 3198 magno
3535 3135 3589 3191 et

2012 3227 2324 3280 triremibus
2375 3225 2561 3279 multis
2607 3239 2747 3294 opus
2795 3231 2937 3287 erat,
2988 3231 3048 3276 ut
3077 3220 3284 3276 domini
3316 3220 3482 3273 maris
3534 3227 3592 3271 et

329 3322 583 3392 χείρησις
627 3321 823 3384 ἐδεῖτο,
874 3321 1017 3375 ὥστε
1053 3322 1245 3393 ἀρχειν
1282 3326 1378 3392 τῆς
1432 3325 1710 3397 θαλάσσης
1767 3328 1906 3397 μέγα

2012 3317 2349 3388 potentiores
2404 3317 2472 3371 iis
2523 3325 2711 3371 eSsent
2768 3315 2859 3385 qui
2909 3314 3244 3382 navigarent.
3298 3310 3379 3388 Ob
3431 3309 3596 3379 cujus

328 3412 677 3481 δυνηθέντας,
701 3414 795 3466 καὶ
817 3413 1103 3483 κρείττους
1121 3415 1452 3484 γενομένους
1472 3416 1582 3470 τῶν
1604 3418 1905 3473 πλεόντων⁹

332 3501 413 3573 μὴ
469 3501 659 3574 ῥᾳδίας
687 3501 744 3555 δὲ
773 3501 940 3572 οὖα-ης
976 3503 1112 3572 πρὸς
1142 3503 1318 3557 ταῦτα
1370 3506 1469 3574 τῆς
1518 3509 1903 3580 παρασκευῆς,

327 3595 428 3647 καὶ
446 3594 496 3647 οἱ
526 3593 832 3662 θαυμαστοὶ
858 3595 1060 3647 ἐκεῖνοι
1089 3595 1268 3664 πόροι,
1294 3596 1389 3648 καὶ
1418 3598 1476 3650 ai
1511 3598 1762 3667 πρόσοδοι
1793 3600 1904 3652 ἀπο

321 3682 588 3738 ὠλλυντο.
636 3683 759 3738 Τῶν
805 3683 1192 3754 συγκλητικῶν
1220 3686 1274 3737 δὲ
1341 3689 1390 3739 οι
1426 3687 1613 3740 πολλοὶ
1661 3688 1779 3741 ὅσοι
1830 3689 1908 3760 μὴ

327 3775 420 3829 διὰ
449 3776 511 3829 τὺ
537 3776 675 3845 πρὸς
708 3775 935 3844 βασιλέα
965 3775 1122 3847 ἔχθος
1185 3775 1375 3847 ὥσπερ
1402 3779 1461 3830 ὲν
1501 3778 1733 3849 ὀνείροις
1760 3780 1906 3832 ὲπεί-

330 3865 490 3919 θοντο
525 3867 799 3929 πλουτεῖν,
838 3867 1041 3930 ειδότες
1067 3868 1144 3928 ὠς
1171 3868 1458 3937 ἀνηνύτοις
1484 3870 1776 3940 ἐπιχειρεῖ,
1807 3870 1908 3942 τὴν

334 3959 712 4029 μεγαλοφυΐαν
750 3958 1060 4029 ἐθαύμαζον
1116 3960 1255 4031 πρὸς
1294 3962 1583 4032 εἰρωνείαν
1613 3977 1627 3992 ·
1661 3966 1758 4018 καὶ
1798 3966 1908 4020 τῶν

331 4051 505 4103 πάλαι
546 4049 814 4121 βασιλέων
871 4051 1281 4120 κατεγίνωσκον
1330 4052 1533 4125 πολλὴν
1569 4055 1903 4125 κουφότητα,

328 4144 415 4196 ὅτι
445 4143 703 4196 τοσοῦτον
734 4146 792 4196 ὲν
822 4147 983 4213 χερσὶ
1011 4144 1244 4197 πλοῦτον
1274 4145 1488 4216 ἔχοντες
1520 4149 1775 4218 ἠγνόουν.
1802 4147 1906 4201 Βα-

329 4233 514 4295 σιλεὺς
541 4233 600 4286 δὲ
626 4232 655 4283 ὁ
687 4233 1146 4302 Καντακουζηνὸς
1187 4236 1289 4287 οὐκ
1319 4237 1509 4303 ὀλίγας
1544 4237 1905 4307 διατρίψαντα

328 4326 545 4396 ἡμέρας
568 4324 701 4395 παρ’
722 4324 894 4394 αὐτῷ,
925 4325 1159 4396 ’Δρῆγον
1183 4325 1337 4391 αὖθις
1356 4327 1543 4382 οἶκαδε
1564 4332 1863 4402 ἀπέπεμπε
1887 4372 1902 4395 ,

331 4414 605 4477 κελεύσας
627 4413 1023 4482 ἀποκρίνεσθαι
1046 4416 1214 4485 μηδὲν
1233 4419 1348 4481 τοῖς
1367 4417 1636 4488 πέμψασιο
1660 4418 1824 4489 μόνον
1846 4420 1906 4474 δὲ
1928 4490 1941 4497 Α

326 4505 410 4576 τῷ
437 4504 661 4576 μεγάλῳ
691 4504 845 4559 δουκὶ
867 4506 1069 4573 εἰπεῖν,
1093 4506 1169 4571 ὡς
1195 4506 1318 4561 οὔτε
1346 4509 1636 4579 πρότερον,
1660 4508 1786 4564 οὗτε
1810 4511 1906 4566 νῦν

328 4591 646 4646 ἐπιλάθοιτο
673 4594 776 4664 τῆς
809 4593 972 4664 φίλης
1012 4595 1249 4666 ἀπάτης,
1283 4597 1379 4652 καὶ
1417 4600 1777 4669 πανουργίας,
1808 4602 1903 4655 καὶ

2010 3420 2306 3481 appatatus
2353 3409 2724 3463 difﬁcultatem
2770 3406 3119 3462 admirabiles
3157 3404 3234 3457 illi
3282 3404 3488 3459 reditus
3533 3413 3592 3456 et

2010 3501 2295 3572 vectigalia
2321 3501 2748 3555 evanescebant.
2774 3497 3099 3567 Complures
3122 3510 3288 3565 porro
3311 3509 3589 3565 proceres,

2010 3595 2103 3665 qui
2148 3609 2255 3648 non
2289 3593 2617 3658 credebant,
2654 3601 2876 3661 propter
2904 3589 3088 3646 odium
3120 3589 3178 3643 in
3201 3585 3589 3657 imperatorem

2010 3687 2159 3743 velut
2210 3687 2265 3740 in
2318 3685 2540 3755 somnis
2580 3684 2630 3738 ei
2682 3683 2901 3739 divitias
2953 3682 3276 3743 allluxuras,
3313 3696 3440 3735 cum
3477 3679 3577 3734 sci-

2013 3787 2132 3832 rent
2181 3786 2411 3832 conatus
2457 3776 2574 3830 fore
2622 3776 2832 3841 irritos,
2876 3791 2971 3843 per
3012 3773 3416 3827 simulationem
3464 3770 3590 3841 ejus

2010 3868 2178 3923 animi
2230 3868 2665 3938 magnitudinem
2715 3867 3128 3921 admirabantur
3178 3883 3192 3918 :
3237 3862 3402 3935 65.6
3437 3872 3591 3918 vetc-

2007 3975 2209 4030 resque
2256 3959 2612 4028 imperatores
2670 3957 2907 4012 levitatis
2963 3967 3019 4012 et
3064 3955 3435 4025 incogitantia!
3477 3970 3588 4010 non

2009 4071 2191 4128 parvae
2237 4054 2635 4124 coarguebant,
2662 4054 2757 4123 qui
2783 4070 2843 4108 se
2866 4062 3045 4108 tantos
3072 4052 3362 4108 thesauros
3388 4051 3447 4105 in
3474 4066 3590 4106 ma.

2006 4147 2173 4202 nibus
2224 4146 2426 4201 habere
2465 4145 2847 4199 nescivissent.
2888 4143 3306 4199 Cantacuzcnus
3348 4145 3586 4212 Aregnm
3648 4150 3655 4157 '

2007 4254 2119 4293 non
2172 4237 2363 4307 paucis
2417 4236 2612 4292 diebus
2665 4235 2811 4306 apud
2851 4250 2911 4291 se
2965 4223 3314 4290 diversatuni‘
3352 4233 3584 4299 dimisit,

2009 4343 2132 4382 cum
2174 4327 2451 4391 mandato,
2483 4335 2546 4381 ut
2580 4327 2667 4391 iis,
2705 4341 2734 4380 a
2766 4326 2968 4395 quibus
2996 4323 3261 4390 venisset,
3293 4324 3434 4379 nihil
3496 4338 3585 4378 rc-

2008 4420 2306 4490 sponderet
2354 4436 2368 4473 :
2423 4418 2600 4473 solum
2644 4432 2842 4487 magno
2863 4417 2987 4471 duci
3024 4414 3264 4481 diceret,
3296 4416 3449 4470 illum
3482 4430 3588 4470 nec

2005 4522 2190 4579 antea,
2226 4526 2341 4566 nec
2368 4512 2528 4564 modo
2567 4508 2853 4564 familiaris
2883 4508 2985 4563 sibi
3016 4508 3353 4578 imposturae,
3375 4506 3589 4569 callidi-

2007 4604 2139 4660 tatis
2209 4618 2274 4657 ac
2337 4603 2622 4672 pravitatis
2677 4601 2925 4656 oblivisci
3004 4614 3212 4670 posse,
3283 4609 3587 4669 putareque

327 4684 719 4756 στρεϐλότητος
739 4697 753 4713 ⁶
776 4685 915 4740 ἀλλά
930 4685 1008 4757 τῷ
1031 4689 1276 4757 περιόντι
1300 4690 1402 4758 τῆς
1434 4692 1563 4762 περὶ
1583 4691 1755 4746 ταῦτα
1782 4694 1904 4764 σχέ-

2011 4710 2232 4769 propter
2260 4712 2412 4752 suam
2444 4695 2497 4749 in
2527 4696 2613 4749 his
2635 4694 3013 4750 excellentiam
3043 4694 3207 4750 etiam
3234 4694 3337 4764 ipsi
3365 4694 3476 4748 Deo
3502 4707 3588 4746 se-

329 4789 489 4837 σεως,
513 4775 605 4827 καὶ⁵
634 4775 769 4828 Θεὸν
792 4776 1003 4844 νομίζοι
1034 4776 1295 4831 δύνασθαι
1324 4778 1623 4849 ὲξαπατᾷν.
1656 4781 1766 4835 Καὶ
1798 4782 1906 4853 γὰρ

312 4865 511 4928 ,πάντα
541 4864 743 4934 μᾶλλον
765 4866 1163 4937 διανοούμενος.
1186 4868 1220 4938 ἢ
1248 4871 1315 4922 ἐκ
1346 4873 1704 4940 παρατάξεως
1736 4872 1907 4943 μάχε-

329 4959 458 5013 σθαι
480 4959 618 5029 πρὸς
647 4960 833 5026 αὐτὸν,
866 4958 1078 5023 ἱκεσίας
1102 4961 1194 5013 καὶ
1215 4961 1474 5032 ἱλασμοὺς
1498 4965 1906 5034 παραγγέλλειν

324 5054 467 5122 πρὸς
489 5051 623 5105 Θεὸν
641 5054 755 5115 τοῖς
773 5050 1010 5122 ἱερεῦσιν
1028 5052 1168 5122 ὑπὲρ
1184 5051 1372 5117 αὑτοῦ,
1387 5051 1462 5115 ὡς
1484 5054 1770 5122 μέλλοντος
1795 5074 1873 5125 μα
1886 5089 1904 5101 ο

326 5143 560 5213 χεῖσθαι.
602 5144 744 5198 Ἀλλ’
766 5146 963 5198 ειδέναι
996 5144 1184 5212 σαφῶς
1221 5144 1297 5205 ὡς
1326 5143 1453 5198 οὕτε
1483 5145 1639 5209 Θεὸς,
1665 5146 1702 5200 ἃ
1728 5147 1903 5217 πράτ·

323 5251 414 5287 τει
449 5235 546 5288 καὶ
597 5235 894 5290 διανοεῖται
946 5238 1149 5304 ἀγνοεῖ,
1187 5236 1283 5289 καὶ
1320 5239 1367 5289 οἱ
1403 5236 1686 5307 ἄνθρωποι
1733 5239 1812 5304 δὲ,
1853 5241 1900 5292 εί

329 5326 408 5397 μὴ
447 5328 737 5398 πρότερον,
776 5328 893 5382 ἀλλ’
945 5327 1173 5400 ὕστερόν
1206 5345 1270 5397 γε
1318 5329 1418 5392 τὰς
1467 5330 1685 5392 ἀπάτας
1732 5330 1900 5383 αὐτοῦ

326 5418 428 5469 καὶ
456 5416 558 5479 τὰς
588 5417 929 5487 πανουργίας
959 5417 1141 5482 πάσας
1172 5417 1462 5489 συνορῶσι.
1495 5419 1560 5472 Τί
1584 5419 1692 5491 γὰρ
1720 5420 1797 5491 μὴ
1831 5423 1896 5492 τῇ

326 5507 636 5592 προτεραίᾳ
668 5508 772 5577 τὴν
804 5508 1066 5578 στρατιάν
1130 5508 1296 5577 ἐξῆγε
1353 5511 1490 5580 πρὶς
1538 5511 1638 5581 τὴν
1694 5513 1896 5582 μάχην,

323 5597 465 5652 ἀλλά
497 5599 636 5666 μετὰ
673 5599 734 5651 τὸ
765 5600 1034 5654 πυθέσθαι
1057 5601 1220 5656 αὑτὸν
1259 5603 1543 5670 ἀπάγοντα
1587 5603 1687 5674 τὴν
1732 5620 1902 5674 στραι-

323 5688 492 5754 τιάν;
524 5690 658 5743 Τότε
692 5691 795 5760 μὲν
824 5690 917 5745 οὖν
944 5692 1314 5763 λελυπηκέναι
1348 5692 1503 5748 εἶπεν
1529 5695 1693 5750 αὑτὸν
1734 5714 1902 5765 φυγο-

324 5788 584 5858 μαχήσας
617 5788 721 5842 οὐκ
775 5787 935 5858 ὀλίγα
959 5805 973 5821 ’
1038 5790 1125 5843 ἵνα
1157 5790 1214 5843 δὲ
1244 5789 1338 5861 μὴ
1374 5789 1632 5847 ὲπιπλέον
1664 5793 1753 5849 διά
1800 5793 1900 5866 τὴν

2007 4806 2067 4846 se
2114 4790 2296 4845 fucum
2347 4788 2641 4843 facturum.
2692 4787 2828 4841 Nam
2872 4804 2997 4843 cum
3045 4786 3262 4856 quidvis
3306 4786 3365 4842 in
3405 4787 3587 4841 animo

2005 4883 2233 4938 haberet
2259 4882 2462 4951 potius,
2495 4896 2656 4950 quam
2684 4882 2805 4937 acie
2830 4881 3081 4951 opposita
3100 4894 3286 4934 secum
3305 4878 3584 4949 congredi,

2005 4981 2192 5028 tamen
2233 4973 2662 5042 supplicationes
2728 4981 2784 5027 et
2830 4972 3135 5043 placamina
3199 4971 3584 5028 sacerdotibus

2003 5082 2106 5137 pro
2151 5081 2248 5131 se,
2291 5077 2349 5121 ut
2396 5074 2725 5137 pugnaturo,
2764 5066 3046 5121 indixisse.
3079 5065 3307 5120 Interim
3352 5080 3413 5120 se
3435 5075 3586 5121 certo

2001 5157 2142 5212 scire
2162 5198 2178 5223 ,
2226 5172 2406 5226 neque
2463 5158 2634 5213 Deum
2665 5158 2856 5223 latere,
2890 5159 3023 5229 quid
3049 5158 3166 5228 ipse
3194 5166 3321 5228 agat
3346 5168 3403 5212 et
3433 5157 3588 5227 cogi-

1997 5254 2110 5311 tet,
2144 5255 2201 5301 et
2239 5245 2493 5303 homines
2521 5249 2568 5303 si
2602 5264 2710 5301 non
2743 5255 2892 5312 ante,
2919 5256 2976 5303 at
3004 5258 3153 5303 certe
3175 5257 3323 5316 post,
3358 5247 3582 5302 frandes

1996 5336 2116 5408 ejus
2167 5338 2544 5407 versutiasque
2575 5353 2769 5393 omnes
2814 5339 3154 5408 cOgnituros.
3173 5338 3285 5394 Cur
3304 5338 3450 5392 enim
3471 5353 3585 5391 non

1999 5428 2201 5497 pridie,
2233 5427 2326 5482 sed
2354 5440 2641 5499 postquam
2669 5429 2990 5503 discessisse
3018 5430 3388 5485 adversarium
3419 5443 3584 5484 excr-

2014 5519 2185 5573 citnm
2237 5519 2504 5586 audierit,
2536 5521 2722 5590 copias
2756 5536 2886 5577 suas
2918 5522 2985 5575 ad
3014 5522 3259 5592 praelium
3295 5513 3616 5576 eduxerit?

2016 5609 2151 5664 Tum
2195 5626 2252 5665 se
2300 5611 2400 5665 ista
2442 5610 2565 5683 fuga
2598 5613 2979 5668 contristatum
3020 5613 3245 5678 dixisse,
3279 5629 3401 5669 cum
3435 5612 3586 5682 ipse-

2011 5712 2122 5757 met
2156 5719 2391 5775 pugnam
2422 5706 2779 5761 vehementer
2808 5705 3042 5777 fugeret.
3070 5706 3152 5761 Ne
3185 5721 3348 5777 porro
3377 5704 3589 5760 diutius

2009 5795 2130 5865 ejus
2175 5796 2298 5871 fuga
2342 5796 2563 5863 doleat,
2617 5797 2796 5867 primo
2839 5813 3056 5869 quoque
3096 5807 3343 5869 tempore
3391 5806 3589 5863 rursus
