4048 6504
366 451 507 518 1213

1552 451 2093 517 HISTORIARUM
2140 448 2372 512 LIBER
2412 449 2536 512 Πῐ.

3503 434 3642 509 mi
3709 380 3712 382 ⁷

361 569 489 622 σθαι
534 566 672 638 πρὸς
715 566 879 624 αὐτὸν
905 568 1035 640 περί
1064 586 1124 623 τε
1159 570 1273 624 τῶν
1299 574 1495 627 κοινῶν
1533 576 1627 629 καὶ
1662 573 1771 627 τῶν
1809 573 1933 626 καθ’

2043 570 2217 624 amice
2267 579 2320 627 et
2363 568 2609 641 jucunde
2644 581 2745 623 eos
2772 565 3042 633 visurum,
3076 565 3359 636 veterique
3392 563 3634 620 necessi-

346 656 594 722 iamob;
619 696 636 723 ,
688 659 950 729 οὐδεμίαν
1009 661 1078 715 ἂν
1134 663 1441 730 ἐνεδείξατο
1497 665 1726 735 πικρίαν
1765 681 1779 695 ·
1829 667 1950 720 οὐδὲ

359 750 687 822 ἐπεμνήσθη
710 750 822 806 τῶν
849 751 994 807 κατά
1015 753 1107 807 τδν
1135 755 1376 825 πόλεμον
1406 760 1796 828 γεγενημένων
1818 757 1951 828 παρ’

361 842 544 897 αὐτῶν
596 841 872 897 τοσούτων
915 843 1184 910 ἀλγεινῶν
1205 857 1222 873 ⁶
1269 846 1385 901 ἀλλ’
1418 848 1590 920 ἡδέως
1621 848 1689 903 ἂν
1714 843 1820 902 εἶδε
1852 848 1949 902 καί

356 934 632 1004 εὐμενῶς.
661 935 758 987 κα)⁵
788 935 889 1004 τῆς
918 936 1155 1006 ἀρχαίας
1193 938 1396 1009 ἠξίωσε
1434 940 1617 1005 φιλίας
1652 942 1746 993 καὶ
1782 958 1947 1012 συνη-

356 1025 512 1091 θείας
530 1028 666 1096 πρὸς
688 1027 875 1083 αὐτόν.
910 1029 1054 1100 Πρὸς
1074 1029 1130 1082 δὲ
1154 1030 1355 1095 αὐτοὺς
1397 1031 1520 1085 οὐδὲ
1549 1030 1694 1101 ἴχνος
1721 1032 1947 1102 μήνιδςς

354 1121 544 1190 φέρειν
576 1120 612 1190 ἢ
647 1119 855 1190 ὀργῆς,
891 1120 1018 1175 οὐδὲ
1050 1124 1565 1192 προσκεκρουκέναι
1595 1122 1748 1194 αὐτῷ
1794 1125 1948 1192 νομί-

353 1211 496 1276 ζειν,
520 1211 608 1265 ὅτι
639 1210 781 1280 ὑπὲρ
807 1210 1079 1281 βασιλέως
1108 1213 1260 1283 αὐτῷ
1300 1214 1537 1268 τοσαῦτα
1568 1215 1942 1285 ἐπολέμησαν.

354 1297 436 1353 Τά
457 1300 570 1369 γὰρ
600 1299 788 1354 δίκαια
805 1301 901 1353 καὶ
926 1303 994 1354 τά
1015 1305 1366 1372 προσήκοντα
1398 1305 1603 1367 δούλοις
1631 1306 1945 1374 εὐγνώμοσι

351 1392 744 1462 πεποιηκέναι.
787 1393 999 1458 ¹Ἄλλως
1043 1393 1090 1447 θ’
1111 1395 1193 1447 ὅτι
1221 1395 1334 1449 οὐδ’
1357 1397 1520 1459 αὐτός
1542 1399 1662 1449 ἐστι
1686 1396 1943 1466 πολέμιος

349 1482 468 1535 τῶν
509 1480 784 1551 βασιλέως
810 1482 1042 1548 παίδων,
1075 1485 1169 1538 καὶ
1209 1482 1554 1554 διαφθείρειν
1603 1483 1844 1548 ἐκείνους
1878 1487 1943 1537 ἐκ

351 1572 556 1638 παντὸς
609 1573 816 1644 τρόπου
865 1576 1146 1646 ᾑρημένος
1178 1591 1192 1606 ο
1259 1577 1397 1630 ἀλλά
1446 1577 1717 1648 πρότερόν
1766 1595 1826 1630 τε
1877 1577 1944 1631 si

359 1663 603 1731 μάλιστα
633 1665 870 1729 ἐκείνοις
902 1669 999 1720 καὶ
1034 1667 1331 1737 Ῥωμαίοις
1364 1668 1678 1722 συνοίσοντα
1706 1669 1944 1724 σπουδά-

352 1756 494 1824 ζειν,
518 1756 615 1811 καὶ
644 1757 740 1812 νῦν
763 1759 916 1813 οὐδὲν
935 1755 1102 1832 ἦττον
1128 1761 1267 1829 μετά
1288 1761 1384 1814 τὸν
1411 1760 1665 1833 τοσοῦτον
1698 1763 1939 1831 πόλεμον

351 1848 453 1902 καὶ
500 1850 602 1920 τὴν
659 1847 868 1918 ἄφατον
918 1851 1318 1921 ἀγνωμοσύνην
1367 1853 1463 1906 καὶ
1517 1854 1739 1923 μανίαν,
1775 1853 1844 1924 ἢν
1885 1854 1939 1907 οἱ

2059 663 2251 717 tudine
2294 676 2357 716 ac
2397 661 2768 716 familiaritate
2824 659 3175 731 dignaturum
3204 654 3394 713 fuisse.
3433 655 3646 711 Contra

2052 751 2201 822 ipsos
2244 761 2426 808 autem
2463 753 2674 807 nullum
2711 767 2834 808 esse
2874 753 2929 807 in
2961 768 3021 807 se
3048 751 3157 808 odii
3195 759 3292 805 aut
3337 747 3432 802 irae
3472 747 3647 801 vesti-

2049 847 2234 918 gium;
2282 862 2464 917 neque
2518 857 2716 916 putare
2756 862 2816 900 se
2844 844 3141 910 offensum,
3179 858 3304 899 cum
3336 856 3436 911 pro
3466 840 3646 909 impr-

2048 946 2234 993 ratore
2269 952 2371 993 suo
2409 938 2482 993 ita
2513 936 2923 1008 dcpuguarint:
2952 936 3151 991 fecisse
3183 934 3331 989 enim
3365 947 3485 1002 quae
3514 946 3644 1001 pro-

2047 1032 2147 1089 bos
2189 1047 2254 1086 ac
2299 1030 2489 1086 ﬁdeles
2534 1043 2726 1087 servos
2779 1028 2964 1083 facere
3003 1027 3214 1099 justum
3256 1038 3322 1079 ae
3377 1023 3639 1078 decorum

2047 1122 2152 1186 sit;
2210 1118 2515 1191 praesertim
2566 1134 2691 1174 cum
2731 1133 2836 1173 nec
2876 1117 2994 1186 ipse
3038 1116 3244 1170 liberos
3289 1109 3643 1180 imperatoris

2046 1223 2408 1284 persequatur
2428 1250 2441 1276 ,
2477 1226 2682 1281 eosque
2723 1225 2833 1280 quo
2855 1210 3002 1280 jure,
3032 1222 3139 1278 qua
3170 1206 3371 1275 injuria
3399 1203 3641 1273 perditos

2048 1305 2210 1369 velit,
2269 1302 2364 1358 sed
2395 1312 2448 1355 et
2481 1311 2641 1356 antea
2677 1318 2799 1370 quae
2827 1316 3016 1356 eorum
3050 1315 3114 1354 ac
3150 1297 3520 1352 Romanorum
3554 1309 3645 1347 ra-

2047 1394 2289 1448 tionibus
2335 1392 2730 1457 conducerent,
2772 1391 3067 1461 diligenter
3098 1387 3304 1442 curarit
3338 1426 3353 1450 ,
3384 1394 3441 1440 et
3476 1384 3643 1437 modo

2044 1485 2222 1541 nihilo
2270 1484 2457 1539 minus
2493 1495 2682 1550 curet,
2715 1493 2841 1553 post
2876 1492 2985 1537 tam
3018 1490 3173 1536 atrox
3196 1476 3424 1540 bellum.
3458 1486 3512 1531 et
3550 1477 3641 1530 in-

2047 1578 2271 1635 fundum
2315 1577 2511 1633 scelus
2546 1592 2629 1630 ac.
2667 1575 2906 1629 furorem
2939 1592 2954 1628 :
2993 1589 3180 1643 quem,
3213 1574 3306 1641 qui
3345 1571 3514 1626 verbo
3541 1583 3644 1639 pro

2047 1672 2176 1735 iiiis,
2235 1689 2296 1728 re
2326 1682 2510 1727 autem
2547 1684 2672 1723 vera
2700 1678 2889 1721 contra
2928 1666 3051 1721 illos
3078 1665 3285 1720 bellum
3320 1672 3629 1723 moverent.

2044 1765 2394 1819 declararint.
2470 1762 2822 1818 lietvcturum
2889 1759 3037 1813 enim
3100 1757 3235 1827 ipsis
3288 1755 3638 1826 mysterium.

2045 1859 2296 1914 Voluisse
2334 1873 2395 1912 se
2422 1895 2436 1919 .
2475 1857 2523 1911 si
2563 1856 2675 1909 Deo
2707 1854 3070 1923 approbante,
3107 1850 3359 1905 hostibus
3393 1847 3642 1902 debella-

351 1937 494 2008 ὑπὲρ
520 1938 751 1993 ἐκείνων
779 1939 963 2009 δῆθεν,
992 1945 1059 2010 τῇ
1092 1940 1139 1994 δ’
1174 1941 1405 2015 ἀληθείᾳ
1432 1943 1558 1996 κατ’
1591 1944 1822 1998 ἐκείνων
1843 1945 1932 1997 τὸν

2044 1949 2135 2015 tis,
2191 1960 2414 2018 totoque
2461 1948 2691 2016 imperio
2721 1947 2968 2000 Romano
2998 1943 3103 1999 sibi
3136 1941 3437 2011 subjuncto
3470 1938 3647 2007 impe-

348 2029 590 2099 πόλεμον
628 2033 986 2103 κεκινηκότες
1019 2032 1380 2100 ἐνεδείξαντο.
1423 2036 1790 2107 Ἐκκαλύψειν
1818 2037 1931 2110 γὰρ

347 2120 454 2193 ἠδη
484 2122 545 2175 τὸ
575 2120 891 2193 ἀπόρρητον
931 2125 1140 2189 αὐτοῖς,
1171 2125 1247 2189 ὡς
1270 2126 1358 2196 εἴη
1394 2126 1845 2198 βεϐουλευμένος,
1882 2129 1937 2181 εἴ

347 2228 414 2280 γε
464 2214 562 2267 καὶ
608 2214 754 2268 κατὰ
798 2215 1027 2287 γνώμην
1059 2218 1144 2288 εἴη
1174 2218 1322 2288 Τεῷ,
1364 2220 1413 2271 εἰ
1447 2220 1799 2290 περιγένοιτο
1822 2219 1932 2271 τῶν

345 2304 758 2374 πολεμούντων,
816 2307 913 2360 καὶ
969 2307 1161 2376 κύριος
1225 2309 1343 2362 τῶν
1395 2309 1663 2381 βασιλέως
1721 2310 1933 2364 παίδων

345 2395 681 2466 κατασταίη,
710 2398 894 2451 πᾶσαν
924 2398 1023 2469 τὴν
1059 2401 1236 2471 ἀρχὴν
1275 2401 1574 2471 Ῥωμαίων
1613 2402 1709 2473 ὑφ’
1738 2405 1933 2458 ἑαυτὸν

346 2489 747 2559 πεποιημένος,
785 2490 861 2560 μὴ
902 2490 1004 2559 τῆς
1048 2491 1310 2564 πατρῴας
1358 2495 1533 2564 ἀρχῆς
1566 2496 1934 2565 ἀποστερεῖν·

343 2577 487 2633 ἀλλά
508 2579 865 2649 διοικήσαντα
892 2582 960 2635 τὰ
989 2583 1301 2653 πράγματα
1335 2585 1496 2656 ἀχρις
1524 2586 1592 2639 ἂν
1621 2587 1877 2654 βασιλεὺς
1907 2589 1934 2639 ὁ

342 2670 465 2732 νέος
502 2670 763 2743 Ἰωάννης
794 2671 935 2741 πρὸς
977 2674 1199 2744 ἡλικίαν
1230 2674 1474 2745 εὖφρονα
1510 2679 1801 2748 ἀφίκηται,
1838 2682 1932 2731 καὶ

341 2760 655 2834 δυναμένην
683 2763 842 2831 ἄγειν
868 2767 970 2837 τὴν
999 2768 1175 2839 ἀρχήν
1193 2783 1207 2797 ο
1235 2769 1429 2822 ἔπειτα
1459 2770 1610 2840 αὐτῷ
1638 2771 1935 2841 παραδιδόδ

344 2869 438 2907 ναι
463 2853 564 2924 τὴν
593 2856 920 2925 ἠγεμονίαν.
956 2857 1163 2912 Τούτου
1185 2859 1318 2927 γοῦν
1337 2859 1557 2930 ἀληθῶς
1578 2860 1725 2913 οὕτω
1749 2861 1940 2931 κεκρι-

347 2947 450 3017 μέν
482 2965 512 2999 υ
549 2947 682 3019 παρ’
729 2949 900 3018 αὐτῷ,
947 2948 1073 3002 οὔτε
1126 2953 1240 3012 τοῖς
1283 2951 1555 3022 πρότερον
1612 2951 1933 3022 ὀργίζεσθαι

346 3039 490 3109 ὑπὲρ
545 3041 761 3095 ἐκείνου
821 3043 1292 3113 πεπολεμηκόσιν,
1332 3044 1457 3096 οὔτε
1490 3043 1619 3106 τοὺς
1670 3046 1929 3106 συνόντας

349 3132 448 3186 καὶ
477 3127 1051 3205 συγκατακτωμένους
1075 3135 1171 3205 τὴν
1204 3137 1383 3207 ἀρχὴν
1413 3137 1544 3206 πρὸς
1573 3136 1796 3206 βασιλέα
1839 3136 1932 3188 τὸν

347 3222 469 3275 νέον
481 3223 692 3278 οίεσθαι
709 3227 1186 3296 ὲξαμαρτάνειν,εἱ
1207 3228 1492 3297 μέλλουσιν
1508 3230 1707 3299 ἐκείνῳ
1728 3228 1931 3298 μᾶλλον
1961 3265 2003 3320 c

344 3315 447 3383 τὴν
473 3315 646 3386 ἀρχὴν
669 3318 1083 3383 συνδιασώζειν.
1112 3313 1211 3375 Ὧν
1231 3322 1398 3373 ’ἑνεκα
1423 3323 1520 3374 καὶ
1546 3322 1685 3391 πρὸς
1733 3321 1933 3384 αὐτοὺς

342 3408 469 3462 οὕτε
525 3410 656 3481 περὶ
706 3411 816 3464 τῶν
867 3413 1000 3481 πρὶν
1056 3416 1445 3485 γεγενημένων
1497 3414 1931 3485 ἀπεχθάνεσθαι,

342 3498 473 3554 οὔτε
499 3501 590 3555 τὴν
618 3500 819 3555 ἔπειτα
844 3502 1060 3571 χρόνον,
1089 3501 1157 3555 ἂν
1184 3502 1334 3572 αὐτῷ
1355 3502 1654 3573 βούλωνται
1687 3504 1933 3554 συνεῖναι

341 3591 559 3663 βασιλεῖ
579 3591 658 3661 τῷ
687 3593 817 3663 νέιτῖ,
839 3593 1050 3644 οἴεσθαι
1078 3593 1383 3661 πολεμίους
1415 3592 1778 3663 γεγενῆσθαι,
1813 3590 1931 3644 ἀλλ’

341 3683 431 3737 ἐπ’
456 3684 639 3747 αὐτοῖς
686 3686 787 3755 τὴν
827 3684 1044 3754 αἵρεσιν
1087 3680 1232 3738 εἶναι
1270 3687 1563 3756 ἐκατέρου.
1596 3686 1697 3739 Ἂν
1730 3702 1790 3737 τε
1822 3685 1933 3753 γὰρ

346 3776 647 3848 βούλωνται
680 3780 945 3842 συνεῖναι,
967 3776 1141 3846 ἡδέως
1172 3779 1340 3847 ἔχειν·
1375 3776 1443 3832 ἀν
1473 3792 1534 3828 τε
1556 3777 1695 3846 πρὸς
1729 3773 1934 3837 Βυζάν-

341 3887 463 3924 τιον
511 3870 840 3940 ἀναχωρεῖν,
881 3870 1038 3922 οὐδὲν
1083 3870 1386 3936 κωλύσειν,
1443 3868 1579 3922 ἀλλά
1631 3869 1727 3921 καὶ
1779 3868 1931 3935 δῶρα

342 3963 795 4033 παρασχόμενον,
829 3963 948 4032 μετ’
969 3964 1260 4032 εὐμενείας
1282 3961 1658 4031 ἀποπέμψειν.
1687 3960 1931 4014 Τοιαῦτα

345 4057 448 4128 μὲν
489 4061 516 4109 ὁ
550 4056 808 4127 βασιλεὺς
853 4055 989 4126 πρὸς
1025 4055 1271 4118 ἐκείνους
1309 4050 1608 4126 διειλέχθη,
1635 4057 1730 4106 καὶ
1760 4050 1930 4123 τριῶν

343 4148 575 4220 ἡμερῶν
607 4148 904 4218 παρείχετο
945 4146 1310 4214 προθεσμίαν,
1351 4146 1428 4210 ὡς
1466 4150 1526 4200 ἐν
1555 4147 1784 4208 ταύταις
1815 4145 1933 4198 δια-

345 4240 684 4312 σκεψάμενοι
734 4241 804 4294 τὰ
851 4239 1011 4294 δοκοῦ
1027 4257 1114 4294 ιτα
1159 4241 1366 4293 ἕλοιντο
1414 4241 1734 4307 λυσιτελεῖν.
1779 4239 1843 4291 Οί
1872 4238 1930 4289 δὲ

343 4334 551 4397 πολλὰς
573 4332 971 4404 ὁμολογοῦντες
995 4333 1227 4406 χάριτας
1249 4335 1349 4404 τῆς
1371 4333 1663 4404 εὐμενείας
1691 4330 1928 4401 βασιλεῖ,

344 4428 444 4481 καὶ
495 4426 594 4496 τῆς
657 4429 790 4496 περὶ
853 4426 1056 4490 αὐτοὺς
1119 4427 1399 4497 προνοίας,
1462 4423 1929 4494 ἐπισκεψαμένοις

344 4519 595 4574 ἰδέδοκτο
637 4519 838 4589 μᾶλλον
869 4521 1112 4572 συνεῖναι
1144 4518 1377 4589 βασιλεῖ,
1420 4519 1559 4588 μετά
1604 4520 1706 4588 τὴν
1737 4516 1930 4586 τρίτην

2048 2040 2245 2094 ratoris
2300 2040 2538 2093 filiorum
2588 2038 2848 2092 dominus
2888 2035 3231 2097 efficeretur,
3263 2047 3377 2086 non
3409 2045 3507 2103 eos
3542 2044 3644 2098 pa-

2049 2139 2205 2182 terno
2248 2128 2563 2199 principatu
2604 2126 2878 2196 depellere
2912 2165 2927 2187 ,
2971 2123 3140 2196 658
3165 2124 3259 2177 sed
3289 2122 3647 2201 administra-

2047 2221 2197 2274 tione
2244 2228 2481 2286 reteuta,
2520 2234 2697 2289 usque
2743 2218 2873 2272 dum
2913 2213 3361 2270 adolescentulus
3397 2211 3641 2268 Joannes

2043 2313 2144 2365 aevi
2186 2310 2376 2364 florem
2428 2309 2794 2379 contingeret,
2837 2316 3132 2378 pos~etque
3172 2322 3277 2360 suo
3322 2304 3494 2360 Marte
3539 2319 3643 2374 po-

2045 2403 2205 2471 pulos
2249 2415 2464 2469 regere,
2510 2410 2625 2455 tum
2671 2400 2910 2470 denique
2940 2401 2989 2455 ei
3016 2414 3203 2454 rerum
3238 2398 3483 2453 habenas
3508 2408 3641 2450 cou—

2042 2493 2280 2548 tradere.
2332 2493 2450 2547 Hoc
2496 2492 2660 2563 igitur
2707 2509 2832 2546 cum
2871 2505 2939 2547 ex
2980 2491 3165 2546 animo
3231 2505 3468 2560 vereque
3524 2497 3639 2542 sta-

2045 2586 2250 2648 tuerit,
2294 2600 2477 2654 neque
2519 2585 2681 2639 irasci
2734 2585 2840 2639 illis
2874 2584 2968 2654 qui
3018 2585 3171 2652 prius
3215 2598 3314 2652 pro
3351 2582 3443 2636 illo
3483 2596 3638 2636 arma

2045 2676 2315 2741 tulerint,
2374 2691 2554 2745 neque
2602 2676 2898 2740 arbitrari,
2948 2691 3048 2731 eos
3099 2675 3195 2745 qui
3253 2688 3440 2730 secum
3483 2675 3638 2737 sint,

2043 2768 2206 2838 etfin
2253 2768 2489 2839 imperio
2538 2769 2877 2839 acquirendo
2921 2768 3086 2826 simul
3133 2778 3337 2823 navent
3370 2782 3639 2837 operam,

2048 2877 2278 2932 peccare
2326 2863 2380 2917 in
2440 2872 2829 2931 imperatorem
2875 2864 3176 2934 juvenem,
3231 2861 3276 2916 si
3332 2860 3406 2915 illi
3456 2858 3643 2929 potius

2053 2956 2156 3009 hac
2219 2956 2432 3011 ratione
2484 2965 2748 3022 servent,
2809 2971 2973 3024 quam
3031 2955 3277 3009 adimant
3320 2952 3640 3022 imperium.

2041 3046 2223 3112 Quare
2254 3062 2358 3103 nec
2423 3049 2533 3104 illis
2595 3048 2872 3104 infensum
2933 3062 3053 3104 esse
3117 3060 3341 3117 promer
3407 3055 3639 3116 praeter-

2044 3139 2118 3192 ita
2182 3156 2199 3194 :
2260 3154 2363 3194 nec
2398 3146 2401 3149 '
2435 3142 2482 3195 si
2536 3141 2591 3202 in
2649 3150 2926 3211 posterum
2980 3141 3084 3195 sibi
3155 3140 3387 3193 militare
3447 3137 3640 3193 volve-

2039 3229 2182 3297 rint,
2218 3230 2537 3301 imperatori
2579 3233 2910 3288 adolrScenti
2943 3232 3258 3287 existimare
3292 3231 3480 3285 hostes
3513 3243 3637 3282 esse

2043 3321 2240 3386 factos,
2289 3324 2382 3378 sed
2426 3340 2596 3394 penes
2637 3327 2786 3395 ipsos
2826 3327 3113 3396 optionem
3143 3339 3291 3379 esse.
3326 3322 3457 3378 Sive
3485 3323 3636 3377 enim

2042 3430 2197 3470 suam
2245 3416 2496 3471 militiam
2547 3418 2834 3487 elegerint,
2882 3417 3116 3470 libenter
3148 3417 3267 3471 suis
3296 3428 3635 3470 annumera-

2044 3501 2226 3560 t'urum
2253 3521 2268 3570 ;
2303 3505 2419 3560 sive
2453 3506 2774 3578 Byzantium
2810 3507 2989 3562 redire
3014 3507 3331 3571 maluerint,
3361 3505 3500 3559 nihil
3531 3505 3635 3558 im-

2042 3596 2394 3668 pediturum,
2454 3600 2584 3667 quin
2630 3607 2686 3652 et
2732 3614 2854 3652 cum
2893 3597 3214 3652 muneribus
3247 3596 3632 3652 dimissurum.

2041 3687 2172 3743 Haec
2214 3692 2280 3745 ad
2334 3690 2456 3744 illos
2483 3690 2801 3760 imperator,
2836 3689 3080 3743 triduum
3116 3688 3489 3759 praestituens,
3523 3702 3635 3756 quo

2041 3784 2289 3839 excussis
2312 3783 2589 3845 omnibus,
2626 3782 2677 3835 id
2708 3782 2855 3851 quod
2882 3796 2913 3836 e
2936 3796 2996 3836 re
3017 3795 3113 3837 sua
3141 3781 3505 3850 iudicassent,
3539 3794 3630 3834 se-

2041 3885 2361 3946 querentur.
2407 3874 2489 3928 llli
2517 3875 2838 3943 imperatori
2860 3917 2873 3939 ,
2910 3883 2968 3929 ut
3000 3875 3081 3930 sui
3115 3875 3323 3930 amanti
3383 3890 3447 3929 ac
3476 3872 3633 3928 soili-

2040 3967 2151 4021 cito
2199 3969 2399 4038 gratias
2438 3976 2609 4040 agunt
2652 3967 2835 4022 verbis
2866 3967 3245 4035 amplissimis,
3290 3982 3460 4037 reque
3496 3968 3635 4022 duli-

2038 4060 2245 4125 berata,
2282 4061 2466 4129 potius
2497 4060 2565 4114 ab
2594 4048 2984 4114 Cant‘acuzeno
3009 4061 3264 4115 standum
3298 4067 3632 4124 decernunt,

2041 4159 2096 4205 et
2126 4151 2214 4204 die
2239 4151 2403 4205 tertio
2436 4149 2727 4215 accedunt,
2758 4151 3087 4204 sententiam
3104 4166 3266 4205 suam
3292 4152 3637 4216 renuntiant,

2038 4244 2197 4298 malle
2240 4242 2499 4296 nimirum
2544 4247 2640 4305 pro
2683 4243 2807 4311 ipso
2856 4251 3024 4302 stare,
3061 4254 3115 4297 et
3144 4242 3265 4311 ejus
3296 4258 3458 4296 causa
3483 4244 3636 4312 peri~

2039 4337 2222 4392 culum
2252 4336 2483 4406 quodvis
2508 4349 2563 4390 et
2589 4334 2829 4390 laborem
2863 4336 3114 4404 quemvis
3141 4336 3368 4391 subire:
3426 4336 3635 4407 quippe

2038 4432 2131 4500 qui
2173 4439 2229 4485 et
2257 4429 2636 4483 Romanorum
2664 4428 3056 4494 communiter,
3099 4438 3156 4484 et
3188 4426 3423 4483 filiorum
3456 4429 3634 4500 impe-

2037 4522 2242 4579 ratoris
2292 4522 2615 4591 dignitatem
2666 4522 3071 4592 utilitatemque
3127 4533 3182 4577 et
3239 4522 3522 4584 consiliis,
3575 4537 3634 4579 et

344 4611 765 4684 προσελθόντες,
811 4614 1159 4685 ἀπήγγελλον
1188 4614 1289 4685 τὴν
1335 4612 1589 4684 γνώμην,
1614 4611 1693 4676 ὡς
1727 4611 1931 4682 μᾶλλον

2041 4615 2254 4670 actione
2308 4627 2526 4680 semper
2564 4619 2795 4682 quierat.
2843 4610 2979 4666 Nam
3026 4627 3128 4666 nec
3173 4629 3233 4667 se
3275 4613 3511 4679 nescire,
3536 4615 3631 4684 qui

346 4703 637 4775 αἱροῦνται
693 4706 756 4759 τὸ
815 4706 968 4778 αὐτῴ
1020 4706 1449 4777 συνδιατρίϐειν,
1503 4710 1598 4759 καὶ
1652 4705 1931 4777 πρόθυμοι

344 4794 488 4852 εἶναι
504 4798 682 4853 πάντα
698 4798 1106 4869 κίνδυνον-ὑπὲρ
1123 4799 1292 4853 αὐτοῦ
1315 4801 1410 4853 καὶ
1430 4799 1592 4852 πόνον
1612 4798 1929 4867 ὑπομένειν,

341 4891 424 4955 ὼς
440 4892 511 4945 τὰ
535 4890 728 4963 βελτίω
748 4891 846 4944 καὶ
867 4891 899 4942 λ
916 4891 1276 4959 ,ωτελοῦντα,
1301 4895 1397 4945 καὶ
1431 4892 1730 4962 Ῥωμαίοις
1751 4894 1927 4958 κοινῇ,

347 4989 445 5041 καὶ
475 4987 591 5049 τοῖς
617 4986 883 5057 βασιλέως
903 4988 1082 5049 παισὶ,
1108 4987 1203 5039 καὶ
1232 4987 1528 5055 πράττοντι
1555 4989 1649 5040 καὶ
1668 4984 1929 5056 βουλομέο

344 5093 442 5146 νῳ.
462 5077 603 5139 Τοὺς
623 5079 731 5147 γὰρ
766 5069 825 5130 ὲν
847 5076 1131 5145 Βυζαντίῳ
1153 5076 1262 5127 τῶν
1289 5078 1640 5147 πραγμάτων
1658 5078 1931 5145 ἄρχοντας

344 5168 551 5222 εἰδέναι
581 5171 677 5221 καὶ
709 5167 892 5232 αὐτοὶ,
925 5168 1082 5221 οὐδὲν
1116 5169 1269 5236 ὑγιὲς
1299 5170 1775 5240 διανενοημένους,
1815 5169 1933 5221 ἀλλ’

346 5262 443 5316 ἐπὶ
462 5254 620 5334 κοινῇ
645 5264 1004 5333 κακοπραγίᾳ
1024 5264 1204 5317 πάντα
1239 5264 1589 5335 πράττοντας
1616 5265 1710 5317 καὶ
1730 5264 1929 5335 φθορᾷ.

346 5352 458 5405 Τοῦ
487 5350 544 5405 δὲ
578 5352 746 5424 μηδὲν
791 5353 966 5407 δεινὸν
995 5357 1128 5425 περὶ
1174 5355 1354 5410 αὐτῶν
1395 5356 1667 5424 ὑπονοεῖν,
1719 5358 1934 5412 ἐδέοντο

347 5445 614 5517 βασιλέως
664 5450 759 5503 καὶ
813 5449 1027 5513 πίστεις
1058 5451 1126 5503 δι’
1161 5452 1340 5523 ὅρκων
1396 5452 1806 5525 παρασχέσθαι,
1859 5455 1935 5516 ὡς

348 5537 477 5592 οὔτε
537 5541 969 5612 ἀποστήσονται,
1032 5541 1172 5596 οὔτε
1231 5545 1722 5601 ἐπιϐουλεύσουσιν
1782 5545 1934 5617 αὐτῷ

351 5633 608 5696 συνόντες
672 5634 809 5687 ἀλλὰ
895 5636 1076 5691 πᾶσαν
1143 5638 1509 5704 maneam:
1569 5640 1784 5694 εὔνοιαν
1840 5646 1936 5695 καὶ.

348 5725 593 5798 ιτπουδὴν
615 5728 745 5800 περὶ
783 5728 969 5784 αὐτόν.
1010 5731 1277 5796 Βασιλεὺς
1298 5733 1353 5786 δὲ
1380 5735 1565 5796 αὐτοῖς
1588 5734 1689 5806 τὴν
1720 5734 1934 5805 αἵρεσιν

345 5818 506 5885 αὖθις
529 5822 835 5892 προετίθει,
865 5824 941 5888 ὡς
978 5826 1040 5879 06
1074 5826 1336 5881 κωλύσων
1363 5829 1430 5883 ἂν
1463 5830 1599 5900 πρὸς
1635 5829 1931 5895 Βυζάντιον

344 5912 651 5989 psmn”
685 5920 991 5991 ἀποχωρεῖν
1014 5921 1128 5991 ἄμα
1154 5923 1371 5992 γυναιξὶ.
1393 5926 1486 5980 καὶ
1508 5908 1737 5991 τέκνοις.
1764 5927 1933 6000 Σννῆ-

2035 4705 2279 4778 Byzantii
2332 4704 2696 4775 gubernacula
2744 4719 2958 4759 summa
3011 4714 3274 4769 teneant,
3331 4721 3427 4760 eos
3489 4705 3630 4760 nihil

2036 4802 2280 4871 cogitare
2323 4798 2594 4853 laudabile
2630 4839 2644 4863 ,
2680 4797 2777 4852 sed
2811 4813 2932 4867 quae
2967 4809 3169 4867 agant,
3209 4801 3396 4852 omnia
3429 4799 3492 4853 ad
3524 4814 3630 4869 pu-

2034 4891 2230 4946 blicam
2276 4891 2484 4945 cladem
2536 4891 2951 4959 perniciemque
3000 4890 3259 4961 dirigere.
3297 4889 3377 4945 Ne
3412 4893 3632 4961 quando

2037 4989 2220 5034 autem
2267 4980 2321 5033 in
2368 4980 2739 5048 suSpicionrm
2787 4981 2930 5051 apud
2976 4995 3100 5035 eum
3146 4982 3437 5045 venirent,
3473 4996 3634 5051 roga-

2036 5071 2203 5135 bant,
2240 5080 2301 5124 ut
2345 5073 2539 5126 liceret
2582 5073 2717 5140 ipsis
2743 5089 2865 5127 cum
2908 5085 3254 5128 sacramento
3287 5072 3450 5128 fidem
3483 5072 3629 5126 obii-

2034 5176 2186 5232 gare,
2240 5176 2524 5233 nunquam
2566 5165 2638 5218 ob
2681 5180 2748 5217 eo
2787 5165 3139 5229 defecturos,
3176 5181 3358 5234 neque
3401 5162 3627 5219 insidias

2036 5257 2360 5322 molituros,
2419 5257 2515 5312 sed
2553 5257 2702 5312 omni
2733 5274 2857 5311 eum
2900 5258 3277 5313 benevolentia
3317 5256 3628 5326 studi-isque

2037 5349 2293 5403 omnibus
2353 5359 2765 5419 prosecuturus.
2816 5351 3120 5422 imperator
3168 5351 3235 5405 de
3284 5351 3495 5420 integro
3530 5350 3628 5438 .eis

2039 5445 2370 5508 potestatem
2413 5438 2580 5500 facit,
2629 5438 2951 5509 Byzantium
3003 5455 3128 5494 cum
3158 5438 3421 5494 uxoribus
3472 5448 3528 5494 et
3560 5439 3622 5491 li-

2039 5530 2207 5591 beris,
2243 5544 2380 5599 quos
2402 5545 2587 5584 secum
2619 5531 2888 5585 haberent
2920 5530 2975 5584 in
3006 5533 3234 5587 urbibus
3262 5532 3463 5602 quibus
3487 5544 3629 5600 prae-

1988 5618 1989 5621 “
2040 5619 2294 5684 fuerant,
2351 5634 2410 5673 se
2440 5618 2716 5682 conferre,
2764 5617 2811 5672 si
2850 5618 3045 5674 velint.
3097 5619 3191 5683 Sin
3232 5619 3423 5674 ethoc
3452 5616 3625 5670 relin-

2040 5720 2232 5778 quere,
2262 5710 2479 5779 solique
2513 5709 2828 5780 Byzantium
2862 5709 3015 5764 abire
3057 5718 3334 5780 optarent,
3366 5704 3513 5764 nihil
3542 5706 3623 5761 rei

2040 5794 2348 5862 familiaris,
2382 5800 2517 5855 nihil
2545 5798 2962 5869 possessionum
2991 5797 3326 5864 ablaturum,
3358 5800 3454 5855 sed
3487 5813 3627 5852 uxo-

2044 5890 2195 5947 ribus
2255 5891 2437 5947 omnia
2486 5889 2903 5961 permissurum.
2949 5886 3061 5946 lllis
3106 5887 3249 5946 idem
3297 5891 3443 5961 quod
3492 5901 3626 5947 ante
