4048 6502
378 470 510 537 1217

1540 472 2074 558 HISTORIA‘RUM
2119 476 2346 537 LIBER
2388 474 2501 537 III.

3488 477 3624 542 1Ξ18

364 603 478 654 πην
536 586 813 656 φρουρίων
868 580 1004 655 ἦρχε
1067 579 1308 651 πάντων,
1367 585 1457 637 καὶ
1503 585 1663 654 μέχρι
1720 585 1934 656 Μόρρας

2050 586 2210 640 missa
2238 629 2251 651 ,
2289 595 2461 641 tentat
2507 604 2664 652 eum,
2696 596 2754 644 ut
2796 589 2967 650 alias.
3020 588 3240 643 ductare
3305 587 3445 643 dolis
3492 600 3541 644 et
3591 605 3622 645 a

367 676 749 749 προεχώρησε.
789 677 1101 745 Πυθόμενος
1130 676 1185 729 δὲ
1230 676 1305 739 ὡς
1338 676 1816 745 παρασκευάζοιτο
1850 674 1937 728 ἐπ’

357 770 521 822 αὐτὸν
551 771 580 820 ὁ
606 768 859 837 βασιλεὺς
880 767 1019 837 μετὰ
1053 768 1154 834 τῆς
1184 768 1454 838 Περσικῆς
1474 767 1631 837 ἥκειν
1656 769 1939 838 στρατιᾶς,

363 859 664 927 πρεσῦείας
690 859 948 926 πέμπων,
993 861 1266 927 παράγειν
1296 859 1581 929 ἐπειρᾶτο,
1611 859 1648 913 ἃ
1680 859 1777 912 καὶ
1804 860 1940 929 πρό⁸

361 965 519 1017 τερον
560 948 871 1013 ἐξαπατῶν,
906 934 1007 1011 ’ὡς
1062 948 1210 1017 αὐτῷ
1261 948 1430 1001 πολλὰ
1486 948 1781 1033 μεταμέλοι
1840 949 1943 1015 τῆς

364 1038 501 1112 πρὸς
534 1038 700 1092 αὐτὸν
733 1038 1153 1108 ἀγνωμοσύνης,
1207 1037 1289 1092 ὅτι
1330 1036 1570 1092 τοσαῦτα
1616 1037 1677 1091 εὖ
1725 1036 1939 1098 παθὼν.

368 1129 539 1191 κακὸς
580 1129 781 1198 ὀφθείη
824 1131 919 1182 καὶ
967 1131 1239 1200 ἀμνήμων
1281 1129 1391 1182 τῶν
1419 1129 1624 1191 καλῶν,
1656 1129 1751 1181 καὶ
1781 1130 1856 1192 ὡς
1890 1131 1940 1182 εἰ

368 1217 718 1287 συγγνώμην’
760 1217 911 1288 αὐτῷ
962 1221 1313 1290 παράσχοιτο,
1375 1219 1642 1289 μηδέποτε
1711 1221 1940 1290 ὕστερον

360 1310 794 1379 ἀγνωμονήσων,
822 1309 959 1363 ἀλλὰ
985 1310 1292 1365 δουλεύσων
1317 1312 1585 1383 ἀκριϐῶς.
1622 1313 1775 1366 Ἐπεὶ
1801 1314 1856 1366 δὲ
1879 1317 1944 1367 ὲκ

358 1400 571 1453 τούτων
602 1400 752 1471 αὐτῷ
801 1401 996 1470 ἠνύετο
1027 1402 1202 1467 οὐδὲν,
1237 1402 1356 1456 ἀλλ’
1386 1404 1722 1457 ἐπυνθάνετο
1755 1405 1943 1470 σαφῶς

362 1488 626 1543 ἐπιοῦσαν
656 1490 756 1560 τὴν
788 1493 1073 1562 στρατιὰν,
1109 1493 1293 1547 πᾶσαν
1323 1493 1422 1563 ὅση
1452 1493 1681 1562 δύναμις
1709 1488 1779 1564 ἦν
1811 1492 1943 1563 περὶ

362 1582 528 1634 αὐτὸν
586 1580 868 1652 ἀθροίσας,
916 1586 1012 1637 καὶ
1040 1585 1203 1646 αὐτὸς
1250 1586 1447 1655 ἐχώρει
1491 1585 1566 1649 ὡς
1597 1585 1942 1657 μαχούμενος

362 1672 532 1726 πᾶσιν
580 1671 717 1742 ὁμοῦ
773 1673 874 1726 καὶ
937 1673 1237 1743 Ῥωμαίοις
1299 1676 1395 1729 καὶ
1461 1674 1793 1748 βαρϐάροιςο
1859 1678 1940 1740 εἰς

358 1762 631 1832 τοσαύτην
673 1763 782 1835 γὰρ
824 1763 987 1817 αὐτὸν
1031 1764 1418 1834 παραπληξίαν
1453 1767 1488 1835 ή
1513 1766 1672 1821 ἄνοια
1700 1764 1937 1836 ἐξήγαγε

362 1854 456 1904 καί
487 1854 520 1921 ἡ
548 1852 846 1923 θρασύτης.
877 1853 1179 1923 Γενομένου
1205 1854 1262 1908 δὲ
1290 1857 1348 1907 ἐν
1370 1855 1746 1928 Περιθεωρίῳ,
1772 1859 1867 1910 καὶ
1899 1858 1932 1926 ἡ

2060 679 2342 747 proposito
2399 688 2669 735 avertere.
2728 680 2973 735 Cruciari
3029 696 3088 733 se
3141 678 3493 732 vehementer
3555 680 3623 734 de

2046 769 2311 823 malevolo
2342 770 2397 824 in
2433 771 2607 841 ipsum
2638 773 2841 834 animo,
2886 786 3034 834 cum,
3095 780 3172 823 tot
3204 770 3430 824 allectus
3455 772 3522 824 ab
3557 786 3624 825 eo

2054 859 2357 925 beneﬁciis,
2388 861 2664 915 inimicum
2701 877 2760 915 se
2787 862 3274 930 immemoremque
3304 861 3621 930 praebuerit.

2055 949 2112 1004 Si
2148 954 2361 1006 veniam
2413 953 2512 1007 sibi
2569 953 2698 1017 det,
2733 968 3031 1025 Innnqnam
3080 953 3146 1005 de
3179 959 3379 1005 ca‘tero
3422 950 3629 1020 aliquid

2048 1041 2269 1097 sceleris
2298 1044 2354 1097 in
2412 1058 2536 1098 eum
2597 1051 3016 1108 attentaturum,
3058 1042 3152 1096 sed
3193 1040 3525 1096 adamnssim
3571 1041 3631 1096 ei-

2048 1132 2374 1202 pariturnm.
2430 1133 2720 1203 Postquam
2753 1134 2923 1188 irritis
2973 1134 3228 1204 precibus
3257 1140 3411 1187 certo
3460 1134 3626 1188 intel-

2048 1224 2220 1288 lexit,
2276 1226 2573 1280 exercitum
2639 1225 2979 1285 adventare,
3034 1225 3329 1278 contractis
3393 1233 3449 1279 et
3504 1225 3624 1293 ipse

2046 1317 2266 1387 quantis
2296 1319 2515 1387 quantis
2564 1318 2773 1372 valebat
2822 1317 3033 1386 copiis,
3088 1317 3155 1371 ad
3207 1330 3444 1385 pugnam
3494 1333 3621 1371 cum
3672 1370 3675 1377 ,

2066 1407 2326 1462 Romanis
2373 1417 2541 1476 atque
2573 1409 2821 1463 barbaris
2870 1407 3038 1461 simul
3091 1405 3432 1476 pugnandam
3489 1421 3620 1475 pro-

2046 1500 2265 1555 cessit:
2317 1514 2385 1555 eo
2447 1516 2690 1569 namque
2718 1498 3002 1554 vecordia:
3055 1500 3219 1552 stulta
3266 1498 3418 1551 illum
3450 1498 3623 1553 conti-

2045 1595 2230 1649 dentia
2285 1596 2612 1651 deduxerat.
2673 1594 2774 1650 Ubi
2824 1595 2891 1649 ad
2926 1593 3334 1650 Peritheorium
3381 1596 3516 1662 fuit,
3566 1605 3622 1653 et

2044 1687 2324 1743 Persicum
2374 1703 2570 1759 agmen
2619 1687 2907 1758 apparuit,
2964 1702 3087 1741 cum
3132 1694 3188 1742 et
3218 1687 3369 1758 prius
3400 1689 3466 1743 ad
3496 1703 3615 1743 eam

2048 1779 2239 1833 urbem
2288 1765 2609 1848 capiendam
2666 1779 3044 1843 incubuisset,
3096 1786 3151 1833 et
3180 1787 3293 1833 tum
3320 1778 3371 1831 vi
3403 1778 3614 1834 civibus
3688 1840 3691 1841 ν

2043 1873 2313 1934 instaret,
2374 1880 2433 1924 ut
2465 1870 2610 1924 intro
2640 1870 2996 1938 reciperetur,
3043 1869 3116 1923 illi
3161 1869 3333 1939 portis
3378 1871 3613 1924 occlusis

364 1943 608 2014 Περσικὴ
628 1944 858 2014 στρατιά
878 1944 1132 2013 ἐφαίνετο
1150 1945 1399 1999 ἐπιοῦσα.
1417 1946 1568 1998 Ἐπεὶ
1587 1945 1644 1998 δὲ
1665 1947 1933 2017 πρότερόν

2041 1976 2101 2017 se
2135 1971 2455 2032 recepturos
2505 1969 2774 2030 negarunt
2796 1998 2812 2023 ,
2862 1959 3128 2014 barbaros
3160 1961 3209 2013 ei
3240 1966 3604 2021 ostentantes.

360 2050 421 2087 τε
447 2033 703 2087 ἐπέκειτο
748 2037 859 2097 τοῖς
882 2036 939 2086 ἐν
970 2034 1336 2105 Περιθεωρίῳ,
1367 2035 1463 2088 καὶ
1487 2037 1606 2090 τότε
1623 2037 1934 2106 ἠνάγκαζεν

359 2126 726 2196 εἰσδέχεσθαι,
763 2127 974 2178 ἰκεῖνον
1012 2126 1112 2197 μὲν
1160 2128 1262 2180 οὐκ
1314 2127 1581 2198 ἐδέχοντο,
1633 2129 1750 2182 ἀλλ’
1793 2133 1932 2185 ἀπέ-

362 2218 587 2270 κλεισαν
603 2217 752 2287 αὐτῷ
772 2222 870 2279 τὰς
892 2217 1090 2294 πύλας,
1111 2219 1237 2281 τοὺς
1262 2217 1574 2290 βαρϐάρους
1596 2219 1935 2273 ἐπιδεικνύν-

364 2326 481 2375 τες,
511 2310 605 2361 καὶ
634 2310 950 2373 κελεύοντες
983 2311 1064 2373 εἰς
1089 2313 1279 2380 χεῖρας
1310 2312 1493 2374 αὐτοῖς
1526 2312 1684 2376 ἱέναι,
1715 2313 1787 2373 ti);
1821 2316 1935 2378 τοῖς

362 2402 590 2455 νικῶσιν
617 2398 781 2457 ἆθλον
811 2402 912 2473 τὴν
942 2402 1097 2456 πόλιν
1129 2404 1393 2473 ἐσομένην
1424 2404 1521 2472 τῆς
1544 2393 1931 2475 ἀνδραγαθίας.

363 2493 483 2548 Ἰνα
520 2492 578 2546 δὲ
622 2497 696 2564 μὴ
741 2493 950 2547 δοκοῖεν
979 2495 1327 2547 παντάπασιν
1374 2495 1540 2548 αὐτοῦ
1575 2497 1930 2564 ἀφίστασθαι,

362 2586 697 2639 ἐδεδοίκεσαν
756 2587 865 2656 γὰρ
921 2585 997 2657 μὴ
1054 2586 1145 2640 τὸν
1201 2587 1448 2640 κίνδυνον
1506 2588 1929 2659 διαδιδράσκων,

368 2676 580 2747 πικρῶς
606 2676 810 2746 κολάζῃ
835 2678 933 2746 τῆς
966 2677 1254 2747 προδοσίας
1284 2693 1296 2706 ·
1332 2671 1403 2747 ἦν
1426 2676 1535 2748 γὰρ
1564 2666 1935 2747 ἀπαραίτητος

358 2768 501 2832 πρὸς
524 2767 714 2837 ὀργὰς,
739 2768 833 2819 καί
861 2766 1028 2835 ὠμῶς
1053 2768 1146 2820 καὶ
1179 2767 1566 2837 ἀπανθρώπως
1595 2770 1935 2822 ἀποκτείνων

359 2859 490 2921 τοὺς
530 2858 992 2928 προσκρούοντας,
1025 2862 1119 2911 καὶ
1152 2860 1248 2912 ἐπὶ
1283 2863 1506 2930 μικροῖς
1552 2862 1645 2915 καὶ
1691 2862 1933 2931 μείζοσιν

359 2950 677 3021 ἔγκλήμασι
727 2951 958 3004 θάνατον
993 2954 1090 3019 τὴν
1142 2953 1348 3022 ζημίαν
1395 2954 1930 3024 καταψηφιζόμενος·

357 3044 454 3094 τὸν
502 3042 816 3113 ἀδελφιδοῦν
855 3043 1074 3098 Ῥάῖκον
1100 3044 1271 3113 ὄνομα
1320 3045 1681 3111 εἰσεδέξαντο,
1736 3047 1935 3117 πεντή-

361 3149 531 3187 κοντα
579 3135 740 3191 μόνον
791 3133 1135 3203 στρατιώτας
1162 3134 1377 3204 ἔχοντα,
1405 3134 1471 3188 ἵν’
1503 3137 1552 3188 εἰ
1602 3135 1700 3204 μὲν
1727 3134 1927 3206 νικῴη,

362 3224 696 3296 παραίτησις
725 3226 861 3295 πρὸς
889 3226 1061 3296 ὀργὴν
1083 3227 1169 3297 εῐη
1191 3228 1220 3279 ὁ
1244 3225 1560 3294 ἀδελφιδοῦς
1586 3227 1930 3297 εἰσδεδεγμέ-

361 3335 475 3385 νος,
540 3320 590 3371 εἰ
650 3319 710 3372 δὲ
781 3317 1093 3390 ἡττώμενος
1142 3320 1525 3390 διαφθείροιτο,
1592 3321 1759 3391 μηδὲν
1818 3319 1928 3374 εἷεν

364 3408 596 3479 κώλυμα
648 3412 843 3463 ἐκεῖνοι
867 3410 1041 3479 ὀλίγοι
1069 3410 1222 3474 δντες
1250 3412 1388 3482 πρὸς
1415 3411 1476 3463 τὸ
1504 3413 1768 3482 πράττειν
1792 3411 1929 3466 ἅττα

363 3500 431 3553 ἂν
457 3500 589 3570 δοκῇ
617 3503 938 3571 συμφέρειν.
968 3503 1302 3571 Μομιτζίλος
1331 3503 1388 3556 δὲ
1417 3505 1556 3572 προς
1587 3504 1647 3556 τὸ
1680 3503 1938 3573 τείχισμα

360 3591 426 3642 τὸ
449 3590 551 3660 πρὸ
566 3592 668 3659 τῆς
696 3591 900 3654 πόλεως
922 3580 1231 3663 παρέταττε
1252 3594 1349 3663 τὴν
1370 3595 1654 3663 στρατιάν,
1691 3596 1939 3664 οἰόμενος

361 3682 714 3751 άντισχήσειν
751 3683 848 3736 καὶ
872 3682 933 3735 τὸ
962 3682 1223 3753 τείχισμα
1251 3683 1390 3751 έχων
1420 3685 1524 3734 οὐκ
1553 3684 1713 3750 ὀλίγα
1744 3702 1937 3736 συναιο

362 3769 612 3838 ρόμενον.
668 3771 873 3841 Πέρσαι
924 3770 1024 3838 μὲν
1054 3771 1148 3824 οὖν
1200 3774 1319 3824 ἐπεὶ
1346 3772 1681 3842 προσέϐαλον
1707 3775 1756 3826 οἰ
1789 3772 1937 3841 πρώ-

369 3877 471 3922 εως
500 3861 831 3929 φθάσαντες,
876 3861 1116 3925 ὤσαντες
1155 3863 1216 3915 τὸ
1246 3863 1581 3931 Μομιτζίλου
1618 3865 1937 3932 στράτευμα

363 3953 495 4020 περί
534 3954 922 4016 πεντακοσίους
971 3953 1175 4023 χιλίους
1228 3953 1417 4020 ὄντας,
1462 3954 1525 4006 τό
1568 3971 1630 4007 τε
1679 3957 1938 4025 τείχισμα

363 4042 663 4113 καθῄρουν,
729 4046 824 4099 καὶ
863 4045 1274 4099 διεσκεδάννυτο
1331 4048 1424 4099 ἐπὶ
1485 4046 1777 4117 λεηλασίαν
1838 4048 1937 4117 τῆς

270 4132 273 4135 λ
366 4137 629 4207 στρατιᾶς
670 4136 730 4189 τὸ
762 4136 970 4203 πλεῖον,
1005 4139 1099 4190 καὶ
1154 4140 1332 4190 πάντα
1373 4139 1717 4207 κατέδραμον
1764 4140 1937 4209 αὐθη-

369 4228 556 4298 μερὸν,
619 4229 715 4282 καὶ
769 4228 1053 4297 ὲληῖσαντο
1101 4229 1228 4299 ἄχρι
1286 4230 1616 4296 Μυγδονίας.
1674 4230 1934 4293 Βασιλεὺς

365 4320 447 4384 δὲ,
480 4310 712 4374 κατόπιν
760 4321 897 4390 μετὰ
938 4321 1141 4392 Ἀμοὺρ
1177 4324 1273 4375 καὶ
1312 4326 1409 4391 τῆς
1453 4321 1621 4393 ἄλλης
1673 4324 1937 4394 στρατιᾶς

364 4415 678 4482 ἐρχόμενος,
717 4414 963 4483 συνεώρα
1014 4415 1075 4466 τὸ
1124 4414 1260 4480 μετὰ
1304 4413 1637 4482 Μομιτζίλοο
1678 4416 1937 4484 στράτευ-

365 4519 445 4571 μα
487 4502 586 4572 οὐχ
617 4504 936 4573 ὴττημέιον,
996 4503 1132 4556 άλλά
1173 4505 1339 4573 μόνης
1372 4502 1490 4558 (ἰδοῦ
1531 4504 1935 4574 παραχωρῆσαν

2049 2062 2106 2110 et
2154 2054 2221 2109 ad
2268 2052 2517 2124 praelium
2550 2067 2672 2105 cum
2721 2053 2789 2105 iis
2834 2051 3228 2106 conserendum
3270 2051 3611 2107 invitantes:

2051 2154 2243 2214 utpote
2285 2144 2563 2200 civitatem
2592 2142 2805 2197 virtutis
2859 2141 3136 2211 prmmiutn
3170 2141 3436 2197 habituris
3460 2180 3475 2206 ,
3522 2142 3615 2211 qui

2039 2237 2322 2292 vicissent.
2376 2234 2624 2298 Tamen,
2679 2249 2750 2288 ne
2793 2248 3023 2303 prorsus
3074 2232 3253 2303 ipsum
3300 2234 3617 2289 viderentur

2039 2328 2294 2384 deserere
2321 2327 2666 2392 (metuebant
2690 2325 2909 2395 quippe,
2938 2339 3011 2378 ne
3038 2323 3080 2376 si
3107 2324 3292 2378 salvus
3319 2323 3608 2385 evasisset,

2048 2415 2299 2471 crudeles
2345 2413 2665 2483 proditionis
2719 2427 2910 2482 poenas
2964 2420 3244 2479 sumeret,
3296 2414 3438 2482 quod
3490 2421 3611 2467 erat

2046 2505 2335 2560 iracundia
2367 2501 2737 2572 implacabili,
2793 2516 3022 2568 seseque
3058 2502 3314 2557 laedentes
3357 2517 3480 2555 cum
3510 2517 3613 2555 sa:-

2039 2596 2167 2651 vitia
2238 2605 2294 2649 et
2347 2593 2686 2648 immanitate
2759 2592 3155 2652 interﬁciebat.
3187 2601 3242 2646 et
3294 2592 3347 2646 in
3395 2588 3606 2646 minora

2043 2686 2271 2757 perinde
2318 2694 2377 2739 ιιι
2432 2686 2487 2738 in
2530 2685 2736 2751 majora
2769 2683 2964 2738 delicta
3008 2684 3238 2751 capitale
3283 2683 3609 2752 supplicium

2043 2775 2363 2845 statuebat),
2416 2790 2479 2829 ex
2520 2775 2688 2828 fratre
2737 2783 3014 2844 nepotem,
3051 2774 3276 2827 liaicum
3329 2774 3611 2837 vocabulo,

2041 2866 2445 2939 quinquagenis
2500 2868 2764 2920 duntaxat
2810 2865 3072 2920 militibus
3117 2864 3375 2934 stipatum
3442 2866 3613 2920 intro-

2041 2963 2307 3025 mittunt,
2338 2966 2398 3013 ut
2461 2958 2503 3011 si
2563 2957 2845 3020 vinceret,
2896 2958 3108 3024 nepotis
3142 2957 3419 3026 susceptio
3461 2956 3616 3011 iteret

2041 3052 2225 3108 veniae
2277 3051 2348 3104 ab
2401 3049 2540 3102 irato
2606 3046 2960 3113 impetratio:
3001 3045 3084 3098 sin
3145 3047 3320 3099 victus
3374 3044 3611 3107 caderet,

2036 3142 2195 3212 pauci
2248 3140 2324 3193 illi
2357 3137 2507 3192 nullo
2564 3137 2665 3189 sibi
2728 3143 2913 3189 essent
2950 3135 3273 3197 obstaculo,
3324 3134 3614 3204 quominus

2039 3229 2258 3285 utilitati
2291 3244 2405 3283 suae
2434 3221 2735 3282 servirent.
2786 3224 2975 3294 Itaque
3030 3221 3361 3279 Momitzilus
3386 3223 3452 3276 ad
3486 3238 3612 3291 pro-

2042 3321 2408 3391 pugnaculum
2486 3329 2615 3373 ante
2689 3316 2879 3370 urbem
2942 3313 3364 3382 expugnandutn
3436 3312 3651 3367 aciem~

2041 3412 2272 3482 dirigit,
2351 3425 2622 3480 sperans,
2674 3409 2720 3462 si
2754 3405 2882 3461 illud
2941 3415 3279 3474 occupasset,
3329 3405 3453 3473 quia
3497 3402 3609 3459 non

2038 3517 2229 3573 parum
2265 3502 2583 3572 adjuvaret,
2621 3515 2681 3554 se
2711 3514 2871 3569 posse
2924 3497 3198 3551 resistere.
3252 3495 3451 3559 Persae,
3484 3512 3607 3551 cum

2039 3592 2202 3665 primi
2258 3593 2676 3662 impressionem
2726 3590 3004 3653 fecissent,
3053 3589 3274 3658 repulso
3326 3586 3608 3642 Μοωίικίιί

2039 3685 2260 3740 circiter
2289 3692 2527 3753 quatuor
2561 3682 2790 3737 millium
2840 3681 3105 3741 exercitu,
3143 3679 3609 3749 prOpugnacuiutn

2038 3776 2356 3840 duruerunt,
2391 3784 2446 3829 et
2477 3775 2663 3843 plures
2706 3772 2772 3828 ad
2806 3772 3157 3842 praedandum
3193 3769 3456 3838 dispersi,
3491 3771 3611 3839 ipso

2039 3867 2127 3921 die
2156 3867 2339 3920 omnia
2406 3881 2580 3934 usque
2633 3864 2972 3935 Mygdoniam
3033 3864 3403 3915 incursarunt.
3438 3862 3610 3932 Impe-

2039 3968 2209 4020 rator,
2257 3973 2380 4011 cum
2427 3957 2653 4011 Anturio
2705 3965 2762 4009 et
2809 3955 3021 4022 reliquo
3069 3955 3285 4023 agmine
3347 3968 3606 4022 sequens,

2040 4063 2146 4102 non
2197 4063 2320 4102 esse
2350 4047 2524 4101 vit-tas
2550 4086 2564 4110 ,
2618 4046 2714 4101 sed
2750 4046 2834 4100 via
2867 4046 3041 4101 soluta
3087 4044 3248 4099 barba
3264 4043 3340 4098 ris
3381 4046 3608 4099 cessisse

2036 4137 2314 4192 Momitzili
2350 4139 2535 4207 copias
2565 4176 2580 4202 ,
2630 4139 2879 4206 benctu
2910 4135 3193 4190 ordinatas
3219 4143 3277 4189 et
3317 4134 3606 4203 dispositas

2038 4231 2533 4286 animadvertebat.
2576 4228 2843 4294 Quocirca
2875 4223 3054 4299 adhibe
3083 4225 3367 4280 conﬂictus
3399 4235 3606 4280 restare

2041 4323 2350 4377 videbatur.
2403 4321 2540 4376 liinc
2574 4319 2850 4373 Romanos
2896 4328 2951 4372 et
3003 4319 3275 4373 barbaros
3325 4317 3603 4387 tripartito

2038 4414 2261 4469 dividit.
2296 4412 2456 4483 651
2495 4412 2954 4466 Dextrum‘cornu
2991 4408 3222 4481 Amurio
3253 4422 3379 4460 cum
3427 4406 3604 4459 Persis

2037 4505 2366 4569 committit;
2417 4504 2512 4573 qui
2580 4505 2726 4571 quod
2773 4499 3035 4570 sagittarii
3082 4506 3287 4562 essent,
3322 4498 3371 4550 in
3419 4497 3604 4551 hostes

360 4598 473 4658 τοὶς
510 4595 827 4666 βαρϐάροιςο
864 4594 1159 4666 ὲώραγάρ
1195 4597 1492 4659 εὐτάκτως,
1542 4600 1632 4650 καὶ
1669 4601 1806 4668 μετά
1840 4599 1933 4650 κό-

2041 4596 2172 4652 Ievis
2213 4604 2509 4649 armaturae
2562 4593 2836 4646 irruentes
2861 4629 2876 4654 ,
2937 4589 3059 4644 telis
3088 4604 3184 4643 eos
3229 4589 3600 4651 conﬁcerent;

366 4705 505 4758 ομου
560 4689 913 4759 τεταγμένον.
965 4689 1164 4758 Διόπερ
1210 4690 1303 4740 καὶ
1360 4687 1535 4741 ἐδόκει
1587 4691 1616 4741 δ
1654 4687 1804 4755 ἀγὼν
1852 4688 1933 4741 ἐτι

364 4780 774 4834 ὑπολείπεσθαι.
841 4780 949 4833 Καὶ
1008 4780 1297 4833 συνέταττε
1361 4780 1460 4850 τὴν
1517 4784 1781 4847 στρατιὰν
1840 4782 1935 4835 καὶ

362 4876 464 4942 τὴν
518 4873 806 4940 Ῥωμαίων
832 4872 943 4929 ,καὶ
991 4870 1283 4940 βαρϐάρων
1327 4874 1421 4926 ἐπὶ
1455 4873 1699 4943 τάγμασι
1745 4872 1931 4945 τρισί·

363 4966 459 5017 καὶ
513 4958 579 5015 τίί
630 4963 728 5032 μὲν
771 4961 942 5025 δεξιὸν
1007 4962 1171 5029 κέρας
1225 4962 1432 5032 Ἀμοὺρ
1483 4958 1596 5035 εἶχε
1635 4964 1774 5033 μετὰ
1823 4964 1933 5017 τῶν

368 5055 591 5123 Περσῶν
620 5094 637 5118 ,
673 5053 760 5106 ἵνα
792 5052 1037 5122 βάλλοιεν
1071 5054 1196 5115 τοὺς
1251 5052 1544 5120 πολεμίους
1574 5055 1789 5119 τοξόται
1837 5054 1928 5107 δν-

362 5163 479 5209 τες,
511 5147 608 5200 καὶ
640 5144 1079 5213 προσπίπτοντες
1115 5147 1209 5195 ἐπὶ
1253 5145 1321 5196 τὰ
1372 5146 1582 5212 γυμνά.
1616 5145 1691 5199 Τὸ
1719 5147 1775 5199 δὲ
1810 5147 1933 5213 ἀρι-

254 5260 269 5269 -
369 5236 565 5306 στερὸν
610 5237 845 5303 Ἀσάνης
888 5230 1036 5302 εἶχεν
1085 5234 1365 5302 Ἰωάννης,
1422 5237 1449 5287 ὁ
1502 5235 1600 5304 τῆς
1655 5235 1930 5303 βασιλίδος

370 5330 608 5400 Εἰρήνης
666 5328 917 5396 ἀδελφὸς,
976 5326 1116 5394 μετὰ
1155 5326 1448 5394 Ῥωμαίων
1498 5329 1927 5396 καταφράκτων,

369 5422 577 5482 κοντοῖς
626 5419 897 5472 εἰωθότων
954 5416 1275 5487 μάχεσθαι’
1332 5415 1393 5468 τὸ
1441 5416 1608 5481 μέσον
1661 5418 1719 5470 δὲ
1771 5419 1932 5480 αὐτὸς

368 5515 588 5580 ἐπεῖχεν
632 5515 660 5564 ὀ
691 5510 947 5580 βασιλεὺς
984 5552 998 5575 ,
1039 5510 1147 5562 τῶν
1181 5524 1240 5560 τε
1280 5508 1570 5577 Ῥωμαίων
1614 5511 1740 5572 τοὺς
1774 5509 1933 5577 λογά-

367 5602 467 5664 δας
498 5601 640 5671 ἒχων
693 5604 787 5654 καί
838 5600 1088 5668 Περσῶν.
1139 5598 1476 5670 Μομιτζίλος
1506 5601 1563 5653 δὲ
1620 5601 1715 5654 καὶ
1772 5603 1935 5665 αὐτὸς

363 5692 571 5760 ὁμοίως
601 5692 1060 5761 ἀντιτεταγμένος
1085 5689 1174 5761 ᾔει
1225 5690 1363 5761 πρὸς
1391 5691 1496 5760 τὴν
1524 5691 1728 5761 μάχην.
1776 5692 1931 5745 Ἑπεί

366 5782 429 5834 δὲ
476 5777 620 5854 ἦσαν
648 5783 704 5843 ές
737 5782 834 5844 τάς
876 5784 1094 5861 χεῖρας,
1144 5781 1290 5851 μάχη
1334 5781 1433 5868 μέν
1475 5782 1751 5851 ἀνήπτετο
1788 5784 1934 5855 σφό-

368 5875 494 5945 δρα,
533 5873 628 5926 καὶ
647 5873 907 5943 ἀντέσχον
930 5873 997 5925 τὰ
1023 5870 1358 5942 στρατόπεδα
1390 5872 1624 5927 ἐπιπολὺ
1659 5874 1931 5945 ἀλλήλοις.

2037 4689 2319 4742 sinistrum
2350 4684 2541 4741 Joanni
2571 4686 2754 4746 Asani,
2788 4682 2970 4736 tuturis
2993 4681 3171 4741 fratri,
3194 4695 3326 4751 cum
3345 4678 3604 4733 Romanis

2037 4780 2217 4851 gravis
2273 4764 2565 4833 armatura:
2593 4766 2737 4845 ,ιιυὶ
2796 4776 2974 4831 contis
3022 4789 3264 4843 pugnare
3309 4788 3604 4827 consueve-

2036 4880 2189 4938 rant;
2227 4871 2281 4924 in
2308 4871 2487 4924 medio
2520 4871 2634 4938 ipse
2665 4868 2894 4923 selectos
2951 4863 3227 4918 Romanos
3273 4874 3436 4933 atque
3469 4861 3603 4917 Per-

2036 4976 2125 5015 sas
2185 4961 2392 5014 ducens
2440 4961 2693 5013 curabat.
2747 4955 3078 5010 Mumitzilus
3120 4955 3370 5008 similiter
3410 4964 3601 5007 contra

2037 5052 2244 5105 directa
2275 5050 2392 5105 acie
2424 5050 2901 5121 progrediebatur.
2935 5044 3039 5100 Ubi
3083 5045 3225 5098 inter
3271 5059 3328 5098 se
3381 5045 3603 5113 propin-

2035 5153 2298 5211 quaruttt,
2335 5144 2593 5208 utrinque
2624 5153 2957 5194 concursum
2987 5148 3070 5192 est
3109 5135 3481 5195 infestissime.
3521 5135 3598 5187 Ad

2034 5245 2341 5288 extremum
2376 5234 2705 5287 Momitzitus
2727 5243 3038 5303 superatus,
3066 5234 3376 5303 complures
3399 5231 3598 5286 amisit.

2033 5323 2281 5393 Cumque
2314 5324 2380 5377 ad
2419 5340 2607 5379 muros
2657 5326 2809 5379 urbts
2858 5325 3052 5394 reliqui
3084 5325 3437 5393 pellerentur,
3473 5323 3545 5390 φλ
3570 5339 3603 5376 a

2035 5418 2105 5468 ob
2140 5414 2489 5485 exiguitatem
2520 5416 2681 5485 spatii
2709 5417 2851 5471 inter
2896 5417 3080 5471 hostes
3109 5426 3164 5470 et
3204 5414 3398 5470 inmitia
3432 5414 3602 5467 inter-

2032 5505 2184 5575 jcCti,
2224 5506 2524 5575 equitatum
2571 5516 2891 5562 convertere
2929 5523 3040 5562 non
3088 5516 3376 5577 poterant,
3411 5515 3466 5559 et
3495 5506 3599 5559 Pe-

2037 5597 2431 5650 ritlteorienses
2464 5597 2584 5651 illos
2631 5598 2909 5667 accepturi
2960 5613 3069 5651 non
3115 5597 3639 5667 exspectabantur,-

2037 5687 2247 5754 pritntts
2281 5685 2641 5751 Momitzilus,
2670 5687 2869 5743 deinde
2899 5688 3093 5757 reliqui
3121 5704 3312 5744 omnes
3345 5687 3413 5740 ab
3441 5688 3601 5754 equis

2036 5777 2413 5842 descendunt,
2470 5778 2722 5832 hostibus
2768 5794 2827 5834 se
2870 5781 3182 5850 objectant.
3230 5779 3597 5846 dimicantth

2037 5864 2308 5929 alacriter,
2339 5873 2394 5921 et
2425 5864 2692 5921 resistunt
2724 5867 3053 5923 validissime
3104 5886 3117 5923 :
3168 5867 3363 5937 partim
3390 5882 3456 5922 ex
3485 5865 3598 5919 vir-
