4048 6470
522 421 660 486 12ξεὶ

1704 410 2033 478 JOANNIS
2074 408 2166 468 CA
2177 407 2612 469 NTACUZENI

3646 375 3760 469 tas;

520 529 845 615 acojustitiae
882 530 1190 587 custodiam
1239 528 1529 601 Byzantios
1581 529 1649 584 ad
1695 528 1795 583 sibi
1827 527 2109 593 obtempe-

2223 508 2629 594 πεποιημένον,
2650 524 2747 578 καὶ
2770 521 2871 593 τὴν
2898 537 2957 573 τι
2996 517 3289 588 Ῥωμαίων
3310 517 3575 589 στρατιὰν
3598 518 3760 587 ὀλίγον

518 607 752 680 randum
793 622 1014 678 allicere
1063 620 1431 677 deliberavit:
1472 618 1804 698 deinde_spe
1840 633 1975 672 vana
2005 629 2102 669 eos

2223 617 2316 668 ἰεῖν
2349 616 2574 669 ἃπασαν
2603 614 2797 685 ἔχοντα
2849 611 3034 675 αὐτὸν,
3069 610 3164 664 καὶ
3202 609 3478 679 τοσαύτην
3524 607 3627 663 ὑπὸ
3668 610 3765 664 τῶν

516 715 744 787 delusit,
777 715 928 769 velut
975 721 1074 785 per
1119 713 1394 768 somnium
1426 726 1493 766 ex
1530 708 1868 782 pauperibus
1893 705 2103 762 ditissi-

518 823 641 865 mos
669 808 989 864 eﬁ‘ecturum
1020 804 1309 877 pollicens,
1347 802 1443 857 ubi
1475 800 1785 858 onerariam
1821 814 1853 854 a
1888 812 2100 853 merca-

521 903 732 959 toribus
783 898 1080 970 pensiones
1131 904 1452 952 exacturam
1510 894 1804 948 ﬁrmasset.
1857 891 1955 947 Ast
2008 889 2102 943 tibi

521 993 705 1045 omnia
756 988 978 1044 fraudes
1021 998 1075 1043 et
1120 986 1358 1042 ludibria
1391 993 1608 1055 reperta
1647 992 1820 1048 sunt,
1865 990 1922 1037 et
1953 978 2103 1048 vulgi

520 1081 633 1151 jam
668 1080 854 1136 fabula
898 1079 1038 1143 fuit,
1091 1076 1397 1133 formidans
1446 1091 1518 1130 ne
1549 1074 1676 1145 quid
1713 1073 2005 1128 adversum
2046 1085 2107 1126 se

523 1185 711 1227 rerum
762 1184 1027 1223 novarum
1063 1168 1323 1231 oriretur,
1358 1165 1660 1236 potentiam
1696 1179 1851 1219 suam
1883 1174 2104 1218 omnem

524 1265 581 1318 in
612 1276 764 1317 mare
799 1259 1120 1327 transferre,
1142 1268 1201 1315 et
1228 1257 1475 1329 politiam
1511 1255 1566 1310 in
1598 1252 1939 1328 tyrannidem
1981 1268 2107 1308 mu-

525 1365 643 1408 tare
688 1352 1000 1409 constituit.
1070 1352 1148 1405 Ac
1193 1350 1429 1420 primum
1476 1349 1716 1420 {quidem
1770 1347 2001 1403 classem
2052 1353 2109 1400 et

523 1445 910 1514 cataphractos
963 1455 1290 1513 comparare
1316 1480 1336 1509 ,
1363 1455 1669 1511 eorumque
1702 1452 1928 1510 operam
1961 1446 2019 1493 et
2050 1436 2106 1491 in

512 1537 849 1599 ,triremibus
875 1576 891 1600 ,
921 1542 980 1589 et
1007 1534 1077 1589 ad
1108 1549 1313 1603 corpus
1338 1547 1498 1588 suum
1528 1542 1722 1587 contra
1756 1529 2109 1586 insidiatores

525 1626 810 1689 tutandum
838 1626 1139 1681 adbibere:
1173 1624 1549 1680 continentem
1590 1623 1807 1690 penitus
1852 1623 2108 1694 penitus-

527 1733 633 1785 que
690 1718 999 1788 negligi-re,
1035 1731 1267 1786 seseque
1296 1717 1351 1771 in
1386 1715 1525 1771 mari
1569 1722 1627 1771 et
1668 1715 1867 1771 insulis
1896 1725 2104 1778 tenere,

528 1821 586 1866 ct
615 1810 683 1865 ad
720 1810 1012 1881 Byzantios
1043 1825 1141 1880 per
1173 1824 1325 1864 mare
1369 1809 1614 1874 alendos,
1655 1806 1909 1863 nauticas
1939 1822 2109 1878 nego-

532 1901 788 1956 tiationes
816 1900 1103 1956 inducere.
1141 1899 1343 1956 Atlwa
1391 1909 1447 1955 et
1496 1900 1590 1970 qui
1619 1898 1889 1954 nummati
1923 1909 2110 1953 essent

535 1993 806 2065 Byzantii,
837 1997 892 2047 e‘t
922 2001 1192 2061 quotquot
1239 1999 1510 2046 restarent
1560 2003 1818 2060 proceres
1842 2027 1859 2055 ,
1886 1988 1945 2043 in
1987 2003 2110 2043 car-

2208 708 2503 781 βαρσάρων
2531 707 2876 779 συμμαχίαν,
2906 706 3000 760 καὶ
3030 704 3106 768 ὡς
3133 703 3399 758 ἀδύνατον
3459 703 3608 773 αύτῷ
3633 705 3766 757 ἀντι-

2207 800 2573 858 καθίστασθαι
2624 802 2689 855 ἐκ
2725 800 2827 869 τῆς
2867 798 3124 871 ἠπείρου,
3154 795 3348 869 πρῶτα
3390 794 3494 866 μὲν
3518 794 3771 865 ἐσκέψατο

2209 895 2301 949 διὰ
2328 894 2429 965 τῆς
2455 882 2594 963 πρὸς
2625 893 2722 955 τὰς
2749 890 2906 954 δίκας
2937 888 3228 950 ἀκριϐείας
3265 886 3358 941 καὶ
3407 885 3768 957 δικαιοσύνης,

2209 984 2423 1039 πείθειν
2460 982 2794 1048 Βυζαντίους
2824 978 2976 1049 αὑτῷ
3029 976 3325 1047 προσέχειν
3344 993 3358 1006 ·
3389 975 3582 1029 ἔπειτα
3607 977 3771 1038 κεναῖς

2215 1077 2433 1130 ἐλπίσιν
2463 1074 2732 1145 ἐξηπάτα,
2762 1070 2956 1141 ὥσπερ
2988 1070 3047 1125 ἐν
3078 1069 3316 1139 ὀνείροις
3343 1067 3773 1131 πλουσιωτάτους

2209 1172 2271 1236 ἐξ
2292 1171 2517 1241 ἀπόρων
2545 1165 3026 1237 ἐπαγγελλόμενος
3055 1163 3333 1235 ποιήσειν,
3359 1162 3429 1216 διν
3458 1162 3557 1230 τὴν
3590 1160 3775 1214 ὁλκάδα

2211 1266 2389 1335 στήσῃ
2446 1262 2546 1334 τὴν
2594 1257 3152 1331 ἀργυρολογήσουσαν
3190 1255 3320 1318 τοὺς
3354 1253 3652 1325 ἐμπόρους.
3697 1252 3775 1313 '0;

2210 1356 2268 1411 δέ
2328 1357 2511 1411 πάντα
2545 1353 2917 1423 ἐξηλέγχοντο
2944 1349 3129 1419 ἀπάτη
3162 1346 3258 1402 καὶ
3285 1345 3648 1418 φενακισμοὶ,
3693 1345 3776 1398 καὶ

2210 1451 2415 1512 πάντες
2446 1449 2549 1520 ἤδη
2586 1447 2725 1516 πρὸς
2757 1444 2924 1501 αὑτὸν
2978 1440 3346 1497 ἀπέσκωπτον
3373 1437 3573 1519 ἀδεῶς,
3612 1437 3776 1500 δείσας

2213 1546 2291 1614 μή
2316 1561 2371 1595 τι
2399 1541 2739 1610 νεωτερισθῇ
2772 1537 2906 1610 περὶ
2944 1536 3131 1599 αὐτὸν,
3176 1531 3460 1602 ἐσκέψατο
3494 1532 3670 1584 πᾶσαν
3691 1529 3777 1598 τὴν

2210 1635 2437 1704 δύναμιν
2459 1636 2539 1696 είς
2568 1631 2668 1702 τὴν
2695 1630 2973 1684 θάλασσαν
3004 1628 3285 1698 μετάγειν,
3319 1624 3421 1679 καὶ
3444 1623 3583 1695 πρὸς
3598 1638 3774 1693 τυραν-

2211 1727 2332 1782 νίδα
2347 1726 2449 1794 τὴν
2474 1721 2753 1777 πολιτείαν
2784 1718 3054 1791 μεθιστᾷν
3076 1733 3091 1748 ⁸
3143 1718 3241 1771 καὶ
3268 1715 3466 1786 πρῶτα
3497 1713 3595 1785 μὲν
3617 1728 3777 1766 ναυτι-

2214 1819 2311 1873 κὸν
2361 1813 2746 1884 συστήσασθαι
2779 1810 2878 1866 καὶ
2906 1810 3156 1873 ὁπλίτας.
3193 1809 3289 1862 καὶ
3318 1808 3536 1868 τούτοις
3575 1805 3700 1875 πρός
3724 1819 3775 1856 τε

2212 1912 2313 1975 τὰς
2373 1911 2632 1981 τριήρεις
2671 1908 2940 1979 χρῆσθαι,
2998 1906 3095 1958 καὶ
3120 1903 3261 1973 πρὸς
3293 1902 3544 1972 φρουρὰν
3569 1898 3774 1959 οἰκείαν,

2216 2006 2305 2059 ἵνα
2332 2004 2410 2074 μὴ
2455 1998 2885 2069 ἐπιδουλεύηται
2912 2014 2925 2027 ·
2972 1997 3068 2049 καὶ
3096 1994 3319 2066 ἀμελεῖν
3351 1994 3452 2064 μὲν
3488 1991 3774 2045 παντάπασι

528 2100 712 2141 ceretn
745 2082 1099 2146 contrudere,
1128 2091 1186 2137 ut
1216 2090 1273 2136 et
1306 2081 1504 2136 timore
1540 2087 1762 2134 vacaret
1810 2076 2115 2150 (metuebat

2223 2099 2314 2165 τῆς
2347 2093 2606 2165 ἠπείρου,
2642 2092 2825 2161 νήσων
2874 2088 2931 2142 δὲ
2968 2087 3193 2158 ἔχεσθαι
3235 2087 3335 2139 καὶ
3376 2084 3675 2152 θαλάσσης,
3700 2082 3778 2133 καὶ

527 2193 801 2248 namque,
841 2193 909 2231 ne
954 2191 1079 2230 cum
1127 2174 1516 2227 Cantacuzcno
1550 2187 1739 2242 pacem
1778 2169 2027 2239 inirent),
2057 2176 2115 2223 et

2223 2185 2551 2253 Βυζαντίους
2576 2186 2641 2238 ἐκ
2667 2182 2942 2252 θαλάττης
2968 2178 3268 2250 τρέφεσθαι
3326 2178 3531 2231 καθιστ
3548 2177 3602 2246 iv
3633 2178 3777 2242 ἐμπο-

529 2270 665 2342 ipsis
703 2268 955 2337 Spoliatis
980 2308 993 2327 ,
1029 2265 1256 2336 pecunia
1314 2264 1382 2318 ad
1430 2261 1698 2333 slipt‘ndia
1737 2261 1790 2315 iu
1821 2260 2114 2329 cataphra-

2223 2276 2559 2348 ρευομένους
2590 2264 2712 2338 ταῖς
2743 2273 2926 2327 ναυσί.
2985 2272 3130 2341 Πρὸς
3173 2271 3389 2332 τούτοις
3442 2267 3500 2320 δέ
3556 2268 3647 2319 καὶ
3674 2266 3776 2323 τοὺς

526 2369 646 2414 ctos
700 2368 753 2412 et
805 2357 1062 2411 triremes
1110 2361 1444 2424 suppeteret.
1518 2350 1685 2423 654
1754 2350 1898 2416 Quin
1947 2347 2113 2404 etiam

2223 2372 2479 2443 χρήματα
2531 2369 2760 2438 ἔλοντας
2791 2368 2875 2418 ἐν.
2903 2362 3186 2434 Βυζαντίῳ
3222 2363 3320 2415 καὶ
3366 2361 3478 2415 τῶν
3512 2359 3775 2427 συγκλητι-

527 2450 764 2503 aliorum
798 2447 1087 2509 omnium,
1125 2453 1395 2514 quotquot
1439 2441 1578 2496 alias
1630 2443 1913 2494 tttetttione
1966 2435 2118 2508 pacis

2223 2465 2337 2517 κῶν
2377 2464 2493 2514 ὅσοι
2544 2460 2626 2513 ἔτι
2683 2456 3065 2521 ὑπελείποντο,
3121 2457 3180 2508 ἐν
3209 2453 3612 2526 δεσμωτηρίοις
3637 2466 3780 2503 κατα·

527 2541 672 2596 iacta
704 2548 802 2594 aut
844 2541 899 2593 in
947 2536 1207 2591 domibus
1250 2535 1488 2607 propriis
1535 2536 1603 2588 ab
1651 2533 1771 2604 ipso
1803 2531 2002 2587 inclusi
2034 2545 2119 2585 es-

2224 2552 2429 2606 κλείειν
2450 2567 2465 2584 ⁸
2499 2550 2567 2605 ἶν’
2592 2547 2729 2619 ὁμοῦ
2760 2564 2822 2601 τε
2843 2546 3247 2600 ἀπαλλάττοιτο
3276 2546 3375 2600 τοῦ
3403 2546 3559 2607 δέους
3592 2541 3776 2614 (ἐδεδίει

530 2641 657 2689 sent
684 2671 701 2699 ,
755 2640 851 2684 aut
880 2630 1340 2685 monasteriorum
1385 2628 1576 2696 septis,
1610 2626 1899 2681 interdicto
1929 2626 1997 2680 ad
2025 2640 2119 2679 eos

2223 2645 2334 2715 γὰρ
2366 2643 2442 2714 μὴ
2473 2641 2811 2709 ἐθελήσωσιν
2855 2642 3083 2714 εἰρήνην
3117 2638 3364 2693 τίθεσθαι
3405 2638 3553 2708 ,πρὸς
3597 2639 3779 2689 Κανταο

529 2727 683 2780 aditu
711 2765 725 2789 ,
783 2730 1199 2785 coercerentur,
1229 2720 1297 2774 iis
1348 2721 1502 2790 prius
1549 2721 1603 2774 in
1659 2734 1940 2774 carcerem
1972 2717 2119 2773 datis

2225 2737 2492 2807 κουζηνῦν
2517 2737 2605 2790 τὸν
2640 2735 2890 2806 βασιλέα)
2920 2734 3013 2788 καί⁵
3043 2732 3347 2804 χρημάτων
3381 2730 3637 2803 εὐποροίη
3668 2725 3778 2797 πρός

530 2815 821 2870 facultates
871 2811 1125 2879 auferre;
1162 2826 1290 2864 nam
1325 2820 1454 2864 ante
1505 2811 1750 2882 pauxillo
1795 2825 1890 2865 eos
1941 2810 2119 2881 priva-

2225 2849 2285 2884 τε
2318 2830 2378 2883 τὸ
2409 2829 2693 2884 ὁπλιτικὸν
2744 2829 2838 2882 καὶ
2864 2830 2965 2892 τὰς
2998 2828 3268 2898 τριήρεις.
3322 2827 3393 2880 τὰ
3421 2824 3777 2890 ἐκείνωνάφε-

535 2916 708 2962 verat.
763 2903 992 2974 Insuper
1024 2904 1236 2960 caeteris
1261 2902 1519 2959 omnibus
1569 2918 1781 2957 annuas
1828 2902 2120 2973 pensiones

531 2998 919 3070 praescribere,
951 3013 982 3051 ο
1015 2997 1220 3067 quibus
1252 3005 1526 3066 quaestum
1553 2995 1817 3066 colligens
1842 3038 1857 3059 ,
1888 2994 2118 3049 classem

529 3100 897 3148 sustentaret.
922 3090 1213 3145 Carcerem
1245 3099 1430 3144 autem
1470 3089 1521 3142 in
1549 3088 1752 3158 palatio
1767 3087 2117 3142 Constantini

2224 2924 2481 2993 λὸμενος.
2514 2923 2591 2977 Ob
2628 2924 2737 2994 μὴν
2773 2922 2831 2975 δέ
2862 2921 2999 2975 ἀλλά
3052 2923 3149 2974 καὶ
3180 2920 3290 2974 τῶν
3316 2919 3504 2974 ἄλλων
3530 2919 3637 2972 ὅσοι
3665 2930 3777 2984 μνη·

2225 3015 2450 3080 σθέντες
2472 3018 2743 3089 πρότερον
2768 3015 2997 3087 εἰρήνης
3029 3016 3086 3068 ἐν
3110 3016 3231 3075 ταῖς
3260 3013 3466 3077 οίκίαις
3493 3012 3583 3067 ὑπ’
3599 3008 3775 3063 ἐκείνου

2225 3109 2721 3179 κατεκλείσθησαν,
2752 3108 2786 3180 ἢ
2821 3111 2879 3162 ἐν
2908 3106 3349 3179 φροντιστηρίοις
3383 3105 3629 3177 ἀπρόῖτοι
3665 3098 3774 3153 καθ-

539 3182 729 3256 magni
760 3197 1112 3237 communem
1166 3183 1439 3236 aediﬁcare
1490 3180 1783 3250 cogitabat.
1831 3180 1965 3235 Nam
1995 3196 2119 3236 cum

2223 3202 2535 3273 είργνυντο,
2568 3204 2787 3254 πάντων
2808 3202 2907 3262 τὰς
2929 3199 3121 3264 οὐσίας
3145 3199 3448 3268 ἀφελέσθαι
3481 3196 3615 3268 μετά
3639 3195 3691 3246 τὶ
3708 3191 3772 3252 είς

531 3285 681 3333 esset
713 3276 786 3331 ibi
834 3275 1067 3342 domus,
1103 3290 1358 3344 magnum
1391 3273 1793 3330 Justinianeum
1823 3273 2118 3344 appellata,

534 3381 683 3430 tecto
703 3372 992 3427 'vetustate
1022 3381 1353 3442 consumpto
1379 3407 1396 3436 ,
1442 3370 1736 3426 destructis
1767 3370 2121 3427 conclavibus

533 3464 656 3536 ipse
699 3462 1060 3518 domunculas
1109 3462 1374 3531 plurimas
1425 3462 1528 3516 sub
1578 3471 1722 3516 terra
1771 3461 1839 3516 ab
1891 3470 2123 3539 utraque

535 3567 691 3626 parte
738 3554 1073 3609 ittmdiﬁcare
1107 3553 1363 3618 volebat,
1422 3559 1477 3606 et
1524 3553 1577 3605 iu
1615 3552 1698 3607 bis
1745 3566 1870 3606 reos
1900 3551 2124 3607 funibus

533 3648 811 3702 demissos
845 3648 1121 3713 condere,
1159 3656 1216 3700 ut
1243 3645 1499 3700 noctibus
1532 3644 1755 3714 quidem
1797 3645 1851 3698 in
1885 3644 2123 3700 domun-

534 3739 676 3794 culis
715 3747 1027 3801 manerent,
1052 3738 1249 3793 diebus
1278 3737 1345 3792 ad
1379 3737 1712 3793 mediocrem
1742 3737 2122 3792 remissionem

534 3845 664 3885 area
723 3829 779 3884 in
831 3830 1013 3885 medio
1068 3830 1256 3885 relicta
1317 3839 1627 3894 uterentur,
1674 3830 1906 3899 illosque
1957 3845 2125 3900 supra

537 3935 730 3977 muros
764 3920 1020 3992 vigilibus
1048 3922 1382 3990 constitutis,
1417 3931 1594 3979 totum
1624 3921 1771 3977 diem
1810 3936 1874 3977 ac
1901 3935 2124 3977 noetem

536 4012 830 4067 custodiri.
880 4009 1037 4078 Quod
1093 4013 1137 4068 si
1177 4028 1283 4083 qua
1331 4028 1392 4068 re
1439 3996 1746 4081 indigerent
1793 4012 1989 4084 vigiles
2026 4013 2124 4078 illi,

545 4114 606 4160 ut
634 4105 992 4159 interioribus
1020 4106 1344 4159 custodibus
1380 4104 1525 4158 elate
1554 4114 1610 4158 et
1638 4119 1727 4174 apt
1742 4118 1823 4160 rte
1852 4104 2125 4169 dicerent,

2223 3297 2600 3366 δεσμωτήριον
2628 3296 2857 3363 ἀγαγεῖν
2877 3308 2890 3322 ’
2914 3293 3180 3365 πρότερον
3203 3292 3275 3359 γά
3285 3308 3315 3362 ρ
3339 3291 3584 3352 ἐκείνους
3608 3285 3772 3351 ὀλίγων

2224 3390 2386 3441 τινῶν
2416 3389 2792 3458 ἀπεστέρησεν
2822 3387 2888 3440 ἐκ
2918 3386 3019 3455 τῆς
3048 3386 3242 3450 οὐσίας
3264 3401 3278 3416 ο
3315 3378 3448 3439 εἶτα.
3473 3384 3567 3438 καὶ
3585 3382 3681 3441 τοῖς
3699 3375 3775 3430 ἀλ-

2223 3481 2335 3542 λοις
2367 3481 2537 3534 ἆπασι
2556 3480 2755 3549 φόρους
2772 3478 2930 3544 τάξαι
2957 3477 3210 3549 ἐτησίους
3235 3494 3250 3509 °
3286 3478 3349 3543 ἐξ
3377 3477 3454 3533 ὧν
3474 3469 3774 3549 χρηματιζό·

2229 3592 2392 3644 μενος
2421 3573 2703 3644 διαθρὲψει
2741 3573 2802 3627 τὸ
2817 3572 3089 3628 ναυτικόν.
3134 3573 3524 3644 Δεσμωτήριον
3539 3568 3592 3622 δὲ
3609 3567 3658 3619 ἐν
3683 3562 3776 3623 τοῖς

2228 3668 2520 3738 βασιλείοις
2556 3669 2972 3723 Κωνσταντίνου
3023 3667 3119 3721 τοῦ
3151 3666 3390 3739 μεγάλου
3423 3665 3595 3720 κοινὸν
3624 3659 3773 3715 ποιεῖν

2230 3758 2508 3810 διενοεῖτο.
2543 3758 2708 3811 Οἴκου
2737 3758 2848 3827 γὰρ
2890 3758 3045 3821 ὄντος
3095 3759 3212 3811 ἐκεῖ
3238 3758 3477 3829 μεγάλου
3507 3757 3776 3808 ἰουστινιαο

2227 3851 2372 3903 νείου
2410 3850 2977 3920 προσαγορευομένου,
3008 3848 3107 3919 τὴν
3140 3851 3340 3917 στέγην
3367 3848 3474 3902 ὑπὸ
3496 3844 3587 3900 τοῦ
3612 3840 3773 3913 χρόνον

2228 3941 2652 4013 διεφθαρμένου,
2675 3944 2859 3994 πᾶσαν
2893 3940 3100 3995 εἴσοδον
3129 3940 3452 4011 ἁναφράξας
3472 3981 3487 4005 ,
3532 3935 3775 3990 οίκίσκους

2228 4033 2376 4088 ἔνδον
2400 4036 2608 4088 ἐκείνου
2634 4035 2919 4097 πλείστους
2936 4033 3132 4088 διελεῖν
3152 4034 3497 4105 ἐφ’ὲκατέρφ
3513 4031 3678 4100 μέρει,
3697 4024 3773 4075 καὶ

2228 4125 2439 4189 τούτοις
2465 4125 2820 4180 κατακλεῖσαι
2841 4126 2964 4188 τοὺς
2990 4124 3275 4193 δεσμώτας
3294 4124 3500 4178 ἄνωθεν
3523 4114 3771 4173 καλωδίοις

536 4198 796 4253 omnibus
844 4197 1249 4260 audientibus,
1308 4213 1419 4266 quo
1486 4196 1805 4252 insidiarum
1860 4199 2119 4253 vitaretut

2231 4216 2458 4281 καθιεὶς,
2482 4216 2622 4269 ὥστε
2644 4215 2836 4279 νυκτὸς
2855 4216 2954 4287 μὲν
2977 4219 3090 4279 τοῖς
3104 4216 3373 4275 οίκίσκοις
3402 4212 3645 4286 χρῆσθαι,
3665 4203 3776 4275 ML“

537 4287 808 4357 suspicio,
850 4288 895 4343 si
939 4287 1077 4342 clam
1128 4302 1251 4343 cum
1280 4288 1614 4357 quibusdam
1664 4289 1878 4344 illorum
1916 4291 2126 4346 fabula~

540 4390 755 4435 retttur.
795 4380 1072 4445 Posthaec,
1112 4389 1171 4433 ut
1202 4381 1519 4435 referebant
1551 4383 1640 4451 qui
1666 4393 1903 4446 norant,
1948 4393 2005 4440 et
2031 4384 2127 4439 int-

522 4472 872 4542 .peratricem
914 4470 1132 4542 aggredi
1176 4472 1457 4541 cOgitavit,
1505 4484 1562 4527 et
1593 4483 1828 4543 tentare,
1862 4492 1931 4530 an
1962 4477 2125 4532 vellet

2235 4329 2332 4382 ρας
2374 4310 2430 4364 δὲ
2471 4308 2608 4376 πρὸς
2644 4310 2872 4379 μετρίαν
2894 4308 3081 4362 ἄνεσιν
3126 4308 3204 4379 τῷ
3236 4303 3667 4377 ὑπολελειμμένῳ
3697 4312 3775 4368 μεν

2230 4421 2293 4457 τα
2305 4402 2365 4468 Eb
2393 4403 2601 4475 χωρίῳ.
2629 4404 2671 4455 Τ
2676 4406 2740 4473 ὴν
2769 4403 2826 4455 δέ
2847 4404 3089 4471 φρουρὰν
3107 4403 3317 4457 ἄνωθεν
3342 4392 3776 4471 mammam

2232 4496 2324 4549 ἐπὶ
2356 4494 2487 4548 τῶν
2515 4494 2713 4563 τειχῶν
2743 4493 2832 4547 διὰ
2869 4494 3049 4565 πάσης
3073 4493 3267 4557 νυκτός
3296 4510 3356 4546 τε
3374 4494 3465 4548 καὶ
3485 4489 3680 4562 ἡμέρας
3694 4480 3774 4548 τὴν

539 4567 711 4636 ipsius
764 4565 926 4620 ﬁliam
974 4564 1321 4634 tleSpondere
1375 4564 1489 4621 ﬁlio
1538 4582 1639 4622 suo
1688 4541 2043 4639 impetatmi,
2076 4573 2119 4624 si

2232 4541 2324 4549 ""
2367 4541 2460 4548 ""
2527 4541 2705 4563 ⁷“”“Λ“⁷“
2750 4541 2832 4547 ⁷⁷⁷*
2875 4541 3046 4565 """lv
3083 4541 3264 4557 ’ν’-’ἰ
3308 4541 3461 4548 --ν-’τν
3492 4541 3602 4562 ut":
3661 4541 3676 4548 ν
3737 4541 3748 4548 -

2233 4587 2480 4656 φυλακην
2497 4585 2912 4654 τῶνδεσμωτὼν
2944 4585 3233 4650 ποιεῖσθαι,
3274 4586 3378 4638 κάν
3419 4600 3557 4643 τινος
3580 4579 3772 4633 δέοιντον

540 4668 765 4728 paratus
792 4658 864 4712 sit
892 4657 1029 4727 ipse,
1063 4659 1209 4712 velut
1261 4674 1360 4727 pro
1389 4658 1515 4713 ﬁliis
1560 4659 1852 4715 decertans
1878 4700 1893 4725 ,
1931 4677 2125 4715 omnes

539 4764 674 4820 opes
705 4765 833 4805 suas
862 4751 916 4804 in
951 4750 1157 4806 bellum
1191 4761 1385 4807 contra
1429 4750 1885 4809 Cantacuzenum
1918 4754 2129 4823 impen-

538 4844 695 4910 dere,
725 4840 858 4896 Nam
883 4852 937 4897 et
962 4844 1193 4898 antehac
1218 4861 1500 4915 nunquam
1536 4862 1648 4901 non
1670 4846 1904 4901 alacrem
1932 4845 2125 4911 fuisse,

538 4943 598 4990 et
636 4949 799 4990 omne
824 4937 1069 4990 studium
1107 4952 1265 4991 suum
1316 4943 1381 4991 ad
1411 4955 1538 4992 eunt
1588 4937 1945 4993 evertehdum
1994 4954 2133 4993 con-

475 5023 481 5029 ’
541 5026 777 5082 tulisse:
809 5036 865 5082 et
898 5042 1021 5083 cum
1056 5029 1335 5098 publicam
1379 5030 1671 5100 pccuniaut
1726 5045 1943 5084 omnem
1968 5071 1980 5094 ,
2016 5038 2127 5084 tum

539 5135 705 5192 quam
743 5120 1114 5175 Cantacuzcni
1166 5122 1361 5175 amicis
1407 5121 1735 5188 abstulerit,
1771 5123 1825 5177 in
1859 5139 1923 5177 co
1959 5123 2129 5178 collo-

540 5224 719 5266 casse.
755 5209 915 5266 Nunc
943 5226 1068 5265 cum
1102 5227 1191 5267 res
1235 5212 1461 5266 omnino
1506 5228 1668 5267 secus
1695 5252 1710 5277 ,
1742 5231 1906 5284 quam
1945 5231 2131 5285 spera-

545 5307 725 5369 batur,
755 5303 1079 5367 acciderint,
1116 5314 1171 5356 et
1209 5302 1303 5358 ille
1338 5314 1507 5358 totam
1556 5286 1931 5361 eontitteutein
1970 5323 2132 5363 oetu-

2234 4676 2480 4748 κάτωθεν
2514 4676 2650 4747 πρὸς
2680 4677 2807 4739 τοὺς
2840 4678 3114 4748 φρουροὺς
3171 4677 3444 4731 ποιεῖσθαι
3473 4676 3593 4735 τοὺς
3613 4668 3772 4734 λόγους

2230 4770 2503 4840 φανερῶς,
2537 4770 2679 4823 ὥστε
2710 4769 2955 4832 ἅπαντας
2983 4769 3203 4833 ειδέναι,
3230 4769 3316 4822 ἵνα
3350 4770 3424 4841 μὴ
3457 4764 3655 4820 λάθοιεν
3673 4759 3772 4809 ἐπι-

2230 4862 2429 4933 ϐουλήν
2459 4878 2588 4915 τινα
2639 4860 3139 4930 συσκευασάμενοι,
3176 4859 3362 4930 κρύφα
3409 4857 3513 4912 τῶν
3551 4849 3772 4923 φυλάκων

2228 4957 2342 5009 τισὶ
2357 4953 2754 5024 διαλεχθέντες.
2770 4952 2926 5006 Μετά
2945 4950 3102 5005 τοῦτο
3119 4951 3175 5005 δέ
3194 4952 3399 5020 ἔφασαν
3420 4953 3467 5004 οἱ
3490 4939 3769 5000 συνειδόιεςο

2231 5051 2326 5102 καὶ
2356 5047 2448 5102 ἐπὶ
2477 5048 2725 5118 βασιλίδα
2756 5050 2957 5118 χωρεῖν
2986 5044 3338 5112 διανοεῖσθαι,
3370 5045 3462 5097 καὶ
3482 5029 3767 5101 ἀποπειρᾷνο

2231 5141 2280 5194 εἰ
2303 5140 2553 5210 βούλοιτο
2574 5139 2671 5211 τὴν
2690 5139 2900 5193 ἐκείνου
2930 5137 3209 5209 θυγατέρα
3229 5133 3527 5209 βασιλείτῷ
3549 5125 3640 5196 υἱῷ
3660 5120 3772 5211 πρὸς

2237 5208 2412 5303 γάμον
2474 5208 2793 5297 συνάπτειν,
2853 5232 2908 5284 εί
2960 5247 3024 5300 γε
3066 5208 3310 5301 βούλοιτο
3355 5228 3512 5281 αὐτὸν
3542 5221 3611 5281 ὡς

2233 5325 2447 5378 τέκνων
2506 5323 2935 5395 ἀγωνιζόμενον,
2977 5323 3158 5377 πάντα
3219 5321 3447 5393 πλοῦτον
3499 5313 3583 5367 τὸν
3630 5304 3767 5360 αὐτου

549 5405 731 5465 par.t,
784 5410 844 5450 se
903 5399 1040 5449 mari
1093 5394 1545 5462 duntiuaturum,
1607 5408 1885 5470 sumptum
1915 5403 1979 5457 de
2031 5416 2119 5456 suc

2236 5416 2380 5488 πρὸς
2406 5415 2499 5468 τδν
2556 5416 2653 5468 ἐπὶ
2702 5394 3168 5485 λαντακουζηνδν
3195 5413 3504 5467 ἀναλίσκειν
3545 5400 3763 5488 πόλεμξινο

542 5487 861 5551 iacturum,
915 5497 971 5542 ct
1026 5486 1269 5558 Byzantii
1338 5486 1756 5561 insularumque
1835 5484 2130 5564 imperium

549 5595 742 5634 secure
791 5589 1159 5634 retenturum.
1223 5580 1291 5637 Et
1343 5581 1660 5652 si.quidem
1713 5585 1803 5639 illa
1858 5589 2136 5643 connubio

546 5682 789 5740 annuat,
826 5687 885 5727 se
916 5682 1126 5744 patrem
1162 5674 1555 5744 imperatorum
1607 5693 1726 5733 esse
1773 5680 1934 5747 velle,
1972 5684 2138 5737 babe—

547 5779 722 5835 teque
755 5775 927 5820 totum
965 5768 1248 5839 imperium
1282 5771 1336 5824 in
1367 5786 1531 5826 mauu
1561 5788 1679 5841 sua,
1712 5784 1766 5828 et
1789 5772 1976 5830 facere
2014 5790 2138 5844 qua:

551 5855 800 5913 libuerit.
833 5859 930 5917 Sin
962 5873 1185 5932 propter
1236 5864 1638 5935 ignobilitatem
1670 5883 1826 5924 suam
1863 5869 2136 5928 conditio-

2236 5485 2350 5563 Καὶ
2401 5508 2671 5578 πρότερον
2719 5509 2821 5577 μὲν
2852 5509 2962 5579 γὰρ
2993 5505 3148 5560 οὐδὲν
3196 5504 3552 5559 ἐλλελοιπέναι
3597 5485 3763 5579 προὲυο

2242 5606 2392 5673 μίας,
2426 5577 2521 5656 καὶ
2547 5577 2729 5655 πᾶσαν
2762 5577 2998 5671 σπουδῇ
3027 5601 3164 5673 πρὸς
3193 5601 3293 5671 τὴν
3327 5599 3527 5656 ἐκείνου
3564 5577 3762 5673 κατάλυ-

2241 5668 2328 5747 σιν
2360 5694 2742 5767 ἐπιδεδεῖχθαι,
2780 5696 2875 5749 καὶ
2917 5668 3100 5750 πάντα.
3144 5668 3480 5750 ἀναλωκέναι
3513 5684 3576 5740 τὰ
3603 5668 3759 5767 “ira:

2244 5789 2342 5841 καὶ
2372 5786 2408 5842 ἃ
2437 5756 2698 5856 ἀφείλετο
2734 5756 2821 5840 ἐκ
2876 5787 2987 5841 τῶν
3018 5787 3215 5858 ἐκείνῳ
3245 5782 3616 5859 προσεχόντων.
3641 5756 3760 5859 li?”

2243 5878 2300 5933 δὲ
2336 5879 2417 5942 είς
2441 5849 2756 5934 τούναντίον
2786 5878 2936 5934 άπαν
2968 5879 3076 5935 τῶν
3110 5849 3452 5952 πραγμάτων
3495 5849 3762 5938 περιελθὸνυ
