4048 6432
361 368 502 433 19.25
570 358 581 365 ’

1501 364 2045 427 lllSTORlARUM
2096 365 2325 425 LIBER
2370 365 2483 423 IlI.

3479 361 3616 425 liii}

358 489 488 539 των,
547 476 643 526 καὶ
676 476 855 529 πᾶσαν
905 474 1119 529 ἐκείνου
1147 476 1245 546 τὴν
1278 478 1506 547 ἤπειρον
1563 475 1927 544 ἀφελομένου,

2055 488 2158 526 tem
2193 476 2336 527 hanc
2382 482 2639 534 recuset,
2691 488 2808 525 cam
2855 473 3617 542 oppugnaturum;indicium

358 563 523 617 αὑτὸν
554 568 855 636 κρατήσειν
884 568 983 635 τῆς
1022 567 1301 639 θαλάσσης
1336 566 1693 620 ἀναλίσκοντα
1727 567 1793 617 ἐκ
1818 565 1924 616 τῶν

364 655 539 727 τίδίων.
598 658 708 709 Καὶ
761 658 1087 722 Βυζαντίου,
1129 659 1240 711 κα).⁴
1285 659 1397 711 τῶν
1433 659 1616 728 νήσων
1677 656 1938 723 ἀσφαλῶς

360 748 619 813 καθέξειν
668 750 767 816 τὴν
821 750 1019 819 ἀρχὴν,
1069 748 1174 802 κᾶν
1203 748 1303 817 μὲν
1333 748 1519 816 ἐκείνη
1566 747 1809 800 πείθοιτο
1833 747 1933 816 τὴν

355 839 640 909 θυγατέρα
682 839 1055 910 προσαμόζειν
1106 840 1319 909 βασιλεί
1363 828 1441 909 τῷ
1478 838 1599 909 υίῴ,
1637 840 1730 892 καὶ
1775 839 1941 891 αὑτὸν

358 929 499 985 εἶναι
532 932 748 1002 πατέρα
774 932 1063 1000 βασιλέων,
1092 931 1188 984 καὶ
1218 933 1398 985 πᾶσαν
1430 930 1578 1000 ἔχειν
1604 931 1798 1000 ἀρχὴν,
1833 932 1932 982 καὶ

363 1026 628 1093 πράττειν
684 1022 822 1075 am
875 1022 943 1075 ἂν
999 1024 1131 1095 δοκῇ
1161 1040 1175 1054 °
1232 1025 1297 1076 ἂν
1348 1022 1395 1075 δ’
1420 1024 1790 1092 ἀπαναίνηται
1840 1021 1940 1090 τὴν

360 1116 705 1184 δυσγένειαν,
782 1117 871 1170 ἐπ’
925 1118 1096 1187 αὐτὴν
1147 1119 1367 1186 χωρεῖν.
1424 1118 1606 1185 Δήλην
1667 1116 1776 1184 γὰρ
1838 1115 1939 1184 ἤδη

359 1204 501 1262 εἶναι
528 1212 672 1263 κακὰ
706 1210 1105 1279 βουλευομένην
1132 1212 1261 1280 περὶ
1314 1209 1513 1263 αὑτοῦ.
1560 1208 1943 1263 Συνεσκεύακε

360 1301 418 1352 δὲ
448 1302 544 1353 καὶ
580 1302 701 1353 κατ’
726 1303 905 1370 αὑτῆς
939 1302 1235 1373 ἐπιϐουλὴν
1280 1300 1563 1371 τοιαύτην.
1615 1301 1933 1370 Γράμματα

361 1392 497 1460 πρὸς
533 1394 719 1445 πᾶσαν
765 1393 1004 1464 ἔγραφεν
1027 1395 1102 1457 ὼς
1133 1395 1192 1459 ἐξ
1250 1393 1448 1461 αὑτῆς.
1489 1392 1716 1462 Ἐδήλου
1773 1391 1831 1445 δὲ
1872 1394 1943 1446 τὰ

359 1483 690 1552 γράμματα,
758 1483 832 1545 ὡς
905 1485 1046 1553 αὑτὴ
1114 1484 1214 1553 μὲν
1270 1482 1567 1552 ἐντραφείη
1628 1481 1777 1535 ἔθεσι
1848 1483 1944 1534 καὶ

362 1573 548 1640 νόμοις
587 1576 699 1635 τοῖς
743 1573 1056 1643 Ῥωμαίων,
1087 1576 1182 1625 καὶ
1235 1573 1507 1645 δόγματα,
1534 1572 1856 1643 πρεσϐεύοι,
1903 1571 1940 1626 ἃ

366 1666 463 1716 καὶ
512 1665 545 1734 ἡ
609 1664 903 1733 Ῥωμαίων
963 1664 1256 1734 ἐκκλησία.
1302 1664 1527 1717 Βασιλεῖ
1583 1665 1640 1717 δὲ
1679 1664 1786 1717 ὑπὸ
1833 1664 1942 1717 τῶν

361 1757 580 1810 οἰκείων
605 1756 890 1809 ἐκδοθεῖσα
918 1757 1135 1823 ἀνάγκη
1166 1757 1236 1808 τὰ
1265 1756 1477 1810 ἐκείνου
1511 1755 1938 1826 ὑποκρίνεσθαι·

363 1848 463 1915 τὴν
500 1847 602 1915 μέν
631 1863 713 1899 τοι
742 1846 969 1916 πρώτην
995 1848 1289 1901 εὐλάϐειαν
1327 1847 1426 1899 καὶ
1465 1845 1653 1899 πίστιν
1682 1846 1779 1899 καὶ
1808 1847 1943 1917 ὀμό-

364 1954 516 1991 νοιαν
544 1936 919 2007 τῇῬωμαίων
951 1937 1222 2007 ἐκκλησίᾳ
1250 1936 1600 2007 περισώζειν.
1634 1937 1744 1991 Καὶ
1774 1938 1939 1991 αὑτὸν

365 2028 621 2096 ἡγεῖσθαι
662 2030 876 2098 πατέρα
906 2028 1003 2082 καὶ
1046 2028 1393 2092 διδάσκαλον,
1426 2031 1523 2082 καὶ
1558 2029 1693 2099 πρὸς
1726 2029 1826 2099 τὴν
1856 2029 1946 2082 πί-

369 2138 489 2175 στιν
526 2122 723 2191 ὀδηγόν
748 2139 764 2154 ’
807 2124 908 2176 καὶ
942 2121 1228 2190 βούλεσθαι
1268 2122 1369 2192 μὲν
1415 2123 1509 2176 καὶ
1542 2122 1682 2192 μετὰ
1718 2122 1819 2193 τὴν
1848 2124 1946 2175 άν-

368 2213 495 2284 δρὺς
525 2214 728 2267 αὐτίκα
772 2212 1032 2282 τελευτὴν
1082 2212 1222 2279 δῆλα
1262 2215 1445 2267 πάντα
1478 2214 1743 2284 καθιστᾷν
1774 2213 1946 2284 αὑτῷ,

369 2307 469 2360 καὶ
521 2297 846 2374 πειρᾶσθαι,
897 2306 997 2359 καὶ
1034 2306 1217 2359 πᾶσαν
1257 2306 1356 2376 τὴν
1408 2306 1606 2375 ἀρχὴν,
1656 2306 1723 2357 τὰ
1776 2305 1866 2358 ῐσα
1913 2304 1947 2374 ἦ

365 2398 605 2464 πείθειν,
654 2400 688 2469 ἢ
743 2397 1190 2467 καταναγκάζειν
1230 2400 1359 2469 περὶ
1412 2398 1524 2451 τῶν
1566 2401 1664 2466 τῆς
1714 2397 1950 2460 πίστεως

365 2492 660 2561 δογμάτων
708 2491 848 2561 αὑτῇ
908 2494 1151 2559 φρονεῖν.
1205 2489 1533 2561 κωλυθῆναι
1580 2489 1639 2542 δέ
1692 2491 1798 2543 ὑπὸ
1843 2491 1951 2543 τῶν

368 2585 741 2653 περισχόντων
773 2583 1030 2653 πολέμων
1045 2582 1154 2636 τῶν
1188 2582 1424 2653 μάλιστα
1460 2581 1611 2653 παρὰ
1654 2582 1952 2652 Ῥωμαίοις

365 2673 763 2728 δυνατωτάτων
813 2672 953 2744 πρὸς
978 2674 1147 2743 αὑτὴν
1178 2673 1320 2744 ὑπὲρ
1362 2673 1459 2741 τῆς
1492 2672 1672 2741 ἀρχῆς
1705 2672 1948 2741 πολεμηο

369 2767 604 2830 σάντων,
634 2769 733 2817 καὶ
784 2764 866 2817 ἐτι
894 2764 1064 2832 μέχρι
1105 2762 1202 2815 νῦν
1241 2764 1631 2832 ἐπικειμένων.
1659 2762 1823 2815 Ὅθεν
1852 2763 1953 2815 αὑ-

365 2857 462 2911 τοῦ
493 2858 701 2909 δεῖσθαι
729 2855 923 2924 πρῶτα
954 2854 1055 2924 μὲν
1100 2854 1238 2924 αὑτῇ
1266 2854 1329 2905 τὸ
1358 2854 1521 2906 Θεῖον
1557 2851 1830 2905 ίλεοῦσθαι
1856 2851 1948 2906 διὰ

372 2951 473 3022 τὴν
494 2948 760 3003 δοκοῦσαν
787 2948 895 2999 τῶν
921 2946 1377 3016 διεστραμμένων
1399 2944 1688 3014 δογμάτων
1711 2944 1948 3015 αἰρεσιν.

376 3042 611 3096 Ἔπειτα
636 3040 695 3093 δέ
723 3042 814 3093 καὶ
843 3037 1061 3109 βοηθεῖν
1092 3037 1187 3088 ἐπὶ
1214 3037 1341 3098 τοὺς
1374 3033 1773 3103 πολεμοῦντας,
1804 3036 1952 3098 ὅπως

2028 564 2245 633 quippe
2278 565 2418 618 haud
2452 564 2675 619 dubium
2711 564 2847 627 fore,
2884 579 3002 618 eam
3050 565 3151 617 sihi
3181 566 3381 618 malum
3418 567 3620 619 machi-

2042 656 2181 709 nari.
2223 654 2565 727 Excogitavit
2601 655 2764 709 etiam
2833 655 3083 724 nequiter
3131 670 3194 708 ac
3241 656 3472 734 subdole
3521 656 3618 710 IIII-

2038 735 2282 814 jtlstiiodi
2341 756 2533 800 contra
2593 763 2709 800 eam
2770 748 3017 803 insidias.
3080 748 3313 803 Litteras
3372 749 3433 803 in
3502 751 3623 820 ejus

2042 855 2280 909 persona
2313 842 2381 895 ad
2420 857 2614 911 papam
2666 842 2887 910 scripsit
2923 842 3025 895 hoc
3059 842 3314 911 exemplo
3352 842 3461 898 :Se
3503 860 3623 896 mo-

2043 931 2198 985 ribus
2227 970 2242 996 ,
2303 948 2365 985 ac
2395 932 2607 1002 legibus
2637 929 3013 985 Romanorum
3042 932 3331 987 educatam
3360 974 3375 997 ,
3428 934 3622 988 eadem

2045 1037 2172 1077 cum
2240 1025 2483 1077 Romana
2537 1024 2778 1079 Ecclesia
2831 1025 3082 1094 dogmata
3122 1026 3306 1080 colere
3368 1042 3626 1082 acvene-

2044 1116 2177 1170 rari.
2251 1117 2294 1170 A
2370 1118 2486 1170 suis
2549 1127 2729 1171 autem
2804 1120 3229 1185 consanguineis
3304 1121 3625 1190 imperatori

2047 1205 2333 1268 lecatam,
2388 1207 2522 1261 velit
2577 1208 2739 1273 nolit,
2790 1206 3284 1280 ejus‘religionem
3339 1214 3623 1269 simulare.

2041 1296 2206 1368 655
2271 1297 2659 1354 Verumtamen
2723 1315 2885 1368 quam
2943 1302 3010 1356 ab
3068 1301 3297 1357 infantia
3349 1304 3629 1360 imbibcrit

2048 1390 2393 1459 religionem,
2440 1390 2629 1453 ﬁdem,
2663 1392 3037 1458 concordiam,
3083 1393 3341 1450 Romana:
3366 1395 3627 1453 Ecclesia:

2045 1482 2310 1550 integram
2360 1482 2783 1554 inviolatamque
2836 1485 3155 1553 custodire,
3198 1496 3255 1542 et
3310 1489 3487 1556 ipsum
3534 1506 3629 1559 pa-

2046 1582 2260 1627 rentem
2296 1615 2312 1639 ,
2357 1577 2676 1646 magistrum
2746 1592 2810 1632 ac
2857 1575 3052 1632 ducem
3107 1579 3230 1634 ﬁdei
3277 1595 3623 1651 agnoscere:

2048 1664 2408 1735 voluisseque
2465 1684 2591 1723 mox
2660 1680 2788 1740 post
2836 1671 3020 1724 mariti
3066 1670 3275 1726 obitum
3325 1683 3527 1729 statum
3578 1678 3629 1732 ei

2048 1770 2209 1811 suum
2243 1773 2552 1828 exponere,
2588 1770 2644 1816 et
2692 1762 2881 1817 conari
2910 1803 2925 1829 ,
2976 1772 3037 1818 ut
3072 1758 3244 1819 tot'um
3278 1781 3497 1837 quoque
3529 1768 3631 1823 im-

2047 1844 2287 1914 perium,
2336 1863 2434 1903 seu
2484 1851 2891 1915 voluntarium,
2944 1868 3041 1908 seu
3086 1865 3333 1911 coactum
3371 1858 3628 1914 eamdem
3724 1902 3731 1913 .
3777 1888 3785 1895 -

2047 1950 2235 1992 secum
2287 1941 2609 2012 religionem
2662 1943 3033 2013 profiteretur,
3085 1948 3181 2003 sed
3224 1948 3382 2004 bellis
3433 1967 3632 2022 urgen-

2049 2028 2232 2093 tibus,
2277 2040 2333 2084 et
2383 2047 2556 2102 usque
2604 2033 2776 2088 hodie
2829 2034 3199 2100 durantibus,
3252 2039 3455 2108 quibus
3484 2043 3630 2112 apud

2054 2118 2338 2176 Romanos
2365 2124 2729 2191 potentissimi
2782 2141 2949 2196 super
2996 2127 3227 2197 imperio
3252 2146 3437 2186 secum
3465 2133 3631 2188 dimi-

2049 2220 2214 2277 cent,
2271 2214 2588 2283 impeditam
2636 2215 2859 2271 fuisse.-
2889 2216 3048 2275 Unde
3100 2236 3159 2276 se
3203 2225 3421 2291 precari
3453 2226 3628 2289 illum.

2049 2304 2284 2374 primum
2336 2305 2564 2375 quidem
2609 2312 2687 2361 uti
2737 2307 2950 2363 Numen
2995 2300 3097 2365 sibi
3148 2314 3426 2383 propitiet,
3482 2320 3631 2387 quod

2051 2394 2477 2463 perversitatem
2532 2397 2690 2453 istam
2739 2400 3051 2469 dogmatum
3084 2412 3289 2460 sectata
3338 2407 3628 2475 videatur;

2054 2486 2255 2541 deinde
2305 2500 2497 2543 contra
2554 2490 2739 2546 hostes
2792 2508 2910 2547 eam
2959 2510 3057 2562 pro
3103 2489 3312 2556 viribus
3352 2502 3574 2569 adjuvet
3614 2522 3628 2558 :

2052 2580 2252 2648 quibus
2286 2582 2569 2644 subversis
2592 2623 2607 2645 ,
2661 2584 2844 2638 statim
2892 2584 3154 2643 Romanae
3182 2592 3500 2659 apostolica:
3528 2594 3633 2649 Ec-

2053 2670 2237 2725 clesia:
2270 2672 2624 2737 doctrinam,
2661 2685 2717 2729 et
2752 2676 2886 2730 ritus
2941 2680 3157 2745 publice
3209 2683 3631 2749 celebraturam,

2062 2771 2119 2817 et
2149 2762 2275 2817 aliis
2322 2766 2577 2834 exemplo
2618 2770 2961 2836 prasituiam.
3014 2770 3384 2841 lmpcratricis
3436 2776 3635 2834 littera:

2057 2852 2122 2906 ad
2160 2867 2385 2927 papam,
2412 2856 2505 2925 qui
2541 2870 2604 2910 ea
2634 2865 2965 2927 temp'eState
2994 2860 3253 2917 Clemens
3276 2876 3437 2931 erat,
3471 2866 3636 2936 hujus

2053 2946 2301 3002 nominis
2349 2956 2577 3015 sextus,
2635 2951 2944 3020 huiusmodi
2992 2952 3239 3013 fuerunt.
3287 2957 3396 3013 Eas
3435 2960 3634 3029 pictori

2056 3035 2311 3100 cuidam,
2347 3037 2435 3091 cui
2486 3053 2686 3093 nomen
2735 3040 3105 3111 Praepositus,
3153 3062 3277 3100 cum
3319 3050 3638 3107 tradidisset

370 3138 438 3191 ἂν
492 3135 732 3198 δύναιτο,
787 3132 863 3195 ὡς
918 3132 969 3184 εἰ
1018 3132 1219 3183 ἐκεῖνοι
1258 3130 1717 3198 καταστραφεῖεν,
1776 3128 1948 3197 αὐτῆς

2056 3127 2415 3198 Apocauehus
2442 3169 2457 3194 ,
2515 3131 2581 3185 ad
2612 3146 2806 3202 papam
2854 3134 3003 3187 misit
3027 3172 3042 3196 .
3078 3136 3383 3202 mandans,
3434 3155 3504 3195 ne
3539 3144 3632 3197 cui

367 3228 568 3284 αὐτίκα
618 3227 685 3279 τὰ
741 3227 841 3289 τῆς
899 3222 1187 3291 Ῥωμαίων
1245 3220 1613 3288 ἀποστολικῆς
1655 3220 1952 3291 ἐκκλησίας

380 3317 827 3395 πρεσὸευσοὺσης
884 3314 1157 3385 φανερῶς,
1210 3313 1306 3366 καὶ
1352 3315 1466 3374 τοῖς
1517 3312 1699 3375 ἄλλοις
1734 3312 1954 3382 ὑφηγη-

382 3412 646 3482 σομένης.
689 3408 926 3461 Τοιαῦτα
960 3407 1059 3477 μὲν
1089 3409 1155 3460 τὰ
1183 3405 1321 3476 πρὸς
1344 3405 1533 3457 πάπαν
1555 3406 1653 3473 τῆς
1682 3403 1952 3473 βασιλίδος

367 3505 532 3576 δῆθεν
580 3506 883 3574 γράμματα
932 3500 1142 3572 ἐδήλου.
1173 3495 1282 3551 Ἦν
1318 3499 1374 3551 δὲ
1405 3499 1635 3569 Κλήμης
1678 3499 1775 3567 τῆς
1821 3498 1957 3551 Ῥω-

374 3600 552 3670 μαίων
583 3596 881 3664 ἐκκλησίας
916 3594 1036 3646 τότε
1065 3591 1376 3662 προεστώς.
1407 3591 1516 3644 Καὶ
1542 3591 1823 3661 ζωγράφῳ
1847 3590 1957 3644 τινὶ

377 3688 740 3759 Πραιποσίτῳ
770 3686 1098 3754 καλουμένῳ
1133 3684 1475 3752 ἐγχειρίσας,
1506 3682 1789 3751 ἐξέπεμπε
1818 3683 1957 3752 πρὸς

374 3779 567 3832 πάπαν
603 3776 794 3847 μηδενὶ
824 3773 1064 3837 ἐξειπεῖν
1110 3773 1378 3833 κελεύσας
1417 3771 1478 3823 τὸ
1512 3770 1828 3841 ἀπόρρητον
1863 3770 1956 3837 βα-

373 3872 595 3934 σιλίδος.
629 3869 799 3924 Οὑδέν
828 3868 883 3920 δὲ
912 3868 1121 3928 ἐκεῖνος
1147 3865 1265 3937 ᾔδει
1294 3864 1477 3928 πλέον,
1509 3865 1558 3916 εί
1588 3864 1664 3933 μὴ
1695 3864 1778 3917 ὅτι
1812 3862 1957 3931 πέμ-

373 3958 533 4017 ποιτο
562 3964 699 4031 πρὸς
728 3960 947 4013 πάπαν.
976 3957 1206 4028 Κλήμης
1230 3957 1287 4009 δέ
1312 3958 1339 4009 ὁ
1370 3956 1584 4019 πάπας,
1624 3956 1747 4007 ἐπεὶ
1777 3953 1953 4020 δέξαι-

374 4074 438 4111 το
487 4055 554 4109 τὰ
606 4052 877 4125 βασιλίδος
916 4049 1251 4121 γρὰμματα,
1296 4046 1633 4117 ὑπερησθεὶς
1673 4048 1755 4099 ὃτι
1793 4046 1886 4099 καὶ
1920 4046 1954 4114 ἡ

378 4146 595 4219 βασιλὶς
622 4148 830 4217 αίροίτο
862 4143 932 4196 τὰ
956 4142 1204 4202 ἐκείνων,
1240 4139 1338 4194 καὶ
1371 4139 1449 4200 ὡς
1477 4138 1526 4190 εί
1550 4139 1660 4192 τῶν
1698 4137 1953 4207 πολέμων

379 4239 747 4308 ἀπαλλαγοίη,
808 4237 1061 4306 φανερῶς
1115 4234 1299 4295 αὐτοῖς
1349 4232 1745 4302 προσθήσεται,
1798 4231 1955 4284 ἀντέ-

370 4350 553 4404 γραφε
587 4332 681 4386 καὶ
712 4331 893 4392 αὐτὸς,
933 4327 1126 4396 πρῶτα
1166 4326 1264 4395 μὲν
1293 4325 1531 4378 ἐπαινῶν
1564 4325 1662 4392 τῆς
1700 4326 1957 4395 προαιρέ-

375 4428 580 4490 σεως,δ
631 4443 683 4477 τι
721 4422 900 4477 καίτοι
936 4421 1347 4490 τυραννουμένη
1382 4418 1489 4470 τῶν
1535 4416 1712 4487 ὀρθῶν
1752 4417 1955 4484 διγμά-

370 4539 481 4574 των
525 4520 625 4572 οὑκ
663 4519 898 4585 ἀπέστη,
927 4514 1063 4567 ἀλλὰ
1099 4516 1166 4583 τῇ
1210 4512 1496 4581 Ῥωμαίων
1528 4511 1794 4581 ἐκκλησίᾳ
1823 4528 1958 4580 συμ-

377 4612 629 4681 φρονοίη.
660 4610 891 4661 Ἔπειτα
941 4605 1038 4658 xui.
1070 4604 1352 4657 ἐδίδασκεν
1397 4602 1471 4664 ὡς
1517 4600 1625 4671 χρὴ
1673 4600 1782 4653 τῶν
1824 4602 1955 4653 ἴσων

378 4702 597 4772 ἔχεσθαι
627 4696 866 4765 adfui
901 4697 1028 4759 τοὺς
1059 4695 1253 4757 ἄλλους
1285 4694 1501 4762 ἐνάγειν
1542 4693 1954 4764 ἠπατημένους,

376 4793 474 4845 καὶ
506 4791 603 4859 τῆς
643 4788 904 4857 ἀληθείας
946 4785 1307 4847 ἐκπεσόντας.
1337 4783 1668 4837 Τελευταῖον
1701 4784 1759 4837 δὲ
1784 4784 1959 4855 ἐπηύ-

378 4900 526 4955 χετο,
562 4882 657 4934 καὶ
696 4880 938 4950 χρηστὰς
969 4876 1215 4928 ὑπετίθει
1254 4876 1355 4938 τὰς
1391 4877 1611 4938 ἐλπίδας
1650 4876 1723 4939 ὡς
1756 4875 1960 4947 βοηθή-

382 4992 491 5030 σων
522 4976 549 5028 ὃ
570 4991 621 5026 τι
648 4972 715 5026 ἂν
741 4971 981 5025 δύναιτο.
1003 4968 1191 5021 Ταῦτα
1218 4968 1288 5020 τὰ
1309 4968 1616 5038 γράμματα
1645 4969 1961 5035 ἐνεγκόντος

382 5065 775 5137 Πραιποσίτου,
820 5060 1121 5129 ἐφύλαττεν
1164 5057 1332 5123 αὑτὸς
1365 5060 1423 5110 ἐν
1468 5060 1790 5130 ἀπορρήτῳ.
1844 5064 1963 5111 Διε.

380 5158 557 5213 νοεῖτό
586 5172 644 5210 τε
674 5156 750 5219 ὡς
782 5157 832 5207 εί
859 5152 956 5225 μὲν
982 5150 1230 5204 πείθοιτο
1269 5151 1303 5221 ἠ
1338 5148 1547 5220 βασιλίς
1577 5151 1728 5221 αὑτῴ
1765 5152 1853 5221 ἐφ’
1880 5148 1962 5217 οἷς

384 5251 452 5305 ἂν
484 5249 661 5318 ἀξιοίη
697 5246 864 5317 μηδὲν
900 5244 1096 5296 κινεῖν.
1121 5242 1181 5295 Ei
1212 5241 1270 5294 δὲ
1303 5242 1401 5313 μὴ,
1438 5241 1611 5295 ταῦτα
1644 5242 1730 5295 ἐπ’
1760 5244 1963 5313 ἐκκλη-

386 5344 512 5408 σίας
552 5341 874 5409 ἀναγνόντα,
917 5336 1249 5401 Βυζαντίους
1298 5336 1384 5389 ἐπ’
1422 5336 1593 5406 αὐτὴν
1629 5331 1962 5407 παρορμᾷ),

385 5435 480 5488 καὶ
517 5430 849 5501 διαφθείρειν
897 5426 1066 5498 αὐτὴν
1110 5428 1206 5481 καὶ
1243 5427 1442 5489 παῖδας
1471 5442 1488 5457 ο
1529 5425 1644 5497 ᾔδει
1686 5428 1796 5498 γὰρ
1830 5429 1967 5500 πρὸς

384 5522 545 5574 τοῦτο
579 5520 721 5572 πάνυ
738 5514 1307 5586 δυσανασχετοῦντας,
1331 5517 1429 5569 καὶ
1465 5518 1642 5586 ῥᾷστα
1670 5520 1812 5569 κατὰ
1836 5536 1968 5571 πανο

387 5613 480 5675 τὶς
524 5608 837 5665 οὑτινοσοῦν
869 5613 1233 5679 χωρήσοντος,
1261 5607 1328 5660 ἂν
1369 5608 1647 5660 πύθωνται
1695 5608 1764 5660 τὰ
1807 5610 1971 5663 Λατί-

392 5719 500 5755 νων
528 5701 848 5773 ᾑρημένην·
877 5698 974 5751 καὶ
1027 5696 1172 5751 οὑτω
1206 5699 1387 5752 πᾶσαν
1440 5697 1604 5751 αὑτὸν
1651 5697 1968 5766 Βυζαντίου,

2055 3236 2316 3277 arcanum
2349 3222 2611 3294 Augustae
2648 3228 3001 3294 patefaceret.
3050 3226 3193 3295 Qui,
3237 3231 3340 3285 nisi
3393 3235 3539 3302 quod
3565 3237 3635 3290 ad

2053 3328 2253 3383 papam
2288 3315 2620 3382 mitteretur,
2657 3326 2921 3385 pra-terea
2954 3318 3088 3372 nihil
3117 3322 3344 3377 sciebat.
3377 3325 3639 3384 Clemens

2056 3405 2257 3460 litteris
2292 3407 2532 3476 acceptis
2552 3447 2567 3473 ,
2601 3408 2859 3463 omnibus
2889 3409 3116 3466 incessit
3144 3413 3363 3480 laetitiis,
3400 3418 3636 3488 impera-

2057 3499 2248 3553 tricem
2278 3512 2463 3554 secum
2494 3501 2897 3557 communicare
2921 3544 2935 3569 ,
2984 3514 3072 3567 et,
3120 3506 3167 3560 si
3196 3508 3334 3563 bello
3378 3509 3638 3583 defunge-

2058 3599 2230 3654 retur,
2263 3590 2439 3658 palam
2487 3588 2542 3643 id
2586 3591 2859 3645 facturam
2886 3593 3213 3662 ,J‘CSt‘I‘ibil.
3246 3600 3322 3651 Ac
3366 3599 3638 3670 principio

2058 3696 2179 3737 eam
2211 3682 2280 3736 de
2309 3682 2582 3737 constanti
2626 3683 2902 3738 voluntate
2950 3684 3169 3753 laudat,
3219 3690 3360 3757 quod
3393 3694 3637 3759 quamvis

2058 3773 2160 3826 sub
2197 3772 2389 3841 iniquo
2450 3773 2710 3842 domino,
2762 3790 2792 3829 a
2848 3775 3105 3847 legitimis
3137 3781 3480 3851 dogmatibus
3524 3801 3635 3840 non

2064 3863 2419 3930 discesserit,
2455 3865 2551 3919 scd
2580 3882 2703 3920 cum
2750 3865 2994 3922 Romana
3028 3868 3268 3927 Ecclesia
3314 3878 3633 3932 consentiat.

2061 3955 2266 4013 Deinde
2327 3961 2602 4026 quomodo
2664 3960 2854 4015 iisdem
2914 3974 3179 4032 perpetuo
3243 3966 3550 4032 adhaerere,
3582 3982 3639 4023 et

2061 4050 2200 4105 alios
2230 4050 2283 4104 in
2315 4049 2562 4105 fraudem
2616 4052 2891 4115 inductos,
2920 4063 3084 4124 atque
3115 4071 3143 4109 a
3190 4058 3417 4115 veritate
3447 4061 3637 4116 devios

2059 4143 2251 4198 eodem
2283 4145 2543 4199 reducere
2571 4145 2785 4210 debeat,
2817 4146 3028 4201 edocet.
3063 4147 3300 4201 Tandem
3337 4152 3476 4206 bene
3510 4169 3635 4222 prc-

2061 4244 2254 4299 catus,
2305 4244 2362 4289 et
2394 4236 2533 4291 bene
2587 4250 2808 4305 sperare
2856 4237 3100 4305 iubens,
3154 4248 3417 4307 quantum
3468 4244 3522 4296 in
3577 4259 3637 4299 se

2061 4336 2237 4391 esset,
2290 4342 2449 4396 opem
2479 4327 2715 4380 laturum
2750 4326 3058 4396 pollicetur.
3113 4325 3222 4384 llas
3277 4329 3483 4385 litteras
3513 4348 3636 4386 cum

2062 4417 2398 4487 I’ra'positus
2462 4419 2729 4473 attulisset
2765 4458 2779 4482 ,
2840 4419 2955 4489 ipse
3010 4419 3374 4489 Apocauchus
3438 4438 3640 4478 arcane

2063 4512 2314 4565 serwbat
2351 4548 2366 4573 ,
2413 4519 2473 4564 ut
2532 4511 2576 4563 si
2637 4509 2852 4579 quidem
2901 4512 3067 4581 petita
3129 4511 3234 4566 sibi
3288 4514 3531 4569 concede
3561 4527 3638 4579 et,

2065 4602 2202 4655 nihil
2237 4611 2524 4667 ntoveret;
2570 4601 2653 4655 sin
2685 4603 2867 4657 minus
2895 4641 2911 4665 ,
2965 4619 3060 4670 per
3115 4619 3208 4659 eas
3256 4604 3310 4659 in
3365 4618 3640 4660 conventu

2065 4694 2259 4755 lectas,
2290 4692 2526 4763 Jilebem
2577 4692 2641 4745 ad
2691 4692 2864 4763 ipsam
2912 4710 3015 4748 una
3052 4711 3176 4749 cum
3207 4696 3397 4751 Iibcris
3450 4699 3643 4753 interi-

2067 4786 2321 4840 mendam
2379 4784 2700 4838 concitaret.
2764 4785 2989 4839 Sciebat
3043 4787 3187 4840 enim
3249 4787 3302 4841 id
3355 4792 3643 4855 aegerrime

2070 4876 2298 4929 laturam
2334 4915 2350 4941 ,
2408 4873 2772 4943 facillimeque
2803 4874 2977 4928 cuivis
3030 4890 3088 4928 se
3152 4876 3563 4945 oppositurum,
3595 4882 3639 4932 si

2068 4980 2189 5021 eam
2228 4966 2545 5021 Latinorum
2597 4965 2818 5020 decreta
2875 4966 3210 5034 complexam
3265 4966 3638 5037 intelligeret:

2068 5058 2149 5112 sic
2197 5065 2370 5112 totum
2427 5073 2487 5112 se
2537 5057 2779 5127 Byzantii
2813 5099 2825 5122 ,
2882 5058 3295 5129 insularumque
3354 5060 3638 5130 imperium

2067 5149 2417 5216 adepturum.
2480 5149 2634 5216 Quod
2688 5151 2733 5205 si
2791 5150 2844 5204 id
2899 5164 3058 5205 secus
3121 5153 3409 5213 eveniret,
3465 5166 3643 5219 neque

2050 5242 2313 5314 ‘Byzautii
2346 5243 2413 5298 ad
2448 5244 2848 5312 imperatricem
2877 5259 3001 5298 cum
3048 5244 3235 5299 liberis
3264 5244 3641 5298 trucidandam

2069 5336 2495 5401 adducerentur,
2545 5347 2657 5388 tum
2729 5335 2890 5391 rebus
2922 5336 3225 5405 desperatis
3247 5376 3263 5400 ,
3316 5344 3410 5390 aut
3438 5336 3493 5390 in
3521 5353 3648 5392 arce

2072 5425 2414 5495 Magnacensi
2444 5424 2837 5491 munitissima,
2884 5435 2941 5480 et
2973 5440 3092 5495 qum
3125 5428 3220 5479 toti
3256 5426 3647 5481 Conistantino-

2071 5520 2178 5588 poli
2257 5529 2439 5584 posset
2494 5516 2786 5583 resistere,
2840 5532 2899 5572 se
2952 5517 3296 5572 includeret:
3343 5518 3510 5590 656
3556 5530 3650 5575 aut

2073 5609 2284 5664 triremi
2363 5609 2428 5662 ad
2508 5607 2765 5676 Epibatas
2817 5611 3134 5674 secederet,
3183 5607 3367 5677 ibique
3415 5609 3550 5664 liber
3584 5626 3650 5665 ac

2075 5716 2228 5765 suus,
2262 5699 2531 5769 reliquum
2557 5698 2657 5753 ιενὶ
2689 5707 2994 5769 perageret.

392 5798 488 5853 καὶ
540 5795 648 5853 τῶν
697 5794 881 5874 νήσων
928 5793 1072 5865 ἔχειν
1104 5795 1204 5867 τὴν
1241 5797 1436 5865 ἀρχήν.
1489 5795 1550 5848 Εἰ
1579 5794 1635 5848 δέ
1670 5795 1744 5866 μὴ
1815 5800 2154 5871 προχωροίη,
2196 5797 2331 5869 μηδέ
2403 5795 2676 5850 πείθοιντο
2704 5797 2752 5848 σί
2793 5793 3078 5862 Βυζάντιοι
3150 5795 3416 5865 βασιλίδα,
3462 5798 3555 5853 καὶ
3584 5799 3653 5853 τὰ

713 5895 981 5956 Parant.
1025 5895 1138 5955 Gn.
1181 5897 1380 5956 CLIII.

3256 5890 3331 5953 39
