4048 6432
407 364 545 432 1233

1528 371 2074 433 HISTORIARUM
2117 371 2347 430 LIBER
2390 372 2506 431 ΙΙΙ.

3504 371 3640 438 1234

399 479 604 542 ἀδείας.
667 479 883 532 Βασιλεῖ
933 482 1031 551 μὲν
1085 475 1180 535 οὖν
1236 481 1413 534 ἐδόκει
1468 484 1801 552 ἀμφοτέροις
1860 482 1969 534 δεῖν

2093 483 2272 546 .tttdio,
2302 493 2359 536 et
2385 483 2569 537 ambas
2605 498 2723 537 csse
2747 499 2961 538 summe
3002 486 3334 541 necessatias
3364 486 3640 555 judicans.

403 572 639 639 σπουδῆς
684 572 925 642 πολλῆς,
979 576 1072 627 καὶ
1120 573 1228 626 τῶν
1299 575 1750 640 ἀναγκαιοτάτων
1802 574 1968 643 ἄμφω

400 654 560 723 εἶναι,
593 663 686 712 καὶ
715 662 1011 731 ἐμερίζετο
1051 666 1163 724 τοῖς
1202 663 1510 731 λογισμοῖς.
1551 664 1879 732 Ἐκκλησίαν
1911 663 1968 715 δὲ

402 750 467 801 ἐκ
498 749 606 802 τῶν
630 751 691 801 ἐν
718 750 864 803 τέλει
901 753 1294 820 ποιησάμενος,
1325 756 1421 806 καὶ
1464 752 1673 821 Ἀμούρ
1704 754 1971 824 παρόντος

400 839 496 893 τοῦ
529 842 810 910 σατράπου
860 842 954 895 καὶ
1011 842 1403 911 Σουλιμὰν-τοῦ
1466 845 1720 914 Σαρχάνη
1755 845 1967 909 παιδὸς,

403 932 484 993 είς
538 932 716 983 κοινὸν
782 933 1067 999 προυτίθει
1135 932 1232 1002 τὴν
1297 932 1512 1003 βουλήν.
1575 936 1686 987 Καὶ
1750 935 1969 988 ἐκέλευε

406 1019 640 1088 γνώμην
691 1020 923 1081 ἕκαστον
977 1021 1242 1087 εἰσάγειν,
1279 1023 1312 1091 ἦ
1362 1022 1427 1074 ἂν
1482 1022 1539 1074 ἐν
1588 1026 1700 1086 τοῖς
1736 1022 1969 1092 παροῦσι

403 1113 588 1179 δοκοίη
633 1111 1053 1183 λυσιτελεστέρα
1102 1112 1268 1181 εἶναι,
1325 1117 1503 1169 ἐδόκει
1573 1116 1672 1185 μὲν
1709 1115 1802 1169 οὖν
1835 1117 1970 1169 πᾶσι

401 1205 567 1272 κοινῇ,
607 1205 742 1273 πρὸς
778 1205 1072 1269 Βυζάντιον
1135 1209 1277 1261 ἰτέον
1314 1203 1453 1260 εἶναι
1486 1208 1579 1261 καὶ
1610 1208 1682 1276 μὴ
1720 1206 1968 1277 μέλλειν·

402 1296 462 1345 οὐ
496 1296 605 1363 γὰρ
639 1297 709 1346 τὰ
765 1298 1063 1366 πράγματα
1106 1300 1304 1360 αὐτοὺς
1333 1298 1717 1368 ἁναμενοῦσιν»
1742 1299 1810 1349 ἂν
1851 1297 1972 1366 τρί-

404 1385 541 1437 εωσι
590 1385 681 1439 τὸν
735 1388 925 1457 καιρὸν
959 1389 1053 1441 καὶ
1099 1389 1456 1458 διαμέλλωσι.
1490 1388 1754 1451 Βασιλεὺς
1785 1388 1841 1440 δὲ
1872 1388 1971 1440 οὐκ

405 1476 583 1546 ὀρθῶν
633 1475 855 1547 ἔχεσθαι
907 1479 1183 1549 λογισμῶν
1242 1481 1313 1533 τὰ
1352 1480 1623 1550 είρημένα
1652 1480 1970 1534 ἀπεδείκνυ.

406 1570 545 1632 Τοὺς
579 1572 678 1634 μὲν
722 1572 829 1641 γὰρ
865 1572 1050 1639 φίλους
1096 1573 1454 1641 γεγραφέναι,
1484 1574 1559 1636 ώς
1600 1572 1971 1642 παρακοιμώ-

409 1674 572 1727 μενον
612 1660 973 1722 ἀπεκτονότες
1010 1663 1059 1714 oi
1102 1662 1422 1730 δεσμῶται,
1453 1662 1523 1714 τὰ
1555 1660 1969 1713 Κωνσταντίνου

405 1743 654 1809 βασίλεια
705 1745 860 1797 αὐτοὶ
910 1748 1196 1817 κατέσχονο
1225 1749 1419 1818 ἄδηλον
1453 1750 1508 1802 δέ
1555 1747 1695 1801 εἷναι
1741 1752 1790 1803 εί
1840 1767 1972 1803 κατ-

405 1832 592 1902 έχουσι
622 1836 717 1888 καὶ
765 1836 926 1907 μέχρι
978 1811 1115 1891 νῦνῗ
1142 1840 1203 1893 El
1241 1811 1338 1908 μὲν
1383 1841 1495 1911 γὰρ
1533 1840 1720 1895 ἅπασα
1749 1842 1782 1910 ή
1816 1841 1970 1903 πόλις
1999 1811 2049 1870 Β

405 1924 828 1994 προσεχώρησεν
861 1927 1030 1996 ἡμῖν,
1066 1929 1162 1980 καὶ
1215 1928 1369 1981 οὐδὲν
1418 1929 1646 1992 ἐκείνοις
1690 1929 1969 1999 ἐνοχλοῦσι

406 2011 497 2064 διὰ
543 2014 640 2080 τὴν
693 2013 909 2067 εὔνοιαν
940 2015 1039 2085 τὴν
1077 2017 1215 2086 πρὸς
1248 2017 1415 2086 ἡμᾶς,
1459 2018 1512 2070 τί
1538 2018 1621 2070 δεῖ
1668 2019 1971 2087 ταχυτῆτος

412 2102 548 2171 πρὸς
598 2104 861 2170 ἐκείνους,
928 2106 1055 2177 μήτ’
1091 2107 1273 2162 αὐτῶν
1311 2109 1500 2162 οὐδένα
1559 2110 1802 2162 κίνδυνον
1842 2110 1975 2162 ὐπο-

410 2194 722 2248 πτευόντων
743 2235 760 2258 .
793 2200 886 2252 καὶ
916 2197 1074 2268 ἡμῶν
1109 2197 1498 2269 ζημιουμένων
1527 2199 1616 2253 διὰ
1636 2201 1749 2270 ιτὴν
1779 2202 1974 2271 μέλλη-

411 2301 495 2337 σιν
531 2286 739 2355 μηδέν;
779 2288 828 2339 εί
859 2288 902 2340 δ’
942 2288 1132 2360 ὥσπερ
1171 2293 1439 2361 πρότερον
1466 2290 1620 2354 αὖθις
1652 2292 1972 2362 πολεμοῦσι,

411 2376 506 2430 καὶ
546 2378 901 2448 τειχομαχίας
951 2380 1088 2449 πρὸς
1145 2382 1341 2442 αὐτοὺς
1408 2384 1436 2433 ὀ
1485 2381 1655 2451 δῆμος
1698 2382 1975 2436 ποιοῦνται

411 2469 677 2531 ἐπιόντες,
711 2470 818 2539 οὐχ
849 2469 961 2539 ὁρῶ
988 2470 1087 2541 τὴν
1126 2470 1380 2537 δύναμιν,
1424 2472 1513 2540 ὑφ’
1540 2467 1607 2543 ἦς
1637 2474 1790 2526 αὐτοὶ
1820 2491 1975 2543 περι-

414 2561 751 2625 ποιὴσονταιε
790 2559 851 2612 τὸ
883 2561 1167 2630 φρούριονι
1197 2558 1323 2614 οὔτε
1362 2562 1472 2630 γὰρ
1504 2563 1687 2615 ὅπλων
1714 2563 1978 2632 εὐποροῦ-

416 2664 502 2700 σιν
532 2649 722 2703 ἄοπλοι
770 2651 866 2705 καὶ
902 2652 1179 2721 δεσμῶται
1234 2654 1418 2719 ὄντες,
1466 2653 1593 2738 οὐτε
1642 2655 1749 2707 τῶν
1791 2658 1957 2725 ἐπιτη

414 2740 575 2793 δείων
607 2742 742 2811 πρὸς
785 2743 1017 2814 τροφηνο
1047 2745 1116 2796 τὰ
1150 2744 1258 2812 γὰρ
1287 2747 1559 2812 ἀναγκαία
1599 2747 1755 2814 μόλις
1781 2747 1981 2819 ὲχορη⁴

416 2829 609 2897 γοῦντο
651 2831 799 2899 παρὰ
832 2832 940 2884 τῶν
979 2833 1235 2901 φυλάκων
1261 2836 1551 2907 γλίσχρως.
1600 2841 1742 2908 ιίρδς
1767 2840 1980 2902 τούτοις

417 2923 495 2986 δὲ,
534 2924 597 2976 οὐ
637 2924 771 2994 πρὸς
796 2923 854 2975 τὸ
896 2923 991 2976 τοῦ
1024 2925 1286 2993 φρουρίω
1326 2926 1555 2994 μέγεθος
1588 2930 1981 2998 ἐςαρκέσουσιν

418 3014 593 3080 ὀλίγοι
636 3014 810 3077 ὄντες,
863 3014 993 3068 αὐτό
1014 3050 1025 3069 ,
1046 3031 1107 3065 τε
1149 3014 1211 3065 τὸ
1239 3016 1503 3083 φρούριον
1534 3016 1709 3085 ἡμεὶη
1725 3017 1883 3084 μένον
1918 3018 1983 3069 ἐκ

2072 576 2181 629 huc
2223 575 2353 628 illuc
2397 574 2756 644 cogitationes
2788 575 3082 629 dividebat.
3117 575 3437 631 Convocatis
3481 577 3646 647 igitur

2072 666 2423 735 primoribus,
2470 666 2825 735 praseutibus
2871 666 2997 718 item
3052 667 3281 721 Amurio
3323 678 3557 734 satrapa.
3590 678 3642 720 et

2071 755 2350 809 Sttlimano
2396 751 2693 807 Sarcbanis
2745 753 2875 817 ﬁlio,
2913 769 3026 807 rem
3083 755 3135 808 in
3185 755 3631 816 disceptationem

2070 844 2313 906 adducit,
2342 845 2565 913 etquod
2603 845 2802 912 euique
2841 860 2937 912 pro
2978 854 3225 913 tempore
3273 845 3459 899 utilius
3492 846 3644 898 vide-

2074 947 2237 999 retur,
2276 935 2519 1006 proferre
2559 935 2612 988 in
2644 935 2878 990 medium
2906 936 3082 1003 jubet.
3115 935 3326 989 Placuit
3357 937 3422 989 ad
3472 950 3637 989 unum

2071 1026 2348 1086 omnibus,
2380 1026 2513 1078 citra
2539 1025 2944 1077 cunctationem
2970 1024 3263 1092 petendum
3299 1022 3637 1092 Byzantium;

2071 1132 2179 1170 non
2213 1117 2355 1170 enim
2398 1130 2489 1169 res
2523 1116 2667 1183 ipsas
2703 1123 3139 1182 exepcctaturas,
3178 1113 3220 1166 si
3248 1112 3640 1182 ipsicessaudo

2070 1207 2214 1260 diem
2247 1205 2565 1258 exemerint.
2597 1206 2665 1256 At
2697 1205 2988 1271 imperatur
3021 1203 3162 1255 dicta
3208 1216 3331 1255 cum
3382 1210 3641 1254 reclam-

2075 1298 2220 1350 tione
2267 1294 2413 1349 ba‘ud
2449 1293 2756 1348 consentire
2798 1293 3057 1346 ostendit.
3088 1292 3305 1345 Amicos
3357 1292 3643 1360 scripsisse

2073 1387 2315 1457 quidem,
2354 1384 2608 1454 praelecto
2639 1382 2871 1436 cubiculi
2898 1382 3098 1446 occiso,
3136 1382 3343 1435 vinctos
3369 1382 3616 1436 Constan

2076 1478 2172 1533 tini
2230 1476 2487 1546 palatium
2547 1486 2923 1528 tenet-ezessc
2987 1484 3165 1526 tamen
3220 1473 3276 1525 in
3345 1472 3640 1537 ambiguo,
3735 1459 3743 1463 ’

2077 1582 2257 1625 utrum
2293 1571 2472 1623 adhuc
2505 1577 2745 1622 teneant.
2777 1566 2831 1620 Si
2860 1565 3029 1630 cuitu,
3058 1565 3254 1635 inquit,
3278 1566 3531 1619 universa
3566 1565 3643 1618 ci-

2074 1665 2211 1718 vitas
2268 1669 2476 1723 nostra,
2510 1674 2684 1726 neque
2738 1659 2839 1712 illis
2896 1668 3116 1725 propter
3180 1655 3419 1709 studium
3471 1654 3642 1709 nostri

2073 1755 2370 1825 quidquam
2423 1752 2708 1805 molestum
2754 1757 2855 1811 est,
2891 1765 2989 1804 cur
3042 1750 3108 1803 ad
3138 1749 3260 1803 illos
3296 1747 3640 1812 festinemus,

2074 1843 2289 1914 quando
2317 1856 2419 1895 nec
2457 1839 2557 1901 ipsi
2610 1838 2908 1907 periculum
2944 1836 3107 1888 ullum
3160 1843 3430 1896 metuunt,
3460 1843 3514 1888 et
3543 1847 3646 1887 nos

2073 1952 2138 1991 ex
2166 1933 2423 1991 dilatione
2455 1929 2843 1984 detrimenttxm
2877 1926 3081 1980 nullum
3111 1923 3397 1993 capimus?
3426 1924 3541 1987 Sin,
3584 1930 3645 1978 ut

2074 2034 2200 2079 ante
2228 2024 2351 2084 bac,
2383 2035 2598 2074 rursum
2631 2019 2683 2072 in
2717 2016 2885 2069 armis
2925 2024 3073 2077 sunt,
3105 2024 3162 2068 et
3217 2012 3447 2083 pepulus
3488 2011 3638 2081 pala.
3703 2070 3709 2079 ι

2077 2117 2209 2169 tium
2243 2121 2540 2183 oppugnat,
2570 2127 2674 2163 non
2711 2110 2891 2173 video,
2924 2124 3028 2178 qua
3062 2109 3112 2160 vi
3139 2108 3191 2161 id
3219 2106 3485 2161 servaturi
3511 2107 3641 2169 sint;

2074 2222 2176 2260 nec
2205 2205 2350 2258 enim
2392 2217 2664 2256 armorum
2700 2200 2932 2253 facultas
2960 2207 3062 2262 est,
3097 2198 3367 2251 eum-sint
3408 2198 3655 2251 inermes

2076 2309 2278 2353 etcum
2326 2294 2568 2356 catenis;
2606 2305 2780 2359 neque
2829 2290 3025 2352 victus,
3059 2303 3219 2357 quem
3266 2286 3525 2341 custodes
3554 2286 3646 2339 vix

2076 2390 2142 2444 ad
2178 2389 2558 2440 necessitatem
2592 2383 2827 2435 tenuiter
2854 2379 3292 2447 suppeditabant.
3311 2376 3475 2446 660
3497 2375 3650 2429 Adde

2076 2479 2222 2549 quod
2250 2477 2314 2530 ad
2347 2473 2762 2543 amplitudinem
2814 2470 2994 2539 palatii
3023 2469 3301 2522 tutandam
3351 2469 3454 2533 ipst
3487 2460 3646 2534 pauci

2078 2588 2190 2626 non
2226 2568 2523 2630 sufﬁciunt,
2550 2563 2827 2634 quodjaut
2867 2562 3073 2632 pridem
3102 2561 3432 2630 neglectum,
3458 2565 3514 2610 et
3556 2556 3650 2609 de-

2081 2672 2315 2723 sertum,
2350 2658 2605 2714 facillime
2639 2656 2732 2725 qui
2764 2655 2913 2707 intus
2954 2660 3085 2707 sunt
3114 2652 3346 2720 prodent
3379 2666 3395 2700 :
3431 2657 3488 2702 ut
3518 2646 3650 2701 mibi

2083 2752 2302 2823 quidem
2325 2763 2652 2819 quacunque
2670 2744 2924 2807 intuenti,
2950 2742 3167 2796 dillicile
3200 2741 3470 2805 videatur,
3496 2753 3655 2807 posse

2082 2845 2203 2898 illos
2227 2850 2415 2896 contra
2434 2848 2638 2893 tantam
2677 2836 2784 2889 vim
2814 2834 3089 2890 resistere.
3110 2833 3166 2887 Si
3186 2847 3314 2886 vero
3339 2830 3482 2883 unde
3512 2828 3656 2882 unde

2083 2932 2344 2988 auxilium
2379 2927 2684 2988 consecuti,
2714 2936 2769 2980 et
2807 2926 2971 2979 rebus
3017 2924 3338 2977 necessariis
3370 2921 3658 2975 abundan-

2085 3034 2186 3084 tes,
2221 3036 2393 3090 usque
2423 3034 2573 3073 nunc
2619 3033 2678 3072 se
2712 3015 3095 3076 defenderunt,
3128 3023 3183 3067 et
3212 3014 3420 3067 diutius
3460 3026 3518 3066 se
3565 3011 3662 3064 de-

424 3104 635 3156 πολλῶν
675 3104 831 3168 ἐτῶν,
875 3105 1049 3173 ῥᾷστα
1101 3105 1369 3174 προδώσει
1415 3109 1541 3168 τοὺς
1572 3108 1808 3169 ἐνένταςο
1842 3108 1983 3161 ὥστε

2093 3114 2310 3168 l‘cndcre
2350 3120 2626 3181 poterunt,
2660 3124 2770 3163 non
2807 3122 2936 3163 sane
2966 3115 3184 3177 pmpter
3216 3106 3475 3159 incertam
3507 3117 3656 3171 spem

423 3194 610 3261 ἐμοίγε
645 3193 708 3245 ἐκ
768 3193 988 3246 πάντων
1039 3193 1221 3265 ἄπορα
1273 3192 1415 3249 εἶναι
1469 3195 1632 3258 δοκεῖ,
1667 3196 1991 3266 δυνήσεσθαι

425 3284 626 3347 αὐτοὺς
679 3285 815 3353 πρὸς
852 3284 1112 3338 τοσοῦτον
1159 3286 1397 3355 πόλεμον
1448 3287 1818 3354 ἀντισχὴσειν.
1853 3286 1914 3339 Εί
1946 3286 1991 3339 δ’

425 3377 778 3447 ὁθενδηποθεν
831 3378 1152 3447 ἐπικουρίας
1190 3378 1501 3431 ἀπέλαυσαν
1558 3394 1725 3440 τινος,
1759 3380 1852 3431 καὶ
1904 3378 1995 3431 εὐ-

428 3470 772 3539 πορήσαντες
805 3468 912 3520 τῶν
969 3470 1104 3537 πρὸς
1153 3471 1253 3536 τὴν
1303 3470 1493 3539 χρείαν
1554 3471 1821 3540 αιτέσχον
1864 3470 1994 3540 ἄχρι

428 3561 545 3622 νύν,
578 3562 673 3613 καὶ
707 3560 873 3629 μέχρι
904 3559 1103 3613 πολλού
1128 3561 1456 3629 δυνήσονται
1487 3560 1995 3624 ἀντικαθίστασθαι,

428 3652 489 3703 οὗ
548 3650 613 3719 δὴ
660 3650 729 3702 δι’
777 3650 967 3702 ἐλπίδα
1021 3649 1218 3718 ἄδηλον
1263 3654 1368 3702 τῶν
1421 3651 1491 3701 ἐν.
1536 3652 1723 3719 χερσὶν
1775 3651 1996 3718 ἀγαθῶν

429 3741 766 3810 ἀποσχέσθαι
802 3741 1155 3810 δέον..Φεραὶ
1212 3740 1317 3810 γὰρ
1365 3741 1426 3794 οὐ
1482 3742 1661 3811 φαύλη
1700 3743 1856 3804 πόλις
1903 3744 1997 3796 καὶ

432 3834 518 3886 οἶα
558 3832 1064 3903 καταφρονηθῆναι,
1108 3833 1244 3884 ἀλλὰ
1276 3834 1490 3902 μεγάλη
1548 3850 1608 3885 τε
1653 3835 1749 3887 καὶ
1781 3835 1997 3903 θαυμα-

435 3925 542 3987 σία,
576 3928 671 3976 καὶ
711 3923 988 3990 ἀναγκαία
1042 3926 1109 3992 τῇ
1162 3923 1450 3991 Ῥωμαίων
1508 3926 1650 3996 ἀρχῇ
1712 3928 1995 3998 παρεῖναι.

435 4016 514 4067 Δι’
541 4013 576 4066 ἀ
605 4015 715 4065 δεῖν
767 4015 951 4081 οῐομαι
986 4015 1083 4080 τὴν
1135 4014 1233 4083 μὲν
1261 4014 1431 4085 ἄλλην
1470 4015 1689 4069 ἅπασαν
1735 4019 1998 4089 στρατιὰν

436 4107 527 4158 ἐπὶ
574 4106 863 4168 Βυζάντιον
901 4107 1099 4174 χωρεῖν
1140 4105 1335 4159 αὐτίκα
1361 4145 1375 4169 ,
1430 4108 1531 4176 ἐμὲ
1583 4108 1639 4161 δὲ
1669 4109 1999 4179 τρισχιλίους

439 4198 826 4267 παραλαϐόντα
863 4196 1224 4266 στρατιώτας,
1288 4198 1581 4266 ἀφικέσθαι
1644 4202 1723 4263 εἰς
1783 4201 1996 4269 ψεράς.

439 4294 534 4345 καί⁵
582 4292 711 4362 μίαν
759 4292 970 4361 ἡμέραν
1004 4290 1234 4351 ἐκείνοις
1261 4293 1707 4359 ,συγγενόμενοι
1735 4294 1827 4343 καὶ
1868 4306 2003 4361 προ-

438 4385 587 4444 νοίας
624 4382 932 4448 ἀξιώσαντά
970 4397 1135 4443 τινος,
1166 4380 1363 4433 ἔπειτα
1392 4383 1487 4433 καὶ
1519 4382 1645 4443 τοὺς
1688 4382 1759 4432 τὰ
1809 4380 2001 4450 Κράλη

2091 3206 2258 3267 bona,
2290 3220 2412 3273 qum
2439 3202 2495 3256 in
2523 3201 2772 3271 manibus
2802 3208 2950 3264 sunt,
2984 3199 3221 3268 abjicere
3255 3205 3487 3265 Oportet.
3538 3194 3657 3247 Non

2092 3296 2238 3349 enim
2261 3294 2478 3364 exigua,
2513 3302 2565 3345 ct
2596 3300 2913 3359 contempla
2949 3290 3078 3344 urbs
3109 3288 3320 3350 Pherae,
3353 3285 3453 3340 sed
3479 3285 3660 3353 ampla

2092 3394 2150 3440 et
2187 3384 2435 3448 illustris,
2472 3392 2527 3437 et
2565 3398 2593 3435 a
2621 3398 2725 3450 qua
2785 3380 3091 3434 Romanum
3153 3377 3443 3445 imperium
3505 3373 3662 3427 valde

2093 3475 2350 3545 pendeat.
2378 3473 2556 3539 Quare
2593 3470 2802 3539 reliquo
2846 3468 3106 3524 exercitui
3154 3466 3298 3520 nulla
3342 3464 3663 3533 interposita

2097 3580 2248 3619 mora
2287 3563 2603 3634 Byzantium
2655 3559 3095 3616 contendendum
3125 3596 3141 3622 ,
3195 3557 3327 3611 mihi
3362 3559 3504 3610 vero
3538 3571 3662 3609 cum

2098 3658 2274 3712 tribus
2310 3657 2548 3710 millibus
2599 3655 2802 3708 Pheras
2850 3651 3342 3721 proﬁciscendum:
3380 3649 3452 3703 ibi
3499 3662 3695 3701 unum~

2099 3749 2244 3802 diem
2290 3763 2415 3801 cum
2448 3746 2656 3801 civibus
2691 3745 3023 3812 ponendum,
3075 3742 3347 3809 rebusque.
3389 3748 3668 3805 utcunque

2100 3839 2386 3908 inspectis,
2421 3847 2477 3893 et
2506 3837 2842 3905 compositis,
2873 3844 2930 3889 et
2970 3833 3235 3888 Cralianis
3280 3831 3543 3900 expulsis,
3578 3844 3667 3883 re-

2100 3931 2420 3985 vertendum
2469 3929 2683 3998 Opinor.
2732 3928 2885 3981 Alias
2939 3937 3120 3980 autem
3180 3925 3391 3993 copias,
3443 3932 3664 3992 propter

2101 4022 2528 4086 multitudinem,
2549 4033 2934 4087 armorumque
2961 4018 3174 4089 pondus
3198 4015 3443 4069 crebrius
3464 4023 3669 4068 castra-

2104 4124 2391 4190 ntetantes,
2428 4128 2527 4167 nos
2576 4112 2756 4181 pauci,
2789 4122 2844 4165 et
2891 4111 3084 4165 leviter
3136 4106 3353 4171 armati,
3385 4113 3548 4173 atque
3594 4103 3675 4157 id-

2102 4211 2251 4265 circo
2286 4206 2534 4274 expedite
2577 4201 3131 4268 ambulantes,.facile
3186 4212 3582 4266 assequemur:
3619 4205 3675 4248 et

2105 4303 2178 4355 ita
2208 4299 2398 4354 Pheris
2440 4306 2602 4350 tanta:
2641 4280 3166 4356 urbiconsulemus,
3196 4301 3249 4344 et
3277 4289 3674 4359 profectionem

2107 4385 2463 4457 Byzantinam
2499 4381 2635 4435 nihil
2674 4382 3027 4434 morabimur.
3063 4379 3218 4444 Quod
3253 4379 3295 4431 si
3327 4394 3385 4431 re
3416 4378 3673 4445 quapiam

444 4474 759 4545 ᾑρημένους
792 4471 1006 4525 ἐκεῖθεν
1032 4472 1399 4536 ἐξελάσαντα,
1425 4467 1582 4533 αὖθις
1620 4471 1991 4539 ἀναστρέφειν

2112 4476 2417 4537 necessaria
2442 4472 2661 4536 defecti,
2695 4470 3012 4542 Byzantium
3054 4484 3200 4522 nunc
3228 4484 3335 4522 non
3370 4467 3675 4521 obtinueri-

443 4568 555 4632 Τῆς
598 4566 764 4635 ἄλλης
801 4565 859 4618 δὲ
893 4568 1151 4635 στρατιᾶς
1181 4564 1268 4617 διὰ
1321 4563 1626 4634 βαρύτητα,
1674 4565 1771 4615 καὶ
1803 4562 2008 4627 πλῆθος

446 4660 786 4727 πυκνοτέροις
839 4657 935 4719 τὰς
980 4655 1408 4727 στρατοπεδείας
1447 4656 1781 4724 ποιουμένης
1808 4698 1821 4718 ,
1849 4654 2010 4706 ὐστε·

451 4752 691 4821 ρὴσομεν
752 4749 875 4802 οὐδὲ
907 4748 1061 4800 αὐτοὶ
1092 4747 1368 4810 εὐσταλεῖς
1397 4763 1457 4799 τε
1488 4746 1639 4809 ὄντες
1680 4748 1774 4798 καὶ
1811 4744 2011 4812 ὀλίγοι,
2038 4734 2041 4737 ’

450 4847 541 4897 καὶ
584 4845 711 4915 ῥᾷον
765 4841 862 4909 τὴν
912 4842 1219 4909 ὁδοιπορίαν
1274 4838 1582 4901 διανροντες
1611 4852 1625 4868 ⁸
1666 4838 1761 4889 καὶ
1814 4836 1914 4904 τήν
1954 4851 2014 4885 τε

453 4939 709 5008 πρόνοιαν
754 4933 1094 5003 ποιησόμεθα
1149 4933 1335 5002 Φερῶν
1392 4929 1727 4999 τηλικαύτης
1785 4927 2013 4991 πόλεως,

456 5032 550 5084 καὶ
579 5029 714 5099 πρὸς
744 5029 841 5095 τὴν
870 5010 950 5085 εἰς
996 5023 1288 5085 Βυζάντιον
1316 5021 1625 5087 ὁδοιπορίαν
1662 5016 2018 5085 ζημιωσόμε-

455 5126 524 5178 θα
553 5120 725 5173 οὐδέν.
750 5119 813 5171 El
843 5117 899 5168 δέ
928 5131 1074 5175 τινος
1121 5114 1544 5177 ἀπολειπόμενοι
1585 5110 1679 5161 καὶ
1717 5108 1827 5159 τῶν
1865 5106 2018 5158 δεον.

456 5234 585 5276 των,
637 5215 699 5265 οὐ
748 5204 1173 5278 περιγενοίμεθα
1223 5202 1316 5255 τοῦ
1370 5201 1664 5265 Βυζαντίου
1724 5198 1818 5249 νῦν
1847 5236 1861 5260 ,
1903 5198 2021 5249 ἀλλ’

458 5307 700 5376 εζσαῦθις
737 5304 943 5368 ἔξεστιν
994 5282 1093 5351 οὐκ
1147 5295 1391 5362 ἀγενιεῖς
1442 5291 1573 5361 περὶ
1605 5288 1770 5341 αὐτοῦ
1801 5287 2023 5349 ἐλπίδας

464 5400 629 5469 ἔχειν.
661 5392 827 5464 Φεραὶ
866 5390 921 5443 δὲ
959 5390 1006 5442 εί
1033 5388 1393 5457 ἀμεληθεῖσαι
1426 5385 1531 5436 ὐπὸ
1568 5381 1791 5451 Κράλην
1817 5380 2026 5448 γένοιν-

384 5551 392 5558 ,
463 5508 546 5554 το,
587 5487 754 5546 αὐτάς
810 5499 868 5535 τε
917 5478 1301 5542 ἀνασώζεσθαι
1350 5475 1505 5536 ἐλπὶς
1559 5473 1742 5525 οὐκέτι
1772 5470 2021 5538 οὐδεμία,

463 5584 558 5635 καὶ
593 5579 688 5640 τὰς
719 5575 884 5636 ἄλλας
927 5573 1026 5639 τῆς
1079 5568 1416 5630 Μακεδονίας
1456 5566 1662 5627 πόλεις,
1695 5563 1887 5633 ῶσπερ
1920 5580 2023 5632 με-

464 5671 643 5740 Μριον
677 5665 903 5734 κειμένη
957 5662 1059 5728 τῆς
1113 5660 1278 5729 ἄλλης
1339 5657 1514 5726 ἀρχῆς
1559 5656 1851 5724 Ῥωμαίων
1908 5654 2025 5706 δια.

467 5764 676 5831 τέμνει.
708 5760 772 5812 "A
806 5758 912 5827 χρὴ
940 5753 1197 5824 συνορᾷν,
1228 5750 1324 5804 καὶ
1367 5752 1440 5819 μὴ
1476 5748 1684 5818 ἀδήλων
1727 5745 1910 5807 ἕνεκα,
1955 5745 2023 5798 τὰ

2114 4585 2255 4633 tuus,
2288 4577 2464 4620 tamen
2496 4565 2790 4634 ingenuam
2832 4577 2979 4631 spem
3030 4562 3149 4628 ejus
3188 4561 3365 4651 adimo
3396 4558 3674 4613 obtinendi

2115 4662 2314 4716 habere
2362 4659 2544 4712 liceat.
2583 4655 2679 4709 Sin
2729 4655 2918 4709 Pherae
2965 4653 3296 4723 negligentia
3343 4662 3524 4706 nostra
3577 4652 3680 4705 sub

2119 4752 2293 4809 Cralis
2321 4760 2637 4820 potestatem
2671 4747 2940 4811 venerint,
2962 4746 3106 4815 ipsas
3141 4744 3497 4814 recuperandi
3533 4742 3681 4796 nulla

2120 4859 2245 4914 spes
2273 4841 2546 4912 supererit
2575 4858 2590 4907 ;
2641 4855 2740 4894 nec
2768 4839 2901 4893 alias
2945 4837 3111 4892 urbes
3156 4835 3504 4895 Macedonia},
3540 4834 3684 4887 inter

2119 4948 2256 5004 quas
2303 4934 2451 4986 velut
2499 4930 2795 4985 conlinium
2841 4929 2965 4993 sita,
3000 4944 3031 4981 a
3058 4936 3255 4982 caetero
3293 4925 3520 4995 imperio
3574 4922 3686 4976 lio-

2120 5038 2284 5077 mano
2329 5038 2422 5077 eas
2467 5022 2680 5076 dividit.
2717 5020 2849 5085 Quae
2895 5018 3211 5072 aestimanda
3251 5026 3398 5079 sunt,
3429 5031 3529 5068 nec
3584 5029 3685 5081 pro

2124 5114 2350 5169 incertis
2375 5123 2522 5167 certa
2555 5111 2897 5167 dimittenda.
2928 5108 3077 5162 Talia
3126 5108 3420 5175 imperator
3451 5105 3501 5156 itt
3557 5118 3690 5157 rou-

2123 5204 2246 5258 silio
2276 5218 2561 5273 procerum
2594 5202 2876 5267 suadebat,
2918 5210 2974 5254 et
3018 5198 3381 5270 persuadeltat
3415 5176 3683 5264 plttrimis.

2124 5294 2382 5349 Amurius
2412 5308 2561 5357 vero,
2592 5303 2646 5346 et
2676 5293 3009 5354 Sulintanus,
3048 5291 3249 5357 aliique
3291 5287 3469 5341 Persae
3509 5288 3687 5353 palam

2132 5391 2539 5454 responsantes,
2588 5398 2776 5452 parum
2819 5382 3023 5435 utiliter
3068 5378 3411 5435 consuluisse
3450 5376 3687 5427 allirma-

2126 5478 2301 5531 bant:
2345 5490 2466 5529 cum
2508 5473 2575 5529 de
2618 5473 2877 5545 Byzantio
2909 5480 3122 5540 agatur,
3156 5481 3212 5526 et
3261 5477 3408 5522 tanta
3460 5482 3584 5536 spes
3615 5465 3690 5519 af-

2130 5566 2358 5637 l‘ulgeat,
2392 5565 2486 5620 illo
2536 5565 2780 5635 neglecto
2817 5563 2884 5617 ad
2926 5562 3093 5625 aliud,
3127 5559 3379 5631 quamvis
3425 5556 3689 5626 Optimum

2132 5657 2393 5713 converti.
2432 5654 2547 5712 Non
2588 5654 2731 5709 enim
2783 5652 2854 5705 illi
2888 5667 3009 5705 cum
3055 5651 3270 5705 caeteris
3314 5645 3595 5710 Romanis,
3622 5643 3695 5698 de

2134 5762 2240 5801 una
2279 5758 2370 5802 aut
2410 5746 2619 5801 duabus
2654 5743 2897 5813 urbibus,
2933 5742 3025 5797 sed
3062 5743 3126 5797 de
3163 5750 3275 5797 toto
3309 5736 3471 5796 simul
3514 5737 3695 5807 intpe~
