4048 6432
357 379 380 454 1
396 383 491 454 257

1468 376 2018 440 HISTORIARUM
2062 377 2295 440 LIBER
2338 376 2457 436 ΙΙΙ.

3473 372 3495 437 1
3507 321 3617 441 958

351 506 413 558 τὸ
438 504 600 572 ἔργον
630 494 894 559 ὑποστὰς,
927 492 1106 564 ὥθησε
1141 491 1200 545 τδ
1233 490 1385 561 ξίφος
1413 492 1556 544 κατὰ
1579 489 1685 543 τῶν
1719 488 1922 555 σπλάγ-

2036 487 2219 543 medio
2247 485 2597 563 recedentes,
2628 482 2872 543 latibulis
2904 499 2963 541 se
2995 486 3257 543 condunt.
3286 479 3416 558 Ejus
3446 499 3624 548 morte
3650 566 3663 571 _

348 609 516 664 χνων,
547 589 642 642 καὶ
686 586 1028 643 ἀπέκτεινεν.
1087 583 1264 646 Εὐθὺς
1319 583 1416 653 μὲν
1448 581 1544 637 οὖν
1591 585 1643 635 οἱ
1674 583 1926 655 Ζηλωταὶ

349 682 694 754 ὑπεχώρουν,
741 680 834 732 καὶ
895 676 1220 731 κατεδύοντο
1275 676 1357 739 είς
1401 673 1730 745 χηραμούςο
1766 674 1795 727 ὃ
1863 689 1924 724 τε

347 777 520 845 δῆμος
548 772 706 826 οὐδὲν
731 769 874 839 ὑπὲρ
921 766 1017 822 τοῦ
1060 765 1322 829 πεσόντος
1370 764 1782 834 ἠγανάκτησεν.
1816 758 1924 816 Ἦν

346 865 455 933 γὰρ
504 860 629 914 οὐδὲ
673 860 942 930 πρότερον
984 856 1170 919 καλῶς
1225 854 1571 924 διακείμενος
1620 854 1752 924 περὶ
1796 855 1926 916 τοὺς

345 954 605 1025 Ζηλωτάς
632 969 647 983 ⁸
677 949 819 1021 ἦσαν
867 949 975 1020 γάρ
1014 947 1219 1016 ὁμοίως
1248 947 1344 1000 καὶ
1374 947 1505 1016 περὶ
1534 945 1605 999 τά
1634 945 1778 1008 θεῖα,
1816 945 1925 998 ὥσ-

346 1065 455 1117 περ
487 1051 584 1100 καὶ
603 1046 734 1115 περὶ
762 1044 830 1097 ea
849 1043 1168 1114 ἀνθρώπινα
1196 1040 1533 1111 ὑϐρίζοντες,
1585 1039 1681 1092 καὶ
1721 1038 1925 1108 πολλὴν

347 1136 784 1206 ἐπιδεικνύμενοι
840 1136 941 1206 τὴν
978 1132 1311 1205 μοχθηρίαν.
1343 1132 1418 1186 Ού
1467 1133 1633 1202 μόνον
1667 1132 1781 1201 γὰρ
1808 1131 1927 1201 nata

340 1248 478 1285 atouv
534 1229 729 1290 ἀδεῶς.
761 1229 855 1281 καὶ
910 1225 1234 1295 διεπόρθουν
1269 1226 1371 1294 τὴν
1433 1223 1622 1294 χώραν
1650 1225 1922 1286 ὶπιόντες,

345 1322 441 1376 καὶ
464 1320 566 1384 τὰς
609 1319 801 1381 κοινὰς
835 1317 1128 1390 συμφορὰς
1166 1316 1424 1386 ἀφορμὰς
1447 1315 1761 1383 ποιούμενοι
1787 1313 1925 1377 ιδίας

342 1413 676 1483 εὐπραγίας,
712 1411 853 1466 ἀλλά
907 1410 1006 1465 καὶ
1047 1410 1191 1464 κατὰ
1238 1409 1337 1473 τὰς
1385 1408 1583 1474 ἀγυιὰς
1627 1406 1927 1478 δεξαμενάς

342 1522 495 1567 τινας
530 1502 725 1566 ὓδατος
773 1500 1134 1572 πληροῦντες,
1161 1497 1284 1554 εἶτα
1317 1499 1412 1554 καὶ
1437 1499 1782 1568 ὐφάπτοντες
1817 1517 1922 1569 κη-

345 1595 493 1665 ροὺς,
525 1598 680 1656 τινὰς
709 1596 819 1648 τῶν
847 1596 916 1647 τὰ
945 1592 1412 1662 Καντακουζηνοῠ
1436 1592 1677 1664 ᾑρῆσθαι
1704 1593 1926 1648 δοκούν-

342 1702 449 1742 των
481 1686 770 1755 βασιλέως,
811 1686 1284 1756 συλλαμϐάνοντες
1319 1684 1481 1749 ὄντας
1508 1685 1572 1739 ὲκ
1600 1685 1694 1738 τοῦ
1722 1685 1920 1757 δήμου,

2037 578 2281 650 ρορυιυε,
2318 577 2457 633 nihil
2504 556 2707 645 doluit,
2743 578 2946 649 alioqui
2996 579 3160 635 etiam
3211 596 3240 636 a
3273 556 3463 637 zelotis
3494 566 3663 663 aut»;

2028 686 2156 738 nus,
2188 669 2357 744 674
2387 670 2659 742 siquidem
2705 672 2889 727 divina
2924 684 2979 729 et
3020 675 3256 729 humana
3278 675 3401 744 jura
3429 683 3625 730 eontu-
3652 654 3663 663 ’
3724 654 3767 747 ί

2032 764 2260 821 melioSe
2311 779 2378 821 ac
2432 766 2664 822 sceleste
2691 766 2995 822 violabant.
3024 756 3142 822 Non
3181 767 3324 824 enim
3356 760 3624 826 duntaxat
3652 836 3659 845 δ

2032 856 2241 928 absque
2274 857 2386 912 ullo
2422 867 2571 913 metu
2603 859 2920 931 irrogabant
2951 860 3207 932 injurias,
3237 862 3657 941 regionemque,

2030 947 2406 1015 devastabant,
2442 959 2500 1004 et
2545 965 2611 1006 ex
2656 951 3040 1007 communibus
3076 952 3319 1008 miseriis
3359 969 3489 1010 suas
3519 944 3655 1011 sibi‘

2030 1039 2322 1096 felicitates
2373 1040 2815 1110 comparabant:
2864 1041 2963 1098 sed
3014 1051 3069 1097 et
3107 1059 3204 1114 per
3241 1044 3393 1101 vicos
3450 1046 3623 1113 urbis,

2029 1132 2182 1188 soliis
2214 1148 2357 1202 aqua
2412 1134 2637 1201 repletis
2695 1140 2750 1187 et
2812 1135 2988 1191 cereis
3049 1137 3322 1201 accensis,
3355 1138 3621 1207 quosdam

2029 1228 2098 1278 de
2153 1223 2353 1298 plebe,’
2410 1224 2503 1293 qui
2560 1223 2943 1281 Cantacuzeno
3020 1224 3208 1282 favere
3269 1227 3621 1297 videbantur,

2028 1314 2483 1384 comprehensos,
2532 1313 2681 1368 velut
2729 1314 2824 1383 qui
2878 1330 2975 1383 per
3009 1317 3132 1384 ejus
3171 1318 3621 1375 communionem

2027 1405 2363 1477 baptismum
2398 1407 2731 1476 ejurassent,
2770 1407 2953 1465 denuo
2982 1409 3313 1479 lustrabant,
3373 1430 3437 1469 ac
3486 1431 3626 1485 prae-

2028 1508 2311 1557 tereuntes
2358 1504 2718 1557 constitutum
2765 1503 3003 1571 pretium
3031 1503 3098 1559 ad
3132 1501 3297 1561 feries
3325 1508 3613 1578 agitandas

2026 1592 2297 1661 jtfbebant
2350 1592 2690 1662 persolvere.
2724 1590 2830 1658 Qui
2868 1593 2915 1649 si
2969 1595 3300 1665 abnuerent,
3331 1600 3516 1655 statim
3566 1600 3621 1656 in

2027 1682 2394 1754 suspicionem
2442 1683 2925 1740 Cantaeuzeuismi
2980 1685 3317 1753 incidebant,
3377 1690 3625 1745 et’ludi-

342 1780 706 1843 ἀνεϐἀπτιςον
758 1781 835 1841 ὡς
878 1777 1332 1846 ἀπομοσαμὲνους
1386 1776 1448 1830 τὸ
1483 1776 1770 1847 βάπτισμα
1833 1777 1922 1831 διὰ

2033 1776 2169 1843 briis
2200 1775 2312 1832 illis
2336 1776 2541 1832 oﬂ‘endi
2591 1777 2953 1846 putabantur.
2979 1777 3248 1835 Praeterea
3282 1780 3336 1835 in
3363 1783 3627 1853 cauponis

341 1872 439 1941 τὴν
471 1871 686 1924 ἐκείνου
727 1870 1020 1923 κοινωνίαν
1046 1885 1061 1899 ο
1090 1869 1218 1932 τούς
1244 1886 1306 1922 τε
1325 1869 1626 1940 παριόντας
1668 1871 1922 1925 ἐκέλευον

2030 1882 2202 1938 usque
2230 1867 2299 1923 ad
2325 1866 2649 1924 ebrietatem
2672 1878 3046 1940 perpotantes,
3070 1871 3397 1930 Christianis
3429 1885 3627 1949 myste-

340 1964 606 2034 ἀργύριον
643 1963 810 2034 ῥητὸν
850 1960 1241 2016 κατατίθεσθαι
1286 1964 1365 2026 είς
1390 1963 1493 2032 τὴν
1518 1963 1730 2034 ζὲορτήν
1763 1978 1779 1993 ·
1827 1967 1922 2016 καὶ

2027 1959 2125 2014 riis
2182 1958 2510 2027 illudebant,
2564 1961 2809 2031 patiente
2887 1969 2944 2016 et
3013 1961 3245 2017 fulmina
3299 1966 3624 2023 continente

337 2055 406 2127 ἦν
439 2051 659 2126 ἀνάγκη
694 2056 960 2127 πράττειν
1013 2055 1156 2109 κατὰ
1197 2054 1260 2109 τὸ
1294 2056 1520 2109 ἐκείνων
1546 2055 1856 2124 κέλευσμα,
1888 2057 1920 2126 ἢ

2027 2049 2212 2104 divina
2238 2049 2505 2121 ,justitiaa
2538 2049 2785 2116 Quorum
2840 2051 3075 2107 nefanda
3106 2053 3349 2109 ,scelera
3387 2059 3623 2128 populus
3679 2088 3682 2091 -
3719 2128 3725 2134 .

338 2148 748 2204 ὑποπτεύεσθαι
798 2147 1002 2201 αὐτίκα
1052 2141 1159 2217 ἦν.
1207 2145 1284 2210 ὡς
1334 2147 1404 2200 τά
1460 2147 1920 2218 Καντακουζηνοῡ

2027 2157 2251 2209 exosus,
2277 2153 2333 2197 ct
2363 2143 2598 2199 antehac
2625 2142 2887 2213 quasdam
2910 2144 2982 2200 ob
3010 2159 3210 2203 causas
3236 2150 3621 2216 exacerbatus,

335 2243 433 2296 τοῦ
494 2241 763 2312 βασιλέως
815 2239 1118 2312 ᾑρημένον,
1158 2239 1272 2293 ’καὶ
1316 2239 1619 2312 ἀχθόμενον
1653 2243 1794 2311 πρὸς
1820 2242 1922 2311 τὴν

2027 2235 2232 2291 zelotas
2262 2234 2562 2291 nonnullos
2595 2234 2651 2290 in
2695 2234 2943 2304 Deiparze
2976 2253 3086 2292 non
3118 2240 3436 2297 manufacto
3467 2252 3625 2299 tem-

337 2334 679 2404 ἑρεσχελίαν.
711 2332 877 2385 Μετὰ
906 2330 1065 2385 τοῦτο
1090 2332 1146 2385 δὲ
1180 2329 1559 2402 μεθύοντες.ὲν
1585 2332 1916 2404 καπηλείοις

2027 2332 2115 2399 plo
2163 2326 2277 2398 (60)
2327 2329 2536 2398 absque
2588 2328 2968 2385 misericordia
3023 2332 3233 2387 occidit
3262 2350 3277 2388 ι
3306 2348 3476 2390 unum
3527 2352 3624 2408 per

338 2432 432 2481 καὶ
460 2428 529 2480 τά
560 2426 697 2481 ἀλλα
727 2423 1067 2496 ἐξωρχοῦντο
1091 2422 1202 2479 τῶν
1227 2424 1573 2496 Χριστιανῶν
1613 2427 1917 2498 μυστήρια,

2027 2421 2205 2476 forum
2245 2422 2434 2485 traxit,
2482 2421 2866 2493 lapidibusque
2922 2435 2980 2479 et
3021 2424 3186 2496 lignis
3215 2428 3395 2483 obviis.
3432 2430 3623 2485 tandiu

334 2522 435 2589 τῆς
469 2519 627 2587 δίκης⁵
655 2517 1018 2588 ἀνεχομένης,
1065 2518 1160 2570 καὶ
1184 2515 1536 2585 ἀμελούντων
1566 2518 1678 2570 τῶν
1710 2534 1918 2588 κεραυ-

336 2611 465 2664 νῶν.
505 2606 608 2663 Ὧν
651 2610 753 2681 τὴν
792 2608 1030 2663 ἀτοπίαν
1082 2607 1322 2678 μισήσας
1369 2607 1467 2662 καὶ
1496 2610 1526 2662 ὁ
1554 2608 1754 2678 δῆμος,
1787 2610 1923 2680 πρό-

335 2705 494 2776 ςτερόν
515 2720 575 2756 τε
615 2702 680 2755 ἐκ
708 2718 874 2756 τινων
892 2700 1085 2755 αἰτιῶν
1100 2700 1489 2771 κεκινημένος,
1518 2700 1631 2755 τῶν
1649 2702 1922 2773 Ζηλωτῶν

335 2815 491 2860 τινας
544 2798 604 2849 ἐν
640 2795 719 2864 τῷ
742 2794 843 2863 τῆς
888 2792 1157 2846 Θεοτόκου
1193 2792 1296 2863 τῆς
1353 2793 1774 2865 ἀχειροποιήτου
1829 2814 1921 2850 τε-

340 2891 491 2960 μένει
518 2890 647 2952 τοὺς
680 2887 779 2955 μὲν
809 2885 1140 2954 ἀπέσφαξαν
1169 2885 1438 2957 ἀνηλεῶς,
1472 2887 1571 2942 ἕνα
1599 2888 1659 2942 δὲ
1690 2891 1787 2943 καὶ
1829 2890 1919 2946 διά

336 2984 435 3051 τῆς
452 2981 667 3051 ,ἀγορᾶς
693 2978 1019 3048 κατέσυραν,
1048 2976 1222 3041 λίθοις
1252 2977 1544 3048 βάλλοντες
1587 2981 1685 3035 καὶ
1735 2981 1919 3048 ξύλοις

2024 2513 2296 2583 impetivit
2339 2529 2405 2571 ac
2457 2515 2730 2580 contudit,
2769 2516 2945 2571 donec
3003 2518 3243 2574 animam
3293 2523 3619 2592 exspiraret,

2024 2604 2183 2661 Tunc
2212 2607 2401 2676 itaque
2434 2606 2506 2662 ob
2536 2605 2782 2663 occisum
2826 2604 3192 2681 Palteologum
3228 2611 3376 2667 haud
3418 2614 3626 2671 irasce-

2024 2694 2205 2762 batur,
2236 2696 2334 2752 sed
2377 2696 2550 2753 libere
2580 2704 2636 2762 et
2683 2697 2862 2768 palam
2891 2709 3115 2769 propter
3150 2700 3437 2759 submotos
3469 2704 3627 2761 Zelo-

2027 2798 2111 2857 tas
2164 2787 2376 2845 laetitiis
2425 2788 2732 2845 incedebat.
2762 2790 3126 2861 Apocauchus
3171 2786 3321 2850 solus
3346 2795 3459 2866 jam
3491 2814 3627 2869 prac-

2023 2879 2224 2945 fcctus,
2265 2880 2463 2941 amicis
2508 2880 2861 2953 imperatoris
2894 2899 3005 2939 non
3043 2900 3267 2955 parvam
3309 2889 3623 2948 libertatem

2022 2972 2399 3042 impertiebat,
2455 2973 2686 3043 ipseque
2741 2974 3063 3032 earumdem
3114 2994 3175 3034 se
3226 2982 3469 3050 partium
3500 2999 3626 3041 esse

335 3075 447 3134 τοῖς
478 3069 897 3142 προστυχοῦσιν,
930 3070 1037 3133 ἕως
1079 3070 1395 3124 ἀπέπνευσε
1446 3070 1767 3143 συρόμενος,
1821 3074 1917 3129 καὶ

2027 3078 2131 3118 non
2169 3062 2578 3141 dissimulabat,
2602 3074 2657 3121 et
2709 3064 2926 3139 Zelotas
2975 3068 3306 3142 insigniores
3333 3074 3402 3129 ad
3442 3074 3625 3131 Plata-

335 3165 457 3216 τότε
482 3164 602 3216 οὐδὲ
641 3162 997 3233 ἠγανάκτησε
1035 3163 1125 3219 διὰ
1152 3164 1246 3218 τὸν
1290 3163 1661 3230 Παλαιολόγου
1700 3166 1867 3236 φόνον
1898 3185 1910 3198 ο

2027 3169 2241 3211 monem
2287 3163 2453 3229 atque
2483 3156 2552 3212 ad
2606 3156 2713 3212 alia
2764 3160 3020 3231 oppidula
3062 3162 3204 3233 juris
3244 3164 3331 3221 sui
3372 3168 3622 3235 mittens,

336 3256 474 3310 ἀλλά
521 3255 678 3321 δῆλος
713 3251 784 3326 ἦν
844 3255 1104 3325 ἡδόμενος
1169 3256 1264 3309 ἐπὶ
1307 3256 1387 3326 τῷ
1436 3257 1919 3323 ἀποσκευάζεσθαι

2027 3247 2079 3305 in
2111 3258 2388 3306 carcerem
2433 3251 2706 3316 tradebat,
2760 3253 3028 3323 reliquam
3066 3255 3356 3314 colluviem
3387 3276 3453 3316 ex
3487 3262 3625 3318 urbe

335 3348 461 3409 τοὺς
516 3348 796 3415 Ζηλωτάς.
850 3347 1193 3417 Ἀπόκαυχος
1225 3347 1281 3401 δὲ
1306 3349 1410 3420 ήδη
1441 3349 1627 3403 πᾶσαν
1655 3349 1795 3420 ἔχων
1819 3351 1922 3420 τὴν

336 3430 514 3509 ἀρχὴν
545 3441 730 3502 αὐτὸς,
788 3439 1102 3511 παρρησίας
1135 3456 1196 3492 τε
1251 3441 1556 3509 μετέδωκεν
1585 3443 1645 3495 οὐ
1679 3444 1778 3512 τῆς
1812 3462 1910 3499 τυ-

335 3534 536 3602 χούσης
566 3534 677 3594 τοῖς
711 3533 780 3584 τά
812 3532 1076 3601 βασιλέως
1107 3532 1453 3602 πράττουσι,
1502 3534 1599 3587 καὶ
1642 3535 1809 3600 αὐτὸς
1851 3533 1922 3610 ἦν

339 3622 570 3693 gent-2:95;
600 3622 669 3676 τὰ
715 3624 927 3675 ἐκείνου
984 3623 1284 3693 ᾑρημένος,
1333 3623 1570 3676 καὶτῶν
1620 3627 1917 3696 Ζηλωτῶν,

336 3715 450 3766 ὅσοι
483 3715 583 3783 μὲν
611 3718 668 3765 ἐν
693 3714 837 3783 λόγῳ
862 3708 1024 3784 ἦσαν,
1059 3714 1419 3769 κατέκλεισεν
1448 3715 1507 3767 ἐν
1550 3716 1922 3791 δεσμωτηρίῳ

339 3807 473 3876 πρὸς
515 3807 861 3874 ΠλαταμιῖΝα
911 3804 1162 3874 πέμψας,
1195 3806 1291 3859 καὶ
1322 3807 1422 3869 τὰς
1454 3806 1628 3871 ἄλλας
1661 3810 1923 3881 πολίχνας

335 3901 460 3952 ὅσαι
493 3899 583 3953 ὑπ’
606 3898 758 3968 αὐτῷ
783 3898 1020 3952 ἐτέλουν.
1044 3898 1148 3953 Τὸν
1178 3899 1236 3952 δὲ
1269 3899 1448 3954 ἀλλων
1479 3902 1748 3973 συρφετὸν
1798 3904 1926 3973 teq-

336 3992 469 4044 λασε
493 3991 594 4060 τῆς
618 3990 828 4053 πόλεως
855 4006 870 4021 ο
902 3991 1115 4053 ἐκεῖνος
1142 3990 1252 4044 εἴτε
1270 3991 1365 4045 τὸν
1395 3994 1618 4063 πατέρα
1641 3993 1920 4061 δεδοικὼς,

338 4086 451 4137 εἴτε
493 4086 606 4147 τοῖς
636 4084 891 4136 συνοῦσιν
960 4085 1235 4149 ἀπιστεῖν,
1277 4086 1418 4154 πρὸς
1469 4086 1568 4157 τὴν
1624 4087 1940 4157 ἀκρόπολιν

338 4178 512 4229 ἐλθὼν
541 4176 693 4244 διῆγε
723 4188 737 4203 ⁸
769 4174 865 4227 καὶ
905 4174 1361 4243 Θεσσαλονικέων
1392 4178 1509 4231 ὅσοι
1554 4179 1622 4231 τὰ
1658 4178 1921 4249 βασιλέως

338 4268 576 4338 ὲξπρχῆς
607 4267 862 4339 ᾑροῦντο,
897 4268 1085 4322 οὐκέτι
1116 4267 1537 4337 ύπεστέλλοντο,
1592 4270 1728 4324 ἀλλὰ
1781 4272 1922 4341 μετὰ

2022 3338 2451 3395 cxterminabat.
2510 3339 2719 3397 Deinde
2771 3358 2902 3398 vero
2953 3345 3070 3401 sive
3133 3358 3343 3416 patrem
3403 3350 3623 3419 timens,

2029 3427 2147 3484 sive
2180 3427 2435 3486 diffidens
2483 3431 2619 3495 suis,
2656 3432 2769 3488 arei
2822 3449 2882 3490 se
2922 3436 3137 3494 credit:
3179 3446 3236 3495 et
3271 3437 3625 3499 Thessaloni-

2036 3537 2251 3588 censes,
2285 3534 2558 3595 quotquot
2591 3526 2662 3581 ab
2692 3526 2852 3583 initio
2878 3530 2947 3584 ab
2979 3531 3313 3603 imperatore
3340 3535 3621 3594 faciebant

2030 3610 2170 3666 nihil
2207 3614 2319 3684 jam
2362 3614 2808 3680 reformidantes,
2856 3631 3051 3675 secure
3081 3633 3142 3677 se
3172 3622 3247 3677 illi
3270 3624 3573 3698 jungebant
3606 3647 3619 3683 :

2026 3707 2191 3776 cujus
2215 3712 2551 3765 auctoritate
2576 3718 2634 3765 et
2663 3725 2853 3782 Opera,
2876 3714 3005 3783 quid
3034 3719 3264 3788 quisque
3295 3704 3362 3775 de
3388 3719 3625 3792 impera-

2031 3806 2150 3863 tore
2178 3799 2433 3867 sentiret,
2466 3802 2707 3879 publice,
2736 3806 3087 3864 ostendebat.
3108 3808 3243 3864 Cum
3288 3811 3401 3882 jam
3431 3828 3625 3871 omnes

2024 3893 2306 3962 explorate
2337 3904 2544 3966 nosset,
2580 3908 2810 3967 repente
2859 3910 3124 3969 mutatus,
3157 3903 3359 3961 divites
3407 3907 3625 3978 ohjecto

2024 3984 2525 4044 Cantacuzenismo
2574 3991 2864 4059 pecuniam
2900 3993 3100 4064 poscit.
3127 3993 3233 4062 Qui
3266 4012 3389 4053 cum
3420 4001 3625 4072 negare

2024 4091 2136 4131 non
2198 4087 2448 4148 possent,
2503 4082 2651 4150 quod
2687 4085 2969 4155 semetipsi
3027 4087 3404 4156 prodiderant,
3441 4109 3551 4163 quo
3590 4110 3621 4149 τι

2026 4170 2186 4240 culpa
2223 4170 2666 4242 absolverentur,
2700 4176 2927 4232 multam
2957 4178 3239 4235 delinitam
3263 4183 3569 4253 pendebant
3604 4206 3618 4243 :

2025 4264 2375 4320 tenuioribus
2412 4265 2676 4323 molestus
2705 4284 2816 4325 non
2852 4281 2990 4327 erat.
3023 4272 3091 4328 Et
3127 4288 3253 4330 cum
3285 4285 3620 4335 tantummo-

338 4361 652 4431 παρρησίας
686 4358 988 4428 προσίεσαν
1020 4358 1243 4431 ἐκείνῳ,
1281 4361 1380 4415 καὶ
1423 4362 1591 4415 αὑτοῦ
1623 4364 1922 4416 ύποποιου-

2027 4356 2100 4412 do
2156 4356 2392 4425 priorem
2457 4356 2526 4413 de
2576 4359 2911 4430 imperatore
2963 4368 3297 4424 sententiam
3376 4383 3619 4429 mutasse

342 4452 504 4519 μένου
547 4452 783 4519 μάλιστα
820 4452 916 4507 κα)⁸
951 4455 1494 4520 παρασκευάζοντος,
1526 4455 1593 4526 ἢν
1620 4454 1735 4524 ἔχει
1792 4457 1922 4527 περὶ

2033 4449 2331 4515 videretur,
2364 4450 2419 4506 id
2465 4465 2627 4507 secus
2655 4464 2800 4509 erat.
2828 4446 3045 4511 Etenim
3085 4470 3296 4531 patrem
3342 4473 3616 4529 metuens,

340 4540 571 4609 βασιλέα
600 4540 830 4609 γνώμην
850 4539 1082 4605 ἕκαστος
1101 4541 1411 4611 ἐκφαίνειν.
1449 4525 1605 4597 Ἐπεὶ
1632 4545 1689 4598 δὲ
1708 4525 1917 4610 πάντας

2027 4556 2091 4595 ne
2122 4541 2216 4597 illo
2251 4537 2355 4597 sibi
2380 4553 2610 4614 propter
2639 4538 2857 4604 Zelotas
2881 4550 3120 4617 occisos,
3146 4561 3200 4608 ct
3229 4569 3395 4623 quam
3425 4571 3619 4628 seque-

336 4632 456 4702 ⁴ᾔδει
490 4631 760 4700 ἀκριϐῶς,
806 4630 1131 4700 μεταϐαλὼν
1162 4632 1378 4703 ἀθρόον,
1414 4634 1777 4706 ἠργυρολόγει
1800 4637 1922 4700 τοὺς

2033 4640 2184 4687 retur
2235 4631 2588 4703 imperatoris
2640 4634 2935 4693 factionem
2998 4635 3160 4708 irato,
3194 4644 3331 4700 urbe
3377 4661 3476 4717 per
3515 4649 3619 4702 ali-

337 4720 656 4785 πλουσίους,
691 4721 1263 4792 Καντακουζηνισμδν
1286 4724 1587 4780 ἐπικαλῶν.
1612 4726 1675 4779 Οἱ
1701 4726 1782 4791 δὲ,
1806 4727 1922 4781 ἐπεὶ

2028 4738 2192 4791 quem
2232 4724 2595 4781 submissum
2658 4729 2991 4800 pelleretur,
3044 4743 3141 4789 aut
3181 4735 3361 4791 dirum
3412 4740 3618 4810 aliquid

338 4814 596 4869 ἀδύνατοι
621 4808 764 4885 ἦσαν
800 4812 1176 4883 ἐξαρνεῖσθαι,
1241 4814 1400 4868 αὐτοὶ
1426 4815 1536 4885 γὰρ
1582 4817 1922 4888 ἐξηλέγχθη-

2028 4825 2328 4887 pateretur,
2353 4818 2519 4891 675
2568 4836 2788 4878 rursum
2849 4837 2910 4878 se
2952 4824 3284 4895 imperatrici
3338 4808 3616 4883 addictum

341 4922 442 4961 σαν
479 4905 569 4975 ὑφ’
595 4904 827 4972 ἑαυτῶν,
869 4904 1035 4976 ῥητὸν
1066 4904 1334 4976 ἀργύριον
1371 4907 1679 4962 κατέϐαλον
1704 4909 1799 4962 ἐπὶ
1845 4910 1922 4979 τῷ

2031 4910 2286 4982 tingebat,
2325 4922 2378 4967 ut
2412 4913 2606 4968 eodem
2641 4913 2864 4986 negotio
2881 4925 2937 4970 et
2961 4917 3253 4986 pecuniam
3288 4928 3401 4975 tum
3433 4925 3619 4992 aequi-

1613 5069 1833 5130 Jacobi
1870 5070 2141 5133 Pontani
2178 5079 2370 5136 notae.

412 5214 524 5283 (60)
587 5210 840 5268 Forsitan
898 5214 1005 5269 tale
1059 5215 1197 5269 istuc
1272 5216 1531 5282 templum
1598 5214 1700 5269 fuit
1756 5216 1933 5272 Thcs-

340 5282 639 5349 salonicaz,
692 5285 852 5352 quale
904 5285 1076 5339 sancti
1127 5282 1408 5340 MichaeLs
1456 5284 1507 5336 in
1563 5296 1744 5339 monte
1792 5286 1931 5340 Gar-

341 5372 517 5430 gano,
554 5357 699 5438 quod
744 5362 800 5406 et
850 5356 1029 5438 ipsum
1085 5354 1501 5438 ἀχειροποίητον
1548 5353 1657 5408 dici
1696 5364 1926 5438 poterat,

340 5424 396 5482 Et
440 5424 583 5495 quod
643 5424 822 5495 locum
874 5424 1027 5480 illunt
1086 5424 1221 5479 non
1255 5426 1537 5478 hominum
1591 5439 1681 5476 ars
1736 5435 1792 5478 et
1839 5426 1929 5480 ina

342 5494 571 5561 dustria,
597 5495 690 5548 sed
723 5494 834 5564 ipsa
869 5507 1061 5551 natura
1088 5496 1154 5551 ad
1184 5495 1369 5565 templi
1401 5494 1636 5566 speciem
1683 5509 1926 5548 comma--

342 5570 579 5636 dutnque
613 5578 772 5617 mum
825 5575 1081 5636 aptasset.
1126 5566 1245 5633 Qua
1286 5567 1507 5636 notione
1554 5566 1917 5636 nympharum

342 5635 562 5703 domus,
596 5636 830 5702 vivoque
862 5635 1050 5693 sedilia
1083 5652 1213 5692 saxo
1246 5653 1260 5691 ι
1289 5635 1505 5690 Αὲηείιί.
1536 5635 1816 5694 dicuntur.
1849 5636 1918 5691 Et

344 5718 493 5763 recte
518 5704 736 5776 quidem
768 5707 1180 5777 ἀχειροποίητα,
1210 5706 1336 5776 quia
1366 5722 1473 5759 non
1533 5720 1643 5770 :rs,
1671 5705 1764 5759 sed
1796 5706 1915 5774 ipsa

338 5789 533 5833 natura
566 5776 899 5857 elittrmarat.
933 5776 1284 5857 Simileqttttl
1320 5777 1625 5857 persuadeo
1676 5777 1810 5857 mihi
1843 5779 1912 5831 de

340 5849 432 5904 illo
473 5848 697 5920 templo,
736 5863 800 5902 ex
852 5851 972 5918 ipso
1019 5850 1284 5920 epitheto.
1330 5846 1446 5903 Non
1497 5849 1639 5902 enim
1676 5846 1915 5902 arbitror

663 5914 935 6006 ιιλτηοὶι.
982 5914 1095 6007 οιξ.
1134 5944 1340 6008 cun.
1809 6039 1812 6041 Α
1864 6033 1922 6041 Η

2950 6042 2957 6043 ,
3208 5914 3445 6028 to"

2035 5221 2362 5301 vocabulum
2393 5225 2822 5301 ἀχειροποίητον
2849 5243 2953 5284 noc
2984 5224 3144 5301 velle,
3177 5232 3322 5301 quod
3357 5248 3461 5286 non
3491 5248 3616 5300 prc-

2032 5291 2622 5371 cibus__episcoporum
2647 5335 2662 5361 ,
2706 5291 2852 5371 'sed
2872 5291 3208 5371 angelorum'
3237 5291 3614 5359 consecratum

2030 5368 2086 5414 et
2112 5361 2624 5436 dedicatum—esset,
2661 5367 2808 5436 quod
2834 5361 2975 5425 fama
3009 5371 3115 5425 fert
3140 5371 3209 5426 de
3246 5374 3448 5428 Sacello
3487 5372 3614 5427 Det-

2028 5444 2174 5499 parae
2218 5435 2593 5491 Eiusidlensi:
2632 5435 2756 5492 nam
2811 5439 2924 5496 haec
2952 5443 3104 5496 notio
3145 5443 3307 5496 nimis
3354 5444 3612 5504 violenta,

2024 5509 2144 5581 σιξ
2182 5506 2459 5581 communi
2496 5508 3077 5581 ‘ratione‘abhorrens
3125 5521 3292 5578 esset,
3337 5514 3443 5570 nisi
3493 5529 3617 5581 qus

2024 5570 2395 5638 philosomtari
2425 5578 2608 5639 vellet,
2632 5579 2703 5632 de
2732 5578 2944 5634 formali
2971 5597 3092 5637 esse
3139 5594 3194 5640 et
3219 5570 3611 5640 constitutione

2027 5641 2233 5730 templi.
2271 5641 2395 5699 Haec
2422 5647 2738 5730 conjectura
2778 5659 2861 5730 est
2903 5650 3113 5730 {acobi
3143 5655 3612 5730 Gretscriuquata

2146 5707 2325 5797 lector
2360 5707 2770 5786 proponendum
2803 5718 2954 5777 duxi.
2987 5722 3115 5777 Mihi
3146 5707 3368 5795 quidem
3394 5707 3610 5797 'jir'oba-Q

2021 5777 2146 5834 bilis
2183 5777 2413 5839 videtur.
2463 5777 2478 5786 ’
2730 5820 2741 5833 ν
