4048 6428
365 378 498 445 ιέοι

1501 381 2044 445 ΗῙΞΤΟΒΙΑΒΠΜ
2082 381 2317 444 LIBER
2359 384 2477 444 ΓΠ.

3472 381 3610 449 1902

357 498 564 569 τυχεῖν,
591 497 854 570 παρέχειν
883 495 988 569 μὲν
1013 497 1218 554 ἐκεῖνον
1241 501 1340 554 ὅσα
1359 501 1572 571 νομίζοι
1591 500 1937 571 προσήκοντα

2049 508 2211 554 staret
2250 516 2370 570 quae
2402 499 2599 555 decere
2651 507 2704 554 et
2765 499 2877 554 ﬁeri
2910 514 3070 570 posse
3108 498 3481 568 existimaret;
3527 518 3609 568 se,

361 591 457 644 καὶ
487 591 712 644 δυνατά⁸
738 592 989 662 στέργειν
1043 593 1100 647 δὲ
1152 593 1338 658 αὐτὸν,
1397 592 1494 648 καὶ
1553 592 1696 646 κατὰ
1730 590 1933 662 μηδένα

359 685 564 755 τρόπον
593 687 893 757 πειρᾶσθαι
917 687 1236 744 καταλύειν.
1279 691 1348 744 Ἀ
1372 689 1470 743 καὶ
1515 689 1935 750 Θεσσαλονικεῖς

359 777 585 843 ειδότες,
617 777 868 848 ἔπεμπον
897 780 1027 843 τοὺς
1059 781 1321 852 πρέσϐεις
1372 783 1512 852 πρὸς
1550 782 1784 845 ἐκεῖνον,
1843 782 1938 834 καὶ

357 868 590 939 ᾐτοῦντο
619 868 682 922 οὐ
733 870 896 938 μόνον
938 869 1195 925 ἀτέλειαν
1241 871 1396 940 κοινῇ
1447 872 1516 941 τῇ
1564 870 1740 939 πόλει,
1798 871 1938 925 ἀλλὰ

359 959 457 1010 καὶ
482 959 879 1030 πριμμικηρίῳ
924 976 984 1012 τε
1017 959 1118 1030 τῷ
1145 960 1391 1032 μεγάλῳ,
1439 960 1534 1015 καὶ
1589 962 1703 1025 τοῖς
1755 960 1938 1023 ἄλλοις

359 1045 469 1099 τῶν
507 1046 900 1118 δυνατωτέρων
956 1049 1067 1121 ίδίᾳ
1121 1050 1290 1120 τιμὰς
1345 1051 1442 1104 καὶ
1491 1051 1790 1120 προσόδους
1839 1051 1972 1130 τὰς⁸

362 1139 772 1210 προσηκούσας,
802 1142 898 1196 καὶ
916 1143 984 1213 τῇ
1009 1143 1260 1214 στρατιᾷ,
1298 1143 1535 1206 καὶτοῖς
1575 1142 1762 1207 ἄλλοις
1816 1142 1937 1212 μετ’

358 1231 606 1296 ἐκείνους
637 1234 858 1304 ἑκάστῳ
894 1239 1036 1289 κατὰ
1065 1233 1164 1306 τὴν
1205 1235 1516 1312 ἀναλογίαν.
1570 1236 1630 1289 '0
1651 1237 1748 1288 τοῦ
1777 1235 1938 1304 βασις

358 1320 495 1385 um;
523 1324 581 1376 δε
628 1325 743 1386 υίὸς
805 1325 1020 1378 δίκαιον
1073 1324 1304 1394 νομίσας
1364 1324 1537 1395 μηδὲν
1586 1327 1940 1395 μικρολογείν

361 1415 701 1485 τηλικαύτην
729 1432 794 1485 γε
817 1417 974 1472 πόλιν
1003 1417 1214 1488 μέλλων
1237 1417 1538 1489 προσάγειν
1560 1419 1730 1488 πατρὶ
1742 1417 1820 1487 τῷ
1847 1419 1943 1489 βα-

361 1505 522 1569 σιλεῖ,
556 1507 737 1560 πάντα
771 1507 872 1560 δσα
925 1509 1154 1578 ᾐτοῦντο
1209 1510 1507 1580 παρείχετο
1565 1509 1617 1563 οί
1656 1510 1938 1581 πρέσϐεις,

357 1595 454 1648 καὶ
483 1594 687 1665 πολλὴν
736 1588 842 1666 τὴν
895 1598 1218 1670 φιλοτιμίαν
1285 1602 1418 1671 περὶ
1461 1600 1566 1664 τὰς
1618 1601 1942 1671 εὐεργεσίας

361 1685 746 1743 ἐπεδείκνυτο.
790 1690 942 1743 Ἐπεὶ
969 1690 1028 1744 δὲ
1061 1692 1144 1756 είς
1180 1691 1585 1763 Θεσσαλονίκην
1609 1693 1662 1745 οί
1683 1692 1941 1761 πρέσϐεις

358 1779 658 1850 ἐπανῆκον,
713 1783 979 1851 φέροντες
1008 1783 1104 1838 καὶ
1148 1783 1248 1846 τὰς
1290 1782 1557 1854 βασιλέως
1599 1785 1940 1854 εὐεργεσίας,

360 1870 394 1940 ἡ
421 1871 577 1934 πόλις
610 1872 710 1941 μὲν
747 1873 852 1942 ἤδη
897 1875 1048 1926 πᾶσα
1098 1873 1354 1944 φανερῶς
1411 1874 1653 1946 εὐφήμει
1691 1876 1939 1946 βασιλέα.

359 1963 456 2014 καὶ
481 1962 569 2016 διὰ
611 1963 800 2032 πάσης
830 1964 1087 2036 γλώσσης
1109 1964 1289 2036 ᾔδετο,
1345 1967 1441 2020 καὶ
1467 1969 1501 2037 ἠ
1543 1969 1800 2038 στρατιά,
1847 1971 1944 2022 καὶ

357 2054 408 2104 oi
430 2054 582 2108 ἄλλοι
607 2055 808 2118 πάντες
829 2049 987 2120 "cui;
1045 2057 1360 2126 δεδομέναις
1419 2061 1608 2129 τιμαῖς
1645 2059 1941 2130 ἠρκοῦντο.

373 2143 626 2213 Ἀνδρέας
653 2144 710 2198 δὲ
739 2147 768 2198 ὁ
796 2145 1158 2216 Παλαιολὸγος
1177 2147 1560 2219 ἐδυσχέραινεν
1601 2149 1780 2204 ἄλλων
1807 2168 1946 2222 προ-

359 2240 710 2307 τιμωμένων,
740 2231 814 2292 ὧν
848 2236 986 2310 ᾤετο
1011 2239 1174 2303 αὐτὸς
1210 2240 1422 2305 δίκαιος
1457 2237 1598 2297 εἷναι
1631 2243 1942 2316 ὑπερέχειν,

368 2336 466 2386 καὶ
487 2335 710 2387 ἀντεῖπε
754 2335 1008 2405 φανερῶς
1059 2334 1283 2391 πάντων
1332 2337 1718 2408 ἠθροισμένον
1763 2332 1826 2395 ἔν
1877 2344 1945 2414 τῇ

363 2420 712 2495 Ἀποκαύχου
743 2425 915 2497 οἰκία·
944 2427 1040 2480 καὶ
1064 2427 1415 2498 διχοστασίας
1439 2431 1946 2501 γενομένης,άσνν·

357 2515 574 2580 τάκτως
610 2519 904 2588 ἀνεχώρει.
947 2517 1180 2574 Ἐκεῖνοι
1212 2520 1270 2575 δὲ
1315 2520 1768 2592 ὑπολειφθέντες,
1823 2525 1946 2580 ἐθο-

364 2607 566 2678 ρύϐουν
595 2608 758 2678 μόνον
788 2610 884 2663 καὶ
903 2609 1014 2665 τῶν
1039 2611 1271 2666 δεόντων
1301 2612 1460 2666 οὐδὲν
1491 2613 1738 2668 ιποίουνο
1761 2615 1949 2681 δείσας

359 2699 418 2754 δὲ
470 2700 500 2753 6
536 2700 912 2771 Παλαιολόγος
979 2703 1056 2773 μὴ
1114 2703 1210 2757 ὕπ’
1242 2704 1472 2761 ἑκείνων
1521 2705 1950 2779 διαφερομένων

365 2793 776 2865 παραπόληται,
839 2795 1044 2848 αὐτίκα
1095 2796 1195 2866 τὴν
1239 2798 1379 2867 πρὸς
1439 2799 1718 2854 θάλασσαν
1772 2801 1952 2873 πύλην

359 2885 553 2958 ὥσπερ
581 2887 707 2941 τινά
758 2886 1144 2958 κατελάμϐανε
1189 2889 1390 2960 φυλήν·
1439 2891 1573 2962 περὶ
1625 2891 1697 2962 ῆν
1739 2892 1950 2947 οἰκοῦσι

371 2979 484 3033 πᾶν
505 2979 568 3032 τὸ
597 2979 875 3045 ναυτικὸν,
901 2978 952 3032 oi
986 2979 1236 3033 πλεῖστοί
1263 2998 1324 3034 τε
1352 2981 1506 3045 ὄντες
1539 2981 1638 3035 καὶ
1687 2983 1825 3055 πρὸς
1853 2984 1949 3051 φόο

366 3089 492 3138 νους
532 3073 779 3143 εὐχερεῖς
815 3088 830 3102 ο
855 3071 1035 3136 ἄλλως
1083 3089 1145 3127 τε
1205 3075 1301 3127 καὶ
1356 3071 1693 3144 ὡπλισμένοι
1749 3077 1950 3140 πάντες

2039 604 2159 659 quae
2188 590 2413 659 egisset,
2451 590 2604 644 ﬁrma
2648 597 2705 644 et
2751 600 2868 644 rata
2907 591 2964 643 in
3015 600 3342 660 perpetuum
3388 592 3612 647 habitu-

2040 695 2183 734 rum.
2212 680 2370 747 Quod
2407 697 2529 737 cum
2574 681 3100 739 Thessalonicenses
3129 681 3354 738 minime
3381 681 3613 753 fugeret.

2044 785 2143 840 per
2171 781 2423 827 oratores
2466 787 2578 827 non
2610 772 2784 827 solum
2812 773 3161 843 vectigalium
3210 772 3614 828 immunitatem

2043 862 2167 916 urbi
2199 863 2253 917 in
2285 878 2600 932 commune,
2631 878 2820 919 verum
2853 872 2914 920 et
2957 879 3160 933 magno
3189 864 3506 934 primicerio
3558 875 3614 918 et

2039 953 2160 1008 aliis
2193 956 2597 1024 potentioribus
2652 956 2952 1026 separatim
3005 956 3246 1012 honores
3297 957 3617 1026 reditusque

2045 1045 2325 1112 honestos,
2355 1047 2715 1119 similiterque
2745 1048 3001 1118 praesidio
3045 1057 3099 1102 et
3145 1048 3286 1114 aliis,
3319 1050 3618 1119 unicuique

2041 1151 2142 1207 pro
2177 1139 2455 1208 portione,
2486 1139 2774 1195 commoda
2819 1149 3038 1210 petunt.
3089 1141 3443 1211 imperatoris
3477 1142 3619 1196 ﬁlius

2042 1242 2154 1282 non
2192 1229 2296 1285 sibi
2344 1229 2719 1299 scrupulosius
2760 1231 3096 1286 causandum
3145 1240 3362 1301 putans,
3395 1240 3456 1286 nt
3501 1247 3619 1285 am-

2043 1317 2350 1388 plissimam
2371 1321 2655 1377 civitatem
2684 1323 2831 1392 patri
2861 1323 3055 1378 liceret
3079 1324 3386 1393 acquirere,
3417 1339 3617 1378 conce-

2042 1410 2124 1465 dit
2169 1413 2380 1482 omnia,
2436 1427 2609 1484 seque
2657 1413 2766 1468 illis
2805 1413 3144 1484 gratiﬁcandi
3194 1414 3618 1485 cupidissimum

2045 1503 2308 1559 ostendit.
2343 1493 2565 1575 Legatis
2599 1505 3052 1561 Thessalonicam
3088 1507 3328 1562 reversis
3353 1522 3477 1562 cum
3519 1508 3619 1563 be-

2046 1594 2259 1650 neﬁciis
2315 1595 2650 1665 impetratis,
2706 1605 2819 1651 tota
2877 1597 3011 1653 urbs
3060 1598 3377 1668 imperatori
3434 1602 3620 1654 omnia

2045 1685 2220 1742 fausta
2290 1703 2354 1743 ac
2412 1687 2604 1762 felicia~
2645 1689 3010 1759 comprecari,
3079 1704 3314 1760 eumque
3376 1691 3622 1745 omnium

2048 1777 2250 1849 linguis
2300 1780 2353 1832 in
2385 1783 2585 1835 cretum
2630 1779 2798 1844 ferre,
2859 1780 3173 1850 militesque
3217 1791 3274 1836 et
3307 1781 3400 1836 alii
3432 1795 3625 1836 omnes

2047 1871 2334 1926 concessis.
2361 1870 2664 1926 honoribus
2689 1871 2933 1926 contenti
2976 1885 3121 1928 esse.
3168 1871 3332 1927 Solus
3377 1873 3626 1928 Andreas

2048 1959 2382 2030 Palaeologus
2411 1963 2549 2018 alios
2579 1962 2684 2018 sibi
2720 1963 2998 2032 praelatos,
3027 1963 3230 2033 quibus
3266 1964 3390 2033 jure
3425 1963 3626 2033 praefe-

2054 2052 2260 2106 rendus
2315 2052 2531 2117 fuisset,
2581 2053 2810 2108 moleste
2845 2053 3178 2123 patiebatur,
3232 2055 3443 2125 totique
3487 2071 3626 2111 con-

2052 2142 2239 2195 ventui
2266 2141 2324 2196 in
2347 2141 2558 2199 aedibus
2585 2142 2902 2212 Apocauchi
2929 2150 2988 2198 se
3013 2143 3350 2213 opponebat,
3370 2145 3626 2214 natisque
3679 2197 3688 2202 -

2046 2233 2362 2300 discordiis,
2401 2234 2604 2290 indicta
2651 2235 2831 2290 salute
2861 2235 3212 2291 abscedebat.
3253 2235 3391 2291 Tum
3439 2238 3624 2293 caeteri

2048 2326 2286 2382 fremere
2333 2335 2570 2392 tantum,
2601 2336 2659 2382 et
2707 2328 2843 2382 nihil
2888 2327 3036 2398 quod
3067 2327 3304 2384 cilicium
3340 2330 3626 2399 poscebat,

2050 2417 2252 2473 facere.
2285 2415 2511 2473 Timens
2543 2429 2726 2474 autem
2757 2417 3116 2491 Palaeologus,
3147 2435 3214 2474 ne
3248 2420 3466 2476 illorum
3496 2436 3528 2476 a
3567 2439 3627 2478 sc

2049 2509 2420 2580 discrepantia
2467 2510 2665 2564 malam
2719 2510 2824 2567 sibi
2867 2519 3102 2566 mortem
3145 2510 3390 2578 aifcrret,
3440 2517 3628 2570 statim

2051 2609 2264 2669 portam
2293 2615 2486 2656 versus
2520 2615 2696 2665 mare,
2737 2609 2799 2656 ut
2831 2601 3071 2671 aliquam
3120 2603 3426 2658 custodiam
3459 2620 3630 2660 occu-

2056 2692 2251 2762 pavit:
2287 2685 2498 2747 circum
2567 2707 2732 2762 quam
2789 2693 3040 2748 habitant
3093 2708 3288 2751 omnes
3337 2697 3629 2763 classiarii,

2053 2796 2290 2853 quorum
2328 2797 2525 2855 magna
2559 2794 2645 2838 est
2705 2792 2763 2838 et
2803 2783 2872 2839 ad
2905 2785 3298 2842 trucidationes
3347 2787 3633 2845 obeundas

2053 2874 2200 2931 haud
2239 2875 2471 2948 impigra
2512 2875 2828 2933 multitudo.
2861 2878 3064 2933 Adhaee
3105 2880 3292 2948 gravis
3334 2891 3630 2938 armaturae

2051 2980 2266 3033 omnes,
2317 2975 2575 3038 tanquam
2623 2969 2794 3024 robur
2844 2969 3080 3040 populi:
3113 2971 3280 3042 677
3315 2973 3404 3027 cui
3455 2974 3632 3032 ferme

2052 3055 2112 3109 in
2140 3056 2358 3112 cunctis
2377 3057 2744 3114 seditionibus
2770 3065 3039 3128 praeeunt,
3067 3058 3326 3115 alacriter
3348 3064 3630 3131 sequenti,

371 3163 563 3236 ῶσπερ
593 3165 654 3218 τὸ
677 3165 974 3235 κράτιστόν
1002 3165 1112 3218 είσι
1141 3164 1235 3217 τοῦ
1274 3164 1474 3235 δήμουθ
1519 3167 1615 3219 καὶ
1651 3166 1838 3238 σχεδὸν
1887 3168 1946 3222 ὲν

2056 3160 2168 3217 quo
2214 3146 2320 3218 ipsi
2374 3147 2656 3205 duxerint.
2707 3149 2923 3204 Habent
2973 3164 3105 3206 vero
3142 3165 3304 3224 suum
3344 3154 3628 3224 proprium

366 3261 487 3321 ταῖς
520 3258 748 3313 στάσεσι
807 3256 1011 3322 πάσαις
1065 3256 1224 3309 αὐτοὶ
1288 3257 1384 3310 τοῦ
1444 3257 1645 3322 παντὸς
1702 3257 1946 3329 πλήθους

368 3349 692 3418 ἐξηγοῦνται
721 3348 1024 3420 προθύμως
1059 3347 1356 3418 ἑπομένου,
1451 3349 1518 3402 ἂν
1537 3349 1747 3417 ἄγωσιν
1767 3349 1944 3406 αὐτοί.

372 3445 597 3514 Ἔχουσι
644 3443 704 3496 δὲ
745 3443 843 3496 καὶ
873 3441 1193 3506 ἰδιάζουσαν
1218 3441 1398 3512 ἀρχὴν
1449 3442 1606 3495 αὐτοὶ
1658 3443 1815 3513 παρὰ
1849 3443 1948 3510 τὴν

364 3540 464 3608 τῆς
492 3536 660 3606 ἄλλης
686 3536 919 3602 πόλεως,
941 3528 1016 3589 ὧν
1049 3536 1258 3598 ἐκεῖνος
1290 3534 1410 3587 τότε
1437 3530 1596 3606 ἦρχε.
1625 3536 1726 3590 Διά
1776 3553 1835 3589 τε
1853 3532 1948 3591 οὖν

367 3631 428 3684 τὸ
450 3630 662 3700 ἄρχειν,
689 3628 786 3682 καὶ
815 3627 914 3696 τὴν
968 3626 1139 3697 ἀλλην
1196 3624 1434 3690 εὔνοιαν,
1496 3627 1566 3696 ἣν
1623 3622 1770 3697 εἶχον
1810 3628 1948 3698 πρὸς

367 3721 558 3787 αὐτὸν,
615 3719 918 3790 προθύμως
966 3719 1106 3789 ὑπὲρ
1173 3717 1386 3770 ἐκείνου
1456 3717 1830 3786 ἀνελάμϐανον
1878 3721 1949 3773 τὰ

366 3813 529 3876 ὅπλα,
579 3813 677 3866 καὶ
721 3811 988 3865 ἀνύεσθαι
1013 3807 1156 3880 ἦσαν
1190 3809 1405 3879 ἕτοιμοι
1446 3809 1611 3863 παντί
1653 3827 1733 3876 τῳ
1767 3812 1949 3864 ἐπιόν-

373 3925 449 3960 τι.
485 3905 761 3968 Κωκαλὰς
811 3905 867 3957 δὲ
905 3902 1014 3956 οὐδ’
1063 3901 1226 3965 αὐτὸς
1283 3901 1383 3971 μὲν
1432 3901 1728 3972 ἡσυχάζειν
1759 3905 1950 3972 ἐγίνω-

371 4015 500 4051 σκεν
529 4000 586 4049 ὲν
613 3999 728 4060 τοῖς
757 3995 1048 4065 παροῦσιν,
1071 3996 1209 4048 ἀλλὰ
1243 3994 1371 4064 περὶ
1395 3995 1494 4065 τῆς
1531 3996 1704 4066 ἀρχῆς
1720 3996 1949 4051 ἐπεϐούα

368 4089 522 4141 λευεν
546 4086 895 4157 Ἀποκαύχῳ·
935 4087 1136 4156 μᾶλλον
1162 4087 1270 4156 γὰρ
1303 4087 1481 4158 ἐαυτῷ
1509 4088 1541 4159 ἢ
1566 4088 1762 4159 ἐκείνῳ
1807 4087 1948 4159 ᾤετο

369 4184 695 4252 προσήκειν.
745 4182 999 4247 Ἑλέγετο
1031 4182 1088 4232 δὲ
1120 4180 1216 4234 καὶ
1267 4181 1700 4234 ὑπωπτευκέναι
1757 4182 1950 4254 ἠδικῆ-

370 4275 495 4328 σθαι
524 4276 655 4344 παρ’
691 4273 902 4326 ἐκείνου
947 4273 1082 4343 πρὸς
1137 4271 1229 4324 τὸν
1283 4273 1485 4341 γάμον,
1512 4273 1581 4324 δι’
1623 4274 1660 4326 ἃ
1697 4273 1949 4328 ἐϐούλετο

373 4369 423 4419 εἰ
453 4366 674 4419 δύναιτο
732 4366 1094 4436 διαφθείρειν.
1136 4365 1392 4434 Φανερῶς
1446 4366 1546 4434 μὲν
1593 4365 1687 4419 οὖν
1740 4369 1949 4431 ἐκεῖνος

369 4459 472 4510 οὐκ
505 4457 858 4511 ἁνθίστασθκι
878 4458 1076 4520 ἐδόκει,
1098 4456 1234 4508 ἀλλὰ
1263 4455 1583 4525 πρεσϐεύων
1609 4458 1950 4528 παρ’ὲκατέ-

373 4569 482 4621 ροις
514 4553 606 4603 ἐπὶ
636 4550 712 4619 τῷ
735 4551 995 4608 διαλύειν,
1035 4551 1241 4620 μᾶλλον
1273 4553 1569 4623 συνέκρουε
1620 4555 1716 4605 καὶ
1755 4551 1946 4622 παρὼο

372 4643 495 4708 ξυνε
524 4643 617 4694 τὸν
677 4630 933 4711 πόλεμον.
983 4643 1346 4712 [Ιαλαιολόγος
1399 4645 1456 4698 δὲ
1483 4647 1608 4708 τοὺς
1663 4645 1946 4712 Ζηλωτὰς,

368 4738 487 4790 ὅσοι
519 4739 645 4808 περὶ
673 4737 918 4790 Θεσσαλο
954 4737 1078 4807 ίκην
1128 4734 1270 4808 ἦσαν
1303 4740 1654 4808 μετεκαλεῑτο
1681 4755 1694 4770 ·
1735 4739 1867 4793 ἔνιοι
1889 4739 1951 4792 δὲ

379 4831 476 4884 καλ⁹
497 4832 1020 4898 κατακρυπτόμενοι
1039 4833 1104 4883 ὲν
1131 4831 1370 4897 ἀδύτοις,
1400 4832 1658 4901 ἐξαίφνης
1720 4831 1952 4901 ἀνεφαί-

375 4943 545 4986 νοντο,
588 4927 683 4976 καὶ
723 4925 750 4974 δ
774 4922 947 4992 δῆμος
1006 4922 1152 4984 ἅπας
1184 4923 1576 4993 ἐξεκυμαίνετο
1625 4925 1718 4978 ὑπ’
1749 4925 1950 4989 αὐτῶν,

375 5021 470 5071 καὶ
486 5020 637 5087 δῆλοι
665 5013 807 5086 ἦσαν
841 5015 999 5077 αὖθις
1032 5017 1375 5084 χωρήσοντες
1397 5016 1498 5068 ἐπὶ
1517 5020 1641 5080 τοὺς
1671 5020 1947 5087 άρὲστοὺς.

384 5109 444 5164 '0
485 5112 658 5182 μέγας
688 5111 744 5162 δὲ
798 5107 1200 5178 πριμμικὴριος
1248 5107 1386 5175 μετὰ
1412 5107 1524 5159 τῶν
1564 5108 1742 5161 ἄλλων
1799 5109 1950 5162 πολι-

373 5201 481 5252 τῶν
511 5203 603 5252 καὶ
638 5200 738 5268 τῆς
778 5198 1040 5267 στρατιᾶς
1075 5196 1214 5267 ὑπὲρ
1265 5195 1627 5259 ὀκτακοσίους
1675 5197 1830 5262 ὄντες
1874 5200 1952 5262 ὡς

375 5292 616 5360 ἐλέγετο,
669 5291 818 5343 δεινὰ
888 5288 1194 5354 ἐποιοῦντο,
1254 5291 1303 5341 εί
1368 5289 1737 5355 Παλαιολόγου
1783 5291 1948 5359 μόνου

377 5386 516 5453 μετὰ
547 5384 656 5437 τῶν
681 5381 1147 5453 παραθαλασσίων
1181 5380 1230 5452 (δ
1257 5381 1366 5452 γὰρ
1393 5381 1552 5445 ἄλλος
1593 5381 1765 5452 δῆμος
1800 5383 1952 5436 οὐδέ-

377 5493 465 5529 πω
489 5476 793 5548 οὐδετέροις
825 5473 1084 5543 καθαρῶς
1108 5473 1485 5544 προσέκειτο),
1520 5474 1770 5528 τοσοῦτοι
1795 5475 1949 5539 ὄντες

377 5565 685 5635 ἡττγοθεῖεν·
721 5568 872 5638 ὅμως
896 5567 1237 5635 Ἀπόκαυχος
1261 5567 1362 5618 οὐκ
1390 5565 1578 5636 ἠμέλει
1607 5566 1699 5619 τοῦ
1737 5567 1811 5638 μὴ
1843 5586 1953 5637 χω-

378 5663 491 5729 ρεῖν
518 5661 656 5732 πρὸς
694 5662 796 5723 τάς
836 5661 1164 5730 συμϐάσεις,
1212 5660 1349 5713 ἀλλὰ
1391 5660 1530 5731 πρὸς
1567 5659 1660 5712 τὸν
1712 5662 1952 5716 Παλαισ-

374 5750 533 5819 λόγον
601 5752 820 5821 ἔπεμπε
871 5752 966 5804 τὸν
1020 5751 1390 5820 Κοτεανίτζην
1447 5751 1792 5820 πρεσϐευτὴν
1850 5755 1952 5822 τῆς

377 5846 637 5916 στρατιᾶς
671 5844 801 5898 ὄντα
826 5844 1090 5915 ἡγεμόνα,
1130 5843 1506 5913 διαλεξόμενον
1540 5845 1672 5916 περὶ
1697 5845 1945 5917 εἰρήνης.

2048 3239 2450 3312 magistratum,
2476 3241 2565 3296 cui
2613 3251 2746 3298 tunc
2787 3242 3121 3314 Palaeologus
3168 3255 3424 3316 praeerat.
3457 3247 3630 3314 Quam

2050 3331 2122 3385 ob
2177 3344 2421 3398 causam,
2474 3339 2531 3387 et
2576 3332 2705 3404 quia
2753 3335 3049 3404 caeteroqui
3101 3335 3251 3390 illum
3306 3338 3627 3410 diligebant,

2053 3422 2293 3492 prompti
2328 3437 2428 3492 pro
2460 3437 2526 3479 eo
2557 3438 2707 3479 arma
2744 3426 3125 3495 capessebant.
3157 3435 3213 3483 et
3237 3429 3632 3486 cuilibetcou-

2055 3523 2138 3568 tra
2188 3527 2249 3569 se
2297 3511 2501 3568 ferenti
2555 3516 2811 3572 resistere
2853 3515 3030 3587 parati
3078 3527 3257 3574 erant.
3300 3521 3527 3576 Cocalas
3573 3523 3630 3577 in

2053 3605 2308 3674 przesenti
2342 3620 2448 3662 nec
2494 3606 2599 3662 sibi
2636 3607 2808 3663 otium
2843 3609 3134 3680 agendum,
3176 3613 3273 3666 sed
3330 3611 3400 3668 de
3441 3615 3632 3685 pracfe-

2052 3704 2206 3750 ctura
2253 3697 2605 3764 Apocaucho,
2651 3712 2817 3768 quam
2873 3700 3000 3766 sibi,
3047 3715 3153 3756 non
3197 3702 3277 3756 illi
3332 3708 3630 3763 convenire

2052 3789 2403 3858 opinabatur,
2464 3791 2834 3847 insidiandum
2890 3793 3063 3848 duxit.
3113 3795 3404 3855 Dicebatur
3463 3802 3630 3857 etiam

2055 3880 2394 3951 suspicatum
2427 3897 2573 3948 esse,
2604 3882 2712 3938 sibi
2756 3884 2825 3939 ab
2866 3900 2933 3941 eo
2962 3885 3160 3942 factam
3210 3889 3467 3960 injuriam
3500 3909 3632 3964 pro-

2053 3981 2176 4040 pter
2207 3975 2448 4043 nuptias.
2500 3975 2867 4040 Quamobrem
2902 3979 3158 4035 occidere
3211 3981 3491 4038 hominem
3541 4001 3633 4041 cu-

2053 4063 2258 4134 piebat,
2288 4065 2330 4119 si
2376 4075 2580 4135 posset.
2616 4065 2980 4136 Apocauchus
3027 4071 3196 4143 igitur
3236 4085 3429 4143 aperto
3462 4077 3632 4132 Marte

2054 4155 2418 4211 resistendum
2476 4171 2584 4211 non
2640 4158 3007 4225 existimans,
3077 4163 3146 4217 ad
3211 4173 3506 4235 utrumque
3564 4169 3634 4222 dc

2054 4246 2455 4316 compositione
2504 4249 2794 4312 mittendo,
2833 4250 3042 4307 bellum
3099 4256 3270 4326 magis
3314 4257 3551 4314 irritavit
3581 4273 3634 4315 et

2055 4337 2323 4395 incendit.
2373 4337 2706 4413 Palmologus
2753 4343 2988 4412 Zelotas,
3034 4356 3299 4417 quotquot
3335 4350 3628 4406 Thessalu-

2055 4427 2194 4482 niraa
2243 4440 2418 4495 erant,
2453 4433 2631 4503 coegit
2658 4449 2672 4487 :
2699 4435 2945 4490 nonnulli
2989 4437 3153 4492 etiam
3193 4438 3252 4494 in
3295 4441 3472 4510 adytis
3501 4444 3632 4496 alis.

1978 4509 2284 4584 Dconditi,
2357 4533 2580 4588 repente
2639 4525 3001 4594 prodierunt,
3061 4543 3092 4582 a
3144 4509 3634 4603 quibusipnpulus

2053 4608 2238 4664 omnis
2270 4609 2446 4665 instar
2475 4610 2742 4668 ﬂuctuum
2789 4625 2875 4670 est
2921 4621 3265 4688 concitatus;
3303 4631 3358 4675 et
3393 4640 3634 4694 appare-

2055 4703 2148 4759 bat
2176 4718 2273 4759 eos
2315 4720 2534 4760 rursum
2565 4707 2622 4761 in
2650 4709 2946 4778 optimates
2975 4712 3172 4768 ituros.
3215 4715 3440 4787 Magnus
3468 4736 3634 4788 porro

2055 4813 2406 4883 primicerius
2451 4823 2508 4871 et
2551 4816 2644 4872 alii
2696 4817 2866 4884 cives,
2905 4828 2960 4875 et
3007 4824 3323 4892 praesidium
3378 4827 3632 4898 (ιιυιιι-ιιιιι

2055 4906 2300 4961 omnium
2349 4923 2613 4965 numerus
2659 4910 2727 4965 ad
2779 4913 3296 4981 octingentesimum
3343 4925 3636 4989 putabatur

2056 4999 2384 5070 ascendere)
2430 5015 2530 5070 pro
2584 5003 2811 5075 indigno
2857 5006 3153 5074 habebant,
3181 5011 3283 5065 sia
3331 5011 3635 5087 Pulwologo

2055 5087 2172 5141 solo
2201 5103 2328 5143 cum
2367 5093 2658 5148 maritimis
2704 5109 2805 5149 seu
2852 5097 3152 5154 classiariis
3188 5102 3444 5172 (populus
3484 5109 3632 5162 enim

2055 5175 2292 5230 nondum
2327 5179 2572 5235 alterutri
2604 5184 2746 5252 parti
2778 5185 2982 5254 liquido
3012 5189 3348 5262 adlnerebat)
3381 5193 3479 5262 ipsi
3521 5205 3630 5251 tam

2055 5268 2211 5324 multi
2257 5269 2629 5328 vincerentur.
2686 5276 2891 5332 Tamen
2944 5282 3310 5349 Apocauchus
3350 5296 3631 5353 pactorum

2055 5365 2199 5422 haud
2241 5365 2545 5438 negligens,
2595 5368 2937 5426 Theanitzen
2972 5372 3212 5442 praesidii
3254 5375 3449 5447 ducem
3481 5381 3632 5450 pacis

2053 5461 2410 5518 conﬁciendae
2449 5462 2720 5518 mittebat.
2754 5466 2926 5530 Quem
2968 5467 3283 5538 priusquam
3319 5472 3630 5531 orationem

2053 5569 2353 5640 inciperet,
2397 5569 2624 5637 Zelouc,
2680 5571 2882 5639 quibus
2941 5587 3045 5642 pax
3095 5590 3286 5645 parum
3344 5579 3634 5635 videbatur

2054 5662 2382 5727 conducere,
2437 5661 2731 5724 irruentes.
2783 5663 2979 5733 gladiis
3035 5676 3089 5721 et
3138 5670 3310 5726 hastis
3348 5673 3632 5742 appetire-

2055 5765 2226 5821 runt,
2286 5756 2595 5824 multosque
2645 5755 2787 5812 ictus
2845 5757 3197 5815 incusserunt
3235 5780 3249 5817 :
3283 5775 3633 5833 prosternere

2056 5857 2258 5915 tamen,
2303 5848 2449 5901 intus
2483 5846 2704 5905 thorace
2735 5849 2916 5906 ferreo
2947 5852 3244 5925 munitum,
3296 5872 3401 5911 non
3436 5871 3634 5928 potue-
