  <div class='ocr_page' id='page_1' title='image "/cluster/home/n/w/nwhite01/storage/ocr_20150623/153:no.1/coo.31924054870583/642.png"; bbox 0 0 4048 6430; ppageno 0'>
   <div class='ocr_carea' id='block_1_1' title="bbox 360 458 501 525">
    <p class='ocr_par' dir='ltr' id='par_1_1' title="bbox 360 458 501 525">
     <span class='ocr_line' id='line_1_1' title="bbox 360 458 501 525; baseline -0.021 0"><span class='ocrx_word' id='word_1_1' title='bbox 360 458 501 525; x_wconf 76' lang='lat'><strong>1265</strong></span> 
     </span>
    </p>
   </div>
   <div class='ocr_carea' id='block_1_2' title="bbox 1502 459 2454 527">
    <p class='ocr_par' dir='ltr' id='par_1_2' title="bbox 1502 459 2454 527">
     <span class='ocr_line' id='line_1_2' title="bbox 1502 459 2454 527; baseline -0.003 -1"><span class='ocrx_word' id='word_1_2' title='bbox 1502 461 2049 527; x_wconf 62' lang='lat' dir='ltr'><strong>H‘lSTGRiARUM</strong></span> <span class='ocrx_word' id='word_1_3' title='bbox 2080 462 2310 525; x_wconf 69' lang='lat' dir='ltr'><strong>LIBER</strong></span> <span class='ocrx_word' id='word_1_4' title='bbox 2342 459 2454 523; x_wconf 50' lang='lat' dir='ltr'><strong>Illi.</strong></span> 
     </span>
    </p>
   </div>
   <div class='ocr_carea' id='block_1_3' title="bbox 3492 457 3628 526">
    <p class='ocr_par' dir='ltr' id='par_1_3' title="bbox 3492 457 3628 526">
     <span class='ocr_line' id='line_1_3' title="bbox 3492 457 3628 526; baseline -0.037 0"><span class='ocrx_word' id='word_1_5' title='bbox 3492 457 3628 526; x_wconf 72' lang='lat'><strong>1266</strong></span> 
     </span>
    </p>
   </div>
   <div class='ocr_carea' id='block_1_4' title="bbox 361 562 1975 651">
    <p class='ocr_par' dir='ltr' id='par_1_4' title="bbox 361 574 1975 651">
     <span class='ocr_line' id='line_1_4' title="bbox 361 574 1975 651; baseline 0.005 -23"><span class='ocrx_word' id='word_1_6' title='bbox 361 574 575 650; x_wconf 56' lang='grc' dir='ltr'>ἔφασαν</span> <span class='ocrx_word' id='word_1_7' title='bbox 614 575 752 643; x_wconf 86' lang='grc' dir='ltr'>δεῖν,</span> <span class='ocrx_word' id='word_1_8' title='bbox 786 576 906 631; x_wconf 86' lang='grc' dir='ltr'>ἀλλ’</span> <span class='ocrx_word' id='word_1_9' title='bbox 944 576 1094 632; x_wconf 77' lang='grc' dir='ltr'>ἔνδον</span> <span class='ocrx_word' id='word_1_10' title='bbox 1135 579 1387 646; x_wconf 75' lang='grc' dir='ltr'>εἰσιέναι,</span> <span class='ocrx_word' id='word_1_11' title='bbox 1452 580 1549 634; x_wconf 73' lang='grc' dir='ltr'><strong>καὶ</strong></span> <span class='ocrx_word' id='word_1_12' title='bbox 1630 580 1942 651; x_wconf 79' lang='grc' dir='ltr'>ἀμύνεσθαι</span> <span class='ocrx_word' id='word_1_13' title='bbox 1973 630 1975 637; x_wconf 91' lang='grc'>.</span> 
     </span>
    </p>
   </div>
   <div class='ocr_carea' id='block_1_5' title="bbox 2078 562 3630 651">
    <p class='ocr_par' dir='ltr' id='par_1_5' title="bbox 2078 562 3630 649">
     <span class='ocr_line' id='line_1_5' title="bbox 2078 562 3630 649; baseline -0.001 -15"><span class='ocrx_word' id='word_1_14' title='bbox 2078 579 2216 634; x_wconf 82' lang='lat' dir='ltr'><strong>ociis</strong></span> <span class='ocrx_word' id='word_1_15' title='bbox 2245 579 2329 634; x_wconf 86' lang='lat' dir='ltr'><strong>ad</strong></span> <span class='ocrx_word' id='word_1_16' title='bbox 2356 594 2500 644; x_wconf 87' lang='lat' dir='ltr'><strong>eam,</strong></span> <span class='ocrx_word' id='word_1_17' title='bbox 2529 594 2637 648; x_wconf 89' lang='lat' dir='ltr'><strong>qua</strong></span> <span class='ocrx_word' id='word_1_18' title='bbox 2676 594 2707 633; x_wconf 90' lang='lat' dir='ltr'><strong>e</strong></span> <span class='ocrx_word' id='word_1_19' title='bbox 2739 562 3015 633; x_wconf 73' lang='lat' dir='ltr'><strong>mmnibus</strong></span> <span class='ocrx_word' id='word_1_20' title='bbox 3043 590 3296 649; x_wconf 79' lang='lat' dir='ltr'><strong>egressus</strong></span> <span class='ocrx_word' id='word_1_21' title='bbox 3325 585 3407 631; x_wconf 88' lang='lat' dir='ltr'><strong>est</strong></span> <span class='ocrx_word' id='word_1_22' title='bbox 3437 592 3630 632; x_wconf 86' lang='lat' dir='ltr'><strong>acces-</strong></span> 
     </span>
    </p>
   </div>
   <div class='ocr_carea' id='block_1_6' title="bbox 362 668 1943 744">
    <p class='ocr_par' dir='ltr' id='par_1_6' title="bbox 362 668 1943 744">
     <span class='ocr_line' id='line_1_6' title="bbox 362 668 1943 744; baseline 0.001 -23"><span class='ocrx_word' id='word_1_23' title='bbox 362 668 672 732; x_wconf 83' lang='grc' dir='ltr'>ἀναϐάντας</span> <span class='ocrx_word' id='word_1_24' title='bbox 714 668 825 723; x_wconf 73' lang='grc' dir='ltr'>ἀπὸ</span> <span class='ocrx_word' id='word_1_25' title='bbox 852 669 961 722; x_wconf 86' lang='grc' dir='ltr'>τῶν</span> <span class='ocrx_word' id='word_1_26' title='bbox 1002 670 1226 742; x_wconf 87' lang='grc' dir='ltr'>τειχῶν.</span> <span class='ocrx_word' id='word_1_27' title='bbox 1295 673 1450 727; x_wconf 84' lang='grc' dir='ltr'>Ἐπεὶ</span> <span class='ocrx_word' id='word_1_28' title='bbox 1502 673 1559 726; x_wconf 84' lang='grc' dir='ltr'>δὲ</span> <span class='ocrx_word' id='word_1_29' title='bbox 1587 673 1737 727; x_wconf 80' lang='grc' dir='ltr'>ἔνδον</span> <span class='ocrx_word' id='word_1_30' title='bbox 1777 668 1943 744; x_wconf 75' lang='grc' dir='ltr'>ἦσαν,</span> 
     </span>
    </p>
   </div>
   <div class='ocr_carea' id='block_1_7' title="bbox 366 755 1950 835">
    <p class='ocr_par' dir='ltr' id='par_1_7' title="bbox 366 755 1950 835">
     <span class='ocr_line' id='line_1_7' title="bbox 366 755 1950 835; baseline 0.003 -21"><span class='ocrx_word' id='word_1_31' title='bbox 366 760 851 832; x_wconf 76' lang='grc' dir='ltr'><strong>παρακαλούμενοι</strong></span> <span class='ocrx_word' id='word_1_32' title='bbox 879 755 1037 825; x_wconf 79' lang='grc' dir='ltr'>αὖθις</span> <span class='ocrx_word' id='word_1_33' title='bbox 1064 763 1160 817; x_wconf 82' lang='grc' dir='ltr'>ἐπὶ</span> <span class='ocrx_word' id='word_1_34' title='bbox 1208 763 1276 819; x_wconf 89' lang='grc' dir='ltr'><strong>τά</strong></span> <span class='ocrx_word' id='word_1_35' title='bbox 1303 764 1461 835; x_wconf 84' lang='grc' dir='ltr'><strong>τείχη</strong></span> <span class='ocrx_word' id='word_1_36' title='bbox 1500 764 1818 819; x_wconf 76' lang='grc' dir='ltr'>ἀναϐαίνειν</span> <span class='ocrx_word' id='word_1_37' title='bbox 1857 764 1950 818; x_wconf 74' lang='grc' dir='ltr'><strong>καὶ</strong></span> 
     </span>
    </p>
   </div>
   <div class='ocr_carea' id='block_1_8' title="bbox 364 851 1949 926">
    <p class='ocr_par' dir='ltr' id='par_1_8' title="bbox 364 851 1949 926">
     <span class='ocr_line' id='line_1_8' title="bbox 364 851 1949 926; baseline 0.001 -22"><span class='ocrx_word' id='word_1_38' title='bbox 364 851 697 920; x_wconf 79' lang='grc' dir='ltr'>ἀμύνεσθαι,</span> <span class='ocrx_word' id='word_1_39' title='bbox 756 852 858 907; x_wconf 75' lang='grc' dir='ltr'>οὐκ</span> <span class='ocrx_word' id='word_1_40' title='bbox 932 853 1228 924; x_wconf 76' lang='grc' dir='ltr'>ἠθέλησαν,</span> <span class='ocrx_word' id='word_1_41' title='bbox 1289 855 1365 926; x_wconf 82' lang='grc' dir='ltr'>μὴ</span> <span class='ocrx_word' id='word_1_42' title='bbox 1393 856 1594 909; x_wconf 87' lang='grc' dir='ltr'>είδέναι</span> <span class='ocrx_word' id='word_1_43' title='bbox 1645 855 1949 923; x_wconf 70' lang='grc' dir='ltr'><strong>φάσκοντες</strong></span> 
     </span>
    </p>
   </div>
   <div class='ocr_carea' id='block_1_9' title="bbox 369 944 1951 1018">
    <p class='ocr_par' dir='ltr' id='par_1_9' title="bbox 369 944 1951 1018">
     <span class='ocr_line' id='line_1_9' title="bbox 369 944 1951 1018; baseline 0.003 -24"><span class='ocrx_word' id='word_1_44' title='bbox 369 945 744 1015; x_wconf 79' lang='grc' dir='ltr'><strong>τειχομαχεῖν,</strong></span> <span class='ocrx_word' id='word_1_45' title='bbox 782 944 917 1015; x_wconf 72' lang='grc' dir='ltr'>μηδὲ</span> <span class='ocrx_word' id='word_1_46' title='bbox 967 947 1209 1000; x_wconf 83' lang='grc' dir='ltr'><strong>κτείνειν</strong></span> <span class='ocrx_word' id='word_1_47' title='bbox 1236 948 1364 1012; x_wconf 84' lang='grc' dir='ltr'>τοὺς</span> <span class='ocrx_word' id='word_1_48' title='bbox 1411 947 1670 1012; x_wconf 75' lang='grc' dir='ltr'>οἰκείους,</span> <span class='ocrx_word' id='word_1_49' title='bbox 1722 946 1754 1018; x_wconf 80' lang='grc' dir='ltr'>ἢ</span> <span class='ocrx_word' id='word_1_50' title='bbox 1800 945 1951 1000; x_wconf 83' lang='grc' dir='ltr'>κτεί-</span> 
     </span>
    </p>
   </div>
   <div class='ocr_carea' id='block_1_10' title="bbox 367 1031 1953 1106">
    <p class='ocr_par' dir='ltr' id='par_1_10' title="bbox 367 1031 1953 1106">
     <span class='ocr_line' id='line_1_10' title="bbox 367 1031 1953 1106; baseline 0.003 -24"><span class='ocrx_word' id='word_1_51' title='bbox 367 1031 576 1095; x_wconf 80' lang='grc' dir='ltr'>νεσθαι,</span> <span class='ocrx_word' id='word_1_52' title='bbox 627 1032 878 1102; x_wconf 81' lang='grc' dir='ltr'><strong>ἀνάγκης</strong></span> <span class='ocrx_word' id='word_1_53' title='bbox 961 1033 1236 1104; x_wconf 81' lang='grc' dir='ltr'><strong>μηδεμιᾶς</strong></span> <span class='ocrx_word' id='word_1_54' title='bbox 1290 1033 1558 1106; x_wconf 80' lang='grc' dir='ltr'>ὑπούσης.</span> <span class='ocrx_word' id='word_1_55' title='bbox 1612 1033 1953 1102; x_wconf 85' lang='grc' dir='ltr'>Ἀπόκαυχος</span> 
     </span>
    </p>
   </div>
   <div class='ocr_carea' id='block_1_11' title="bbox 363 1106 1951 1207">
    <p class='ocr_par' dir='ltr' id='par_1_11' title="bbox 363 1106 1951 1207">
     <span class='ocr_line' id='line_1_11' title="bbox 363 1106 1951 1207; baseline 0.004 -33"><span class='ocrx_word' id='word_1_56' title='bbox 363 1122 421 1174; x_wconf 76' lang='grc' dir='ltr'>δὲ</span> <span class='ocrx_word' id='word_1_57' title='bbox 454 1121 604 1207; x_wconf 74' lang='grc' dir='ltr'>μετὰ</span> <span class='ocrx_word' id='word_1_58' title='bbox 627 1106 736 1176; x_wconf 68' lang='grc' dir='ltr'>τῶν</span> <span class='ocrx_word' id='word_1_59' title='bbox 765 1124 949 1178; x_wconf 78' lang='grc' dir='ltr'>ἄλλων</span> <span class='ocrx_word' id='word_1_60' title='bbox 976 1126 1101 1179; x_wconf 73' lang='grc' dir='ltr'>ἐπεὶ</span> <span class='ocrx_word' id='word_1_61' title='bbox 1132 1126 1234 1198; x_wconf 81' lang='grc' dir='ltr'><strong>τὴν</strong></span> <span class='ocrx_word' id='word_1_62' title='bbox 1283 1127 1576 1198; x_wconf 84' lang='grc' dir='ltr'>προδοσίαν</span> <span class='ocrx_word' id='word_1_63' title='bbox 1631 1127 1951 1201; x_wconf 77' lang='grc' dir='ltr'>κατενόουν,</span> 
     </span>
    </p>
   </div>
   <div class='ocr_carea' id='block_1_12' title="bbox 368 1215 1956 1290">
    <p class='ocr_par' dir='ltr' id='par_1_12' title="bbox 368 1215 1956 1290">
     <span class='ocr_line' id='line_1_12' title="bbox 368 1215 1956 1290; baseline 0.003 -23"><span class='ocrx_word' id='word_1_64' title='bbox 368 1215 464 1267; x_wconf 83' lang='grc' dir='ltr'><strong>καὶ</strong></span> <span class='ocrx_word' id='word_1_65' title='bbox 531 1215 625 1268; x_wconf 71' lang='grc' dir='ltr'>τὸν</span> <span class='ocrx_word' id='word_1_66' title='bbox 685 1215 938 1269; x_wconf 84' lang='grc' dir='ltr'>κίνδυνον</span> <span class='ocrx_word' id='word_1_67' title='bbox 1000 1218 1404 1287; x_wconf 82' lang='grc' dir='ltr'>περιεστηκότα</span> <span class='ocrx_word' id='word_1_68' title='bbox 1466 1218 1779 1290; x_wconf 79' lang='grc' dir='ltr'><strong>συνεώρων,</strong></span> <span class='ocrx_word' id='word_1_69' title='bbox 1842 1217 1956 1288; x_wconf 84' lang='grc' dir='ltr'><strong>ὦρ-</strong></span> 
     </span>
    </p>
   </div>
   <div class='ocr_carea' id='block_1_13' title="bbox 372 1306 1955 1381">
    <p class='ocr_par' dir='ltr' id='par_1_13' title="bbox 372 1306 1955 1381">
     <span class='ocr_line' id='line_1_13' title="bbox 372 1306 1955 1381; baseline 0.004 -24"><span class='ocrx_word' id='word_1_70' title='bbox 372 1322 542 1375; x_wconf 87' lang='grc' dir='ltr'>μηντο</span> <span class='ocrx_word' id='word_1_71' title='bbox 571 1306 797 1377; x_wconf 76' lang='grc' dir='ltr'>φεύγειν</span> <span class='ocrx_word' id='word_1_72' title='bbox 839 1307 948 1374; x_wconf 70' lang='grc' dir='ltr'><strong>ἔξω</strong></span> <span class='ocrx_word' id='word_1_73' title='bbox 975 1309 1200 1381; x_wconf 79' lang='grc' dir='ltr'>τειχῶν·</span> <span class='ocrx_word' id='word_1_74' title='bbox 1246 1310 1452 1381; x_wconf 76' lang='grc' dir='ltr'>συνέϐη</span> <span class='ocrx_word' id='word_1_75' title='bbox 1486 1312 1542 1365; x_wconf 68' lang='grc' dir='ltr'>δὲ</span> <span class='ocrx_word' id='word_1_76' title='bbox 1567 1311 1661 1364; x_wconf 80' lang='grc' dir='ltr'>τὸν</span> <span class='ocrx_word' id='word_1_77' title='bbox 1706 1310 1777 1365; x_wconf 78' lang='grc' dir='ltr'>τὰ</span> <span class='ocrx_word' id='word_1_78' title='bbox 1805 1312 1955 1365; x_wconf 81' lang='grc' dir='ltr'>κλεῖ-</span> 
     </span>
    </p>
   </div>
   <div class='ocr_carea' id='block_1_14' title="bbox 370 1395 1959 1475">
    <p class='ocr_par' dir='ltr' id='par_1_14' title="bbox 370 1395 1959 1475">
     <span class='ocr_line' id='line_1_14' title="bbox 370 1395 1959 1475; baseline 0.007 -28"><span class='ocrx_word' id='word_1_79' title='bbox 370 1395 474 1466; x_wconf 85' lang='grc' dir='ltr'>θρα</span> <span class='ocrx_word' id='word_1_80' title='bbox 523 1398 620 1466; x_wconf 85' lang='grc' dir='ltr'>τῆς</span> <span class='ocrx_word' id='word_1_81' title='bbox 681 1396 861 1470; x_wconf 76' lang='grc' dir='ltr'>ἄκρας</span> <span class='ocrx_word' id='word_1_82' title='bbox 929 1402 1233 1471; x_wconf 70' lang='grc' dir='ltr'>κατέχοντα</span> <span class='ocrx_word' id='word_1_83' title='bbox 1257 1441 1273 1467; x_wconf 93' lang='grc'>,</span> <span class='ocrx_word' id='word_1_84' title='bbox 1352 1404 1464 1457; x_wconf 83' lang='grc' dir='ltr'><strong>τῶν</strong></span> <span class='ocrx_word' id='word_1_85' title='bbox 1522 1403 1789 1475; x_wconf 84' lang='grc' dir='ltr'>Ζηλωτῶν</span> <span class='ocrx_word' id='word_1_86' title='bbox 1861 1404 1959 1458; x_wconf 71' lang='grc' dir='ltr'><strong>ἕνα</strong></span> 
     </span>
    </p>
   </div>
   <div class='ocr_carea' id='block_1_15' title="bbox 370 1483 1964 1568">
    <p class='ocr_par' dir='ltr' id='par_1_15' title="bbox 370 1483 1964 1568">
     <span class='ocr_line' id='line_1_15' title="bbox 370 1483 1964 1568; baseline 0.007 -28"><span class='ocrx_word' id='word_1_87' title='bbox 370 1483 532 1542; x_wconf 73' lang='grc' dir='ltr'>εἶναι·</span> <span class='ocrx_word' id='word_1_88' title='bbox 595 1488 656 1552; x_wconf 80' lang='grc' dir='ltr'>ὃς</span> <span class='ocrx_word' id='word_1_89' title='bbox 713 1491 841 1543; x_wconf 75' lang='grc' dir='ltr'>ἐπεὶ</span> <span class='ocrx_word' id='word_1_90' title='bbox 931 1491 1388 1563; x_wconf 78' lang='grc' dir='ltr'>διχοστατοῦντας</span> <span class='ocrx_word' id='word_1_91' title='bbox 1462 1490 1575 1549; x_wconf 77' lang='grc' dir='ltr'>εἶδε</span> <span class='ocrx_word' id='word_1_92' title='bbox 1623 1498 1721 1550; x_wconf 77' lang='grc' dir='ltr'>καὶ</span> <span class='ocrx_word' id='word_1_93' title='bbox 1770 1496 1964 1568; x_wconf 86' lang='grc' dir='ltr'>ὡρμη-</span> 
     </span>
    </p>
   </div>
   <div class='ocr_carea' id='block_1_16' title="bbox 377 1580 1964 1662">
    <p class='ocr_par' dir='ltr' id='par_1_16' title="bbox 377 1580 1964 1662">
     <span class='ocr_line' id='line_1_16' title="bbox 377 1580 1964 1662; baseline 0.008 -31"><span class='ocrx_word' id='word_1_94' title='bbox 377 1580 577 1649; x_wconf 78' lang='grc' dir='ltr'>μένους</span> <span class='ocrx_word' id='word_1_95' title='bbox 626 1580 879 1651; x_wconf 79' lang='grc' dir='ltr'>φεύγειν,</span> <span class='ocrx_word' id='word_1_96' title='bbox 940 1585 1125 1649; x_wconf 80' lang='grc' dir='ltr'>συνεὶς</span> <span class='ocrx_word' id='word_1_97' title='bbox 1156 1584 1221 1639; x_wconf 81' lang='grc' dir='ltr'>τὸ</span> <span class='ocrx_word' id='word_1_98' title='bbox 1277 1586 1496 1657; x_wconf 78' lang='grc' dir='ltr'>μέλλον,</span> <span class='ocrx_word' id='word_1_99' title='bbox 1566 1588 1964 1662; x_wconf 82' lang='grc' dir='ltr'>ἀπεκρύπτετο</span> 
     </span>
    </p>
   </div>
   <div class='ocr_carea' id='block_1_17' title="bbox 371 1671 1962 1752">
    <p class='ocr_par' dir='ltr' id='par_1_17' title="bbox 371 1671 1962 1752">
     <span class='ocr_line' id='line_1_17' title="bbox 371 1671 1962 1752; baseline 0.008 -29"><span class='ocrx_word' id='word_1_100' title='bbox 371 1671 440 1724; x_wconf 88' lang='grc' dir='ltr'><strong>τά</strong></span> <span class='ocrx_word' id='word_1_101' title='bbox 463 1671 692 1743; x_wconf 77' lang='grc' dir='ltr'>κλεῖθρα</span> <span class='ocrx_word' id='word_1_102' title='bbox 721 1674 885 1746; x_wconf 84' lang='grc' dir='ltr'>έχων.</span> <span class='ocrx_word' id='word_1_103' title='bbox 914 1676 1058 1731; x_wconf 86' lang='grc' dir='ltr'>Πολὺ</span> <span class='ocrx_word' id='word_1_104' title='bbox 1092 1677 1150 1730; x_wconf 87' lang='grc' dir='ltr'>δὲ</span> <span class='ocrx_word' id='word_1_105' title='bbox 1183 1677 1297 1732; x_wconf 82' lang='grc' dir='ltr'><strong>τῶν</strong></span> <span class='ocrx_word' id='word_1_106' title='bbox 1330 1679 1517 1733; x_wconf 86' lang='grc' dir='ltr'>πυλῶν</span> <span class='ocrx_word' id='word_1_107' title='bbox 1543 1681 1828 1752; x_wconf 76' lang='grc' dir='ltr'>ἑκατέρων</span> <span class='ocrx_word' id='word_1_108' title='bbox 1859 1682 1962 1750; x_wconf 83' lang='grc' dir='ltr'>τῆς</span> 
     </span>
    </p>
   </div>
   <div class='ocr_carea' id='block_1_18' title="bbox 371 1757 1967 1839">
    <p class='ocr_par' dir='ltr' id='par_1_18' title="bbox 371 1757 1967 1839">
     <span class='ocr_line' id='line_1_18' title="bbox 371 1757 1967 1839; baseline 0.007 -28"><span class='ocrx_word' id='word_1_109' title='bbox 371 1757 550 1828; x_wconf 78' lang='grc' dir='ltr'>ἄκρας</span> <span class='ocrx_word' id='word_1_110' title='bbox 571 1760 822 1830; x_wconf 85' lang='grc' dir='ltr'>ἀλλήλων</span> <span class='ocrx_word' id='word_1_111' title='bbox 856 1762 1175 1831; x_wconf 87' lang='grc' dir='ltr'>διεχουσῶν,</span> <span class='ocrx_word' id='word_1_112' title='bbox 1194 1765 1534 1836; x_wconf 82' lang='grc' dir='ltr'>Ἀπόκαυχος</span> <span class='ocrx_word' id='word_1_113' title='bbox 1557 1770 1658 1838; x_wconf 79' lang='grc' dir='ltr'>μὲν</span> <span class='ocrx_word' id='word_1_114' title='bbox 1692 1770 1832 1839; x_wconf 84' lang='grc' dir='ltr'><strong>μετά</strong></span> <span class='ocrx_word' id='word_1_115' title='bbox 1857 1770 1967 1823; x_wconf 82' lang='grc' dir='ltr'>τῶν</span> 
     </span>
    </p>
   </div>
   <div class='ocr_carea' id='block_1_19' title="bbox 373 1850 1963 1932">
    <p class='ocr_par' dir='ltr' id='par_1_19' title="bbox 373 1850 1963 1932">
     <span class='ocr_line' id='line_1_19' title="bbox 373 1850 1963 1932; baseline 0.008 -29"><span class='ocrx_word' id='word_1_116' title='bbox 373 1850 555 1903; x_wconf 75' lang='grc' dir='ltr'>ἄλλων</span> <span class='ocrx_word' id='word_1_117' title='bbox 596 1851 842 1923; x_wconf 71' lang='grc' dir='ltr'>ἐχώρουν</span> <span class='ocrx_word' id='word_1_118' title='bbox 902 1855 1000 1907; x_wconf 75' lang='grc' dir='ltr'><strong>ἐπὶ</strong></span> <span class='ocrx_word' id='word_1_119' title='bbox 1049 1854 1150 1924; x_wconf 83' lang='grc' dir='ltr'>τὴν</span> <span class='ocrx_word' id='word_1_120' title='bbox 1210 1853 1516 1926; x_wconf 77' lang='grc' dir='ltr'>ἑξάγουσαν</span> <span class='ocrx_word' id='word_1_121' title='bbox 1578 1860 1689 1914; x_wconf 84' lang='grc' dir='ltr'><strong>τῶν</strong></span> <span class='ocrx_word' id='word_1_122' title='bbox 1740 1862 1963 1932; x_wconf 85' lang='grc' dir='ltr'><strong>τειχῶν.</strong></span> 
     </span>
    </p>
   </div>
   <div class='ocr_carea' id='block_1_20' title="bbox 2051 667 3631 738">
    <p class='ocr_par' dir='ltr' id='par_1_20' title="bbox 2051 667 3631 738">
     <span class='ocr_line' id='line_1_20' title="bbox 2051 667 3631 738; baseline -0.002 -14"><span class='ocrx_word' id='word_1_123' title='bbox 2051 670 2122 724; x_wconf 93' lang='lat' dir='ltr'><strong>sit</strong></span> <span class='ocrx_word' id='word_1_124' title='bbox 2168 687 2195 723; x_wconf 60' lang='grc' dir='ltr'><strong>ιτ</strong></span> <span class='ocrx_word' id='word_1_125' title='bbox 2227 684 2391 738; x_wconf 89' lang='lat' dir='ltr'><strong>quam</strong></span> <span class='ocrx_word' id='word_1_126' title='bbox 2449 683 2573 724; x_wconf 91' lang='lat' dir='ltr'><strong>cum</strong></span> <span class='ocrx_word' id='word_1_127' title='bbox 2625 669 2867 723; x_wconf 80' lang='lat' dir='ltr'><strong>clausam</strong></span> <span class='ocrx_word' id='word_1_128' title='bbox 2936 668 3285 730; x_wconf 84' lang='lat' dir='ltr'><strong>invenirent,</strong></span> <span class='ocrx_word' id='word_1_129' title='bbox 3343 667 3631 722; x_wconf 72' lang='lat' dir='ltr'><strong>diliinde‘ze</strong></span> 
     </span>
    </p>
   </div>
   <div class='ocr_carea' id='block_1_21' title="bbox 2058 754 3641 828">
    <p class='ocr_par' dir='ltr' id='par_1_21' title="bbox 2058 754 3641 828">
     <span class='ocr_line' id='line_1_21' title="bbox 2058 754 3641 828; baseline -0.004 -16"><span class='ocrx_word' id='word_1_130' title='bbox 2058 766 2425 813; x_wconf 82' lang='lat' dir='ltr'><strong>tentaverunt.</strong></span> <span class='ocrx_word' id='word_1_131' title='bbox 2458 758 2530 812; x_wconf 86' lang='lat' dir='ltr'><strong>At</strong></span> <span class='ocrx_word' id='word_1_132' title='bbox 2559 756 2805 828; x_wconf 83' lang='lat' dir='ltr'><strong>populus</strong></span> <span class='ocrx_word' id='word_1_133' title='bbox 2824 756 2966 812; x_wconf 88' lang='lat' dir='ltr'><strong>arcis</strong></span> <span class='ocrx_word' id='word_1_134' title='bbox 2995 756 3135 826; x_wconf 87' lang='lat' dir='ltr'><strong>(erat</strong></span> <span class='ocrx_word' id='word_1_135' title='bbox 3158 754 3428 824; x_wconf 82' lang='lat' dir='ltr'><strong>siquidem</strong></span> <span class='ocrx_word' id='word_1_136' title='bbox 3466 754 3641 807; x_wconf 87' lang='lat' dir='ltr'><strong>instar</strong></span> 
     </span>
    </p>
   </div>
   <div class='ocr_carea' id='block_1_22' title="bbox 2058 840 3641 921">
    <p class='ocr_par' dir='ltr' id='par_1_22' title="bbox 2058 840 3641 921">
     <span class='ocr_line' id='line_1_22' title="bbox 2058 840 3641 921; baseline -0.003 -17"><span class='ocrx_word' id='word_1_137' title='bbox 2058 864 2241 921; x_wconf 82' lang='lat' dir='ltr'><strong>parvae</strong></span> <span class='ocrx_word' id='word_1_138' title='bbox 2288 850 2464 913; x_wconf 89' lang='lat' dir='ltr'><strong>urbis,</strong></span> <span class='ocrx_word' id='word_1_139' title='bbox 2516 850 2880 921; x_wconf 88' lang='lat' dir='ltr'><strong>propriosque</strong></span> <span class='ocrx_word' id='word_1_140' title='bbox 2912 840 3081 920; x_wconf 77' lang='lat'><strong>679</strong></span> <span class='ocrx_word' id='word_1_141' title='bbox 3121 847 3362 903; x_wconf 75' lang='lat' dir='ltr'><strong>habebat</strong></span> <span class='ocrx_word' id='word_1_142' title='bbox 3416 843 3641 911; x_wconf 69' lang='lat' dir='ltr'><strong>incolas)</strong></span> 
     </span>
    </p>
   </div>
   <div class='ocr_carea' id='block_1_23' title="bbox 2058 939 3643 1012">
    <p class='ocr_par' dir='ltr' id='par_1_23' title="bbox 2058 939 3643 1012">
     <span class='ocr_line' id='line_1_23' title="bbox 2058 939 3643 1012; baseline -0.004 -15"><span class='ocrx_word' id='word_1_143' title='bbox 2058 942 2238 1012; x_wconf 81' lang='lat' dir='ltr'><strong>fugam</strong></span> <span class='ocrx_word' id='word_1_144' title='bbox 2277 955 2373 996; x_wconf 91' lang='lat' dir='ltr'><strong>eos</strong></span> <span class='ocrx_word' id='word_1_145' title='bbox 2419 956 2730 1012; x_wconf 90' lang='lat' dir='ltr'><strong>capessere,</strong></span> <span class='ocrx_word' id='word_1_146' title='bbox 2772 950 2828 996; x_wconf 88' lang='lat' dir='ltr'><strong>et</strong></span> <span class='ocrx_word' id='word_1_147' title='bbox 2872 955 2933 996; x_wconf 92' lang='lat' dir='ltr'><strong>se</strong></span> <span class='ocrx_word' id='word_1_148' title='bbox 2978 939 3179 1011; x_wconf 90' lang='lat' dir='ltr'><strong>populo</strong></span> <span class='ocrx_word' id='word_1_149' title='bbox 3216 939 3430 994; x_wconf 85' lang='lat' dir='ltr'><strong>urbano</strong></span> <span class='ocrx_word' id='word_1_150' title='bbox 3477 952 3643 1006; x_wconf 87' lang='lat' dir='ltr'><strong>quem</strong></span> 
     </span>
    </p>
   </div>
   <div class='ocr_carea' id='block_1_24' title="bbox 2058 1031 3647 1103">
    <p class='ocr_par' dir='ltr' id='par_1_24' title="bbox 2058 1031 3647 1103">
     <span class='ocr_line' id='line_1_24' title="bbox 2058 1031 3647 1103; baseline -0.003 -16"><span class='ocrx_word' id='word_1_151' title='bbox 2058 1032 2534 1103; x_wconf 82' lang='lat' dir='ltr'><strong>superduxissent,</strong></span> <span class='ocrx_word' id='word_1_152' title='bbox 2567 1034 2723 1103; x_wconf 81' lang='lat' dir='ltr'><strong>prodi</strong></span> <span class='ocrx_word' id='word_1_153' title='bbox 2752 1047 2866 1088; x_wconf 87' lang='lat' dir='ltr'><strong>non</strong></span> <span class='ocrx_word' id='word_1_154' title='bbox 2905 1032 3142 1098; x_wconf 89' lang='lat' dir='ltr'><strong>sinebat,</strong></span> <span class='ocrx_word' id='word_1_155' title='bbox 3176 1031 3270 1087; x_wconf 91' lang='lat' dir='ltr'><strong>sed</strong></span> <span class='ocrx_word' id='word_1_156' title='bbox 3305 1045 3647 1101; x_wconf 78' lang='lat' dir='ltr'><strong>Oppugnan-</strong></span> 
     </span>
    </p>
   </div>
   <div class='ocr_carea' id='block_1_25' title="bbox 2062 1120 3644 1181">
    <p class='ocr_par' dir='ltr' id='par_1_25' title="bbox 2062 1120 3644 1181">
     <span class='ocr_line' id='line_1_25' title="bbox 2062 1120 3644 1181; baseline -0.003 -1"><span class='ocrx_word' id='word_1_157' title='bbox 2062 1124 2209 1181; x_wconf 82' lang='lat' dir='ltr'><strong>tibus</strong></span> <span class='ocrx_word' id='word_1_158' title='bbox 2234 1124 2388 1179; x_wconf 88' lang='lat' dir='ltr'><strong>intus</strong></span> <span class='ocrx_word' id='word_1_159' title='bbox 2418 1138 2512 1180; x_wconf 85' lang='lat' dir='ltr'><strong>eos</strong></span> <span class='ocrx_word' id='word_1_160' title='bbox 2544 1140 2731 1180; x_wconf 88' lang='lat' dir='ltr'><strong>secum</strong></span> <span class='ocrx_word' id='word_1_161' title='bbox 2774 1124 3031 1180; x_wconf 81' lang='lat' dir='ltr'><strong>resistere</strong></span> <span class='ocrx_word' id='word_1_162' title='bbox 3076 1123 3313 1179; x_wconf 85' lang='lat' dir='ltr'><strong>volebat.</strong></span> <span class='ocrx_word' id='word_1_163' title='bbox 3360 1121 3486 1176; x_wconf 77' lang='lat' dir='ltr'><strong>Haec</strong></span> <span class='ocrx_word' id='word_1_164' title='bbox 3514 1120 3644 1175; x_wconf 92' lang='lat' dir='ltr'><strong>dum</strong></span> 
     </span>
    </p>
   </div>
   <div class='ocr_carea' id='block_1_26' title="bbox 2062 1214 3642 1287">
    <p class='ocr_par' dir='ltr' id='par_1_26' title="bbox 2062 1214 3642 1287">
     <span class='ocr_line' id='line_1_26' title="bbox 2062 1214 3642 1287; baseline -0.001 -16"><span class='ocrx_word' id='word_1_165' title='bbox 2062 1216 2216 1282; x_wconf 85' lang='lat' dir='ltr'><strong>liunt,</strong></span> <span class='ocrx_word' id='word_1_166' title='bbox 2276 1217 2509 1286; x_wconf 90' lang='lat' dir='ltr'><strong>populus</strong></span> <span class='ocrx_word' id='word_1_167' title='bbox 2557 1217 2798 1272; x_wconf 88' lang='lat' dir='ltr'><strong>urbanus</strong></span> <span class='ocrx_word' id='word_1_168' title='bbox 2843 1216 2975 1272; x_wconf 78' lang='lat' dir='ltr'><strong>loris</strong></span> <span class='ocrx_word' id='word_1_169' title='bbox 3019 1217 3202 1287; x_wconf 77' lang='lat' dir='ltr'><strong>ignem</strong></span> <span class='ocrx_word' id='word_1_170' title='bbox 3256 1224 3428 1287; x_wconf 68' lang='lat' dir='ltr'><strong>porta:</strong></span> <span class='ocrx_word' id='word_1_171' title='bbox 3477 1214 3642 1280; x_wconf 89' lang='lat' dir='ltr'><strong>arcis,</strong></span> 
     </span>
    </p>
   </div>
   <div class='ocr_carea' id='block_1_27' title="bbox 2061 1307 3642 1379">
    <p class='ocr_par' dir='ltr' id='par_1_27' title="bbox 2061 1307 3642 1379">
     <span class='ocr_line' id='line_1_27' title="bbox 2061 1307 3642 1379; baseline -0.001 -18"><span class='ocrx_word' id='word_1_172' title='bbox 2061 1323 2257 1363; x_wconf 87' lang='lat' dir='ltr'><strong>versus</strong></span> <span class='ocrx_word' id='word_1_173' title='bbox 2303 1309 2514 1374; x_wconf 84' lang='lat' dir='ltr'><strong>urbem,</strong></span> <span class='ocrx_word' id='word_1_174' title='bbox 2549 1308 2988 1379; x_wconf 86' lang='lat' dir='ltr'><strong>quandoquidem</strong></span> <span class='ocrx_word' id='word_1_175' title='bbox 3030 1324 3194 1364; x_wconf 90' lang='lat' dir='ltr'><strong>nemo</strong></span> <span class='ocrx_word' id='word_1_176' title='bbox 3242 1307 3642 1379; x_wconf 79' lang='lat' dir='ltr'><strong>propngnabat,</strong></span> 
     </span>
    </p>
   </div>
   <div class='ocr_carea' id='block_1_28' title="bbox 2063 1399 3645 1472">
    <p class='ocr_par' dir='ltr' id='par_1_28' title="bbox 2063 1399 3645 1472">
     <span class='ocr_line' id='line_1_28' title="bbox 2063 1399 3645 1472; baseline -0.002 -18"><span class='ocrx_word' id='word_1_177' title='bbox 2063 1400 2336 1471; x_wconf 80' lang='lat' dir='ltr'><strong>implicat.</strong></span> <span class='ocrx_word' id='word_1_178' title='bbox 2382 1400 2635 1472; x_wconf 75' lang='lat' dir='ltr'><strong>Clariger</strong></span> <span class='ocrx_word' id='word_1_179' title='bbox 2690 1399 2998 1471; x_wconf 79' lang='lat' dir='ltr'><strong>Strategius</strong></span> <span class='ocrx_word' id='word_1_180' title='bbox 3030 1400 3159 1471; x_wconf 90' lang='lat' dir='ltr'><strong>(hoc</strong></span> <span class='ocrx_word' id='word_1_181' title='bbox 3210 1401 3358 1455; x_wconf 89' lang='lat' dir='ltr'><strong>enim</strong></span> <span class='ocrx_word' id='word_1_182' title='bbox 3413 1399 3489 1453; x_wconf 82' lang='lat' dir='ltr'><strong>illi</strong></span> <span class='ocrx_word' id='word_1_183' title='bbox 3545 1408 3645 1452; x_wconf 49' lang='lat' dir='ltr'><strong>no:</strong></span> 
     </span>
    </p>
   </div>
   <div class='ocr_carea' id='block_1_29' title="bbox 2062 1491 3648 1565">
    <p class='ocr_par' dir='ltr' id='par_1_29' title="bbox 2062 1491 3648 1565">
     <span class='ocr_line' id='line_1_29' title="bbox 2062 1491 3648 1565; baseline -0.002 -17"><span class='ocrx_word' id='word_1_184' title='bbox 2062 1498 2213 1564; x_wconf 88' lang='lat' dir='ltr'><strong>men)</strong></span> <span class='ocrx_word' id='word_1_185' title='bbox 2247 1508 2542 1549; x_wconf 88' lang='lat' dir='ltr'><strong>accurrens</strong></span> <span class='ocrx_word' id='word_1_186' title='bbox 2584 1495 2785 1564; x_wconf 89' lang='lat' dir='ltr'><strong>aperit,</strong></span> <span class='ocrx_word' id='word_1_187' title='bbox 2820 1493 3055 1565; x_wconf 88' lang='lat' dir='ltr'><strong>populus</strong></span> <span class='ocrx_word' id='word_1_188' title='bbox 3101 1508 3160 1548; x_wconf 87' lang='lat' dir='ltr'><strong>se</strong></span> <span class='ocrx_word' id='word_1_189' title='bbox 3206 1491 3464 1557; x_wconf 82' lang='lat' dir='ltr'><strong>infundit,</strong></span> <span class='ocrx_word' id='word_1_190' title='bbox 3494 1491 3648 1545; x_wconf 90' lang='lat' dir='ltr'><strong>subi-</strong></span> 
     </span>
    </p>
   </div>
   <div class='ocr_carea' id='block_1_30' title="bbox 2064 1583 3651 1657">
    <p class='ocr_par' dir='ltr' id='par_1_30' title="bbox 2064 1583 3651 1657">
     <span class='ocr_line' id='line_1_30' title="bbox 2064 1583 3651 1657; baseline -0.005 -14"><span class='ocrx_word' id='word_1_191' title='bbox 2064 1598 2232 1657; x_wconf 91' lang='lat' dir='ltr'><strong>toque</strong></span> <span class='ocrx_word' id='word_1_192' title='bbox 2262 1587 2318 1640; x_wconf 91' lang='lat' dir='ltr'><strong>in</strong></span> <span class='ocrx_word' id='word_1_193' title='bbox 2356 1586 2481 1656; x_wconf 89' lang='lat' dir='ltr'><strong>ipso</strong></span> <span class='ocrx_word' id='word_1_194' title='bbox 2504 1586 2654 1641; x_wconf 87' lang='lat' dir='ltr'><strong>aditu</strong></span> <span class='ocrx_word' id='word_1_195' title='bbox 2708 1587 2857 1641; x_wconf 84' lang='lat' dir='ltr'><strong>cives</strong></span> <span class='ocrx_word' id='word_1_196' title='bbox 2901 1586 3040 1641; x_wconf 91' lang='lat' dir='ltr'><strong>duos</strong></span> <span class='ocrx_word' id='word_1_197' title='bbox 3069 1584 3325 1649; x_wconf 82' lang='lat' dir='ltr'><strong>trucidat,</strong></span> <span class='ocrx_word' id='word_1_198' title='bbox 3354 1583 3550 1639; x_wconf 76' lang='lat' dir='ltr'><strong>deinde</strong></span> <span class='ocrx_word' id='word_1_199' title='bbox 3583 1585 3651 1635; x_wconf 79' lang='lat' dir='ltr'><strong>ad</strong></span> 
     </span>
    </p>
   </div>
   <div class='ocr_carea' id='block_1_31' title="bbox 2060 1674 3654 1747">
    <p class='ocr_par' dir='ltr' id='par_1_31' title="bbox 2060 1674 3654 1747">
     <span class='ocr_line' id='line_1_31' title="bbox 2060 1674 3654 1747; baseline -0.004 -14"><span class='ocrx_word' id='word_1_200' title='bbox 2060 1694 2212 1733; x_wconf 78' lang='lat' dir='ltr'><strong>arma</strong></span> <span class='ocrx_word' id='word_1_201' title='bbox 2264 1692 2547 1747; x_wconf 87' lang='lat' dir='ltr'><strong>equosque</strong></span> <span class='ocrx_word' id='word_1_202' title='bbox 2596 1676 2939 1747; x_wconf 88' lang='lat' dir='ltr'><strong>diripiendos</strong></span> <span class='ocrx_word' id='word_1_203' title='bbox 2984 1674 3353 1732; x_wconf 84' lang='lat' dir='ltr'><strong>convertitur.</strong></span> <span class='ocrx_word' id='word_1_204' title='bbox 3401 1676 3654 1743; x_wconf 80' lang='lat' dir='ltr'><strong>Apocau-</strong></span> 
     </span>
    </p>
   </div>
   <div class='ocr_carea' id='block_1_32' title="bbox 2066 1766 3655 1841">
    <p class='ocr_par' dir='ltr' id='par_1_32' title="bbox 2066 1766 3655 1841">
     <span class='ocr_line' id='line_1_32' title="bbox 2066 1766 3655 1841; baseline -0.004 -14"><span class='ocrx_word' id='word_1_205' title='bbox 2066 1774 2204 1828; x_wconf 83' lang='lat' dir='ltr'><strong>chus</strong></span> <span class='ocrx_word' id='word_1_206' title='bbox 2241 1779 2298 1826; x_wconf 90' lang='lat' dir='ltr'><strong>et</strong></span> <span class='ocrx_word' id='word_1_207' title='bbox 2326 1771 2461 1826; x_wconf 81' lang='lat' dir='ltr'><strong>socii</strong></span> <span class='ocrx_word' id='word_1_208' title='bbox 2492 1779 2684 1841; x_wconf 88' lang='lat' dir='ltr'><strong>captos</strong></span> <span class='ocrx_word' id='word_1_209' title='bbox 2730 1785 2790 1824; x_wconf 89' lang='lat' dir='ltr'><strong>se</strong></span> <span class='ocrx_word' id='word_1_210' title='bbox 2821 1770 3176 1840; x_wconf 86' lang='lat' dir='ltr'><strong>aspicientes,</strong></span> <span class='ocrx_word' id='word_1_211' title='bbox 3220 1770 3480 1839; x_wconf 84' lang='lat' dir='ltr'><strong>quoniam</strong></span> <span class='ocrx_word' id='word_1_212' title='bbox 3531 1766 3655 1837; x_wconf 84' lang='lat' dir='ltr'><strong>fuga</strong></span> 
     </span>
    </p>
   </div>
   <div class='ocr_carea' id='block_1_33' title="bbox 2070 1859 3657 1932">
    <p class='ocr_par' dir='ltr' id='par_1_33' title="bbox 2070 1859 3657 1932">
     <span class='ocr_line' id='line_1_33' title="bbox 2070 1859 3657 1932; baseline -0.004 -11"><span class='ocrx_word' id='word_1_213' title='bbox 2070 1862 2529 1927; x_wconf 78' lang='lat' dir='ltr'><strong>excludebantur,</strong></span> <span class='ocrx_word' id='word_1_214' title='bbox 2587 1861 2658 1916; x_wconf 89' lang='lat' dir='ltr'><strong>de</strong></span> <span class='ocrx_word' id='word_1_215' title='bbox 2719 1862 2878 1932; x_wconf 90' lang='lat' dir='ltr'><strong>equis</strong></span> <span class='ocrx_word' id='word_1_216' title='bbox 2927 1861 3290 1925; x_wconf 89' lang='lat' dir='ltr'><strong>descendunt,</strong></span> <span class='ocrx_word' id='word_1_217' title='bbox 3349 1861 3513 1916; x_wconf 86' lang='lat' dir='ltr'><strong>armis</strong></span> <span class='ocrx_word' id='word_1_218' title='bbox 3562 1859 3657 1914; x_wconf 87' lang='lat' dir='ltr'><strong>dc-</strong></span> 
     </span>
    </p>
   </div>
   <div class='ocr_carea' id='block_1_34' title="bbox 387 1938 1975 2030">
    <p class='ocr_par' dir='ltr' id='par_1_34' title="bbox 387 1938 1963 2021">
     <span class='ocr_line' id='line_1_34' title="bbox 387 1938 1963 2021; baseline 0.009 -28"><span class='ocrx_word' id='word_1_219' title='bbox 387 1941 544 1994; x_wconf 77' lang='grc' dir='ltr'>Ἐπεὶ</span> <span class='ocrx_word' id='word_1_220' title='bbox 571 1943 627 1995; x_wconf 84' lang='grc' dir='ltr'>δὲ</span> <span class='ocrx_word' id='word_1_221' title='bbox 660 1938 728 2014; x_wconf 79' lang='grc' dir='ltr'>ἦν</span> <span class='ocrx_word' id='word_1_222' title='bbox 770 1946 1160 2016; x_wconf 81' lang='grc' dir='ltr'>κεκλεισμένη,</span> <span class='ocrx_word' id='word_1_223' title='bbox 1214 1949 1536 2021; x_wconf 75' lang='grc' dir='ltr'>ἐπεχείρουν</span> <span class='ocrx_word' id='word_1_224' title='bbox 1566 1950 1904 2006; x_wconf 84' lang='grc' dir='ltr'>διακόπτειν·</span> <span class='ocrx_word' id='word_1_225' title='bbox 1934 1956 1963 2007; x_wconf 86' lang='grc' dir='ltr'>ὁ</span> 
     </span>
    </p>
   </div>
   <div class='ocr_carea' id='block_1_35' title="bbox 2078 1938 3658 2030">
    <p class='ocr_par' dir='ltr' id='par_1_35' title="bbox 2078 1957 3658 2030">
     <span class='ocr_line' id='line_1_35' title="bbox 2078 1957 3658 2030; baseline -0.004 -15"><span class='ocrx_word' id='word_1_226' title='bbox 2078 1959 2266 2030; x_wconf 86' lang='lat' dir='ltr'><strong>positis</strong></span> <span class='ocrx_word' id='word_1_227' title='bbox 2297 1974 2358 2014; x_wconf 91' lang='lat' dir='ltr'><strong>se</strong></span> <span class='ocrx_word' id='word_1_228' title='bbox 2386 1957 2687 2025; x_wconf 87' lang='lat' dir='ltr'><strong>occulunt;</strong></span> <span class='ocrx_word' id='word_1_229' title='bbox 2723 1957 2881 2028; x_wconf 86' lang='lat' dir='ltr'><strong>pauci</strong></span> <span class='ocrx_word' id='word_1_230' title='bbox 2928 1965 3108 2012; x_wconf 87' lang='lat' dir='ltr'><strong>tamen</strong></span> <span class='ocrx_word' id='word_1_231' title='bbox 3146 1957 3442 2019; x_wconf 85' lang='lat' dir='ltr'><strong>latuerunt,</strong></span> <span class='ocrx_word' id='word_1_232' title='bbox 3469 1957 3658 2026; x_wconf 90' lang='lat' dir='ltr'><strong>plures</strong></span> 
     </span>
    </p>
   </div>
   <div class='ocr_carea' id='block_1_36' title="bbox 372 2030 1969 2115">
    <p class='ocr_par' dir='ltr' id='par_1_36' title="bbox 372 2030 1969 2115">
     <span class='ocr_line' id='line_1_36' title="bbox 372 2030 1969 2115; baseline 0.008 -32"><span class='ocrx_word' id='word_1_233' title='bbox 372 2030 547 2100; x_wconf 72' lang='grc' dir='ltr'>δῆμος</span> <span class='ocrx_word' id='word_1_234' title='bbox 564 2032 620 2085; x_wconf 80' lang='grc' dir='ltr'>δὲ</span> <span class='ocrx_word' id='word_1_235' title='bbox 647 2035 676 2085; x_wconf 87' lang='grc' dir='ltr'>ὁ</span> <span class='ocrx_word' id='word_1_236' title='bbox 702 2034 798 2102; x_wconf 84' lang='grc' dir='ltr'>τῆς</span> <span class='ocrx_word' id='word_1_237' title='bbox 823 2034 999 2104; x_wconf 68' lang='grc' dir='ltr'>ἄκρας</span> <span class='ocrx_word' id='word_1_238' title='bbox 1023 2035 1200 2106; x_wconf 88' lang='grc' dir='ltr'>(πόλει</span> <span class='ocrx_word' id='word_1_239' title='bbox 1220 2038 1331 2109; x_wconf 87' lang='grc' dir='ltr'><strong>γάρ</strong></span> <span class='ocrx_word' id='word_1_240' title='bbox 1347 2056 1457 2093; x_wconf 83' lang='grc' dir='ltr'>τινι</span> <span class='ocrx_word' id='word_1_241' title='bbox 1486 2040 1632 2095; x_wconf 76' lang='grc' dir='ltr'>ἔοικε</span> <span class='ocrx_word' id='word_1_242' title='bbox 1656 2044 1848 2115; x_wconf 80' lang='grc' dir='ltr'>μικρᾷ,</span> <span class='ocrx_word' id='word_1_243' title='bbox 1875 2045 1969 2096; x_wconf 64' lang='grc' dir='ltr'><strong>κα)⁴</strong></span> 
     </span>
    </p>
   </div>
   <div class='ocr_carea' id='block_1_37' title="bbox 375 2125 1968 2202">
    <p class='ocr_par' dir='ltr' id='par_1_37' title="bbox 375 2125 1968 2202">
     <span class='ocr_line' id='line_1_37' title="bbox 375 2125 1968 2202; baseline 0.008 -26"><span class='ocrx_word' id='word_1_244' title='bbox 375 2125 665 2195; x_wconf 77' lang='grc' dir='ltr'>οἰκήτορας</span> <span class='ocrx_word' id='word_1_245' title='bbox 703 2126 870 2189; x_wconf 83' lang='grc' dir='ltr'>ἰδίους</span> <span class='ocrx_word' id='word_1_246' title='bbox 897 2126 1035 2198; x_wconf 77' lang='grc' dir='ltr'>ἔχει)</span> <span class='ocrx_word' id='word_1_247' title='bbox 1072 2128 1174 2181; x_wconf 83' lang='grc' dir='ltr'><strong>οὐκ</strong></span> <span class='ocrx_word' id='word_1_248' title='bbox 1222 2130 1353 2185; x_wconf 72' lang='grc' dir='ltr'>εἴων</span> <span class='ocrx_word' id='word_1_249' title='bbox 1382 2131 1791 2202; x_wconf 81' lang='grc' dir='ltr'>διαδιδράσκειν</span> <span class='ocrx_word' id='word_1_250' title='bbox 1828 2138 1968 2188; x_wconf 77' lang='grc' dir='ltr'>επα-</span> 
     </span>
    </p>
   </div>
   <div class='ocr_carea' id='block_1_38' title="bbox 375 2216 1967 2294">
    <p class='ocr_par' dir='ltr' id='par_1_38' title="bbox 375 2216 1967 2294">
     <span class='ocr_line' id='line_1_38' title="bbox 375 2216 1967 2294; baseline 0.009 -27"><span class='ocrx_word' id='word_1_251' title='bbox 375 2216 654 2283; x_wconf 74' lang='grc' dir='ltr'><strong>¹γαγόντας</strong></span> <span class='ocrx_word' id='word_1_252' title='bbox 702 2217 888 2281; x_wconf 84' lang='grc' dir='ltr'>αὐτοῖς</span> <span class='ocrx_word' id='word_1_253' title='bbox 936 2218 1028 2271; x_wconf 77' lang='grc' dir='ltr'><strong>τὸν</strong></span> <span class='ocrx_word' id='word_1_254' title='bbox 1067 2220 1267 2290; x_wconf 79' lang='grc' dir='ltr'>δῆμον,</span> <span class='ocrx_word' id='word_1_255' title='bbox 1322 2221 1439 2274; x_wconf 87' lang='grc' dir='ltr'>ἀλλ’</span> <span class='ocrx_word' id='word_1_256' title='bbox 1479 2223 1628 2277; x_wconf 74' lang='grc' dir='ltr'>ἔνδον</span> <span class='ocrx_word' id='word_1_257' title='bbox 1681 2227 1967 2294; x_wconf 75' lang='grc' dir='ltr'>μένοντας,</span> 
     </span>
    </p>
   </div>
   <div class='ocr_carea' id='block_1_39' title="bbox 376 2309 1991 2386">
    <p class='ocr_par' dir='ltr' id='par_1_39' title="bbox 376 2309 1991 2386">
     <span class='ocr_line' id='line_1_39' title="bbox 376 2309 1991 2386; baseline 0.01 -25"><span class='ocrx_word' id='word_1_258' title='bbox 376 2309 687 2378; x_wconf 81' lang='grc' dir='ltr'>ἀμύνεσθαι</span> <span class='ocrx_word' id='word_1_259' title='bbox 711 2312 837 2375; x_wconf 76' lang='grc' dir='ltr'>τοὺς</span> <span class='ocrx_word' id='word_1_260' title='bbox 862 2313 1121 2385; x_wconf 78' lang='grc' dir='ltr'>ἐπιόντας</span> <span class='ocrx_word' id='word_1_261' title='bbox 1150 2315 1272 2383; x_wconf 78' lang='grc' dir='ltr'>μετ’</span> <span class='ocrx_word' id='word_1_262' title='bbox 1299 2315 1502 2372; x_wconf 81' lang='grc' dir='ltr'>αὐτῶν.</span> <span class='ocrx_word' id='word_1_263' title='bbox 1524 2318 1614 2371; x_wconf 87' lang='grc' dir='ltr'>Ἐν</span> <span class='ocrx_word' id='word_1_264' title='bbox 1643 2311 1768 2386; x_wconf 57' lang='grc' dir='ltr'><strong>ᾧνδὲ</strong></span> <span class='ocrx_word' id='word_1_265' title='bbox 1800 2322 1991 2377; x_wconf 77' lang='grc' dir='ltr'>ταῦτα.</span> 
     </span>
    </p>
   </div>
   <div class='ocr_carea' id='block_1_40' title="bbox 378 2402 1969 2489">
    <p class='ocr_par' dir='ltr' id='par_1_40' title="bbox 378 2402 1969 2489">
     <span class='ocr_line' id='line_1_40' title="bbox 378 2402 1969 2489; baseline 0.008 -35"><span class='ocrx_word' id='word_1_266' title='bbox 378 2402 638 2467; x_wconf 75' lang='grc' dir='ltr'>ἐτελεῖτο,</span> <span class='ocrx_word' id='word_1_267' title='bbox 663 2405 690 2455; x_wconf 89' lang='grc' dir='ltr'>ὁ</span> <span class='ocrx_word' id='word_1_268' title='bbox 717 2402 891 2471; x_wconf 82' lang='grc' dir='ltr'>δῆμος</span> <span class='ocrx_word' id='word_1_269' title='bbox 918 2404 1033 2475; x_wconf 84' lang='grc' dir='ltr'>πῦρ</span> <span class='ocrx_word' id='word_1_270' title='bbox 1057 2405 1273 2461; x_wconf 69' lang='grc' dir='ltr'>ἐνίεσαν</span> <span class='ocrx_word' id='word_1_271' title='bbox 1299 2410 1420 2472; x_wconf 84' lang='grc' dir='ltr'>ταῖς</span> <span class='ocrx_word' id='word_1_272' title='bbox 1442 2409 1641 2473; x_wconf 79' lang='grc' dir='ltr'>πύλαις</span> <span class='ocrx_word' id='word_1_273' title='bbox 1662 2412 1761 2489; x_wconf 78' lang='grc' dir='ltr'>τῆς</span> <span class='ocrx_word' id='word_1_274' title='bbox 1793 2413 1969 2484; x_wconf 82' lang='grc' dir='ltr'>ἀκρας</span> 
     </span>
    </p>
   </div>
   <div class='ocr_carea' id='block_1_41' title="bbox 314 2495 1971 2575">
    <p class='ocr_par' dir='ltr' id='par_1_41' title="bbox 314 2495 1971 2575">
     <span class='ocr_line' id='line_1_41' title="bbox 314 2495 1971 2575; baseline 0.008 -29"><span class='ocrx_word' id='word_1_275' title='bbox 314 2532 319 2535; x_wconf 87' lang='grc'><strong>-</strong></span> <span class='ocrx_word' id='word_1_276' title='bbox 374 2495 498 2559; x_wconf 84' lang='grc' dir='ltr'>ταῖς</span> <span class='ocrx_word' id='word_1_277' title='bbox 516 2495 651 2565; x_wconf 82' lang='grc' dir='ltr'>πρὸ;</span> <span class='ocrx_word' id='word_1_278' title='bbox 678 2498 744 2565; x_wconf 77' lang='grc' dir='ltr'>τῇ</span> <span class='ocrx_word' id='word_1_279' title='bbox 776 2497 953 2560; x_wconf 85' lang='grc' dir='ltr'>πόλει,</span> <span class='ocrx_word' id='word_1_280' title='bbox 972 2498 1096 2552; x_wconf 73' lang='grc' dir='ltr'>ἐπεὶ</span> <span class='ocrx_word' id='word_1_281' title='bbox 1125 2500 1319 2570; x_wconf 80' lang='grc' dir='ltr'>μηδεὶς</span> <span class='ocrx_word' id='word_1_282' title='bbox 1341 2501 1603 2572; x_wconf 77' lang='grc' dir='ltr'>ἠμύνετο.</span> <span class='ocrx_word' id='word_1_283' title='bbox 1633 2504 1971 2575; x_wconf 71' lang='grc' dir='ltr'>Στρατήγιος</span> 
     </span>
    </p>
   </div>
   <div class='ocr_carea' id='block_1_42' title="bbox 378 2587 1973 2670">
    <p class='ocr_par' dir='ltr' id='par_1_42' title="bbox 378 2587 1973 2670">
     <span class='ocr_line' id='line_1_42' title="bbox 378 2587 1973 2670; baseline 0.01 -31"><span class='ocrx_word' id='word_1_284' title='bbox 378 2589 438 2639; x_wconf 81' lang='grc' dir='ltr'>δὲ</span> <span class='ocrx_word' id='word_1_285' title='bbox 471 2588 582 2640; x_wconf 60' lang='lat' dir='ltr'><strong>tu</strong></span> <span class='ocrx_word' id='word_1_286' title='bbox 617 2587 845 2659; x_wconf 75' lang='grc' dir='ltr'>κλεῖθρα</span> <span class='ocrx_word' id='word_1_287' title='bbox 867 2589 1046 2660; x_wconf 66' lang='grc' dir='ltr'>ἔχων·</span> <span class='ocrx_word' id='word_1_288' title='bbox 1087 2590 1230 2645; x_wconf 76' lang='grc' dir='ltr'>οὕτω</span> <span class='ocrx_word' id='word_1_289' title='bbox 1263 2595 1372 2662; x_wconf 72' lang='grc' dir='ltr'><strong>γὰρ</strong></span> <span class='ocrx_word' id='word_1_290' title='bbox 1399 2594 1714 2664; x_wconf 78' lang='grc' dir='ltr'>ώνόμαστο·</span> <span class='ocrx_word' id='word_1_291' title='bbox 1753 2600 1973 2670; x_wconf 54' lang='lat' dir='ltr'><strong>ﬁve-.7.»</strong></span> 
     </span>
    </p>
   </div>
   <div class='ocr_carea' id='block_1_43' title="bbox 382 2679 1975 2761">
    <p class='ocr_par' dir='ltr' id='par_1_43' title="bbox 382 2679 1975 2761">
     <span class='ocr_line' id='line_1_43' title="bbox 382 2679 1975 2761; baseline 0.008 -28"><span class='ocrx_word' id='word_1_292' title='bbox 382 2679 577 2747; x_wconf 80' lang='grc' dir='ltr'>ἐλθὼν,</span> <span class='ocrx_word' id='word_1_293' title='bbox 613 2683 710 2734; x_wconf 78' lang='grc' dir='ltr'>καὶ</span> <span class='ocrx_word' id='word_1_294' title='bbox 744 2683 772 2734; x_wconf 90' lang='grc' dir='ltr'><strong>ό</strong></span> <span class='ocrx_word' id='word_1_295' title='bbox 814 2683 987 2754; x_wconf 75' lang='grc' dir='ltr'>δῆμος</span> <span class='ocrx_word' id='word_1_296' title='bbox 1017 2684 1286 2755; x_wconf 83' lang='grc' dir='ltr'>εἰσεχεῖτο</span> <span class='ocrx_word' id='word_1_297' title='bbox 1307 2702 1320 2717; x_wconf 89' lang='grc'><strong>·</strong></span> <span class='ocrx_word' id='word_1_298' title='bbox 1353 2689 1448 2740; x_wconf 74' lang='grc' dir='ltr'><strong>καὶ</strong></span> <span class='ocrx_word' id='word_1_299' title='bbox 1475 2691 1674 2743; x_wconf 85' lang='grc' dir='ltr'>αὐτίκα</span> <span class='ocrx_word' id='word_1_300' title='bbox 1704 2692 1804 2761; x_wconf 82' lang='grc' dir='ltr'>μὲν</span> <span class='ocrx_word' id='word_1_301' title='bbox 1837 2694 1975 2760; x_wconf 61' lang='grc' dir='ltr'>πρὶς</span> 
     </span>
    </p>
   </div>
   <div class='ocr_carea' id='block_1_44' title="bbox 381 2773 1976 2852">
    <p class='ocr_par' dir='ltr' id='par_1_44' title="bbox 381 2773 1976 2852">
     <span class='ocr_line' id='line_1_44' title="bbox 381 2773 1976 2852; baseline 0.009 -27"><span class='ocrx_word' id='word_1_302' title='bbox 381 2776 502 2837; x_wconf 80' lang='grc' dir='ltr'>ταῖς</span> <span class='ocrx_word' id='word_1_303' title='bbox 535 2773 734 2838; x_wconf 77' lang='grc' dir='ltr'>πύλαις</span> <span class='ocrx_word' id='word_1_304' title='bbox 776 2775 872 2831; x_wconf 88' lang='grc' dir='ltr'><strong>δύο</strong></span> <span class='ocrx_word' id='word_1_305' title='bbox 911 2778 1020 2830; x_wconf 71' lang='grc' dir='ltr'>τῶν</span> <span class='ocrx_word' id='word_1_306' title='bbox 1069 2779 1309 2835; x_wconf 79' lang='grc' dir='ltr'>πολιτῶν</span> <span class='ocrx_word' id='word_1_307' title='bbox 1366 2782 1695 2852; x_wconf 72' lang='grc' dir='ltr'>ἀπέσφαξαν</span> <span class='ocrx_word' id='word_1_308' title='bbox 1722 2802 1737 2817; x_wconf 89' lang='grc'><strong>·</strong></span> <span class='ocrx_word' id='word_1_309' title='bbox 1779 2785 1976 2848; x_wconf 73' lang='grc' dir='ltr'>ἔπειτα</span> 
     </span>
    </p>
   </div>
   <div class='ocr_carea' id='block_1_45' title="bbox 386 2866 1970 2941">
    <p class='ocr_par' dir='ltr' id='par_1_45' title="bbox 386 2866 1970 2941">
     <span class='ocr_line' id='line_1_45' title="bbox 386 2866 1970 2941; baseline 0.01 -24"><span class='ocrx_word' id='word_1_310' title='bbox 386 2866 526 2935; x_wconf 73' lang='grc' dir='ltr'>πρὸς</span> <span class='ocrx_word' id='word_1_311' title='bbox 582 2866 841 2938; x_wconf 82' lang='grc' dir='ltr'>ἁρπαγὴν</span> <span class='ocrx_word' id='word_1_312' title='bbox 893 2870 1202 2938; x_wconf 75' lang='grc' dir='ltr'>ἐτράποντο</span> <span class='ocrx_word' id='word_1_313' title='bbox 1247 2873 1433 2941; x_wconf 70' lang='grc' dir='ltr'>ὃπλων</span> <span class='ocrx_word' id='word_1_314' title='bbox 1489 2892 1549 2927; x_wconf 81' lang='grc' dir='ltr'><strong>τε</strong></span> <span class='ocrx_word' id='word_1_315' title='bbox 1611 2879 1703 2929; x_wconf 76' lang='grc' dir='ltr'>καὶ</span> <span class='ocrx_word' id='word_1_316' title='bbox 1765 2879 1970 2933; x_wconf 77' lang='grc' dir='ltr'>ἵππων.</span> 
     </span>
    </p>
   </div>
   <div class='ocr_carea' id='block_1_46' title="bbox 395 2956 1973 3034">
    <p class='ocr_par' dir='ltr' id='par_1_46' title="bbox 395 2956 1973 3034">
     <span class='ocr_line' id='line_1_46' title="bbox 395 2956 1973 3034; baseline 0.007 -26"><span class='ocrx_word' id='word_1_317' title='bbox 395 2956 742 3028; x_wconf 69' lang='grc' dir='ltr'>’Λιπόκαυχος</span> <span class='ocrx_word' id='word_1_318' title='bbox 778 2961 888 3029; x_wconf 64' lang='grc' dir='ltr'>γὰρ</span> <span class='ocrx_word' id='word_1_319' title='bbox 920 2960 1015 3013; x_wconf 78' lang='grc' dir='ltr'><strong>καὶ</strong></span> <span class='ocrx_word' id='word_1_320' title='bbox 1045 2961 1094 3013; x_wconf 77' lang='lat' dir='ltr'><strong>oi</strong></span> <span class='ocrx_word' id='word_1_321' title='bbox 1124 2961 1301 3025; x_wconf 70' lang='grc' dir='ltr'>ἄλλοι,</span> <span class='ocrx_word' id='word_1_322' title='bbox 1332 2964 1414 3015; x_wconf 82' lang='grc' dir='ltr'>ὃτι</span> <span class='ocrx_word' id='word_1_323' title='bbox 1459 2965 1709 3018; x_wconf 77' lang='grc' dir='ltr'>ἑάλωσαν</span> <span class='ocrx_word' id='word_1_324' title='bbox 1745 2967 1973 3034; x_wconf 84' lang='grc' dir='ltr'>ἰδόντες,</span> 
     </span>
    </p>
   </div>
   <div class='ocr_carea' id='block_1_47' title="bbox 385 3045 1974 3131">
    <p class='ocr_par' dir='ltr' id='par_1_47' title="bbox 385 3045 1974 3131">
     <span class='ocr_line' id='line_1_47' title="bbox 385 3045 1974 3131; baseline 0.009 -32"><span class='ocrx_word' id='word_1_325' title='bbox 385 3049 628 3131; x_wconf 62' lang='lat' dir='ltr'><strong>incipi;</strong></span> <span class='ocrx_word' id='word_1_326' title='bbox 662 3049 888 3119; x_wconf 68' lang='grc' dir='ltr'>φεύγειν</span> <span class='ocrx_word' id='word_1_327' title='bbox 914 3045 1004 3121; x_wconf 82' lang='grc' dir='ltr'>ἦν,</span> <span class='ocrx_word' id='word_1_328' title='bbox 1058 3051 1170 3106; x_wconf 87' lang='grc' dir='ltr'>τῶν</span> <span class='ocrx_word' id='word_1_329' title='bbox 1211 3053 1397 3110; x_wconf 78' lang='grc' dir='ltr'>ἵππων</span> <span class='ocrx_word' id='word_1_330' title='bbox 1434 3056 1827 3122; x_wconf 77' lang='grc' dir='ltr'>ἀποϐαίνοντες</span> <span class='ocrx_word' id='word_1_331' title='bbox 1877 3061 1974 3113; x_wconf 79' lang='grc' dir='ltr'><strong>καὶ</strong></span> 
     </span>
    </p>
   </div>
   <div class='ocr_carea' id='block_1_48' title="bbox 386 3141 1978 3216">
    <p class='ocr_par' dir='ltr' id='par_1_48' title="bbox 386 3141 1978 3216">
     <span class='ocr_line' id='line_1_48' title="bbox 386 3141 1978 3216; baseline 0.008 -23"><span class='ocrx_word' id='word_1_332' title='bbox 386 3141 748 3211; x_wconf 76' lang='grc' dir='ltr'>ἀποδυόμενοι</span> <span class='ocrx_word' id='word_1_333' title='bbox 782 3143 850 3197; x_wconf 90' lang='grc' dir='ltr'><strong>τά</strong></span> <span class='ocrx_word' id='word_1_334' title='bbox 899 3144 1040 3198; x_wconf 82' lang='grc' dir='ltr'>ὅπλα</span> <span class='ocrx_word' id='word_1_335' title='bbox 1076 3146 1527 3216; x_wconf 76' lang='grc' dir='ltr'>κατεκρύπτοντο</span> <span class='ocrx_word' id='word_1_336' title='bbox 1551 3189 1566 3214; x_wconf 91' lang='grc'>,</span> <span class='ocrx_word' id='word_1_337' title='bbox 1602 3148 1896 3204; x_wconf 75' lang='grc' dir='ltr'>ἐλάνθανον</span> <span class='ocrx_word' id='word_1_338' title='bbox 1919 3151 1978 3205; x_wconf 71' lang='grc' dir='ltr'>δὲ</span> 
     </span>
    </p>
   </div>
   <div class='ocr_carea' id='block_1_49' title="bbox 386 3233 1977 3314">
    <p class='ocr_par' dir='ltr' id='par_1_49' title="bbox 386 3233 1977 3314">
     <span class='ocr_line' id='line_1_49' title="bbox 386 3233 1977 3314; baseline 0.008 -28"><span class='ocrx_word' id='word_1_339' title='bbox 386 3233 587 3301; x_wconf 83' lang='grc' dir='ltr'>ὀλίγοι,</span> <span class='ocrx_word' id='word_1_340' title='bbox 616 3235 743 3297; x_wconf 80' lang='grc' dir='ltr'>τοὺς</span> <span class='ocrx_word' id='word_1_341' title='bbox 775 3233 997 3299; x_wconf 86' lang='grc' dir='ltr'>πλείους</span> <span class='ocrx_word' id='word_1_342' title='bbox 1031 3235 1090 3288; x_wconf 86' lang='grc' dir='ltr'>δὲ</span> <span class='ocrx_word' id='word_1_343' title='bbox 1119 3237 1450 3303; x_wconf 83' lang='grc' dir='ltr'>ἀποδύοντες</span> <span class='ocrx_word' id='word_1_344' title='bbox 1480 3240 1808 3296; x_wconf 81' lang='grc' dir='ltr'>κατέλειπον</span> <span class='ocrx_word' id='word_1_345' title='bbox 1834 3260 1977 3314; x_wconf 88' lang='grc' dir='ltr'>γυμ-</span> 
     </span>
    </p>
   </div>
   <div class='ocr_carea' id='block_1_50' title="bbox 370 3325 1982 3404">
    <p class='ocr_par' dir='ltr' id='par_1_50' title="bbox 370 3325 1982 3404">
     <span class='ocr_line' id='line_1_50' title="bbox 370 3325 1982 3404; baseline 0.009 -27"><span class='ocrx_word' id='word_1_346' title='bbox 370 3325 535 3390; x_wconf 65' lang='grc' dir='ltr'>νούς.</span> <span class='ocrx_word' id='word_1_347' title='bbox 565 3327 844 3391; x_wconf 79' lang='grc' dir='ltr'>Κωκαλᾶς</span> <span class='ocrx_word' id='word_1_348' title='bbox 875 3328 934 3381; x_wconf 75' lang='grc' dir='ltr'>δὲ</span> <span class='ocrx_word' id='word_1_349' title='bbox 1000 3329 1097 3382; x_wconf 77' lang='grc' dir='ltr'>καὶ</span> <span class='ocrx_word' id='word_1_350' title='bbox 1147 3329 1512 3399; x_wconf 82' lang='grc' dir='ltr'>Παλαιολόγος</span> <span class='ocrx_word' id='word_1_351' title='bbox 1567 3335 1982 3404; x_wconf 80' lang='grc' dir='ltr'>περιεποιοῦντο</span> 
     </span>
    </p>
   </div>
   <div class='ocr_carea' id='block_1_51' title="bbox 387 3414 1978 3499">
    <p class='ocr_par' dir='ltr' id='par_1_51' title="bbox 387 3414 1978 3499">
     <span class='ocr_line' id='line_1_51' title="bbox 387 3414 1978 3499; baseline 0.007 -30"><span class='ocrx_word' id='word_1_352' title='bbox 387 3418 517 3479; x_wconf 83' lang='grc' dir='ltr'>τοὺς</span> <span class='ocrx_word' id='word_1_353' title='bbox 554 3414 923 3499; x_wconf 74' lang='grc' dir='ltr'>στρατιώτας,</span> <span class='ocrx_word' id='word_1_354' title='bbox 956 3419 1052 3475; x_wconf 82' lang='grc' dir='ltr'>καὶ</span> <span class='ocrx_word' id='word_1_355' title='bbox 1085 3420 1342 3475; x_wconf 75' lang='grc' dir='ltr'>ἐκέλευον</span> <span class='ocrx_word' id='word_1_356' title='bbox 1398 3422 1476 3493; x_wconf 81' lang='grc' dir='ltr'>μὴ</span> <span class='ocrx_word' id='word_1_357' title='bbox 1521 3422 1815 3478; x_wconf 80' lang='grc' dir='ltr'>ἀποδύειν·</span> <span class='ocrx_word' id='word_1_358' title='bbox 1858 3424 1978 3497; x_wconf 72' lang='grc' dir='ltr'><strong>ἅμα</strong></span> 
     </span>
    </p>
   </div>
   <div class='ocr_carea' id='block_1_52' title="bbox 389 3508 1978 3587">
    <p class='ocr_par' dir='ltr' id='par_1_52' title="bbox 389 3508 1978 3587">
     <span class='ocr_line' id='line_1_52' title="bbox 389 3508 1978 3587; baseline 0.006 -26"><span class='ocrx_word' id='word_1_359' title='bbox 389 3508 447 3561; x_wconf 78' lang='grc' dir='ltr'>δὲ</span> <span class='ocrx_word' id='word_1_360' title='bbox 478 3509 572 3562; x_wconf 80' lang='grc' dir='ltr'><strong>καὶ</strong></span> <span class='ocrx_word' id='word_1_361' title='bbox 605 3510 731 3573; x_wconf 81' lang='grc' dir='ltr'>τοὺς</span> <span class='ocrx_word' id='word_1_362' title='bbox 748 3510 954 3574; x_wconf 80' lang='grc' dir='ltr'>ἵππους</span> <span class='ocrx_word' id='word_1_363' title='bbox 981 3510 1352 3581; x_wconf 80' lang='grc' dir='ltr'>εὑρίσκοντες,</span> <span class='ocrx_word' id='word_1_364' title='bbox 1382 3513 1707 3585; x_wconf 84' lang='grc' dir='ltr'>παρείχοντο</span> <span class='ocrx_word' id='word_1_365' title='bbox 1736 3516 1978 3587; x_wconf 74' lang='grc' dir='ltr'>ἑκάστῳ,</span> 
     </span>
    </p>
   </div>
   <div class='ocr_carea' id='block_1_53' title="bbox 360 3597 1982 3676">
    <p class='ocr_par' dir='ltr' id='par_1_53' title="bbox 360 3597 1982 3676">
     <span class='ocr_line' id='line_1_53' title="bbox 360 3597 1982 3676; baseline 0.007 -26"><span class='ocrx_word' id='word_1_366' title='bbox 360 3597 749 3669; x_wconf 67' lang='grc' dir='ltr'>,ἀμειϐόμενοι</span> <span class='ocrx_word' id='word_1_367' title='bbox 777 3601 879 3669; x_wconf 83' lang='grc' dir='ltr'>τῆς</span> <span class='ocrx_word' id='word_1_368' title='bbox 932 3601 1247 3672; x_wconf 74' lang='grc' dir='ltr'>προδοσίας,</span> <span class='ocrx_word' id='word_1_369' title='bbox 1310 3603 1427 3674; x_wconf 78' lang='grc' dir='ltr'><strong>ἅμα</strong></span> <span class='ocrx_word' id='word_1_370' title='bbox 1454 3604 1500 3658; x_wconf 78' lang='grc' dir='ltr'>δ’</span> <span class='ocrx_word' id='word_1_371' title='bbox 1528 3606 1625 3666; x_wconf 84' lang='grc' dir='ltr'><strong>ὅτι⁴</strong></span> <span class='ocrx_word' id='word_1_372' title='bbox 1644 3608 1739 3667; x_wconf 80' lang='grc' dir='ltr'><strong>καὶ</strong></span> <span class='ocrx_word' id='word_1_373' title='bbox 1783 3607 1982 3676; x_wconf 74' lang='grc' dir='ltr'>ὅρκους</span> 
     </span>
    </p>
   </div>
   <div class='ocr_carea' id='block_1_54' title="bbox 391 3691 1987 3765">
    <p class='ocr_par' dir='ltr' id='par_1_54' title="bbox 391 3691 1987 3765">
     <span class='ocr_line' id='line_1_54' title="bbox 391 3691 1987 3765; baseline 0.005 -21"><span class='ocrx_word' id='word_1_374' title='bbox 391 3691 580 3758; x_wconf 82' lang='grc' dir='ltr'>αὐτοῖς</span> <span class='ocrx_word' id='word_1_375' title='bbox 611 3693 881 3763; x_wconf 80' lang='grc' dir='ltr'>πρότερον</span> <span class='ocrx_word' id='word_1_376' title='bbox 907 3696 1265 3765; x_wconf 67' lang='grc' dir='ltr'>παρείχοντο,</span> <span class='ocrx_word' id='word_1_377' title='bbox 1284 3695 1361 3757; x_wconf 86' lang='grc' dir='ltr'>ὡς</span> <span class='ocrx_word' id='word_1_378' title='bbox 1390 3695 1546 3749; x_wconf 81' lang='grc' dir='ltr'>οὐδὲν</span> <span class='ocrx_word' id='word_1_379' title='bbox 1570 3698 1854 3752; x_wconf 83' lang='grc' dir='ltr'>πείσονται</span> <span class='ocrx_word' id='word_1_380' title='bbox 1875 3698 1987 3752; x_wconf 85' lang='grc' dir='ltr'>δει-</span> 
     </span>
    </p>
   </div>
   <div class='ocr_carea' id='block_1_55' title="bbox 393 3782 1982 3859">
    <p class='ocr_par' dir='ltr' id='par_1_55' title="bbox 393 3782 1982 3859">
     <span class='ocr_line' id='line_1_55' title="bbox 393 3782 1982 3859; baseline 0.005 -22"><span class='ocrx_word' id='word_1_381' title='bbox 393 3782 484 3838; x_wconf 85' lang='grc' dir='ltr'><strong>νδν</strong></span> <span class='ocrx_word' id='word_1_382' title='bbox 512 3784 580 3838; x_wconf 82' lang='grc' dir='ltr'>ἂν</span> <span class='ocrx_word' id='word_1_383' title='bbox 609 3786 736 3849; x_wconf 86' lang='grc' dir='ltr'>τοὺς</span> <span class='ocrx_word' id='word_1_384' title='bbox 788 3786 983 3850; x_wconf 84' lang='grc' dir='ltr'>ἄλλους</span> <span class='ocrx_word' id='word_1_385' title='bbox 1036 3787 1386 3858; x_wconf 83' lang='grc' dir='ltr'>προδιδῶσιν.</span> <span class='ocrx_word' id='word_1_386' title='bbox 1439 3787 1597 3842; x_wconf 78' lang='grc' dir='ltr'>Οὕτω</span> <span class='ocrx_word' id='word_1_387' title='bbox 1649 3789 1750 3859; x_wconf 81' lang='grc' dir='ltr'>μὲν</span> <span class='ocrx_word' id='word_1_388' title='bbox 1782 3790 1877 3844; x_wconf 81' lang='grc' dir='ltr'><strong>οὖν</strong></span> <span class='ocrx_word' id='word_1_389' title='bbox 1919 3791 1982 3845; x_wconf 79' lang='grc' dir='ltr'><strong>τὸ</strong></span> 
     </span>
    </p>
   </div>
   <div class='ocr_carea' id='block_1_56' title="bbox 362 3877 1982 3953">
    <p class='ocr_par' dir='ltr' id='par_1_56' title="bbox 362 3877 1982 3953">
     <span class='ocr_line' id='line_1_56' title="bbox 362 3877 1982 3953; baseline 0.005 -24"><span class='ocrx_word' id='word_1_390' title='bbox 362 3878 860 3949; x_wconf 72' lang='grc' dir='ltr'>»Καντακουζηνοῦ</span> <span class='ocrx_word' id='word_1_391' title='bbox 908 3877 1015 3937; x_wconf 59' lang='lat' dir='ltr'><strong>rei</strong></span> <span class='ocrx_word' id='word_1_392' title='bbox 1056 3878 1325 3949; x_wconf 82' lang='grc' dir='ltr'>βασιλέως</span> <span class='ocrx_word' id='word_1_393' title='bbox 1357 3879 1528 3950; x_wconf 80' lang='grc' dir='ltr'>μέρος</span> <span class='ocrx_word' id='word_1_394' title='bbox 1580 3882 1842 3953; x_wconf 76' lang='grc' dir='ltr'>προδοθὲν</span> <span class='ocrx_word' id='word_1_395' title='bbox 1875 3883 1982 3937; x_wconf 82' lang='grc' dir='ltr'><strong>ὑπὸ</strong></span> 
     </span>
    </p>
   </div>
   <div class='ocr_carea' id='block_1_57' title="bbox 393 3964 1983 4043">
    <p class='ocr_par' dir='ltr' id='par_1_57' title="bbox 393 3964 1983 4043">
     <span class='ocr_line' id='line_1_57' title="bbox 393 3964 1983 4043; baseline 0.005 -22"><span class='ocrx_word' id='word_1_396' title='bbox 393 3972 495 4039; x_wconf 77' lang='grc' dir='ltr'>τῆς</span> <span class='ocrx_word' id='word_1_397' title='bbox 527 3972 811 4039; x_wconf 80' lang='grc' dir='ltr'>στρατιᾶς,</span> <span class='ocrx_word' id='word_1_398' title='bbox 844 3964 1048 4040; x_wconf 78' lang='grc' dir='ltr'>ἡττᾶτο</span> <span class='ocrx_word' id='word_1_399' title='bbox 1078 3971 1222 4027; x_wconf 88' lang='grc' dir='ltr'><strong>κατά</strong></span> <span class='ocrx_word' id='word_1_400' title='bbox 1258 3972 1483 4043; x_wconf 85' lang='grc' dir='ltr'>κράτος.</span> <span class='ocrx_word' id='word_1_401' title='bbox 1512 3974 1788 4039; x_wconf 84' lang='grc' dir='ltr'>Κωκαλᾶς</span> <span class='ocrx_word' id='word_1_402' title='bbox 1804 3974 1860 4027; x_wconf 80' lang='grc' dir='ltr'>δὲ</span> <span class='ocrx_word' id='word_1_403' title='bbox 1887 3976 1983 4029; x_wconf 73' lang='grc' dir='ltr'><strong>καὶ</strong></span> 
     </span>
    </p>
   </div>
   <div class='ocr_carea' id='block_1_58' title="bbox 399 4061 1979 4136">
    <p class='ocr_par' dir='ltr' id='par_1_58' title="bbox 399 4061 1979 4136">
     <span class='ocr_line' id='line_1_58' title="bbox 399 4061 1979 4136; baseline 0.003 -19"><span class='ocrx_word' id='word_1_404' title='bbox 399 4062 763 4130; x_wconf 83' lang='grc' dir='ltr'>Παλαιολόγος</span> <span class='ocrx_word' id='word_1_405' title='bbox 811 4061 903 4117; x_wconf 80' lang='grc' dir='ltr'>τὸν</span> <span class='ocrx_word' id='word_1_406' title='bbox 958 4064 1060 4135; x_wconf 84' lang='grc' dir='ltr'><strong>μὲν</strong></span> <span class='ocrx_word' id='word_1_407' title='bbox 1090 4062 1262 4135; x_wconf 80' lang='grc' dir='ltr'>δῆμον</span> <span class='ocrx_word' id='word_1_408' title='bbox 1313 4064 1606 4136; x_wconf 78' lang='grc' dir='ltr'>ἐξήλαυνον</span> <span class='ocrx_word' id='word_1_409' title='bbox 1631 4065 1731 4135; x_wconf 79' lang='grc' dir='ltr'>τῆς</span> <span class='ocrx_word' id='word_1_410' title='bbox 1767 4067 1979 4136; x_wconf 76' lang='grc' dir='ltr'>ἄκρας·</span> 
     </span>
    </p>
   </div>
   <div class='ocr_carea' id='block_1_59' title="bbox 396 4157 1983 4245">
    <p class='ocr_par' dir='ltr' id='par_1_59' title="bbox 396 4157 1983 4245">
     <span class='ocr_line' id='line_1_59' title="bbox 396 4157 1983 4245; baseline 0.005 -36"><span class='ocrx_word' id='word_1_411' title='bbox 396 4157 498 4227; x_wconf 72' lang='grc' dir='ltr'>ήδη</span> <span class='ocrx_word' id='word_1_412' title='bbox 530 4157 641 4245; x_wconf 75' lang='grc' dir='ltr'>γὰρ</span> <span class='ocrx_word' id='word_1_413' title='bbox 667 4160 970 4231; x_wconf 79' lang='grc' dir='ltr'>διήρπαζον</span> <span class='ocrx_word' id='word_1_414' title='bbox 1017 4162 1110 4215; x_wconf 80' lang='grc' dir='ltr'>καὶ</span> <span class='ocrx_word' id='word_1_415' title='bbox 1153 4161 1222 4215; x_wconf 87' lang='grc' dir='ltr'><strong>τά</strong></span> <span class='ocrx_word' id='word_1_416' title='bbox 1247 4161 1356 4216; x_wconf 84' lang='grc' dir='ltr'><strong>τῶν</strong></span> <span class='ocrx_word' id='word_1_417' title='bbox 1381 4163 1688 4245; x_wconf 73' lang='grc' dir='ltr'>ἐγχωρίων·</span> <span class='ocrx_word' id='word_1_418' title='bbox 1725 4164 1882 4217; x_wconf 80' lang='grc' dir='ltr'>αὐτοὶ</span> <span class='ocrx_word' id='word_1_419' title='bbox 1923 4163 1983 4219; x_wconf 77' lang='grc' dir='ltr'>δὲ</span> 
     </span>
    </p>
   </div>
   <div class='ocr_carea' id='block_1_60' title="bbox 398 4253 1978 4328">
    <p class='ocr_par' dir='ltr' id='par_1_60' title="bbox 398 4253 1978 4328">
     <span class='ocr_line' id='line_1_60' title="bbox 398 4253 1978 4328; baseline 0.006 -26"><span class='ocrx_word' id='word_1_420' title='bbox 398 4253 818 4323; x_wconf 84' lang='grc' dir='ltr'>περιμείναντες</span> <span class='ocrx_word' id='word_1_421' title='bbox 871 4254 1001 4326; x_wconf 75' lang='grc' dir='ltr'>ἄχρι</span> <span class='ocrx_word' id='word_1_422' title='bbox 1050 4255 1267 4322; x_wconf 80' lang='grc' dir='ltr'>νυκτὸς,</span> <span class='ocrx_word' id='word_1_423' title='bbox 1320 4255 1448 4320; x_wconf 86' lang='grc' dir='ltr'>τοὺς</span> <span class='ocrx_word' id='word_1_424' title='bbox 1498 4258 1599 4325; x_wconf 83' lang='grc' dir='ltr'>μὲν</span> <span class='ocrx_word' id='word_1_425' title='bbox 1635 4257 1978 4328; x_wconf 84' lang='grc' dir='ltr'>στρατιώτας</span> 
     </span>
    </p>
   </div>
   <div class='ocr_carea' id='block_1_61' title="bbox 400 4344 1983 4419">
    <p class='ocr_par' dir='ltr' id='par_1_61' title="bbox 400 4344 1983 4419">
     <span class='ocr_line' id='line_1_61' title="bbox 400 4344 1983 4419; baseline 0.006 -25"><span class='ocrx_word' id='word_1_426' title='bbox 400 4344 608 4408; x_wconf 85' lang='grc' dir='ltr'>πάντας</span> <span class='ocrx_word' id='word_1_427' title='bbox 651 4345 837 4399; x_wconf 81' lang='grc' dir='ltr'>οῐκαδε</span> <span class='ocrx_word' id='word_1_428' title='bbox 897 4349 1252 4417; x_wconf 85' lang='grc' dir='ltr'>ἀπέπεμπον,</span> <span class='ocrx_word' id='word_1_429' title='bbox 1305 4349 1401 4401; x_wconf 87' lang='grc' dir='ltr'><strong>καί</strong></span> <span class='ocrx_word' id='word_1_430' title='bbox 1461 4365 1616 4412; x_wconf 90' lang='grc' dir='ltr'>τινας</span> <span class='ocrx_word' id='word_1_431' title='bbox 1646 4348 1769 4402; x_wconf 44' lang='grc' dir='ltr'><strong>τῶνη</strong></span> <span class='ocrx_word' id='word_1_432' title='bbox 1811 4349 1983 4419; x_wconf 84' lang='grc' dir='ltr'>φίλων</span> 
     </span>
    </p>
   </div>
   <div class='ocr_carea' id='block_1_62' title="bbox 398 4435 1985 4511">
    <p class='ocr_par' dir='ltr' id='par_1_62' title="bbox 398 4435 1985 4511">
     <span class='ocr_line' id='line_1_62' title="bbox 398 4435 1985 4511; baseline 0.003 -23"><span class='ocrx_word' id='word_1_433' title='bbox 398 4435 556 4490; x_wconf 70' lang='grc' dir='ltr'>αὐτοὶ</span> <span class='ocrx_word' id='word_1_434' title='bbox 577 4436 855 4506; x_wconf 73' lang='grc' dir='ltr'>διέσωζον,</span> <span class='ocrx_word' id='word_1_435' title='bbox 888 4439 1229 4511; x_wconf 73' lang='grc' dir='ltr'>Ἀπόκαυχον</span> <span class='ocrx_word' id='word_1_436' title='bbox 1252 4441 1311 4495; x_wconf 73' lang='grc' dir='ltr'>δὲ</span> <span class='ocrx_word' id='word_1_437' title='bbox 1344 4441 1444 4495; x_wconf 76' lang='grc' dir='ltr'><strong>καὶ</strong></span> <span class='ocrx_word' id='word_1_438' title='bbox 1469 4440 1845 4497; x_wconf 82' lang='grc' dir='ltr'>τῶνπολιτὼν</span> <span class='ocrx_word' id='word_1_439' title='bbox 1871 4441 1985 4496; x_wconf 66' lang='grc' dir='ltr'>ὀλίν</span> 
     </span>
    </p>
   </div>
   <div class='ocr_carea' id='block_1_63' title="bbox 398 4528 1984 4604">
    <p class='ocr_par' dir='ltr' id='par_1_63' title="bbox 398 4528 1984 4604">
     <span class='ocr_line' id='line_1_63' title="bbox 398 4528 1984 4604; baseline 0.003 -24"><span class='ocrx_word' id='word_1_440' title='bbox 398 4544 483 4597; x_wconf 86' lang='grc' dir='ltr'>γῳ</span> <span class='ocrx_word' id='word_1_441' title='bbox 545 4528 806 4594; x_wconf 73' lang='grc' dir='ltr'>ἐλάσσους</span> <span class='ocrx_word' id='word_1_442' title='bbox 857 4531 1054 4585; x_wconf 74' lang='grc' dir='ltr'>ἑκατὸν</span> <span class='ocrx_word' id='word_1_443' title='bbox 1098 4531 1459 4586; x_wconf 82' lang='grc' dir='ltr'>κατέκλεισαν</span> <span class='ocrx_word' id='word_1_444' title='bbox 1509 4534 1568 4586; x_wconf 76' lang='grc' dir='ltr'>ὲν</span> <span class='ocrx_word' id='word_1_445' title='bbox 1621 4532 1984 4604; x_wconf 82' lang='grc' dir='ltr'>δεσμωτηρίῳ</span> 
     </span>
    </p>
   </div>
   <div class='ocr_carea' id='block_1_64' title="bbox 2073 2048 3659 2121">
    <p class='ocr_par' dir='ltr' id='par_1_64' title="bbox 2073 2048 3659 2121">
     <span class='ocr_line' id='line_1_64' title="bbox 2073 2048 3659 2121; baseline -0.004 -13"><span class='ocrx_word' id='word_1_446' title='bbox 2073 2054 2142 2108; x_wconf 86' lang='lat' dir='ltr'><strong>ab</strong></span> <span class='ocrx_word' id='word_1_447' title='bbox 2175 2053 2420 2108; x_wconf 84' lang='lat' dir='ltr'><strong>hostibus</strong></span> <span class='ocrx_word' id='word_1_448' title='bbox 2446 2051 2735 2121; x_wconf 88' lang='lat' dir='ltr'><strong>despoliati</strong></span> <span class='ocrx_word' id='word_1_449' title='bbox 2766 2049 2952 2116; x_wconf 86' lang='lat' dir='ltr'><strong>armis,</strong></span> <span class='ocrx_word' id='word_1_450' title='bbox 2986 2051 3121 2105; x_wconf 86' lang='lat' dir='ltr'><strong>nudi</strong></span> <span class='ocrx_word' id='word_1_451' title='bbox 3153 2049 3328 2104; x_wconf 89' lang='lat' dir='ltr'><strong>relicti</strong></span> <span class='ocrx_word' id='word_1_452' title='bbox 3362 2055 3512 2103; x_wconf 89' lang='lat' dir='ltr'><strong>sunt.</strong></span> <span class='ocrx_word' id='word_1_453' title='bbox 3555 2048 3659 2101; x_wconf 85' lang='lat' dir='ltr'><strong>Co—</strong></span> 
     </span>
    </p>
   </div>
   <div class='ocr_carea' id='block_1_65' title="bbox 2072 2139 3657 2212">
    <p class='ocr_par' dir='ltr' id='par_1_65' title="bbox 2072 2139 3657 2212">
     <span class='ocr_line' id='line_1_65' title="bbox 2072 2139 3657 2212; baseline -0.006 -15"><span class='ocrx_word' id='word_1_454' title='bbox 2072 2142 2220 2198; x_wconf 88' lang='lat' dir='ltr'><strong>calas</strong></span> <span class='ocrx_word' id='word_1_455' title='bbox 2248 2142 2670 2212; x_wconf 34' lang='lat' dir='ltr'><strong>et‘Palazologus</strong></span> <span class='ocrx_word' id='word_1_456' title='bbox 2700 2139 2899 2195; x_wconf 89' lang='lat' dir='ltr'><strong>milites</strong></span> <span class='ocrx_word' id='word_1_457' title='bbox 2933 2139 3251 2202; x_wconf 85' lang='lat' dir='ltr'><strong>tuebantur,</strong></span> <span class='ocrx_word' id='word_1_458' title='bbox 3293 2144 3357 2191; x_wconf 85' lang='lat' dir='ltr'><strong>ct&#39;</strong></span> <span class='ocrx_word' id='word_1_459' title='bbox 3376 2152 3472 2191; x_wconf 91' lang='lat' dir='ltr'><strong>eos</strong></span> <span class='ocrx_word' id='word_1_460' title='bbox 3504 2145 3657 2190; x_wconf 86' lang='lat' dir='ltr'><strong>veta-</strong></span> 
     </span>
    </p>
   </div>
   <div class='ocr_carea' id='block_1_66' title="bbox 2076 2225 3659 2301">
    <p class='ocr_par' dir='ltr' id='par_1_66' title="bbox 2076 2225 3659 2301">
     <span class='ocr_line' id='line_1_66' title="bbox 2076 2225 3659 2301; baseline -0.006 -14"><span class='ocrx_word' id='word_1_461' title='bbox 2076 2233 2209 2287; x_wconf 83' lang='lat' dir='ltr'><strong>bant</strong></span> <span class='ocrx_word' id='word_1_462' title='bbox 2257 2231 2498 2301; x_wconf 87' lang='lat' dir='ltr'><strong>spoliari,</strong></span> <span class='ocrx_word' id='word_1_463' title='bbox 2534 2243 2780 2300; x_wconf 77' lang='lat' dir='ltr'><strong>quosque</strong></span> <span class='ocrx_word' id='word_1_464' title='bbox 2811 2229 3172 2284; x_wconf 84' lang='lat' dir='ltr'><strong>inveniebant</strong></span> <span class='ocrx_word' id='word_1_465' title='bbox 3205 2242 3397 2297; x_wconf 87' lang='lat' dir='ltr'><strong>equos,</strong></span> <span class='ocrx_word' id='word_1_466' title='bbox 3428 2225 3659 2296; x_wconf 74' lang='lat' dir='ltr'><strong>singulis</strong></span> 
     </span>
    </p>
   </div>
   <div class='ocr_carea' id='block_1_67' title="bbox 2073 2315 3659 2391">
    <p class='ocr_par' dir='ltr' id='par_1_67' title="bbox 2073 2315 3659 2391">
     <span class='ocr_line' id='line_1_67' title="bbox 2073 2315 3659 2391; baseline -0.006 -13"><span class='ocrx_word' id='word_1_467' title='bbox 2073 2324 2370 2388; x_wconf 88' lang='lat' dir='ltr'><strong>donabant,</strong></span> <span class='ocrx_word' id='word_1_468' title='bbox 2407 2330 2518 2376; x_wconf 80' lang='lat' dir='ltr'><strong>tum</strong></span> <span class='ocrx_word' id='word_1_469' title='bbox 2576 2330 2634 2375; x_wconf 91' lang='lat' dir='ltr'><strong>ut</strong></span> <span class='ocrx_word' id='word_1_470' title='bbox 2683 2321 2917 2391; x_wconf 80' lang='lat' dir='ltr'><strong>pretium</strong></span> <span class='ocrx_word' id='word_1_471' title='bbox 2968 2318 3313 2389; x_wconf 85' lang='lat' dir='ltr'><strong>proditionis,</strong></span> <span class='ocrx_word' id='word_1_472' title='bbox 3358 2327 3470 2370; x_wconf 89' lang='lat' dir='ltr'><strong>tum</strong></span> <span class='ocrx_word' id='word_1_473' title='bbox 3512 2315 3659 2386; x_wconf 85' lang='lat' dir='ltr'><strong>quod</strong></span> 
     </span>
    </p>
   </div>
   <div class='ocr_carea' id='block_1_68' title="bbox 2072 2408 3662 2483">
    <p class='ocr_par' dir='ltr' id='par_1_68' title="bbox 2072 2408 3662 2483">
     <span class='ocr_line' id='line_1_68' title="bbox 2072 2408 3662 2483; baseline -0.004 -16"><span class='ocrx_word' id='word_1_474' title='bbox 2072 2412 2353 2483; x_wconf 75' lang='lat' dir='ltr'><strong>iurassent</strong></span> <span class='ocrx_word' id='word_1_475' title='bbox 2418 2411 2554 2481; x_wconf 87' lang='lat' dir='ltr'><strong>ipsis</strong></span> <span class='ocrx_word' id='word_1_476' title='bbox 2612 2411 2748 2465; x_wconf 87' lang='lat' dir='ltr'><strong>nihil</strong></span> <span class='ocrx_word' id='word_1_477' title='bbox 2802 2411 2929 2465; x_wconf 89' lang='lat' dir='ltr'><strong>mali</strong></span> <span class='ocrx_word' id='word_1_478' title='bbox 2983 2408 3258 2473; x_wconf 81' lang='lat' dir='ltr'><strong>illaturos,</strong></span> <span class='ocrx_word' id='word_1_479' title='bbox 3324 2409 3370 2463; x_wconf 89' lang='lat' dir='ltr'><strong>si</strong></span> <span class='ocrx_word' id='word_1_480' title='bbox 3427 2415 3662 2462; x_wconf 65' lang='lat' dir='ltr'><strong>caeteros</strong></span> 
     </span>
    </p>
   </div>
   <div class='ocr_carea' id='block_1_69' title="bbox 2075 2498 3661 2574">
    <p class='ocr_par' dir='ltr' id='par_1_69' title="bbox 2075 2498 3661 2574">
     <span class='ocr_line' id='line_1_69' title="bbox 2075 2498 3661 2574; baseline -0.004 -16"><span class='ocrx_word' id='word_1_481' title='bbox 2075 2504 2470 2574; x_wconf 76' lang='lat' dir='ltr'><strong>prodidissent.</strong></span> <span class='ocrx_word' id='word_1_482' title='bbox 2502 2504 2593 2558; x_wconf 85' lang='lat' dir='ltr'><strong>Sic</strong></span> <span class='ocrx_word' id='word_1_483' title='bbox 2624 2504 2810 2572; x_wconf 88' lang='lat' dir='ltr'><strong>itaque</strong></span> <span class='ocrx_word' id='word_1_484' title='bbox 2840 2502 3207 2558; x_wconf 87' lang='lat' dir='ltr'><strong>Cantacuzeni</strong></span> <span class='ocrx_word' id='word_1_485' title='bbox 3251 2515 3379 2570; x_wconf 84' lang='lat' dir='ltr'><strong>pars</strong></span> <span class='ocrx_word' id='word_1_486' title='bbox 3410 2515 3441 2553; x_wconf 87' lang='lat' dir='ltr'><strong>a</strong></span> <span class='ocrx_word' id='word_1_487' title='bbox 3471 2498 3661 2554; x_wconf 86' lang='lat' dir='ltr'><strong>militi—</strong></span> 
     </span>
    </p>
   </div>
   <div class='ocr_carea' id='block_1_70' title="bbox 2076 2588 3661 2666">
    <p class='ocr_par' dir='ltr' id='par_1_70' title="bbox 2076 2588 3661 2666">
     <span class='ocr_line' id='line_1_70' title="bbox 2076 2588 3661 2666; baseline -0.006 -14"><span class='ocrx_word' id='word_1_488' title='bbox 2076 2596 2181 2652; x_wconf 88' lang='lat' dir='ltr'><strong>bus</strong></span> <span class='ocrx_word' id='word_1_489' title='bbox 2220 2595 2456 2666; x_wconf 82' lang='lat' dir='ltr'><strong>prodita.</strong></span> <span class='ocrx_word' id='word_1_490' title='bbox 2496 2594 2549 2650; x_wconf 90' lang='lat' dir='ltr'><strong>vi</strong></span> <span class='ocrx_word' id='word_1_491' title='bbox 2579 2594 2794 2650; x_wconf 85' lang='lat' dir='ltr'><strong>devicta</strong></span> <span class='ocrx_word' id='word_1_492' title='bbox 2834 2602 2936 2648; x_wconf 89' lang='lat' dir='ltr'><strong>est.</strong></span> <span class='ocrx_word' id='word_1_493' title='bbox 2975 2591 3204 2647; x_wconf 80' lang='lat' dir='ltr'><strong>Cocalas</strong></span> <span class='ocrx_word' id='word_1_494' title='bbox 3236 2599 3291 2646; x_wconf 90' lang='lat' dir='ltr'><strong>et</strong></span> <span class='ocrx_word' id='word_1_495' title='bbox 3324 2588 3661 2659; x_wconf 69' lang='lat' dir='ltr'><strong>Palaeoktgus</strong></span> 
     </span>
    </p>
   </div>
   <div class='ocr_carea' id='block_1_71' title="bbox 2078 2681 3661 2760">
    <p class='ocr_par' dir='ltr' id='par_1_71' title="bbox 2078 2681 3661 2760">
     <span class='ocr_line' id='line_1_71' title="bbox 2078 2681 3661 2760; baseline -0.006 -17"><span class='ocrx_word' id='word_1_496' title='bbox 2078 2689 2340 2760; x_wconf 88' lang='lat' dir='ltr'><strong>populum</strong></span> <span class='ocrx_word' id='word_1_497' title='bbox 2401 2689 2515 2755; x_wconf 83' lang='lat' dir='ltr'><strong>jam</strong></span> <span class='ocrx_word' id='word_1_498' title='bbox 2591 2686 2775 2740; x_wconf 83' lang='lat' dir='ltr'><strong>etiam</strong></span> <span class='ocrx_word' id='word_1_499' title='bbox 2820 2684 3029 2739; x_wconf 88' lang='lat' dir='ltr'><strong>incolas</strong></span> <span class='ocrx_word' id='word_1_500' title='bbox 3100 2682 3242 2738; x_wconf 88' lang='lat' dir='ltr'><strong>arcis</strong></span> <span class='ocrx_word' id='word_1_501' title='bbox 3308 2681 3661 2750; x_wconf 82' lang='lat' dir='ltr'><strong>diripientem</strong></span> 
     </span>
    </p>
   </div>
   <div class='ocr_carea' id='block_1_72' title="bbox 2078 2760 3661 2854">
    <p class='ocr_par' dir='ltr' id='par_1_72' title="bbox 2078 2760 3661 2854">
     <span class='ocr_line' id='line_1_72' title="bbox 2078 2760 3661 2854; baseline -0.007 -17"><span class='ocrx_word' id='word_1_502' title='bbox 2078 2781 2440 2854; x_wconf 81' lang='lat' dir='ltr'><strong>expulerunt;</strong></span> <span class='ocrx_word' id='word_1_503' title='bbox 2499 2779 2602 2850; x_wconf 80' lang='lat' dir='ltr'><strong>ipsi</strong></span> <span class='ocrx_word' id='word_1_504' title='bbox 2648 2792 2819 2848; x_wconf 86' lang='lat' dir='ltr'><strong>usque</strong></span> <span class='ocrx_word' id='word_1_505' title='bbox 2862 2777 2933 2833; x_wconf 90' lang='lat' dir='ltr'><strong>ad</strong></span> <span class='ocrx_word' id='word_1_506' title='bbox 2979 2760 3203 2832; x_wconf 19' lang='lat' dir='ltr'><strong>noctem!</strong></span> <span class='ocrx_word' id='word_1_507' title='bbox 3256 2782 3661 2844; x_wconf 81' lang='lat' dir='ltr'><strong>exspectantes,</strong></span> 
     </span>
    </p>
   </div>
   <div class='ocr_carea' id='block_1_73' title="bbox 2078 2867 3663 2935">
    <p class='ocr_par' dir='ltr' id='par_1_73' title="bbox 2078 2867 3663 2935">
     <span class='ocr_line' id='line_1_73' title="bbox 2078 2867 3663 2935; baseline -0.008 -5"><span class='ocrx_word' id='word_1_508' title='bbox 2078 2872 2327 2930; x_wconf 87' lang='lat' dir='ltr'><strong>dimissis</strong></span> <span class='ocrx_word' id='word_1_509' title='bbox 2353 2874 2576 2928; x_wconf 86' lang='lat' dir='ltr'><strong>domum</strong></span> <span class='ocrx_word' id='word_1_510' title='bbox 2621 2869 2906 2935; x_wconf 82' lang='lat' dir='ltr'><strong>militibus,</strong></span> <span class='ocrx_word' id='word_1_511' title='bbox 2939 2867 3149 2923; x_wconf 86' lang='lat' dir='ltr'><strong>amicos</strong></span> <span class='ocrx_word' id='word_1_512' title='bbox 3180 2867 3443 2935; x_wconf 87' lang='lat' dir='ltr'><strong>quosdam</strong></span> <span class='ocrx_word' id='word_1_513' title='bbox 3476 2874 3663 2919; x_wconf 73' lang='lat' dir='ltr'><strong>Serva-</strong></span> 
     </span>
    </p>
   </div>
   <div class='ocr_carea' id='block_1_74' title="bbox 2079 2954 3665 3035">
    <p class='ocr_par' dir='ltr' id='par_1_74' title="bbox 2079 2954 3665 3035">
     <span class='ocr_line' id='line_1_74' title="bbox 2079 2954 3665 3035; baseline -0.006 -16"><span class='ocrx_word' id='word_1_514' title='bbox 2079 2973 2211 3020; x_wconf 89' lang='lat' dir='ltr'><strong>runt</strong></span> <span class='ocrx_word' id='word_1_515' title='bbox 2248 2981 2262 3018; x_wconf 89' lang='lat'><strong>:</strong></span> <span class='ocrx_word' id='word_1_516' title='bbox 2296 2961 2687 3035; x_wconf 85' lang='lat' dir='ltr'><strong>Apocauchum</strong></span> <span class='ocrx_word' id='word_1_517' title='bbox 2750 2969 2804 3015; x_wconf 81' lang='lat' dir='ltr'><strong>et</strong></span> <span class='ocrx_word' id='word_1_518' title='bbox 2852 2961 3003 3014; x_wconf 83' lang='lat' dir='ltr'><strong>cives</strong></span> <span class='ocrx_word' id='word_1_519' title='bbox 3043 2959 3206 3028; x_wconf 74' lang='lat' dir='ltr'><strong>paulo</strong></span> <span class='ocrx_word' id='word_1_520' title='bbox 3260 2956 3400 3011; x_wconf 79' lang='lat' dir='ltr'><strong>infra</strong></span> <span class='ocrx_word' id='word_1_521' title='bbox 3444 2954 3665 3011; x_wconf 79' lang='lat' dir='ltr'><strong>centum</strong></span> 
     </span>
    </p>
   </div>
   <div class='ocr_carea' id='block_1_75' title="bbox 2080 3051 3663 3123">
    <p class='ocr_par' dir='ltr' id='par_1_75' title="bbox 2080 3051 3663 3123">
     <span class='ocr_line' id='line_1_75' title="bbox 2080 3051 3663 3123; baseline -0.008 -10"><span class='ocrx_word' id='word_1_522' title='bbox 2080 3058 2139 3112; x_wconf 91' lang='lat' dir='ltr'><strong>in</strong></span> <span class='ocrx_word' id='word_1_523' title='bbox 2193 3056 2337 3112; x_wconf 88' lang='lat' dir='ltr'><strong>arcis</strong></span> <span class='ocrx_word' id='word_1_524' title='bbox 2402 3069 2658 3119; x_wconf 88' lang='lat' dir='ltr'><strong>carcere,</strong></span> <span class='ocrx_word' id='word_1_525' title='bbox 2716 3053 2965 3123; x_wconf 85' lang='lat' dir='ltr'><strong>apposita</strong></span> <span class='ocrx_word' id='word_1_526' title='bbox 3013 3051 3283 3114; x_wconf 78' lang='lat' dir='ltr'><strong>custodia,</strong></span> <span class='ocrx_word' id='word_1_527' title='bbox 3323 3051 3663 3104; x_wconf 86' lang='lat' dir='ltr'><strong>clauserunt.</strong></span> 
     </span>
    </p>
   </div>
   <div class='ocr_carea' id='block_1_76' title="bbox 2080 3143 3667 3219">
    <p class='ocr_par' dir='ltr' id='par_1_76' title="bbox 2080 3143 3667 3219">
     <span class='ocr_line' id='line_1_76' title="bbox 2080 3143 3667 3219; baseline -0.006 -15"><span class='ocrx_word' id='word_1_528' title='bbox 2080 3146 2343 3219; x_wconf 87' lang='lat' dir='ltr'><strong>Sequenti</strong></span> <span class='ocrx_word' id='word_1_529' title='bbox 2400 3145 2641 3202; x_wconf 85' lang='lat' dir='ltr'><strong>diluculo</strong></span> <span class='ocrx_word' id='word_1_530' title='bbox 2700 3143 2971 3200; x_wconf 82' lang='lat' dir='ltr'><strong>auxiliarii</strong></span> <span class='ocrx_word' id='word_1_531' title='bbox 3028 3144 3289 3199; x_wconf 82' lang='lat' dir='ltr'><strong>Berrhuea</strong></span> <span class='ocrx_word' id='word_1_532' title='bbox 3347 3143 3667 3204; x_wconf 80' lang='lat' dir='ltr'><strong>adfuerunt,</strong></span> 
     </span>
    </p>
   </div>
   <div class='ocr_carea' id='block_1_77' title="bbox 2083 3236 3669 3309">
    <p class='ocr_par' dir='ltr' id='par_1_77' title="bbox 2083 3236 3669 3309">
     <span class='ocr_line' id='line_1_77' title="bbox 2083 3236 3669 3309; baseline -0.004 -15"><span class='ocrx_word' id='word_1_533' title='bbox 2083 3240 2176 3309; x_wconf 88' lang='lat' dir='ltr'><strong>qui</strong></span> <span class='ocrx_word' id='word_1_534' title='bbox 2202 3279 2218 3303; x_wconf 91' lang='lat'><strong>,</strong></span> <span class='ocrx_word' id='word_1_535' title='bbox 2250 3286 2253 3291; x_wconf 41' lang='grc' dir='ltr'><strong>ν</strong></span> <span class='ocrx_word' id='word_1_536' title='bbox 2287 3247 2369 3293; x_wconf 92' lang='lat' dir='ltr'><strong>ut.</strong></span> <span class='ocrx_word' id='word_1_537' title='bbox 2399 3246 2733 3307; x_wconf 83' lang='lat' dir='ltr'><strong>acceperunt</strong></span> <span class='ocrx_word' id='word_1_538' title='bbox 2781 3244 2974 3307; x_wconf 71' lang='lat' dir='ltr'><strong>captos</strong></span> <span class='ocrx_word' id='word_1_539' title='bbox 3025 3250 3162 3291; x_wconf 87' lang='lat' dir='ltr'><strong>esse.</strong></span> <span class='ocrx_word' id='word_1_540' title='bbox 3206 3248 3437 3306; x_wconf 85' lang='lat' dir='ltr'><strong>quorum</strong></span> <span class='ocrx_word' id='word_1_541' title='bbox 3495 3236 3669 3305; x_wconf 81' lang='lat' dir='ltr'><strong>gratia</strong></span> 
     </span>
    </p>
   </div>
   <div class='ocr_carea' id='block_1_78' title="bbox 2081 3327 3671 3399">
    <p class='ocr_par' dir='ltr' id='par_1_78' title="bbox 2081 3327 3671 3399">
     <span class='ocr_line' id='line_1_78' title="bbox 2081 3327 3671 3399; baseline -0.005 -11"><span class='ocrx_word' id='word_1_542' title='bbox 2081 3331 2399 3396; x_wconf 80' lang='lat' dir='ltr'><strong>veniebant,</strong></span> <span class='ocrx_word' id='word_1_543' title='bbox 2433 3345 2561 3386; x_wconf 90' lang='lat' dir='ltr'><strong>cum</strong></span> <span class='ocrx_word' id='word_1_544' title='bbox 2588 3329 2861 3385; x_wconf 71' lang='lat' dir='ltr'><strong>mediocri</strong></span> <span class='ocrx_word' id='word_1_545' title='bbox 2885 3328 3235 3399; x_wconf 84' lang='lat' dir='ltr'><strong>pepulatione</strong></span> <span class='ocrx_word' id='word_1_546' title='bbox 3275 3327 3499 3382; x_wconf 87' lang='lat' dir='ltr'><strong>domum</strong></span> <span class='ocrx_word' id='word_1_547' title='bbox 3539 3328 3671 3381; x_wconf 88' lang='lat' dir='ltr'><strong>red-</strong></span> 
     </span>
    </p>
   </div>
   <div class='ocr_carea' id='block_1_79' title="bbox 2084 3419 3670 3489">
    <p class='ocr_par' dir='ltr' id='par_1_79' title="bbox 2084 3419 3670 3489">
     <span class='ocr_line' id='line_1_79' title="bbox 2084 3419 3670 3489; baseline -0.004 -11"><span class='ocrx_word' id='word_1_548' title='bbox 2084 3425 2291 3479; x_wconf 84' lang='lat' dir='ltr'><strong>ierunt.</strong></span> <span class='ocrx_word' id='word_1_549' title='bbox 2357 3422 2518 3477; x_wconf 85' lang='lat' dir='ltr'><strong>Circa</strong></span> <span class='ocrx_word' id='word_1_550' title='bbox 2576 3421 2863 3476; x_wconf 87' lang='lat' dir='ltr'><strong>meridiem</strong></span> <span class='ocrx_word' id='word_1_551' title='bbox 2941 3436 3129 3475; x_wconf 84' lang='lat' dir='ltr'><strong>rumor</strong></span> <span class='ocrx_word' id='word_1_552' title='bbox 3189 3420 3413 3489; x_wconf 85' lang='lat' dir='ltr'><strong>quidam</strong></span> <span class='ocrx_word' id='word_1_553' title='bbox 3474 3419 3670 3474; x_wconf 81' lang='lat' dir='ltr'><strong>urbem</strong></span> 
     </span>
    </p>
   </div>
   <div class='ocr_carea' id='block_1_80' title="bbox 2085 3509 3670 3579">
    <p class='ocr_par' dir='ltr' id='par_1_80' title="bbox 2085 3509 3670 3579">
     <span class='ocr_line' id='line_1_80' title="bbox 2085 3509 3670 3579; baseline -0.004 -9"><span class='ocrx_word' id='word_1_554' title='bbox 2085 3515 2307 3578; x_wconf 81' lang='lat' dir='ltr'><strong>alllavit,</strong></span> <span class='ocrx_word' id='word_1_555' title='bbox 2336 3514 2555 3569; x_wconf 85' lang='lat' dir='ltr'><strong>vinctos</strong></span> <span class='ocrx_word' id='word_1_556' title='bbox 2586 3526 2802 3567; x_wconf 86' lang='lat' dir='ltr'><strong>rursum</strong></span> <span class='ocrx_word' id='word_1_557' title='bbox 2831 3525 2967 3566; x_wconf 78' lang='lat' dir='ltr'><strong>arce</strong></span> <span class='ocrx_word' id='word_1_558' title='bbox 2987 3520 3276 3579; x_wconf 87' lang='lat' dir='ltr'><strong>occupata,</strong></span> <span class='ocrx_word' id='word_1_559' title='bbox 3306 3509 3670 3566; x_wconf 73' lang='lat' dir='ltr'><strong>Berrhwcnse</strong></span> 
     </span>
    </p>
   </div>
   <div class='ocr_carea' id='block_1_81' title="bbox 2086 3602 3672 3675">
    <p class='ocr_par' dir='ltr' id='par_1_81' title="bbox 2086 3602 3672 3675">
     <span class='ocr_line' id='line_1_81' title="bbox 2086 3602 3672 3675; baseline -0.004 -12"><span class='ocrx_word' id='word_1_560' title='bbox 2086 3606 2393 3665; x_wconf 83' lang='lat' dir='ltr'><strong>subsidium</strong></span> <span class='ocrx_word' id='word_1_561' title='bbox 2440 3604 2810 3669; x_wconf 79' lang='lat' dir='ltr'><strong>intromittere</strong></span> <span class='ocrx_word' id='word_1_562' title='bbox 2841 3621 2856 3658; x_wconf 88' lang='lat'><strong>:</strong></span> <span class='ocrx_word' id='word_1_563' title='bbox 2887 3618 3050 3675; x_wconf 88' lang='lat' dir='ltr'><strong>quem</strong></span> <span class='ocrx_word' id='word_1_564' title='bbox 3105 3602 3321 3658; x_wconf 64' lang='lat' dir='ltr'><strong>Zelotai.</strong></span> <span class='ocrx_word' id='word_1_565' title='bbox 3353 3604 3424 3657; x_wconf 89' lang='lat' dir='ltr'><strong>ad</strong></span> <span class='ocrx_word' id='word_1_566' title='bbox 3476 3617 3672 3657; x_wconf 84' lang='lat' dir='ltr'><strong>necem</strong></span> 
     </span>
    </p>
   </div>
   <div class='ocr_carea' id='block_1_82' title="bbox 2085 3697 3674 3770">
    <p class='ocr_par' dir='ltr' id='par_1_82' title="bbox 2085 3697 3674 3770">
     <span class='ocr_line' id='line_1_82' title="bbox 2085 3697 3674 3770; baseline -0.006 -11"><span class='ocrx_word' id='word_1_567' title='bbox 2085 3703 2196 3759; x_wconf 90' lang='lat' dir='ltr'><strong>illis</strong></span> <span class='ocrx_word' id='word_1_568' title='bbox 2219 3703 2519 3760; x_wconf 83' lang='lat' dir='ltr'><strong>curandam</strong></span> <span class='ocrx_word' id='word_1_569' title='bbox 2550 3702 2805 3759; x_wconf 87' lang='lat' dir='ltr'><strong>ementiti</strong></span> <span class='ocrx_word' id='word_1_570' title='bbox 2830 3701 3174 3758; x_wconf 85' lang='lat' dir='ltr'><strong>ferebantur.</strong></span> <span class='ocrx_word' id='word_1_571' title='bbox 3210 3700 3452 3770; x_wconf 78' lang='lat' dir='ltr'><strong>Populus</strong></span> <span class='ocrx_word' id='word_1_572' title='bbox 3480 3698 3553 3752; x_wconf 84' lang='lat' dir='ltr'><strong>de</strong></span> <span class='ocrx_word' id='word_1_573' title='bbox 3583 3697 3674 3751; x_wconf 81' lang='lat' dir='ltr'><strong>in-</strong></span> 
     </span>
    </p>
   </div>
   <div class='ocr_carea' id='block_1_83' title="bbox 2087 3790 3673 3866">
    <p class='ocr_par' dir='ltr' id='par_1_83' title="bbox 2087 3790 3673 3866">
     <span class='ocr_line' id='line_1_83' title="bbox 2087 3790 3673 3866; baseline -0.003 -17"><span class='ocrx_word' id='word_1_574' title='bbox 2087 3807 2245 3865; x_wconf 77' lang='lat' dir='ltr'><strong>tegro</strong></span> <span class='ocrx_word' id='word_1_575' title='bbox 2282 3795 2350 3851; x_wconf 89' lang='lat' dir='ltr'><strong>ad</strong></span> <span class='ocrx_word' id='word_1_576' title='bbox 2382 3810 2532 3850; x_wconf 85' lang='lat' dir='ltr'><strong>arma</strong></span> <span class='ocrx_word' id='word_1_577' title='bbox 2558 3795 2857 3866; x_wconf 47' lang='lat' dir='ltr'><strong>ﬂentque</strong></span> <span class='ocrx_word' id='word_1_578' title='bbox 2886 3800 2953 3851; x_wconf 83' lang='lat' dir='ltr'><strong>ad</strong></span> <span class='ocrx_word' id='word_1_579' title='bbox 2988 3806 3174 3850; x_wconf 83' lang='lat' dir='ltr'><strong>arcem</strong></span> <span class='ocrx_word' id='word_1_580' title='bbox 3211 3794 3340 3849; x_wconf 77' lang='lat' dir='ltr'><strong>vi‘no</strong></span> <span class='ocrx_word' id='word_1_581' title='bbox 3387 3802 3452 3847; x_wconf 84' lang='lat' dir='ltr'><strong>ac</strong></span> <span class='ocrx_word' id='word_1_582' title='bbox 3483 3790 3673 3846; x_wconf 66' lang='lat' dir='ltr'><strong>lunare</strong></span> 
     </span>
    </p>
   </div>
   <div class='ocr_carea' id='block_1_84' title="bbox 2086 3887 3675 3958">
    <p class='ocr_par' dir='ltr' id='par_1_84' title="bbox 2086 3887 3675 3958">
     <span class='ocr_line' id='line_1_84' title="bbox 2086 3887 3675 3958; baseline -0.003 -15"><span class='ocrx_word' id='word_1_583' title='bbox 2086 3887 2324 3944; x_wconf 87' lang='lat' dir='ltr'><strong>ducibus</strong></span> <span class='ocrx_word' id='word_1_584' title='bbox 2375 3888 2697 3958; x_wconf 85' lang='lat' dir='ltr'><strong>procedere.</strong></span> <span class='ocrx_word' id='word_1_585' title='bbox 2748 3888 2907 3944; x_wconf 86' lang='lat' dir='ltr'><strong>Areis</strong></span> <span class='ocrx_word' id='word_1_586' title='bbox 2954 3888 3231 3957; x_wconf 63' lang='lat' dir='ltr'><strong>indigenae</strong></span> <span class='ocrx_word' id='word_1_587' title='bbox 3292 3888 3558 3957; x_wconf 80' lang='lat' dir='ltr'><strong>impetum</strong></span> <span class='ocrx_word' id='word_1_588' title='bbox 3607 3894 3675 3938; x_wconf 68' lang='lat' dir='ltr'><strong>ac</strong></span> 
     </span>
    </p>
   </div>
   <div class='ocr_carea' id='block_1_85' title="bbox 2086 3974 3674 4049">
    <p class='ocr_par' dir='ltr' id='par_1_85' title="bbox 2086 3974 3674 4049">
     <span class='ocr_line' id='line_1_85' title="bbox 2086 3974 3674 4049; baseline -0.004 -15"><span class='ocrx_word' id='word_1_589' title='bbox 2086 3978 2455 4049; x_wconf 84' lang='lat' dir='ltr'><strong>direptionem</strong></span> <span class='ocrx_word' id='word_1_590' title='bbox 2501 3979 2668 4039; x_wconf 87' lang='lat' dir='ltr'><strong>rebus</strong></span> <span class='ocrx_word' id='word_1_591' title='bbox 2706 3980 2823 4034; x_wconf 84' lang='lat' dir='ltr'><strong>suis</strong></span> <span class='ocrx_word' id='word_1_592' title='bbox 2877 3988 3213 4043; x_wconf 75' lang='lat' dir='ltr'><strong>metuentes,</strong></span> <span class='ocrx_word' id='word_1_593' title='bbox 3252 3985 3441 4048; x_wconf 75' lang='lat' dir='ltr'><strong>portas</strong></span> <span class='ocrx_word' id='word_1_594' title='bbox 3480 3974 3674 4035; x_wconf 69' lang='lat' dir='ltr'><strong>occlu-</strong></span> 
     </span>
    </p>
   </div>
   <div class='ocr_carea' id='block_1_86' title="bbox 2088 4062 3670 4147">
    <p class='ocr_par' dir='ltr' id='par_1_86' title="bbox 2088 4062 3670 4147">
     <span class='ocr_line' id='line_1_86' title="bbox 2088 4062 3670 4147; baseline -0.006 -20"><span class='ocrx_word' id='word_1_595' title='bbox 2088 4071 2248 4137; x_wconf 85' lang='lat' dir='ltr'><strong>dunt,</strong></span> <span class='ocrx_word' id='word_1_596' title='bbox 2285 4070 2346 4125; x_wconf 89' lang='lat' dir='ltr'><strong>in</strong></span> <span class='ocrx_word' id='word_1_597' title='bbox 2376 4084 2565 4129; x_wconf 84' lang='lat' dir='ltr'><strong>muros</strong></span> <span class='ocrx_word' id='word_1_598' title='bbox 2603 4069 2938 4147; x_wconf 48' lang='lat' dir='ltr'><strong>asce‘ndunt,</strong></span> <span class='ocrx_word' id='word_1_599' title='bbox 2980 4067 3418 4123; x_wconf 83' lang='lat' dir='ltr'><strong>misericordiam</strong></span> <span class='ocrx_word' id='word_1_600' title='bbox 3452 4062 3670 4134; x_wconf 75' lang='lat' dir='ltr'><strong>regant,</strong></span> 
     </span>
    </p>
   </div>
   <div class='ocr_carea' id='block_1_87' title="bbox 2076 4156 3673 4234">
    <p class='ocr_par' dir='ltr' id='par_1_87' title="bbox 2076 4156 3673 4234">
     <span class='ocr_line' id='line_1_87' title="bbox 2076 4156 3673 4234; baseline -0.004 -18"><span class='ocrx_word' id='word_1_601' title='bbox 2076 4156 2284 4221; x_wconf 70' lang='lat' dir='ltr'><strong>Tacturi</strong></span> <span class='ocrx_word' id='word_1_602' title='bbox 2315 4161 2835 4234; x_wconf 65' lang='lat' dir='ltr'><strong>quidquidJandem</strong></span> <span class='ocrx_word' id='word_1_603' title='bbox 2861 4160 3216 4231; x_wconf 71' lang='lat' dir='ltr'><strong>iuberentur.</strong></span> <span class='ocrx_word' id='word_1_604' title='bbox 3251 4158 3400 4217; x_wconf 84' lang='lat' dir='ltr'><strong>Jussi</strong></span> <span class='ocrx_word' id='word_1_605' title='bbox 3455 4158 3673 4219; x_wconf 75' lang='lat' dir='ltr'><strong>vinctos</strong></span> 
     </span>
    </p>
   </div>
   <div class='ocr_carea' id='block_1_88' title="bbox 2086 4247 3675 4321">
    <p class='ocr_par' dir='ltr' id='par_1_88' title="bbox 2086 4247 3675 4321">
     <span class='ocr_line' id='line_1_88' title="bbox 2086 4247 3675 4321; baseline -0.003 -15"><span class='ocrx_word' id='word_1_606' title='bbox 2086 4251 2382 4316; x_wconf 87' lang='lat' dir='ltr'><strong>adducere,</strong></span> <span class='ocrx_word' id='word_1_607' title='bbox 2430 4262 2486 4305; x_wconf 85' lang='lat' dir='ltr'><strong>et</strong></span> <span class='ocrx_word' id='word_1_608' title='bbox 2524 4251 2593 4306; x_wconf 86' lang='lat' dir='ltr'><strong>ad</strong></span> <span class='ocrx_word' id='word_1_609' title='bbox 2641 4251 2792 4321; x_wconf 88' lang='lat' dir='ltr'><strong>ipsos</strong></span> <span class='ocrx_word' id='word_1_610' title='bbox 2847 4250 3157 4321; x_wconf 70' lang='lat' dir='ltr'><strong>praccipites</strong></span> <span class='ocrx_word' id='word_1_611' title='bbox 3209 4249 3362 4305; x_wconf 87' lang='lat' dir='ltr'><strong>dare.</strong></span> <span class='ocrx_word' id='word_1_612' title='bbox 3413 4247 3675 4302; x_wconf 82' lang='lat' dir='ltr'><strong>Protinus</strong></span> 
     </span>
    </p>
   </div>
   <div class='ocr_carea' id='block_1_89' title="bbox 2088 4339 3676 4413">
    <p class='ocr_par' dir='ltr' id='par_1_89' title="bbox 2088 4339 3676 4413">
     <span class='ocr_line' id='line_1_89' title="bbox 2088 4339 3676 4413; baseline -0.004 -12"><span class='ocrx_word' id='word_1_613' title='bbox 2088 4348 2220 4411; x_wconf 73' lang='lat' dir='ltr'><strong>nudi</strong></span> <span class='ocrx_word' id='word_1_614' title='bbox 2273 4345 2641 4401; x_wconf 84' lang='lat' dir='ltr'><strong>adlucuntur.</strong></span> <span class='ocrx_word' id='word_1_615' title='bbox 2679 4344 2758 4398; x_wconf 83' lang='lat' dir='ltr'><strong>Ac</strong></span> <span class='ocrx_word' id='word_1_616' title='bbox 2786 4343 3000 4413; x_wconf 89' lang='lat' dir='ltr'><strong>primus</strong></span> <span class='ocrx_word' id='word_1_617' title='bbox 3046 4341 3266 4412; x_wconf 81' lang='lat' dir='ltr'><strong>quidem</strong></span> <span class='ocrx_word' id='word_1_618' title='bbox 3308 4339 3676 4410; x_wconf 81' lang='lat' dir='ltr'><strong>Apocaucbus</strong></span> 
     </span>
    </p>
   </div>
   <div class='ocr_carea' id='block_1_90' title="bbox 2088 4434 3674 4512">
    <p class='ocr_par' dir='ltr' id='par_1_90' title="bbox 2088 4434 3674 4512">
     <span class='ocr_line' id='line_1_90' title="bbox 2088 4434 3674 4512; baseline -0.008 -15"><span class='ocrx_word' id='word_1_619' title='bbox 2088 4440 2485 4512; x_wconf 75' lang='lat' dir='ltr'><strong>praecipitatur,</strong></span> <span class='ocrx_word' id='word_1_620' title='bbox 2525 4438 2620 4508; x_wconf 89' lang='lat' dir='ltr'><strong>qui</strong></span> <span class='ocrx_word' id='word_1_621' title='bbox 2660 4436 2802 4492; x_wconf 81' lang='lat' dir='ltr'><strong>forte</strong></span> <span class='ocrx_word' id='word_1_622' title='bbox 2849 4435 3083 4506; x_wconf 89' lang='lat' dir='ltr'><strong>quadam</strong></span> <span class='ocrx_word' id='word_1_623' title='bbox 3128 4443 3368 4491; x_wconf 79' lang='lat' dir='ltr'><strong>erectus.</strong></span> <span class='ocrx_word' id='word_1_624' title='bbox 3393 4434 3573 4499; x_wconf 83' lang='lat' dir='ltr'><strong>stetit,</strong></span> <span class='ocrx_word' id='word_1_625' title='bbox 3606 4450 3674 4486; x_wconf 83' lang='lat' dir='ltr'><strong>ac</strong></span> 
     </span>
    </p>
   </div>
   <div class='ocr_carea' id='block_1_91' title="bbox 2088 4525 3671 4598">
    <p class='ocr_par' dir='ltr' id='par_1_91' title="bbox 2088 4525 3671 4598">
     <span class='ocr_line' id='line_1_91' title="bbox 2088 4525 3671 4598; baseline -0.008 -10"><span class='ocrx_word' id='word_1_626' title='bbox 2088 4532 2310 4589; x_wconf 88' lang='lat' dir='ltr'><strong>nemine</strong></span> <span class='ocrx_word' id='word_1_627' title='bbox 2345 4531 2584 4586; x_wconf 87' lang='lat' dir='ltr'><strong>audente</strong></span> <span class='ocrx_word' id='word_1_628' title='bbox 2612 4529 2771 4585; x_wconf 91' lang='lat' dir='ltr'><strong>illum</strong></span> <span class='ocrx_word' id='word_1_629' title='bbox 2810 4528 3155 4598; x_wconf 80' lang='lat' dir='ltr'><strong>contingere,</strong></span> <span class='ocrx_word' id='word_1_630' title='bbox 3192 4527 3288 4583; x_wconf 89' lang='lat' dir='ltr'><strong>diu</strong></span> <span class='ocrx_word' id='word_1_631' title='bbox 3320 4525 3400 4583; x_wconf 91' lang='lat' dir='ltr'><strong>sic</strong></span> <span class='ocrx_word' id='word_1_632' title='bbox 3447 4526 3671 4580; x_wconf 88' lang='lat' dir='ltr'><strong>mansit.</strong></span> 
     </span>
    </p>
   </div>
   <div class='ocr_carea' id='block_1_92' title="bbox 401 4619 1975 4703">
    <p class='ocr_par' dir='ltr' id='par_1_92' title="bbox 401 4620 1975 4695">
     <span class='ocr_line' id='line_1_92' title="bbox 401 4620 1975 4695; baseline 0.003 -23"><span class='ocrx_word' id='word_1_633' title='bbox 401 4620 539 4690; x_wconf 84' lang='grc' dir='ltr'>πρὸς</span> <span class='ocrx_word' id='word_1_634' title='bbox 567 4622 637 4691; x_wconf 81' lang='grc' dir='ltr'>τῇ</span> <span class='ocrx_word' id='word_1_635' title='bbox 676 4621 1121 4692; x_wconf 51' lang='grc' dir='ltr'>ἁκροπόλειικαὶ</span> <span class='ocrx_word' id='word_1_636' title='bbox 1157 4624 1403 4694; x_wconf 80' lang='grc' dir='ltr'>φρουράν</span> <span class='ocrx_word' id='word_1_637' title='bbox 1436 4624 1748 4695; x_wconf 76' lang='grc' dir='ltr'>ἐπέστησαν</span> <span class='ocrx_word' id='word_1_638' title='bbox 1777 4624 1975 4689; x_wconf 72' lang='grc' dir='ltr'>αὐτοῖς,</span> 
     </span>
    </p>
   </div>
   <div class='ocr_carea' id='block_1_93' title="bbox 2078 4619 3676 4703">
    <p class='ocr_par' dir='ltr' id='par_1_93' title="bbox 2092 4619 3676 4703">
     <span class='ocr_line' id='line_1_93' title="bbox 2092 4619 3676 4703; baseline -0.005 -22"><span class='ocrx_word' id='word_1_639' title='bbox 2092 4627 2286 4681; x_wconf 84' lang='lat' dir='ltr'><strong>Postea</strong></span> <span class='ocrx_word' id='word_1_640' title='bbox 2322 4622 2560 4683; x_wconf 86' lang='lat' dir='ltr'><strong>unusde</strong></span> <span class='ocrx_word' id='word_1_641' title='bbox 2590 4620 2816 4703; x_wconf 86' lang='lat' dir='ltr'><strong>Zelotis,</strong></span> <span class='ocrx_word' id='word_1_642' title='bbox 2851 4620 3152 4687; x_wconf 64' lang='lat' dir='ltr'><strong>&quot;tollitiem,</strong></span> <span class='ocrx_word' id='word_1_643' title='bbox 3175 4619 3301 4676; x_wconf 85' lang='lat' dir='ltr'><strong>aliis</strong></span> <span class='ocrx_word' id='word_1_644' title='bbox 3329 4619 3676 4690; x_wconf 81' lang='lat' dir='ltr'><strong>exprobrans</strong></span> 
     </span>
    </p>
   </div>
   <div class='ocr_carea' id='block_1_94' title="bbox 404 4702 1975 4788">
    <p class='ocr_par' dir='ltr' id='par_1_94' title="bbox 404 4712 1975 4788">
     <span class='ocr_line' id='line_1_94' title="bbox 404 4712 1975 4788; baseline 0.001 -21"><span class='ocrx_word' id='word_1_645' title='bbox 404 4712 562 4783; x_wconf 75' lang='grc' dir='ltr'>Ἅμα</span> <span class='ocrx_word' id='word_1_646' title='bbox 597 4713 655 4767; x_wconf 70' lang='grc' dir='ltr'>δὲ</span> <span class='ocrx_word' id='word_1_647' title='bbox 687 4713 762 4767; x_wconf 75' lang='grc' dir='ltr'>ἕω</span> <span class='ocrx_word' id='word_1_648' title='bbox 796 4714 877 4777; x_wconf 89' lang='grc' dir='ltr'><strong>είς</strong></span> <span class='ocrx_word' id='word_1_649' title='bbox 927 4715 1026 4786; x_wconf 80' lang='grc' dir='ltr'>τὴν</span> <span class='ocrx_word' id='word_1_650' title='bbox 1079 4714 1361 4775; x_wconf 75' lang='grc' dir='ltr'>ἐπιοῦσαν.</span> <span class='ocrx_word' id='word_1_651' title='bbox 1388 4718 1486 4771; x_wconf 85' lang='grc' dir='ltr'>καὶ</span> <span class='ocrx_word' id='word_1_652' title='bbox 1527 4718 1559 4787; x_wconf 79' lang='grc' dir='ltr'>ἡ</span> <span class='ocrx_word' id='word_1_653' title='bbox 1601 4717 1667 4770; x_wconf 72' lang='grc' dir='ltr'><strong>ἐκ</strong></span> <span class='ocrx_word' id='word_1_654' title='bbox 1720 4717 1975 4788; x_wconf 80' lang='grc' dir='ltr'>Βεῤῥοίας</span> 
     </span>
    </p>
   </div>
   <div class='ocr_carea' id='block_1_95' title="bbox 2078 4702 3675 4788">
    <p class='ocr_par' dir='ltr' id='par_1_95' title="bbox 2093 4702 3675 4787">
     <span class='ocr_line' id='line_1_95' title="bbox 2093 4702 3675 4787; baseline -0.006 -15"><span class='ocrx_word' id='word_1_655' title='bbox 2093 4716 2329 4783; x_wconf 86' lang='lat' dir='ltr'><strong>accedit,</strong></span> <span class='ocrx_word' id='word_1_656' title='bbox 2380 4721 2549 4785; x_wconf 87' lang='lat' dir='ltr'><strong>caput</strong></span> <span class='ocrx_word' id='word_1_657' title='bbox 2591 4714 2644 4769; x_wconf 90' lang='lat' dir='ltr'><strong>ei</strong></span> <span class='ocrx_word' id='word_1_658' title='bbox 2699 4702 2754 4769; x_wconf 59' lang='grc' dir='ltr'>εἶ</span> <span class='ocrx_word' id='word_1_659' title='bbox 2786 4712 3123 4787; x_wconf 78' lang='lat' dir='ltr'><strong>cervicibus.</strong></span> <span class='ocrx_word' id='word_1_660' title='bbox 3149 4710 3332 4783; x_wconf 75' lang='lat' dir='ltr'><strong>gladio</strong></span> <span class='ocrx_word' id='word_1_661' title='bbox 3373 4710 3675 4766; x_wconf 89' lang='lat' dir='ltr'><strong>abscindit.</strong></span> 
     </span>
    </p>
   </div>
   <div class='ocr_carea' id='block_1_96' title="bbox 404 4797 1991 4874">
    <p class='ocr_par' dir='ltr' id='par_1_96' title="bbox 404 4797 1991 4874">
     <span class='ocr_line' id='line_1_96' title="bbox 404 4797 1991 4874; baseline 0.003 -18"><span class='ocrx_word' id='word_1_662' title='bbox 404 4797 640 4874; x_wconf 82' lang='grc' dir='ltr'>στρατιὰ</span> <span class='ocrx_word' id='word_1_663' title='bbox 684 4805 888 4874; x_wconf 84' lang='grc' dir='ltr'>παρῆν.</span> <span class='ocrx_word' id='word_1_664' title='bbox 957 4806 1115 4859; x_wconf 79' lang='grc' dir='ltr'>Ἐπεὶ</span> <span class='ocrx_word' id='word_1_665' title='bbox 1157 4807 1216 4860; x_wconf 75' lang='grc' dir='ltr'>δὲ</span> <span class='ocrx_word' id='word_1_666' title='bbox 1263 4807 1528 4862; x_wconf 78' lang='grc' dir='ltr'>ἐπύθοντο</span> <span class='ocrx_word' id='word_1_667' title='bbox 1573 4808 1664 4872; x_wconf 66' lang='grc' dir='ltr'><strong>ώςι</strong></span> <span class='ocrx_word' id='word_1_668' title='bbox 1696 4807 1879 4862; x_wconf 79' lang='grc' dir='ltr'>ἁλοῖεν</span> <span class='ocrx_word' id='word_1_669' title='bbox 1907 4803 1991 4871; x_wconf 79' lang='grc' dir='ltr'>οἷς</span> 
     </span>
    </p>
   </div>
   <div class='ocr_carea' id='block_1_97' title="bbox 403 4891 1991 4969">
    <p class='ocr_par' dir='ltr' id='par_1_97' title="bbox 403 4891 1991 4969">
     <span class='ocr_line' id='line_1_97' title="bbox 403 4891 1991 4969; baseline 0.003 -21"><span class='ocrx_word' id='word_1_670' title='bbox 403 4891 560 4969; x_wconf 73' lang='grc' dir='ltr'>ἧκον,</span> <span class='ocrx_word' id='word_1_671' title='bbox 595 4899 907 4968; x_wconf 85' lang='grc' dir='ltr'>συμμαχεῖν</span> <span class='ocrx_word' id='word_1_672' title='bbox 934 4933 952 4962; x_wconf 92' lang='grc'><strong>,</strong></span> <span class='ocrx_word' id='word_1_673' title='bbox 1006 4899 1454 4969; x_wconf 84' lang='grc' dir='ltr'>καταδραμόντες</span> <span class='ocrx_word' id='word_1_674' title='bbox 1511 4901 1803 4969; x_wconf 78' lang='grc' dir='ltr'>ὲληῒσαντό</span> <span class='ocrx_word' id='word_1_675' title='bbox 1864 4917 1991 4954; x_wconf 91' lang='grc' dir='ltr'>τινα</span> 
     </span>
    </p>
   </div>
   <div class='ocr_carea' id='block_1_98' title="bbox 405 4986 1992 5060">
    <p class='ocr_par' dir='ltr' id='par_1_98' title="bbox 405 4986 1992 5060">
     <span class='ocr_line' id='line_1_98' title="bbox 405 4986 1992 5060; baseline 0.001 -19"><span class='ocrx_word' id='word_1_676' title='bbox 405 4986 583 5056; x_wconf 87' lang='grc' dir='ltr'>ὀλίγα,</span> <span class='ocrx_word' id='word_1_677' title='bbox 615 4987 712 5041; x_wconf 76' lang='grc' dir='ltr'><strong>καὶ</strong></span> <span class='ocrx_word' id='word_1_678' title='bbox 730 4987 1067 5058; x_wconf 72' lang='grc' dir='ltr'>ἀνέστρεφον</span> <span class='ocrx_word' id='word_1_679' title='bbox 1090 4988 1170 5049; x_wconf 81' lang='grc' dir='ltr'><strong>είς</strong></span> <span class='ocrx_word' id='word_1_680' title='bbox 1199 4987 1300 5059; x_wconf 77' lang='grc' dir='ltr'>τὴν</span> <span class='ocrx_word' id='word_1_681' title='bbox 1320 4989 1524 5049; x_wconf 74' lang='grc' dir='ltr'>οὶκίαν.</span> <span class='ocrx_word' id='word_1_682' title='bbox 1560 4990 1700 5059; x_wconf 80' lang='grc' dir='ltr'>Περὶ</span> <span class='ocrx_word' id='word_1_683' title='bbox 1733 4989 1908 5060; x_wconf 81' lang='grc' dir='ltr'>μέσην</span> <span class='ocrx_word' id='word_1_684' title='bbox 1934 4988 1992 5042; x_wconf 82' lang='grc' dir='ltr'>δὲ</span> 
     </span>
    </p>
   </div>
   <div class='ocr_carea' id='block_1_99' title="bbox 407 5081 1992 5153">
    <p class='ocr_par' dir='ltr' id='par_1_99' title="bbox 407 5081 1992 5153">
     <span class='ocr_line' id='line_1_99' title="bbox 407 5081 1992 5153; baseline 0.001 -20"><span class='ocrx_word' id='word_1_685' title='bbox 407 5081 623 5151; x_wconf 70' lang='grc' dir='ltr'>ἡμέραν</span> <span class='ocrx_word' id='word_1_686' title='bbox 681 5081 840 5151; x_wconf 77' lang='grc' dir='ltr'>φήμη</span> <span class='ocrx_word' id='word_1_687' title='bbox 895 5098 980 5146; x_wconf 91' lang='grc' dir='ltr'><strong>τις</strong></span> <span class='ocrx_word' id='word_1_688' title='bbox 1047 5084 1451 5152; x_wconf 80' lang='grc' dir='ltr'>προσέπιπτεν.</span> <span class='ocrx_word' id='word_1_689' title='bbox 1490 5082 1690 5153; x_wconf 85' lang='grc' dir='ltr'>ἀθροόν</span> <span class='ocrx_word' id='word_1_690' title='bbox 1734 5082 1873 5151; x_wconf 83' lang='grc' dir='ltr'>πρὸς</span> <span class='ocrx_word' id='word_1_691' title='bbox 1892 5081 1992 5151; x_wconf 79' lang='grc' dir='ltr'><strong>τὴν</strong></span> 
     </span>
    </p>
   </div>
   <div class='ocr_carea' id='block_1_100' title="bbox 409 5174 1988 5247">
    <p class='ocr_par' dir='ltr' id='par_1_100' title="bbox 409 5174 1988 5247">
     <span class='ocr_line' id='line_1_100' title="bbox 409 5174 1988 5247; baseline 0.001 -22"><span class='ocrx_word' id='word_1_692' title='bbox 409 5174 566 5229; x_wconf 88' lang='grc' dir='ltr'>πόλιν</span> <span class='ocrx_word' id='word_1_693' title='bbox 586 5175 663 5238; x_wconf 86' lang='grc' dir='ltr'><strong>ώς</strong></span> <span class='ocrx_word' id='word_1_694' title='bbox 690 5176 742 5228; x_wconf 81' lang='grc' dir='ltr'>οἱ</span> <span class='ocrx_word' id='word_1_695' title='bbox 775 5174 1058 5245; x_wconf 81' lang='grc' dir='ltr'>δεσμῶται</span> <span class='ocrx_word' id='word_1_696' title='bbox 1088 5174 1249 5228; x_wconf 87' lang='grc' dir='ltr'>πάλιν</span> <span class='ocrx_word' id='word_1_697' title='bbox 1268 5174 1371 5245; x_wconf 81' lang='grc' dir='ltr'>τὴν</span> <span class='ocrx_word' id='word_1_698' title='bbox 1399 5175 1577 5243; x_wconf 83' lang='grc' dir='ltr'>ἄκραν</span> <span class='ocrx_word' id='word_1_699' title='bbox 1596 5176 1988 5247; x_wconf 83' lang='grc' dir='ltr'>κατασχόντες,</span> 
     </span>
    </p>
   </div>
   <div class='ocr_carea' id='block_1_101' title="bbox 411 5267 1995 5340">
    <p class='ocr_par' dir='ltr' id='par_1_101' title="bbox 411 5267 1995 5340">
     <span class='ocr_line' id='line_1_101' title="bbox 411 5267 1995 5340; baseline -0.001 -18"><span class='ocrx_word' id='word_1_700' title='bbox 411 5268 511 5339; x_wconf 78' lang='grc' dir='ltr'>τὴν</span> <span class='ocrx_word' id='word_1_701' title='bbox 535 5272 602 5323; x_wconf 82' lang='grc' dir='ltr'>ὲκ</span> <span class='ocrx_word' id='word_1_702' title='bbox 631 5269 894 5340; x_wconf 80' lang='grc' dir='ltr'>Βεῤῥοίας</span> <span class='ocrx_word' id='word_1_703' title='bbox 948 5270 1212 5340; x_wconf 85' lang='grc' dir='ltr'>στρατιὰν</span> <span class='ocrx_word' id='word_1_704' title='bbox 1256 5268 1614 5340; x_wconf 79' lang='grc' dir='ltr'>εἰσδέχονται.</span> <span class='ocrx_word' id='word_1_705' title='bbox 1657 5268 1908 5337; x_wconf 82' lang='grc' dir='ltr'>Ἐλέγετο</span> <span class='ocrx_word' id='word_1_706' title='bbox 1936 5267 1995 5322; x_wconf 74' lang='grc' dir='ltr'>δὲ</span> 
     </span>
    </p>
   </div>
   <div class='ocr_carea' id='block_1_102' title="bbox 410 5359 1997 5432">
    <p class='ocr_par' dir='ltr' id='par_1_102' title="bbox 410 5359 1997 5432">
     <span class='ocr_line' id='line_1_102' title="bbox 410 5359 1997 5432; baseline -0.001 -18"><span class='ocrx_word' id='word_1_707' title='bbox 410 5359 488 5425; x_wconf 84' lang='grc' dir='ltr'>ὡς</span> <span class='ocrx_word' id='word_1_708' title='bbox 515 5360 627 5415; x_wconf 84' lang='grc' dir='ltr'>τῶν</span> <span class='ocrx_word' id='word_1_709' title='bbox 671 5360 937 5432; x_wconf 87' lang='grc' dir='ltr'>Ζηλωτῶν</span> <span class='ocrx_word' id='word_1_710' title='bbox 967 5378 1115 5427; x_wconf 89' lang='grc' dir='ltr'>τινες</span> <span class='ocrx_word' id='word_1_711' title='bbox 1167 5361 1237 5416; x_wconf 77' lang='grc' dir='ltr'>τὰ</span> <span class='ocrx_word' id='word_1_712' title='bbox 1292 5360 1521 5416; x_wconf 85' lang='grc' dir='ltr'>τοιαῦτα</span> <span class='ocrx_word' id='word_1_713' title='bbox 1552 5360 1997 5430; x_wconf 79' lang='grc' dir='ltr'>καταψεύσαιντο</span> 
     </span>
    </p>
   </div>
   <div class='ocr_carea' id='block_1_103' title="bbox 412 5447 1996 5526">
    <p class='ocr_par' dir='ltr' id='par_1_103' title="bbox 412 5447 1996 5526">
     <span class='ocr_line' id='line_1_103' title="bbox 412 5447 1996 5526; baseline 0.001 -21"><span class='ocrx_word' id='word_1_714' title='bbox 412 5454 506 5508; x_wconf 74' lang='grc' dir='ltr'>ἐπὶ</span> <span class='ocrx_word' id='word_1_715' title='bbox 523 5454 603 5524; x_wconf 83' lang='grc' dir='ltr'>τῷ</span> <span class='ocrx_word' id='word_1_716' title='bbox 633 5455 975 5510; x_wconf 80' lang='grc' dir='ltr'>ἀποκτείνειν</span> <span class='ocrx_word' id='word_1_717' title='bbox 1002 5456 1128 5520; x_wconf 78' lang='grc' dir='ltr'>τοὺς</span> <span class='ocrx_word' id='word_1_718' title='bbox 1157 5455 1465 5526; x_wconf 76' lang='grc' dir='ltr'>δεσμώτας.</span> <span class='ocrx_word' id='word_1_719' title='bbox 1491 5455 1606 5508; x_wconf 79' lang='grc' dir='ltr'><strong>Καὶ</strong></span> <span class='ocrx_word' id='word_1_720' title='bbox 1634 5456 1662 5508; x_wconf 86' lang='grc' dir='ltr'>ὁ</span> <span class='ocrx_word' id='word_1_721' title='bbox 1687 5455 1859 5524; x_wconf 83' lang='grc' dir='ltr'>δῆμος</span> <span class='ocrx_word' id='word_1_722' title='bbox 1894 5447 1996 5507; x_wconf 85' lang='grc' dir='ltr'><strong>αὗ·-</strong></span> 
     </span>
    </p>
   </div>
   <div class='ocr_carea' id='block_1_104' title="bbox 414 5545 1994 5618">
    <p class='ocr_par' dir='ltr' id='par_1_104' title="bbox 414 5545 1994 5618">
     <span class='ocr_line' id='line_1_104' title="bbox 414 5545 1994 5618; baseline 0 -18"><span class='ocrx_word' id='word_1_723' title='bbox 414 5545 498 5610; x_wconf 66' lang='lat' dir='ltr'><strong>et;</strong></span> <span class='ocrx_word' id='word_1_724' title='bbox 520 5546 591 5600; x_wconf 86' lang='grc' dir='ltr'>τὰ</span> <span class='ocrx_word' id='word_1_725' title='bbox 625 5546 767 5600; x_wconf 78' lang='grc' dir='ltr'>ὅπλα</span> <span class='ocrx_word' id='word_1_726' title='bbox 798 5548 1188 5611; x_wconf 85' lang='grc' dir='ltr'>ἀναλαϐόντες,</span> <span class='ocrx_word' id='word_1_727' title='bbox 1229 5546 1473 5618; x_wconf 80' lang='grc' dir='ltr'>ἐχώρουν</span> <span class='ocrx_word' id='word_1_728' title='bbox 1524 5545 1663 5615; x_wconf 82' lang='grc' dir='ltr'>πρὸς</span> <span class='ocrx_word' id='word_1_729' title='bbox 1685 5546 1784 5616; x_wconf 85' lang='grc' dir='ltr'><strong>τὴν</strong></span> <span class='ocrx_word' id='word_1_730' title='bbox 1813 5547 1994 5615; x_wconf 79' lang='grc' dir='ltr'>ἄκραν</span> 
     </span>
    </p>
   </div>
   <div class='ocr_carea' id='block_1_105' title="bbox 416 5636 1992 5711">
    <p class='ocr_par' dir='ltr' id='par_1_105' title="bbox 416 5636 1992 5711">
     <span class='ocr_line' id='line_1_105' title="bbox 416 5636 1992 5711; baseline -0.001 -20"><span class='ocrx_word' id='word_1_731' title='bbox 416 5636 521 5691; x_wconf 80' lang='grc' dir='ltr'><strong>ὑπό</strong></span> <span class='ocrx_word' id='word_1_732' title='bbox 551 5655 610 5691; x_wconf 89' lang='grc' dir='ltr'><strong>τε</strong></span> <span class='ocrx_word' id='word_1_733' title='bbox 640 5637 814 5707; x_wconf 82' lang='grc' dir='ltr'>θυμοῦ</span> <span class='ocrx_word' id='word_1_734' title='bbox 848 5642 946 5693; x_wconf 77' lang='grc' dir='ltr'>καὶ</span> <span class='ocrx_word' id='word_1_735' title='bbox 978 5640 1123 5694; x_wconf 84' lang='grc' dir='ltr'>οίνου</span> <span class='ocrx_word' id='word_1_736' title='bbox 1156 5638 1661 5711; x_wconf 85' lang='grc' dir='ltr'>στρατηγούμενοι·</span> <span class='ocrx_word' id='word_1_737' title='bbox 1695 5638 1746 5691; x_wconf 88' lang='grc' dir='ltr'><strong>οί</strong></span> <span class='ocrx_word' id='word_1_738' title='bbox 1772 5638 1904 5709; x_wconf 76' lang='grc' dir='ltr'>πρὸς</span> <span class='ocrx_word' id='word_1_739' title='bbox 1926 5641 1992 5709; x_wconf 83' lang='grc' dir='ltr'>τῇ</span> 
     </span>
    </p>
   </div>
   <div class='ocr_carea' id='block_1_106' title="bbox 414 5729 1995 5805">
    <p class='ocr_par' dir='ltr' id='par_1_106' title="bbox 414 5729 1995 5805">
     <span class='ocr_line' id='line_1_106' title="bbox 414 5729 1995 5805; baseline -0.001 -19"><span class='ocrx_word' id='word_1_740' title='bbox 414 5731 561 5805; x_wconf 75' lang='grc' dir='ltr'>ἄκρᾳ</span> <span class='ocrx_word' id='word_1_741' title='bbox 581 5733 640 5786; x_wconf 74' lang='grc' dir='ltr'>δὲ</span> <span class='ocrx_word' id='word_1_742' title='bbox 672 5734 952 5799; x_wconf 84' lang='grc' dir='ltr'>δείσαντες</span> <span class='ocrx_word' id='word_1_743' title='bbox 977 5734 1075 5803; x_wconf 81' lang='grc' dir='ltr'>τὴν</span> <span class='ocrx_word' id='word_1_744' title='bbox 1104 5733 1291 5802; x_wconf 71' lang='grc' dir='ltr'>ἔφοδον</span> <span class='ocrx_word' id='word_1_745' title='bbox 1313 5732 1404 5786; x_wconf 78' lang='grc' dir='ltr'><strong>τοῦ</strong></span> <span class='ocrx_word' id='word_1_746' title='bbox 1437 5731 1630 5802; x_wconf 71' lang='grc' dir='ltr'>δήμου,</span> <span class='ocrx_word' id='word_1_747' title='bbox 1661 5731 1735 5803; x_wconf 81' lang='grc' dir='ltr'><strong>μὴ</strong></span> <span class='ocrx_word' id='word_1_748' title='bbox 1767 5732 1835 5785; x_wconf 82' lang='grc' dir='ltr'>τὰ</span> <span class='ocrx_word' id='word_1_749' title='bbox 1863 5729 1995 5785; x_wconf 78' lang='grc' dir='ltr'>ὄντα</span> 
     </span>
    </p>
   </div>
   <div class='ocr_carea' id='block_1_107' title="bbox 417 5822 1989 5896">
    <p class='ocr_par' dir='ltr' id='par_1_107' title="bbox 417 5822 1989 5896">
     <span class='ocr_line' id='line_1_107' title="bbox 417 5822 1989 5896; baseline -0.002 -19"><span class='ocrx_word' id='word_1_750' title='bbox 417 5825 564 5877; x_wconf 76' lang='grc' dir='ltr'>ἔνδον</span> <span class='ocrx_word' id='word_1_751' title='bbox 585 5826 924 5896; x_wconf 82' lang='grc' dir='ltr'>διαρπάσωσι</span> <span class='ocrx_word' id='word_1_752' title='bbox 951 5825 1254 5895; x_wconf 87' lang='grc' dir='ltr'>γενόμενοι,</span> <span class='ocrx_word' id='word_1_753' title='bbox 1275 5823 1612 5879; x_wconf 87' lang='grc' dir='ltr'>ἀπέκλεισαν</span> <span class='ocrx_word' id='word_1_754' title='bbox 1643 5826 1744 5887; x_wconf 79' lang='grc' dir='ltr'><strong>τάς</strong></span> <span class='ocrx_word' id='word_1_755' title='bbox 1777 5822 1952 5888; x_wconf 83' lang='grc' dir='ltr'>πύλας</span> <span class='ocrx_word' id='word_1_756' title='bbox 1976 5837 1989 5852; x_wconf 91' lang='grc'><strong>·</strong></span> 
     </span>
    </p>
   </div>
   <div class='ocr_carea' id='block_1_108' title="bbox 420 5914 1992 5990">
    <p class='ocr_par' dir='ltr' id='par_1_108' title="bbox 420 5914 1992 5990">
     <span class='ocr_line' id='line_1_108' title="bbox 420 5914 1992 5990; baseline -0.001 -17"><span class='ocrx_word' id='word_1_757' title='bbox 420 5916 718 5982; x_wconf 76' lang='grc' dir='ltr'>ἀναϐάντες</span> <span class='ocrx_word' id='word_1_758' title='bbox 740 5917 797 5972; x_wconf 85' lang='grc' dir='ltr'>δὲ</span> <span class='ocrx_word' id='word_1_759' title='bbox 826 5918 919 5972; x_wconf 75' lang='grc' dir='ltr'><strong>ἐπὶ</strong></span> <span class='ocrx_word' id='word_1_760' title='bbox 952 5916 1063 5974; x_wconf 83' lang='grc' dir='ltr'>τῶν</span> <span class='ocrx_word' id='word_1_761' title='bbox 1085 5917 1280 5988; x_wconf 79' lang='grc' dir='ltr'>τειχῶν</span> <span class='ocrx_word' id='word_1_762' title='bbox 1322 5916 1531 5973; x_wconf 79' lang='grc' dir='ltr'>ἐδέοντο</span> <span class='ocrx_word' id='word_1_763' title='bbox 1560 5918 1635 5990; x_wconf 80' lang='grc' dir='ltr'>μὴ</span> <span class='ocrx_word' id='word_1_764' title='bbox 1661 5914 1992 5988; x_wconf 77' lang='grc' dir='ltr'>διαφθείρειν</span> 
     </span>
    </p>
   </div>
   <div class='ocr_carea' id='block_1_109' title="bbox 2097 4804 3678 4878">
    <p class='ocr_par' dir='ltr' id='par_1_109' title="bbox 2097 4804 3678 4878">
     <span class='ocr_line' id='line_1_109' title="bbox 2097 4804 3678 4878; baseline -0.004 -16"><span class='ocrx_word' id='word_1_765' title='bbox 2097 4810 2305 4866; x_wconf 88' lang='lat' dir='ltr'><strong>Deinde</strong></span> <span class='ocrx_word' id='word_1_766' title='bbox 2352 4809 2538 4864; x_wconf 78' lang='lat' dir='ltr'><strong>caeteri</strong></span> <span class='ocrx_word' id='word_1_767' title='bbox 2591 4816 2812 4878; x_wconf 82' lang='lat' dir='ltr'><strong>quoque</strong></span> <span class='ocrx_word' id='word_1_768' title='bbox 2858 4804 3206 4870; x_wconf 76' lang='lat' dir='ltr'><strong>circumfusi,</strong></span> <span class='ocrx_word' id='word_1_769' title='bbox 3255 4811 3426 4861; x_wconf 85' lang='lat' dir='ltr'><strong>totum</strong></span> <span class='ocrx_word' id='word_1_770' title='bbox 3477 4818 3678 4874; x_wconf 89' lang='lat' dir='ltr'><strong>corpus</strong></span> 
     </span>
    </p>
   </div>
   <div class='ocr_carea' id='block_1_110' title="bbox 2095 4895 3678 4975">
    <p class='ocr_par' dir='ltr' id='par_1_110' title="bbox 2095 4895 3678 4975">
     <span class='ocr_line' id='line_1_110' title="bbox 2095 4895 3678 4975; baseline -0.003 -22"><span class='ocrx_word' id='word_1_771' title='bbox 2095 4899 2415 4954; x_wconf 78' lang='lat' dir='ltr'><strong>vulneribus</strong></span> <span class='ocrx_word' id='word_1_772' title='bbox 2469 4898 2845 4975; x_wconf 84' lang='lat' dir='ltr'><strong>consauciant.</strong></span> <span class='ocrx_word' id='word_1_773' title='bbox 2885 4895 3018 4952; x_wconf 87' lang='lat' dir='ltr'><strong>Post</strong></span> <span class='ocrx_word' id='word_1_774' title='bbox 3062 4895 3182 4951; x_wconf 81' lang='lat' dir='ltr'><strong>haec</strong></span> <span class='ocrx_word' id='word_1_775' title='bbox 3222 4911 3332 4951; x_wconf 90' lang='lat' dir='ltr'><strong>non</strong></span> <span class='ocrx_word' id='word_1_776' title='bbox 3390 4902 3520 4958; x_wconf 84' lang='lat' dir='ltr'><strong>uno,</strong></span> <span class='ocrx_word' id='word_1_777' title='bbox 3570 4895 3678 4949; x_wconf 77' lang='lat' dir='ltr'><strong>.sed</strong></span> 
     </span>
    </p>
   </div>
   <div class='ocr_carea' id='block_1_111' title="bbox 2095 4986 3676 5064">
    <p class='ocr_par' dir='ltr' id='par_1_111' title="bbox 2095 4986 3676 5064">
     <span class='ocr_line' id='line_1_111' title="bbox 2095 4986 3676 5064; baseline -0.005 -17"><span class='ocrx_word' id='word_1_778' title='bbox 2095 4993 2349 5064; x_wconf 88' lang='lat' dir='ltr'><strong>pluribus</strong></span> <span class='ocrx_word' id='word_1_779' title='bbox 2411 4991 2546 5047; x_wconf 83' lang='lat' dir='ltr'><strong>locis</strong></span> <span class='ocrx_word' id='word_1_780' title='bbox 2591 4991 2813 5060; x_wconf 85' lang='lat' dir='ltr'><strong>reliqui,</strong></span> <span class='ocrx_word' id='word_1_781' title='bbox 2865 4989 3033 5061; x_wconf 76' lang='lat'><strong>680</strong></span> <span class='ocrx_word' id='word_1_782' title='bbox 3079 4987 3288 5055; x_wconf 81' lang='lat' dir='ltr'><strong>Zelotis</strong></span> <span class='ocrx_word' id='word_1_783' title='bbox 3343 4986 3676 5055; x_wconf 66' lang='lat' dir='ltr'><strong>nominatim</strong></span> 
     </span>
    </p>
   </div>
   <div class='ocr_carea' id='block_1_112' title="bbox 2074 5081 3678 5157">
    <p class='ocr_par' dir='ltr' id='par_1_112' title="bbox 2074 5081 3678 5157">
     <span class='ocr_line' id='line_1_112' title="bbox 2074 5081 3678 5157; baseline -0.006 -17"><span class='ocrx_word' id='word_1_784' title='bbox 2074 5084 2434 5157; x_wconf 73' lang='lat' dir='ltr'><strong>petentibus,</strong></span> <span class='ocrx_word' id='word_1_785' title='bbox 2509 5083 2581 5140; x_wconf 88' lang='lat' dir='ltr'><strong>de</strong></span> <span class='ocrx_word' id='word_1_786' title='bbox 2639 5098 2799 5138; x_wconf 88' lang='lat' dir='ltr'><strong>muro</strong></span> <span class='ocrx_word' id='word_1_787' title='bbox 2854 5081 3169 5152; x_wconf 71' lang='lat' dir='ltr'><strong>praecipites</strong></span> <span class='ocrx_word' id='word_1_788' title='bbox 3228 5087 3465 5152; x_wconf 75' lang='lat' dir='ltr'><strong>aguntur</strong></span> <span class='ocrx_word' id='word_1_789' title='bbox 3493 5098 3508 5135; x_wconf 89' lang='lat'><strong>:</strong></span> <span class='ocrx_word' id='word_1_790' title='bbox 3539 5092 3678 5149; x_wconf 87' lang='lat' dir='ltr'><strong>quos</strong></span> 
     </span>
    </p>
   </div>
   <div class='ocr_carea' id='block_1_113' title="bbox 2095 5170 3741 5244">
    <p class='ocr_par' dir='ltr' id='par_1_113' title="bbox 2095 5170 3741 5244">
     <span class='ocr_line' id='line_1_113' title="bbox 2095 5170 3741 5244; baseline -0.004 -15"><span class='ocrx_word' id='word_1_791' title='bbox 2095 5174 2507 5230; x_wconf 85' lang='lat' dir='ltr'><strong>circumsistens</strong></span> <span class='ocrx_word' id='word_1_792' title='bbox 2551 5174 2804 5244; x_wconf 89' lang='lat' dir='ltr'><strong>populus,</strong></span> <span class='ocrx_word' id='word_1_793' title='bbox 2836 5173 3015 5237; x_wconf 79' lang='lat' dir='ltr'><strong>ferina</strong></span> <span class='ocrx_word' id='word_1_794' title='bbox 3056 5171 3293 5242; x_wconf 82' lang='lat' dir='ltr'><strong>quadam</strong></span> <span class='ocrx_word' id='word_1_795' title='bbox 3337 5170 3679 5227; x_wconf 85' lang='lat' dir='ltr'><strong>immanitate</strong></span> <span class='ocrx_word' id='word_1_796' title='bbox 3733 5226 3741 5244; x_wconf 14' lang='grc' dir='ltr'>Α,</span> 
     </span>
    </p>
   </div>
   <div class='ocr_carea' id='block_1_114' title="bbox 2097 5240 3736 5335">
    <p class='ocr_par' dir='ltr' id='par_1_114' title="bbox 2097 5240 3736 5335">
     <span class='ocr_line' id='line_1_114' title="bbox 2097 5240 3736 5335; baseline -0.004 -16"><span class='ocrx_word' id='word_1_797' title='bbox 2097 5264 2315 5335; x_wconf 78' lang='lat' dir='ltr'><strong>sagittis</strong></span> <span class='ocrx_word' id='word_1_798' title='bbox 2364 5240 2641 5335; x_wconf 44' lang='lat' dir='ltr'><strong>conligit,-</strong></span> <span class='ocrx_word' id='word_1_799' title='bbox 2662 5262 3027 5332; x_wconf 87' lang='lat' dir='ltr'><strong>quorumdam</strong></span> <span class='ocrx_word' id='word_1_800' title='bbox 3054 5240 3234 5321; x_wconf 68' lang='lat' dir='ltr'><strong>.eliam</strong></span> <span class='ocrx_word' id='word_1_801' title='bbox 3268 5260 3450 5330; x_wconf 88' lang='lat' dir='ltr'><strong>capita</strong></span> <span class='ocrx_word' id='word_1_802' title='bbox 3482 5258 3680 5330; x_wconf 63' lang='lat' dir='ltr'><strong>praeci-</strong></span> <span class='ocrx_word' id='word_1_803' title='bbox 3727 5240 3736 5267; x_wconf 72' lang='grc'><em>’</em></span> 
     </span>
    </p>
   </div>
   <div class='ocr_carea' id='block_1_115' title="bbox 2098 5354 3675 5425">
    <p class='ocr_par' dir='ltr' id='par_1_115' title="bbox 2098 5354 3675 5425">
     <span class='ocr_line' id='line_1_115' title="bbox 2098 5354 3675 5425; baseline -0.003 -12"><span class='ocrx_word' id='word_1_804' title='bbox 2098 5359 2200 5413; x_wconf 92' lang='lat' dir='ltr'><strong>dit.</strong></span> <span class='ocrx_word' id='word_1_805' title='bbox 2231 5360 2304 5413; x_wconf 85' lang='lat' dir='ltr'><strong>lta</strong></span> <span class='ocrx_word' id='word_1_806' title='bbox 2337 5372 2530 5412; x_wconf 86' lang='lat' dir='ltr'><strong>omnes</strong></span> <span class='ocrx_word' id='word_1_807' title='bbox 2551 5356 2828 5412; x_wconf 86' lang='lat' dir='ltr'><strong>crudelem</strong></span> <span class='ocrx_word' id='word_1_808' title='bbox 2856 5355 2909 5409; x_wconf 90' lang='lat' dir='ltr'><strong>in</strong></span> <span class='ocrx_word' id='word_1_809' title='bbox 2937 5354 3185 5421; x_wconf 84' lang='lat' dir='ltr'><strong>modum,</strong></span> <span class='ocrx_word' id='word_1_810' title='bbox 3212 5361 3410 5425; x_wconf 70' lang='lat' dir='ltr'><strong>praeter</strong></span> <span class='ocrx_word' id='word_1_811' title='bbox 3447 5368 3675 5425; x_wconf 86' lang='lat' dir='ltr'><strong>paucos,</strong></span> 
     </span>
    </p>
   </div>
   <div class='ocr_carea' id='block_1_116' title="bbox 2074 5447 3667 5520">
    <p class='ocr_par' dir='ltr' id='par_1_116' title="bbox 2074 5447 3667 5520">
     <span class='ocr_line' id='line_1_116' title="bbox 2074 5447 3667 5520; baseline -0.002 -16"><span class='ocrx_word' id='word_1_812' title='bbox 2074 5466 2236 5520; x_wconf 37' lang='lat' dir='ltr'><strong>.qnos</strong></span> <span class='ocrx_word' id='word_1_813' title='bbox 2273 5450 2465 5505; x_wconf 70' lang='lat' dir='ltr'><strong>incolae</strong></span> <span class='ocrx_word' id='word_1_814' title='bbox 2489 5450 2633 5504; x_wconf 88' lang='lat' dir='ltr'><strong>arcis</strong></span> <span class='ocrx_word' id='word_1_815' title='bbox 2659 5447 3085 5516; x_wconf 79' lang='lat' dir='ltr'><strong>absconderant,</strong></span> <span class='ocrx_word' id='word_1_816' title='bbox 3117 5448 3450 5513; x_wconf 81' lang='lat' dir='ltr'><strong>interierunt</strong></span> <span class='ocrx_word' id='word_1_817' title='bbox 3480 5467 3494 5504; x_wconf 91' lang='lat'><strong>:</strong></span> <span class='ocrx_word' id='word_1_818' title='bbox 3528 5463 3667 5518; x_wconf 89' lang='lat' dir='ltr'><strong>quo-</strong></span> 
     </span>
    </p>
   </div>
   <div class='ocr_carea' id='block_1_117' title="bbox 2099 5539 3679 5612">
    <p class='ocr_par' dir='ltr' id='par_1_117' title="bbox 2099 5539 3679 5612">
     <span class='ocr_line' id='line_1_117' title="bbox 2099 5539 3679 5612; baseline -0.003 -15"><span class='ocrx_word' id='word_1_819' title='bbox 2099 5556 2218 5597; x_wconf 90' lang='lat' dir='ltr'><strong>rum</strong></span> <span class='ocrx_word' id='word_1_820' title='bbox 2246 5540 2366 5596; x_wconf 88' lang='lat' dir='ltr'><strong>neci</strong></span> <span class='ocrx_word' id='word_1_821' title='bbox 2394 5540 2619 5596; x_wconf 70' lang='lat' dir='ltr'><strong>Cocalus</strong></span> <span class='ocrx_word' id='word_1_822' title='bbox 2647 5551 2701 5595; x_wconf 91' lang='lat' dir='ltr'><strong>et</strong></span> <span class='ocrx_word' id='word_1_823' title='bbox 2730 5539 3065 5612; x_wconf 70' lang='lat' dir='ltr'><strong>Palaeologus</strong></span> <span class='ocrx_word' id='word_1_824' title='bbox 3106 5547 3427 5610; x_wconf 75' lang='lat' dir='ltr'><strong>praesentes,</strong></span> <span class='ocrx_word' id='word_1_825' title='bbox 3471 5555 3530 5595; x_wconf 89' lang='lat' dir='ltr'><strong>se</strong></span> <span class='ocrx_word' id='word_1_826' title='bbox 3564 5554 3679 5594; x_wconf 88' lang='lat' dir='ltr'><strong>rem</strong></span> 
     </span>
    </p>
   </div>
   <div class='ocr_carea' id='block_1_118' title="bbox 2097 5631 3699 5706">
    <p class='ocr_par' dir='ltr' id='par_1_118' title="bbox 2097 5631 3699 5706">
     <span class='ocr_line' id='line_1_118' title="bbox 2097 5631 3699 5706; baseline -0.002 -16"><span class='ocrx_word' id='word_1_827' title='bbox 2097 5635 2296 5706; x_wconf 66' lang='lat' dir='ltr'><strong>aegrius</strong></span> <span class='ocrx_word' id='word_1_828' title='bbox 2344 5632 2508 5697; x_wconf 69' lang='lat' dir='ltr'><strong>ferre,</strong></span> <span class='ocrx_word' id='word_1_829' title='bbox 2560 5633 2799 5687; x_wconf 80' lang='lat' dir='ltr'><strong>furorem</strong></span> <span class='ocrx_word' id='word_1_830' title='bbox 2847 5641 3028 5687; x_wconf 88' lang='lat' dir='ltr'><strong>tamen</strong></span> <span class='ocrx_word' id='word_1_831' title='bbox 3073 5634 3261 5703; x_wconf 89' lang='lat' dir='ltr'><strong>populi</strong></span> <span class='ocrx_word' id='word_1_832' title='bbox 3302 5633 3570 5688; x_wconf 79' lang='lat' dir='ltr'><strong>cohibere</strong></span> <span class='ocrx_word' id='word_1_833' title='bbox 3615 5631 3699 5686; x_wconf 67' lang='lat' dir='ltr'><strong>ac~</strong></span> 
     </span>
    </p>
   </div>
   <div class='ocr_carea' id='block_1_119' title="bbox 2100 5724 3679 5797">
    <p class='ocr_par' dir='ltr' id='par_1_119' title="bbox 2100 5724 3679 5797">
     <span class='ocr_line' id='line_1_119' title="bbox 2100 5724 3679 5797; baseline -0.003 -15"><span class='ocrx_word' id='word_1_834' title='bbox 2100 5728 2404 5797; x_wconf 87' lang='lat' dir='ltr'><strong>reprimere</strong></span> <span class='ocrx_word' id='word_1_835' title='bbox 2439 5725 2587 5780; x_wconf 86' lang='lat' dir='ltr'><strong>haud</strong></span> <span class='ocrx_word' id='word_1_836' title='bbox 2635 5739 2799 5795; x_wconf 72' lang='lat' dir='ltr'><strong>passa</strong></span> <span class='ocrx_word' id='word_1_837' title='bbox 2841 5725 3200 5791; x_wconf 82' lang='lat' dir='ltr'><strong>simulabant,</strong></span> <span class='ocrx_word' id='word_1_838' title='bbox 3250 5728 3341 5796; x_wconf 89' lang='lat' dir='ltr'><strong>qui</strong></span> <span class='ocrx_word' id='word_1_839' title='bbox 3375 5724 3578 5780; x_wconf 71' lang='lat' dir='ltr'><strong>deinde</strong></span> <span class='ocrx_word' id='word_1_840' title='bbox 3627 5726 3679 5779; x_wconf 90' lang='lat' dir='ltr'><strong>in</strong></span> 
     </span>
    </p>
   </div>
   <div class='ocr_carea' id='block_1_120' title="bbox 2100 5814 3715 5886">
    <p class='ocr_par' dir='ltr' id='par_1_120' title="bbox 2100 5814 3715 5886">
     <span class='ocr_line' id='line_1_120' title="bbox 2100 5814 3715 5886; baseline -0.005 -12"><span class='ocrx_word' id='word_1_841' title='bbox 2100 5819 2243 5874; x_wconf 57' lang='lat' dir='ltr'><strong>ades</strong></span> <span class='ocrx_word' id='word_1_842' title='bbox 2284 5818 2556 5880; x_wconf 87' lang='lat' dir='ltr'><strong>involans,</strong></span> <span class='ocrx_word' id='word_1_843' title='bbox 2605 5817 2741 5871; x_wconf 88' lang='lat' dir='ltr'><strong>alios</strong></span> <span class='ocrx_word' id='word_1_844' title='bbox 2783 5816 3010 5886; x_wconf 86' lang='lat' dir='ltr'><strong>insuper</strong></span> <span class='ocrx_word' id='word_1_845' title='bbox 3047 5817 3198 5873; x_wconf 85' lang='lat' dir='ltr'><strong>cives</strong></span> <span class='ocrx_word' id='word_1_846' title='bbox 3243 5814 3715 5873; x_wconf 80' lang='lat' dir='ltr'><strong>contrucidavit.-</strong></span> 
     </span>
    </p>
   </div>
   <div class='ocr_carea' id='block_1_121' title="bbox 2098 5898 3680 5981">
    <p class='ocr_par' dir='ltr' id='par_1_121' title="bbox 2098 5898 3680 5981">
     <span class='ocr_line' id='line_1_121' title="bbox 2098 5898 3680 5981; baseline -0.007 -12"><span class='ocrx_word' id='word_1_847' title='bbox 2098 5911 2233 5970; x_wconf 87' lang='lat' dir='ltr'><strong>Cum</strong></span> <span class='ocrx_word' id='word_1_848' title='bbox 2288 5911 2354 5967; x_wconf 90' lang='lat' dir='ltr'><strong>ad</strong></span> <span class='ocrx_word' id='word_1_849' title='bbox 2403 5912 2623 5968; x_wconf 87' lang='lat' dir='ltr'><strong>domum</strong></span> <span class='ocrx_word' id='word_1_850' title='bbox 2663 5907 2870 5966; x_wconf 62' lang='grc' dir='ltr'>ΟοοεΙιε</span> <span class='ocrx_word' id='word_1_851' title='bbox 2910 5907 3110 5965; x_wconf 85' lang='lat' dir='ltr'><strong>Zelotis</strong></span> <span class='ocrx_word' id='word_1_852' title='bbox 3159 5909 3533 5981; x_wconf 76' lang='lat' dir='ltr'><strong>praeeuntibus</strong></span> <span class='ocrx_word' id='word_1_853' title='bbox 3587 5898 3680 5959; x_wconf 79' lang='lat' dir='ltr'><strong>ve-</strong></span> 
     </span>
    </p>
   </div>
  </div>
