4048 6450
1548 253 1580 264 ,-

379 397 513 464 1271

1579 397 1901 461 JOANNIS
1944 396 2470 465 CANTACUZENI

3495 405 3632 479 1273

374 519 556 575 gente,
600 506 654 561 in
684 506 1034 579 Selybrianos
1062 507 1238 564 duxit.
1268 508 1568 564 Pbacrases
1598 517 1780 564 autem
1813 524 1934 578 pro-

2052 530 2146 566 τον
2174 513 2657 584 παραθαλασσίους
2694 512 2873 580 πόλεις
2922 513 2952 568 δ
2975 512 3172 579 ἲόντες,
3225 512 3448 572 ἔπεισαν
3486 521 3627 577 ἀπο-
3663 552 3669 559 π

375 609 635 655 tustrat-or
695 601 764 657 ab
816 601 1148 671 imperatore
1204 601 1468 672 Selybriae
1517 618 1641 657 cum
1692 601 1949 673 praesidio

373 691 620 754 relictus,
669 689 1008 762 Selybrianis
1064 690 1357 761 adiunctis,
1412 706 1666 762 egressus
1719 692 1946 763 oppido,

370 778 800 853 Tumprotitzam
869 782 1068 837 eximia
1115 783 1320 839 virtute
1373 783 1597 841 devicit.
1656 784 1949 856 imperitus

304 910 308 915 ρ
370 876 517 930 enim
548 877 640 932 ille
678 878 952 945 locorum,
986 877 1292 946 equitatum
1329 893 1428 949 per
1454 877 1650 942 fossas,
1690 888 1746 934 et
1776 894 1949 950 angu-

318 1020 321 1021 ν
368 973 523 1037 stias,
570 981 624 1028 et
656 971 840 1029 vineta
891 971 1128 1028 ducebat
1160 991 1173 1027 :
1204 972 1352 1029 unde
1386 976 1652 1043 superati,
1712 976 1770 1029 in
1815 989 1949 1031 con-

372 1063 520 1118 llictu
561 1064 720 1134 pauci
761 1063 1055 1129 cadebant,
1108 1062 1265 1118 multi
1312 1062 1696 1135 capiebantur,
1751 1074 1806 1120 et
1853 1064 1943 1119 vix

367 1154 538 1223 aliqui
588 1153 949 1226 effugiebant.
1017 1151 1321 1225 Captorum
1377 1154 1707 1210 illustriores
1774 1154 1944 1210 vincti

366 1246 630 1301 custodiis
673 1247 1122 1309 mandabantur,
1186 1246 1277 1302 alii
1320 1247 1540 1317 spoliati
1593 1248 1948 1303 dimittebant?

369 1348 478 1398 tur,
523 1337 1037 1409 propemodumque
1068 1346 1124 1393 et
1150 1337 1561 1408 Tomprotitzas
1594 1338 1709 1409 ipse
1751 1347 1945 1409 captus

366 1440 469 1484 est.
530 1430 637 1485 Sed
673 1429 811 1500 fuga:
861 1430 1311 1487 commoditatem
1369 1438 1584 1492 nactus,
1617 1445 1743 1484 cum
1788 1430 1921 1499 igno

369 1521 533 1575 minia
583 1522 767 1577 rediit.
801 1521 929 1578 Post
957 1537 1079 1578 eam
1108 1522 1318 1578 cladem
1369 1523 1484 1593 ipse
1532 1522 1800 1593 Byzantii,
1832 1522 1941 1592 jam

365 1629 536 1669 uxore
567 1613 818 1668 Romana
869 1615 1080 1685 potitus
1129 1614 1395 1681 subsedit,
1441 1629 1506 1670 ac
1537 1629 1636 1684 pro
1679 1614 1943 1686 dignitate

362 1707 428 1760 ab
481 1705 837 1775 imperatrice
888 1715 1155 1761 tractatus
1207 1714 1292 1761 est
1334 1722 1349 1760 :
1395 1691 1720 1761 Theodorus
1772 1704 1943 1760 frater

362 1812 488 1850 cum
552 1795 802 1866 reliquiis
852 1797 1089 1852 militum
1148 1798 1372 1854 domum
1432 1798 1770 1869 remigravit.
1835 1797 1938 1854 Se-

358 1889 603 1947 cundum
661 1888 780 1946 haec
834 1888 1248 1948 Orchanes.ad
1304 1893 1697 1963 imperatorem
1752 1891 1943 1947 missis

362 1983 697 2049 oratoribus,
754 1982 875 2053 ejus
921 1984 1088 2040 tiliam
1138 2000 1367 2040 uxorem
1417 1986 1640 2056 poscit:
1673 2000 1837 2055 quam
1895 1986 1941 2040 si

361 2074 606 2134 libenter
650 2078 887 2143 dederit,
919 2078 1088 2159 683
1128 2087 1319 2135 contra
1363 2078 1616 2155 quemvis
1666 2075 1942 2131 liornano—

363 2186 482 2224 rum
516 2174 730 2231 IlOSlem
758 2168 962 2226 auxilia
1007 2168 1286 2242 promittit
1316 2187 1332 2225 :
1366 2182 1468 2223 nec
1497 2174 1607 2222 tam
1646 2168 1718 2223 de
1742 2178 1943 2224 σωτενο

359 2263 479 2320 fure
511 2263 722 2319 socium
774 2273 832 2320 et
887 2262 1150 2330 amicum,
1185 2277 1348 2333 quam
1383 2261 1575 2328 lilium,
1604 2261 1945 2334 impigreque

362 2355 441 2411 illi
469 2371 596 2412 cum
637 2355 899 2411 omnibus
927 2355 1107 2433 copiis
1132 2354 1248 2410 suis
1278 2353 1371 2409 ubi
1405 2352 1664 2421 voluerit,
1703 2354 1941 2409 inservi-

362 2458 565 2505 turum.
599 2446 904 2520 Imperator
931 2463 1108 2517 neque
1135 2447 1467 2520 legationem
1497 2447 1728 2517 sprevit,
1757 2460 1942 2517 neque

358 2541 633 2613 extemplo
664 2540 987 2599 allinitatem
1034 2539 1318 2610 amplexus
1343 2547 1448 2603 est,
1489 2539 1585 2594 sed
1637 2538 1837 2593 leuiter
1876 2548 1943 2593 ac

361 2635 572 2703 placide
604 2635 812 2707 legatos
847 2633 1137 2699 allocutus,
1179 2647 1244 2687 ac
1277 2630 1437 2687 donis
1472 2631 1638 2685 etiam
1678 2644 1939 2701 prosecu-

361 2738 467 2793 tus,
493 2725 658 2797 paulo
690 2735 815 2796 post
845 2725 1013 2780 missa
1044 2724 1317 2795 legatione
1351 2722 1584 2777 Orcbaui
1617 2737 1677 2778 se
1708 2737 1941 2793 respon-

354 2831 548 2874 surum
604 2815 875 2887 promisit.
927 2814 1020 2870 Sic
1057 2813 1222 2885 legati
1273 2813 1550 2869 abierunt.
1603 2813 1941 2883 imperatore

356 2909 653 2971 familiares
736 2916 792 2970 et
864 2919 1126 2978 pr0ceres
1206 2919 1376 2977 super
1448 2903 1727 2960 connubio
1815 2900 1940 2958 filiae

356 3003 708 3065 consulente,
744 3016 937 3056 omnes
982 2999 1138 3071 quasi
1174 3014 1238 3054 ex
1277 2998 1587 3068 composito
1628 2995 1938 3052 Orchanem

353 3096 562 3152 socium
620 3104 678 3151 et
725 3096 985 3152 amicum-
1042 3092 1263 3148 ﬁdelem
1344 3091 1586 3158 habere,
1652 3088 1939 3161 permagni

2056 603 2249 673 στῆναι
2307 604 2615 674 βασιλέως,
2669 607 2764 660 καὶ
2830 608 2894 677 τῇ
2943 606 3178 678 βασιλίδι
3242 617 3620 683 προσχωρεῖν·

2052 694 2287 765 ἤλπισαν
2316 697 2425 767 γὰρ
2474 697 2673 760 αὐτούς
2715 715 2767 752 τι
2804 699 2947 769 μέγα
2996 700 3385 770 κατορθώσειν.
3437 707 3545 760 Καὶ
3587 711 3621 780 ἡ

2053 787 2261 856 βασιλὶς
2299 789 2518 855 ἐδέξατο
2548 791 2675 853 τοὺς
2699 789 2918 860 ἄνδρας,
2957 792 3095 860 μετὰ
3121 792 3319 866 πολλῆς
3341 796 3439 866 τῆς
3462 799 3623 868 seps.

2050 882 2198 945 νείας
2223 882 2316 937 καὶ
2345 883 2534 953 τιμῆς.
2570 885 2662 939 καὶ
2682 885 2782 955 τήν
2810 903 2870 939 τε
2899 888 3239 958 ’Δποκαύχου
3262 893 3352 946 τοῦ
3387 896 3623 962 μεγάλου

2047 972 2240 1039 δουκὸς
2294 974 2572 1046 θυγατέρα
2630 976 2902 1049 συνῴκισε
2948 978 3027 1049 τῷ
3079 981 3486 1055 Τομπροτίτζᾳ,
3530 988 3624 1040 καὶ

2050 1066 2355 1136 στρατηγὸν
2412 1068 2664 1133 ἀπέδειξε
2723 1068 2827 1138 τῆς
2891 1069 3182 1139 Ῥωμαίων
3232 1077 3513 1144 στρατιᾶς.
3558 1074 3618 1129 Ὀ

2046 1158 2241 1229 δὲ,τήν
2270 1176 2331 1211 τε
2349 1160 2558 1213 οἰκείαν
2585 1161 2723 1232 ἔχων
2753 1156 2849 1221 καὶ
2868 1162 2969 1231 τὴν
3009 1162 3320 1233 Ῥωμαίων,
3358 1166 3623 1236 ὲντεστρςὶ.⁸

2045 1263 2205 1300 τευσε
2237 1247 2697 1319 Σηλυμϐριανοῖς,
2722 1247 2984 1318 βασιλέως
3028 1251 3398 1324 Διδυμοτείχῳ
3450 1254 3605 1309 ενδια⁸

2045 1336 2342 1407 τρίϐοντος.
2379 1338 2672 1410 Φακρασὴς
2695 1339 2752 1393 δὲ
2797 1342 2825 1394 ὀ
2855 1344 3297 1414 πρωτοστῷάτωρ
3321 1345 3427 1397 ὑπὸ
3458 1344 3629 1416 βασιηη

2046 1429 2181 1493 λέως
2208 1432 2265 1484 ὲν
2300 1430 2620 1503 Σηλυμϐρίᾳ
2644 1432 3146 1504 καταλελειμμένος
3176 1438 3314 1506 μετὰ
3338 1441 3614 1507 στρατιᾶς,

2046 1518 2186 1590 ἔχων
2239 1520 2333 1573 καὶ
2387 1520 2515 1585 τοὺς
2571 1521 3045 1593 Σηλυμϐριανους,
3106 1525 3463 1594 συνεπλέκετο
3504 1510 3616 1592 τοῖς

2048 1612 2176 1682 περὶ
2207 1612 2627 1684 Τομπροτίτζαν
2650 1613 2909 1683 ἐξελθὼν,
2941 1616 3035 1668 καὶ
3057 1616 3210 1669 ἐνίκα
3237 1616 3381 1671 κατὰ
3399 1619 3623 1689 κράτοςσ

2051 1706 2313 1775 ’Δπειρος
2357 1707 2468 1776 γάρ
2529 1704 2605 1762 ὢν
2659 1708 2688 1760 ὀ
2749 1705 3170 1778 Τομπροτίτςας
3215 1708 3326 1762 τῶν
3384 1711 3623 1782 χωρίων,

2049 1797 2434 1868 ἐστρατήγησε
2464 1798 2673 1865 κακῶς,
2720 1801 2802 1863 εἰς
2834 1800 3073 1871 τάφρους
3120 1803 3214 1853 καὶ
3257 1802 3624 1874 στενοχωρίας

2049 1889 2145 1942 καὶ
2178 1888 2462 1957 ἀμπέλους
2494 1889 2621 1953 τοὺς
2654 1890 2855 1955 ἱππέας
2905 1891 3188 1962 ἐμϐαλών·
3219 1894 3344 1948 ὅθεν
3369 1895 3628 1966 ἡττηθὲν-ι

2046 1996 2157 2043 τες,
2194 1979 2367 2048 ὀλίγοι
2395 1980 2498 2050 μὲν
2524 1981 2800 2038 ἀπέθανον
2835 1987 2978 2040 κατά
2998 1985 3098 2053 τὴν
3120 1985 3305 2055 μάχην
3326 2025 3341 2052 ,
3376 1988 3625 2042 ἑάλωσαν

2041 2071 2104 2126 δὲ
2141 2071 2351 2138 πολλοὶ,
2391 2071 2589 2141 ὀλίγων
2633 2074 2928 2147 διαδρᾶναι
2978 2076 3319 2147 δυνηθέντων
3344 2093 3358 2108 ·
3389 2072 3465 2132 ὧν
3500 2079 3623 2144 τοὺς

2045 2164 2513 2235 ἑπιφανεστέρους
2541 2165 2808 2236 δήσαντες
2856 2162 3006 2238 εἶχον
3052 2170 3113 2223 ὲν
3151 2172 3455 2241 φρουραῖς,
3495 2172 3619 2234 τοὺς

2044 2255 2089 2309 δ’
2119 2256 2313 2319 ἄλλους
2328 2257 2992 2322 ἀποδύσαντες.ὰπέλυον.
3018 2256 3193 2316 Ἦλθε
3220 2262 3278 2315 δὲ
3308 2265 3400 2316 καὶ
3427 2266 3455 2317 ὀ
3480 2264 3615 2333 Top.-

2046 2346 2343 2417 προτίτζας
2402 2347 2570 2417 ἐγγὺς
2606 2348 2836 2416 ἁλῶναι,
2866 2352 3016 2421 ὅμως
3045 2350 3330 2424 διαδρᾶναι
3372 2354 3623 2425 δυνηθεὶς

2043 2439 2347 2510 ἀνέστρεφε
2405 2443 2877 2514 κατῃσχυμμένος
2909 2460 2923 2475 °
2977 2444 3120 2513 μετά
3174 2446 3275 2516 τὴν
3325 2440 3500 2518 ἧτταν
3560 2446 3620 2505 δὲ

2043 2532 2281 2604 ἐκείνην,
2314 2532 2736 2603 Τομπροτίτξας
2765 2534 2865 2605 μὲν
2897 2535 3224 2590 ὑπελείπετο
3251 2538 3307 2589 ὲν
3323 2536 3620 2609 Βυζαντίῳ.

2044 2626 2145 2696 ἠδη
2167 2627 2405 2695 γυναῖκα
2427 2626 2569 2698 ἔχων
2594 2628 2661 2680 ἐκ
2696 2626 3006 2698 Ῥωμαίων,
3058 2631 3154 2683 καὶ
3181 2630 3349 2700 τιμῆς
3381 2630 3617 2692 ἀπέλαυε

2044 2719 2197 2787 παρὰ
2245 2717 2519 2788 βασιλίδος
2541 2719 2643 2789 τῆς
2675 2718 2832 2785 ἀξίας
2852 2736 2865 2749 ·
2897 2720 3173 2791 Θεόδωρος
3207 2720 3266 2775 δὲ
3315 2724 3344 2776 ὀ
3397 2722 3618 2790 ἀδελφὸς

2042 2813 2375 2882 ἀνέστρεφεν
2403 2814 2485 2876 είς
2499 2813 2601 2884 τὴν
2630 2812 2835 2877 οἰκίαν,
2861 2814 2962 2885 τὴν
2989 2814 3459 2887 ὑπολελειμμένην
3481 2816 3618 2887 ἔχων

2044 2906 2332 2974 στρατιάν.
2364 2907 2522 2962 Μετὰ
2553 2905 2715 2960 τοῦτο
2728 2906 3019 2976 ὀρχάνης,
3054 2907 3194 2979 πρὸς
3229 2908 3616 2978 Καντακουξη-

2043 2999 2134 3052 νὺν
2158 2997 2250 3052 τὸν
2280 2998 2508 3069 βασιλέα
2541 2998 2844 3069 πρεσϐείαν
2875 2998 3102 3070 πέμψας
3128 3038 3144 3063 ,
3183 2999 3336 3071 ἠξίου
3365 3000 3617 3055 ὲκδοῦναί

2041 3090 2093 3142 oi
2149 3088 2287 3161 πρὸς
2321 3088 2499 3159 γάμον
2555 3087 2656 3158 τὴν
2706 3088 3019 3159 θυγατέραο
3056 3089 3431 3163 ὲπηγγέλλετό
3457 3106 3518 3143 τε
3567 3089 3619 3143 εἰ

355 3189 620 3251 interesse
671 3189 950 3252 dixerunt.
975 3185 1034 3252 id
1069 3187 1250 3258 ipsum
1293 3185 1421 3241 dein
1471 3199 1570 3255 per
1618 3184 1824 3255 legatos
1871 3197 1934 3237 ex

2044 3184 2407 3254 παράσχοιτο,
2444 3181 2744 3252 προθύμως
2775 3182 3166 3253 συμμαχήσειν
3222 3180 3363 3237 κατὰ
3421 3181 3618 3247 παντὸς

352 3279 581 3334 Amurio‘
633 3276 930 3349 quaesivit,
996 3276 1088 3353 qui
1151 3274 1560 3340 matrimonium
1622 3271 1807 3337 istuc,
1876 3278 1940 3343 ut

353 3371 647 3441 optimum,
678 3370 1028 3441 approbavit,
1057 3367 1486 3439 amnitatemque
1514 3367 1742 3423 minimc
1772 3383 1937 3438 repu-

353 3462 608 3518 diandam
642 3460 879 3519 censuit.
913 3460 1223 3516 Amicitiam
1259 3461 1407 3516 enim
1457 3472 1517 3515 et
1555 3458 1938 3530 propinquita-

351 3562 463 3612 tem
488 3554 649 3610 istam
673 3552 925 3620 Barbari,
951 3552 1042 3623 qui
1069 3551 1336 3607 adversus
1353 3550 1540 3605 hostes
1562 3547 1936 3604 Romanorum

351 3648 582 3703 multum
613 3656 825 3719 posset,
870 3645 1248 3715 maximopere
1280 3644 1386 3714 ipsi
1419 3642 1785 3713 profuturam.
1820 3639 1935 3696 Etsi

347 3740 496 3795 enim
535 3739 589 3794 in
626 3738 921 3811 praesentia
974 3737 1042 3793 ad
1090 3737 1294 3791 bellum
1339 3744 1530 3790 contra
1579 3732 1937 3804 bonwpbylos

342 3834 454 3902 jam
521 3831 860 3907 depressos,
920 3839 975 3886 et
1039 3829 1108 3884 ad
1167 3827 1531 3883 resistendum
1590 3824 1932 3893 imbecilles,

349 3923 716 3979 Barbarorum
769 3939 872 3995 ope
924 3939 1036 3985 non
1089 3916 1326 3992 egeret:
1371 3930 1428 3976 at
1473 3928 1623 3974 certe
1671 3921 1717 3974 si
1766 3919 1935 3975 totius

348 4015 562 4086 imperii
631 4016 863 4072 Romani
924 4027 1120 4088 potens
1186 4013 1649 4083 fuerit,,contra
1717 4013 1932 4069 vicinos

347 4105 607 4176 dynastas
633 4148 647 4173 ,
679 4108 774 4178 qui
805 4161 814 4169 ,
846 4116 998 4169 tanta
1057 4106 1200 4160 ultro
1250 4104 1577 4159 detrimenta
1632 4100 1887 4159 dederint
1914 4144 1930 4168 ,

346 4196 659 4267 multasque
693 4197 857 4253 urbes
886 4212 952 4253 ac
983 4197 1237 4267 regiones
1264 4212 1292 4251 a
1321 4197 1634 4268 principatu
1684 4197 1934 4256 [inritatio

304 4288 317 4345 ἶ
343 4288 664 4357 avulserint,
690 4288 911 4344 Persico
935 4288 1130 4345 robore
1157 4304 1293 4361 opus
1317 4275 1650 4346 habiturum.
1683 4290 1930 4346 Atlirma-

344 4381 435 4435 bat
463 4380 647 4455 igitur,
691 4381 837 4436 scire
864 4394 946 4445 se,
979 4378 1291 4436 Orcbanem
1345 4385 1661 4453 neutiquam
1704 4384 1932 4440 omnino

345 4485 453 4529 tam
485 4473 714 4537 eﬂ'usam
760 4474 819 4534 in
850 4474 1241 4545 imperatorem
1288 4476 1732 4539 benetolentiam
1766 4495 1931 4534 nava-

343 4577 546 4629 turum.
579 4584 747 4637 quam
792 4569 910 4639 ipse
941 4577 1199 4631 navasset
1223 4587 1246 4624 -:
1279 4572 1577 4641 cmteroqui
1616 4572 1772 4627 illum
1816 4588 1930 4627 non

347 4659 641 4716 'dilliculter
682 4676 847 4732 posse
874 4677 1220 4730 succurrere,
1257 4681 1381 4720 cum
1423 4665 1525 4721 sibi
1563 4681 1662 4736 per
1692 4666 1926 4720 alienant

345 4753 685 4823 provinciam
718 4753 887 4809 multa
915 4770 1038 4811 rum
1075 4755 1395 4815 dilﬁcultatc
1428 4757 1496 4812 ad
1545 4772 1669 4812 cum
1703 4758 1928 4812 venien-

340 4841 472 4895 dum
532 4842 650 4909 sit;
715 4851 771 4897 et
824 4844 913 4913 qui
973 4844 1077 4899 sibi
1129 4847 1552 4911 continentem,
1619 4860 1651 4900 e
1706 4846 1929 4918 regione

345 4933 638 4989 Thraciam
687 4936 1076 5006 respicientem
1111 4937 1471 5003 subdidisset,
1518 4938 1670 4992 nullo
1712 4938 1926 5007 labore,

340 5027 560 5098 quando
608 5028 792 5094 vellet,
844 5045 1004 5102 opem
1055 5030 1369 5085 allaturum.
1429 5030 1538 5087 llas
1589 5034 1658 5087 ob
1706 5047 1923 5101 causas,

337 5120 589 5187 quamvis
636 5120 845 5191 alioqui
897 5137 1009 5177 non
1064 5123 1137 5175 ita
1178 5121 1413 5189 ,liberct,
1467 5123 1808 5194 atilnitatem,
1866 5136 1927 5183 ut

330 5210 600 5268 Romanis
625 5213 994 5282 utilissimam,
1019 5227 1144 5268 cum
1168 5228 1235 5268 eo
1252 5215 1592 5286 iungendam
1631 5218 1919 5288 suadebat,

338 5306 591 5371 addens,
663 5307 719 5360 in
796 5306 1007 5361 nullum
1068 5305 1278 5371 crimen
1348 5308 1921 5377 ideoincursurum‘,

335 5396 608 5467 siquidem
640 5412 749 5451 non
776 5397 934 5467 pauci
964 5386 1309 5467 superiorum
1342 5409 1649 5471 temporum
1683 5403 1892 5474 impera

338 5500 525 5554 tores,
592 5505 704 5560 quo
764 5489 1109 5565 subditorum
1170 5492 1478 5548 rationibus
1528 5495 1920 5565 providerent,

341 5579 558 5653 Scythis
620 5590 674 5637 et
730 5581 852 5636 aliis
913 5562 1239 5651 quibusdam
1298 5562 1551 5642 Barbaris
1602 5585 1740 5643 ﬁlias
1794 5604 1923 5643 suas

347 5672 798 5743 deSpondissent.
840 5674 950 5728 lloc
999 5677 1097 5730 luit
1150 5680 1360 5732 Amurii
1398 5680 1714 5745 consilium.
1750 5681 1922 5751 Cujus

345 5765 516 5818 animi
568 5766 892 5821 modestiam
943 5769 1244 5824 admiratus
1272 5780 1367 5841 .est
1413 5771 1735 5842 imperator,
1775 5777 1921 5842 quod

334 5856 715 5924 conﬁteretur,
762 5859 1073 5917 (lrcbanem
1108 5877 1167 5916 sc
1215 5862 1336 5935 ipso
1384 5866 1621 5935 amplius
1667 5868 1913 5937 profutu-

2045 3275 2308 3345 πολεμίου
2341 3276 2456 3336 τοῖς
2495 3273 2791 3343 Ῥωμαίοις
2813 3291 2829 3309 '
2856 3274 3044 3329 οὐκέτι
3075 3276 3184 3346 γὰρ
3212 3272 3431 3329 ἔσεσθαι
3484 3272 3615 3344 σύμ-

2045 3384 2221 3439 μαχον
2250 3367 2359 3422 καί
2379 3366 2558 3435 φίλον,
2592 3364 2731 3421 ἀλλὰ
2759 3368 2896 3432 υίδν,
2935 3366 3030 3420 καὶ
3067 3364 3363 3436 προθύμως
3399 3362 3618 3419 δουλεύο

2042 3475 2158 3513 σειν
2188 3459 2353 3512 αὐτόν
2392 3475 2454 3512 τε
2509 3460 2605 3514 καὶ
2655 3458 2756 3529 τὴν
2798 3456 3097 3529 σύμπασαν
3158 3456 3416 3527 στρατιάν
3446 3450 3503 3510 οἷ
3543 3454 3613 3510 ἄν

2041 3547 2277 3602 κελεύοι.
2308 3547 2579 3613 Βασιλεὺς
2609 3549 2668 3604 δὲ
2706 3547 2833 3603 οὔτε
2865 3548 3145 3603 ἀπείπατο
3172 3547 3272 3618 τὴν
3301 3546 3615 3619 πρεσϐείαν.

2036 3639 2156 3693 οὔτ’
2203 3640 2369 3705 εὐθὺς
2433 3639 2690 3695 συνέθετο
2737 3641 2879 3713 πρὸς
2927 3641 3027 3712 τὴν
3086 3641 3420 3712 ιπιγαμίανο
3481 3639 3616 3695 ἀλλά

2040 3735 2334 3808 προσηνῶς
2365 3752 2426 3789 τε
2456 3737 2553 3791 καὶ
2574 3735 2799 3807 ἡμέρως
2814 3737 2929 3800 τοῖς
2958 3734 3226 3805 πρέσϐεσι
3248 3736 3616 3808 χρηματίσας,

2039 3829 2136 3882 καὶ
2171 3827 2326 3900 δῶρα
2363 3830 2809 3899 παρασχόμενος,
2841 3827 2940 3884 νῦν
2977 3827 3077 3898 μὲν
3106 3827 3262 3896 ἔλεγε
3299 3829 3465 3899 μηδὲν
3488 3829 3616 3882 ἁποο

2037 3920 2363 3993 κρινεῐσθαι,
2395 3920 2626 3993 ὕστερον
2658 3921 2716 3975 δὲ
2735 3920 2904 3992 ὀλίγῳ
2928 3920 3154 3991 πέμψας
3176 3920 3617 3993 πρεσϐείαν,·τὴν

2034 4014 2329 4085 ἀπόκρισιν
2358 4012 2710 4085 ποιήσεσθαι.
2732 4014 2797 4068 Οἱ
2827 4013 2928 4084 μὲν
2979 4012 3326 4085 οὗνὉρχάνη
3363 4013 3617 4084 πρέσϐεις

2035 4110 2373 4180 ἀνέστρεφον
2408 4109 2492 4173 είς
2528 4107 2629 4179 τὴν
2666 4107 2870 4164 οίκίαν.
2917 4108 3181 4173 Βασιλεὺς
3229 4109 3287 4165 δὲ
3338 4112 3475 4179 μετά
3507 4108 3617 4164 τῶν

2034 4202 2253 4255 οἰκείων
2273 4200 2500 4256 καὶτῶν
2519 4203 2578 4255 ιν
2603 4201 2754 4255 τέλει
2800 4200 3124 4256 ἐϐουλεύετο
3145 4202 3276 4272 περὶ
3301 4201 3395 4256 τοῦ
3414 4202 3616 4271 γάμου,

2034 4297 2082 4348 εί
2122 4294 2228 4366 χρὴ
2259 4295 2364 4363 τὴν
2417 4294 2694 4368 θυγατέρα
2740 4294 2818 4364 τῷ
2882 4294 3114 4365 Ὀρχάνῃ
3174 4293 3463 4362 ἐκδιδόναι,
3518 4295 3615 4347 καὶ

2033 4385 2237 4448 πάντες
2264 4384 2456 4456 ὥσπερ
2508 4385 2575 4438 ὲκ
2604 4382 2970 4455 συνθήματος,
3007 4384 3298 4455 κράτιστον
3331 4376 3468 4435 εἶναι
3500 4382 3616 4435 He-

2035 4494 2132 4543 γον
2169 4478 2442 4549 Ὀρχάνην
2496 4477 2646 4548 ἔχειν
2692 4476 2986 4549 σύμμαχον
3017 4477 3112 4531 καὶ
3163 4476 3319 4546 φίλον
3374 4475 3613 4546 βέϐαιον.

2036 4570 2301 4634 Βασιλεὺς
2338 4571 2395 4624 δὲ
2425 4571 2520 4625 καὶ⁸
2553 4569 2694 4640 πρὸς
2735 4570 2940 4640 ’Δμίιὺρ
2985 4568 3287 4640 πρεσϐείαν
3320 4567 3540 4638 πέμψας
3562 4568 3613 4620 εί

2032 4662 2217 4732 δοκοίη
2254 4661 2466 4733 βέλτιον
2494 4658 2639 4716 εἶναι
2658 4661 2754 4716 καὶ
2779 4659 2930 4730 αὐτῷ
2951 4659 3050 4731 τὴν
3073 4659 3354 4729 θυγατέρα
3385 4648 3637 4713 συνοικίί

2033 4755 2149 4819 ζειν
2179 4753 2516 4811 ἐπυνθάνετο
2550 4752 2812 4824 Ὀρχάνῃο.
2865 4751 2929 4805 '0
2962 4752 3020 4805 δὲ
3057 4751 3281 4821 ἄριστον
3304 4750 3615 4821 ήγείτο,καὶ

2034 4843 2393 4896 συνεϐούλευε
2421 4841 2676 4913 δέχεσθαι
2703 4842 2765 4896 τὸ
2813 4842 2995 4914 κῆδος.
3046 4840 3300 4895 Μάλιστα
3326 4840 3433 4911 γάρ
3461 4839 3610 4909 αὐτῷ

2030 4933 2331 4999 λυσιτελεῖν
2365 4935 2466 5007 τὴν
2495 4934 2682 5004 φιλίαν
2734 4934 2832 4995 καὶ
2868 4935 2970 5003 τὴν
3007 4934 3320 5002 οἰκειότητα
3351 4932 3447 4987 τοῦ
3481 4933 3614 5003 βαρ·

2030 5032 2204 5103 ϐάρου
2259 5031 2475 5103 μεγάλα
2529 5030 2834 5101 δυναμένου
2876 5031 3109 5100 ὠφελεῖν
3135 5030 3277 5092 κατὰ
3328 5028 3440 5083 τῶν
3480 5028 3605 5080 Ῥω-

2033 5124 2214 5192 μαίοις
2230 5125 2531 5194 πολεμίων.
2557 5125 2619 5177 Ei
2635 5123 2746 5193 γάρ
2766 5122 2860 5185 καὶ
2882 5123 2959 5194 μὴ
2980 5122 3153 5177 δέοιτο
3180 5120 3300 5178 νυνὶ
3322 5120 3614 5191 βαρϐάρων

2030 5220 2167 5291 πρὸς
2195 5219 2289 5274 τὸν
2334 5219 2447 5275 τῶν
2476 5219 2768 5290 ὁμοφύλων
2814 5218 3078 5290 πόλεμον,
3124 5216 3610 5285 τεταπεινωμένων

2027 5313 2127 5382 ἤδη
2154 5312 2247 5366 καὶ
2281 5311 2356 5383 μὴ
2384 5312 2698 5383 δυναμένων
2741 5308 3231 5366 ἀντικαθίστασθαι
3276 5306 3450 5377 αύτῷ,
3490 5305 3609 5360 ἀλλ’

2025 5404 2120 5459 οὖν
2153 5407 2204 5459 εί
2236 5407 2387 5459 πᾶσα
2426 5407 2459 5477 ή
2501 5404 2796 5475 Ῥωμαίων
2834 5402 2930 5458 ὐπ’
2960 5402 3124 5456 αὑτὸν
3160 5401 3375 5470 γένοιτο
3400 5401 3611 5470 ἡγεμοφ

2029 5498 2138 5563 νία,
2166 5486 2303 5567 πρὸς
2326 5500 2452 5560 τοὺς
2480 5498 2713 5569 ὁμόρους
2734 5496 3004 5559 δυνάστας
3030 5493 3320 5564 δεήσεσθαι
3351 5492 3449 5562 τῆς
3474 5492 3613 5559 Περ·

2027 5592 2186 5661 σνκῆς
2221 5592 2529 5661 δυνάμεως,
2558 5590 2729 5644 πολλά
2761 5590 3097 5662 ἠδικηκότας
3145 5590 3246 5643 καὶ
3276 5588 3459 5659 χώρας
3507 5586 3610 5656 τῆς

2046 5683 2336 5753 Ῥωμαίων
2374 5682 2938 5755 παρασπασαμένους.
2973 5680 3187 5734 Είδέναι
3229 5681 3327 5749 μὲν
3357 5675 3450 5733 οὖν
3476 5679 3609 5748 ἔφαν

2037 5793 2185 5842 σκεν,
2233 5776 2309 5840 ὡς
2339 5777 2453 5829 οὐδ’
2482 5775 2548 5829 ἂν
2585 5777 2641 5829 εἴ
2682 5793 2733 5829 τι
2765 5776 2980 5843 γένοιτο
3031 5774 3305 5843 τοσαύτην
3346 5772 3613 5842 Ὄρχάνης

2029 5867 2241 5924 εὔνοιαν
2276 5868 2644 5934 ἐπιδείξεσθαι
2681 5868 2921 5935 δύναιτο.
2943 5870 3076 5942 ὅσην
3106 5868 3266 5933 αὐτὸς
3298 5866 3433 5938 πρὸς
3462 5865 3607 5938 βασθν
