4048 6432
441 428 577 510 tzia
689 492 693 496 .

1557 400 2102 507 ntsroamnun
2140 446 2373 508 LIBER
2416 446 2528 509 IlI.

3512 419 3696 544 ‘1271-

432 555 553 611 λέα.
601 553 741 609 Ἀλλ’
765 552 857 607 οῦν
880 552 1119 623 εὐχερῶς
1147 552 1353 606 ἐκεῖνον
1375 552 1519 623 ἔχειν
1554 554 1771 624 βοηθεῖν
1794 571 1808 586 ⁸
1840 555 2001 610 αὐτὸν

2108 572 2250 620 rum,
2279 567 2333 613 et
2371 560 2651 614 sincerum
2686 556 3087 626 candidumque
3128 567 3340 628 pectus.
3372 532 3527 626 quod
3558 571 3680 627 qua:

435 647 493 700 δὲ
521 645 724 716 πολλῆς
749 644 955 698 δεῖσθαι
982 646 1393 714 πραγματείας,
1428 644 1516 701 διὰ
1545 646 1834 718 ἀλλοτρίας
1866 647 2007 718 πρὸς

436 737 598 790 αὐτὸν
632 736 780 789 ίθντα
795 737 900 804 γῆς
924 751 938 767 ⁸
982 737 1217 810 Ὀρχάνῃ
1249 736 1306 791 δὲ
1332 735 1431 805 τὴν
1467 738 1766 809 ἀντιπέραν
1780 740 2005 811 Θρᾴκης

434 830 661 900 ἤπειρον
689 829 779 896 ὑφ’
810 827 1000 882 ἑαυτὸν
1046 829 1420 898 πεποιημένῳ,
1489 830 1675 901 ῥᾴδιον
1726 827 1867 884 εἶναι
1914 832 2003 884 ὅτε

436 920 679 1000 βούλοιτο
734 919 927 989 ῥᾳδίαν
965 919 1241 972 ποιεῖσθαι
1293 920 1392 990 τὴν
1444 922 1802 991 ἐπικουρίαν·
1856 922 1924 975 δι’
1967 921 2005 977 ἃ.

439 1012 786 1067 συνεϐούλευε
840 1012 900 1064 τὸ
930 1012 1088 1081 κῆδος
1115 1012 1374 1080 ἐκτελεῖν,
1412 1012 1489 1075 ὡς
1518 1015 1584 1068 τὰ
1612 1015 1877 1086 κράτιστα
1908 1017 2002 1068 λυ-

437 1103 719 1171 σιἐελῆσον
749 1105 862 1165 τοῖς
909 1103 1227 1171 Ῥωμαίοις,
1278 1104 1384 1157 κᾶν
1414 1105 1489 1175 μὴ
1531 1108 1624 1158 καὶ
1668 1107 1812 1160 πάνυ
1863 1107 2009 1161 κατά

436 1194 662 1264 γνώμην
685 1190 742 1266 ᾖ,
773 1195 924 1247 οὐδὲν
951 1195 1005 1246 δὲ
1029 1196 1276 1262 ποιήσειν
1294 1197 1441 1262 ἀξιον
1475 1198 1674 1262 αἰτίας,
1705 1199 1757 1251 εί
1779 1200 1871 1252 καὶ
1898 1201 2008 1253 τῶν

434 1289 544 1356 πρὸ
572 1287 739 1340 αὐτοῦ
774 1286 1235 1355 βεϐασιλευκότων
1287 1289 1388 1340 οὐκ
1414 1289 1586 1354 ὀλίγοι
1622 1290 1858 1354 Σκύθαις
1908 1295 2007 1346 καὶ

434 1380 614 1442 ἄλλοις
636 1381 748 1433 τισὶ
789 1378 1087 1449 βαρϐάροις
1121 1379 1221 1441 τὰς
1261 1379 1571 1450 θυγατέρας
1602 1383 1876 1449 ἐξέδωκαν
1905 1386 2006 1449 τὰς

432 1472 640 1526 ἑαυτῶν
680 1473 816 1542 πρὸς
862 1471 925 1524 τὸ
972 1472 1281 1526 λυσιτελοῦν
1309 1476 1422 1537 τοῖς
1454 1474 1738 1544 ὑπηκόοις.
1771 1477 2008 1533 Τοιαῦτα

435 1564 534 1633 μὲν
560 1565 588 1616 ὁ
629 1563 835 1633 ’Δμοὺρ
862 1563 1122 1634 παρῄνει.
1174 1565 1439 1628 Βασιλεὺς
1487 1567 1548 1618 δὲ
1578 1567 1638 1619 τό
1668 1584 1728 1620 τε
1786 1570 2007 1639 μέτριον

429 1652 521 1706 τοῦ
582 1653 927 1723 φρονήματος
986 1651 1293 1722 ἐθαύμαζεν
1364 1653 1568 1724 ’Ᾱμοὺρ
1607 1655 1688 1707 ὅτι
1739 1656 2006 1726 Ὀρχάνην

427 1743 594 1798 αὐτοῦ
659 1744 860 1812 μᾶλλον
907 1744 1176 1813 ὡμολόγει
1210 1745 1528 1807 λυσιτελεῖν,
1585 1748 1771 1799 καὶτὸ
1818 1748 2006 1802 ἄδολον

343 1885 353 1896 ,
426 1837 521 1889 καὶ
561 1836 803 1907 καθαρὸν
832 1836 935 1905 τῆς
988 1833 1236 1906 γνώμης,
1274 1839 1356 1890 ὅτι
1403 1837 1439 1891 ἂ
1472 1838 1645 1891 ῡδόκει
1672 1838 1998 1901 λυσιτελεῖν,

406 1928 525 1993 ,οῦκ
555 1926 962 1996 ἀπεκρύπτετο,
1018 1928 1116 1981 καὶ
1149 1929 1397 1981 ὲπεέθετο
1438 1929 1573 1999 πρὸς
1606 1930 1705 2001 τὴν
1730 1933 1999 1999 παραίνε-

426 2033 534 2071 σιν.
586 2018 821 2087 Πέμψας
867 2018 923 2071 δὲ
973 2018 1269 2088 πρεσϐείαν
1311 2021 1448 2090 πρὸς
1499 2020 1784 2091 Ὀρχάνην,
1815 2025 1914 2092 τήν
1940 2042 2001 2076 τε

376 2135 384 2142 -
426 2108 706 2179 θυγατέρα
745 2110 1118 2178 κατηγγυᾶτο,
1177 2113 1272 2165 καὶ
1303 2112 1567 2182 στρατιὰν
1605 2116 1825 2169 ἐκέλευε
1862 2119 1997 2187 πέμ-

424 2217 573 2265 πειν,
631 2200 755 2270 ἥτις
798 2201 917 2267 ἄξει
973 2202 1075 2271 τὴν
1133 2204 1370 2271 γυναῖκα
1424 2204 1565 2275 πρὸς
1625 2206 1809 2261 αὐτόν.
1866 2207 1923 2260 ὐ
1955 2207 1999 2261 δ’

424 2289 673 2360 ἔπεμπεν
691 2290 887 2344 αὐτίκα
926 2292 1060 2372 ναῦος
1089 2311 1146 2346 τε
1173 2296 1491 2363 τριάκοντα,
1539 2300 1633 2353 καὶ
1674 2298 1876 2362 ἱππέας
1900 2302 2002 2354 οὐκ

422 2384 660 2452 ὀλίγους,
712 2386 805 2436 καὶ⁵
860 2384 990 2448 τοὺς
1050 2388 1508 2457 ἐπιφανεστέρους
1543 2389 1651 2443 τῶν
1697 2390 1997 2445 ὐπάὐτόν.

423 2474 687 2537 Βασιλεύς
724 2491 782 2527 τε
809 2475 945 2545 μετά
974 2476 1075 2545 τῆς
1116 2479 1377 2546 στρατιᾶς
1421 2476 1709 2548 Ῥωμαίων
1755 2480 1855 2550 ὅση
1907 2477 1996 2552 ἦν.

420 2557 559 2634 ἧκεν
584 2564 668 2626 είς
720 2564 1070 2634 Σηλυμϐρίαν
1131 2566 1269 2636 μετὰ
1303 2568 1564 2633 γυναικὸς
1595 2568 1695 2637 τῆς
1730 2569 1999 2641 βασιλίδος

423 2657 518 2709 καὶ
560 2657 671 2710 τῶν
703 2656 1040 2728 θυγατέρων,
1100 2659 1194 2712 καὶ
1223 2658 1444 2712 ἐκέλευε
1484 2663 1589 2731 πρὸ
1625 2663 1725 2731 τῆς
1792 2662 2000 2727 πόλεως

423 2748 484 2800 ἐν
508 2747 587 2817 τῷ
623 2747 792 2817 πεδίῳ
824 2748 1100 2818 πρόκυψιν
1134 2754 1309 2803 ποιεῖν
1356 2753 1419 2804 ἐκ
1447 2751 1641 2819 ξύλων,
1684 2753 1753 2806 ἵν’
1780 2756 1869 2807 ἐπ’
1897 2755 1999 2808 αύ-

420 2837 580 2908 τὴνη
614 2836 877 2907 βασιλέως
904 2842 1288 2911 νυμφευομένη
1325 2841 1572 2912 θυγάτηρ
1625 2845 1822 2909 στᾶσα,
1861 2850 1996 2899 πᾶσι

421 2927 635 2996 γένοιτο
660 2929 998 3000 καταφανής.
1033 2928 1194 2983 υῦτω
1226 2932 1336 3000 γὰρ
1362 2931 1485 2994 ἔθος
1517 2931 1660 2986 εἶναι
1693 2937 1805 2997 τοῖς
1838 2936 1996 3006 βασι-

422 3019 578 3073 λεῦσι
606 3022 778 3073 ποιεῖν
806 3021 900 3073 ἐπὶ
925 3023 1043 3084 ταῖς
1072 3021 1379 3093 θυγατράσι
1412 3025 1548 3092 πρὸς
1579 3029 1757 3095 γάμον
1787 3028 1964 3098 ἀγομέ
1984 3058 1996 3067 -

2109 648 2415 704 conducere
2447 645 2700 718 putabat,
2735 664 2839 704 non
2891 648 3174 704 tacuisset.
3217 647 3405 717 Itaque
3437 648 3680 716 comple-

2107 745 2262 793 ctens
2291 737 2411 807 ejus
2446 736 2800 803 sententiam,
2850 753 2949 807 per
2994 737 3202 807 legatos
3229 735 3465 793 Orcltani
3512 734 3675 788 ﬁliam

2107 828 2429 896 despondet,
2490 828 2849 897 hortaturque
2904 829 2983 883 uti
3041 842 3333 882 numerum
3382 827 3675 881 militarem

2108 922 2390 985 mitteret,
2461 937 2581 991 qua:
2630 936 2893 992 sponsam
2954 921 3277 976 adduceret.
3347 919 3450 986 Qui
3514 932 3681 973 naves

2108 1013 2351 1083 triginta,
2370 1023 2425 1069 et
2451 1014 2697 1084 equitum
2725 1029 2983 1084 magnam
3002 1013 3134 1079 vim,
3162 1021 3327 1080 atque
3347 1028 3377 1066 e
3403 1009 3678 1082 provinci:

2109 1121 2207 1162 sua
2241 1106 2392 1162 viros
2421 1107 2788 1162 nobilissimos
2819 1107 2968 1162 illico
2994 1104 3163 1161 misit.
3184 1104 3353 1176 684
3377 1105 3681 1175 Imperator

2108 1212 2230 1251 cum
2286 1204 2401 1252 toto
2460 1198 2700 1252 exercitu
2757 1197 3026 1263 Romano,
3093 1212 3331 1264 cumque
3400 1211 3569 1251 uxore
3622 1204 3676 1249 et

2108 1289 2322 1344 ﬁliabus
2378 1289 2680 1359 Selybriam
2749 1289 3074 1360 profectus,
3137 1288 3190 1341 in
3260 1288 3489 1355 planitie
3547 1300 3675 1343 ante

2108 1381 2298 1435 urbem
2348 1379 2649 1434 tabulatum
2704 1380 2945 1451 ligneum
2997 1380 3227 1439 excitari
3273 1379 3461 1447 jussit,
3509 1393 3675 1449 super

2106 1486 2214 1542 quo
2271 1478 2510 1539 nuptura
2562 1471 2672 1525 ﬁlia
2718 1471 3073 1536 consistens,
3141 1471 3558 1539 conspiceretur
3609 1467 3678 1522 ab

2107 1560 2385 1614 omnibus.
2416 1562 2570 1615 llunc
2591 1558 2738 1614 enim
2768 1574 2975 1614 morem
3000 1561 3363 1629 imperatores
3386 1559 3681 1612 servabant

2106 1651 2160 1706 in
2192 1652 2423 1717 ﬁliabus,
2458 1667 2582 1706 cum
2613 1651 2680 1706 ad
2710 1651 2930 1721 nuptias
2963 1649 3300 1705 abducenda:
3330 1647 3672 1718 esseut(65).
3708 1662 3711 1667 ‘

2108 1743 2310 1797 Deinde
2333 1754 2388 1798 et
2424 1744 2837 1811 imperatorium
2872 1742 3281 1798 tabernaculum
3313 1755 3483 1810 prope
3514 1739 3677 1795 statui

2107 1835 2406 1889 mandavit.
2471 1836 2684 1900 Quibus
2749 1834 2993 1904 paratis,
3056 1832 3373 1903 imperatrix
3450 1841 3506 1886 et
3557 1832 3681 1886 ﬁliae

2106 1925 2327 1990 ibidem,
2361 1928 2665 1994 imperator
2688 1926 2743 1979 in
2771 1927 2969 1980 castris
2996 1932 3215 1979 noctem
3244 1925 3378 1996 egit.
3409 1924 3681 1979 Postridie

2105 2015 2453 2084 imperatrice
2476 2034 2599 2070 cum
2631 2017 2774 2071 binis
2805 2017 3019 2071 ﬁliabus
3044 2017 3097 2069 in
3130 2015 3368 2070 tentorio
3394 2023 3673 2079 manente,

2102 2120 2301 2174 sponsa
2344 2106 2629 2163 Tbeodora
2681 2108 2981 2163 tabulatum
3033 2106 3378 2171 conscendit,
3423 2106 3541 2161 solo
3573 2106 3677 2159 im-

2104 2210 2357 2272 peratore
2391 2215 2532 2270 equo
2563 2200 2858 2265 insidente,
2895 2199 3110 2254 caeteris
3136 2198 3204 2252 ad
3237 2213 3404 2251 unum
3449 2198 3679 2252 astantis

2106 2285 2404 2348 bus.‘l’um
2451 2292 2891 2363 pcuipetasmatis
2936 2293 2992 2347 in
3026 2291 3257 2347 circuitu
3307 2291 3503 2346 ablatis
3536 2291 3680 2360 (erat

2101 2386 2250 2440 enim
2305 2384 2606 2439 tabulatqu
2667 2384 2922 2454 appensis
2974 2398 3039 2439 ex
3090 2383 3242 2438 omni
3288 2391 3442 2452 parte
3484 2380 3678 2436 aulaeis

2102 2475 2314 2538 sericis,
2350 2482 2404 2529 et
2435 2489 2566 2528 auro
2597 2473 2908 2528 intertextis
2953 2469 3257 2540 ornatum),
3288 2485 3491 2541 sponsa
3537 2485 3674 2524 con-

2101 2574 2289 2636 specta
2336 2573 2442 2631 est,
2475 2566 2666 2621 dextra
2700 2566 2943 2634 laevaque
2993 2564 3242 2619 accensis
3291 2561 3672 2631 lampadibus,

2102 2669 2238 2724 quas
2295 2654 2535 2710 eunuchi
2606 2654 2661 2707 in
2721 2667 2897 2725 genua
2970 2651 3321 2706 subsidentes
3387 2650 3670 2703 tenebant.

2104 2746 2459 2803 Resonabant
2481 2746 2629 2800 tubae
2662 2753 2716 2800 et
2747 2745 2892 2799 tibiae
2924 2757 2986 2798 ac
3034 2741 3231 2796 ﬁstulae
3269 2742 3590 2810 plurimum,
3618 2748 3677 2794 et

2101 2852 2442 2908 quamcunque
2493 2835 2561 2891 ad
2618 2850 2781 2890 aures
2823 2834 3178 2890 oblectandas
3231 2832 3300 2886 ab
3364 2831 3678 2887 hominibus

2100 2928 2465 2981 instrumenta
2491 2929 2700 2981 musica
2725 2927 3035 2996 excogitata
3063 2935 3214 2979 sunt.
3247 2923 3318 2978 lis
3342 2922 3673 2985 tacentibus,

2096 3035 2351 3080 cantores
2397 3038 2426 3076 a
2460 3022 2636 3089 poetis
2688 3021 2879 3075 laudes
2925 3021 2979 3073 in
3030 3032 3287 3088 sponsam
3335 3019 3671 3085 compositas

422 3128 561 3176 ναις.
615 3112 851 3190 Ἔπειτα
907 3113 1125 3166 ἐκέλευε
1172 3118 1264 3167 καὶ
1309 3118 1410 3184 τὴν
1460 3115 1749 3188 βασιλικὴν
1790 3119 1996 3190 σκηνὴν

2104 3115 2536 3170 modulabantnr.
2585 3111 2785 3167 Finitis
2828 3112 3166 3166 solemnibus
3217 3107 3508 3169 universis,
3555 3119 3676 3174 qum

420 3204 589 3272 ἐγγὺς
611 3203 787 3274 ίσεᾷν.
828 3202 981 3257 Ἐπεὶ
1011 3203 1065 3257 δὲ
1097 3199 1237 3274 ἦσαν
1265 3208 1785 3278 παρεσκευασμένα,
1828 3212 1862 3280 ἡ
1892 3211 1992 3280 βαρ

2104 3208 2495 3278 imperatorum
2571 3204 2828 3267 ﬁliabus,
2903 3192 3027 3257 cum
3091 3208 3346 3287 nuptum.
3380 3200 3675 3260 darentur,

422 3292 563 3358 om;
585 3292 687 3364 μὲν
716 3293 858 3361 μετά
886 3292 995 3348 τῶν
1017 3294 1333 3368 θυγατέρων
1361 3299 1454 3350 ἐπὶ
1477 3298 1580 3369 τῆς
1608 3299 1814 3371 σκηνῆς
1844 3302 1998 3372 ηὐλί-

424 3401 556 3440 σατο
578 3384 675 3456 τὴν
696 3385 891 3450 νύκτα,
935 3386 1030 3439 καὶ
1057 3387 1085 3439 ὁ
1143 3386 1395 3457 βασιλεὺς
1429 3392 1565 3457 μετά
1589 3391 1688 3461 τῆς
1715 3397 1994 3463 στρατιᾶς.

386 3504 403 3521 η
425 3479 518 3543 El;
555 3479 656 3550 τὴν
686 3479 982 3548 ὑστεραίαν
1029 3478 1085 3532 δὲ
1116 3479 1327 3547 βασιλὶς
1360 3482 1460 3551 μὲν
1508 3481 1726 3552 ἔμεινεν
1777 3484 1872 3537 ἐπὶ
1897 3485 1998 3554 τῆς

424 3570 632 3638 σκηνῆς
667 3570 806 3640 μετὰ
829 3569 937 3622 τῶν
967 3570 1263 3623 ἐπιλοίπων
1294 3571 1386 3624 δύο
1419 3573 1757 3644 θυγατέρων,
1789 3575 1998 3629 Θεοδώ-

423 3678 495 3730 ρα
522 3660 581 3714 δὲ
620 3662 655 3733 ἡ
701 3660 1114 3732 νυμφεύομένη,
1162 3662 1256 3715 ἐπὶ
1313 3662 1415 3732 τὴν
1462 3664 1737 3734 πρόκυψιν
1771 3667 1994 3737 ἀνῆλθε.

422 3751 688 3817 Βασιλεὺς
731 3752 789 3806 δὲ
821 3752 1068 3822 εἱστήκει
1121 3751 1362 3823 ἔφιππος
1402 3755 1589 3824 μόνος⁸
1642 3758 1692 3809 ol
1742 3757 1799 3811 δὲ
1851 3759 2001 3813 ἄλλοι

423 3842 665 3908 ἅπαντες
698 3843 877 3909 πεζοί.
910 3843 1070 3897 Οὕτω
1108 3846 1164 3897 δὲ
1196 3844 1307 3899 τῶν
1344 3849 1869 3918 παραπετασμάτων
1899 3868 2001 3904 πε-

425 3933 812 4004 ριαιρεθέντων
842 3936 1318 4007 (περικεκάλυπτο
1349 3938 1459 4008 γὰρ
1489 3940 1521 4008 ἡ
1558 3940 1832 4011 πρόκυψις
1865 3960 2002 3997 παν-

421 4026 648 4096 ταχόθεν
667 4027 950 4097 ὑφάσμασι
970 4031 1212 4098 capt/oi;
1247 4033 1340 4081 καὶ
1368 4031 1738 4103 διαχρύσοις),
1772 4033 1998 4104 ἀνεφαί·

423 4133 545 4171 νετο
577 4119 610 4188 ἡ
640 4117 850 4188 νύμφη,
896 4120 991 4172 καὶ
1019 4119 1299 4190 λαμπάδες
1347 4117 1488 4191 ἦσαν
1527 4124 1658 4194 περὶ
1694 4124 1865 4194 αὐτὴν
1890 4127 2000 4195 ήμο

390 4222 393 4225 ‘
426 4210 588 4277 μέναι
619 4211 965 4280 ἑκατέρωθεν
985 4226 1001 4242 ·
1040 4210 1106 4275 ἀς
1135 4211 1378 4281 εὐνοῦχοι
1402 4213 1727 4284 κατέχοντες
1751 4216 1846 4268 ἐπὶ
1868 4217 1997 4282 γόνυ

392 4301 756 4371 κεκλιμένοι,
805 4304 906 4356 οὐκ
955 4301 1261 4371 ἐφαίνοντο.
1323 4303 1630 4374 Σάλπιγγες
1679 4305 1737 4359 δὲ
1785 4307 2000 4377 ἤχησαν

421 4392 797 4458 ὲπιπλείστον,
828 4392 924 4446 καὶ
956 4393 1110 4446 αὐλοὶ
1139 4393 1235 4447 καὶ
1268 4392 1548 4464 σύριγγες,
1590 4396 1685 4450 καὶ
1723 4399 1826 4451 ὅσα
1861 4399 1999 4469 πρὸς

420 4484 609 4555 τέρψιν
646 4484 936 4557 ἐξεύρηται
984 4485 1314 4558 ἀνθρώποις.
1358 4487 1734 4559 Παυσαμένων
1767 4489 1824 4543 δὲ
1856 4492 2000 4544 ἐκεί-

2102 3269 2325 3365 ﬁebant,
2349 3300 2654 3370 imperator
2675 3297 2939 3351 militibus
2976 3304 3033 3350 et
3071 3269 3391 3365 proceribus
3416 3289 3678 3345 Romanis

2101 3407 2167 3449 ac
2210 3390 2470 3447 Barbarie
2511 3390 2765 3444 onmibus
2811 3388 2877 3442 ad
2922 3387 3039 3442 dics
3080 3385 3404 3454 connplures
3450 3381 3675 3450 epulum

2103 3484 2275 3550 dedit,
2306 3492 2469 3553 atque
2505 3482 2581 3537 ita
2612 3483 2834 3537 demum
2878 3480 3041 3534 ﬁliam
3075 3478 3141 3532 ad
3195 3490 3458 3545 sponsum
3505 3472 3677 3527 multo

2104 3576 2302 3649 gaudio
2348 3590 2468 3630 eam
2522 3581 2907 3644 suscepturum
2958 3569 3128 3625 misit.
3177 3567 3311 3632 Quae
3363 3578 3673 3634 quanquam

2104 3669 2342 3724 Barbare
2394 3675 2589 3737 nupta,
2640 3665 2723 3721 sic
2770 3665 2935 3718 vitam
2994 3676 3147 3716 suam
3206 3659 3466 3724 instituit,
3526 3665 3583 3711 ut
3642 3673 3673 3708 ιι

2102 3760 2373 3830 majorum
2398 3772 2621 3814 suorum
2648 3756 2816 3828 gloria
2848 3771 2957 3809 non
2986 3756 3359 3824 degenerat-et.
3388 3748 3672 3805 Neccnim

2102 3851 2282 3907 solum
2346 3865 2414 3904 ex
2463 3849 2678 3903 illorum
2718 3848 2999 3901 hominum
3033 3844 3284 3899 convictu
3331 3839 3678 3896 consuetudi-

2104 3956 2288 4009 neque
2332 3941 2542 3996 nullum
2595 3941 2651 3995 in
2704 3939 2968 4010 religione
3025 3937 3282 3991 damnum
3335 3933 3484 3997 fecit,
3550 3932 3679 3986 licet

2106 4034 2343 4089 multum
2389 4048 2454 4089 ac
2497 4045 2643 4103 saepe
2673 4032 2819 4085 aliud
2863 4031 2912 4085 ei
2957 4029 3290 4100 persuadere
3319 4033 3675 4088 conarentur,

2102 4127 2199 4182 sed
2226 4135 2282 4182 et
2322 4125 2524 4181 multos
2567 4124 2637 4179 ad
2682 4122 2976 4193 impietatis
3004 4118 3330 4176 diverticula
3366 4115 3674 4185 impulsos,

2102 4221 2169 4273 ad
2205 4218 2450 4274 veritatis
2493 4197 2744 4273 semitam
2785 4224 3232 4284 argumentorum
3267 4209 3318 4263 vi
3371 4206 3673 4262 revocavit.

2104 4284 2244 4362 cum
2296 4317 2479 4363 autem
2508 4307 2653 4377 quod
2703 4305 2769 4360 ad
2804 4304 2927 4358 ﬁdei
2983 4301 3239 4373 mysteria
3298 4300 3510 4361 attinet,
3562 4305 3670 4349 tam

2103 4407 2420 4457 conStanter
2450 4414 2509 4454 se
2553 4405 2786 4470 gereret,
2820 4411 2884 4451 ac
2919 4411 3017 4465 pro
3047 4409 3140 4448 sua
3177 4401 3327 4462 parte
3354 4391 3675 4457 frequenter

2105 4509 2229 4547 cum
2283 4489 2529 4563 periculo
2581 4505 2679 4560 pro
2729 4504 2795 4543 ea
2845 4494 3237 4558 propugnaret,
3293 4481 3396 4535 alia
3450 4478 3671 4533 interim

422 4594 550 4643 νων,
603 4576 857 4647 ἐγκώμια
908 4573 1036 4652 ᾖδον
1069 4578 1120 4632 οξ
1171 4580 1401 4653 μελῳδοὶ
1442 4581 1547 4636 ὑπό
1577 4599 1742 4636 τινων
1796 4584 1994 4653 λογίων

2104 4585 2321 4640 virtutis
2362 4582 2555 4639 decora
2611 4596 2716 4636 non
2764 4580 3090 4650 negligebat,
3159 4575 3254 4630 sed
3293 4587 3486 4628 omines
3535 4571 3676 4625 deli-

421 4669 557 4739 πρὸς
579 4668 679 4740 τὴν
710 4668 929 4740 νύμφην
967 4674 1335 4743 πεποιημένα.
1386 4674 1544 4728 Ἐπεὶ
1576 4675 1633 4729 δὲ
1663 4676 1845 4731 πάντα
1877 4679 2000 4731 tu-

423 4758 564 4811 λείτο
583 4760 656 4811 τὰ
682 4757 948 4828 βασιλέως
980 4760 1328 4832 προσήκοντα
1352 4761 1693 4834 θυγατράσιν
1723 4782 2005 4837 νυμφευθ-

425 4849 638 4918 μέναις,
668 4851 769 4918 τήν
799 4864 860 4901 τε
900 4851 1183 4918 στρατιὰν,
1235 4852 1331 4904 καὶ
1377 4854 1507 4917 τοὺς
1534 4856 1594 4908 ἐν
1618 4855 1764 4908 τέλει
1789 4857 2021 4919 πάντας-

420 4945 518 4997 καὶ
573 4943 858 5013 Ῥωμαίων
889 4945 984 4997 καὶ
1027 4943 1320 5016 βαρϐάρων
1352 4946 1381 4999 ὁ
1409 4947 1667 5017 βασιλεὺς
1704 4951 1880 5005 είστία
1914 4950 2000 5019 ἐφ’

420 5034 634 5105 ἡμέρας
663 5035 764 5088 οὐκ
784 5033 993 5102 ὀλίγας.
1025 5033 1256 5087 Ἔπειτα
1283 5035 1560 5104 ἐξέπεμπε
1594 5038 1694 5109 τὴν
1720 5038 1998 5113 θυγατέρα

420 5126 558 5196 πρὸς
617 5128 710 5181 τὶν
753 5125 921 5195 ἄνδρα
974 5124 1113 5193 μετά
1168 5124 1371 5195 πολλῆς
1428 5126 1826 5196 ὑποδεξόμενον
1895 5130 1997 5202 τῆς

419 5217 634 5290 ἡδονῆς,
669 5218 704 5288 ἢ
735 5216 828 5269 καὶ
861 5216 936 5285 τῷ
960 5213 1220 5288 βαρϐάρῳ
1253 5214 1598 5283 συνοικοῦσα,
1623 5217 1723 5288 τῆς
1745 5219 1995 5284 εὐκλείας
2022 5248 2025 5255 ·

418 5309 527 5364 τῶν
559 5309 811 5378 πατέρων
837 5308 992 5375 ἀξίαν
1017 5308 1218 5378 ἑαυτὴν
1248 5309 1304 5360 ὲν
1332 5308 1412 5376 τῷ
1441 5307 1819 5363 πιλιτεύεσθαι
1846 5328 1994 5385 παρ-

2100 4676 2215 4732 cias
2273 4689 2339 4731 ac
2392 4670 2853 4743 magniﬁcentiora
2899 4668 3083 4722 valere
3126 4667 3348 4734 jubens,
3383 4663 3676 4717 facultates

2100 4768 2389 4839 egentibus
2441 4764 2807 4821 distribuebat
2848 4779 2866 4820 :
2923 4761 3235 4827 multosque
3286 4755 3542 4810 Barbaris
3618 4754 3674 4807 in

2103 4857 2427 4929 servitutem
2474 4857 2746 4921 venditus,
2779 4853 2919 4925 lytro
2960 4851 3237 4923 persoluto
3282 4849 3398 4917 ipsa
3443 4846 3678 4900 redime-

2101 4951 2238 5016 bat;
2302 4958 2359 5004 et
2411 4950 2674 5004 Remanis
2728 4945 2984 5001 omnibus
3046 4941 3391 4999 incommoda
3453 4939 3669 4991 fortuna

2107 5041 2419 5104 utentibus,
2475 5050 2665 5110 atque-
2700 5039 2754 5093 in
2806 5037 3126 5093 servitutem
3174 5048 3204 5087 a
3255 5030 3508 5110 Barbaris
3566 5028 3675 5080 Deo

2104 5133 2453 5202 permittente
2493 5106 2752 5194 redactis,
2785 5138 2979 5200 portus
3024 5124 3218 5181 salutis
3255 5106 3392 5176 εἶναι.
3426 5120 3520 5173 Szc
3574 5117 3675 5186 igi-

2102 5205 2191 5277 tur
2218 5222 2308 5276 illa
2334 5222 2578 5292 quandiu
2624 5223 2766 5277 inter
2812 5219 3082 5275 Barbaros
3120 5214 3484 5282 vixit,,vitam
3518 5224 3674 5265 suam
3729 5263 3734 5267 .

2102 5316 2169 5370 ad
2201 5331 2366 5372 omne
2398 5309 2574 5387 genus
2605 5302 2826 5373 virtutis
2855 5313 3184 5384 composuit.

418 5404 612 5474 είχετο.
646 5405 722 5457 Οὐ
752 5401 912 5474 μόνον
939 5402 1048 5473 γὰρ
1082 5402 1149 5457 ἐκ
1211 5400 1310 5471 τῆς
1338 5401 1724 5477 συνδιατριϐῆς
1791 5405 2017 5461 ἐκείνων
2056 5408 2378 5485 παρεϐλάϐη
2418 5410 2560 5466 κατά
2588 5411 2688 5482 τὴν
2719 5409 2902 5463 πίστιν
2932 5409 3108 5471 οὐδὲν,
3144 5403 3325 5459 καίτοι
3377 5418 3443 5472 γε
3506 5398 3679 5455 πολλὰ

422 5495 682 5560 πολλάκις
716 5493 1140 5567 ἐπιχειρούντων
1203 5495 1579 5566 μεταπείθειν,
1611 5495 1749 5551 ἀλλὰ
1801 5499 1897 5552 καὶ
1925 5500 2156 5568 πολλοὺς
2186 5503 2295 5557 τῶν
2358 5503 2495 5575 πρὸς
2521 5502 2619 5575 τὴν
2645 5503 2905 5558 ἀσέϐειαν
2926 5500 3282 5571 ὑπαχθέντων
3341 5495 3678 5552 ἀνεκαλέσα-

1695 5659 1911 5724 Jacobi
1944 5665 2208 5725 Pontum
2246 5675 2430 5728 notae.

426 5782 608 5923 puli?)

650 5783 910 5855 Exempla
951 5784 1120 5843 moris
1165 5784 1330 5857 hujus
1381 5798 1478 5855 ego
1530 5780 1674 5839 nulla
1725 5783 1989 5844 hactenus
2028 5788 2130 5860 legi
2159 5806 2169 5843 :
2198 5805 2298 5846 nec
2331 5802 2506 5845 tamen
2540 5786 2859 5844 historicum
2928 5785 3070 5840 istuc
3104 5791 3306 5838 temere
3370 5776 3670 5833 aﬁirmasse
