4048 6426
467 383 611 449 1275
1664 385 1986 449 JOANNIS
2026 363 2568 450 amnemam-

467 517 557 566 το,
596 496 779 568 λόγοις
814 497 1075 552 πείθουσα
1102 497 1238 568 πρὸς
1279 497 1377 568 τὴν
1419 496 1628 567 αἵρεσιν
1661 498 1763 565 τῆς
1797 496 2080 566 ἀληθείας.
2123 496 2280 552 Οὕτω
2307 498 2362 552 δὲ
2411 499 2541 580 περὶ
2607 497 2790 552 πίστιν
2824 497 3082 568 ἀσφαλῶς

3602 389 3724 455 1Ξ76

3170 497 3611 570 πολιτευσαμένη,
3645 505 3729 552 καὶ

465 595 530 648 τό
563 610 626 661 γε
652 594 732 656 είς
757 591 927 664 αὐτὴν
965 584 1123 663 ἧκον,
1158 591 1300 662 ὑπὲρ
1331 592 1498 657 αὐτῆς
1537 589 2050 660 προκινδυνεύσασα
2088 591 2210 645 οὐδὲ
2245 591 2354 644 τῶν
2389 591 2568 646 ἄλλων
2631 592 2853 661 ἀγαθῶν
2882 591 3107 662 ἡμέλει,
3139 591 3274 644 ἀλλά
3312 591 3462 664 πάσῃ
3565 598 3728 664 τρυφή
3827 613 3848 629 ι

466 686 564 738 καὶ
597 684 921 753 πολυτελείᾳ
945 683 1156 755 χαίρειν
1176 683 1431 744 εἰποῦσα,
1458 683 1529 735 τὰ
1557 682 1690 736 ὄντα
1720 683 1836 746 τοῖς
1897 682 2096 753 πένησι
2133 683 2358 736 διεδίδου
2379 700 2391 713 ·
2426 683 2520 736 καὶ
2579 684 2807 748 πολλοὺς
2890 684 2998 737 τῶν
3044 685 3136 738 ἐπὶ
3167 683 3381 755 δουλεία
3443 687 3586 754 παρά
3631 687 3729 738 τῶν

471 779 769 851 βαρϐάρων
825 778 1228 848 ἀποδιδομένων
1282 776 1510 848 ἐρρύετο
1536 817 1552 840 ,
1620 777 1846 848 χρυσίον
1908 780 2047 846 αὑτὴ
2089 777 2430 848 παρέχουσα,
2458 779 2552 831 καὶ
2580 779 2720 832 πᾶσι
2751 777 3022 848 σωτηρίας
3076 773 3146 848 ἦν
3174 778 3338 848 λιμὴν
3422 782 3529 843 τοῖς
3556 781 3732 834 δυστυ-

470 875 626 948 χοῦσι
669 873 952 944 Ῥωμαίων
979 913 995 938 ,
1059 871 1152 925 καὶ
1187 871 1610 940 δεδουλωμένοις
1666 872 1772 923 ὑπὸ
1815 870 1928 923 τῶν
1988 869 2284 942 βαρϐάρων
2315 871 2462 924 κατὰ
2491 869 2840 942 συγχώρησιν
2913 871 3073 938 Θεοῦ.
3110 873 3326 942 Ἐκείνη
3375 872 3474 941 μὲν
3499 873 3586 927 οὖν
3602 875 3732 928 οὕτω

469 970 605 1037 πρὸς
631 969 850 1023 ἅπασαν
879 969 1021 1022 ἰδέαν
1051 970 1307 1039 ἐναρέτου
1337 966 1458 1038 βίου
1487 965 1616 1036 παρ’
1635 966 1758 1019 ὅσον
1780 965 2037 1035 συνδιῆγε
2076 968 2189 1030 τοῖς
2220 965 2526 1037 βαρϐάροις
2549 966 2738 1038 χρόνον
2765 963 3111 1037 ὲῤῥύθμησεν
3135 966 3364 1037 ἑαυτήν.

1780 1127 1944 1199 ess
1981 1125 2210 1184 CAPUT
2250 1127 2435 1183 xcvr.

475 1249 561 1305 Ea:
593 1248 807 1304 urbibus
833 1250 1036 1302 duabus
1068 1249 1137 1300 ad
1179 1247 1410 1302 Pontum
1443 1246 1590 1302 missi
1616 1250 1992 1316 speculatores.
2026 1263 2248 1315 quarunt
2277 1246 2470 1318 indicio
2508 1248 2734 1302 sicarius
2765 1248 3195 1318 deprehenditur,
3227 1250 3319 1318 qui
3363 1264 3418 1302 se
3448 1267 3478 1302 a
3511 1249 3734 1318 facinore

540 1321 879 1389 imperatoris
913 1336 1030 1373 race
1083 1318 1396 1389 deterritum
1429 1326 1662 1389 “narrat.
1713 1318 2036 1389 Imperatria:
2089 1333 2206 1389 cum
2246 1317 2592 1389 Optiinatibus
2636 1319 2745 1371 suis
2798 1317 3088 1389 Sarchauis
3132 1317 3365 1386 satrapa:
3390 1318 3562 1389 Lydiae
3597 1319 3752 1388 opem“

538 1384 749 1462 qua'rit.
794 1391 1004 1444 Amurii
1044 1390 1261 1462 techna__
1295 1388 1364 1462 ad
1415 1384 2308 1462 (ὶιιιιιασιισεηιιηι,αιίίιιυιιιιιίαηιζ⁸
2343 1387 2852 1462 Sarclianiecopirg
2911 1387 2981 1440 ad
3037 1384 3405 1450 imperato—rem
3433 1384 3733 1456 "deﬁciunt;

547 1455 859 1529 potestatem
895 1468 1050 1512 orant
1105 1459 1262 1510 eundi
1296 1457 1636 1529 Byzantium,
1688 1471 1782 1520 pro
1843 1455 1994 1529 donis
2044 1467 2093 1509 et
2121 1457 2346 1529 pecunia
2377 1455 2755 1529 accipiendis.
2798 1456 2932 1511 Cum
2965 1459 3028 1512 iis
3071 1459 3322 1524 'pra’sides
3379 1460 3731 1525 paciscuntur.

549 1525 894 1584 Deleri-eatur
933 1546 1026 1598 per
1065 1525 1496 1598 Cantacuzenum
1516 1528 1717 1598 _I’ers(e
1749 1544 1782 1580 a
1827 1525 2307 1598 per/idioso’facto.
2362 1525 2547 1580 Obvios
2592 1528 2808 1596 capiunt
2844 1537 2893 1580 et
2926 1528 3179 1598 spoliant.
3213 1529 3459 1582 Convivia
3491 1529 3554 1581 ab
3581 1531 3734 1591 impe-

545 1614 728 1655 ratore
780 1596 940 1653 duces
972 1599 1308 1668 accipiuntur
1338 1615 1356 1652 :
1391 1596 1655 1668 quiAByza
1857 1597 2365 1668 pra’ternavigantes
2414 1597 2641 1668 sagittis
2685 1606 2891 1667 petunt.
2959 1597 3184 1668 Donatis
3238 1599 3476 1658 ducibus,
3535 1599 3734 1652 domum

544 1673 887 1792 remittitigtur
936 1665 1132 1792 Persia.
1171 1669 1407 1721 Moesiam
1458 1665 1851 1735 depra'aantur.
1895 1665 2194 1736 Imperator
2239 1665 2541 1721 excusatur.
2595 1665 2730 1737 Ejus
2777 1669 2992 1738 querela
3019 1669 3082 1720 de
3112 1667 3364 1722 Romanis
3394 1670 3643 1732 hostibus,
3685 1677 3736 1721 ut

554 1753 758 1792 auctori
803 1758 861 1792 us
896 1757 980 1792 ma
1011 1755 1161 1792 orum
1187 1743 1421 1792 omnium

554 1743 861 1793 auctoribus
896 1743 1161 1793 malorum
1187 1743 1421 1792 omnium

549 1885 720 1939 Paulo
743 1893 863 1954 post
901 1899 968 1938 ex
1005 1883 1234 1938 urbibus
1270 1881 1642 1938 Romanorum
1678 1880 1746 1935 ad
1796 1879 2053 1939 Pontum,

2240 1878 2377 1932 Ὑπὸ
2405 1878 2461 1931 δὲ
2487 1879 2579 1931 τὸν
2601 1877 2764 1932 αὐτὸν
2789 1879 2984 1953 χρόνον
3019 1879 3113 1931 καὶ
3144 1878 3209 1930 ἐκ
3245 1877 3352 1930 τῶν
3374 1874 3518 1930 κατὰ
3541 1876 3739 1930 Πόντον

480 1977 738 2032 lleraelea
783 1985 839 2031 et
883 1975 1196 2031 Amastride
1227 1975 1486 2034 sacerdos
1519 1973 1738 2043 quidam
1771 1986 1897 2027 cum
1947 1986 2062 2026 mo-

2180 1969 2376 2023 πόλεων
2422 1970 2718 2040 Ῥωμαίοις
2759 1969 3019 2040 ὑπηκόων
3062 1967 3389 2039 Ἡρακλείας
3440 1968 3536 2020 καὶ
3578 1967 3739 2038 Ἀμά-

479 2071 658 2125 nat-ho
726 2070 792 2123 ad
865 2069 1170 2124 exercitum
1233 2066 1579 2137 imperatoris
1641 2063 2059 2136 speculandum,

478 2175 719 2233 quantus
766 2162 986 2218 tandem
1026 2171 1194 2223 esset,
1223 2161 1316 2231 qui
1360 2160 1683 2231 Byzantium
1740 2159 1821 2214 sic
1867 2158 2063 2212 arctis-

477 2258 614 2312 sime
643 2257 897 2312 obsidere
928 2263 1136 2326 posset,
1164 2255 1352 2310 emissi
1376 2263 1530 2310 sunt.
1569 2253 1635 2308 Hi
1667 2261 1726 2308 ut
1761 2251 2062 2322 Selybriam

480 2359 770 2412 venerunt,
797 2365 827 2404 a
859 2347 1176 2417 Contophre
1217 2347 1308 2404 cui
1349 2361 1475 2403 cum
1510 2345 1892 2416 protosebasto
1929 2344 2066 2399 ami-

479 2442 605 2497 citia
639 2441 1039 2504 intercedebat,
1087 2439 1324 2508 hospitio
1356 2447 1487 2492 sunt
1531 2435 1765 2506 accepti,
1812 2435 1968 2506 isque
1995 2435 2064 2490 ad

483 2536 871 2605 imperatorem
903 2548 998 2587 eos
1030 2531 1281 2598 adduxit,
1309 2542 1366 2586 et
1396 2529 1757 2601 quamobrem
1786 2545 1817 2584 a
1853 2529 2066 2584 civibus

483 2627 632 2682 missi
662 2635 851 2681 essent
876 2625 1156 2680 indicavit.
1185 2622 1322 2678 Cum
1349 2623 1646 2693 imperator
1667 2621 1908 2693 benigne
1931 2621 2067 2690 ipsis

482 2718 856 2790 respondisset
918 2725 977 2772 et
1041 2714 1429 2777 benet'ecisset,
1484 2715 1598 2784 jam
1660 2713 1862 2784 palatio
1907 2727 2066 2783 egre-

483 2811 722 2875 dientes,
758 2819 814 2863 ut
843 2809 1066 2864 domum
1101 2805 1374 2874 redirent,
1400 2806 1692 2876 quemdam
1721 2806 1831 2860 illic
1851 2804 2070 2874 conSpi-

482 2902 661 2966 ciuut,
735 2901 957 2970 quicum
1040 2897 1335 2968 aliquando
1415 2896 1668 2969 Byzantii
1744 2895 2067 2952 Cinnamum

484 2995 776 3063 mysticum
847 3007 914 3047 es
977 2991 1338 3047 archontibus
1396 3004 1564 3044 unum
1637 2999 1853 3044 secreto
1921 2986 2069 3057 loqui

486 3086 766 3148 viderunt,
796 3099 1032 3154 moxque
1061 3083 1128 3140 ad
1172 3083 1529 3153 Contophreu
1559 3082 1628 3138 de
1659 3080 1881 3137 homine
1920 3090 2071 3135 retu-

484 3175 688 3238 lerunt,
733 3174 1014 3229 hortantes
1059 3173 1137 3228 uti
1169 3189 1395 3229 causam
1428 3173 1702 3228 adventus
1730 3173 1852 3244 ejus
1873 3171 2068 3236 exqui-

484 3275 654 3320 reret.
684 3263 858 3330 Quem
895 3262 1237 3332 ContOphres
1284 3270 1594 3332 perterrere
1635 3259 1843 3325 volens,
1880 3257 2065 3314 statim
2100 3246 2143 3302 Β

485 3367 540 3411 et
571 3355 837 3411 audacius
869 3355 1054 3428 ,pallio
1097 3353 1505 3425 apprehensum
1553 3352 1665 3408 huc
1722 3351 1852 3406 illuc
1903 3351 2067 3421 rapit.

487 3448 556 3505 Et
609 3464 740 3504 ecce
777 3448 879 3503 sub
923 3447 1045 3517 ejus
1073 3453 1226 3502 veste
1263 3445 1398 3512 sica,
1446 3444 1563 3515 ipsa
1610 3443 1730 3502 acie
1761 3452 1816 3497 et
1849 3442 2073 3511 cuspide

489 3542 651 3610 longe
680 3538 924 3594 omnium
950 3538 1290 3604 acutissima,
1322 3537 1378 3590 in
1402 3536 1667 3590 lateribus
1696 3535 1960 3604 quasdam
1989 3549 2076 3588 ca-

488 3632 688 3686 vitates
718 3641 774 3685 et
803 3645 968 3685 ansas
999 3629 1228 3691 habens,
1253 3629 1455 3698 quibus
1505 3641 1778 3682 venenum
1816 3625 2076 3680 eratalli-

491 3734 630 3790 tum,
662 3738 772 3794 quo
827 3723 923 3793 qui
957 3738 1052 3778 eas
1091 3720 1436 3792 contigisset,
1458 3719 1747 3775 celerrime
1797 3717 2068 3774 interiret.

491 3815 852 3871 Esaminatus
882 3827 1086 3880 autem,
1131 3813 1263 3885 quid
1308 3813 1414 3869 sibi
1442 3828 1568 3868 cum
1608 3811 1722 3867 sica
1750 3809 1937 3877 vellet,
1989 3824 2120 3877 τοο,

493 3909 739 3980 Spoudit.
767 3924 826 3964 se
857 3925 888 3964 a
923 3908 1163 3978 quodam
1205 3908 1468 3962 archonte
1492 3905 1738 3976 Byzantii
1767 3904 2076 3965 inductum,

489 3999 559 4053 ad
609 3998 992 4068 imperatorem
1046 4012 1111 4051 ea
1161 3995 1561 4050 vulnerandum
1608 3992 1962 4048 adventasse.
2010 3989 2080 4045 Et

489 4091 602 4163 jam
629 4090 882 4160 quintum
915 4089 1190 4144 decimum
1221 4087 1304 4141 ire
1336 4086 1502 4148 diem,
1540 4099 1609 4140 ex
1631 4097 1741 4154 quo
1780 4081 2028 4138 venisset
2061 4096 2076 4134 :

489 4198 600 4253 quo
628 4192 874 4252 tempore
908 4180 1078 4236 semel
1103 4186 1321 4234 nactum
1339 4177 1686 4232 occasionem
1726 4171 2079 4244 perpetrandi

492 4278 774 4340 facinoris,
809 4284 964 4330 metu
991 4284 1179 4329 tamen
1226 4273 1501 4328 minarum
1531 4267 1885 4339 imperatoris
1909 4267 2082 4321 absti-

495 4371 705 4428 nuisse.
733 4369 910 4425 Media
955 4368 1102 4424 enim
1138 4374 1302 4422 nocte
1340 4363 1580 4427 dicebat,
1625 4376 1751 4418 cum
1784 4361 2084 4431 imperator

494 4464 552 4521 in
612 4463 814 4533 palatio
843 4473 1086 4532 praesens
1131 4459 1374 4522 adesset,
1403 4465 1458 4511 et
1485 4454 1689 4511 lumina
1736 4469 1835 4525 per
1865 4462 2083 4523 tempe-

2170 2059 2382 2129 στριδος
2410 2061 2745 2114 κατάσκοποι
2766 2061 3148 2131 ἐπέμφθησαν,
3210 2059 3386 2130 ἱερεύς
3421 2076 3503 2122 τις
3537 2059 3631 2113 καὶ
3658 2077 3744 2129 μο-

2169 2154 2353 2226 ναχὸς,
2386 2154 2486 2226 τὴν
2524 2154 2790 2224 βασιλέως
2813 2154 3041 2224 δύναμιν
3066 2151 3561 2222 κατασκεψόμενοι,
3582 2152 3742 2220 ὁπόση

2168 2265 2250 2312 τις
2282 2243 2419 2302 οὖσι
2449 2247 2618 2310 οὕτως
2657 2246 3029 2317 ἀκριϐέστατα
3068 2242 3368 2308 Βυζάντιον
3397 2243 3623 2298 δύναται
3655 2263 3743 2296 πο-

2167 2341 2425 2412 λιορκεῖν.
2462 2339 2626 2403 Οίδὲ,
2661 2338 2786 2392 ἐπεὶ
2817 2338 2898 2401 είς
2945 2337 3297 2407 Σηλυμϐρίαν
3345 2330 3502 2408 ἧκον,
3546 2336 3742 2388 Κοντο-

2169 2433 2302 2502 φραὶ
2347 2431 2647 2496 ἑξενίζοντο
2691 2429 2766 2500 τῷ
2801 2428 3239 2500 πρωτοσεϐαστῷ
3278 2427 3394 2480 ὄντι
3425 2426 3737 2498 ἐπιτηδείῳ.

2180 2525 2240 2577 Ὀ
2261 2524 2318 2578 δὲ
2348 2523 2548 2588 αὐτοὺς
2576 2522 2826 2593 προσῆγε
2863 2521 3101 2592 βασιλεῖ,
3121 2521 3215 2574 καὶ
3234 2520 3339 2590 τὴν
3365 2519 3549 2574 αἰτίαν
3580 2519 3741 2590 ἀπήγ-

2169 2615 2356 2684 γελλον
2394 2613 2460 2668 δι’
2492 2614 2561 2686 ἢν
2595 2616 2711 2677 τοῖς
2753 2613 3042 2684 σφετέροις
3075 2611 3438 2682 ἐπέμφθησαν
3483 2610 3740 2674 πολίταις.

2169 2707 2445 2773 Βασιλέως
2509 2708 2568 2762 δὲ
2627 2707 2852 2779 ἡμέρως
2921 2704 3371 2776 χρηματίσαντος
3423 2703 3609 2766 αὐτοῖς
3660 2702 3745 2754 καὶ

2170 2800 2616 2874 εὐηργετηκότος
2643 2839 2659 2865 ,
2704 2799 2832 2853 ἐπεὶ
2891 2799 3195 2867 ἀναχωρεῖν
3247 2795 3382 2864 πρὸς
3434 2794 3534 2866 τὴν
3580 2794 3744 2846 οἰκίαν

2171 2893 2393 2963 ἔμελλον
2413 2893 2522 2946 τῶν
2555 2889 2842 2962 βασιλείων
2892 2889 3150 2954 ἐξιόντες,
3175 2886 3340 2958 ὁρῶσί
3367 2903 3488 2938 τινα
3512 2888 3572 2938 ὲν
3604 2884 3744 2954 βασι-

2171 2983 2336 3048 λείοις
2369 2983 2744 3057 διατρίϐοντα,
2775 2975 2818 3050 ᾧ
2852 2982 2908 3034 ὲν
2941 2979 3219 3051 Βυζαντίῳ
3268 2977 3534 3046 μυστικὸν
3568 2974 3743 3046 ἑώρων

2172 3075 2265 3129 τὸν
2293 3074 2571 3144 Κίνναμον
2600 3074 2844 3144 ἄρχοντα
2874 3071 3000 3124 τότε
3035 3071 3146 3124 τῶν
3177 3069 3544 3139 πραγμάτων,
3573 3066 3744 3120 δαλε-

2174 3168 2409 3239 γόμενον
2435 3168 2493 3220 ὲν
2512 3167 2837 3238 ἀπορρήτῳ.
2860 3163 2969 3218 Καὶ
2986 3162 3187 3215 αὐτίκα
3200 3160 3508 3229 Κοντοφραὶ
3532 3157 3744 3228 ἐδήλουν

2173 3262 2302 3334 περ)⁵
2355 3259 2448 3314 τοῦ
2497 3259 2810 3330 ἀνθρώπου.
2862 3254 3144 3326 παρῄνουν
3197 3270 3258 3305 τε
3305 3250 3623 3320 ἀνακρίνειν
3657 3247 3746 3317 τὴν

2171 3353 2352 3412 αἰτίαν
2379 3352 2481 3423 τῆς
2498 3351 2740 3421 ἀφίξεως
2768 3349 2959 3402 αὑτοῦ.
2995 3345 3300 3414 Κοντοφραὶ
3334 3343 3390 3395 δὲ
3423 3341 3515 3394 τὸν
3547 3339 3746 3408 ἄνθρω-

2174 3465 2276 3500 πον
2307 3443 2638 3515 ἐκπλήττειν
2675 3440 3004 3511 βουλομένου
3043 3437 3208 3498 εὐθὺς
3233 3474 3249 3498 ,
3287 3435 3382 3488 καὶ
3418 3432 3750 3503 θρασύτερον

2174 3537 2284 3591 τῶν
2310 3535 2545 3607 ἱματίων
2575 3531 2891 3603 ἁπτομένου
2925 3531 3020 3584 καὶ
3050 3526 3458 3598 περιέλκοντος,
3508 3525 3748 3595 μάχαιρα

2174 3631 2378 3700 εὕρητο
2416 3626 2519 3681 ὑπὸ
2563 3627 2865 3696 θοιμάτιον
2925 3620 3305 3693 κρυπτομένη,
3351 3617 3612 3686 ὀξύτητος
3654 3616 3744 3684 μὲν

2177 3721 2272 3774 καὶ
2317 3719 2501 3790 ἀκμῆς
2535 3717 2793 3787 οὐδεμίαν
2830 3713 3203 3769 ἀπολείπουσα
3257 3710 3565 3780 ὑπερϐολὴν
3595 3747 3609 3768 ,
3641 3725 3749 3759 κοι-

2176 3810 2402 3882 λότητος
2423 3808 2480 3860 δέ
2506 3824 2660 3869 τινας
2687 3807 2780 3859 καὶ
2814 3803 3114 3865 ἀντιλαϐἀς
3144 3798 3511 3870 ἔχουσαικατέι
3535 3799 3606 3850 τά
3631 3795 3751 3849 πλά-

2179 3920 2294 3974 για,
2327 3896 2415 3966 αἷς
2443 3901 2714 3972 φάρμακα
2749 3897 2991 3952 ἑνέκειτο
3031 3895 3266 3964 τάχιστα
3303 3889 3643 3960 διαφθείρειν
3669 3886 3753 3938 τὸν

2181 3993 2658 4066 προσομιλήσοντα
2713 3991 3013 4063 δυνάμενα.
3086 3985 3541 4062 Ἀνακρινόμενος
3607 3980 3662 4031 δὲ
3727 3980 3754 4029 ὀ

2185 4086 2493 4157 ἄνθρωπος,
2520 4086 2548 4139 ὅ
2602 4102 2657 4139 τι
2688 4083 2935 4153 βούλοιτο
2965 4077 3116 4148 αὒτῷ
3160 4079 3194 4150 ἡ
3232 4076 3501 4146 μάχαιρα,
3555 4073 3621 4124 ὲκ
3651 4069 3754 4123 τῶν

2185 4183 2244 4234 ἐν
2281 4181 2562 4250 Βυζαντίῳ
2623 4178 2866 4248 ἔφασκεν
2920 4172 3202 4243 ἀρχόντων
3257 4170 3352 4223 ἐπὶ
3401 4166 3483 4238 τῷ
3534 4163 3756 4236 βασιλέα

2182 4274 2358 4345 ταύτῃ
2395 4270 2724 4344 τιτρώσκειν
2760 4270 2827 4336 τῇ
2872 4266 3122 4337 μαχαίρᾳ
3172 4259 3540 4328 πεπεισμένον
3581 4256 3752 4345 ἥκειν.

2185 4341 2357 4418 Πέντε
2383 4365 2440 4418 δὲ
2458 4341 2672 4435 ἡμέρας
2711 4361 2805 4412 ἐπὶ
2855 4357 2990 4412 δέκα
3035 4355 3181 4426 ἔχειν
3228 4351 3558 4422 ἀφιγμένον,
3582 4349 3641 4399 ὲν
3670 4341 3754 4406 αἷς

2184 4456 2338 4523 ἅπαξ
2376 4456 2759 4527 εὐπορήσαντα
2797 4449 3107 4520 ἐπιτηδείου
3161 4445 3300 4516 πρὸς
3333 4443 3394 4496 τὸ
3437 4441 3599 4512 ἔργον
3630 4437 3752 4510 χρό-

492 4561 693 4608 statem
725 4563 925 4607 ventus
957 4549 1334 4616 exstinxisset,
1359 4547 1497 4602 alios
1543 4545 1764 4616 quidem
1815 4545 1882 4601 iis
1931 4559 2076 4600 reac-

2186 4568 2303 4614 νου,
2330 4548 2490 4612 αὖθις
2521 4544 2861 4616 ἀποσχέσθαι
2906 4542 3163 4603 δείσαντα
3190 4536 3289 4607 τὴν
3317 4534 3582 4607 βασιλέως
3608 4535 3755 4584 ἀπει-

2188 4644 2198 4646 ;
2235 4643 2243 4646 _
2338 4641 2420 4646 __-
2611 4638 2621 4646 .
2705 4637 2726 4646 ..
3101 4633 3113 4646 ι
3215 4629 3242 4646 n
3302 4645 3307 4646 ,
3343 4623 3719 4646 \!,__1_.§1E..

493 4643 797 4698 cendendis
869 4641 1173 4697 studiosius
1225 4648 1282 4694 et
1335 4637 1728 4693 tumultuosius
1781 4643 2079 4706 occupatos

2187 4643 2307 4712 λήν.
2338 4641 2531 4710 Μέσης
2562 4638 2673 4708 γὰρ
2701 4637 2910 4704 ἔφασκε
2962 4633 3177 4696 νυκτὸς,
3213 4627 3480 4699 βασιλέως
3509 4623 3751 4690 έπιδέδη-

499 4737 691 4791 tuisse.
723 4735 880 4790 Tunc
911 4750 972 4790 se
1000 4744 1181 4789 ratum
1215 4733 1438 4787 venisse
1488 4739 1714 4800 tempus,
1735 4737 1962 4798 propter
2006 4734 2086 4782 te-

501 4826 700 4880 nebras
729 4827 1030 4882 accessisse
1051 4841 1067 4890 ;
1087 4825 1479 4894 imperatorem
1507 4828 1700 4876 contra
1724 4820 2084 4886 exclamasse,

502 4935 574 4976 ne
605 4918 730 4988 quis
759 4918 866 4974 sibi
893 4918 1388 4988 appropinquaret,
1421 4928 1482 4969 se
1524 4927 1747 4984 quoque
1790 4912 1958 4969 sicam
1986 4913 2086 4968 ha-

502 5014 658 5069 bere.
685 5009 860 5077 Quam
889 5025 1078 5065 vocem
1112 5009 1204 5062 ubi
1237 5006 1497 5074 audierit,
1537 5015 1595 5062 et
1625 5004 1967 5073 extimuerit,
2003 5006 2090 5060 in-

501 5095 962 5162 sidiasomisisse.
985 5101 1156 5173 686
1183 5099 1548 5170 Interrogatus
1565 5113 1729 5168 porro
1766 5097 2085 5168 imperator,

499 5192 699 5262 ecquid
736 5203 851 5270 tum
885 5191 956 5246 de
994 5188 1212 5243 insidiis
1245 5187 1542 5259 quidquam
1574 5187 1889 5258 suspicatus
1921 5197 2088 5253 esset,

503 5284 676 5352 Nihil,
691 5283 899 5354 inquit;
919 5281 1014 5337 sed
1032 5279 1154 5337 aliis
1172 5281 1536 5347 turbantibus,
1551 5289 1608 5336 et
1622 5280 1773 5350 quasi
1789 5279 1910 5349 ejus
1926 5294 2090 5334 causa

507 5377 903 5439 metuentibus,
928 5374 1295 5446 jocabundum
1342 5372 1566 5440 dixisse,
1591 5373 1948 5438 conﬁderent,
1984 5370 2088 5427 sibi

509 5486 731 5546 quoque
759 5472 927 5526 sicam
963 5484 1108 5526 esse.
1156 5467 1371 5524 Insidiae
1401 5468 1506 5522 h‘oc
1541 5467 1705 5522 modo
1736 5466 1792 5521 in
1838 5474 2092 5533 apertum

513 5565 740 5634 prolatae
763 5571 913 5626 sunt,
933 5570 985 5616 et
1007 5563 1301 5632 imperator
1317 5576 1442 5616 cum
1461 5559 1724 5616 comitatu
1753 5573 1854 5614 suo
1873 5571 2095 5628 magnas

515 5656 626 5715 Deo
661 5656 863 5728 gratias
887 5657 1020 5726 egit,
1044 5655 1136 5726 qui
1169 5670 1200 5710 e
1229 5665 1338 5709 tam
1381 5655 1532 5724 gravi
1571 5652 1818 5722 periculo
1853 5665 1914 5707 se
1957 5649 2095 5704 libe-

515 5750 770 5806 ravisset.
801 5748 1072 5804 Caeterum
1120 5751 1280 5801 Anna
1329 5745 1674 5816 imperatrix,
1709 5747 1914 5813 quique
1951 5739 2095 5809 apud

2192 4732 2427 4805 μηκότος
2455 4730 2774 4802 βασιλείοις,
2812 4727 2907 4781 καὶ
2938 4724 3049 4779 τῶν
3080 4723 3274 4793 φώτων
3323 4717 3423 4772 ὑπι
3446 4717 3662 4786 ἀνέμων
3696 4715 3753 4766 ὲν

2188 4824 2460 4897 χειμῶνος
2484 4823 2606 4894 ὥρα
2655 4820 3028 4891 ὲσϐεσμένων,
3082 4817 3210 4879 τοὺς
3252 4813 3450 4874 ἄλλους
3503 4809 3602 4879 μὲν
3634 4805 3755 4897 περὶ

2191 4896 2387 4987 φώτων
2407 4913 2744 4986 ὴσχολῆσθαι
2783 4909 3035 4981 κομιδὴν,
3065 4907 3161 4962 καὶ
3187 4904 3457 4976 θορυϐεῖν,
3513 4900 3676 4955 αὐτὸν
3703 4896 3756 4949 δὲ

2192 5008 2387 5081 καιρὸν
2416 5007 2722 5076 νομίσαντα
2748 5003 2840 5058 διὰ
2863 5002 2926 5056 τὸ
2954 5001 3146 5061 σκότος
3185 4998 3280 5052 καὶ
3311 4993 3625 5064 προσιόντα,
3661 4988 3755 5081 βα-

2194 5078 2349 5155 σιλέα
2376 5099 2580 5170 μηδένα
2607 5095 3003 5169 προσεγγίζειν
3034 5086 3464 5162 προσειπεῖν,ὼς
3486 5084 3578 5138 καὶ
3600 5078 3756 5170 αὑτὸν

2193 5190 2293 5262 τὴν
2323 5167 2606 5260 μάχαιραν
2655 5167 2964 5256 κατέχοντα
2994 5199 3010 5216 ·
3041 5181 3069 5234 ὃ
3095 5178 3407 5247 πυθόμενον
3455 5173 3635 5232 αὐτὸν,
3654 5167 3756 5262 καὶ

2193 5261 2448 5336 δείσαντα
2478 5278 2817 5350 ἀποσχέσθαι
2849 5275 2949 5345 τῆς
3000 5270 3316 5340 ἐπιϐουλῆς.
3369 5261 3754 5337 Ἐρωτωμένου

2195 5373 2253 5426 δὲ
2282 5369 2568 5443 βασιλέως,
2586 5369 2638 5422 εί
2658 5386 2713 5421 τι
2734 5367 2856 5420 τότε
2888 5365 3019 5435 περὶ
3044 5365 3142 5434 τῆς
3169 5356 3461 5424 ἐπιϐουλῆς
3477 5350 3754 5443 ὑπωπτευ-

2197 5441 2313 5530 κεν,
2352 5461 2509 5517 οὐδὲν
2550 5457 2734 5513 εἶπεν·
2788 5456 2926 5510 ἀλλά
2978 5453 3086 5507 τῶν
3136 5451 3315 5507 ἄλλων
3368 5441 3754 5517 θορυϐούντων,

2198 5558 2294 5613 καὶ
2322 5557 2511 5624 ὥσπερ
2543 5551 2864 5606 δεδοικότων
2905 5547 3036 5618 περὶ
3067 5543 3254 5608 αὐτοῦ,
3306 5543 3364 5595 ἐν
3397 5532 3752 5609 εὐτραπελίας

2199 5650 2329 5704 εῖδει
2352 5648 2572 5719 θαρρεῖν
2595 5645 2732 5714 πρὸς
2761 5641 2960 5702 αὐτοὺς
2993 5639 3188 5702 εἰπεῖν,
3220 5637 3314 5688 καὶ
3344 5631 3419 5703 μὴ
3450 5624 3753 5684 δεδοικέναι³

2206 5741 2479 5814 μάχαιραν
2523 5738 2631 5806 γὰρ
2662 5735 2915 5802 κατέχειν
2948 5729 3042 5785 καὶ
3073 5729 3257 5782 αὐτόν.
3277 5726 3340 5778 Ἤ
3393 5724 3492 5792 μὲν
3533 5716 3620 5772 οὖν
3646 5717 3753 5806 ἐπα·

517 5840 692 5912 l'psam
723 5851 880 5897 erant
914 5839 1384 5896 administratores
1411 5839 1551 5909 eius,
1586 5845 1870 5906 postquam
1905 5833 2079 5889 Moeso

2203 5811 2369 5901 ϐουλὴ
2404 5829 2576 5891 οὕτως
2629 5823 2901 5896 ἐμηνύθη.
2953 5823 3008 5875 Ὀ
3070 5817 3322 5890 βασιλεὺς
3369 5832 3425 5868 τε
3468 5811 3620 5872 ait);
3674 5815 3753 5862 γκαῑ
