4048 6426
384 447 523 515 127⁸1

1515 439 2056 502 lllSTORlARUM
2103 439 2338 500 LIBER
2381 440 2499 500 llI.

3494 431 3630 496 1278

378 561 429 614 οι
459 555 584 625 περὶ
616 551 776 608 αύτδν
833 551 1036 616 πολλὰς
1063 551 1379 624 ὡμολόγουν
1421 555 1653 624 χάριτα-ς
1681 552 1824 621 Θεῷ,
1858 551 1951 603 οὖα

2080 567 2180 604 ἰιιη
2237 563 2291 608 et
2344 553 2573 607 aliorum
2642 549 2842 603 auxilia
2897 546 3034 602 nihil
3077 545 3423 617 profuerunt,
3475 546 3632 599 vide-

378 665 488 711 τως
513 647 578 700 ὲκ
599 644 852 716 χαλεπῶν
872 644 1138 698 κινδύνων
1167 645 1417 714 ρυομένῳ
1447 644 1695 716 βασιλέα.
1728 643 1950 704 Βασιλὶς

377 739 435 793 δὲ
459 741 492 810 ἠ
516 739 684 792 Ἀννα
710 737 805 790 καὶ
835 737 886 790 οί
938 735 1067 806 περὶ
1098 735 1269 806 αὐτὴν
1313 736 1424 789 τῶν
1475 734 1821 804 πραγμάτων
1853 733 1954 801 άρ-

380 846 586 900 χοντες,
644 828 767 879 ἐπεὶ
825 825 975 897 παρά
1001 843 1059 878 τε
1111 829 1214 897 τῆς
1259 825 1462 879 Μυσῶν
1497 826 1816 894 συμμαχίας
1857 824 1952 874 καὶ

381 922 492 975 τῶν
541 920 722 974 ἄλλων
772 919 981 989 ὥνηντο
1027 918 1204 984 οὐδὲν,
1259 917 1530 990 Ὀρχάνην
1581 933 1639 970 τε
1690 915 1952 968 ἀδύνατον

384 1018 572 1085 ἑώρων
604 1015 954 1086 μεταπείθειν
1008 1017 1144 1086 πρὸς
1180 1012 1636 1083 Καντακουζηνὸν
1667 1011 1758 1063 τὸν
1797 1010 1952 1080 βασι-

383 1109 481 1161 λέα
515 1107 772 1176 πολεμεῖν
799 1106 888 1159 διά
919 1105 979 1158 τὸ
1001 1105 1495 1175 κῆδος,ἐτράποντο
1527 1105 1619 1157 ἐπὶ
1650 1104 1713 1156 τὸ
1745 1102 1958 1156 πείθειν

383 1199 570 1271 ἔτερόν
601 1215 723 1252 τινα
749 1198 858 1252 τῶν
890 1197 1185 1268 βαρϐάρων
1235 1181 1551 1267 συμμαχεῖν
1582 1198 1786 1257 αὐτοῖς.
1849 1193 1959 1248 Καὶ

383 1285 702 1354 πέμψαντες
735 1285 979 1355 Τάγαριν
1006 1285 1281 1356 Γεώργιον
1320 1287 1411 1338 τὴν
1441 1285 1618 1354 μέγαν
1649 1299 1957 1354 στρατοπε-

384 1377 593 1446 δάρχην
651 1377 790 1447 πρὸς
837 1378 1124 1448 Σαρχάνην
1158 1377 1250 1429 τὸν
1277 1377 1482 1437 Λυδίας
1515 1376 1807 1447 σατράπην
1834 1391 1848 1404 ·
1892 1370 1963 1444 ἦν

386 1468 497 1538 γάρ
527 1467 676 1538 αύτῷ
705 1470 802 1521 καὶ
833 1469 1074 1538 συνήθης
1124 1470 1393 1538 πρότερον
1445 1468 1540 1520 ἐπὶ
1570 1453 1964 1534 Φιλαδέλφειαν

386 1537 558 1614 πολὺν
578 1537 774 1630 χρόνον
789 1559 869 1631 τῷ
895 1537 1064 1630 πατρὶ
1088 1537 1550 1630 συνδιατρίψαντιο
1573 1560 1784 1613 ἐδέοντο
1813 1559 1965 1629 σφίσι

390 1649 606 1720 βοηθεῖν
665 1653 758 1703 καὶ
796 1651 1040 1720 πέμπειν
1079 1652 1220 1703 κατὰ
1259 1651 1528 1720 βασιλέως
1569 1649 1855 1720 στρατιάν.
1901 1650 1960 1701 '0

387 1741 444 1794 δὲ
471 1742 673 1795 αὐτίκα
701 1759 761 1794 τε
787 1743 1062 1808 ἐπείθετο,
1099 1744 1194 1796 καὶ
1226 1742 1605 1811 συνεξέπεμπε
1634 1740 1713 1810 τῷ
1747 1743 1964 1811 Τάγαρι

387 1830 488 1902 τὴν
519 1830 769 1900 δύναμιν.
814 1832 1020 1901 ’Λμοὺρ
1068 1832 1125 1884 δὲ
1173 1832 1247 1894 ὡς
1291 1831 1526 1884 ἐπύθετο
1575 1832 1676 1899 τὴν
1707 1831 1959 1899 Σαρχάνη

392 1925 655 1995 στρατιὰν
685 1926 970 1996 χωροῦσαν
999 1926 1143 1979 κατὰ
1183 1925 1470 1995 βασιλέως,
1514 1925 1667 1978 δεινὰ
1700 1926 1962 1987 ἐποιεῖτο,

391 2020 486 2068 καὶ
509 2016 752 2069 ἐπίνοιάν
780 2033 904 2069 τινα
945 2018 1240 2069 ἐσκέπτετο
1263 2017 1328 2068 δι’
1359 2012 1425 2087 ἦς
1457 2016 1668 2081 ἐξέσται
1715 2017 1792 2083 τῷ
1827 2017 1966 2084 φίλῳ

395 2107 632 2177 βοηθεῖν.
663 2108 769 2160 Καὶ
799 2107 1210 2176 ἀπολεξάμενος
1243 2105 1336 2159 δύο
1364 2107 1473 2159 τῶν
1504 2107 1633 2176 παρ’
1665 2107 1813 2175 αύτῷ
1844 2109 1967 2158 ἑπι-

393 2198 601 2268 φανῶν,
643 2197 737 2261 οὓς
766 2199 885 2270 ᾔδει
915 2198 1153 2268 μάλιστα
1198 2199 1270 2252 τὰ
1300 2197 1442 2252 κατὰ
1469 2199 1697 2268 γνώμην
1727 2198 1966 2267 πράξον-

391 2303 514 2350 τας,
540 2288 816 2358 ἐξέπεμπε
852 2286 949 2340 καὶ
987 2286 1280 2356 δισχιλίους
1303 2284 1646 2354 στρατιώτας
1691 2286 1971 2356 παρασχό-

398 2395 581 2449 μενος,
619 2379 691 2441 ώς
724 2377 840 2447 ἅμα
863 2381 929 2448 τῇ
963 2378 1218 2447 Σαρχάνη
1246 2378 1477 2448 στρατιᾷ
1513 2377 1971 2447 περαιωθησομέο

395 2488 519 2535 νους
575 2472 712 2543 πρὸς
776 2471 876 2543 τὴν
931 2471 1175 2541 Θρᾴκην.
1220 2469 1384 2532 Ἐθος
1442 2469 1551 2541 γάρ
1591 2469 1806 2532 τούτοις
1855 2469 1972 2531 τοῖς

399 2563 716 2633 βαρϐάροις,
771 2565 902 2616 ὅταν
930 2563 1024 2614 επὶ
1071 2561 1367 2629 λεηλασίαν
1410 2559 1585 2623 ἴωσιν,
1626 2559 1694 2613 ἄν
1733 2576 1882 2623 τινες
1911 2560 1972 2626 ἐξ

398 2654 589 2724 ἑτέρας
618 2653 954 2724 σατραπείας
978 2651 1206 2706 ἐθέλωσι
1238 2652 1594 2716 συνέπεσθαι,
1619 2651 1694 2721 μὴ
1715 2651 1974 2718 κωλύειν,

399 2745 538 2800 ἀλλὰ
586 2744 682 2798 καὶ
730 2743 946 2802 ειδέναι,
987 2743 1148 2814 χάριν
1176 2742 1252 2806 ώς
1299 2743 1477 2812 φίλοις
1519 2744 1615 2796 καὶ
1641 2743 1973 2814 συμμάχοις.

411 2835 662 2891 Ἐκέλευε
695 2835 751 2888 δὲ
798 2835 1010 2904 Ἀμοὺρ
1056 2836 1168 2896 τοῖς
1201 2837 1335 2904 παρ’
1393 2834 1592 2888 ἑαυτοῦ
1639 2836 1975 2905 πεμφθεῖσιν

399 2925 680 2997 ἄρχουσιν,
713 2925 789 2988 ὡς
838 2925 906 2978 ἂν
957 2925 1056 2996 μὲν
1093 2924 1468 2981 διαλλάττοιτο
1508 2927 1645 2996 πρὸς
1677 2926 1906 2996 βασιλέα
1941 2928 1975 2997 ὴ

405 3018 662 3089 Σαρχάνη
717 3015 992 3086 στρατιά⁶
1051 3015 1263 3069 οἴεσθαι
1323 3016 1434 3086 γὰρ
1489 3017 1690 3078 αὐτοὺς
1753 3018 1981 3088 βασιλέα

401 3111 618 3162 πείσειν
662 3106 1050 3162 κατατίθεσθαι
1076 3108 1171 3160 τὸν
1199 3107 1337 3178 πρὸς
1365 3109 1576 3161 ἐκεῖνον
1606 3107 1848 3178 πόλεμον
1881 3107 1977 3160 καὶ

2057 655 2293 714 runtque
2328 659 2606 713 nunquam
2638 644 2776 708 fore,
2818 650 2877 695 ut
2923 639 3162 694 Orchani
3209 638 3354 692 aliud
3399 651 3625 706 persua-

2055 738 2267 804 derent,
2296 752 2530 805 cumque
2562 736 2631 790 ad
2664 735 3105 790 Cantacuzenum
3156 745 3408 785 socerum
3456 744 3629 798 oppu-

2055 833 2327 900 gnandum
2375 829 2720 890 inducerent,
2762 825 2829 880 ad
2865 824 3003 879 alius
3053 822 3271 877 Barbari
3307 821 3625 875 societatem

2059 919 2396 974 etauxilium
2446 915 2848 988 implorandum
2901 928 3023 969 sese
3071 919 3480 967 converterunt.
3527 910 3634 963 lta-

2057 1027 2162 1082 que
2191 1011 2480 1081 Georgium
2512 1009 2743 1081 Tagarin
2766 1049 2782 1073 ,
2808 1021 3063 1078 magnum
3090 1002 3618 1073 stratopedarcham,

2059 1102 2125 1156 ad
2146 1101 2476 1156 Sarchauem
2500 1100 2679 1172 Lydiae
2698 1109 2966 1169 satrapam
2984 1099 3032 1152 ei
3058 1095 3380 1150 familiarem
3411 1093 3634 1162 (quippe

2060 1195 2155 1264 qui
2183 1209 2306 1248 cum
2347 1205 2501 1263 patre
2543 1191 2718 1261 ipsius
2761 1189 3057 1244 Sarchanis
3100 1183 3493 1253 Philadelphiae
3537 1183 3634 1236 diu

2061 1291 2312 1336 versatus
2352 1281 2554 1350 fuerat)
2587 1280 2835 1346 mittunt,
2869 1287 2924 1334 et
2957 1294 3114 1348 opem
3145 1277 3424 1330 adversus
3459 1273 3638 1339 impeo

2062 1386 2298 1428 ratorem
2321 1371 2582 1443 ﬂagitant.
2611 1371 2663 1426 1s
2688 1369 2978 1425 confestim
3009 1370 3199 1432 ﬂexus,
3225 1364 3418 1436 Tagari
3450 1361 3640 1430 copias

2063 1465 2246 1519 tradit.
2277 1463 2536 1518 Amurius
2565 1470 2626 1516 ut
2658 1462 2726 1515 ad
2761 1461 2880 1530 ejus
2905 1475 3068 1514 aures
3098 1457 3272 1522 venit,
3301 1455 3634 1510 Sarchanem

2063 1568 2254 1611 contra
2287 1556 2670 1624 imperatorem
2705 1554 2922 1607 mittere
2957 1551 3211 1614 militem,
3249 1549 3431 1616 iniqua
3455 1554 3638 1600 mente

2067 1649 2208 1716 tulit,
2236 1659 2290 1702 et
2318 1648 2576 1717 quiddam
2609 1656 2954 1702 commentus
2979 1654 3081 1711 est,
3108 1659 3216 1714 quo
3244 1645 3418 1696 amico
3453 1633 3634 1710 cpitu-

2064 1740 2292 1795 larctur.
2345 1738 2586 1792 Delectis
2615 1738 2761 1792 enim
2797 1737 2864 1792 de
2903 1736 3016 1791 suis
3061 1735 3278 1791 duobus
3309 1731 3642 1796 illustribus,

2069 1846 2209 1901 quos
2238 1831 2340 1884 sibi
2374 1829 2428 1882 in
2461 1830 2653 1898 primis
2680 1829 3042 1882 obsecuturos
3071 1837 3249 1893 norat,
3275 1825 3452 1895 iisque
3484 1824 3643 1878 attri-

2067 1921 2431 1978 butisduobus
2443 1923 2698 1988 millibus,
2713 1919 2870 1974 simul
2885 1935 3007 1973 cum
3029 1917 3097 1971 Sa
3107 1917 3320 1973 rchanis
3334 1917 3648 1972 cohortibus

2068 2015 2124 2069 in
2149 2014 2440 2069 Thraciam
2469 2013 2796 2082 trajecturos
2829 2009 2993 2064 misit.
3020 2009 3148 2062 Erat
3175 2009 3319 2062 enim
3354 2007 3497 2078 apud
3512 2007 3647 2060 Bar-

2068 2107 2228 2162 baros
2277 2106 2411 2160 istos
2455 2105 2720 2170 solemne,
2762 2119 2890 2157 cum
2929 2101 3244 2171 populatmn
3291 2101 3454 2164 irent,
3484 2098 3530 2153 si
3579 2113 3647 2152 ex

2069 2200 2175 2254 alia
2213 2199 2449 2269 satrapia
2485 2205 2671 2252 essent
2703 2197 2795 2266 qui
2840 2195 2997 2264 sequi
3031 2200 3321 2264 cuperent,
3364 2207 3434 2246 nc
3465 2190 3650 2261 prohi—

2069 2293 2351 2358 bereutur,
2381 2291 2514 2360 quin
2547 2298 2603 2344 et
2631 2287 2817 2358 gratiae
2845 2296 2904 2341 ut
2933 2286 3123 2340 amicis
3153 2293 3210 2340 et
3255 2284 3420 2339 sociis
3475 2283 3648 2337 habe-

2073 2393 2281 2438 rentur.
2315 2380 2607 2451 Imperavit
2652 2387 2833 2434 autem
2863 2377 3091 2432 duribus
3120 2377 3258 2439 suis,
3314 2383 3377 2430 ut
3423 2373 3469 2428 si
3517 2372 3653 2427 Sar-

2074 2474 2267 2530 cbanis
2293 2475 2464 2543 copia:
2499 2473 2823 2543 imperatori
2857 2471 3350 2526 reconciliarentur
3374 2469 3652 2538 (arbitrari

2075 2567 2222 2620 enim
2251 2580 2332 2630 se,
2361 2579 2487 2618 eum
2514 2579 2580 2618 ex
2609 2564 2857 2618 hostibus
2908 2563 3010 2618 sibi
3039 2561 3246 2616 amicos
3275 2570 3329 2616 et
3356 2560 3651 2614 auxiliares

2076 2656 2463 2724 redditurum),
2497 2669 2599 2709 nec
2653 2653 2757 2724 ipsi
2809 2669 3070 2708 arcanum
3130 2651 3504 2713 enuntiarent,
3561 2649 3656 2704 sed

2080 2763 2208 2803 cum
2256 2747 2377 2802 aliis
2425 2746 2494 2802 ad
2547 2747 2938 2816 imperatorem
2981 2744 3299 2799 transirent.
3351 2741 3448 2797 Sin
3505 2741 3656 2798 illum

2079 2839 2227 2895 serio
2248 2853 2567 2909 oppugnare
2597 2838 2820 2901 vellent,
2845 2837 2982 2892 clam
3009 2836 3314 2901 mitterent,
3348 2843 3401 2889 et
3433 2833 3502 2888 ad
3529 2834 3661 2887 Bar-

2081 2932 2228 2988 barie
2281 2931 2650 2987 resistendum
2708 2931 3088 2985 hortarentur.
3140 2927 3452 2998 Dispertitis
3495 2942 3671 2995 porro
3749 2985 3757 2992 ,

2081 3025 2384 3090 ordinibus,
2414 3024 2702 3094 ingruente
2727 3023 2840 3092 jam
2868 3021 3147 3088 conflictu,
3179 3023 3244 3076 ad
3275 3022 3662 3091 imperatorem

2086 3115 2510 3187 transfugerent,
2571 3124 2627 3169 et
2681 3129 2806 3169 cum
2857 3114 3006 3168 illius
3040 3113 3255 3184 agmine
3293 3115 3350 3170 in
3393 3110 3669 3165 Barbaros

403 3202 739 3273 συμμαχεῖν·
787 3201 911 3272 μηδ’
945 3200 1146 3264 αὐτοὺς
1177 3201 1588 3257 ἀποκαλύπτειν
1620 3202 1683 3254 τὸ
1733 3201 1974 3274 ἀπόρρη-

2080 3211 2503 3292 impressionem
2569 3208 2838 3264 facerent.
2906 3207 3055 3261 Talia
3107 3207 3341 3260 ducibus
3402 3203 3667 3274 praecepit

405 3310 518 3358 τον,
550 3294 689 3348 ἀλλὰ
730 3294 870 3363 μετὰ
898 3292 1008 3346 τῶν
1041 3293 1216 3348 ἀλλων
1238 3293 1378 3365 πρὸς
1406 3295 1499 3347 τὸν
1540 3293 1766 3364 βασιλέα
1795 3295 1976 3366 ἥκειν.

411 3387 508 3439 “Av
535 3385 582 3439 δ’
603 3384 864 3440 ιθέλωσιν
894 3387 1092 3440 ικεῖνοι
1125 3387 1384 3457 πολεμεῖν
1407 3387 1482 3451 ώς
1516 3388 1757 3460 άληθῶς,
1793 3391 1980 3459 κρύφα

407 3479 734 3549 πέμψαντας
771 3479 908 3550 πρὸς
935 3479 1178 3549 βασιλέα,
1223 3484 1514 3550 παραινεῖν
1547 3481 1696 3552 αὐτῷ
1745 3483 1980 3536 ἀντικα-

408 3572 698 3626 θίστασθαι
731 3571 867 3642 πρὸς
909 3571 1091 3642 μάχην
1121 3573 1236 3633 τοῖς
1270 3571 1591 3642 βαρϐάροις.
1637 3573 1894 3626 Ἐπειδὰν
1923 3574 1982 3626 δὲ

405 3658 507 3720 ὦσι
531 3663 1133 3734 παρατεταγμένοι,καὶ
1157 3663 1260 3733 ήδη
1282 3663 1518 3733 μέλλωσι
1538 3663 1979 3732 συμπλέκεσθαι,

413 3757 772 3829 μεθίστασθαι
829 3755 965 3824 πρὸς
997 3755 1251 3826 βασιλέα,
1309 3757 1403 3809 καὶ
1459 3757 1658 3824 χωρεῖν
1685 3755 1828 3809 κατὰ
1873 3757 1984 3809 τών

413 3849 707 3922 βαρϐάρων
737 3847 878 3919 μετὰ
913 3849 1012 3918 τῆς
1042 3849 1253 3901 ἐκείνου
1285 3849 1569 3916 στρατιᾶς.
1603 3849 1730 3911 Τοῖς
1765 3847 1862 3918 μὲν
1891 3844 1984 3902 οὖν

411 3941 640 4012 ἄρχουσι
677 3939 778 4008 τῆς
820 3939 1082 4009 στρατιᾶς
1140 3938 1285 3992 οὕτω
1319 3940 1690 4010 προσέταττεν
1752 3937 1982 4010 Ἀμοὺρ,

415 4031 644 4100 μηδενὸς
679 4030 861 4092 αὐτοῖς
885 4029 1076 4100 ἑτέρου
1112 4029 1418 4092 συνειδότος
1443 4030 1503 4084 τὸ
1521 4030 1985 4103 ἀπόρρητον.Τοῖς

414 4122 772 4194 στρατιώταις
802 4123 859 4176 δὲ
888 4123 1107 4175 ἐκέλευε
1129 4123 1308 4177 πάντα
1328 4121 1612 4176 πείθεσθαι
1635 4124 1751 4186 τοῖς
1773 4121 1984 4193 ἄρχου-

415 4230 492 4280 σι,
527 4215 621 4269 καὶ
649 4214 851 4285 μηδένα
878 4215 1378 4286 πολυπραγμονεῖν,
1402 4215 1477 4278 ώς
1499 4215 1553 4269 εῐ
1573 4233 1654 4279 τις
1681 4215 1757 4286 μὴ
1780 4215 1986 4268 πείθοι-

412 4321 495 4371 το,
526 4305 694 4358 αὐτοῦ
721 4307 814 4359 καὶ
846 4306 1038 4374 γένους
1058 4305 1598 4376 διαφθαρησομένου.
1622 4304 1860 4359 Τοιαῦτα
1887 4305 1988 4376 μὲν

411 4400 442 4452 ὁ
476 4399 680 4468 ’Δμοὺρ
699 4398 1062 4464 συσκευάσας,
1091 4397 1227 4467 μετὰ
1252 4398 1364 4452 τῶν
1401 4397 1577 4452 ἄλλων
1603 4397 1986 4468 συνεξέπεμπε

412 4488 510 4560 τὴν
534 4490 815 4561 στρατιάν.
841 4490 1094 4559 ’Τάγαρις
1123 4489 1181 4542 δὲ
1223 4490 1253 4542 δ
1293 4488 1466 4560 μέγας
1502 4487 1984 4560 στρατοπεδάρχης

413 4581 624 4643 πάντας
662 4580 803 4650 ἔχων
856 4581 1028 4650 ὁμοῦ,
1053 4579 1379 4652 ἐπεραιοῦτο
1420 4579 1527 4648 τὸν⁶
1566 4578 1983 4649 Ἑλλήσποντον.

413 4673 522 4726 Καὶ
550 4675 578 4725 ὁ
613 4671 868 4742 βασιλεὺς
904 4672 1026 4724 ἐπεὶ
1054 4671 1155 4743 τὴν
1184 4671 1449 4742 στρατιάν,
1475 4670 1706 4724 ιπύθετο
1745 4687 1986 4742 περαιω-
2045 4661 2055 4669 ’

417 4763 624 4827 θεῖσαν,
666 4761 784 4832 ἅμα
815 4761 874 4816 δὲ
927 4763 1004 4826 ώς
1043 4765 1091 4817 οί
1141 4762 1351 4835 ταύτην
1388 4762 1618 4832 ἄγοντες
1669 4765 1992 4834 στρατηγοὶ,

411 4854 524 4907 τῶν
555 4853 728 4923 φίλων
775 4853 886 4906 alat
929 4855 1024 4906 καὶ
1080 4853 1191 4910 τῶν
1229 4853 1498 4926 συνήθων,
1529 4856 1621 4908 τὸν
1665 4853 1986 4924 Λοιδορίτην

413 4947 510 4999 καὶ
549 4944 803 4998 Ἀθιανὸν
851 4943 1073 5013 πέμψας
1109 4943 1248 5014 πρὸς
1275 4945 1496 5008 αὐτοὺς.
1538 4943 1782 5016 παρῄνει
1820 4961 1996 4998 κατα-

415 5037 663 5093 τίθεσθαι
688 5039 782 5092 τὸν
809 5039 1051 5107 πόλεμον
1087 5036 1186 5091 τὸν
1231 5036 1371 5107 πρὸς
1421 5033 1584 5090 αὖτόν
1612 5053 1627 5068 ο
1659 5039 1756 5090 καὶ
1814 5038 1996 5092 πάντα

413 5138 585 5186 τόπον
617 5131 897 5202 ἐπεχείρει
933 5129 1146 5184 πείθειν
1173 5129 1510 5198 ἀφίστασθαι
1546 5127 1643 5182 τοῦ
1673 5129 1793 5183 κατ’
1823 5128 1994 5183 αὐτοῦ

415 5224 638 5296 χωρεῖν.
668 5223 733 5276 Ol
769 5223 868 5292 μὲν
893 5219 988 5275 οὖν
1026 5221 1179 5276 ἄλλοι
1225 5219 1336 5275 τῶν
1380 5219 1673 5292 ἡγεμόνων
1733 5220 1835 5274 οὐκ
1871 5219 1998 5290 ἀφίει

423 5332 624 5369 σταντο
655 5315 752 5370 τοῦ
778 5315 1046 5387 πράττειν
1083 5314 1151 5368 τά
1182 5313 1324 5368 κατὰ
1356 5312 1584 5384 γνώμην
1619 5311 1697 5383 τῷ
1715 5312 1868 5382 σφῶν
1902 5328 2000 5366 σα-

414 5407 628 5478 τράπηο
651 5406 870 5478 άληθῶς
896 5407 1007 5476 γὰρ
1033 5404 1398 5476 ἐπέμφθησαν
1420 5405 1546 5458 κατ’
1577 5403 1766 5457 αὑτοῦ.
1799 5403 1996 5474 Ὅμως

415 5499 477 5554 δέ
519 5517 678 5564 τινας
717 5501 815 5553 καὶ
869 5499 1248 5568 χρηστοτέρας
1293 5494 1621 5568 παρείχοντο
1650 5496 1894 5560 ἐλπίδας.
1929 5496 1996 5550 Οί

415 5595 516 5664 τῆς
575 5593 784 5665 Ἀμοὺρ
838 5591 894 5645 δὲ
944 5592 1208 5664 στρατιᾶς
1255 5590 1556 5661 ἡγούμενοι
1625 5590 1868 5660 ἐμήνυον
1932 5588 1998 5642 τὸ

419 5686 730 5756 ἀπόρρητον
777 5683 856 5753 τῷ
910 5683 1146 5754 βασιλεῖ,
1203 5683 1298 5736 καὶ
1329 5683 1606 5754 παρῄνουν
1636 5698 1697 5734 τε
1746 5681 1996 5752 θαρρεῖν,

421 5777 519 5830 καὶ
553 5775 1082 5847 παρασκευάζεσθαι
1119 5775 1254 5842 πρὸς
1299 5775 1482 5845 μάχην
1525 5774 1591 5827 ἂν
1627 5771 1876 5826 ἐπίωσιν.
1931 5773 1994 5823 Οί

424 5869 526 5939 μὲν
549 5864 643 5924 οὖν
670 5868 932 5939 πρέσϐεις
958 5867 1186 5940 τάχιστα
1205 5869 1618 5932 ἐπανελθόντες,
1642 5864 1996 5935 ἀπήγγελλον

2081 3304 2365 3368 Amurius,
2416 3317 2540 3372 quae
2584 3300 2825 3371 reliquos
2873 3297 3131 3353 fallebant
3180 3309 3396 3351 omnes.
3466 3294 3668 3350 Milites

2083 3410 2213 3450 vero
2237 3393 2439 3449 omissa
2473 3392 2796 3449 curiositate
2823 3391 3056 3446 ducibus
3088 3404 3185 3460 per
3223 3388 3409 3444 omnia
3453 3389 3666 3447 obtem-

2083 3501 2274 3558 perare
2308 3485 2493 3556 jussit.
2523 3485 2626 3550 Qui
2656 3499 2820 3540 secus
2860 3484 3104 3546 fecisset,
3151 3497 3274 3536 cum
3303 3495 3506 3552 genere
3559 3493 3665 3532 suo

2087 3581 2416 3652 periturum.
2451 3575 2839 3648 Huiuscemodi
2872 3575 3056 3631 dolum
3097 3573 3446 3633 machinatus
3491 3569 3662 3623 Amu—

2086 3674 2224 3738 rius,
2255 3687 2378 3726 cum
2415 3671 2538 3725 aliis
2568 3685 2700 3725 suos
2734 3670 2931 3724 emisit.
2967 3666 3192 3738 Tagaris
3239 3680 3362 3720 cum
3408 3663 3664 3720 omnibus

2085 3765 2270 3821 Persis
2297 3763 2706 3833 Hellespontum
2744 3760 2976 3833 trajecit.
3019 3757 3183 3829 687
3235 3756 3533 3825 Imperator
3569 3754 3659 3807 ubi

2085 3856 2385 3912 exercitum
2409 3831 2810 3916 transvectum;
2828 3860 2882 3904 et
2911 3851 3071 3904 simul
3097 3850 3354 3904 ductores
3375 3847 3579 3902 amicos
3609 3861 3675 3899 ac

2083 3947 2375 4004 familiares
2390 3960 2512 3999 esse
2535 3943 2766 4016 accepit,
2796 3958 2892 4012 per
2924 3941 3248 3996 LmJoritem
3287 3949 3343 3994 et
3374 3939 3670 3992 Athianum

2086 4037 2319 4102 monuit,
2357 4038 2435 4090 uti
2477 4033 2622 4088 bello
2667 4041 2859 4087 contra
2904 4046 2986 4086 se.
3012 4030 3480 4100 supersederent;
3517 4028 3664 4098 quod

2087 4137 2148 4184 ut
2174 4129 2240 4183 ab
2287 4127 2396 4182 illis
2442 4127 2742 4188 obtineret,
2795 4124 3043 4177 tentahat
3090 4121 3298 4176 omnia.
3349 4120 3454 4173 Alii
3510 4119 3677 4190 igitur

2086 4220 2276 4284 duces,
2323 4232 2444 4288 qua
2497 4231 2699 4286 cupere
2753 4223 3022 4282 satrapam
3072 4227 3232 4266 suum
3285 4219 3533 4278 nossent,
3564 4225 3675 4262 non

2141 4309 2612 4374 raztermittebant,
2641 4322 2770 4363 vere
2809 4305 3081 4375 siquidem
3111 4312 3302 4358 contra
3331 4303 3673 4358 Cantacuzc-

2089 4395 2219 4458 lium
2249 4402 2401 4456 missi
2456 4408 2634 4454 erant.
2692 4396 3085 4452 Verumtamen
3136 4411 3290 4466 spem
3344 4395 3546 4450 bonam
3579 4396 3678 4450 da-

2091 4495 2244 4550 bant.
2279 4494 2350 4547 At
2379 4493 2548 4546 duces
2577 4490 2862 4560 c0piarum
2900 4487 3111 4544 Amurii
3157 4497 3214 4542 et
3259 4497 3532 4542 secretum
3567 4487 3676 4542 im-

2095 4586 2328 4659 peratori
2381 4583 2720 4651 reserabant,
2773 4592 2831 4638 et
2892 4581 2936 4636 si
2977 4588 3272 4652 peteretur,
3317 4580 3385 4634 ad
3434 4596 3679 4649 pugnam

2096 4679 2336 4736 vicissim
2381 4675 2590 4747 accingi
2645 4675 3028 4730 hortabantur.
3055 4671 3243 4743 Legati
3276 4673 3546 4742 ocyssime
3590 4689 3703 4726 res

2096 4771 2261 4837 versi,
2296 4779 2500 4826 statum
2535 4782 2721 4823 rerum
2767 4766 2912 4838 apud
2947 4767 3144 4821 Persas
3187 4775 3493 4837 exponunt.
3529 4765 3680 4819 Tum-

2095 4863 2213 4933 ipse
2241 4876 2458 4931 quoque
2505 4857 2870 4921 dimicationi,
2913 4858 2958 4912 si
3006 4873 3147 4929 opus
3193 4858 3287 4921 sit,
3333 4871 3394 4913 se
3432 4855 3684 4920 instruit,

2095 4953 2232 5008 alios
2281 4951 2654 5023 ﬂoceipendit,
2709 4949 3032 5005 Amurianis
3085 4964 3150 5004 ex
3205 4947 3322 5019 ipsa
3351 4947 3468 5002 acie
3504 4947 3571 5000 ad
3619 4962 3687 5003 se

2099 5045 2438 5100 transituris.
2475 5043 2644 5099 Paulo
2671 5051 2796 5112 post
2823 5049 2878 5098 et
2895 5041 3249 5098 Sarchaniani
3269 5040 3677 5110 conspirantes,

2094 5151 2439 5193 communem
2488 5133 2816 5206 legationem
2871 5133 2939 5188 ad
2992 5133 3376 5203 imperatorem
3431 5131 3679 5195 mittunt,

2095 5227 2240 5284 bono
2272 5227 2458 5280 animo
2496 5240 2616 5281 esse
2643 5224 2838 5296 iubent
2868 5241 2881 5276 :
2914 5239 2971 5278 se
3002 5222 3266 5292 deinceps
3318 5221 3498 5275 socios
3525 5219 3676 5274 illius

2097 5329 2152 5377 et
2180 5318 2388 5376 amicos
2424 5320 2562 5376 fore.
2593 5317 2877 5390 Rogabant
2906 5325 3108 5382 tamen,
3138 5329 3209 5368 ne
3253 5313 3308 5368 in
3337 5327 3581 5383 przesens
3608 5312 3682 5368 ad

2097 5427 2158 5467 se
2205 5411 2394 5465 venire
2454 5419 2692 5481 cogeret,
2729 5409 2824 5465 sed
2879 5407 3198 5479 Byzantium
3245 5405 3398 5460 abire
3444 5405 3678 5467 sineret,

2101 5502 2212 5556 illic
2250 5500 2491 5570 acceptis
2550 5498 2709 5554 donis
2751 5507 2804 5552 et
2835 5496 3123 5567 promissis
3163 5504 3392 5566 satrapae
3444 5509 3546 5549 suo
3577 5508 3677 5564 pe.

2098 5590 2278 5647 cuniis
2335 5603 2678 5652 reversurus,
2747 5596 2802 5641 et
2846 5589 2966 5656 qua:
3012 5587 3335 5656 imperaret,
3385 5583 3678 5639 ell'ecturos

2099 5680 2305 5736 omnia.
2348 5678 2464 5733 Tali
2520 5693 2688 5748 scopo
2743 5675 2964 5731 Barbari
3013 5675 3332 5747 Byzantium
3381 5682 3673 5739 venerunt,

2100 5770 2439 5842 ingressique
2461 5769 2528 5823 ad
2562 5769 2963 5837 impcratricem
2996 5767 3182 5832 duces,
3207 5782 3328 5822 eam
3353 5767 3678 5826 adorarunt.

2103 5862 2509 5930 h-zmurilicaque
2574 5861 2715 5915 dona
2771 5871 3117 5931 aeceper'tnt.
3173 5858 3443 5916 Convenit
3505 5870 3671 5927 porro
