4048 6478
380 413 522 480 1⁸279

1555 422 1798 485 JOANN
1811 423 1832 482 Ι
1842 419 1882 482 S
1920 417 2456 481 CANTACUZ‘ENI

3501 416 3638 482 me

374 527 518 578 inter
551 525 840 580 archontas
880 536 934 582 ct
984 527 1199 592 Persas,
1251 538 1305 582 ut
1358 529 1457 599 ipsi
1505 531 1728 600 quidem
1775 531 1987 586 missis.

2095 528 2274 582 ατιλεῖ
2301 529 2369 581 τὰ
2399 527 2556 596 παρὰ
2583 525 2710 580 τῶν.
2738 525 2988 596 Περσῶν,
3041 527 3158 580 Καὶ·
3199 528 3633 595 παρεσκευάζετο

377 617 692 672 triremibus
721 634 751 673 e
788 621 922 672 mari
957 620 1265 674 Orcltanetn
1314 622 1626 691 imperatori
1667 640 1956 678 succursu-

380 725 497 762 rum
531 711 862 779 impedirent
892 735 902 764 :
943 712 996 765 hi
1031 729 1059 765 a
1094 713 1395 768 continenti
1431 715 1735 778 Selvbriam
1768 717 1956 772 taudiu

378 800 713 864 obsiderent,
740 803 917 868 quoad
949 802 1120 870 ipsam
1151 816 1276 855 cum
1311 801 1624 858 adventitiis
1649 819 1958 874 expugnas-

381 901 523 943 sent.
561 892 867 960 Sperabam
910 893 1057 947 enim
1105 902 1161 947 et
1213 893 1583 964 Selybrianos,
1636 897 1681 950 si
1739 912 1958 967 magnas

384 995 528 1037 terra
561 984 805 1053 marique
840 987 1024 1054 cepias
1060 987 1347 1053 vidissent,
1377 987 1610 1042 dissidio
1631 991 1696 1042 ab
1723 989 1959 1058 impera-

386 1086 524 1140 tore,
558 1079 744 1129 urbem
800 1078 934 1146 ipsis
980 1079 1301 1133 tradituros.
1336 1081 1610 1135 Triremes
1650 1082 1770 1137 sine
1809 1097 1960 1136 mora

384 1167 793 1222 instruebantur
826 1184 840 1221 :
877 1167 1077 1235 Persm,
1112 1170 1155 1223 si
1192 1174 1336 1240 ipsos
1373 1171 1602 1226 Romani
1630 1172 1842 1240 equites
1873 1187 1961 1227 se-

383 1267 706 1324 querentur,
763 1275 956 1313 omnes
1017 1260 1194 1314 facere
1238 1277 1427 1325 servos
1470 1263 1810 1332 cegitabant.
1845 1266 1963 1328 Qua

383 1351 450 1400 de
481 1365 535 1402 re
564 1348 1008 1405 Cmtacuzennm
1041 1354 1333 1406 certiorem
1365 1354 1626 1410 facientes
1651 1355 1965 1424 quxerebant

384 1443 577 1510 ecquid
599 1445 854 1512 probaret
883 1447 1023 1499 istuc
1049 1447 1338 1506 consilium
1367 1464 1381 1509 ;
1410 1449 1499 1516 qui
1526 1447 1677 1516 quasi
1711 1447 1841 1516 inju:
1860 1448 1963 1500 iant

386 1551 536 1588 suam
584 1537 635 1589 id
675 1537 790 1590 ﬁeri
833 1538 1024 1597 vetuit,
1061 1537 1189 1590 illos
1237 1540 1502 1608 siquidem
1551 1539 1825 1597 Romanos
1857 1555 1963 1591 non

389 1621 559 1678 multo
618 1637 742 1694 post
797 1643 929 1682 suos
979 1630 1096 1682 fore
1139 1629 1363 1683 milites.
1404 1629 1481 1692 Eo
1527 1631 1688 1700 igitur
1725 1631 1967 1685 lacinore

392 1726 793 1784 temperarunt,
831 1734 954 1786 nec,
991 1721 1239 1789 quamvis
1271 1730 1512 1790 paratos,
1565 1738 1750 1775 secum
1800 1721 1967 1791 proii—

391 1806 524 1860 cisci
581 1809 1002 1865 sustinuerunt:
1055 1813 1456 1882 redeuntesque
1509 1811 1768 1882 Byzantio
1820 1813 1970 1884 Sely-

2063 623 2156 674 καὶ
2186 621 2346 684 αὐτὸς
2379 621 2456 684 ὡς
2495 617 2865 690 μαχούμενος,
2899 619 2964 689 ἢν
2997 617 3114 690 δέῃ.
3143 617 3349 672 Οὐδένα
3383 619 3488 688 γὰρ
3530 621 3632 690 ἤδη

2060 713 2168 765 τῶν
2195 711 2369 766 ἄλλων
2405 711 2645 763 ἐποιεῖτο
2683 709 2866 777 λόγον,
2897 706 3206 776 μελλόντων
3233 704 3456 760 ἐκείνων
3501 708 3635 775 πρὸς

2066 805 2236 858 αὐτὸν
2271 801 2640 873 μεθίστασθαι
2670 801 2762 853 ἐπὶ
2797 800 2898 868 τῆς
2926 799 3312 869 παρατάξεως.
3341 798 3494 852 Μετὰ
3544 815 3635 866 μι-

2062 899 2194 968 κρὸν
2225 897 2281 948 δε
2316 896 2412 950 καὶ
2436 897 2485 948 οἱ
2515 895 2665 948 ἄλλοι
2698 895 3194 962 συμφωνήσαντες,
3232 891 3419 958 κοινὴν
3446 890 3634 958 ἐποιή-

2065 1008 2228 1044 σαντο
2255 990 2560 1059 πρεσϐείαν
2592 987 2730 1058 πρὸς
2761 987 2855 1040 τὸν
2880 985 3134 1056 βασιλέα,
3167 985 3473 1053 φάσκοντες
3503 981 3637 1053 θαρ-

2069 1088 2183 1157 ρεῖν
2237 1083 2310 1146 ὡς
2362 1082 2582 1134 ἒσῡνται
2627 1063 2914 1150 σύμμαχοι
2965 1078 3064 1131 καὶ
3098 1077 3268 1145 φίλοι.
3313 1076 3549 1129 Ἐδέοντο
3579 1075 3635 1126 δὲ

2066 1175 2232 1230 αὑτοῦ
2268 1174 2342 1244 μὴ
2375 1173 2433 1224 τὸ
2460 1171 2557 1226 νῦν
2582 1170 2704 1240 ἕχον
2737 1169 3080 1234 ἀναγκάζειν·
3099 1169 3260 1239 ἥκειν
3290 1167 3422 1236 πρὸς
3446 1167 3629 1230 αὑτὸν,

2066 1267 2180 1322 ἀλλ’
2215 1266 2556 1328 ἀπελθόντας
2584 1267 2664 1328 εἰς
2705 1263 3003 1326 Βυζάντιον
3063 1261 3199 1330 πρὸς
3251 1259 3500 1329 βασιλίδα
3545 1258 3640 1310 καὶ.

2066 1360 2214 1425 δῶρα
2259 1357 2627 1425 δεξαμένους,
2681 1357 2777 1407 καὶ
2829 1355 2898 1406 τὰ
2945 1353 3340 1424 ἐπηγγελμένα
3384 1352 3638 1422 χρήματα

2068 1450 2145 1521 τῷ
2170 1450 2320 1518 σςρῶν
2356 1448 2611 1519 σατράπῃ
2643 1449 2948 1516 ἐπανήκειν
2983 1447 3120 1513 πρὸς
3143 1446 3332 1509 αὑτὸν,
3353 1445 3447 1497 καὶ
3467 1443 3639 1495 πάντα

2069 1544 2137 1596 τὰ
2175 1542 2510 1610 κελευόμενα
2546 1543 2745 1592 ποιεῖν.
2770 1540 2834 1591 Οἱ
2873 1539 2971 1607 μὲν
2995 1533 3088 1597 οὖν
3117 1535 3388 1606 βάρϐαροι
3415 1534 3640 1604 γνώμην

2076 1635 2292 1704 ἔχοντες
2323 1634 2581 1700 τοιαύτην
2606 1628 2741 1704 ἧκον
2782 1632 2864 1693 είς
2891 1630 3212 1694 Βυζάντιον.
3251 1629 3358 1680 Καὶ
3388 1630 3436 1681 oi
3483 1643 3642 1695 etpa-

2073 1728 2233 1794 τηγοὶ
2263 1724 2399 1795 πρὸς
2437 1723 2688 1792 βασιλίδα
2739 1722 3102 1785 εἰσελθόντες,
3154 1719 3532 1788 προσεκύνουν
3583 1733 3640 1769 τε

2071 1820 2166 1870 καὶ
2198 1817 2444 1886 ἐδέχοντο
2467 1816 2615 1884 δῶρα
2646 1815 2778 1883 παρ’
2802 1813 3020 1880 ἐκείνης
3053 1812 3372 1880 φιλοτίμως.
3401 1809 3645 1863 συνέϐαι-

393 1898 588 1962 briam,
620 1901 808 1955 obvios
840 1918 1032 1957 omnes
1058 1914 1346 1973 ceperunt,
1400 1920 1501 1958 nec
1534 1921 1724 1972 parum
1767 1905 1970 1966 multa-

2092 1912 2162 1961 νόν
2202 1926 2262 1959 τε
2283 1909 2350 1975 ,οι
2376 1906 2486 1960 τῶν
2519 1904 2834 1969 Βυζαντίων
2864 1905 3126 1973 ἄρχοντες
3150 1905 3262 1964 τοῖς
3297 1903 3553 1970 Πέρσαις,
3577 1900 3642 1950 ἵν’

392 2004 541 2063 runt,
574 1999 715 2066 quod
777 2010 1032 2069 tanquam
1074 2002 1240 2056 sociis
1287 2009 1342 2054 et
1397 2001 1594 2055 amicis
1641 2002 1874 2055 ﬁderent
1907 2002 1971 2055 iis

392 2089 482 2154 qui
519 2106 684 2158 prope
721 2090 1036 2164 Byzantium
1085 2095 1418 2148 int-olebant.
1449 2094 1753 2164 Selybrian;
1793 2105 1849 2148 ut
1885 2112 1973 2148 ve-

397 2193 616 2246 nerunt,
650 2186 893 2240 exercitu
924 2187 1058 2241 foris
1109 2189 1326 2254 relicto,
1360 2189 1732 2254 centuriones,
1772 2188 1972 2242 tribuni

395 2282 448 2328 et
476 2275 642 2330 dtu-es
678 2293 786 2331 non
811 2279 969 2347 pauci
1006 2279 1393 2349 imperatorem
1422 2281 1779 2342 conveniunt,
1807 2295 1836 2332 a
1868 2294 1976 2347 quo

395 2370 559 2436 Splcn
584 2368 691 2421 iido
727 2381 995 2443 apparatu
1031 2371 1241 2440 epulari
1274 2370 1646 2439 accipiuntur.
1692 2372 1892 2428 Domus
1923 2371 1973 2423 in

395 2478 500 2530 qna
555 2461 939 2514 diversabatur
986 2461 1286 2534 imperator
1342 2462 1420 2515 sic
1473 2470 1787 2516 constructa
1836 2472 1975 2527 erat,

395 2552 564 2623 633
609 2560 665 2604 nt
723 2553 981 2605 sedentes
1035 2564 1264 2620 possent
1324 2569 1473 2606 mare
1531 2553 1871 2620 conspicere,
1925 2562 1981 2606 ct

399 2644 643 2712 conspici
697 2659 724 2696 a
775 2644 1386 2716 prsett-rnavigmrtibus.
1433 2645 1614 2699 Persa:
1649 2644 1815 2714 igitur
1851 2660 1981 2698 con-

411 2737 548 2787 vhal
575 2745 739 2788 antur
767 2753 779 2786 :
814 2744 868 2788 et
900 2750 1028 2788 ccce
1066 2735 1323 2806 Byzantio
1359 2737 1556 2789 adsunt
1589 2738 1841 2789 triremes
1874 2751 1980 2789 non

404 2842 612 2896 paveat,
665 2841 787 2879 cum
827 2827 1225 2896 quinquaginta
1275 2841 1556 2879 remorum
1612 2827 1979 2895 priedalori'ts,

402 2926 908 2989 pra-tt-renntesque
945 2919 1219 2988 (sciebant
1251 2917 1398 2971 enim
1443 2918 1550 2972 illic
1593 2919 1980 2987 imperatorem

410 3009 678 3079 habitare)
716 3010 1007 3062 verborum
1043 3009 1406 3064 contumelias
1438 3027 1560 3064 cum
1593 3010 1753 3064 minis
1776 3009 1982 3064 affatim

400 3102 630 3170 iactant.
663 3101 844 3155 Persa:
873 3101 1059 3156 statim
1098 3111 1516 3172 consurgentes,
1549 3117 1614 3157 cx
1655 3103 1864 3157 aedibus
1905 3117 1984 3156 sa-

2075 2001 2232 2064 αὒτοὶ
2278 2001 2375 2068 μὲν
2422 2001 2485 2051 ὲκ
2527 1997 2809 2066 θαλάσσης
2839 1997 3083 2066 τριήρεις
3126 1994 3444 2063 πέμψαντες
3475 1990 3646 2044 κωλύ-

2078 2109 2244 2146 σωσ.ν
2287 2092 2552 2162 Ὀρχάνην
2620 2088 2832 2159 βασιλεί
2882 2087 2956 2157 μὴ
3001 2086 3236 2156 βοηθεῖν,
3290 2085 3444 2136 αὑτοί
3489 2083 3544 2134 δὲ
3584 2083 3648 2134 ἐκ

2076 2189 2176 2256 τῆς
2199 2247 2202 2250 ,
2223 2187 2456 2258 ἠπείρου
2509 2183 3241 2255 περιστρατοπεδευσάμενοι
3299 2180 3648 2249 Σηλυμϐρίαν

2082 2281 2396 2349 πολεμῶσιν
2437 2280 2598 2349 ἄχρις
2655 2277 2723 2330 ἂν
2760 2275 3268 2345 ὲκπολιορκήσωσιν
3329 2273 3497 2342 αὐτὴν
3553 2274 3646 2325 καὶ

2080 2373 2205 2435 τοὺς
2238 2372 2522 2431 συνάντας.
2555 2366 2822 2429 Ἴνῐλπιζον
2873 2366 2983 2436 γὰρ
3031 2366 3127 2418 καὶ
3185 2363 3649 2434 Σηλυμϐριανοὺς,

2079 2466 2144 2519 ἂν
2183 2464 2426 2533 μεγάλην
2471 2461 2704 2530 δύναμιν
2751 2461 2814 2512 ὲκ
2869 2459 2972 2526 γῆς
3029 2457 3122 2510 καὶ
3169 2456 3440 2524 θαλάττης
3477 2454 3648 2519 ἴδωσι,

2079 2555 2490 2607 διαστασιάσειν
2528 2553 2663 2620 πρὸς
2691 2548 2942 2619 βασιλέα,
2976 2547 3071 2600 καὶ
3103 2547 3202 2616 τὴν
3237 2545 3391 2598 πόλιν
3425 2543 3650 2606 ἐκείνοις

2082 2645 2450 2715 παραδώσειν.
2480 2645 2590 2697 Καὶ
2608 2641 2911 2702 ὡπλίζοντο
2945 2637 3143 2692 αὐτίκα
3179 2637 3234 2689 αἱ
3272 2635 3535 2706 τριήρεις.
3579 2632 3652 2684 Τὸ

2084 2741 2355 2810 Περσικὸν
2401 2738 2458 2790 δὲ
2506 2734 2809 2789 διενοοῦντο
2857 2733 2907 2786 εί
2943 2731 3039 2784 καὶ
3087 2729 3379 2799 Ῥωμαίων
3449 2724 3648 2793 ἱππικὴ

2087 2831 2321 2902 στρατιὰ
2356 2830 2645 2883 συνέποιτο
2683 2827 2869 2889 αὐτοῖς
2917 2825 3129 2882 πάντας
3159 2817 3649 2890 ὲξανδραποδίζειν.

2097 2924 2370 2996 Ἐμήνυόν
2416 2940 2477 2977 τε
2527 2920 2739 2991 βασιλεῖ
2786 2917 2864 2988 τῷ
2922 2911 3385 2982 Καντακουζηνῷ,
3445 2911 3495 2962 εἰ
3534 2905 3651 2961 καθ’

2087 3017 2280 3089 ἡδονὴν
2333 3015 2393 3068 τδ
2426 3013 2671 3068 τοιοῦτον
2703 3011 2792 3078 είη
2825 3008 3110 3078 πράττειν.
3181 3003 3258 3078 Ὀ¹
3291 3002 3337 3056 δ’
3393 2999 3650 3063 ἐκώλυεν,

2087 3108 2251 3170 αὐτὸς
2289 3105 2710 3176 ἰσχυριζόμενος
2759 3098 3090 3160 ἀδικεῖσθαι,
3145 3096 3212 3150 ἂν
3261 3092 3487 3148 τοιαῦτα
3532 3089 3652 3142 τολ-

405 3195 567 3264 gittas
613 3195 666 3248 in
719 3205 970 3250 vectores
1022 3195 1398 3265 ingeminant,
1464 3206 1517 3248 et
1555 3195 1764 3264 aliquot
1798 3195 1986 3250 vulne-

2093 3201 2265 3271 μῶσιν
2301 3217 2317 3232 ο
2337 3199 2505 3268 ὀλίγῳ
2547 3198 2657 3267 γὰρ
2691 3194 2940 3261 ὕστερον,
2971 3187 3140 3244 αὐτοῦ
3162 3187 3290 3250 τοὺς
3318 3186 3654 3256 στρατιώτας

408 3297 548 3342 rant.
582 3287 855 3342 Navarcbi
886 3299 1175 3342 cernentes
1205 3288 1400 3349 Persas
1435 3303 1586 3342 arma
1626 3304 1842 3357 capere,
1879 3287 1988 3357 pri-

409 3396 555 3433 mum
591 3381 809 3449 quidem
851 3381 1138 3450 admirari,
1166 3393 1220 3437 et
1247 3383 1504 3440 dubitare
1529 3383 1657 3453 quid
1684 3381 1789 3438 hoc
1817 3391 1987 3436 esset.

410 3473 478 3527 Ut
506 3485 690 3526 autem
740 3474 1155 3541 intellexerunt,
1192 3475 1476 3531 Persicum
1527 3491 1722 3547 agmen
1771 3490 1830 3530 se
1864 3489 1987 3527 cum

411 3564 742 3632 imperatore
773 3565 1150 3633 conjunxisse,
1189 3567 1341 3626 omni
1392 3582 1490 3636 spe
1523 3567 1765 3636 perdita,
1803 3564 1989 3620 statim

420 3667 782 3711 reverterunt.
839 3655 1141 3726 imperator
1193 3660 1408 3714 donatis
1466 3657 1718 3720 ducibus,
1769 3658 1989 3723 Persas,

410 3750 553 3818 quod
587 3759 714 3803 tune
753 3765 942 3803 eorum
991 3766 1159 3819 Opera
1203 3767 1311 3804 non
1363 3759 1572 3820 egeret,
1622 3751 1845 3804 domum
1901 3765 1993 3805 re-

413 3842 581 3895 misit.
616 3841 719 3907 Qui
758 3856 865 3895 ttOn
902 3844 1182 3897 mediocre
1223 3843 1484 3896 damnum
1531 3841 1991 3912 interpretantes,

412 3949 616 3990 Vacuus
646 3933 949 4000 discedere,
984 3935 1039 3987 in
1083 3933 1280 3988 Meesos
1313 3934 1623 4004 irruptione
1657 3933 1821 4000 facta,
1852 3936 1993 3988 mul-

417 4039 501 4081 tos
529 4027 809 4092 occidunt,
862 4027 1065 4080 multos
1098 4025 1344 4094 captivos
1385 4041 1511 4081 cum
1564 4027 1837 4096 pecudum
1881 4045 1997 4101 gre-

416 4120 574 4190 gibus
607 4121 906 4184 abducunt,
942 4128 996 4172 et
1040 4117 1307 4184 Mnasiam,
1344 4119 1389 4172 si
1429 4135 1670 4189 unquam
1709 4120 1865 4191 aljas,
1899 4124 1997 4180 de-

327 4244 336 4246 ν
418 4216 682 4267 formant.
759 4217 966 4266 ltutnor
1039 4213 1422 4282 spargebatur,
1481 4212 1869 4284 imperatorem
1928 4213 1997 4270 ad

418 4307 648 4375 gratiam
679 4322 777 4374 pro
814 4306 1076 4359 societate
1121 4304 1531 4373 rependendam
1569 4305 1713 4364 hanc
1740 4305 1868 4359 Lillis
1900 4287 1999 4358 im-

420 4397 760 4465 pressionem
797 4393 1150 4467 permisisse:
1183 4395 1279 4449 sed
1335 4395 1409 4454 illi
1464 4395 1773 4450 fabularum
1816 4396 1998 4451 archi-

421 4489 549 4542 tet-ti
609 4489 983 4542 rnerissimum
1037 4488 1386 4544 mendacium
1435 4490 1776 4560 garriebant.
1821 4490 2001 4561 Impe—

421 4591 567 4635 rator
595 4582 742 4634 enim
785 4596 896 4634 non
929 4582 1089 4635 modo
1126 4591 1274 4644 tunc,
1319 4583 1416 4636 scd
1454 4597 1559 4636 nec
1588 4599 1831 4652 unquam
1872 4592 2001 4637 ante
2034 4569 2077 4624 ι)

422 4675 476 4727 id
505 4685 718 4742 tempus
741 4676 918 4728 sciens
942 4684 996 4728 et
1021 4675 1211 4728 volens
1231 4673 1504 4729 Barbaros
1544 4673 1729 4729 blaesis
1757 4674 1997 4740 induxit,

422 4768 515 4820 sed
541 4783 667 4821 cum
701 4778 888 4821 essent
925 4769 1133 4838 plures,
1169 4784 1332 4838 quam
1379 4767 1614 4832 Romani
1646 4783 1786 4838 opus
1835 4768 2003 4823 habe-

423 4871 567 4922 rent,
602 4875 698 4929 per
732 4875 789 4914 se
819 4862 1173 4916 emolumenti
1224 4861 1307 4914 sui
1346 4875 1513 4915 causa
1564 4861 1900 4930 irruperunt.
1954 4863 2000 4917 A

426 4951 687 5006 Romanis
716 4953 920 5023 quippe
950 4953 1170 5007 auferre
1206 4953 1347 5014 nihil
1373 4951 1610 5007 licebat:
1642 4968 1877 5022 quorum
1907 4954 2004 5009 alii

422 5047 534 5113 jam
569 5043 636 5098 ad
675 5043 874 5098 incitas
905 5055 1065 5099 erant
1109 5044 1347 5108 redacti,
1393 5043 1488 5099 alii
1526 5046 1796 5114 parebant
1831 5047 2007 5117 impe-

431 5138 618 5202 tutori,
658 5136 816 5206 cujus
862 5136 1046 5191 Persa:
1097 5137 1277 5191 socios
1329 5152 1387 5191 se
1436 5145 1491 5192 et
1541 5140 1746 5194 amicos
1783 5138 2004 5208 proﬁte-

427 5233 648 5285 bantur.
708 5227 824 5286 lmo
867 5243 1000 5284 vero
1049 5228 1116 5284 de
1163 5229 1532 5286 Barbarorum
1594 5231 2008 5293 incursionibus

428 5337 524 5378 cos
557 5319 880 5392 prmmoneri
929 5335 1146 5390 semper
1186 5321 1602 5393 diligentissime
1645 5324 1912 5378 curabat:
1955 5333 2011 5378 et

431 5399 576 5485 sa‘pe
610 5414 714 5468 bac
743 5413 954 5468 ratione
983 5415 1038 5467 in
1069 5413 1266 5486 oppida
1289 5431 1354 5469 ex
1387 5417 1528 5486 agris
1563 5417 2008 5487 commigrautes.

431 5511 608 5564 autin
629 5507 782 5563 silvis
808 5507 995 5577 opacis
1019 5507 1301 5563 latitantes
1343 5510 1652 5567 conservati
1700 5518 1847 5564 sunt.
1899 5509 2013 5563 Nec

433 5604 538 5659 hoc
571 5614 804 5669 tantmn,
838 5603 936 5659 sed
965 5605 1132 5659 etiam
1160 5605 1300 5659 inter
1326 5604 1535 5660 amicos
1568 5603 2013 5672 frequentissime

441 5699 607 5752 multa
633 5697 700 5752 de
723 5696 985 5753 Romanis
1017 5698 1248 5767 captivis
1275 5699 1438 5753 verba
1487 5679 1739 5764 faciebat,
1793 5697 2014 5767 indigne

439 5789 644 5854 ferens,
682 5789 826 5859 quod
859 5806 978 5859 qua:
1029 5789 1256 5843 minime
1305 5788 1488 5853 vellet,
1522 5796 1575 5841 et
1621 5804 1782 5856 snper
1814 5789 2016 5856 quibus

447 5882 658 5937 doleret.
718 5882 904 5938 notius
937 5899 1044 5939 non
1081 5881 1448 5939 mediocriter.
1478 5896 1540 5934 ea
1578 5881 1753 5936 faccre
1806 5882 1870 5936 ab
1919 5882 2024 5956 bo-_

2091 3293 2311 3348 ἔσεσθαι
2339 3292 2604 3354 ἐκείνους.
2655 3285 2897 3344 Ἑκείνου
2942 3282 3043 3352 μὲν
3083 3275 3178 3337 οὖν
3210 3281 3529 3348 ἀπέσχοντο,
3556 3279 3659 3348 ⁵καὶ⁹

2090 3386 2212 3440 οὐδὲ
2243 3385 2528 3450 ἐνέμειναν
2557 3372 3163 3449 παρασκευασαμένους
3210 3372 3309 3425 σὺν
3358 3371 3544 3430 αὐτοῖς
3568 3367 3696 3418 ex»

2093 3478 2230 3530 θεῖν.
2274 3473 2736 3542 Ἀναστρέφοντες
2767 3469 2826 3522 δὲ
2859 3469 2924 3521 ἐκ
2963 3463 3263 3528 Βυζαντίου
3294 3461 3429 3532 πρὸς
3451 3460 3661 3529 Σηλυμ-

2095 3567 2275 3631 ϐρίαν,
2335 3566 2544 3626 πάντας
2594 3560 2987 3636 ἡνδραπόδιζον
3035 3557 3165 3620 τοὺς
3223 3555 3649 3624 προστυχόντας,

2095 3662 2190 3714 καὶ
2244 3657 2565 3730 ἐζημίωσαν
2615 3655 2716 3708 οὐκ
2754 3652 2912 3720 ὀλίγα
2963 3649 3054 3704 διὰ
3108 3653 3171 3702 τὸ
3220 3647 3446 3718 θαρρεῖν
3481 3643 3663 3703 αὐτοῖς

2095 3753 2222 3815 τοὺς
2261 3748 2394 3822 περὶ
2421 3749 2482 3801 τὸ
2519 3747 2837 3811 Βυζάντιον,
2876 3743 2954 3806 ὡς
2993 3740 3171 3812 φίλοις
3203 3742 3302 3791 καὶ
3334 3734 3661 3805 συμμάχοις.

2109 3845 2264 3899 Ἐπεὶ
2291 3843 2347 3896 δὲ
2372 3844 2456 3905 είς
2483 3837 2842 3912 Σηλυμϐρίαν
2869 3831 3033 3909 ἦσαν,
3082 3835 3116 3904 ἡ
3162 3830 3388 3901 στρατιὰ
3423 3829 3521 3898 μὲν
3561 3826 3664 3891 ἔξω

2098 3936 2480 3993 κατελείπετο.
2509 3932 2760 4002 Λοχαγοὶ
2785 3930 2844 3984 δὲ
2879 3928 2975 3982 καὶ
2997 3924 3267 3998 ἡγεμόνες
3296 3924 3387 3974 καὶ
3438 3935 3667 3985 στρατη-

2099 4032 2214 4099 γοὶ,
2248 4029 2348 4084 οὐκ
2391 4024 2768 4095 όλίγοηδντες,
2819 4021 2958 4092 πρὸς
3009 4017 3235 4089 βασιλέα
3267 4011 3450 4085 ἦλθον.
3506 4009 3668 4099 Καὶ-ὀ

2105 4097 2355 4196 βασιλεὺς
2400 4119 2578 4173 εἱστία
2626 4114 2927 4185 φιλοτίμως
2961 4113 3052 4164 ἐπ’
3097 4108 3287 4162 αὐτοῦ.
3339 4103 3492 4160 Οὕτω
3516 4102 3572 4155 δὲ
3601 4097 3670 4170 ἦν

2099 4222 2132 4289 ὴ
2159 4216 2305 4272 οἰκία
2335 4209 2832 4280 κατεσκευασμένη
2865 4207 2924 4258 ἐν
3039 4202 3294 4271 ηὐλίζετο
3335 4201 3362 4251 ὁ
3397 4196 3668 4289 βασιλείις,

2101 4284 2241 4362 ὥστε
2267 4304 2616 4375 καθημένους
2644 4301 2777 4371 όρᾷν
2798 4316 2858 4351 τε
2881 4297 2983 4366 τὴν
3008 4294 3308 4353 θάλασσαν,
3336 4290 3428 4342 καὶ
3445 4284 3674 4355 ὁρᾶσθαι

2101 4401 2302 4472 ὁμοίως
2331 4397 2438 4452 ὑπὸ
2481 4394 2594 4449 τῶν
2640 4392 2977 4463 παριόντων.
3029 4387 3327 4441 Είστιῶντο
3380 4382 3478 4452 μὲν
3507 4378 3597 4432 οὖν
3624 4377 3674 4472 ei
3711 4404 3722 4412 -

2107 4470 2336 4563 Πέρσαι,
2371 4491 2466 4543 καὶ
2500 4489 2555 4541 αἱ
2584 4489 2648 4540 ὲκ
2682 4483 2981 4548 Βυζαντίου
3019 4482 3275 4550 παρῆσαν
3304 4475 3500 4530 αὐτίκα
3522 4470 3676 4563 τριήῖ-

2112 4560 2222 4656 ρεινς
2255 4586 2356 4637 οὐκ
2409 4581 2622 4650 ὀλίγαι,
2649 4579 2747 4632 καὶ
2796 4572 3223 4643 πεντηκόντοροι
3270 4565 3542 4637 λῃστικαὶ,
3586 4560 3678 4613 καὶ

2111 4676 2550 4746 παραπλέοντες,
2571 4673 2773 4744 ᾔδεσαν
2793 4670 2901 4738 γὰρ
2923 4669 3035 4718 ἐκεῖ
3058 4662 3286 4732 βασιλέα
3309 4656 3675 4736 διατρίϐοντα,

2112 4771 2219 4824 τῶν
2253 4767 2464 4837 ὕϐρεων
2490 4763 2756 4834 ἠφείδουν.
2799 4760 2893 4812 καὶ
2923 4757 3033 4809 τῶν
3065 4753 3330 4808 ἀπειλῶν.
3379 4751 3439 4806 Οἱ
3475 4746 3680 4837 Πέρσαι

2112 4865 2168 4917 δὲ
2199 4835 2400 4915 αὐτίκα
2427 4856 2786 4918 ἀναστάντες,
2827 4849 3052 4904 ἔϐαλλον
3093 4846 3221 4908 τοὺς
3259 4841 3543 4912 τριηρίτας
3571 4835 3680 4894 ἀπὸ

2112 4957 2215 5027 τῆς
2251 4954 2431 5015 οίκίας
2463 4951 2680 5020 συχνοῖς
2727 4947 2842 5006 τοῖς
2873 4942 3079 5013 βέλεσι,
3132 4937 3226 4991 καὶ
3274 4928 3681 5027 ἐτραυμάτισαν

2113 5021 2290 5110 τινας.
2321 5047 2382 5098 Οἱ
2409 5043 2671 5110 ναυάρχοι
2696 5038 2752 5091 δὲ
2780 5038 2902 5097 τοὺς
2942 5035 3157 5102 Πέρσας
3180 5028 3414 5096 ὁρῶντες
3447 5021 3685 5093 μαχομέ-

2115 5156 2262 5202 νους,
2312 5134 2508 5204 πρῶτα
2551 5134 2650 5200 μὲν
2717 5125 3047 5195 ἐθαύμαζον,
3099 5121 3197 5176 καὶ¹
3227 5117 3538 5188 διηπόρουν,
3571 5113 3599 5166 ὅ
3633 5129 3687 5162 τι

2117 5231 2224 5301 εἴη.
2261 5229 2415 5280 Ἐπεὶ
2449 5225 2506 5278 δὲ
2537 5222 2806 5277 ἐπύθοντο
2845 5219 2909 5271 τὸ
2938 5215 3209 5286 Περσικὸν
3235 5205 3686 5301 προσκεχωρηκό-

2116 5297 2214 5386 ea;
2244 5321 2476 5394 βασιλεῖ,
2509 5317 2844 5385 ἀνέστρεφον
2879 5306 3291 5372 αὐτίκα,πὰσης
3323 5303 3503 5362 αὺτοῖς
3535 5297 3687 5351 ὲλπί*

2119 5420 2208 5480 δος
2257 5411 2730 5486 περιαιρεθείσης,
2767 5407 2861 5459 καὶ
2915 5406 2942 5456 ὁ
2990 5401 3243 5472 βασιλεὺς
3302 5398 3414 5457 τοῖς
3463 5394 3689 5486 ἄρχου-σι

2119 5511 2219 5578 τῆς
2251 5506 2515 5576 στρατιᾶς
2540 5500 2692 5570 δῶρα
2725 5495 3164 5566 παρασχόμενος,
3217 5488 3519 5554 ἀπέπεμπε
3552 5481 3685 5578 πρός
3735 5538 3740 5541 ἠ

2123 5571 2220 5670 την
2262 5571 2462 5651 οἰκίαν·
2496 5595 2557 5646 οὐ
2594 5591 2702 5661 γὰρ
2756 5587 2939 5642 αὐτῶν
2969 5585 3140 5636 ἐδεῖτο
3174 5580 3313 5634 τότε.
3357 5575 3586 5628 Ἐκεῖνοι
3632 5571 3689 5626 δὲ

2125 5667 2334 5762 ζημίαν.
2361 5690 2420 5740 οὐ
2461 5685 2666 5757 μικρὰν
2717 5679 3014 5748 ἡγούμενοι
3063 5674 3123 5727 ἐδ
3172 5675 3358 5731 κεν-αῖς
3391 5667 3690 5762 ἀναχωρεῖν

2128 5784 2338 5854 γερτῖν,
2363 5778 2806 5848 ἐπεστράτευσαν
2827 5771 3056 5830 Μυσοῖς,
3087 5768 3180 5818 καὶ¹
3206 5764 3540 5816 ἀπέκτειναν
3567 5756 3695 5808 πολ-

2286 5873 2428 5928 κατὰ
2464 5873 2560 5933 τὴν
2602 5866 2790 5935 ἔφοδον
2819 5862 3055 5929 ἐκείνην,
3094 5859 3188 5910 καὶ
3213 5851 3691 5927 ὴ-ῖδραποδίσαντς,
