4048 6498
237 2353 264 2368 δ

437 337 582 437 ’1283

1614 354 1944 422 JOANNIS
1983 349 2523 416 CANTACUZENI

3582 350 3722 418 1284

438 485 618 538 vitreo
645 481 967 536 exhibebat.
1001 479 1175 546 Quem
1227 478 1297 533 ob
1324 474 1636 546 aequitatem
1669 480 1726 526 et
1770 469 2032 524 indicium

2166 462 2494 535 ςρηστότητα
2519 459 2630 514 τῶν
2657 457 2902 531 τρόπων,
2940 457 3035 512 καὶ
3059 458 3120 512 τὸ
3148 458 3440 531 φάρμακον
3463 467 3729 536 παρεῖχεν

441 575 764 631 insidiarum
817 573 1058 628 laudavit
1099 579 1154 627 et
1190 579 1510 624 muneratus
1568 576 1656 620 est
1704 565 2029 634 imperator,

2133 559 2196 610 ὲν
2223 557 2435 626 ἀγγείῳ
2461 554 2678 625 ὕελίνῳ.
2708 554 2812 606 Τὸν
2857 553 2956 622 μὲν
3001 549 3097 607 οὖν
3147 555 3474 625 Μονομάχον
3502 559 3530 610 ὁ
3567 557 3729 628 βασι-

440 667 647 736 majora
685 665 869 720 adhuc
901 664 958 717 in
988 679 1114 718 eum
1147 662 1471 717 collaturus.
1503 655 1709 712 Veneni
1738 669 1902 725 porro
1929 651 2032 708 sub

2168 652 2258 715 εὺς
2292 648 2487 719 ἐπῄνει
2541 647 2644 718 τῆς
2679 645 3014 710 ἐπιεικείας,
3053 644 3148 698 καὶ
3207 647 3408 700 αὐτίκα
3467 649 3730 719 ἠμείϐετο

446 767 652 812 terram
679 755 996 812 defodiendi
1051 755 1330 824 negotium
1364 748 1684 805 Potamiata:
1723 744 1898 808 dedit,
1938 743 2032 813 qui

2167 743 2377 811 ωρεαῖς
2430 739 2520 793 διὰ
2549 740 2652 810 τὴν
2710 739 2943 809 μήνυσιν
2993 741 3094 810 τῆς
3136 738 3433 810 ἐπιϐουλῆς
3459 755 3473 770 ⁸
3507 741 3603 794 καὶ
3648 742 3732 794 ἔτι

442 850 497 905 id
521 860 679 905 extra
728 849 916 903 urbem
944 845 1171 901 defodit.
1214 844 1383 916 69o
1413 843 1710 904 Reversus,
1741 829 1858 892 non
1906 845 2036 890 ante

2171 835 2336 904 μέλλε
2371 835 2576 904 μᾶλλον
2618 830 2677 887 εὖ
2737 833 3014 903 ποιήτειν.
3060 831 3134 885 Τὸ
3178 833 3234 885 δὲ
3285 835 3578 904 φάρμακον
3644 835 3734 886 τὸν

446 943 574 996 lotis
606 940 862 995 manibus
891 939 1078 993 cibum
1110 939 1254 1008 cepit
1298 935 1411 1007 (64)
1444 951 1458 989 :
1499 947 1681 1003 neque
1728 931 1876 985 enim
1924 937 2036 981 tam

449 1041 776 1102 praesentem
841 1029 916 1086 illi
969 1031 1150 1084 inesse
1189 1031 1294 1082 vim
1337 1027 1745 1097 suspicabatur,
1789 1029 1850 1076 ut
1893 1021 2039 1077 vitro

445 1124 745 1186 inclusum,
791 1137 857 1176 ac
902 1120 1091 1175 multis
1124 1121 1350 1189 insuper
1382 1117 1687 1173 involucris
1721 1111 2034 1170 circumda-

448 1224 590 1277 tum,
623 1212 740 1267 solo
767 1222 1021 1266 contactu
1053 1211 1222 1265 etiam
1271 1211 1351 1264 sic
1390 1221 1593 1264 nocere
1632 1215 1840 1278 posset.
1874 1203 2040 1274 Atqui

441 1305 584 1359 adeo
650 1319 904 1374 magnam
961 1303 1072 1357 vim
1133 1313 1191 1356 et
1233 1302 1616 1357 eﬂicacitatem
1670 1298 1946 1361 habebat,
1982 1306 2043 1350 ut

448 1395 772 1451 Potamiaue
797 1405 1010 1450 tantum
1043 1407 1156 1450 nou
1191 1395 1476 1449 interitum
1521 1392 1768 1447 attulerit
1811 1408 1825 1444 :
1875 1404 2041 1460 quem

447 1487 726 1541 diarrhuezi
795 1488 1076 1556 frequens,
1109 1494 1165 1540 ct
1201 1486 1363 1541 dolor
1413 1484 1681 1540 stomachi
1739 1481 2042 1536 vehemens

446 1580 704 1649 arripuit,
732 1591 788 1633 et
825 1590 941 1633 toto
964 1591 1060 1634 Ore
1090 1579 1325 1649 pustulae
1355 1577 1740 1648 erumpebant,
1762 1590 1825 1629 ac
1852 1574 2044 1628 dentes

448 1672 688 1743 gingivis
741 1671 1170 1734 emarcentibus,
1236 1672 1630 1742 propemodm
1691 1667 2042 1723 exeidebant.

448 1763 736 1818 Theriaca:
785 1774 993 1829 autem,
1047 1764 1396 1834 aliorumque
1431 1761 1802 1816 antidotorum
1837 1776 1938 1813 usu
1967 1759 2048 1813 vi-

2143 931 2500 1000 Ποταμιάτην
2523 927 2740 981 ἐκέλευε
2766 926 3002 979 λαϐόντα
3029 924 3414 994 κατορύττειν,
3447 929 3534 980 καὶ
3557 928 3738 980 κατώ-

2145 1038 2303 1093 ρυττε
2345 1021 2445 1088 τῆς
2487 1020 2700 1081 πόλεως
2732 1016 2989 1083 ἐξελθών.
3038 1016 3409 1086 Ἀναστρέψας
3449 1018 3502 1068 δὲ
3527 1018 3736 1087 ἥπτετο

2141 1116 2376 1188 τροφῆς,
2411 1114 2486 1183 μὴ
2511 1115 2810 1183 νιψάμενος
2832 1113 2929 1173 τὰς
2955 1114 3167 1182 χεῖρας’
3199 1112 3261 1165 οὐ
3293 1113 3400 1182 γάρ
3425 1111 3737 1165 ὑπόπτευσε

2143 1211 2416 1276 τοσαύτην
2470 1206 2620 1278 ἔχειν
2669 1204 2929 1274 δύναμιν,
2965 1203 3109 1258 ὥστε
3145 1205 3204 1257 ἐν
3255 1202 3450 1274 ὕελίνῳ
3499 1219 3740 1255 κατακε-

2145 1301 2494 1373 κλεισμένον,
2533 1302 2626 1354 καὶ
2665 1299 2770 1351 ὑπὸ
2829 1293 3043 1351 πολλῶν
3084 1298 3289 1367 ἐτέρων
3344 1297 3739 1366 περιεχὸμενον

2142 1395 2562 1466 ἐπιϐλημάτων,
2593 1393 2700 1447 ἀπὸ
2750 1391 2917 1463 μόνης
2967 1391 3230 1462 βλάπτειν
3265 1389 3528 1444 δύνασθαι
3556 1389 3728 1460 ἁφῆς.

2143 1490 2218 1544 Τὸ
2272 1489 2330 1542 δὲ
2374 1485 2551 1550 οὕτως
2607 1487 2716 1556 ἄρα
2752 1484 2976 1555 ἐνεργὸν
3011 1483 3103 1536 καὶ
3155 1482 3487 1552 δραστήριον
3522 1477 3613 1552 ἦν,
3666 1482 3742 1544 ὡς

2148 1585 2302 1656 μόλις
2336 1583 2639 1652 δυνηθῆναι
2682 1579 3043 1648 Ποταμιάτην
3077 1579 3167 1630 τὸν
3220 1574 3350 1646 παρ’
3377 1577 3592 1628 ἐκείνου
3626 1575 3743 1628 κίν-

2145 1678 2302 1731 δυνον
2331 1676 2644 1743 διαφυγεῖν.
2681 1671 2969 1744 Διάρῤοιαί
2997 1689 3054 1725 τε
3088 1672 3199 1741 γὰρ
3226 1670 3437 1734 κοιλίας
3468 1668 3739 1738 κατέσχον

2153 1769 2429 1838 συνεχεῖς,
2459 1768 2557 1820 καὶ
2610 1765 2976 1836 περιωδυνίαι
3003 1763 3098 1817 τοῦ
3128 1763 3436 1834 στομάχου,
3475 1762 3565 1815 καὶ
3597 1760 3744 1814 άπαν

455 1867 565 1910 tam
602 1855 843 1910 servavit
894 1855 984 1909 ille
1042 1855 1287 1926 quidem,
1337 1869 1652 1925 quanquam
1699 1853 1812 1919 vix,
1853 1851 1949 1906 sed
1989 1849 2045 1905 in

2166 1859 2216 1914 ιδ
2257 1830 2433 1931 σέόμά
2475 1830 2778 1929 φλυκτίδας
2811 1854 2879 1929 ἦν
2908 1830 3243 1928 ἐξηνθηκόςξ
3292 1830 3400 1908 Κίαι
3433 1855 3482 1908 οι
3527 1855 3744 1916 ὀδόντες

454 1951 648 2003 morbo
681 1949 978 2019 longinquo
1011 1948 1135 2003 l‘ui‘t.
1182 1949 1274 2003 Sic
1323 1956 1509 2002 autem
1554 1947 1796 2017 palatum
1853 1955 1910 1999 et
1944 1943 2050 1997 liu-

452 2055 558 2110 gua
622 2040 1046 2110 obstupuerant,
1079 2049 1141 2094 ut
1185 2039 1277 2094 diu
1320 2039 1529 2094 nullum
1582 2037 1693 2093 cibi
1729 2037 2050 2110 potionisve

374 2205 380 2212 .
451 2149 712 2205 saporem
747 2135 1122 2206 perciperent.
1172 2133 1457 2190 Venenum
1498 2135 1686 2206 itaque
1726 2135 1903 2191 istanc
1930 2134 2050 2189 elli-

449 2227 712 2282 cieutiam
743 2228 955 2283 habuit.
989 2226 1190 2282 Verum
1213 2227 1377 2282 amici
1407 2245 1471 2282 ex
1506 2226 1765 2299 Byzantio
1809 2228 2051 2300 impera-

455 2328 629 2374 torem
659 2323 978 2386 monebant,
1002 2318 1364 2375 Mouomaeho
1390 2335 1459 2376 ne
1491 2319 1702 2388 lideret,
1724 2320 1822 2376 sed
1867 2320 2051 2375 homi-

453 2427 582 2466 nem
604 2411 926 2472 devitaret;
961 2412 1042 2467 sic
1081 2412 1226 2467 enim
1262 2413 1333 2468 ab
1372 2413 1438 2470 iis
1477 2414 1569 2483 qui
1617 2410 1920 2479 misisSent,
1955 2427 2055 2483 per

456 2503 760 2573 nequitiam
801 2513 857 2559 et
913 2503 1104 2560 dolum
1140 2505 1496 2570 instructum,
1528 2514 1588 2560 ut
1627 2506 1901 2576 principio
1933 2505 2057 2576 qui-

456 2597 584 2650 dem
607 2597 754 2652 altro
779 2612 1058 2655 venenum
1090 2599 1341 2667 otl‘erret,
1370 2616 1479 2671 quo
1506 2600 1652 2656 bene
1704 2600 1855 2656 velle
1891 2609 2053 2671 puta-

456 2697 632 2754 retur,
669 2697 814 2760 post,
847 2691 992 2747 aliud
1044 2692 1136 2747 illo
1175 2692 1457 2748 exitialius
1488 2693 1830 2749 admoveret.
1872 2693 2057 2764 Impe-

457 2788 609 2834 rator
647 2781 830 2836 subito
857 2783 1184 2839 accersitum
1217 2790 1630 2856 percunctatur,
1663 2797 1865 2842 verane
1920 2787 2056 2855 sint,

457 2888 582 2944 quae
611 2874 679 2928 de
707 2875 800 2931 illo
827 2875 898 2931 ab
925 2876 1124 2933 amicis
1157 2877 1493 2934 scribantur.
1531 2879 1726 2952 Negat,
1756 2890 1812 2935 et
1838 2879 2058 2936 frivolis

459 2963 790 3034 quibusdam
823 2967 1202 3038 suspectisque
1236 2969 1562 3026 ratiunculis
1604 2986 1665 3026 se
1715 2979 1919 3027 tuetur.
1949 2970 2058 3025 lin-

465 3066 690 3126 perator
726 3058 875 3114 nulla
931 3075 1092 3131 penna
1151 3061 1435 3132 imposita,
1486 3077 1616 3120 eum
1665 3065 1807 3135 apud
1841 3081 1902 3120 se
1947 3065 2059 3136 pati

462 3149 658 3218 noluit,
691 3163 859 3222 atque
885 3165 949 3228 ut
982 3169 1044 3209 se
1063 3154 1388 3211 amoliretur
1408 3157 1599 3228 jussit,
1623 3157 1769 3228 quod
1793 3159 2060 3215 continuo
2089 3196 2134 3262 α

466 3240 619 3298 l'eeit.
655 3241 961 3313 Imperator
983 3245 1168 3317 itaque
1200 3257 1259 3302 ut
1289 3263 1414 3303 cum
1444 3249 1642 3306 amicis
1678 3248 1925 3322 Byzantii
1965 3249 2060 3306 lit-

470 3333 602 3388 teris
647 3344 704 3390 et
753 3335 1114 3394 internuntiis
1163 3340 1510 3396 commodius
1573 3335 1790 3413 ageret,
1841 3342 2060 3399 diutius

465 3426 733 3488 Selvbriae
762 3443 823 3484 se
859 3430 1164 3486 continuit.
1219 3431 1394 3489 Porro
1450 3431 1691 3505 Zyraces
1719 3449 1752 3490 e
1783 3434 2070 3491 famulitio

473 3519 867 3590 imperatrieis,
926 3525 1016 3579 cui
1079 3525 1257 3581 dolori
1330 3536 1490 3582 erant
1547 3541 1671 3599 qua:
1733 3527 2063 3599 agebantur,

467 3613 673 3683 quique
711 3613 992 3672 Romanos
1022 3617 1091 3673 de
1122 3625 1275 3674 tanta
1303 3634 1552 3676 aerumna
1583 3619 1879 3688 miserans,
1903 3628 1960 3676 et
1982 3620 2070 3675 in-

471 3705 725 3776 telligens
755 3708 1053 3764 archontas
1089 3723 1192 3764 nec
1232 3711 1496 3767 resistere
1526 3710 1846 3782 imperatori
1880 3727 2065 3782 posse,

473 3811 573 3852 uec
601 3812 788 3867 pacem
825 3799 920 3853 bili
953 3798 1134 3856 facere
1172 3818 1187 3855 :
1232 3802 1326 3857 sed
1370 3818 1540 3856 unum
1584 3803 1687 3858 hoc
1716 3813 1926 3859 tantum
1958 3811 2074 3860 sta-

476 3887 674 3955 tuisre,
711 3888 766 3944 in
791 3890 1028 3960 imperio
1080 3891 1381 3961 dominari,
1428 3904 1632 3950 caetera
1680 3895 1734 3949 in
1774 3897 2070 3964 postremis

477 3996 738 4051 ponere:
779 3991 836 4037 et
873 3985 1150 4053 opinatus,
1203 3987 1248 4040 si
1297 4003 1408 4057 quo
1455 3987 1622 4043 modo
1655 3987 2072 4045 Cantacuzeuus

478 4071 851 4143 principatum
890 4077 1318 4148 adipisceretur,
1348 4078 1626 4135 Romanos
1666 4082 2070 4152 praeteritarum

477 4165 854 4220 calamitatum
887 4169 1244 4225 immemores
1285 4169 1425 4236 fore,
1473 4181 1527 4227 et
1567 4171 1860 4242 imperium
1893 4175 2075 4230 conti-

479 4259 737 4315 nentibus
762 4260 918 4316 bellis
939 4271 1224 4330 tantopere
1252 4263 1500 4317 attritum
1525 4263 1950 4336 divexatumque
1974 4265 2076 4320 ali-

477 4351 700 4421 quando
763 4363 1075 4408 recreatum
1131 4355 1196 4409 iri
1227 4372 1243 4409 :
1276 4357 1412 4422 hrec,
1445 4357 1692 4427 inquam,
1725 4357 2035 4430 intelligens
2057 4397 2074 4426 ,

480 4445 728 4514 aliosque
765 4460 876 4501 non
911 4460 1115 4515 paucos
1137 4447 1330 4501 eadem
1362 4449 1637 4503 sententia
1667 4464 1854 4504 secum
1879 4451 2078 4506 devin-

2159 1954 2380 2007 ἐδόκουν
2412 1952 2816 2015 καταπίπτειν,
2852 1951 2962 2003 τῶν
2997 1949 3368 2021 περιεχόντων
3402 1949 3623 2018 ὑμένων
3657 1962 3741 1998 νε·

2158 2045 2508 2119 κριυθέντων.
2542 2046 2856 2116 Θηριακαῖς
2895 2043 2953 2098 δέ
3005 2043 3357 2114 χρησάμενος
3393 2041 3486 2094 καὶ
3536 2040 3743 2109 ἑτέροις

2100 2212 2104 2214 Π
2159 2137 2463 2201 άντιδὸτοις
2490 2177 2504 2201 ,
2541 2137 2694 2207 μόλις
2748 2136 2809 2190 τὸ
2842 2134 3138 2189 ἀποθανεῖν
3185 2134 3444 2202 διέφυγεν
3468 2149 3483 2163 ’
3520 2132 3746 2202 ἐνόσησε

2159 2227 2216 2282 δέ
2253 2230 2355 2282 οὐκ
2387 2229 2572 2297 ὀλίγον
2611 2229 2829 2301 χρόνοψ
2854 2226 3008 2280 οὕτω
3039 2226 3100 2280 δέ
3135 2225 3450 2293 νενάρκωτο
3497 2223 3565 2276 τά
3621 2222 3748 2290 περὶ

2159 2323 2222 2374 τὸ
2259 2321 2438 2392 στόμα
2469 2321 2669 2388 πάντα,
2698 2320 2774 2384 ὡς
2812 2319 3049 2373 ἐπιπολὺ
3082 2317 3356 2388 μηδεμιᾶς
3388 2312 3748 2368 αἰσθάνεσθαι

2162 2415 2482 2482 ποιότητος.
2516 2409 2593 2468 Τὸ
2652 2411 2755 2484 μὲν
2802 2409 2898 2466 οὖν
2945 2409 3274 2481 δηλητήριον
3327 2405 3589 2477 τοιαύτην
3635 2399 3746 2474 εἶχε

2159 2509 2260 2579 τὴν
2287 2505 2545 2579 δύναμιν.
2579 2506 2644 2559 υἱ
2695 2505 2842 2576 φίλοι
2887 2503 2945 2558 δὲ
2982 2505 3048 2557 ἐκ
3097 2500 3398 2566 Βυζαντίου
3434 2497 3647 2571 βασιλεῖ
3676 2495 3748 2566 μὴ

2164 2601 2391 2674 θαρρεῖν
2445 2599 2730 2672 παρῄνουν
2772 2596 3126 2669 Μονομάχῳ,
3184 2595 3323 2649 ἀλλά
3382 2589 3748 2662 φυλάττεσθαι

2161 2694 2255 2749 τὸν
2284 2693 2476 2764 ἄνδραο
2505 2691 2652 2746 οὕτω
2699 2692 2810 2762 γάρ
2867 2685 3012 2745 εἶναι
3051 2685 3566 2758 συνεσκευασμένον
3604 2684 3749 2752 παρὰ

2163 2787 2276 2842 τῶν
2308 2785 2675 2857 πεμψάντων,
2725 2783 2859 2838 ὥστ’
2900 2782 3066 2838 αὑτὸν
3105 2782 3206 2853 μέν
3249 2780 3520 2852 πρότερον
3555 2777 3747 2831 ἐκόντα

2164 2883 2476 2952 παρασχεῖν
2526 2880 2590 2934 τὸ
2641 2877 2962 2951 φάρμακον,
3019 2875 3095 2940 ὼς
3135 2873 3202 2929 ἂν
3239 2872 3519 2944 νομίζοιτο
3566 2871 3748 2931 εὔνους

2167 2969 2334 3044 εἷναι,
2398 2975 2630 3045 ὕστερον
2684 2974 2868 3045 μέντοι
2939 2970 3244 3043 προσάγειν
3297 2967 3482 3038 ἕτερον
3542 2965 3746 3020 ἐκείνου

2166 3065 2576 3138 χαλεπώτερον.
2613 3066 2720 3119 ’ον
2750 3062 2980 3120 αὐτίκα.
3015 3059 3520 3134 μεταπεμψάμενος
3547 3060 3576 3112 ὁ
3605 3057 3750 3128 βασι-

2168 3162 2321 3228 λεὺς,
2353 3161 2403 3214 εί
2434 3158 2614 3231 ἀληθῆ
2643 3158 2713 3212 τὰ
2751 3161 2882 3229 περὶ
2929 3156 3144 3211 ἐκείνου
3179 3153 3553 3225 γεγραμμένα
3590 3153 3744 3204 ἐπυνε

2168 3251 2370 3306 θάνετο
2424 3253 2580 3324 παρὰ
2614 3251 2725 3305 τῶν
2779 3249 2954 3320 φίλων
2994 3249 3105 3321 εἴη.
3151 3249 3212 3302 ὐ
3265 3248 3309 3302 δ’
3361 3246 3590 3318 ἠρνεῖτο
3632 3243 3747 3314 μὲν,

2171 3340 2381 3416 σαθρᾶς
2409 3343 2468 3398 δέ
2493 3345 2791 3416 παρείχετο
2845 3343 3144 3412 ἀπολογίας
3183 3343 3280 3396 καὶ
3325 3341 3443 3404 οἵας
3479 3336 3749 3394 ὑποπτεύ-

2168 3438 2347 3492 εσθαι.
2383 3436 2653 3500 Βασιλεὺς
2705 3437 2763 3490 δέ
2815 3437 3002 3500 κακῶς
3041 3435 3142 3507 μέν
3174 3434 3330 3489 οὐδὲν
3381 3433 3583 3500 ἐποίει,
3626 3434 3750 3486 ἀνα·

2168 3531 2373 3600 χωρεῖν
2404 3529 2463 3582 δέ
2493 3528 2657 3598 μόνον
2694 3528 2924 3582 ἐκέλευε
2952 3529 3050 3582 καὶ
3079 3527 3156 3599 μὴ
3181 3527 3332 3596 αὐτῷ
3363 3527 3629 3590 συνεῖναι,
3662 3523 3749 3576 καὶ

2169 3622 2374 3676 αὐτίκα
2406 3619 2698 3693 ἀνεχώρει.
2734 3621 3006 3686 Βασιλεὺς
3033 3621 3136 3692 μέν
3167 3617 3262 3674 οὖν
3287 3621 3379 3676 τὸν
3411 3617 3583 3673 πλείω
3633 3616 3774 3700 χρὸσὲ

2171 3732 2263 3769 νον
2289 3714 2562 3784 διέτριϐεν
2584 3717 2642 3770 ἐν
2674 3715 3025 3786 Σηλυμϐρίᾳ,
3053 3714 3236 3786 ἵν’ἐξῇ
3266 3716 3379 3778 τοῖς
3405 3714 3462 3768 ἐν
3478 3711 3749 3779 Βυζαντίῳ

2172 3807 2353 3878 φίλοις
2384 3806 2762 3876 διαλέγεσθαι.
2794 3807 3093 3878 Τζυράκης
3124 3807 3181 3862 δέ
3219 3825 3304 3871 τις
3333 3808 3441 3860 τῶν
3485 3798 3747 3877 βασιλίδος

2171 3899 2428 3964 οἰκετῶν,
2472 3899 2900 3968 δυσανασχετῶν
2953 3901 3087 3970 πρὸς
3125 3901 3194 3954 τὰ
3234 3901 3610 3970 πραττόμενα,
3664 3897 3752 3950 καὶ

2173 3994 2272 4064 τὴν
2332 3991 2612 4062 τοσαύτην
2676 3991 2972 4061 Ῥωμαίων
3013 3994 3305 4063 οἰκτείρων
3353 3990 3752 4062 κακοπραγίαν,

2177 4087 2424 4156 συνορῶν
2453 4102 2513 4139 τε
2551 4086 2627 4148 ὡς
2663 4085 2713 4137 oi
2754 4086 2857 4154 μὲν
2891 4086 2948 4137 ἐν
2989 4083 3271 4155 Βυζαντίῳ
3319 4083 3605 4155 ἄρχοντες,
3645 4077 3748 4134 οὔτ’

2176 4179 2429 4249 ἀντέχειν
2459 4178 2596 4249 πρὸς
2627 4176 2858 4247 βασιλέα
2889 4171 2993 4230 οἷοί
3025 4177 3086 4229 τέ
3127 4177 3291 4238 εἰσιν,
3345 4176 3470 4230 οὔτε
3524 4178 3650 4246 περὶ
3677 4173 3747 4226 εί·

2182 4270 2355 4340 ρήνης
2380 4269 2572 4324 οὐδένα
2610 4271 2894 4324 ποιοῦνται
2915 4271 3097 4338 λόγον,
3125 4270 3243 4323 ἀλλ’
3264 4269 3394 4324 αὐτὸ
3421 4269 3580 4323 τοῦτο
3601 4270 3752 4339 μόνον

2179 4362 2457 4429 ἐγνώκασι
2509 4362 2571 4415 τὸ
2620 4363 2730 4420 τῶν
2759 4364 3104 4434 πραγμάτων
3140 4365 3298 4418 αὐτοὶ
3323 4363 3532 4434 ἄρχειν,
3569 4362 3675 4416 τῶν
3711 4357 3750 4411 δ’

2181 4455 2361 4510 ἄλλων
2405 4455 2621 4518 οὐδενὸς
2654 4455 2919 4526 πρόνοιαν
2958 4456 3268 4520 ποιοῦνται,
3319 4459 3416 4510 καὶ
3443 4456 3667 4525 νομίσας
3707 4451 3751 4503 εἰ

481 4537 657 4600 ciens,
694 4536 748 4591 id
781 4537 1001 4607 agebat,
1035 4545 1097 4591 ut
1127 4537 1445 4620 Byzantium
1467 4541 1568 4597 sub
1599 4551 1930 4612 potestatem
1967 4543 2063 4598 im-

2186 4547 2645 4619 Καντακουζηνὸς
2675 4551 2701 4603 ὁ
2726 4548 2988 4619 βασιλεὺς
3017 4548 3202 4620 τρόπῳ
3222 4549 3287 4619 δή
3321 4565 3428 4602 τινι
3452 4548 3560 4602 τῶν
3590 4558 3755 4616 πραγ-

482 4628 753 4698 peratoris
782 4629 1018 4693 veniret,
1063 4640 1119 4685 et
1151 4617 1456 4703 Selybriam
1492 4633 1669 4689 eidem
1705 4650 1861 4691 suam
1917 4653 2078 4700 mene

485 4729 593 4774 tem
617 4719 987 4785 signiﬁcabat.
1013 4721 1116 4788 Qui
1146 4723 1291 4793 quod
1327 4737 1575 4795 agerent,
1606 4727 1898 4797 probabat,
1928 4741 2080 4797 qua:-

484 4830 594 4883 que
625 4823 903 4885 peterent,
935 4817 1120 4872 omnia
1175 4832 1236 4874 se
1289 4821 1662 4889 przestiturum
1697 4821 2076 4892 promittebat.

489 4907 669 4962 Latini
698 4909 842 4980 apud
869 4909 1118 4966 Galatain
1153 4913 1208 4967 in
1255 4911 1676 4980 Phaceolatum,
1714 4922 1772 4968 ut
1816 4914 2077 4983 diximus,

489 4998 622 5053 odio
649 4999 871 5069 capitali
893 5000 1182 5066 ardebant,
1206 5002 1351 5071 quod
1378 4989 1738 5072 homophylos
1760 5003 2080 5069 occidisset,

488 5090 781 5160 ipsumque
812 5092 1010 5162 spiritu
1051 5094 1272 5163 privare
1303 5093 1620 5163 cupientes,
1673 5093 1836 5164 691
1883 5095 2084 5151 crebro

491 5183 562 5236 ab
587 5181 941 5254 iniperatrice
971 5184 1372 5254 deposcebant,
1409 5185 1602 5240 hostes
1633 5184 1826 5253 futuri,
1876 5188 1930 5242 ui
1976 5188 2083 5243 im-

2189 4641 2380 4710 μάτων
2438 4642 2777 4708 συμπάντων
2816 4641 3029 4713 ἄρξειε,
3083 4639 3417 4711 λυθήσεσθαι
3479 4636 3753 4709 Ῥωμαίοις

2186 4733 2286 4795 τὰς
2318 4734 2634 4803 συμφορὰς,
2677 4737 2774 4790 καὶ
2830 4733 2925 4788 ἐπί
2978 4750 3032 4787 τι
3090 4731 3305 4803 βέλτιον
3333 4731 3610 4802 χωρήσειν
3661 4726 3753 4788 τὴν

2189 4825 2519 4896 ἡγεμονίαν,
2581 4825 2690 4880 ὑπὸ
2744 4826 2858 4880 τῶν
2915 4827 3162 4897 συνεχῶν
3220 4825 3478 4893 πολέμων
3528 4817 3752 4884 τοσούτῳ

2189 4916 2421 4984 ¹μεγέθει
2475 4918 2840 4988 χρησαμένην
2898 4917 3236 4989 συμφορῶν,
3293 4919 3388 4971 καὶ
3423 4915 3614 4975 ἄλλους
3663 4910 3752 4964 οὐκ

2186 5008 2408 5078 ὀλίγους
2471 5011 3076 5081 προσεταιρισάμενος,
3140 5011 3414 5080 ἔπραττεν
3463 5011 3610 5070 ὅπως
3658 5001 3751 5054 ὑπὸ

2187 5103 2420 5173 βασιλέα
2449 5103 2666 5172 γένοιτο
2703 5103 3025 5169 Βυζάντιον,
3061 5106 3156 5158 καὶ
3184 5102 3406 5171 πέμψας
3445 5099 3632 5170 ἐδήλου
3669 5096 3752 5166 βπ·

2189 5193 2332 5247 σιλεῖ
2385 5197 2526 5247 κατὰ
2573 5194 2930 5264 Σηλυμϐρίαν
2961 5193 3321 5262 διατρίϐοντι.
3361 5193 3428 5256 ἐξ
3452 5191 3508 5245 δὲ
3558 5181 3750 5256 ἐδέχετό

493 5281 825 5346 petrasseut.
866 5276 1108 5349 Augusta
1159 5275 1554 5332 Phaceolatum
1597 5276 1845 5348 abjicere
1886 5282 2063 5337 nolen:

2189 5303 2249 5341 τε
2279 5288 2382 5358 τὴν
2411 5287 2637 5357 πρᾶξιν,
2667 5289 2765 5341 καὶ
2804 5287 2986 5340 πάντα
3023 5288 3125 5341 ὅσα
3150 5285 3378 5358 ᾐτοῦντο
3402 5282 3751 5355 ἐπηγγέλλετο

1778 5439 1998 5504 Jacobi
2039 5442 2310 5507 Pontani
2345 5456 2534 5510 notaa.

565 5559 869 5634 (64)4Notai
897 5561 1093 5616 veneni
1125 5577 1297 5633 genus
1338 5564 1830 5634 praesentissimum
1891 5583 1957 5622 ex
1996 5584 2085 5625 se-

495 5632 814 5711 quentibus.
850 5633 925 5711 lle
961 5632 1172 5711 veneno
1209 5650 1306 5711 per
1339 5632 1480 5711 lilios
1510 5637 1578 5691 ab
1619 5637 1934 5711 Antipatro,
1971 5643 2081 5711 regi

497 5701 810 5781 Alexandro
840 5703 966 5781 dato
998 5703 1053 5757 in
1085 5701 1302 5774 poculo,
1336 5707 1582 5762 Justinus
1607 5709 1712 5781 lib.
1747 5701 1844 5775 itu,
1875 5701 2080 5763 tantam

499 5771 620 5838 ejus
654 5771 822 5828 fuisse
855 5778 988 5838 vim,
1026 5771 1099 5830 ut'
1122 5792 1231 5830 non
1273 5791 1406 5838 rere,
1449 5795 1555 5833 nou
1597 5779 1764 5842 ferro,
1792 5771 1903 5834 non
1941 5791 2080 5836 testa

499 5846 879 5898 contineretur
913 5863 926 5900 :
961 5861 1063 5901 nec
1094 5848 1254 5902 aliter
1295 5851 1447 5914 l'erri,
1493 5850 1598 5903 nisi
1632 5852 1684 5902 in
1728 5852 1926 5923 ungula
1955 5853 2078 5922 equi

2194 5574 2460 5642 potuerit.
2504 5574 2572 5628 Et
2603 5590 2737 5631 sane
2764 5575 3072 5632 Alexander
3095 5585 3321 5647 accepto
3351 5576 3565 5645 poculo,
3595 5563 3749 5647 media

2195 5637 2418 5710 potione
2455 5647 2882 5718 repenteveluti
2916 5649 3024 5702 telo
3057 5637 3304 5702 ciuilix'us
3332 5637 3627 5718 ingemuit:
3656 5637 3752 5718 ela-

2195 5724 2397 5784 tusque
2428 5731 2456 5768 e
2489 5717 2739 5770 convivio
2772 5719 3126 5780 semianimis,
3174 5727 3323 5773 tanto
3353 5717 3540 5773 dolore
3566 5717 3752 5770 eructao

2194 5797 2282 5858 tus
2310 5794 2415 5850 est,
2449 5796 2512 5841 ut
2543 5787 2749 5858 ferrum
2786 5789 2840 5843 in
2879 5789 3124 5843 remedia
3158 5801 3428 5858 posceret,
3464 5789 3749 5857 tactumque

2196 5856 2478 5914 hominum
2505 5857 2651 5914 velut
2682 5861 2905 5918 vulnera
2936 5856 3316 5916 indolesceret.
