4048 6436
368 348 502 412 1285

1508 337 2046 399 HISTORIARUM
2091 337 2320 396 LIBER
2363 337 2506 396 Ill.‘

3489 319 3648 402 1286‘

365 463 632 528 ποιήσειν,
665 455 729 508 Οί
759 453 815 507 ὲν
844 448 1063 519 Γαλατᾷ
1087 449 1166 514 δὲ,
1199 446 1388 516 ὥσπερ
1434 444 1676 516 ἔφημεν,
1725 445 1948 498 Λατῖνοι

2058 441 2196 512 (erat
2226 443 2371 498 enim
2403 453 2512 513 tum
2539 443 2651 511 ipse
2682 457 2900 515 quaque
2930 444 2998 500 de
3025 443 3254 514 collegio
3275 443 3624 513 arcliontum,

365 549 622 621 ἀπεχθῶς
657 548 797 617 ἄγαν
833 545 968 615 πρδς
1001 542 1360 597 Φακεωλάτον
1386 541 1728 611 διακείμενοι
1773 542 1860 595 διὰ
1883 541 1944 594 τὸ

364 644 493 705 τοὺς
526 639 836 710 ὁμοφύλους
891 637 1224 708 ἀνῃρῆσθαι,
1273 633 1433 687 αὐτοί
1485 650 1546 686 τε
1604 631 1946 697 ἐσπούδαζον

366 735 735 791 ἀποκτείνειν.
773 733 870 786 καὶ
904 731 1039 800 πρὸς
1082 727 1334 799 βασιλίδα
1386 726 1590 798 συχνὰς
1620 727 1944 791 ποιούμενοι

275 851 280 858 ι
365 824 668 894 πρεσϐείας
713 821 1004 892 ἐκδοθῆναι
1036 819 1190 889 σφίσι
1225 819 1320 872 τὸν
1369 819 1730 871 Φακεωλάτον
1754 819 1942 889 ᾔτουν,

370 918 422 970 εί
459 914 534 985 μὴ
566 914 814 984 βούλοιτο
844 912 1143 981 πολεμίους
1172 910 1338 982 ἔχειν.
1389 910 1611 973 Βασιλὶς
1644 910 1700 962 δέ
1730 911 1949 962 Quaen-—

369 1005 532 1060 λάτον
558 1021 618 1057 τε
652 1003 940 1072 προΐεσθαι
975 1002 1050 1074 μὴ
1079 999 1404 1073 βουλομένη,
1453 995 1524 1070 ἦν
1560 999 1664 1070 γὰρ
1691 998 1815 1052 τότε
1852 999 1949 1052 καὶ

367 1096 527 1157 αὐτὸ,
557 1095 668 1146 τῶν
698 1095 997 1165 ᾑρημένων
1027 1093 1242 1165 ἄρχειν,
1271 1093 1370 1146 καὶ
1399 1090 1653 1162 μυστικῷ
1702 1090 1782 1159 τῷ
1818 1091 1948 1143 Κιν-

371 1187 550 1257 νάμῳ,
577 1190 672 1242 καὶ
719 1187 924 1258 Ἀσάνῃ
967 1186 1045 1256 τῷ
1094 1184 1608 1256 πανυπερσεϐἀστῳ
1659 1183 1950 1253 συμπράτ-

369 1295 478 1333 των
519 1281 652 1348 πρὸς
689 1281 782 1332 τὸν
813 1278 958 1332 κατὰ
989 1277 1258 1348 βασιλέως
1287 1278 1546 1348 πόλεμον,
1578 1277 1639 1330 τό
1671 1293 1730 1329 τε
1785 1275 1950 1329 Λατί-

372 1391 482 1435 νοις
514 1372 770 1440 πολεμεῖν
817 1372 880 1424 ού
932 1371 1236 1424 λυσιτελεῖν
1281 1371 1422 1442 αὐτῇ
1459 1370 1763 1439 νομίζουσα
1808 1368 1948 1440 πρὸς

371 1464 472 1535 τὴν
528 1464 725 1534 ἀρχὴν,
773 1463 888 1517 οὔτ’
940 1463 1240 1532 ἀπέπεμπε
1295 1458 1582 1535 φανερῶς,
1642 1459 1719 1521 ὠς
1782 1457 1948 1512 ἄδικα

375 1531 802 1624 πρεσϐεύοντας,
861 1553 974 1607 οὔτ’
1024 1531 1256 1606 ἐνεδίδου
1308 1569 1360 1604 τι
1413 1531 1552 1603 κατᾶ
1585 1548 1947 1604 Φακεωλάτου

375 1647 660 1716 πράττειν,
695 1645 814 1699 ἀλλ’
851 1645 1032 1716 ὴπίως
1067 1661 1195 1706 πως
1254 1646 1348 1699 καὶ¹
1371 1641 1657 1714 προσηνῶς
1688 1640 1949 1711 ἠϐούλετο

372 1738 615 1791 διαλύειν
645 1737 744 1808 τὴν
793 1739 1079 1808 διαφοράν
1117 1740 1214 1793 καλ⁸
1265 1738 1522 1799 Λατίνοις
1560 1736 1660 1806 μὲν
1711 1735 1948 1804 ἔφασκεν

375 1828 793 1898 ἀποκρινεῖσθαι
853 1830 1124 1898 πρότερον
1179 1827 1362 1889 καλῶς
1418 1827 1559 1896 περὶ·
1612 1818 1687 1878 ὧν
1733 1824 1946 1891 ἀξιοῦσι

374 1919 862 1988 διασκεψαμένην,
922 1918 1264 1988 Φακεωλάτῳ
1312 1918 1369 1970 δὲ
1414 1919 1632 1970 ἐκέλευε
1684 1917 1946 1987 πρόνοιαν

375 2011 541 2063 αὑτοῦ
575 2009 868 2075 ποιεῖσθαι,
900 2011 972 2080 μὴ
1003 2011 1110 2063 ὑπὸ
1139 2010 1249 2062 τῶν
1278 2008 1528 2063 Λατίνων
1577 2007 1946 2078 ἐπιϐουλευθῇ

376 2101 591 2172 ἡμέρας
644 2102 677 2170 ἦ
729 2102 927 2164 νυκτὸς
975 2102 1332 2170 ἐπιοεμένων.
1397 2103 1455 2154 Ὀ
1493 2101 1592 2170 μὲν
1619 2095 1712 2154 οὖν
1743 2099 1945 2153 αὐτίκα

381 2193 742 2263 περιέστησεν
775 2190 955 2260 ἐαυτῷ
989 2191 1259 2260 φρουρὰν,
1293 2192 1388 2244 καὶ
1427 2187 1783 2242 ὑπωπτεύετο
1815 2187 1945 2257 παρ’

371 2280 611 2342 οὐδενὸς,
659 2281 862 2349 ὁμοίως
914 2283 973 2334 ἐν
1021 2281 1309 2350 βασιλείοις
1343 2281 1437 2334 καὶ
1480 2281 1621 2332 κατά
1660 2281 1756 2350 τὴν
1779 2279 1947 2349 ἀλλην

374 2370 532 2424 πόλιν
563 2371 816 2440 περιϊὼν,
876 2373 1105 2434 ὁπλίτας
1159 2373 1298 2442 ἔχων
1348 2375 1474 2441 περὶ
1521 2371 1733 2426 ἑαυτόν.
1773 2371 1832 2424 Ὀ
1866 2371 1946 2433 δὲ,

375 2459 678 2528 ἀχθόμενος
711 2464 807 2516 καὶ
835 2461 1106 2530 πρότερον
1137 2460 1232 2513 ἐπὶ
1264 2463 1380 2522 τοῖς
1415 2461 1520 2513 ὑπὸ
1553 2459 1649 2514 τοῦ
1700 2459 1943 2532 πολέμου

375 2551 734 2618 συμϐαίνουσι
763 2555 977 2617 κακοῖς,
1039 2553 1132 2606 καὶ⁵
1160 2552 1381 2624 μεγάλῳ
1419 2553 1520 2622 μὲν
1541 2553 1694 2606 δουκὶ
1717 2555 1813 2608 καὶ
1843 2569 1948 2606 πα-

371 2643 612 2716 τριάρχῃ
644 2644 850 2717 πολλὴν
878 2643 1140 2708 συνειδὼς
1189 2644 1592 2716 ἀγνωμοσύνην
1639 2647 1771 2716 περὶ
1803 2646 1948 2699 Καν-

371 2733 707 2803 τακουζηνον
739 2735 831 2788 τὸν
866 2734 1094 2804 βασιλέα
1144 2736 1242 2805 καὶ
1285 2737 1675 2806 συκοφαντίαν,
1740 2738 1949 2791 ἐκεῖνον

369 2821 430 2875 δέ
458 2823 527 2875 τὰ
554 2823 757 2894 ἔσχατα
787 2825 1147 2896 ἠδικημένον,
1175 2828 1271 2880 καὶ
1297 2828 1644 2900 δικαιότερον
1678 2828 1810 2883 ὄντα
1836 2828 1948 2883 τῶν

370 2909 550 2966 ἀλλων
580 2915 783 2984 μᾶλλον
807 2917 922 2978 τοῖς
951 2917 1276 2987 πράγμασιν
1306 2919 1694 2989 ἐφεστηκέναι,
1739 2921 1863 2974 τότε
1890 2919 1946 2974 δὲ

375 3003 706 3071 καὶμᾶλλον
751 3005 856 3058 ὑπὸ
906 3006 1014 3058 τῶν
1067 3009 1448 3077 περισχόντων
1499 3010 1721 3077 φόϐων,
1771 3012 1830 3063 τό
1884 3027 1944 3063 τε

373 3095 527 3162 κοινῇ
557 3095 871 3149 λυσιτελοῦν
902 3099 998 3150 καὶ
1018 3099 1166 3169 αύτῷ
1213 3099 1321 3170 ίδίᾳ
1351 3100 1604 3164 συνιδὼν,
1654 3101 1948 3156 ἐσκέπτετο
1973 3115 2018 3179 C

373 3183 472 3238 καὶ
501 3185 666 3249 αὐτὸς
693 3186 794 3258 τὴν
827 3190 906 3250 είς
951 3189 1248 3247 Βυζάντιον
1300 3191 1510 3244 εἴσοδον
1566 3194 1947 3264 συμπράττειν

378 3275 612 3344 βασιλεῖ,
651 3277 728 3342 ὡς
765 3280 937 3348 μόνην
975 3280 1182 3351 ταύτην
1231 3281 1442 3335 πολλῶν
1492 3283 1815 3352 ἀπαλλαγῆς
1850 3302 1951 3337 κα·

374 3365 488 3420 κῶν
515 3369 696 3420 αἰτίαν
723 3369 1016 3440 ἐσομένην.
1049 3372 1360 3443 Πυθόμενος
1401 3373 1458 3427 δὲ
1498 3374 1592 3426 καὶ
1623 3375 1756 3444 περὶ
1805 3375 1848 3426 Τ
1853 3374 1950 3439 ζυ-

377 3457 542 3526 ράκη,
579 3459 664 3511 ὅτι
691 3459 761 3511 τὰ
790 3459 935 3513 αύτά
972 3461 1170 3530 ἐκείνῳ
1195 3461 1458 3531 βούλοιτο,
1494 3462 1758 3532 συνῆλθόν
1787 3479 1845 3514 τε
1869 3463 1950 3526 είς

374 3546 589 3615 λόγους,
626 3549 724 3601 καὶ
755 3549 1042 3603 συνέθεντο
1075 3554 1227 3622 κοινῇ
1261 3551 1359 3623 τὴν
1392 3553 1552 3605 πόλιν
1588 3553 1798 3622 βασιλεῖ
1840 3569 1950 3606 πα-

283 3636 309 3658 ⁹
376 3640 670 3710 ραδιδόναι.
712 3641 818 3694 Καὶ
847 3641 1164 3712 πέμψαντες
1211 3642 1391 3706 αὖθις,
1451 3644 1678 3711 ἐδήλουν
1739 3641 1952 3713 βασιλεῖ

375 3733 453 3795 ὥς
479 3733 572 3785 καὶ
601 3732 958 3794 Φακεωλάτος
988 3735 1280 3802 πρόσθοιτο
1303 3736 1417 3796 τοῖς
1448 3736 1782 3805 πράττουσιν
1808 3735 1950 3804 ὑπὲρ

375 3825 566 3878 αὑτοῦ.
613 3825 770 3878 Ἐπεὶ
791 3825 850 3878 δέ
879 3825 990 3878 ἔδει
1018 3827 1113 3878 καὶ
1144 3823 1426 3893 ἀξιόλογόν
1465 3841 1589 3878 τινα
1613 3824 1791 3878 ἐλθεῖν
1811 3827 1948 3896 πρὲις

376 3915 624 3986 βασιλέα.
657 3915 797 3968 ὥστε
859 3915 1151 3968 συνθέσθαι
1187 3917 1278 3968 τὸν
1333 3915 1546 3985 χρίνον,
1595 3917 1652 3968 ὲν
1697 3908 1948 3984 ᾧδεὴσει

371 4007 539 4062 αὐτόν
565 4018 625 4059 τε
654 4009 937 4076 παρεῖναι,
971 4007 1066 4059 καὶ
1106 4008 1204 4076 τήν
1236 4007 1440 4061 ἅλωσιν
1480 4005 1735 4070 ἐκείνους
1769 4007 1947 4078 πράτα

369 4113 512 4164 τειν,
564 4095 712 4162 ἔδοξε
783 4096 1152 4166 σκεψαμένοις
1196 4097 1290 4150 τὸν
1343 4091 1770 4168 Μικροκὲφαλόν
1824 4115 1948 4154 τινα

371 4188 638 4258 πέμπειν.
673 4189 786 4242 Καὶ
828 4187 1324 4258 μεταπεμψάμενοι
1367 4189 1478 4241 τῶν
1514 4205 1574 4240 τε
1619 4189 1948 4259 ἀπορρήτων

371 4277 653 4332 ἐποιοῦντο
681 4280 961 4344 κοινωνὸν,
997 4280 1092 4331 καὶ
1115 4279 1389 4347 παρῄνουν
1449 4279 1769 4346 αὐτομολεῖν
1812 4280 1948 4350 πρὸς

374 4368 599 4439 βασιλέα
623 4367 808 4438 δῆθεν,
837 4369 934 4422 καὶ
963 4370 1143 4421 πάντα
1182 4368 1316 4437 δῆλα
1350 4368 1638 4440 καθιστᾷν,
1673 4372 1768 4422 καὶ
1815 4372 1945 4438 χρό-

2047 544 2102 589 ct
2134 551 2254 588 eum
2287 535 2556 590 Cinname
2591 537 2816 606 mystico
2851 546 3013 607 atque
3046 537 3225 592 Asane
3250 538 3623 611 panhyperseo

2049 625 2203 680 basto
2255 627 2320 680 ad
2374 626 2816 684 Cantaenzcnnm
2866 631 3012 684 bello
3060 632 3499 700 persequendum
3546 634 3628 687 in-

2047 719 2386 786 cumbebat),
2417 730 2471 774 et
2520 737 2642 774 cum
2675 721 2886 777 Latinis
2919 723 3240 794 belligerare
3283 727 3383 780 sibi
3417 729 3484 780 ad
3517 727 3623 781 im-

2049 810 2181 879 perii
2205 810 2637 867 incolumitatem
2663 815 2805 868 haud
2833 817 3128 885 quidquam
3154 818 3624 873 commodaturum

2053 903 2367 970 providens,
2395 919 2496 958 nec
2530 905 2820 960 manifeste
2867 907 3074 978 legatos
3103 908 3438 973 dimittebat,
3467 911 3622 978 quasi

2053 993 2238 1062 iniqua
2276 1003 2527 1063 peterent
2555 1035 2568 1060 ,
2601 1013 2705 1051 nec
2737 999 3108 1060 mollescebat.
3140 1009 3195 1053 ut
3228 999 3623 1056 Pbaceolatum

2051 1083 2291 1150 laederet,
2327 1085 2419 1139 sed
2454 1087 2756 1141 clementer
2795 1104 2859 1143 ac
2895 1089 3131 1160 benigne
3160 1090 3379 1144 volebat
3401 1101 3624 1145 retttro-

2051 1176 2283 1236 versiam
2314 1176 2590 1244 decidere,
2612 1188 2668 1233 et
2695 1179 2904 1234 Latinis
2926 1197 2985 1235 se
3009 1197 3394 1251 responsuram
3421 1184 3624 1250 aiebat,

2050 1268 2096 1323 si
2134 1270 2290 1338 prius
2321 1285 2510 1324 eorum
2551 1271 2819 1340 postulata
2852 1273 2993 1341 apud
3029 1275 3273 1328 animum
3315 1276 3454 1330 bene
3493 1291 3626 1344 per-

2052 1360 2356 1431 pendissct.
2392 1361 2783 1417 Phaeeolatnm
2822 1365 3027 1418 interea
3077 1367 3356 1431 monebat,
3407 1369 3626 1422 videret

2051 1453 2218 1508 etiam
2259 1462 2423 1522 atque
2467 1452 2654 1517 etiam,
2689 1454 2967 1522 quomodo
3004 1455 3321 1510 l.atinorum
3373 1459 3622 1520 insidias,

2050 1558 2185 1613 quas
2203 1543 2252 1596 ei
2275 1543 2366 1597 diu
2400 1554 2676 1614 noctuque
2697 1553 2974 1613 pararent,
3001 1547 3286 1616 eﬂugeret.
3317 1549 3410 1603 llle
3437 1552 3623 1604 statim

2051 1634 2303 1689 custodes
2345 1637 2594 1706 corporis
2627 1636 2729 1690 sibi
2769 1637 3036 1691 adbibuit.
3068 1639 3133 1691 Et
3175 1655 3298 1692 rum
3336 1655 3432 1708 per
3467 1642 3620 1710 pala-

2053 1723 2186 1776 tium
2238 1739 2442 1794 perque
2493 1727 2708 1791 urbem,
2767 1737 3007 1782 armatos
3055 1730 3262 1782 circum
3312 1745 3370 1783 se
3417 1731 3625 1784 habens

2050 1814 2377 1877 ambularet,
2410 1816 2543 1869 nulli
2577 1825 2759 1870 tamen
2794 1829 3083 1885 suSpectns
3105 1831 3237 1874 erat.
3277 1820 3476 1874 Verum
3501 1838 3624 1875 cum

2046 1902 2158 1973 jam
2199 1914 2327 1958 ante
2364 1907 2524 1960 malis
2555 1921 2584 1959 e
2614 1907 2756 1960 bello
2779 1907 3174 1962 exsistentibus
3212 1911 3622 1980 ingemisccrcl,

2055 2013 2234 2068 neque
2268 2001 2487 2052 nescius
2511 2005 2659 2052 esset
2685 2009 2886 2066 quanta
2918 2000 3284 2067 improbitate,
3311 2001 3510 2068 quibus
3534 2019 3625 2054 ca-

2048 2089 2270 2144 lumniis
2315 2104 2544 2159 magnus
2603 2090 2713 2144 dux
2741 2099 2794 2143 et
2837 2091 3144 2158 patriarcha
3177 2091 3621 2146 Cantacuzenum

2047 2180 2113 2234 ad
2135 2190 2409 2234 extremas
2434 2180 2688 2234 miserias
2709 2180 3108 2246 devolvisscnt,
3134 2198 3295 2250 quem
3321 2183 3447 2251 jure
3471 2200 3626 2253 opor-

2049 2277 2191 2324 teret
2224 2285 2336 2340 pra:
2368 2270 2490 2322 aliis
2521 2284 2794 2324 summum
2841 2278 3029 2324 tenere
3061 2271 3370 2339 imperium,
3407 2273 3500 2327 illo
3527 2289 3624 2327 au-

2051 2372 2158 2415 tem
2187 2371 2431 2430 tempore
2470 2361 2540 2415 ob
2580 2362 2830 2415 timorem
2869 2378 2978 2431 quo
3013 2364 3389 2429 obsidebatur,
3421 2365 3624 2420 clarius

2048 2454 2175 2524 quid
2219 2453 2493 2508 communi
2543 2469 2606 2507 ac
2651 2454 2754 2508 sibi
2782 2455 3036 2523 privatim
3083 2465 3264 2524 posset
3313 2458 3626 2512 conducere

2048 2545 2531 2609 animadverteret,
2580 2545 2698 2616 ipse
2749 2546 3026 2612 similiter,
3056 2548 3282 2617 quando
3347 2550 3464 2604 hinc
3516 2567 3625 2604 una

2049 2645 2106 2692 et
2134 2635 2248 2691 sola
2280 2635 2366 2689 via
2390 2649 2421 2690 e
2447 2634 2636 2690 multis
2659 2635 2816 2690 malis
2846 2639 3160 2707 emergendi
3197 2638 3624 2708 relinqueretur,

2049 2726 2118 2782 de
2139 2727 2474 2795 imperatore
2526 2729 2578 2781 in
2631 2727 2824 2781 urbem
2880 2729 3201 2798 recipiendo
3233 2730 3520 2800 cogitavit.
3553 2732 3628 2788 Ut

2051 2834 2215 2888 porro
2239 2820 2451 2888 accepit
2495 2818 2759 2891 Zyracem
2792 2819 2983 2873 eadem
3019 2820 3222 2885 moliri,
3257 2837 3383 2876 cum
3415 2837 3484 2878 eo
3517 2809 3623 2877 eol-

2049 2909 2285 2977 locutus,
2348 2919 2404 2966 et
2460 2911 2529 2967 de
2601 2911 2822 2966 civitate
2884 2915 3233 2970 concorditer
3303 2915 3625 2986 imperatori

2049 3002 2294 3057 dedenda
2329 3012 2518 3072 pactus
2548 3012 2669 3071 est;
2703 3003 2790 3056 cui
2829 3003 3012 3060 denuo
3039 3005 3626 3076 significarnnt,etiam

2050 3093 2445 3149 Phaceolatum
2465 3096 2531 3148 ad
2555 3094 2730 3166 ipsius
2751 3096 3282 3166 partiumstudiosos
3305 3098 3624 3153 accessisse.

2056 3185 2124 3242 Ut
2167 3196 2345 3241 autem
2373 3202 2405 3240 e
2435 3186 2713 3257 primariis
2743 3187 3052 3258 quempiam
3093 3189 3158 3242 ad
3186 3204 3311 3242 eum
3346 3188 3486 3244 mitti
3521 3205 3649 3268 ne~‘

2049 3294 2202 3335 cesse
2233 3277 2354 3344 luit,
2384 3294 2507 3333 cum
2539 3294 2649 3348 quo
2681 3280 2746 3333 de
2771 3290 3018 3349 tempore
3043 3279 3452 3346 decerneretur,
3509 3295 3620 3350 quo

2050 3372 2287 3436 veniret,
2319 3370 2535 3441 ipsique
2568 3369 2760 3424 urbem
2801 3369 3166 3434 transderent,
3208 3371 3469 3439 placitum
3517 3381 3624 3432 est,

2050 3475 2109 3514 re
2129 3461 2473 3515 considerata
2495 3499 2511 3522 ,
2539 3460 2757 3512 mittere
2783 3459 3070 3528 quemdam
3102 3459 3323 3512 nomine
3369 3459 3627 3514 Microce-

2053 3549 2298 3620 phalnm,
2333 3564 2495 3618 quem
2548 3548 2809 3614 accitum,
2840 3561 3178 3603 secretorum
3226 3551 3432 3604 faciunt
3496 3567 3628 3604 con-

2049 3639 2245 3705 scium,
2273 3639 2613 3706 suadentque
2642 3638 2708 3693 ad
2745 3639 3123 3708 imperatorem
3154 3641 3295 3694 ultro
3327 3641 3624 3711 confugiat,

2050 3730 2211 3800 eique
2257 3731 2513 3799 aperiens
2565 3731 2773 3797 omnia,
2809 3732 2878 3786 de
2933 3742 3182 3802 tempore
3221 3733 3489 3787 adventus
3527 3731 3625 3802 By-

2050 3820 2290 3874 zantium
2324 3835 2448 3874 cum
2477 3835 2544 3874 eo
2571 3822 2886 3875 conveniat.
2918 3822 3352 3894 Micrecepbalus
3395 3824 3620 3894 negotio

2049 3920 2328 3980 suscepto,
2379 3909 2786 3981 Petrogurgnro
2841 3913 3058 3966 cuidam
3114 3915 3505 3969 naviculariam
3547 3914 3626 3966 fa-
3736 3910 3742 3914 ’

2049 4004 2233 4068 cienti,
2263 4012 2320 4058 et
2353 4003 2678 4058 Pliaceolato
2706 4005 3062 4070 amicissimo,
3097 4005 3397 4078 Selybriam
3449 4005 3620 4060 dedu-

2048 4096 2255 4152 cendus
2298 4095 2660 4150 committitur
2689 4113 2704 4150 :
2733 4107 2893 4150 erant
2939 4098 3203 4166 siquidem
3259 4097 3491 4151 induciae
3525 4096 3618 4150 Sc-

2050 4184 2310 4258 lybrianis
2334 4200 2458 4237 cum
2485 4183 2782 4256 Byzantiis,
2819 4200 2883 4242 ac
2926 4187 3412 4258 mercimoniornui
3447 4187 3623 4256 gratia

2049 4291 2204 4345 aeque
2253 4261 2528 4346 praesente
2585 4286 2644 4329 ut
2703 4279 2930 4332 absente
2984 4277 3312 4346 imperatore
3361 4277 3506 4331 inter
3563 4292 3624 4332 se

2049 4366 2452 4421 commeabant.
2515 4363 2650 4420 Nam
2723 4366 3100 4421 continentem
3160 4368 3324 4437 692
3394 4367 3622 4421 Barbari

371 4475 464 4512 vov
522 4458 829 4512 συντιθέναι
881 4458 1005 4512 καθ’
1035 4456 1095 4510 δν
1147 4459 1357 4510 ἐκεῖνον
1424 4461 1678 4528 παρεῖναι
1733 4459 1938 4527 δεήσει.

2049 4456 2403 4511 incursabant
2461 4473 2525 4510 ac
2591 4459 3042 4527 depra:dabantnr
3088 4462 3328 4521 assidue,
3367 4475 3468 4514 nec
3514 4459 3624 4513 ulla

383 4549 536 4604 Ἐπεὶ
567 4550 624 4604 δέ
656 4549 905 4604 ἐπείθετο
932 4551 1069 4620 πρὸς
1091 4549 1187 4620 τὴν
1211 4549 1578 4620 ἐπιχείρησιν,
1603 4550 1949 4618 Πετρογουρο

369 4640 553 4708 γούρῳ
604 4642 712 4692 τινὶ
769 4642 898 4710 περὶ
944 4641 1176 4694 ναυτικά
1233 4641 1622 4710 ᾕσχολημένῳ,
1654 4639 1946 4710 ἐπιτηδείῳ

377 4730 612 4800 μάλιστα
661 4731 1006 4794 Φακεωλάτῳ
1037 4733 1177 4796 ϐντι,
1212 4732 1312 4800 τὴν
1347 4731 1776 4800 Μικροκεφά).ου
1809 4715 1951 4801 πρὸς

376 4816 732 4891 Σηλυμϐρίαν
793 4821 1104 4892 ἀπαγωγὴν
1168 4824 1479 4894 ἐπέτρεπον
1523 4825 1587 4876 ἐκ
1638 4821 1945 4892 θαλάττης·

371 4912 650 4983 ἐκεχειρία
681 4913 788 4980 γάρ
837 4929 920 4973 τις
953 4909 1020 4982 ἦν
1071 4899 1512 4984 Σηλυμϐριανοῖς
1564 4915 1701 4983 πρὸς
1736 4915 1947 4976 Βυζαν-

371 5001 544 5065 τίους,
579 5005 677 5056 καὶ
711 5002 883 5063 ἀδεῶς
934 5002 1166 5069 ἐφοίτων
1199 5004 1336 5072 πρὸς
1385 5003 1648 5071 ἀλλήλους
1676 5001 1948 5071 ἐμπορίας

372 5093 558 5154 ἕνεκα.
593 5096 796 5164 ὁμοίως
844 5112 902 5147 τε
933 5093 1200 5160 παρόντος
1242 5096 1339 5147 καὶ
1390 5097 1619 5157 ἀπόντος
1655 5094 1945 5162 βασιλέως.

381 5185 478 5238 Ἐκ
499 5187 599 5254 γῆς
629 5187 684 5238 δὲ
703 5186 946 5255 λῃστείαί
977 5203 1036 5236 τε
1067 5181 1205 5255 ἦσαν
1233 5189 1476 5253 συνεχεῖς
1516 5187 1610 5237 καὶ
1645 5186 1942 5255 βαρϐάρων

372 5277 573 5346 ἔφοδοι,
609 5281 707 5330 καὶ
729 5278 881 5330 οὐδὲν
912 5278 1085 5330 δεινὶν
1129 5273 1198 5346 ἦν
1255 5277 1283 5328 ὃ
1343 5278 1418 5346 μὴ
1449 5279 1654 5344 παρῆν,
1701 5276 1738 5329 ἂ
1769 5277 1944 5328 ἐποίει

370 5368 576 5437 ἄπορον
626 5370 944 5420 παντάπασι
995 5366 1092 5436 τὴν
1144 5367 1340 5420 δίοδον.
1391 5367 1652 5428 Ἐκείνοις
1706 5366 1806 5434 μὲν
1851 5361 1944 5418 οὖν

367 5458 513 5512 οὕτω
567 5459 991 5531 Μικροκέφαλος
1048 5457 1470 5528 παρεσκεύαστο
1527 5457 1666 5527 πρὸς
1721 5456 1944 5526 βασιλέα

367 5547 536 5618 ἥξων.
572 5553 645 5603 Ού
686 5553 794 5621 μὴν
825 5551 948 5604 οὐδὲ
981 5552 1030 5603 οί
1063 5552 1120 5603 ὲν
1155 5549 1431 5619 Βυζαντίῳ
1469 5550 1759 5618 ’Δρχοντες
1807 5547 1946 5615 ἡμέ-

369 5639 515 5694 λουν·
542 5642 658 5694 ἀλλ’
687 5643 864 5694 ἐδόκει
890 5643 1000 5694 δεῖν
1029 5644 1306 5706 κάκείνοις
1330 5640 1580 5710 πέμψασι
1607 5639 1944 5708 διαφθείρειν

369 5734 525 5797 τινας
557 5735 666 5789 τῶν
701 5735 916 5804 βασιλεῖ
977 5735 1266 5800 συνόντων,
1323 5734 1494 5786 πολλὰ
1542 5735 1607 5784 ἐκ
1661 5731 1937 5800 βασιὶίδος

2049 4548 2234 4603 aberat
2263 4550 2530 4605 malorum
2566 4549 2749 4604 facies.
2780 4549 2934 4604 Unde
2970 4551 3055 4604 via
3113 4552 3440 4606 omnimodis
3476 4551 3623 4606 invia

2049 4640 2256 4692 reddeb
2276 4649 2400 4692 itur.
2437 4639 2527 4692 Sic
2559 4639 2631 4691 illi
2657 4639 3111 4709 Microcepbalum
3143 4641 3209 4695 ad
3237 4643 3622 4711 imperatorem

2049 4731 2424 4798 profecturum
2476 4729 2837 4784 adornabant.
2892 4729 3080 4800 Neque
3115 4745 3296 4788 tamen
3331 4738 3624 4797 arcbontes

2051 4822 2294 4891 Byzantii
2353 4821 2718 4889 dormiebant,
2753 4823 2950 4892 quibus
3001 4827 3172 4879 visum
3208 4837 3289 4881 est
3327 4834 3628 4899 propositis

2050 4915 2422 4982 imperatricis
2466 4915 2686 4968 nemine
2721 4917 2957 4984 prmmiis
2988 4933 3097 4970 non
3132 4919 3460 4992 _vulgaribus
3489 4924 3621 4978 mit-

2049 5015 2182 5067 tere,
2249 5022 2311 5058 ae
2375 5009 2667 5060 nonnullos
2715 5008 2782 5060 de
2838 5008 3189 5076 imperatoris
3253 5011 3619 5069 familiaribus

2047 5099 2207 5148 morti
2240 5096 2460 5162 βασι-γρ,
2490 5101 2573 5151 cui
2603 5099 2778 5167 operi,
2817 5115 2872 5152 re
2907 5100 3331 5170 circumspecta,
3363 5104 3622 5159 Microce-

2049 5188 2269 5257 plialum
2338 5191 2961 5246 acconnnodatissimnm
3023 5193 3370 5261 judicabant.
3437 5197 3616 5261 Quem

2051 5280 2401 5342 advocantes,
2440 5281 2669 5350 cogitata
2703 5283 2775 5334 illi
2812 5299 2903 5335 sua
2933 5285 3249 5352 explanant,
3272 5299 3324 5340 et
3350 5290 3622 5357 exquisita

2052 5372 2309 5425 beneficia
2354 5377 2644 5442 spondent.
2679 5371 2729 5427 Is
2759 5377 2994 5444 primum
3035 5377 3139 5432 hoc
3185 5381 3362 5433 accitu
3405 5382 3621 5448 timere,

2047 5476 2110 5514 ac
2139 5462 2205 5511 de
2238 5461 2372 5514 urbe
2429 5463 2690 5514 tradenda
2728 5463 3039 5518 laborantes
3071 5466 3448 5534 deprehensos
3495 5470 3619 5522 exi-

2044 5551 2285 5605 stimare.
2311 5550 2512 5604 Verum
2540 5561 2597 5604 ut
2620 5554 2818 5622 negotii
2843 5555 3061 5622 ignaros
3083 5559 3273 5619 sensit,
3293 5559 3436 5626 quod
3463 5561 3621 5630 jube-

2043 5642 2220 5704 batur,
2268 5642 2670 5710 promptissime
2704 5653 3023 5697 curaturum
3085 5649 3314 5716 recepit.
3368 5647 3502 5700 Tum
3538 5650 3612 5702 illi

2048 5733 2252 5786 litteras
2301 5733 2653 5787 conscribunt
2707 5733 2770 5785 ad
2808 5751 2945 5802 quos
2984 5738 3200 5800 volunt,
3249 5755 3482 5809 cumque
3515 5742 3618 5794 ilis
