4048 6502
415 379 551 446 12η
1090 404 1093 409 ·
1615 366 1943 430 JOANNIS
1982 361 2510 424 CANTACUZENI
3547 352 3686 421 1288

414 495 822 565 Petrogurguro
874 486 1338 559 Microcepbalum
1380 482 1491 555 (cui
1532 493 1587 539 et
1638 469 2034 543 Pbaceolatu‘s

2140 477 2647 548 παγγει).αμένους.
2692 474 2898 530 Ἐδόκει
2928 471 2994 546 δὴ
3045 473 3138 527 καὶ
3187 470 3372 532 αὐτοῖς
3404 470 3687 541 σκεψαμέ-

410 562 664 643 cumdem
691 562 1019 652 tradiderat)
1046 580 1225 636 lembo
1263 576 1563 648 Selybriam
1596 574 2008 646 perducendum

2139 588 2217 635 οις
2272 574 2300 624 6
2328 567 2756 640 Μικροκέφαλος
2803 568 2993 622 οὑτοσὶ
3038 565 3176 636 πρὸς
3222 564 3285 617 τδ
3334 563 3495 635 ἔργον
3540 562 3686 617 εἶναι

1615 366 1943 430 JOANNIS
1982 361 2471 451 CANTACUZEN
2486 361 2510 421 Ι

410 679 789 736 committunt.
827 674 983 742 Quod
1014 670 1378 728 Pbaeeolatus
1420 668 1617 724 divinae
1650 666 2009 738 providentiae

413 772 707 827 artiﬁcium
756 769 1180 839 interpretatus,
1227 764 1380 819 velut
1424 762 1543 832 ipso
1585 762 1867 832 adjutantc
1894 758 2010 814 Nu-

416 865 566 919 mine
619 863 687 918 ad
736 877 874 932 Opus
924 858 1326 915 conﬁciendum
1383 857 1547 912 ﬁebat
1599 852 1858 909 alacrior.
1913 849 2007 906 Sic

418 955 852 1023 Microcepbalus
880 954 946 1009 ad
987 953 1381 1023 imperatorem
1412 949 1653 1022 jucunde
1698 949 2005 1019 profectus,

422 1047 732 1101 Pbaceol..ti
765 1045 1016 1099 mandata
1053 1042 1238 1099 omnia
1265 1041 1498 1113 peregit.
1531 1040 1841 1110 Imperator
1870 1053 2010 1093 con-

420 1141 565 1194 dicta
602 1140 710 1204 die,
739 1154 845 1208 qua
901 1139 968 1193 ad
1018 1138 1257 1192 Auream
1306 1144 1522 1211 portam
1570 1141 1739 1188 noctu
1794 1131 2014 1187 adesset

420 1231 571 1302 {inde
586 1232 733 1287 enim
762 1231 938 1285 facilis
956 1231 1236 1301 ingressus
1249 1226 1558 1295 videbatur)
1577 1224 2013 1295 Adrianopolim,

433 1338 501 1378 ne
540 1339 703 1393 quam
752 1323 1123 1395 suspicionem
1174 1321 1537 1376 archontibus
1575 1325 1844 1385 moveret,
1881 1331 2016 1372 con-

424 1417 613 1471 cessit.

2109 661 2574 733 ἐπιτηδειότατος.
2610 660 2723 714 Καὶ
2753 660 2954 713 αὐτίκα
2981 656 3380 729 μετεκαλοῦντο
3404 656 3495 709 καὶ
3518 654 3691 709 διελέ-

2107 771 2267 823 γοντο
2300 755 2431 824 περὶ
2459 746 2536 808 ὧν
2562 751 2870 806 διενοοῦντο
2905 751 2968 806 εὖ
2996 753 3271 823 ποιήσειν,
3304 747 3475 803 πολλὰ
3511 749 3690 813 ἑπαγ-

2106 851 2453 922 γελλόμενοι.
2504 848 2564 901 Ὀ
2588 849 2645 903 δὲ
2692 847 2909 919 πρῶτον
2938 847 3038 917 μὲν
3071 845 3242 898 ἔδεισε
3267 848 3401 914 πρὸς
3432 843 3527 913 τὴν
3555 842 3693 909 κλῆ-

2110 962 2227 1012 σιν,
2252 943 2622 1014 πεφωρᾶσθαι
2658 941 2865 1013 οἰηθεὶς
2893 942 3022 1003 τοὺς
3053 942 3400 1011 πράττοντας
3431 938 3528 1007 τὴν
3550 934 3694 989 ἆλω-

2112 1056 2219 1094 σιν.
2265 1038 2422 1092 Ἐπεὶ
2452 1035 2510 1090 δὲ
2541 1037 2815 1107 ᾐσθάνετο
2853 1033 3021 1105 μηδὲν
3045 1033 3283 1094 είδότας,
3318 1027 3688 1099 ἐπηγγέλλετο

2111 1132 2173 1185 τὸ
2212 1134 2690 1200 προσταττόμενον
2728 1128 2994 1198 ποιήσειν
3046 1124 3456 1196 προθυμότατα.
3503 1122 3566 1174 Οἱ
3617 1120 3678 1172 δὲ

2114 1223 2423 1294 γράμματά
2464 1239 2520 1276 τε
2553 1220 2883 1291 παρείχοντο
2912 1218 3050 1287 πρδς
3099 1215 3192 1279 οῦς
3240 1214 3545 1273 ἐϐούλοντο,
3594 1210 3697 1263 καὶ

2119 1312 2630 1386 Πετρογουργούρῳ
2652 1313 2787 1385 πρὸς
2815 1312 2875 1366 ὃν
2892 1314 2919 1365 ὁ
2937 1309 3295 1372 Φακεωλάτος
3316 1305 3694 1377 παρεδίδοσαν,

2120 1407 2197 1471 ὡς
2222 1407 2438 1478 ἀκατίῳ
2461 1410 2569 1463 τινὶ
2609 1408 2874 1473 άπάξοντι
2907 1404 3047 1475 πρὸς
3093 1401 3471 1474 Σηλυμϐρίχν.
3506 1400 3569 1450 ὐ
3603 1396 3704 1449 καὶ

429 1511 633 1579 μᾶλλον
660 1509 809 1576 ἔδοξε
827 1510 942 1571 τοῖς
965 1507 1096 1580 περὶ
1123 1505 1483 1562 Φακεωλάτον
1508 1504 1732 1574 ὑπὸτῆς
1791 1502 2061 1574 Προνοίας
2101 1501 2557 1556 συνεσκευάσθαι.
2613 1501 2724 1555 Καὶ
2775 1498 3179 1570 προθυμότεροι
3240 1492 3381 1568 ἦσαν
3439 1491 3575 1564 πρὸς
3642 1492 3705 1541 τὸ

428 1604 719 1671 πράττειν,
752 1604 850 1657 ἆτε
878 1604 943 1673 δὴ
980 1601 1375 1675 συναιρομένου
1405 1602 1505 1655 καὶ
1536 1599 1631 1653 τοῦ
1655 1599 1839 1652 Θείου.
1871 1595 2031 1653 Οὕτω
2072 1599 2172 1668 μὲν
2202 1593 2297 1651 οὖν
2328 1596 2752 1668 Μικροκέφαλος
2814 1592 3153 1666 παρεγένετό
3211 1608 3270 1644 τε
3308 1590 3445 1659 πρδς
3480 1585 3705 1659 βασιλέα

429 1702 529 1752 σὺν
556 1698 834 1770 ῥᾳστώνῃ.
866 1700 962 1755 καὶ
987 1699 1170 1754 πάντα
1207 1696 1414 1768 ἔπραξε
1439 1695 1511 1749 τά
1545 1696 1699 1764 παρὰ
1760 1696 2145 1750 Φακεωλάτου.
2179 1694 2447 1757 Βασιλεὺς
2477 1693 2534 1745 δὲ
2603 1690 2936 1762 συνθέμενος
2997 1689 3211 1762 ἡμέραν
3268 1690 3327 1742 ὲν
3360 1681 3525 1760 ᾗέδει
3567 1684 3706 1755 πρὸς

428 1800 530 1866 τὴν
555 1795 781 1865 Χρυσῆν
814 1798 1163 1868 καλουμένην
1194 1794 1373 1865 πύλην
1440 1787 1582 1847 εἶναι
1634 1791 1848 1857 νυκτὸς,
1880 1786 2095 1847 ἐκεῖθεν
2133 1792 2243 1862 γὰρ
2279 1790 2452 1844 ἐδόκει
2508 1789 2692 1861 ῥᾴδιον
2744 1788 2989 1858 εἰσάγειν
3020 1779 3185 1851 εἶναι.
3239 1776 3449 1856 ἀπῆρεν
3488 1783 3566 1846 εἰς
3603 1782 3707 1852 τὴν

443 1892 751 1963 Ἀδριανοῦ,
811 1893 899 1947 ἵνα
947 1891 1224 1964 μηδεμίαν
1268 1889 1508 1960 ὑποψίαν
1557 1888 1857 1961 παρέχοιτο
1901 1888 2015 1951 τοῖς
2060 1887 2362 1958 ⁵Ἀρχουσιν
2392 1889 2449 1942 ὲν
2477 1887 2778 1959 Βυζαντίῳ.

1827 2042 2055 2106 CAPUT
2089 2046 2319 2106 XCVIII.

432 2147 631 2212 Causa,
666 2163 761 2201 cur
795 2145 1114 2214 imperati-ia:
1148 2162 1180 2199 α
1207 2144 1519 2215 patriarcha
1557 2145 1798 2200 alienata
1829 2146 1918 2199 sit.
1966 2141 2068 2197 Ile:
2101 2162 2132 2215 ο
2178 2145 2351 2212 capite
2389 2144 2698 2198 arcessitur.
2742 2138 2932 2215 Furor
2961 2146 3012 2215 et
3050 2137 3262 2215 insania
3291 2134 3613 2215 patriarchae
3649 2132 3706 2215 in

503 2206 826 2275 damnandis
866 2206 915 2271 et
965 2206 1244 2287 puniendis
1272 2227 1412 2270 recte
1448 2218 1514 2270 de
1556 2217 1810 2287 religimte
1857 2206 2435 2287 sentientibuséApud
2472 2213 2861 2287 imperatrirent
2914 2210 2983 2287 ab
3008 2211 3258 2287 episcopis
3285 2208 3349 2259 de
3376 2206 3606 2259 moribus
3658 2210 3707 2254 et

509 2290 770 2360 religione
807 2280 1116 2342 accusatur.
1146 2286 1404 2356 Ejusdem
1432 2280 1786 2358 imperatricis
1818 2285 2098 2356 diligentia
2126 2286 2183 2340 in
2221 2280 2457 2340 Ecclesia
2500 2280 2717 2349 tuenda,
2754 2293 2803 2337 et
2831 2281 3034 2337 indicta
3068 2280 3318 2350 synodus.

506 2428 722 2481 Interea
753 2426 918 2481 etiam
968 2425 1289 2497 imperatrix
1328 2442 1425 2484 sua
1470 2436 1665 2498 sponte
1699 2427 1769 2483 de
1801 2427 2032 2499 patriar-

2208 2426 2429 2481 Τούτων
2460 2427 2516 2481 δὲ
2551 2425 2969 2498 πραττομένων,
3027 2423 3351 2494 αὐτομάτως
3393 2423 3484 2474 καὶ
3527 2424 3559 2492 ή
3608 2422 3707 2492 βα-

434 2519 537 2571 cba
568 2517 710 2571 male
745 2517 953 2572 sentire
979 2517 1167 2588 coapit,
1195 2519 1296 2573 etsi
1327 2519 1454 2573 belli
1486 2526 1735 2592 tempore
1765 2517 2024 2590 singulari

2136 2519 2268 2583 σιλὶς
2316 2520 2579 2574 διετίθετο
2628 2522 2813 2583 κακῶς
2875 2519 3015 2589 πρὸς
3077 2522 3451 2588 πατριάρχην,
3523 2516 3709 2567 καίτοι

435 2622 565 2665 eum
593 2610 778 2666 studio
803 2618 858 2666 et
889 2612 1244 2668 inclinatione
1266 2612 1435 2667 animi
1461 2613 1683 2680 fecerat,
1712 2621 1773 2668 ut
1795 2613 2029 2668 archan-

2136 2610 2284 2681 παρὰ
2342 2613 2523 2666 πάντα
2570 2611 2665 2666 τὸν
2715 2610 2810 2664 τοῦ
2866 2610 3112 2681 πολέμου
3144 2611 3335 2681 χρόνον
3365 2607 3569 2676 πολλὴν
3608 2609 3709 2677 τὴν

437 2717 550 2759 tum
588 2703 851 2774 princeps
892 2713 1059 2759 esset.
1109 2705 1284 2761 Causa
1328 2705 1445 2761 haec
1494 2712 1635 2770 erat,
1673 2707 1817 2778 quod
1866 2705 2026 2761 simul

435 2797 637 2850 bellum
683 2805 831 2850 esset
877 2806 1089 2860 natum,
1128 2795 1403 2851 Palamam
1444 2797 1544 2853 sibi
1588 2798 1659 2852 ob
1707 2798 2026 2853 cathedram

438 2888 858 2959 patriarchalem
914 2886 1165 2942 insidiari
1214 2889 1552 2959 suspicatus,
1601 2884 1656 2945 ei
1702 2907 1772 2945 ex
1822 2889 2027 2945 invidia

438 2994 640 3035 nocere
668 2979 1065 3035 contendisset.
1102 2979 1236 3035 Nam
1267 2981 1505 3051 primum
1545 2982 1766 3053 quidem
1798 2991 1857 3037 ut
1882 2976 2028 3038 Can-

437 3083 765 3127 tacuzcnum
798 3088 905 3127 una
940 3082 1387 3143 persequeretur,
1421 3087 1475 3130 et
1508 3075 1576 3130 ad
1628 3074 1772 3131 illius
1808 3091 2032 3130 cxi-om-

440 3166 865 3222 municationem
903 3165 1264 3220 assentiretur
1294 3166 1623 3236 postulabat.
1658 3162 1738 3220 Eo
1785 3174 1893 3221 tam
1930 3182 2030 3221 nc-

439 3263 631 3316 furiam
674 3261 1051 3317 assensioncm
1084 3260 1642 3330 communionemque
1685 3257 2028 3330 repudiante,

440 3355 778 3424 perspiciens
811 3353 900 3409 ille
931 3352 1107 3409 virum
1139 3352 1340 3407 virtute
1387 3362 1443 3407 et
1491 3351 1760 3423 sapientia
1808 3346 2033 3422 conspi-

439 3460 603 3498 cuum
638 3444 773 3498 nihil
809 3445 1004 3498 laesura
1053 3444 1284 3499 crimina
1334 3443 1573 3513 publica,
1624 3451 1833 3499 mutata
1868 3441 2032 3513 693

421 3526 693 3599 ‘ratione,
752 3534 1052 3606 impietatis
1106 3537 1157 3588 ei
1215 3536 1395 3590 dicam
1453 3535 1694 3604 scripsit.
1744 3532 2035 3605 Acindyuo

441 3627 591 3683 enim
622 3627 838 3682 cuidam
868 3626 1162 3692 monacho,
1197 3635 1481 3697 postquam
1513 3624 1831 3681 Barlaamus
1858 3626 2036 3681 omni-

2129 2705 2426 2775 εὐμένειαν
2461 2705 2818 2775 παρεχομένη
2850 2706 2945 2758 καὶ
2988 2702 3087 2774 τὴν
3116 2704 3309 2773 ῥοπὴν,
3366 2701 3441 2764 ὡς
3469 2702 3709 2770 ἄρχοντα

2144 2787 2454 2867 Ἀρχόντων
2482 2790 2649 2850 εἶναι.
2706 2797 2870 2850 Aleia
2901 2795 2958 2849 δὲ
2990 2789 3081 2866 ἦν,
3114 2795 3197 2848 ὃτι
3235 2792 3374 2862 μετὰ
3408 2791 3466 2845 τὺ
3493 2792 3713 2860 κεκινῆ-

2133 2888 2259 2943 σθαι
2285 2889 2378 2943 τὶν
2434 2889 2674 2959 πόλεμον
2724 2888 2890 2952 εὐθὺς
2955 2887 3231 2957 φθονερῶς
3278 2887 3307 2938 6
3364 2882 3711 2955 πατριάρχης

2132 2980 2276 3059 ἔχων
2329 2982 2466 3053 πρὸς
2525 2980 2819 3054 Παλαμᾶν,
2879 2975 2969 3035 οἷα
3019 2980 3084 3052 δὴ
3141 2977 3522 3043 ὑπωπτευκὼς
3577 2980 3710 3046 ἑφε-

2133 3074 2351 3148 δρεὺειν
2417 3075 2570 3147 αὑτῷ
2624 3075 2762 3148 πρὸς
2815 3075 2914 3145 τὴν
2971 3073 3246 3144 καθέδραν
3304 3074 3402 3143 τὴν
3444 3070 3701 3141 ἀρχικήν,

2135 3169 2413 3240 ἐπεχείρει
2440 3170 2797 3240 κακουργεῖν.
2824 3169 2934 3221 Καὶ
2968 3166 3162 3238 πρῶτα
3209 3166 3307 3237 μὲν
3360 3165 3581 3219 ἐκέλευε
3619 3164 3714 3235 βα-

2136 3264 2277 3316 σιλεί
2334 3263 2413 3334 τῷ
2461 3261 2904 3334 Καντακουζηνῷ
2953 3260 3369 3331 συμπολεμεῖν,
3423 3261 3520 3315 καὶ
3573 3258 3714 3327 πρὸς

2134 3357 2235 3419 τὰς
2290 3357 2653 3427 ἐπιτιμήσεις
2694 3358 2791 3411 καὶ
2840 3354 2967 3417 τοὺς
3021 3340 3365 3424 ἆφορισμοὺς
3415 3367 3714 3419 συγκοινω·

2136 3451 2270 3502 νεῖν.
2317 3448 2410 3511 Ὠς
2463 3448 2509 3500 δ’
2557 3447 2834 3503 ἀπείπατο
2886 3449 3095 3510 ἐκεῖνος
3149 3446 3403 3517 φανερῶς
3437 3447 3568 3516 πρὸς
3614 3446 3713 3517 τὴν

2138 3539 2248 3593 τῶν
2276 3538 2498 3592 ἀτόπων
2553 3539 2866 3601 κοινωνίαν,
2899 3535 3129 3592 συνιδὼν
3148 3535 3393 3599 ὡςοῦδέν
3418 3535 3485 3590 ἂν
3508 3537 3714 3589 ἐκεῖνιν

2139 3626 2404 3698 βλάπτειν
2455 3628 2676 3683 δύναιτο
2740 3627 2981 3699 δημόσια
3044 3626 3400 3698 ἐγκλήματα,
3442 3627 3714 3695 ἐπίσημον
3768 3636 3787 3655 ο

444 3721 546 3774 bus
574 3719 820 3785 calculis,
850 3726 1163 3773 sanctorum
1198 3718 1348 3773 scitis
1380 3718 1449 3774 de
1507 3727 1656 3774 recta
1688 3727 1744 3773 et
1772 3733 1905 3775 sana
1932 3718 2034 3774 ﬁde

2141 3722 2273 3776 ὅντα
2314 3721 2385 3776 δι’
2424 3721 2631 3795 ἀρετήν
2662 3721 2759 3776 καὶ
2800 3720 3145 3791 φιλοσοφίαν,
3169 3719 3488 3785 δυσσεϐείας
3519 3720 3713 3774 ὲδίωκε

443 3812 744 3883 pugnantia
778 3811 976 3866 docere
1035 3819 1086 3865 et
1135 3826 1330 3880 sapere
1363 3810 1645 3866 convictus
1674 3820 1779 3877 cst,
1812 3827 2031 3867 rursum

2144 3783 2494 3889 μεταϐαλών.
2541 3783 2837 3889 ’Ᾰκινδύνιρ
2872 3783 3138 3888 γάρ-τινι
3178 3817 3403 3889 μοναχῷ
3461 3783 3601 3887 μετὰ
3655 3816 3717 3870 τὺ

446 3905 594 3958 illius
622 3918 837 3958 causam
886 3903 942 3957 in
983 3903 1251 3974 judicium
1281 3902 1600 3972 adducenti,
1627 3903 2034 3975 alﬁrmautique

2139 3905 2409 3980 Βαρλαὰμ
2430 3907 2677 3971 ἁπάσαις
2696 3907 2905 3962 ἁλῶναι
2921 3908 3146 3980 ψήφοις,
3165 3910 3387 3964 ἐναντία
3408 3910 3519 3973 τοῖς
3539 3906 3716 3973 ἁγίοις

447 3995 645 4067 injuria
685 3996 1003 4051 damnatum
1048 4010 1191 4061 esse,
1225 4012 1351 4051 cum
1399 4007 1546 4051 recte
1587 4012 1651 4052 ac
1685 4012 1814 4052 vere
1858 3997 2035 4054 senti—

451 4099 565 4155 ret;
604 4086 877 4141 Pala‘mam
912 4099 1093 4142 autem
1147 4097 1204 4141 et
1250 4087 1432 4143 socios
1473 4087 1543 4142 de
1576 4103 1743 4158 prava
1773 4087 2037 4159 religione

449 4178 751 4243 accusanti,
804 4178 1112 4232 assentieus
1159 4177 1472 4248 patriarcha
1522 4179 1726 4248 (neque
1759 4179 1911 4233 enim
1950 4180 2038 4236 vel

451 4265 562 4321 Deo
598 4268 873 4336 parcebat,
906 4278 1129 4338 propter
1158 4267 1344 4322 odium
1374 4283 1485 4337 quo
1511 4271 1563 4320 in
1595 4269 2038 4325 Cantacuzenum

348 4382 351 4385 λ
448 4360 719 4417 ardebat:
761 4359 979 4414 tametsi
1016 4359 1153 4429 ipse,
1201 4359 1469 4426 I’alamas,
1521 4361 1769 4431 inquam,
1816 4360 2038 4419 Barlaa-

452 4466 598 4504 nmm
630 4451 780 4505 velut
809 4461 1015 4521 pestem
1075 4467 1137 4506 ac
1171 4452 1471 4522 perniciem
1517 4453 1698 4525 gregis
1742 4455 2038 4526 repulerat,

452 4542 640 4612 illique
668 4543 938 4598 actionem
968 4544 1296 4608 intenderat,
1323 4545 1506 4602 adhuc
1549 4546 1673 4602 vivo
1719 4547 1894 4604 beatae
1924 4564 2042 4606 me-

456 4638 644 4687 moria:
686 4635 999 4689 Andronico
1030 4636 1387 4707 imperatore,
1424 4654 1527 4693 nec
1570 4639 1747 4693 solum
1780 4642 2042 4696 condem-

453 4734 635 4792 narat,
672 4728 770 4781 sed
805 4735 859 4782 et
900 4729 1315 4797 probationibus
1363 4745 1395 4786 e
1434 4744 1589 4786 sacra
1638 4732 1943 4802 Scriptura,
1990 4743 2045 4789 et

456 4819 669 4873 ratione
699 4820 994 4886 conclusis,
1020 4836 1085 4874 ac
1124 4822 1453 4879 necessariis
1481 4823 2046 4903 demonstrationibus

455 4911 698 4979 perversi
750 4912 958 4967 erroris
1005 4914 1382 4987 redarguerat)
1426 4931 1592 4981 eum,
1640 4926 1696 4972 et
1728 4920 2047 4989 quicunque

455 5002 706 5057 eamdem
752 5004 822 5059 de
872 5005 977 5061 ﬁde
1010 5008 1308 5063 tuebantur
1337 5010 1690 5074 sententiam,
1720 4998 1797 5065 in"
1822 5025 2047 5069 carcere

2139 4005 2235 4057 καὶ
2268 4004 2526 4072 λέγοντα,
2552 4003 2652 4059 καὶ
2681 4003 2987 4076 φρονοῦντα
3019 4004 3154 4073 περὶ
3178 4003 3279 4074 τῆς
3299 4003 3465 4074 ὀρθῆς
3486 4002 3715 4066 πίστεως

2140 4100 2239 4155 καὶ
2275 4097 2489 4168 ὑγιοῦς,
2517 4097 2675 4163 αὖθις
2705 4098 2775 4152 τὰ
2806 4097 3018 4152 ἐκείνου
3047 4095 3372 4161 ἐκδικοῦντι,
3408 4096 3503 4150 καὶ
3530 4083 3718 4167 ὴδικῆ-

2144 4191 2274 4245 σθαι
2300 4192 2567 4261 φάσκοντι
2597 4190 2733 4261 περὶ
2756 4190 2860 4261 τὴν
2891 4189 3050 4260 δίκην
3079 4188 3219 4259 ὀρθά
3247 4189 3341 4243 καὶ
3379 4188 3551 4260 ἀληθῆ
3579 4205 3716 4258 φρο-

2143 4283 2369 4350 νοῦντα,
2399 4284 2643 4356 Παλαμᾷ
2672 4284 2732 4338 δὲ
2764 4283 2859 4339 καί
2888 4285 3001 4348 τοῖς
3041 4285 3171 4354 περὶ
3199 4282 3367 4339 αὐτὸν
3399 4282 3717 4347 κακοδοξίαν

2144 4375 2492 4446 ἐγκαλοῦντι,
2530 4375 2914 4447 προσθέμενος
2968 4377 3064 4429 καὶ
3110 4378 3140 4429 6
3194 4375 3547 4446 πατριάρχης
3574 4373 3718 4445 (οὐδὲ

2144 4473 2255 4542 γὰρ
2279 4470 2403 4524 οὐδὲ
2432 4470 2570 4524 Θεοῦ
2598 4469 2876 4540 ἀπέσχετο
2904 4468 2995 4523 διὰ
3021 4469 3084 4522 τὸ
3107 4468 3243 4540 πρὸς
3270 4466 3719 4535 Καντακουζτ,νὸν

2144 4565 2239 4617 τὸν
2270 4562 2506 4633 βασιλέα
2553 4560 2734 4633 ἔχθος,
2794 4560 2974 4615 καίτοι
3018 4576 3081 4629 γε
3106 4559 3268 4624 αὐτὸς
3298 4559 3373 4613 ὢν
3396 4559 3427 4612 6
3459 4556 3719 4629 Βαρλαάμ

2144 4656 2246 4725 τῆς
2294 4655 2533 4726 ποίμνης
2566 4648 2656 4708 οἷα
2678 4652 2866 4725 λύμην
2895 4652 3178 4716 ἀπελάσας
3222 4653 3321 4706 καὶ
3361 4652 3587 4721 φθορὰν,
3627 4651 3719 4704 καὶ

2145 4747 2304 4818 δίκην
2347 4747 2468 4802 κατ’
2495 4746 2711 4802 ἐκείνου
2757 4746 3154 4815 πεποιημένος,
3190 4744 3273 4798 έτι
3316 4743 3413 4797 καὶ
3458 4742 3718 4813 βασιλέως
3808 4728 3815 4733 ”

2161 4840 2507 4911 ’Δνδρονίκου
2548 4839 2645 4894 τοῦ
2683 4840 2962 4910 μακαρίου
3006 4840 3311 4909 περιόντος,
3341 4837 3434 4890 καὶ
3458 4835 3719 4905 Βαρλαὰμ

2147 4935 2212 4990 οὐ
2269 4935 2437 5005 μόνον
2488 4931 3045 5005 καταψηφισαμένου,
3095 4930 3233 4985 ἀλλὰ
3284 4931 3378 4982 καὶ
3422 4928 3715 5000 Γραφικαῇς

2147 5028 2484 5095 ἀποδείξεσι,
2514 5029 2611 5083 καὶ
2634 5027 2905 5096 ἀνάγκαις
2924 5025 3173 5093 λογικαίς
3196 5022 3595 5091 άπελέγξαντος
3624 5038 3718 5074 κα-

454 5097 752 5165 dctinebat,
778 5108 1154 5171 quantumque
1183 5111 1398 5172 poterat
1418 5100 1689 5174 amigebat
1714 5121 1729 5159 :
1752 5119 1818 5160 ac
1838 5105 2034 5163 bellum

2147 5121 2432 5192 κοδοξείν),
2456 5121 2726 5192 Παλαμᾶν
2760 5137 2820 5174 τε
2850 5120 3050 5191 ὁμοίως
3074 5118 3172 5172 καὶ
3198 5119 3313 5172 ὅσοι
3341 5116 3408 5170 τὰ
3427 5117 3566 5170 αὐτὰ
3586 5114 3720 5168 luri-

456 5190 815 5260 imperatorio
845 5192 1025 5250 simile
1054 5205 1249 5251 contra
1297 5194 1598 5252 Ecclesiam
1640 5201 2041 5257 commovebat.

454 5280 569 5338 Nec
598 5288 744 5339 enim
790 5285 1060 5357 judicium
1094 5289 1287 5352 ullum,
1324 5303 1428 5343 nec
1469 5300 1918 5361 argumentorum
1952 5293 2046 5349 ﬁr-

456 5389 733 5434 mamenla
803 5381 1123 5452 requirens,
1174 5385 1375 5438 multos
1419 5383 1708 5456 episcopos
1751 5395 1807 5442 et
1853 5389 2048 5456 praeci-

457 5486 596 5540 puos
627 5473 696 5528 de
724 5474 1011 5528 monachis
1043 5474 1247 5530 indicta
1274 5490 1439 5531 causa
1481 5458 1795 5547 damnabat,
1841 5496 1904 5536 ac
1947 5497 2046 5552 per

456 5581 620 5620 omne
649 5566 775 5621 belli
814 5576 1029 5638 tempus
1059 5568 1302 5638 spirabat
1330 5579 1522 5625 contra
1557 5569 1813 5640 pietatem
1843 5572 2043 5629 feroci-

457 5666 562 5720 ter,
599 5659 956 5713 archontibus
995 5660 1115 5730 ejus
1151 5662 1449 5718 amentiam
1487 5678 1596 5719 non
1645 5680 1835 5732 parum
1885 5667 2069 5736 adju-l

456 5748 733 5809 vautibus,
775 5749 922 5818 quod
966 5760 1021 5805 et
1050 5751 1192 5810 istuc
1227 5755 1370 5810 bello
1414 5756 1677 5812 adversus
1704 5755 2044 5813 Cantacuze-
2075 5794 2084 5805 -

459 5852 591 5916 nunt
626 5851 903 5896 momento
949 5843 1093 5899 baud
1144 5848 1404 5904 mediocri
1440 5848 1685 5905 futurum
1733 5859 2044 5907 cernerent.

2144 5233 2221 5285 νῳ
2256 5214 2390 5286 περὶ
2427 5214 2526 5285 τῆς
2580 5214 2820 5277 πίστεως
2877 5205 3177 5283 έφρὸνουν,’
3221 5213 3281 5266 έν
3327 5210 3717 5282 δεσμωτηρίοις

2147 5307 2288 5381 εἶχε,
2321 5309 2418 5364 καὶ
2464 5307 2672 5362 ἐκάκου
2724 5308 2828 5361 ὅσα
2854 5306 3097 5361 δυνατάο
3152 5307 3249 5359 καὶ
3276 5303 3516 5375 πόλεμον
3551 5303 3715 5358 ἐκίνει

2151 5401 2298 5461 κατὰ
2319 5405 2421 5474 τῆς
2441 5399 2776 5472 Ἐκκλησίας
2809 5400 2888 5471 τῷ
2921 5399 3187 5470 βασιλικῷ
3216 5396 3537 5469 παρόμοιον.
3559 5396 3718 5464 Δίκης

2150 5493 2262 5567 γὰρ
2287 5494 2553 5562 οὐδεμιᾶς
2580 5493 2692 5547 οὐδ’
2721 5493 2987 5564 ἐλέγχων,
3024 5492 3138 5546 οὐδ’
3167 5488 3499 5554 ἀποδείξεως
3536 5488 3716 5557 δεόμε-

2154 5603 2268 5653 νος,
2292 5588 2403 5640 τῶν
2424 5602 2486 5640 τε
2516 5587 2835 5640 ἐπισκόπων
2859 5587 2962 5639 οὐκ
2990 5586 3213 5655 ὀλίγων,
3239 5583 3467 5638 καὶτῶν
3488 5581 3717 5650 λογάδων

2150 5679 2260 5732 τῶν
2329 5679 2584 5751 μοναχῶν
2633 5679 3043 5750 κατεψηφίζετο
3108 5678 3347 5750 ἐρήμην,
3408 5678 3503 5729 καὶ
3557 5670 3716 5732 πολὺς

2153 5772 2311 5826 ἔπνει
2343 5773 2498 5844 παρὰ
2527 5774 2708 5829 πάντα
2738 5774 2829 5828 τὸν
2856 5775 2952 5827 τοῦ
2975 5773 3212 5844 πολέμου
3247 5771 3437 5843 χρόνον
3461 5768 3600 5822 κατά
3627 5765 3718 5834 τῆς

2159 5866 2466 5931 εὐσεϐείας,
2491 5866 2723 5923 καὶτῶν
2749 5867 3028 5934 ἀρχόντων
3058 5870 3117 5923 ἐν
3143 5870 3255 5931 τοῖς
3288 5865 3611 5936 πράγμασιν
3626 5858 3719 5914 οὐκ
