4048 6436
538 421 673 484 l‘Z'Jl

1723 382 2048 474 JOANNIS
2086 413 2619 473 CANTACUZENI

3650 416 3778 483 1292

531 532 678 586 malo
709 530 1006 601 Augustam
1040 542 1333 584 occurrere
1363 536 1652 595 Oportcat;
1707 524 2119 595 aﬂirmabatque

2222 514 2421 594 ’έςιχῶν
2456 526 2485 578 ὀ
2515 525 3000 596 Καντακουζηνὸς,
3030 524 3059 578 ὀ
3095 520 3438 597 φυλάξασθαι
3472 527 3588 583 δέον
3625 530 3778 599 βασι-

531 625 585 680 id
618 639 677 678 se
708 621 1146 692 esploratissime
1193 634 1377 683 nosse,
1411 626 1598 688 utpote
1644 620 1870 672 missum
1918 620 1988 672 ab
2026 618 2113 679 iis,

529 719 857 786 quibuscum
896 715 1011 781 ipse
1043 726 1239 766 arcana
1290 726 1387 765 sua
1435 709 1889 763 communicaret.
1941 708 2119 778 Impe-

532 812 704 865 ratrix
741 817 856 863 rata
888 807 1134 862 fraudem
1171 804 1240 859 ab
1287 803 1478 858 amicis
1511 804 1835 872 patriarchae
1878 801 2151 856 fabrieao'

536 915 666 966 tam,
700 915 760 957 ut
809 903 926 971 ipsa
972 900 1039 954 ad
1072 899 1330 957 nuntium
1360 906 1731 959 consternata,
1768 895 1860 951 ille
1910 894 2117 966 suppli~

534 998 679 1051 cium
712 996 962 1050 admissae
995 993 1047 1045 in
1082 991 1250 1046 Deum
1289 988 1591 1059 impietatis
1614 987 1894 1052 evaderet,
1922 1002 2032 1042 non
2058 1001 2119 1042 se

535 1092 657 1145 loco
702 1088 1064 1143 discessuram
1111 1082 1482 1143 asseverabat,
1513 1080 1766 1151 quamvis
1812 1078 1977 1149 plane
2009 1078 2119 1135 sci-

536 1195 637 1246 ret,
667 1199 728 1236 cu
762 1182 877 1251 ipsa
911 1188 1068 1233 nocte
1094 1179 1535 1232 Cautacuzcnum
1571 1175 1717 1247 intra
1746 1172 1946 1228 muenia
1979 1171 2115 1226 fore.

536 1276 661 1330 llaec
705 1274 815 1337 illa,
848 1287 974 1326 cum
1019 1269 1216 1324 falsum
1268 1266 1547 1337 apportari
1595 1264 1861 1318 nuntium’
1886 1262 2119 1317 arbitra-

534 1373 704 1433 retur,
755 1366 849 1436 qui
904 1373 1025 1420 erat
1065 1361 1254 1432 utique
1305 1358 1646 1415 verissimus.
1687 1357 1757 1413 Ut
1800 1355 1946 1411 enim
1992 1370 2116 1411 cum

535 1460 666 1522 illis,
699 1473 728 1512 a
763 1456 961 1526 quibus
1010 1453 1076 1507 ad
1125 1454 1316 1507 urbem
1364 1448 1688 1518 capiendam
1737 1444 2116 1517 adiuvabatur,

531 1547 1017 1611 diemconstituit,
1047 1560 1157 1615 quo
1186 1543 1277 1597 die
1310 1552 1366 1597 et
1395 1541 1514 1611 ipse
1546 1540 1789 1602 adesset,
1818 1551 1873 1595 et
1901 1539 1976 1594 illi
2003 1539 2117 1594 Au-

533 1658 683 1699 ream
745 1648 959 1721 portam
1018 1640 1354 1691 obstructam
1433 1632 1814 1703 perforarent,
1874 1630 2117 1702 Selybria

532 1733 939 1805 AdrianOpolim
986 1729 1261 1793 discessit,
1308 1742 1432 1782 cum
1466 1725 1702 1795 amplius
1749 1723 1897 1778 mille
1924 1738 1957 1778 e
2005 1732 2119 1779 toto

533 1829 778 1884 exercitu
806 1824 1030 1881 delectis
1071 1822 1335 1876 militibus
1365 1821 1458 1888 (ne
1490 1816 1817 1889 proderetur
1847 1815 2115 1878 videlicet,

532 1910 585 1975 si
605 1931 858 1990 magnam
899 1912 1304 1968 multitudinem
1340 1908 1613 1979 duceret),
1652 1922 1858 1977 perque
1900 1907 2117 1962 deserta

532 2023 588 2070 et
635 2012 753 2068 avia
797 2011 902 2065 iter
939 2007 1171 2073 faciens,
1204 2005 1535 2059 necessitate
1577 2002 1812 2074 quadam
1848 2000 2119 2071 praepedi-

530 2117 642 2171 tus,
673 2106 762 2161 die
792 2117 900 2158 uno
936 2099 1149 2156 tardius
1190 2097 1359 2159 venit,
1392 2109 1555 2164 quam
1605 2092 1933 2161 praeﬁnitum
1961 2102 2113 2157 erat;

532 2218 656 2258 cum
693 2200 899 2252 interea
931 2190 1356 2263 cogitationibus
1386 2187 1807 2250 distraheretur,
1841 2192 2116 2250 metuens,

532 2307 605 2346 ne
637 2304 760 2361 pars
792 2288 910 2358 ejus
934 2288 1052 2356 ipso
1078 2282 1261 2338 adhuc
1294 2281 1542 2342 absente,
1571 2291 1635 2330 ex
1670 2275 1957 2332 conventis
1988 2290 2120 2345 por-

535 2395 645 2439 tam
697 2380 944 2452 perfosso
994 2391 1155 2432 muro
1205 2373 1482 2444 aperiens,
1536 2369 1798 2440 ﬂagrante
1843 2368 2044 2425 delicto
2089 2383 2119 2424 a

534 2478 739 2551 pepulo
781 2483 1070 2530 necaretur
1100 2489 1114 2526 :
1153 2470 1478 2538 dolebatque
1508 2463 1923 2527 incredibiliter,
1954 2460 2120 2533 695

531 2587 643 2627 non
692 2570 871 2624 solum
902 2566 1047 2636 quod
1096 2560 1358 2636 Byzantio
1404 2559 1781 2623 frustraretur,
1818 2557 1914 2612 sed
1954 2554 2118 2610 etiam

534 2663 678 2736 quod
724 2663 926 2718 bonum
958 2670 1248 2712 numerum
1282 2653 1582 2708 amicorum
1618 2651 1922 2705 amissurus
1951 2655 2119 2703 esset.

535 2761 790 2813 Attamen
828 2767 937 2806 non
970 2749 1217 2805 funditus
1247 2747 1462 2816 abiecta
1494 2759 1590 2814 spe
1616 2744 1808 2799 eodem
1839 2741 2122 2814 gradieba-

538 2859 646 2906 tur.
674 2846 851 2904 Amici
882 2853 938 2898 et
965 2842 1068 2912 ipsi
1098 2838 1432 2895 necessitate
1455 2837 1689 2905 quadam
1719 2835 1811 2889 illo
1835 2834 1925 2889 die
1952 2844 2124 2888 retar-

533 2940 671 3006 dati,
700 2938 791 2994 die
835 2936 1029 2999 altero,
1054 2944 1165 3003 quo
1193 2931 1249 2987 in
1285 2928 1486 2999 palatio
1514 2936 1706 2983 contra
1754 2925 2121 2997 patriai-ehem

534 3039 843 3089 conventus
887 3026 1174 3099 agebatur,
1200 3020 1617 3085 convenientes,
1641 3027 1855 3090 portam
1883 3020 2120 3073 Auream

534 3142 661 3183 cum
708 3121 1078 3193 trepidatione
1134 3125 1191 3173 et
1240 3115 1400 3171 anxia
1447 3129 1580 3170 cura
1604 3113 1896 3184 .aperiunt.
1929 3112 2119 3167 Time-

532 3210 667 3274 bant
695 3215 985 3285 siquidem,
1017 3226 1089 3266 ne
1122 3206 1467 3280 praecedente
1496 3214 1658 3262 nocte
1691 3206 1917 3261 veniens
1944 3206 2120 3277 impe-
2147 3200 2192 3260 ο

532 3318 705 3373 rator,
736 3318 791 3362 et
816 3321 882 3360 ex
911 3303 1084 3375 pactis
1124 3300 1261 3355 nihil
1293 3300 1423 3354 dum
1461 3298 1665 3354 factum
1694 3298 2000 3363 inveniens,
2032 3312 2120 3353 re-

535 3400 815 3462 cessisset,
865 3395 1081 3466 ipsique
1125 3392 1349 3461 proditi,
1384 3391 1505 3460 ejus
1547 3406 1732 3457 causa,
1781 3392 1903 3445 neci
1950 3391 2123 3446 deder-

536 3499 749 3546 rentur.
784 3487 992 3541 Tamen
1021 3499 1126 3540 nec
1169 3483 1275 3552 ipsi
1319 3482 1554 3536 salutem
1584 3482 1637 3534 in
1682 3481 1985 3557 desperatis
2012 3481 2115 3536 du-

536 3591 749 3645 centes,
796 3586 1008 3648 portam
1063 3581 1467 3646 perrumpunt;
1512 3580 1632 3626 erat
1678 3572 1825 3626 enim
1872 3572 2121 3643 peditum

537 3674 896 3744 equitumque
933 3667 1080 3723 haud
1107 3664 1571 3722 contemnendum
1603 3679 1819 3733 agmen,
1853 3675 1910 3721 et
1939 3665 1985 3720 si
2012 3682 2120 3736 qua

540 3766 622 3819 vis
650 3765 953 3834 ingrueret,
983 3774 1042 3814 se
1066 3756 1364 3812 defendere
1387 3754 1533 3809 illam
1560 3770 1725 3825 posse
1747 3757 2117 3814 conﬁdebant.

540 3858 599 3913 Si
633 3856 873 3928 perfossa
919 3861 1072 3923 porta
1120 3850 1504 3919 imperatorem
1543 3866 1653 3905 non
1690 3849 2023 3917 invenirent,
2051 3854 2120 3908 ad

539 3966 665 4005 cum
713 3947 863 4002 abire
897 3942 1228 4000 statuebant.
1264 3940 1377 3998 Hac
1408 3951 1593 3997 mente
1627 3958 1766 4013 opus
1814 3942 2118 4016 inceptant.

542 4034 792 4106 Synodus
840 4043 1023 4089 autem
1077 4032 1130 4086 in
1183 4032 1402 4101 palatio,
1441 4043 1730 4103 postquam
1767 4036 1987 4104 copiose
2017 4037 2120 4093 do-

538 4130 672 4196 cuit,
703 4128 1068 4198 patriarcham
1116 4124 1293 4195 ipsum
1328 4125 1381 4178 in
1424 4127 1699 4196 germanis
1731 4126 1988 4185 Ecclesiae
2022 4131 2123 4186 do-

538 4221 734 4292 gmatis
766 4220 1033 4290 desipere,
1066 4229 1122 4273 et
1166 4218 1304 4274 alios
1335 4218 1402 4273 ad
1451 4219 1552 4274 sibi
1585 4222 1997 4277 assentiendum
2029 4240 2121 4279 co-

538 4329 702 4384 gere,
760 4309 1127 4368 concentibus
1183 4324 1309 4363 eum
1369 4310 1659 4365 sententiis
1722 4315 2122 4371 exauctoravit;

537 4409 711 4472 Quam
758 4404 828 4460 ob
873 4418 1094 4459 causam
1145 4401 1403 4466 maxime,
1458 4399 1846 4470 imperatorem
1906 4413 1963 4459 et
2026 4406 2121 4475 qui

2222 616 2380 671 λίδα·
2432 618 2743 689 ίσχυρίζετό
2796 636 2855 672 τε
2909 620 3226 690 σαφέστατα
3258 620 3456 676 εἰδέναι
3504 622 3651 695 παρά
3679 625 3781 677 τῶν

2219 712 2291 764 τὰ
2332 711 2627 783 ἀπόρρητα
2659 714 3072 770 κοινωνούντων
3104 714 3256 786 αύτῷ
3297 715 3586 786 πεμφθείς.
3618 718 3780 772 Βασι-

2218 804 2306 869 λὶς
2326 806 2384 859 δὲ
2415 806 2543 860 ἐπεὶ
2578 805 2836 873 ἐπύθετο,
2861 807 3082 880 ἀπάτην
3108 804 3251 863 εἶναι
3270 808 3517 878 οίηθείσα
3552 811 3654 865 ὑπὸ
3679 812 3783 864 τῶν

2223 900 2570 971 πατριάρχου
2605 899 2777 970 φίλων
2810 901 3351 974 συνεσκευασμένην,
3378 902 3445 956 ἶν’
3468 903 3633 973 αὐτῆς
3652 905 3784 974 πρὸς

2219 992 2319 1065 τὴν
2347 993 2611 1062 ἀγγελίαν
2642 993 3064 1065 θορυϐηθείσης,
3094 994 3158 1049 τὸ
3188 994 3375 1051 δοῦναι
3395 995 3551 1065 δίκην
3583 996 3782 1056 ἐκεῖνος
3840 1008 3843 1013 ‘

2218 1086 2459 1160 διαδρῴη
2496 1084 2585 1156 ἐφ’
2616 1082 2701 1151 οἷς
2738 1085 3008 1159 ἐτόλμησε
3033 1087 3175 1142 κατά
3208 1088 3374 1153 Θεοῦ,
3403 1091 3502 1142 οὐκ
3529 1087 3633 1158 εφη
3660 1090 3785 1142 ἀνα-

2224 1180 2545 1249 στήσεσθαι,
2575 1180 2626 1233 εί
2666 1180 2764 1233 καὶ
2798 1180 2987 1248 σαφῶς
3017 1180 3184 1250 εἰδείη
3217 1182 3276 1234 ἐν
3323 1179 3508 1253 ἑκείνῃ
3537 1183 3601 1252 τῇ
3634 1185 3785 1233 νυκτὶ

2224 1270 2684 1341 Καντακουζηνδν
2710 1272 2977 1340 ἐσόμενον
3006 1272 3157 1336 ὲντός
3179 1272 3400 1340 τειχῶν.
3442 1273 3511 1326 Ἥ
3543 1274 3641 1343 μὲν
3694 1268 3784 1326 οὗν

2218 1362 2447 1417 τοιαῦτα
2474 1363 2861 1433 ἀπεφθέγξατο
2901 1363 2978 1437 μὴ
3018 1360 3157 1419 εἶναι
3185 1365 3363 1437 ἀληθῆ
3396 1364 3496 1437 τὴν
3532 1365 3786 1435 ἀγγελίαν

2218 1456 2488 1525 οίηθεῐσα.
2522 1456 2596 1510 Τδ
2629 1455 2686 1510 δι
2710 1452 2779 1529 ἦν
2809 1456 2917 1525 ἀρα
2955 1457 3154 1530 ἀληθές
3177 1438 3199 1487 ·’
3225 1458 3303 1523 ῶς
3337 1456 3449 1529 γὰρ
3479 1458 3543 1513 ικ
3582 1457 3788 1529 Σηλυμ-

2219 1548 2383 1618 6ρίας
2424 1547 2567 1618 μετά
2600 1549 2663 1603 τὸ
2724 1549 3073 1622 προθεσμίαν
3127 1551 3422 1606 συνθέσθαι
3476 1551 3614 1623 πρὸς
3667 1553 3789 1613 τοὺς

2220 1640 2561 1712 πράττοντας
2613 1640 2712 1712 τὴν
2774 1641 3003 1708 ἅλωσιν,
3043 1638 3169 1714 ὲνῇ
3218 1642 3383 1697 αὐτόν
3430 1650 3490 1697 τε
3538 1644 3787 1714 παρεῖναι

2221 1732 2354 1801 ἔδει,
2390 1731 2682 1796 κάκείνους
2717 1733 2819 1803 τὴν
2841 1734 3066 1804 Χρυσῆν
3094 1734 3276 1805 πύλην
3313 1733 3615 1803 διορύττειν
3642 1736 3787 1802 ἀπῳ-

2152 1858 2198 1918 B
2225 1823 2631 1894 κοδομημένην,
2659 1825 2742 1888 είς
2790 1824 3236 1894 Ἀδριανούπολιν
3268 1825 3472 1897 ἀπῆρε,
3515 1825 3575 1879 τὸ
3614 1826 3789 1880 κάλλι-

2226 1933 2351 1970 στον
2366 1914 2777 1987 ἀπολεξάμενος
2802 1916 2902 1986 τῆς
2928 1919 3191 1988 στρατιᾶς
3216 1918 3357 1988 ὑπὲρ
3381 1918 3585 1990 χιλίους
3611 1921 3783 1985 ὄντας,

2223 2008 2310 2063 ἵνα
2346 2008 2423 2080 μὴ
2458 2011 2787 2081 κατάφωρος
2814 2005 2900 2078 ειη
2928 2010 3269 2080 ἑπαγόμενος
3293 2009 3524 2075 πολλούς
3542 2028 3558 2044 ο
3586 2013 3681 2069 καὶ
3706 2012 3787 2066 διὰ

2220 2103 2332 2157 τῶν
2365 2104 2642 2173 ἀοικήτων
2677 2104 2772 2157 καὶ
2830 2102 3071 2173 ἀτριθῶν
3110 2103 3356 2171 ὁδεύσας,
3388 2104 3658 2175 ὑστέρησε
3694 2106 3785 2175 μὲν

2220 2195 2322 2263 τῆς
2348 2193 2692 2271 προθεσμίας
2720 2193 2827 2246 ὑπό
2858 2210 3005 2256 τινος
3037 2194 3286 2264 ἀνάγκης
3320 2194 3585 2258 κωλυθεὶς
3609 2195 3786 2267 ἡμέρᾳ

2225 2288 2360 2359 μιᾷο
2410 2270 2506 2341 καὶ
2558 2286 2777 2350 πολλοῖς
2814 2286 3045 2340 επάλαιε
3091 2270 3394 2357 λογισμοῖς,
3432 2286 3688 2349 δεδοικὼς
3715 2290 3784 2358 μὴ

2222 2379 2577 2448 διορύξαντες
2611 2380 2664 2432 oi
2692 2380 2761 2434 τὰ
2799 2381 3014 2434 ἐκείνου
3044 2379 3378 2448 πράττοντες
3415 2379 3559 2433 κατά
3586 2380 3649 2432 τὸ
3673 2380 3786 2431 σύν·
3888 2454 3894 2459 ι

2223 2471 2374 2542 θημα
2405 2472 2504 2542 τὴν
2531 2470 2729 2544 πύλην,
2761 2472 2925 2535 αὐτὸς
2960 2472 3061 2543 μὲν
3091 2472 3232 2543 ἀπῇ,
3266 2472 3466 2526 ἐκεῖνοι
3486 2472 3542 2526 δὲ
3572 2473 3679 2526 uno
3699 2473 3789 2526 τοῦ

2220 2564 2396 2634 δήμου
2450 2563 2833 2634 διαφθαρῶσιν
2883 2564 3105 2630 ἁλόντες
3152 2564 3244 2619 ἐπ’
3293 2566 3615 2639 αὐτοφώρῳ.
3686 2563 3787 2620 Καὶ

2222 2658 2609 2729 ἐδυσχέραινεν
2637 2662 2739 2714 οὐκ
2766 2660 3035 2727 ἀνεκτῶς,
3065 2660 3127 2714 οὐ
3169 2660 3329 2732 μόνον
3349 2660 3438 2717 ὀιά
3471 2661 3571 2732 τὴν
3593 2663 3789 2716 ἀποτυ-

2222 2752 2347 2820 χίαν
2380 2750 2705 2817 Βυζαντίου,
2736 2751 2858 2806 ἀλλ’
2888 2751 2974 2807 ὅτι
2998 2753 3095 2807 καὶ
3119 2752 3234 2807 τῶν
3259 2752 3428 2822 φίλων
3455 2751 3789 2823 ἔμελλενούκ

2222 2843 2437 2912 ὀλίγους
2467 2844 2711 2899 ἀπολεῖν.
2747 2844 2953 2915 Ὅμως
2973 2844 3030 2898 δὲ
3064 2845 3126 2898 ού
3167 2845 3480 2899 παντάπασι
3509 2844 3621 2899 τῶν
3648 2844 3792 2898 ἑλπί-

2223 2937 2330 2990 δων
2361 2939 2662 3004 ἀπογνοὺς,
2716 2936 2914 3008 αχώρει
2941 2937 3039 2991 tut
3074 2936 3136 2991 τὺ
3164 2936 3460 3002 Βυζάντιον
3484 2938 3699 3001 νυκτός.
3729 2937 3787 2988 υῑ

2224 3022 2568 3101 προδιδόντες
2592 3030 2654 3083 δὲ
2679 3029 2777 3084 καὶ
2806 3030 2964 3084 αὐτοὶ
3009 3028 3114 3084 ὑπό
3145 3045 3295 3092 τινος
3335 3029 3582 3102 ἀνάγκης
3620 3030 3791 3083 κωλυ-

2225 3121 2415 3186 θέντες
2443 3122 2559 3185 τοίς
2589 3120 2835 3192 τείχεσιν
2871 3121 3175 3193 ἐπιχειρεῖν
3228 3121 3371 3178 κατά
3413 3122 3511 3193 τὴν
3561 3121 3790 3193 προθεσ-

2227 3214 2385 3285 μίαν,
2443 3215 2524 3277 είς
2577 3213 2676 3282 τὴν
2741 3213 3043 3283 ὑστεραίαν
3071 3209 3287 3286 καθ’ἥν
3341 3214 3399 3291 ὲν
3438 3213 3787 3285 βασιλείοιςὴ

2231 3308 2375 3364 κατά
2403 3308 2747 3379 πατριάρχου
2788 3304 3008 3372 σύνοδος
3056 3300 3457 3378 συνεκροτεῖτο,
3501 3305 3790 3378 διώρυττον
3826 3340 3830 3344 -

2228 3401 2328 3473 τὴν
2357 3400 2583 3470 Χρυσῆν
2634 3398 2810 3470 πύλην
2851 3397 3223 3463 συνελθόντες,
3260 3402 3318 3454 ἐν
3365 3399 3536 3471 πολλῇ
3582 3402 3787 3472 ταραχῇ

2228 3498 2327 3550 καὶ
2365 3493 2515 3564 σάλῳ
2571 3492 2726 3556 ὄντες
2764 3493 2860 3547 καὶ
2909 3490 3085 3547 αὐτοί.
3126 3490 3436 3547 Ἐὀεδίεσαν
3483 3494 3591 3565 γὰρ
3621 3494 3697 3564 μὴ
3728 3496 3791 3563 τῇ

2231 3582 2614 3654 προγενομένῃ
2648 3583 2807 3635 νυκτὶ
2846 3580 3022 3635 ἐλθὼν
3055 3584 3083 3636 ό
3109 3581 3387 3654 βασιλεὺς,
3416 3585 3514 3640 καὶ
3538 3585 3646 3639 τῶν
3675 3603 3790 3639 συν-

2228 3675 2562 3746 τεθειμένων
2609 3674 2935 3745 ἠνυσμένων
2969 3673 3220 3746 εύρηκὼς
3255 3675 3446 3744 μηδέν,
3493 3677 3654 3741 αὐτὸς
3695 3678 3790 3749 μὲν

2227 3763 2386 3830 αὖθις
2427 3765 2799 3837 ἀνεχώρησεν,
2823 3765 2981 3820 αὐτοὶ
3008 3765 3065 3819 δὲ
3100 3764 3190 3834 ὑφ’
3225 3767 3434 3823 ἑαυτῶν
3464 3771 3790 3841 καταπροδο-

2228 3862 2414 3924 θέντες
2445 3860 2840 3931 διαφθαρῶσιν.
2859 3860 3047 3929 Ὀμως
3077 3858 3185 3912 οὐδ’
3207 3860 3357 3913 αὐτοὶ
3383 3860 3481 3925 τὰς
3504 3861 3596 3918 τοῦ
3630 3863 3792 3927 σώζε-

2229 3955 2355 4009 σθαι
2391 3953 2615 4017 ἐλπίδας
2665 3953 3018 4022 ἀπογνόντες,
3050 3952 3345 4024 διώρυττον
3368 3954 3466 4023 τὴν
3501 3954 3702 4026 πύλην,
3727 3953 3788 4027 ἦ.

2228 4066 2328 4103 σαν
2361 4048 2471 4117 γὰρ
2512 4049 2771 4116 σύστημα
2797 4046 2897 4099 οὐκ
2918 4045 3147 4114 ἀγγενὲς
3186 4047 3251 4099 ὲκ
3277 4045 3459 4111 πεζῶν
3489 4064 3547 4101 τε
3586 4050 3681 4102 καὶ
3706 4050 3790 4102 51t-

2232 4144 2404 4208 πέων,
2433 4140 2529 4194 καὶ
2555 4138 2829 4210 ἐθάρρουν
2850 4138 3032 4209 σφίσιν
3058 4137 3271 4202 ἑαυτοῖς
3287 4139 3363 4203 ὡς
3378 4140 3787 4211 ἀμυνουμένοις,

2227 4238 2294 4291 ἄν
2323 4252 2404 4296 τις
2435 4235 2596 4304 ἐπίῃ·
2636 4231 2742 4285 κᾶν
2788 4227 3136 4299 διορύξαντες
3194 4229 3270 4301 μὴ
3312 4229 3514 4300 εὕρωσι
3549 4233 3785 4303 παρόντα

2219 4330 2317 4384 ’τὸν
2350 4325 2594 4398 βασιλέα,
2651 4322 2791 4394 πρὸς
2824 4323 2990 4378 αὐτὸν
3038 4323 3371 4394 ἀποχωρεῖν.
3430 4324 3661 4379 Ἐκεῖνοι
3694 4326 3785 4395 μὲν

2225 4417 2319 4470 οὖν
2346 4412 2574 4485 τοιαύτῃ
2604 4412 2801 4483 γνώμῃ
2845 4411 3163 4497 διώρυττον.
3207 4413 3274 4466 Ἠ
3312 4412 3371 4467 δὲ
3410 4413 3470 4469 ὲν
3503 4414 3785 4485 βασιλείοις

541 4499 658 4554 urbi
696 4498 764 4553 ab
790 4512 855 4553 eo
882 4495 1163 4577 capiendae
1191 4493 1506 4557 studebant,
1535 4495 1625 4549 die
1655 4500 1963 4566 praestituto
1988 4515 2120 4556 cou-

2229 4510 2472 4573 σύνοδος,
2504 4508 2630 4562 Erret
2656 4508 2722 4560 ἐκ
2755 4504 2965 4559 πολλῶν
3004 4493 3296 4561 ἀπεδείκνυ
3326 4508 3666 4579 πατριάρχην
3691 4511 3785 4562 αὑ-

538 4595 726 4648 venire.
761 4591 928 4647 fuisse
956 4589 1285 4660 prohibitos,
1319 4598 1507 4657 pes-tea
1536 4589 1840 4658 iudicatum
1883 4601 1967 4648 est
2002 4613 2014 4649 :
2051 4609 2119 4650 ne

538 4685 749 4739 scilicet
801 4684 1094 4750 imperator
1146 4680 1465 4750 injuriarum
1522 4697 1754 4749 memor,
1792 4684 1863 4738 de
1920 4686 2120 4741 throno

539 4776 693 4829 illum
744 4772 1065 4827 dcturbasse
1118 4770 1418 4835 videretur,
1469 4773 1584 4826 sed‘
1611 4783 1672 4828 ut
1717 4790 1842 4828 cum
1894 4789 2120 4847 propter

464 4932 477 4941 ﬁ
537 4866 897 4920 adulteratam
924 4863 1186 4917 d0.:tritt:n
1213 4861 1497 4917 veritatem
1534 4864 1632 4918 has
1661 4879 1850 4934 pcenas
1879 4869 2120 4938 pendere

536 4970 729 5031 omnes
754 4953 1041 5026 perspicue
1071 4952 1453 5022 intelligerent.
1481 4954 1736 5027 Episcopi
1765 4973 1890 5015 cum
1922 4960 2119 5017 sull'ra-

538 5046 641 5118 giis
671 5045 900 5099 aliorum
940 5043 1344 5112 episcoporum,
1376 5044 1471 5113 qui
1500 5056 1558 5100 ut
1588 5049 1829 5116 suSpccti
1889 5053 1942 5105 in
1982 5069 2118 5108 con-

535 5141 719 5196 silium
751 5138 976 5194 adhibiti
1006 5151 1114 5192 non
1145 5136 1383 5203 fuerant,
1418 5137 1504 5194 his
1550 5139 1626 5194 ita
1658 5146 1917 5211 peractis,
1948 5148 2118 5202 multa

509 5235 645 5303 .jam
692 5240 851 5287 nocte
886 5231 938 5283 in
969 5244 1067 5284 sua
1095 5230 1330 5298 quisque
1371 5237 1514 5285 tecta
1543 5246 1910 5291 recesserunt.
1940 5235 2119 5309 Impe-

537 5334 682 5380 rator
734 5325 825 5379 ubi
871 5320 1067 5384 adfuit,
1104 5330 1159 5375 et
1183 5323 1303 5391 ejus
1340 5320 1506 5376 factio
1558 5323 1706 5378 intus
1757 5327 1967 5383 aditum
2020 5346 2119 5400 per

536 5426 747 5487 portam
784 5418 1018 5472 Auream
1054 5416 1332 5487 patefecit.
1379 5415 1668 5473 resistente
1713 5420 1957 5487 nemine,
1990 5437 2117 5478 cmn

536 5512 702 5565 totius
748 5510 932 5579 populi
982 5510 1250 5579 applausu
1294 5518 1352 5564 et
1399 5510 1757 5580 gratulatione
1794 5515 1984 5569 urbem
2032 5517 2118 5571 in-

536 5616 755 5672 gressus
807 5611 910 5666 est,
964 5601 1338 5672 militibusque
1388 5602 1692 5668 interdixit,
1741 5620 1811 5661 ne
1854 5607 1923 5662 ad
1973 5610 2119 5665 cives

536 5692 871 5764 diripiendos
901 5694 1305 5759 discurrerent;
1351 5702 1407 5748 et
1438 5703 1704 5764 quantum
1741 5698 1937 5766 potuit,
1972 5699 2117 5756 idem

535 5786 677 5852 plebi
712 5785 905 5839 vetuit.
957 5784 1036 5838 Ita
1080 5784 1132 5837 in
1180 5798 1315 5852 pace
1366 5783 1607 5844 fuerunt.
1638 5790 1730 5856 qui
1778 5790 1847 5844 ab
1878 5794 2115 5863 Augusta

538 5877 771 5943 stabant,
804 5877 905 5932 nisi
933 5880 977 5931 si
1010 5876 1146 5933 forte
1176 5879 1393 5949 quidam
1424 5894 1453 5932 a
1485 5880 1678 5935 vicinis
1704 5883 1915 5939 multati
1962 5899 2111 5955 sunt,

2222 4604 2316 4655 τόν
2347 4617 2406 4654 τε
2442 4599 2573 4669 περὶ
2599 4599 2669 4652 τὰ
2694 4597 2831 4669 ὀρθά
2853 4597 2957 4668 τῆς
2981 4598 3311 4670 Ἐκκλησίας
3330 4601 3577 4672 δόγματα
3597 4603 3782 4673 ἔχοντα

2224 4695 2324 4765 οὐχ
2354 4694 2545 4763 ὑγιῶς,
2594 4693 2689 4748 καὶ
2741 4693 2870 4757 τοὺς
2919 4691 3116 4757 ἀλλους
3167 4694 3552 4763 ἀναγκάζοντα
3598 4699 3783 4767 ἐκείνῳ

2227 4788 2582 4857 συμφρονεῖν,
2625 4784 2825 4858 γνώμῃ
2864 4789 3017 4857 κοινῇ
3056 4785 3378 4855 καθαίρεσιν
3423 4789 3588 4844 αὐτοῦ
3620 4808 3781 4845 κατα-

2220 4878 2571 4947 ψηφίζονται.
2629 4877 2709 4930 Δι’
2757 4875 2793 4931 ἃ
2823 4877 2889 4948 δὴ
2921 4877 3020 4931 καὶ
3058 4878 3292 4948 μάλιστα
3333 4879 3509 4945 ἔδοξεν
3540 4880 3777 4950 ὕστερον.

2222 4969 2487 5034 Βασιλεύς
2515 4986 2576 5023 τε
2609 4973 2704 5025 καὶ
2723 4969 2773 5023 oi
2801 4970 3135 5038 πράττοντες
3165 4970 3265 5043 τὴν
3285 4970 3492 5025 ἀλωσιν
3520 4971 3780 5026 συνελθεῖν

2220 5062 2367 5115 κατά
2402 5063 2501 5130 τὴν
2538 5061 2880 5133 προθεσμίαν
2911 5056 3244 5134 κωλυθῆναι,
3283 5064 3375 5120 ἵνα
3411 5063 3487 5137 μὴ
3520 5081 3778 5136 μνησικα-

2219 5154 2332 5206 κῶν
2358 5154 2521 5219 αύτδς
2545 5155 2730 5227 δοκοίη
2759 5155 2867 5209 τῶν
2896 5155 3104 5227 θρόνων
3138 5157 3420 5227 καθαιρεῖν
3444 5175 3460 5191 ·
3484 5160 3600 5212 ἀλλ’
3628 5161 3779 5227 ἀκρι-

2219 5244 2329 5309 ϐῶς
2353 5245 2437 5316 εἴη
2462 5245 2570 5298 τῶν
2594 5244 2771 5317 ὀρθῶν
2791 5246 3078 5316 δογμάτων
3096 5248 3192 5318 τῆς
3214 5248 3542 5321 διιστροφῆς
3563 5249 3770 5317 εὐθύνη.

2224 5336 2287 5389 Οἱ
2314 5336 2416 5401 μὲν
2444 5331 2538 5389 οὖν
2570 5336 2851 5409 ἀρχιερεῖς
2880 5339 3004 5393 ἐπεὶ
3026 5338 3199 5393 ταῦτα
3242 5339 3513 5410 ἔπραξαν,
3544 5343 3636 5395 καὶ
3678 5342 3778 5394 τῶν

2218 5427 2471 5482 ἀπόντων
2500 5429 2590 5482 διὰ
2619 5429 2681 5482 τὸ
2706 5429 3117 5485 ὑποπτεύεσθαι
3146 5432 3452 5503 ἀρχιερέων
3474 5432 3777 5503 ’συνεπιψη-

2218 5521 2882 5593 φισαμένων,ἀνεχώρουν
2903 5523 3136 5588 ἕκαστος
3158 5526 3294 5596 πρὸς
3312 5524 3409 5589 τὰς
3425 5526 3657 5587 οἰκήσεις
3680 5523 3771 5593 ἤδη

2220 5610 2411 5680 πόῤῥω
2440 5612 2673 5670 νυκτῶν.
2714 5615 2978 5680 Βλσιλείις
3006 5617 3064 5671 δὲ
3102 5618 3227 5671 ἐπεὶ
3260 5618 3464 5689 παρῆν,
3498 5618 3606 5673 τῶν
3630 5617 3771 5671 ἔνδον

2219 5707 2288 5758 τὰ
2339 5708 2551 5762 ἐκείνου
2582 5710 2936 5780 πραττόντων
2988 5709 3089 5778 τὴν
3146 5711 3373 5782 Χρυσῆν
3428 5711 3772 5784 διορυξάνιων

2227 5798 2406 5870 πύλην
2457 5802 2782 5873 εἰσήλαυνεν
2818 5803 3037 5868 οὐδενὸς
3082 5803 3504 5875 ἀνθισταμένου,
3539 5805 3669 5859 ἀλλά
3710 5801 3774 5855 δι’

2224 5891 2503 5962 εὐφημίας
2531 5893 2692 5950 αὑτὸν
2718 5895 2964 5965 ἀγόντων
2995 5896 3195 5963 παντὸς
3221 5896 3314 5953 τοῦ
3337 5897 3535 5970 δήμου,
3563 5898 3775 5958 καὶτοῖς
