4048 6428
469 387 630 450 12"9

1341 390 1666 453 JOANNIS
1727 389 2263 449 CANTACUZENl
2315 389 2522 450 HlST.
2562 389 2710 448 LIB.
2753 388 2866 446 lli.

3567 382 3709 448 '30!)

460 505 707 558 sciebant
731 519 790 558 se
814 505 1134 561 novaculam
1177 520 1392 571 acuere,
1428 514 1484 562 et
1523 521 1725 576 equum
1755 519 2036 561 cursorem
2067 540 2076 562 ε

2159 505 2232 556 τοῦ
2260 505 2368 557 τῶν
2391 504 2666 574 πολεμίων
2699 503 2932 575 κρείττω
2954 494 3115 565 εἶναι,
3148 500 3242 553 καὶ
3265 500 3468 562 πάντας
3488 499 3700 569 ὕποχει·

463 593 516 646 ἰ.ι
575 609 829 663 campum
870 609 1194 663 provocare.
1247 595 1382 649 Cum
1423 596 1660 666 primum
1691 609 1929 663 namque
1974 610 2038 647 ea

463 685 626 736 verba
653 683 882 750 audivit,
913 684 1096 739 omnia
1125 700 1185 740 se
1221 685 1434 740 illorum
1463 700 1650 740 (causa
1681 685 1820 740 velle
1856 694 2042 739 osten-

463 771 544 824 tlit
567 811 582 835 ,
625 771 852 839 perinde
885 787 950 828 ac
981 772 1096 842 ipse
1145 789 1254 828 non
1287 774 1461 838 daret,
1497 775 1594 830 sed
1651 775 1921 843 acciperet
1956 775 2041 827 be-

463 864 740 917 neﬁcium.
782 863 1042 935 Legatum
1090 881 1220 921 vero
1271 880 1522 922 socerum
1572 865 1642 920 de
1696 866 1907 932 ingrata
1948 880 2041 918 vo-

2146 597 2296 666 ρίους
2326 595 2462 665 ὁμοῦ
2489 594 2676 647 λαῦεῖν
2699 611 2712 626 ο
2751 591 2869 646 ἀλλ’
2895 591 3085 660 ὥσπερ
3113 589 3224 653 τοῖς
3248 588 3454 652 ὅπλοις,
3479 588 3615 642 οὕτω
3641 589 3701 658 δὴ

2145 686 2242 739 καὶ
2287 689 2353 756 τῇ
2389 684 2768 756 μεγαλοψυχίᾳ
2798 683 3090 754 φαίνεσθαι
3137 681 3395 746 νικῶντα,
3449 679 3591 749 ἥπερ
3643 680 3704 748 δὴ

2148 777 2384 846 μεγίστη
2447 777 2596 847 νίκη.
2657 775 2754 832 καὶ
2823 775 3058 845 μάλιστα
3124 773 3479 843 προσήκουσα
3540 770 3704 840 αὐτῷ.

2150 868 2384 921 Ἔπειτα
2428 866 2778 938 ἀπήγγελλον
2811 866 2904 919 καὶ
2948 864 3046 934 τὴν
3081 863 3374 935 πρεσϐείαν
3402 860 3663 931 βασιλίδος
3686 897 3702 918 .

464 951 678 1006 luntate
706 951 900 1007 blanda
931 955 1178 1009 oratione
1209 956 1505 1025 increpuit,
1541 955 1686 1026 quod
1710 955 1857 1010 nulla
1897 955 1952 1010 in
1986 973 2043 1010 rc

2159 962 2242 1013 ut
2289 960 2504 1013 ἐδέοντο
2555 959 2822 1028 μνημεῖον
2873 956 2974 1026 τῆς
3021 954 3186 1010 αὑτοῦ
3237 951 3558 1012 ἐπιεικείας,
3619 953 3711 1002 καὶ

465 1043 732 1110 olIensus,
765 1045 883 1112 sed,
933 1046 976 1100 si
1023 1061 1212 1101 verum
1245 1046 1546 1115 fatendum,
1589 1047 1738 1103 mille
1766 1047 2046 1102 beneﬁciis

465 1136 800 1201 cumulatus,
835 1147 944 1192 tam
984 1138 1124 1194 male
1157 1138 1386 1209 gratiam
1427 1139 1724 1206 retulisset,
1757 1151 1815 1194 et
1844 1139 2044 1194 bellum

465 1235 659 1282 contra
692 1241 751 1282 se
799 1229 1150 1284 concitasset.
1204 1231 1476 1292 Palamam
1535 1242 1723 1286 contra
1766 1231 2044 1296 laudavit,

469 1328 524 1372 ct
553 1319 757 1388 gratias
807 1322 938 1391 egit,
972 1323 1116 1392 quod
1149 1339 1246 1392 pro
1287 1323 1500 1392 justitia
1550 1324 1891 1394 veritateque
1921 1341 2045 1395 gra-

471 1410 696 1465 vissime
729 1411 982 1478 alllictus,
1038 1429 1212 1484 usque
1254 1414 1322 1468 ad
1362 1425 1668 1470 extremum
1709 1413 1846 1469 nihil
1899 1415 2050 1485 abjc-

467 1512 616 1557 ctum
676 1513 771 1558 aut
811 1505 1005 1560 fecerit
1034 1516 1130 1562 aut
1172 1506 1392 1561 dixerit.
1431 1504 1569 1560 Tum
1603 1507 1862 1577 pracepit
1902 1506 2051 1575 jura—

470 1603 652 1646 nienta
701 1593 766 1648 ad
817 1595 1115 1666 Angustam
1165 1606 1219 1651 et
1275 1597 1657 1667 imperatorem
1699 1597 1869 1651 ﬁlium
1919 1612 2053 1652 con-

469 1683 632 1738 scribi
663 1700 677 1748 ;
715 1694 770 1740 et
801 1687 1111 1757 conscripta
1143 1698 1271 1742 sunt
1312 1703 1437 1744 cum
1469 1687 1554 1743 his
1587 1688 1997 1744 conditionibus
2033 1707 2048 1743 :

468 1776 533 1832 Ut
561 1791 738 1847 neque
760 1779 875 1848 ipse
912 1779 1213 1834 vindicaret
1265 1780 1321 1836 in
1362 1796 1456 1837 eos
1491 1785 1583 1853 qui
1628 1799 1688 1839 se
1738 1783 2007 1838 laesissent
2036 1822 2051 1845 ,

2151 1051 2578 1122 μεγαλοψυχίας,
2599 1050 2696 1103 καὶ¹
2725 1049 3014 1112 συνέσεως,
3035 1045 3132 1117 τὴν
3154 1046 3281 1114 περὶ
3306 1046 3430 1107 τοὺς
3455 1044 3712 1112 βασιλέως

2149 1142 2572 1212 εὐγνωμοσύνην
2603 1141 2798 1204 παῖδας
2829 1139 3216 1200 άνεξάλειπτον
3249 1137 3361 1198 τοῖς
3387 1138 3465 1197 είς
3487 1134 3711 1203 ὕστερον

2150 1236 2493 1291 καταλιπεῖν.
2544 1234 2870 1288 Ἐλάνθανον
2917 1232 2972 1285 δὲ
3034 1229 3193 1302 ξυρὸν
3249 1229 3570 1292 ἀκονῶντες,
3623 1227 3715 1278 καὶ

2151 1328 2320 1381 ἵππον
2359 1327 2504 1381 θέειν
2552 1325 2760 1396 ἀγαθὸν
2790 1325 2884 1377 ἐπὶ
2916 1325 3098 1377 πεδίον
3142 1321 3596 1393 προκαλούμενοι.
3630 1321 3718 1382 Ὠς

2153 1421 2262 1491 γὰρ
2301 1420 2461 1490 μόνον
2507 1419 2675 1487 ἤκουε
2721 1417 2846 1481 τοὺς
2889 1414 3082 1483 λόγους
3124 1413 3396 1484 βασιλεὺς,
3438 1411 3612 1466 πάντα
3656 1405 3720 1479 ἦν

2151 1513 2371 1580 ἕτοιμος
2402 1510 2543 1580 ὑπὲρ
2567 1509 2673 1562 τῶν
2707 1507 2972 1579 βασιλέως
3000 1506 3210 1559 παίδων
3235 1504 3513 1575 πράττειν,
3537 1501 3722 1569 ὥσπερ
3749 1575 3752 1577 Δ

2155 1603 2318 1666 αὐτὸς
2345 1600 2824 1672 εὐεργετούμενος,
2851 1599 2968 1652 ἀλλ’
2991 1597 3052 1650 οὐ
3087 1595 3342 1666 παρέχων
3372 1597 3469 1657 τὰς
3504 1595 3724 1662 εὐεργε-

2157 1695 2296 1759 σίας.
2349 1695 2470 1747 Τῶν
2527 1694 2625 1760 μὲν
2684 1687 2777 1745 οὖν
2833 1689 3138 1761 πρέσὸεων,
3199 1689 3275 1759 τῷ
3326 1683 3571 1755 πενθερῷ
3628 1685 3724 1753 μὲν

2157 1787 2434 1850 ὠνείδιζεν
2490 1785 2670 1855 ἠπίως
2725 1783 2826 1852 τὴν
2877 1783 3014 1851 πρὸς
3066 1781 3230 1834 αὐτὸν
3265 1778 3662 1848 ἀγνωμοσύνην
3699 1778 3726 1828 ὁ

467 1876 522 1922 et
551 1879 662 1922 tum
695 1869 749 1925 in
777 1869 979 1940 palatio
1008 1886 1131 1926 cum
1163 1872 1510 1943 imperatrice
1539 1875 1806 1946 degerent
1829 1892 1845 1940 ;
1871 1890 2054 1945 neque

2161 1880 2442 1950 βασιλεὺς,
2470 1849 2551 1930 ὅτι
2575 1849 2846 1946 πρότερον
2873 1849 2968 1929 ὑπ’
2993 1872 3203 1926 ἐκείνου
3231 1872 3401 1940 μηδὲν
3427 1869 3723 1938 ἀδικηθεὶς,

471 1960 726 2016 multaret
753 1964 864 2017 ullo
903 1964 1088 2030 modo,
1120 1965 1218 2021 sed
1254 1967 1442 2022 omnia
1475 1969 1752 2038 praeterita
1780 1968 2056 2024 oblivione

469 2050 765 2120 sepeliret;
797 2068 980 2124 neque
1009 2057 1354 2126 imperatrix,
1379 2068 1475 2116 aut
1499 2060 1641 2118 ﬁlius
1666 2062 1967 2132 imperator
1999 2061 2056 2115 in

470 2158 585 2210 eos,
619 2159 648 2198 a
681 2145 879 2214 quibus
913 2147 1030 2216 ipse
1062 2149 1484 2208 Cantacuzenus
1539 2153 1680 2209 bello
1717 2153 1935 2224 adjutus
1967 2169 2056 2208 cs-

471 2248 574 2302 set,
614 2238 904 2295 inimicum
959 2242 1262 2299 retinerent
1309 2245 1590 2312 animum;
1630 2262 1733 2302 nec
1798 2248 1904 2302 illis
1972 2247 2056 2301 vel

471 2339 626 2395 arte,
687 2331 771 2386 vel
838 2330 945 2387 ulla
1006 2334 1262 2391 machina
1306 2351 1509 2393 nocere
1547 2349 1909 2404 conarentur,
1959 2339 2055 2393 sed

471 2423 730 2493 utrinque
766 2425 1063 2480 adversum
1117 2427 1296 2483 socios
1326 2437 1685 2498 utrorumque
1723 2431 1846 2485 odia
1887 2429 2057 2500 depo-

476 2526 760 2582 nerentur,
789 2533 1090 2590 omnesque
1111 2535 1247 2590 quas
1281 2521 1349 2575 ab
1383 2521 1542 2576 initio
1579 2521 1918 2586 habuissent,
1951 2521 2060 2576 for-

475 2616 636 2661 tunas
689 2623 818 2664 suas
874 2611 1225 2677 retinerent;
1263 2611 1604 2682 imperarent
1650 2615 1831 2668 autmn
1864 2612 2054 2678 ambo,

470 2697 889 2754 Cantaouzenus
940 2712 998 2757 et
1032 2701 1277 2758 Joannes
1326 2703 1646 2759 adolescens
1685 2703 2056 2775 Palaeologus;

473 2805 643 2860 seque
676 2807 738 2847 ea
770 2793 1005 2848 invicem
1061 2795 1224 2865 700
1286 2795 1669 2850 benevolentia
1725 2796 2057 2867 complecte-

474 2892 824 2955 rentur,qua
849 2896 1035 2957 patres
1066 2898 1122 2943 et
1145 2888 1244 2943 ﬁlii
1278 2889 1502 2956 solent;
1538 2889 1834 2961 juniorque
1854 2891 2058 2945 seniori

475 2975 716 3042 potiores
775 2977 1012 3035 deferret
1044 2979 1097 3033 in
1136 2981 1415 3048 omnibus,
1447 2995 1511 3036 ac
1566 2991 1790 3052 pmpter
1842 2991 2058 3038 aetatem

476 3066 720 3122 nondum
776 3066 1046 3124 ﬁrmatam
1073 3109 1087 3135 ,
1122 3070 1312 3126 decem
1358 3087 1533 3127 annos
1584 3072 2061 3129 administratione

2158 1972 2276 2027 ἀλλ’
2299 1972 2348 2024 εί
2374 1971 2456 2023 δεῖ
2481 1987 2534 2023 τι
2560 1967 2794 2037 τάληθὲς
2821 1968 3018 2022 εἰπεῖν.
3051 1964 3147 2018 καὶ
3173 1963 3342 2034 μυρία
3371 1960 3428 2014 εὖ
3462 1958 3671 2023 παθὼν,
3701 1958 3727 2010 ὃ

2158 2066 2201 2119 δ’
2224 2064 2502 2136 ἠμείψατο
2523 2056 2631 2125 τοῖς
2658 2060 2942 2124 ἐναντίοις,
2977 2059 3073 2111 καὶ
3100 2057 3191 2111 τὸν
3213 2057 3448 2125 πόλεμον
3474 2053 3726 2120 κεκίνηκε

2160 2158 2284 2212 κατ’
2307 2155 2497 2212 αὐτοῦ,
2517 2154 2789 2224 Παλαμᾶν
2806 2153 2861 2205 δὲ
2887 2151 3098 2223 ἐπῄνει,
3125 2150 3218 2202 καὶ
3237 2148 3436 2210 πολλὰς
3461 2146 3726 2216 ὡμολογῖι

2161 2249 2413 2318 χάριτας,
2465 2247 2550 2300 ὅτι
2579 2243 2782 2315 πολλὴν
2813 2242 2954 2314 ὑπὲρ
3001 2240 3167 2296 αὐτοῦ
3220 2239 3431 2294 δικαίου
3491 2240 3586 2292 καὶ
3635 2237 3728 2304 τῆς

2158 2339 2420 2408 ἀληθείας
2447 2337 2693 2391 κάκωσιν
2747 2332 3098 2402 ὐπενεγκὼν,
3131 2330 3287 2385 οὐδὲν
3337 2330 3562 2398 ἀγεννὲς
3611 2326 3730 2380 οὔτε

2161 2431 2426 2501 ἔπραξεν,
2453 2427 2563 2481 οὔτ’
2595 2425 2899 2496 ἐφθέγξατο
2932 2425 3062 2495 ἄχρι
3101 2423 3312 2485 τέλους.
3350 2423 3583 2475 Ἔπειτα
3609 2421 3728 2474 ἐκέ-

2160 2525 2285 2578 λευε
2312 2523 2438 2585 τοὺς
2467 2521 2604 2592 πρὸς
2630 2518 2879 2590 βασιλίδα
2901 2518 2994 2572 καὶ
3018 2516 3242 2588 βασιλέα
3257 2514 3348 2567 τὸν
3365 2514 3481 2567 υἱὸν
3501 2514 3731 2583 γράφειν

2161 2617 2380 2686 ὅρκους.
2405 2612 2516 2666 Καὶ
2539 2606 2847 2682 ἐγράφοντο
2875 2609 2968 2662 ἐπὶ
2991 2607 3228 2673 τούτοις,
3253 2605 3392 2659 ὥστε
3420 2603 3548 2674 μήτ’
3574 2603 3731 2655 αὐτον

2161 2703 2465 2778 ἀμύνεσθαι
2491 2703 2616 2765 τοὺς
2642 2700 3038 2766 λελυπηκότας,
3081 2699 3174 2752 καὶ
3209 2697 3468 2758 συνόντας
3495 2698 3551 2748 ἐν
3583 2695 3732 2764 βασι-

2162 2799 2328 2860 λείοις
2380 2795 2617 2867 βασιλίδι
2669 2797 2815 2858 τότε,
2883 2793 3021 2862 μήτε
3075 2789 3307 2861 ζημιοῦν
3356 2788 3556 2859 μηδέν’
3603 2784 3734 2838 ἀλλὰ

2165 2893 2348 2945 πᾶσαν
2390 2885 2700 2958 ἀμνηστίαν
2751 2885 3090 2956 παρέχεσθαι
3134 2883 3246 2938 τῶν
3290 2880 3732 2952 πεπραγμένων·

2167 2985 2306 3055 μήτε
2363 2981 2610 3053 βασιλίδα
2661 2980 2758 3033 καὶ
2811 2977 3038 3049 βασιλέα
3081 2975 3174 3030 τὸν
3231 2976 3345 3030 υἱὸν
3387 2976 3501 3052 τοῖς
3541 2973 3736 3040 ἐκείνῳ

2167 3073 2524 3144 συμπράξασι
2566 3071 2710 3126 κατὰ
2751 3071 2842 3124 τὸν
2911 3071 3148 3142 πόλεμον
3201 3068 3584 3140 μνησικακεῖν,
3618 3064 3735 3135 μηδ’

479 3157 704 3214 cederet
736 3176 749 3214 :
783 3161 985 3230 quibus
1015 3163 1223 3220 exactis
1253 3205 1269 3232 ,
1329 3165 1526 3234 aequali
1572 3164 1900 3220 auctoritate
1930 3181 2054 3221 cum

2164 3169 2468 3236 ἐπιχειρεῖν
2530 3163 2809 3236 βλάπτειν,
2875 3163 3017 3232 μήτε
3073 3161 3262 3233 τέχνῃ,
3315 3160 3454 3230 μήτε
3521 3159 3737 3227 μηχανῇ

480 3262 549 3303 eo
583 3249 900 3320 imperaret.
932 3253 990 3306 In
1022 3253 1120 3309 has
1149 3255 1494 3313 conditiones
1513 3265 1567 3311 et
1595 3256 1712 3327 ipse
1739 3258 2056 3326 imperator,

478 3345 535 3393 et
564 3338 724 3395 Anna
767 3341 1007 3413 Augusta
1033 3360 1159 3400 cum
1192 3346 1302 3402 ﬁlio
1331 3347 1685 3418 imperatore,
1734 3356 1793 3402 ut
1848 3347 1902 3401 in
1935 3362 2058 3417 per-

479 3440 708 3501 petuum
773 3436 1076 3491 servandas
1134 3436 1485 3505 iuraverunt.
1553 3437 1868 3492 Secundum
1911 3439 2062 3506 jura—

481 3535 689 3590 menta,
717 3524 818 3592 qui
858 3524 912 3578 in
945 3525 1145 3594 palatio
1176 3534 1335 3582 erant
1360 3568 1375 3594 ,
1411 3527 1588 3596 portis
1629 3527 1882 3592 reclusis,
1912 3526 2060 3582 Can-

482 3622 809 3670 tacuzenum
880 3615 1266 3686 imperatorem
1321 3628 1686 3688 acceperunt,
1737 3629 1892 3674 sexto
1930 3619 2058 3674 ldus

483 3698 844 3766 Februarias,
905 3717 1053 3759 anno
1109 3705 1259 3761 orbis
1306 3707 1512 3763 conditi
1553 3708 1730 3764 sexies
1763 3709 2056 3765 millesimo

485 3791 947 3865 octingentesimo
981 3797 1436 3870 quinquagesimo
1492 3801 1706 3871 quinto,
1758 3800 2061 3860 indictione

484 3885 675 3954 quinta
709 3887 943 3951 decima.

2170 3256 2444 3328 μηδεμιᾷο
2476 3255 2593 3309 ἀλλ’
2618 3253 2951 3325 ἀμφοτέροις
2974 3250 3320 3307 διαλελύσθαι
3349 3250 3410 3302 τὸ
3446 3250 3589 3318 πρὸς
3618 3247 3739 3308 τοὺς

2168 3349 2456 3418 ἑκατέροις
2505 3349 2940 3417 προσκειμένους
2985 3345 3174 3416 ἔχθος·
3227 3344 3451 3414 κτήσεις
3496 3341 3554 3394 δὲ
3604 3341 3740 3410 ἐχειν

2167 3441 2373 3501 πάντας
2429 3439 2527 3501 τὰς
2558 3440 2776 3507 ἑκάστῳ
2821 3436 3205 3509 προσηκούσας
3234 3435 3328 3489 ἀπ’
3358 3435 3554 3505 ἀρχῆς.
3600 3433 3739 3499 Συμ-

2167 3527 2476 3585 6ασιλεύειν
2512 3528 2570 3583 δέ
2600 3529 2942 3600 ἀμφοτέρους
2967 3527 3193 3598 βασιλέα
3221 3543 3279 3580 τε
3304 3528 3392 3579 τὸν
3417 3526 3736 3578 Καντακουη

2167 3621 2348 3691 ζηνδν,
2375 3620 2470 3673 καὶ
2504 3621 2596 3674 τὸν
2639 3621 3006 3686 Παλαιολόγον
3041 3618 3299 3687 Ἰωάννην
3337 3617 3428 3669 τὸν
3459 3614 3580 3667 νέον
3605 3614 3740 3684 βασι·

2164 3710 2264 3765 λέα
2287 3725 2300 3740 ⁸
2345 3709 2440 3762 καὶ
2464 3709 2725 3778 ἀλλήλους
2759 3710 2962 3764 εὐνοεῖν
2988 3708 3086 3779 τὴν
3108 3709 3484 3780 προσήκουσαν
3511 3702 3740 3761 εὔνοιαν.

2173 3801 2416 3871 πατράσι
2455 3803 2549 3853 καὶ
2572 3801 2727 3854 παισὶ
2754 3801 2889 3872 πρὸς
2915 3800 3232 3870 ἑκατέρους.
3268 3796 3542 3851 ’Υπείκειν
3571 3794 3626 3846 δὲ
3654 3794 3739 3844 τὶν

2176 3896 2296 3948 νέον
2328 3893 2405 3964 τῷ
2437 3895 2794 3965 πρεσϐυτέρῳ
2824 3893 2967 3948 κατὰ
2995 3893 3174 3948 πάντα
3196 3908 3210 3922 ·
3242 3891 3451 3946 καὶτοῦ
3487 3891 3740 3958 πράττειν

487 3979 638 4051 αύτῷ
676 3985 1028 4055 παραχωρεῖν
1064 3984 1158 4038 ἐπὶ
1197 3984 1331 4039 δέκα
1360 3987 1505 4040 ἔτεσι
1539 3986 1627 4040 διὰ
1657 3987 1766 4057 ,τὴν
1804 3987 2025 4058 ἡλικίαν
2051 4002 2065 4018 ο
2113 3987 2251 4055 μετὰ
2278 3985 2438 4039 τοῦτο
2460 3985 2516 4037 δὲ
2547 3985 2642 4054 τῆς
2685 3987 2861 4056 ἀρχῆς
2925 3986 3307 4057 συμμετέχειν.
3371 3982 3612 4036 Τοιοῦτοι
3648 3979 3738 4046 μὲι

487 4073 535 4126 οῖ
578 4072 732 4142 ὅρκοι
770 4075 1118 4147 ἐγεγένηντο,
1170 4077 1264 4130 καὶ
1329 4077 1491 4142 αὐτός
1550 4095 1608 4131 τε
1643 4077 1857 4148 ὤμνυεν
1895 4080 1925 4131 ὁ
2005 4077 2282 4148 βασιλεὺς,
2315 4080 2411 4130 καὶ
2444 4081 2475 4145 ἡ
2511 4077 2721 4147 βασιλὶς
2761 4079 2940 4131 ’Λννα
3008 4077 3149 4147 μετὰ
3177 4074 3436 4145 βασιλέως
3463 4072 3553 4126 τοῦ
3609 4071 3736 4130 υἱοῦ,

489 4165 630 4220 ὥστε
675 4166 1093 4239 παραϐήσεσθαι
1122 4168 1259 4239 μηδέ
1317 4186 1476 4228 ποτε.
1513 4169 1923 4240 Τετελεσμένων
1963 4170 2020 4222 δὲ
2059 4170 2168 4223 τῶν
2205 4173 2406 4242 ὅρκων,
2450 4171 2548 4232 τὰς
2599 4168 2774 4232 πύλας
2817 4171 2864 4222 οἱ
2917 4170 2976 4224 ἐν
3025 4168 3313 4241 βασιλείοις
3363 4165 3737 4228 ὐπανοίξςειντεξ

490 4263 822 4334 εἰσεδέχοντο
877 4265 967 4318 τὸν
1014 4263 1258 4335 βασιλέα,
1300 4265 1462 4337 ὀγδόῃ
1509 4264 1873 4336 Φεϐρουαρίου
1941 4265 2260 4334 ἱσταμένου,
2307 4265 2402 4317 ἐπὶ
2446 4267 2557 4332 τοῖς
2635 4265 2796 4328 πέντε
2879 4266 2971 4323 καὶ
3017 4264 3354 4336 πεντήκοντα
3398 4260 3540 4314 ἔτεσι
3620 4258 3739 4326 πρὸς

492 4356 876 4426 ἑξακισχιλίοις
905 4359 997 4411 καὶ
1027 4357 1391 4422 ὀκτακοσίοις,
1427 4359 1485 4410 ἐν
1521 4357 1739 4431 ίνδίκτῳ
1798 4355 2284 4428 πεντεκαιδεκάτῃ.
