3946 6034
855 443 1371 617 DIVI
1561 442 2219 613 BBUN
2234 442 2557 615 ΟΝ
2569 443 2799 615 IS

1221 731 1865 789 CARTHUSIANORUM
1904 733 2387 790 INSTITUTORIS

354 938 1177 1087 OPERUM
1291 940 1954 1088 TOMUS
2066 941 2425 1087 SEU
2508 939 3006 1087 PARS
3118 937 3259 1087 II

1621 1217 2018 1274 CONTINENS

577 1397 1344 1547 EXPOSITIONES
1434 1401 1537 1547 IN
1632 1399 1977 1548 OMNES
2068 1400 2637 1549 EPISTOLAS
2734 1402 3046 1550 PAULI

1217 1660 1727 1723 RECENSITUS
1773 1661 1878 1722 ET
1924 1661 2422 1723 EMENDATUS

162 1845 392 1905 Studio
423 1862 499 1906 ac
524 1845 738 1906 labore
765 1847 838 1906 P.
873 1848 1184 1909 Theodori
1215 1848 1485 1922 ΡΕτΜ-ιι,
1524 1848 1927 1927 Campensis,
1991 1848 2383 1910 Coloniensis
2435 1847 2780 1909 Carthusiae
2838 1848 3103 1923 alumni;
3156 1847 3345 1927 idque
3391 1847 3469 1907 de

683 1953 999 2015 voluntate
1032 1955 1541 2015 reverendissimi
1572 1955 1779 2014 Patris
1811 1954 2155 2032 generalis,
2190 1956 2379 2015 totius
2408 1954 2644 2015 ordinis
2673 1954 2961 2015 ministri.

1807 2143 1914 2212 Ego
1947 2145 2139 2196 autem
2168 2141 2315 2196 sicut
2344 2140 2489 2196 oliva
2516 2140 2823 2211 fructifera
2850 2140 2914 2194 in
2946 2139 3105 2194 domo
3136 2139 3255 2195 Dei.

2222 2237 2387 2309 (Psal.
2423 2254 2503 2307 ιι,
2537 2254 2679 2294 vers.
2716 2237 2829 2307 10.)

1168 2598 1669 2661 VENERABILI
1711 2599 1794 2660 IN
1823 2560 2189 2661 .CHRISTO
2235 2597 2482 2659 PATRI

1711 2779 1928 2822 DOMINO

945 2941 1495 3039 HECTORI
1574 2940 2021 3039 HOENIO
2053 3000 2079 3053 ,
2163 2940 2652 3037 VITENSI
2678 2999 2706 3050 ,

426 3168 797 3228 Carthasim
833 3170 1235 3229 Trevirensis
1266 3171 1519 3247 Priori,
1554 3187 1632 3229 ac
1654 3170 2013 3247 provincia:
2043 3168 2257 3228 Rheni
2295 3167 2648 3228 Visitatori
2676 3164 3222 3245 prudentissimo.

246 3460 578 3531 Alphonsus,
636 3460 920 3532 Aragoniae
949 3477 1063 3530 rex,
1122 3468 1181 3515 ut
1209 3461 1293 3516 vir
1340 3469 1453 3516 erat
1499 3459 1692 3515 litteris
1737 3468 1790 3515 et
1836 3476 2025 3516 earum
2054 3460 2349 3516 cultoribus
2378 3459 2625 3530 apprime
2655 3460 2888 3525 deditus,
2923 3475 3046 3514 cum
3070 3459 3363 3531 aliquando
3393 3459 3462 3515 de

178 3558 539 3627 pretiosarum
589 3574 770 3612 rerum
814 3558 1033 3626 jactura
1077 3575 1259 3613 sermo
1290 3559 1600 3623 haberetur,
1645 3557 1939 3613 admodum
1987 3558 2285 3613 reverende
2315 3557 2369 3611 in
2418 3556 2633 3611 Christo
2666 3558 2838 3623 Pater,
2870 3564 3160 3627 persancte
3183 3555 3468 3611 aﬁirmavit

173 3656 330 3710 malle
360 3671 421 3709 se
449 3671 716 3726 gemmas,
750 3655 978 3710 uniones
1008 3671 1073 3711 ac
1099 3656 1439 3727 margaritas,
1473 3670 1607 3726 quas
1648 3655 1862 3725 quidem
1892 3654 2204 3725 possidebat
2233 3654 2288 3707 in
2317 3670 2534 3709 omnem
2564 3660 2831 3708 terrarum
2872 3654 3060 3709 orbem
3090 3651 3467 3708 diffamatissi-

176 3768 313 3817 mas,
338 3768 500 3823 quam
529 3752 695 3807 libros
726 3752 1131 3824 qualescunque
1160 3753 1443 3807 amittere:
1473 3752 1729 3806 nimirum
1753 3752 2032 3821 judicabat
2058 3751 2229 3806 libros
2252 3767 2374 3806 esse
2404 3751 2748 3807 scientiarum
2781 3750 2998 3818 scrinia,
3015 3750 3315 3805 animorum
3329 3765 3465 3821 pas-

173 3866 289 3916 cua,
323 3850 571 3904 divorum
602 3850 840 3916 oracula;
870 3866 971 3905 nec
1000 3850 1314 3904 damnosius
1344 3849 1618 3904 hominem
1649 3850 1718 3903 ab
1748 3850 1855 3904 ulla
1884 3866 1939 3903 re
1970 3864 2130 3920 quam
2160 3849 2307 3903 hisce
2338 3849 2561 3904 conchis
2590 3856 2643 3903 et
2673 3847 2950 3903 canalibus
2963 3847 3240 3918 sapientia:
3269 3848 3465 3903 abesse

175 3964 353 4017 posse.
414 3946 570 4015 Quod
602 3947 647 4001 si
704 3947 794 4003 ille
822 3962 926 4001 nec
955 3947 1233 4001 immensis
1263 3947 1456 4018 opibus
1485 3946 1769 4002 aestimavit
1799 3962 2148 4019 quoscunque
2200 3945 2386 4014 libros,
2421 3945 2628 4000 nullum
2659 3944 2857 4017 quippe
2880 3945 3100 4000 rebatur
3127 3945 3264 4001 adeo
3293 3945 3462 4000 insul-

174 4062 285 4099 sum
306 4046 531 4115 reperiri
561 4046 689 4116 quin
718 4044 918 4100 micam
946 4045 1182 4116 aliquam
1214 4060 1360 4100 sanie
1391 4044 1651 4100 doctrina:
1682 4053 1914 4115 saperet;
1948 4051 2145 4115 quanto
2173 4042 2348 4114 pretio
2389 4044 2628 4114 pendant
2655 4050 2869 4113 oportet
2900 4041 3237 4097 Carthusiani
3278 4042 3453 4097 clien-

179 4154 253 4198 tes
282 4143 607 4198 sanctissimi
646 4144 962 4213 patriarchae
994 4144 1077 4197 sui
1109 4143 1397 4211 volumina,
1432 4142 1627 4214 quibus
1658 4142 1931 4214 religiosae
1960 4141 2311 4213 perfectionis
2339 4142 2582 4197 medulla
2613 4148 2667 4196 et
2694 4141 2970 4212 incognita
3001 4140 3093 4195 illa
3113 4139 3239 4194 filiis
3269 4141 3455 4197 saeculi

178 4241 446 4296 dulcitudo
476 4241 853 4297 concluditur?
880 4243 1007 4296 Haec
1036 4241 1278 4311 profecto
1310 4240 1606 4311 spiritualis
1635 4238 1857 4311 penaria
1887 4248 2028 4305 sunt,
2062 4239 2133 4294 ad
2160 4238 2404 4294 omnium
2431 4239 2774 4294 alumnorum
2809 4246 3113 4294 vestrorum
3144 4240 3452 4294 necessita-

178 4348 279 4394 tem
307 4340 383 4395 sic
414 4340 693 4407 instructa,
728 4347 779 4393 et
811 4354 983 4395 sacrae
1013 4338 1493 4393 Carthusianorum
1523 4337 1739 4393 familia
1767 4338 2003 4408 propria,
2037 4338 2214 4392 alieno
2245 4344 2301 4392 ut
2342 4344 2647 4393 commeatu
2676 4336 2809 4391 nihil
2839 4345 3016 4409 egeat,
3051 4336 3116 4390 iis
3146 4352 3278 4392 vero
3306 4335 3450 4391 deﬁ-

181 4436 448 4501 cientibus,
480 4452 606 4490 mox
636 4444 944 4489 exterorum
974 4435 1224 4490 ordinum
1255 4435 1548 4506 implorare
1578 4434 1962 4490 abundantiam
2007 4442 2316 4507 cogeretur.
2350 4435 2478 4491 Haec
2516 4434 2811 4490 domestica
2840 4432 3116 4502 viridaria,
3150 4450 3268 4506 qua:
3299 4435 3451 4491 salu-

174 4533 427 4588 berrimas
456 4532 621 4605 aegris
651 4533 905 4603 sanisque
946 4533 1140 4587 animis
1187 4533 1385 4588 herbas
1426 4549 1491 4589 ac
1534 4533 1745 4589 radices
1773 4533 2145 4604 suppeditant.
2186 4533 2316 4589 Haec
2344 4532 2570 4604 vestigia
2599 4531 2863 4605 angelicae
2892 4531 3172 4601 doctrinae,
3204 4550 3365 4605 quam
3392 4542 3451 4591 ut

177 4630 410 4687 hiet-edes
440 4630 523 4684 sui
550 4638 926 4702 sequerentur,
962 4630 1304 4685 beatissimus
1334 4632 1511 4686 Bruno
1541 4632 1712 4686 tribus
1734 4641 1857 4702 post
1886 4648 1945 4686 se
1975 4630 2341 4687 monumentis
2373 4630 2751 4703 consignatam
2782 4629 3019 4703 reliquit.

238 4728 586 4783 Ulterioribus
634 4728 988 4799 supersedeo;
1016 4729 1131 4797 jam
1158 4730 1304 4784 enim
1331 4729 1683 4800 conspicaris,
1746 4729 2073 4785 venerabilis
2098 4729 2155 4783 in
2202 4729 2417 4785 Christo
2462 4730 2636 4795 Pater,
2686 4744 2849 4801 quem
2885 4727 2941 4783 in
2984 4742 3209 4799 scopum
3252 4729 3448 4800 hujus-

182 4824 321 4879 modi
347 4840 377 4878 a
404 4842 487 4880 me
516 4827 933 4881 commemorari
963 4835 1134 4896 coepta
1163 4826 1289 4892 sint,
1314 4827 1568 4882 videlicet
1595 4835 1652 4880 ut
1682 4827 1811 4881 satis
1841 4827 1935 4881 tibi
1967 4826 2167 4883 factum
2189 4827 2402 4896 judices
2432 4826 2684 4882 semestri
2703 4826 2966 4881 industria
2995 4842 3133 4893 mea,
3169 4826 3259 4898 qui
3289 4843 3453 4883 curas

179 4932 227 4980 et
257 4922 526 4979 facultates
555 4940 621 4979 eo
651 4924 873 4989 contuli,
910 4940 1017 4995 quo
1040 4924 1381 4979 haereditaria
1411 4923 1502 4977 illa
1532 4924 1815 4997 suppellex
1844 4941 2071 4996 Operum
2103 4925 2213 4981 divi
2249 4924 2573 4996 patriarchm
2603 4923 2770 4980 vestri
2799 4940 2829 4978 a
2855 4924 3082 4995 pulvere
3110 4939 3175 4980 ac
3196 4926 3452 4997 squalore

173 5038 403 5077 errorum
431 5022 649 5077 tandem
680 5023 1078 5093 detergeretur,
1113 5030 1165 5077 et
1186 5022 1430 5095 vestigia,
1465 5040 1585 5094 quae
1615 5023 1743 5091 dixi,
1778 5023 2016 5079 caelestis
2046 5023 2327 5092 doctrinae,
2361 5041 2463 5079 usu
2491 5031 2542 5077 et
2573 5022 2832 5094 temporis
2861 5022 3211 5078 diuturnitate
3247 5040 3452 5096 prope-

173 5120 380 5175 modum
409 5119 604 5189 deleta,
641 5118 1013 5175 reformarem.
1046 5124 1222 5192 Atque
1252 5122 1369 5177 haec
1398 5120 1577 5176 omnia
1599 5120 1713 5175 zelo
1744 5121 2003 5177 excitatus
2053 5122 2118 5178 R.
2155 5122 2213 5176 Ρ.
2249 5123 2336 5191 V.,
2388 5137 2510 5193 quae
2538 5136 2571 5175 a
2592 5120 2848 5191 praesenti
2902 5120 3115 5176 interitu
3158 5120 3455 5178 vindicavit

180 5219 228 5272 in
281 5218 627 5289 Lotharingia
679 5218 1014 5273 Carthusiam
1071 5219 1415 5285 Rutilanam;
1448 5218 1832 5275 Trevirensem
1867 5234 1997 5275 vero
2028 5236 2094 5275 ea
2123 5220 2400 5292 vigilantia
2428 5220 2707 5292 hucusque
2736 5226 2937 5291 tuetur,
2971 5218 3129 5276 citius
3158 5226 3217 5274 ut
3246 5223 3455 5292 Argum

179 5315 342 5382 fallas,
375 5332 537 5388 quam
568 5316 622 5370 in
650 5316 800 5371 illam
832 5317 943 5373 vitii
972 5316 1155 5386 facies,
1188 5317 1490 5373 excubante
1522 5319 1754 5373 Hectore
1784 5317 1978 5373 Iloenio
1997 5359 2013 5385 ,
2046 5318 2270 5389 irrepat.

242 5414 366 5481 Quae
378 5429 503 5469 cum
534 5413 609 5469 ita
630 5414 753 5481 sint,
778 5416 918 5471 sicut
939 5414 1191 5471 dubitare
1218 5414 1385 5470 nolim
1407 5414 1538 5486 quin
1549 5414 1867 5472 clarissimis
1897 5414 2304 5489 utilissimisque
2333 5415 2537 5489 passim
2567 5414 2898 5473 facinoribus
2918 5416 3089 5489 ipsius
3117 5429 3308 5471 omnes
3329 5414 3459 5474 boni

382 5538 621 5595 ΡΑτειοῐ..
655 5538 834 5596 CLIII.

2434 5611 2439 5616 _
3219 5542 3239 5592 1

110 5726 623 5981 iam
