3960 6036
443 114 501 165 11
987 113 1041 165 S.
1084 107 1443 165 BRUNONIS
1481 106 2137 163 CARTHUSIANORUM
2180 105 2664 162 INSTITUTORIS
2704 104 2856 160 OPP.
2898 107 3075 162 PARS
3113 108 3181 159 II.
3669 107 3747 159 12

436 233 737 305 nimiopere
767 232 1085 301 afﬁciantur,
1111 235 1181 288 ita
1210 242 1261 290 et
1292 235 1587 290 secundum
1618 235 1759 289 hunc
1789 241 1991 288 tomum
2020 231 2228 304 praefati
2258 232 2323 285 D.
2357 231 2644 299 Brunonis,
2676 248 2837 302 quem
2869 232 2937 286 ad
2966 231 3206 286 universi
3239 231 3294 285 S.
3325 228 3532 285 ordinis
3553 231 3736 285 vestri

440 332 861 387 emolumentum
900 332 1105 399 recudi,
1140 340 1191 388 et
1219 334 1284 387 R.
1318 334 1373 386 P.
1411 333 1472 386 ν.
1507 330 1820 402 singulatim
1853 345 2168 401 nuncupare
2217 329 2392 384 visum
2440 337 2539 397 est,
2578 338 2789 401 gratum
2821 337 3170 401 optatumque
3216 328 3320 399 ipsi
3366 328 3740 384 obventurum

441 428 676 485 confido.
713 429 913 483 Valeat.

514 524 755 581 Coloniae
785 526 1035 597 Agripp.,
1070 520 1209 598 prid.
1228 520 1475 583 Menti.
1494 525 1708 584 ~O¢tob.
1732 530 1765 580 -1
1778 529 1872 580 ϐίη-,1
1888 567 1900 579 .

1742 622 2085 679 Venerabilis
2113 620 2168 675 in
2198 621 2412 675 Christo
2496 621 2560 676 R.
2590 621 2648 675 P.
2683 620 2747 675 V.

1962 718 2332 775 observantiss
2345 758 2359 772 .

2308 817 2645 869 Baaxannus
2676 815 2980 879 GUALTERI,
3007 813 3140 869 civis
3170 822 3222 869 et
3252 815 3551 888 bibliopola

2752 911 3111 967 Coloniensis.

1381 1229 1764 1362 DIVI
1862 1225 2811 1362 BRUNONIS

755 1468 1606 1617 EXPOSITIO
1699 1466 1864 1607 IN
1974 1460 2799 1604 EPISTOLAS
2893 1461 3394 1603 PAULI.

1642 1702 1744 1798 S.
1832 1698 2520 1795 HIERONYMI

1340 1937 1383 1990 ι
1443 1925 1878 1991 PR/EFATIO
1937 1925 2018 1985 IN
2074 1922 2527 1986 EPISTOLAS
2584 1921 2852 1983 PAULI.

494 2352 497 2353 ν
527 2280 767 2335 Primum
798 2277 1055 2350 quaeritur
1085 2290 1252 2347 quare
1277 2280 1397 2344 post
1419 2270 1734 2343 Evangelia,
1770 2285 1887 2340 quia
1910 2284 2074 2338 sup-,

2152 2283 2304 2354 quasi
2354 2282 2663 2337 destructor
2702 2280 2843 2353 legis
2893 2279 3029 2334 falsa
3079 2280 3387 2352 suspicione
3417 2278 3739 2344 habebatur,

454 2369 787 2440 plementum
835 2365 974 2438 legis
1021 2373 1160 2429 sunt,
1196 2370 1248 2418 et
1278 2362 1330 2415 in
1363 2361 1557 2432 quibus
1602 2359 1758 2413 nobis
1800 2357 2049 2426 exempla

457 2466 509 2512 et
551 2464 825 2528 prazcepta
865 2453 1081 2508 vivendi
1112 2451 1425 2522 plenissime
1454 2450 1665 2521 digesta
1693 2454 1833 2512 sunt,
1859 2446 2049 2499 volue-

456 2545 521 2599 rit
543 2545 834 2615 Apostolus
856 2544 953 2595 bas
975 2541 1244 2611 Epistolas
1257 2540 1325 2592 ad
1343 2537 1582 2609 singulas
1603 2533 2051 2591 Ecclesiasdesti-

458 2649 611 2688 nare.
664 2633 777 2686 Hac
823 2639 1001 2685 autem
1050 2644 1215 2684 causa
1263 2627 1463 2689 factum
1494 2625 1721 2689 videtur,
1755 2632 1812 2677 ut
1844 2622 2050 2677 scilicet

468 2721 618 2775 initia
643 2720 914 2774 nascentis
953 2717 1233 2781 Ecclesiw,
1272 2715 1427 2770 novis
1453 2713 1634 2769 causis
1667 2711 2045 2775 existentibus,

458 2809 801 2881 praaveniret,
827 2815 880 2862 et
908 2814 967 2861 ut
994 2804 1283 2876 praesentia
1322 2812 1484 2874 atque
1514 2801 1743 2856 orientia
1773 2807 2051 2855 resecaret

459 2898 605 2965 vitia;
639 2906 689 2952 et
718 2903 840 2967 post
870 2894 1070 2949 futuras
1089 2893 1399 2948 excluderet
1429 2890 1777 2962 quiestiones,
1801 2887 2049 2959 exemplo

458 2987 865 3057 prOphetarum,
890 2983 977 3055 qui
1008 2990 1130 3053 post
1161 2981 1360 3036 editam
1407 2979 1587 3052 legem
1633 2978 1824 3049 Moysi,
1860 2977 1913 3030 in
1943 2992 2051 3048 qua

459 3074 640 3130 omnia
670 3073 769 3127 Dei
797 3072 1055 3126 mandata
1100 3070 1440 3142 legebantur,
1493 3067 1840 3121 nihilominus
1870 3073 2051 3119 tamen

459 3161 701 3217 doctrina
749 3176 847 3214 sua
894 3158 1132 3214 rediviva
1180 3174 1398 3227 semper
1442 3155 1628 3226 populi
1670 3168 2050 3223 compressere

458 3258 715 3321 peccata;
765 3256 816 3302 et
862 3255 1083 3318 propter
1129 3246 1435 3315 exemplum
1474 3243 1712 3308 vivendi,
1763 3243 1934 3296 libros
1983 3241 2051 3294 ad

458 3346 700 3393 nostram
748 3335 912 3391 etiam
980 3334 1298 3389 memoriam
1346 3332 1781 3387 transmiserunt.
1842 3329 2052 3384 Deinde

458 3426 713 3498 quaeritur
764 3440 859 3479 cur
885 3439 995 3477 non
1022 3422 1251 3491 amplius
1281 3438 1444 3493 quam
1474 3420 1663 3475 decem
1693 3418 1967 3489 Epistolas
1984 3418 2053 3472 ad

457 3512 735 3570 Ecclesias
765 3511 1059 3582 scripserit.
1095 3511 1298 3566 Decem
1327 3516 1452 3563 sunt
1492 3508 1656 3576 enim,
1690 3523 1813 3563 cum
1837 3522 1902 3561 ea
1932 3522 2053 3577 quae

2150 2371 2319 2426 voluit
2369 2370 2530 2424 tacito
2585 2369 2803 2423 nomine
2867 2368 2933 2423 de
2992 2368 3185 2441 ﬁguris
3228 2368 3367 2439 legis
3412 2376 3464 2423 et
3511 2367 3742 2422 veritate

2148 2458 2346 2513 Christi
2375 2458 2607 2512 reddere
2630 2457 2911 2519 rationem,
2936 2473 3005 2511 ne
3027 2457 3207 2511 odium
3230 2456 3463 2512 nominis
3492 2456 3545 2509 in
3564 2454 3742 2525 fronte

2149 2546 2479 2616 praetitulati,
2531 2546 2816 2599 utilitatem
2862 2544 3172 2600 excluderet
3212 2545 3478 2601 lectionis.
3506 2545 3626 2597 Non
3658 2551 3741 2597 est

2148 2650 2281 2688 sane
2325 2634 2525 2687 mirum
2556 2634 2599 2687 si
2622 2632 2963 2704 eloquentior
3006 2633 3252 2688 videatur
3281 2633 3337 2685 in
3389 2632 3630 2703 proprio,
3683 2631 3739 2686 id

2150 2731 2233 2778 est
2278 2722 2507 2776 Hebraeo
2555 2738 2715 2793 quam
2748 2721 2801 2774 in
2850 2720 3161 2792 peregrino,
3212 2720 3266 2774 id
3311 2727 3393 2775 est
3435 2720 3488 2773 in
3520 2720 3735 2787 Graaco,

2151 2826 2258 2881 quo
2289 2818 2499 2865 caetera:
2545 2809 2799 2879 Epistola:
2842 2817 2967 2862 sunt
2996 2810 3229 2879 scriptae,
3250 2823 3522 2863 sermone.
3561 2810 3740 2863 Movet

2150 2899 2312 2953 etiam
2341 2898 2609 2968 quosdam
2640 2913 2811 2968 quare
2839 2897 3203 2953 Romanorum
3224 2896 3465 2967 Epistola
3495 2896 3549 2949 in
3566 2895 3741 2966 primo

2151 2987 2219 3041 sit
2267 2987 2463 3056 posita,
2523 3002 2645 3041 cum
2695 3002 2817 3040 eam
2871 3002 2980 3040 non
3045 2986 3220 3055 primo
3283 2985 3542 3055 scriptam
3600 2983 3740 3038 ratio

2149 3075 2477 3129 manifestet.
2502 3076 2638 3128 Nam
2661 3076 2800 3129 hanc
2827 3090 2885 3128 se
2932 3072 3367 3143 proficiscentem
3415 3071 3739 3142 Hierosoly-

2152 3180 2293 3217 mam
2327 3163 2610 3233 scripsisse
2641 3170 2879 3228 testatur,
2912 3176 3031 3217 cum
3056 3159 3362 3215 Corinthios
3393 3168 3446 3214 et
3468 3160 3604 3214 alios
3626 3161 3741 3229 jam

2152 3260 2297 3316 ante,
2331 3260 2388 3305 ut
2434 3251 2789 3306 ministerium
2838 3250 2984 3321 quod
3018 3265 3202 3304 secum
3249 3256 3561 3318 portaturus
3602 3256 3739 3314 erat,

2152 3337 2494 3411 colligerent,
2528 3339 2717 3394 litteris
2745 3339 3057 3393 adhortatus
3101 3338 3187 3391 sit.
3222 3336 3327 3390 Sed
3360 3335 3484 3390 inde
3515 3336 3744 3407 intelligi

2154 3428 2376 3498 quidam
2432 3427 2616 3481 volunt
2662 3426 2731 3480 ita
2777 3442 2968 3480 omnes
3026 3424 3296 3493 Epistolas
3355 3424 3645 3488 ordinatas,
3684 3431 3744 3477 ut

2153 3515 2327 3585 prima
2356 3522 2666 3585 poneretur,
2698 3513 2945 3584 quamvis
2964 3511 3238 3582 posterior
3264 3511 3427 3566 fuerit
3453 3512 3740 3579 destinata,

457 3603 652 3658 dicitur
685 3601 755 3656 ad
794 3602 1075 3666 Hebrmos;
1109 3615 1235 3653 nam
1264 3598 1483 3669 reliquae
1514 3604 1744 3667 quatuor
1784 3596 1851 3649 ad
1882 3595 2051 3649 disci-
2080 3625 2131 3684 B
2156 3610 2212 3656 ut
2267 3619 2367 3672 per
2412 3602 2653 3673 Singulas
2698 3600 2970 3670 Epistolas
3013 3600 3271 3671 gradibus
3300 3600 3369 3654 ad
3418 3599 3743 3671 perfectiora

457 3690 615 3761 pulos
636 3689 947 3760 specialiter
978 3696 1100 3742 sunt
1145 3694 1431 3757 porrectae.
1466 3687 1533 3741 Ut
1586 3684 1899 3739 ostenderet
1930 3684 2047 3738 No-

459 3795 588 3833 vum
639 3794 748 3832 non
806 3777 1120 3847 discrepare
1168 3791 1200 3830 a
1257 3774 1441 3829 Veteri
1496 3774 1860 3839 Testamento,
1909 3781 1961 3827 et
1991 3788 2049 3826 se

459 3874 644 3922 contra
690 3865 871 3938 legem
919 3881 1029 3919 non
1078 3864 1258 3919 facere
1289 3862 1478 3934 Moysi,
1514 3862 1583 3916 ad
1617 3877 1904 3916 numerum
1923 3860 2041 3931 pri-

460 3971 671 4010 morum
701 3953 962 4025 Decalogi
994 3953 1370 4007 mandatorum
1420 3967 1543 4005 suas
1574 3950 1847 4021 Epistolas
1877 3948 2049 4003 desti-

460 4044 626 4106 navit;
657 4050 707 4097 et
739 4051 863 4113 quot
896 4042 986 4096 ille
1033 4041 1320 4112 praeceptis
1349 4056 1379 4093 a
1409 4041 1691 4095 Pharaone
1725 4037 1951 4093 instituit
1980 4036 2051 4090 li-

460 4132 699 4197 beratos,
732 4130 951 4185 totidem
975 4130 1061 4185 hic
1082 4129 1338 4200 Epistolis
1369 4146 1398 4183 a
1428 4128 1625 4183 diaboli
1656 4134 1708 4182 et
1728 4125 2051 4180 idololatriae

461 4220 721 4275 servitute
773 4219 965 4274 edocet
1020 4218 1338 4289 acquisitos.
1396 4218 1535 4272 Nam
1584 4224 1638 4270 et
1682 4216 1817 4269 duas
1842 4213 2053 4268 tabulas

460 4308 724 4379 lapideas,
785 4309 1013 4363 duorum
1059 4313 1505 4361 testamentorum
1535 4303 1766 4375 figuram
1796 4302 2053 4357 habuisse

461 4396 564 4453 viri
679 4396 1024 4451 eruditissimi
1115 4395 1470 4450 tradiderunt.
1546 4392 1847 4463 Epistolam
1920 4406 2053 4445 sane

463 4501 585 4557 quae
611 4485 681 4540 ad
728 4485 987 4540 Hebraeos
1028 4484 1299 4554 scribitur,
1341 4482 1562 4554 quidam
1609 4480 1761 4535 Pauli
1791 4494 1898 4534 non
1931 4495 2054 4534 esse

464 4573 751 4643 afﬁrmant,
811 4589 877 4629 eo
935 4573 1079 4645 quod
1137 4589 1245 4628 non
1297 4571 1362 4625 sit
1409 4571 1524 4639 ejus
1578 4568 1796 4624 nomine
1826 4568 2050 4635 titulata,

465 4671 519 4717 et
566 4671 788 4734 propter
836 4661 1101 4717 sermonis
1155 4660 1384 4732 stylique
1434 4659 1771 4713 distantiam:
1825 4657 1921 4713 sed
1966 4664 2055 4711 aut

466 4751 741 4818 Barnabae,
761 4751 910 4819 juxta
940 4747 1330 4805 Tertullianum
1360 4768 1373 4813 ;
1407 4756 1497 4801 aut
1516 4748 1692 4813 Lucae,
1710 4746 1863 4815 juxta
1892 4761 2057 4817 quos-

466 4839 613 4905 dam;
679 4838 764 4894 vel
812 4845 960 4893 certe
1008 4836 1319 4902 Clementis,
1368 4835 1616 4905 discipuli
1662 4833 2052 4905 apostolorum,

468 4935 519 4982 et
551 4926 792 4997 episcopi
812 4927 1071 4981 Romanae
1090 4924 1353 4980 Ecclesiae
1371 4932 1492 4994 post
1508 4923 1779 4994 apostolos
1801 4921 2051 4976 ordinati.

469 5014 675 5083 Quibus
719 5013 1159 5084 respondendum
1190 5021 1306 5068 est:
1342 5013 1398 5066 Si
1442 5020 1722 5083 propterea
1760 5010 1910 5065 Pauli
1950 5026 2057 5065 non

467 5104 584 5169 erit,
657 5102 781 5173 quia
855 5102 969 5170 ejus
1044 5116 1153 5154 non
1226 5101 1388 5154 habet
1452 5115 1670 5165 nomen,
1750 5115 1884 5170 ergo
1956 5115 2057 5153 nec

472 5192 700 5259 alicujus
745 5189 866 5256 erit,
919 5189 1042 5260 quia
1089 5188 1284 5243 nullius
1326 5188 1544 5243 nomine
1593 5188 1875 5255 titulatur;
1912 5187 2056 5258 quod

476 5280 522 5335 si
573 5278 961 5335 inconveniens
1026 5277 1428 5348 absurdumque
1473 5285 1572 5344 est,
1644 5277 1813 5348 ipsius
1880 5276 2057 5349 magis

475 5386 600 5426 esse
630 5366 980 5424 concedenda
1002 5374 1103 5435 est,
1137 5383 1257 5437 quae
1288 5374 1433 5421 tanto
1462 5366 1725 5423 doctrinae
1756 5383 1867 5422 suae
1887 5366 2061 5438 fulget

474 5457 712 5529 eloquio.
764 5455 871 5510 Sed
925 5454 1181 5525 quoniam
1215 5456 1356 5527 apud
1398 5456 1751 5512 Hebraeorum
1790 5453 2062 5512 Ecclesias

2150 3690 2442 3746 veniretur.
2498 3690 2862 3744 Romanorum
2919 3703 3157 3759 namque
3211 3687 3459 3759 plerique
3508 3687 3582 3742 2
3635 3695 3743 3741 tam

2152 3778 2316 3833 rudes
2366 3786 2540 3847 erant,
2587 3785 2645 3831 ut
2689 3793 2800 3831 non
2840 3777 3210 3849 intelligerent
3257 3777 3359 3831 Dei
3407 3792 3466 3831 se
3491 3775 3663 3848 gratia
3691 3782 3745 3829 et

2150 3883 2261 3922 non
2291 3867 2404 3920 suis
2453 3865 2660 3919 meritis
2708 3882 2831 3921 esse
2862 3865 3114 3931 salvatos,
3150 3874 3195 3920 et
3222 3865 3292 3920 ob
3314 3866 3420 3920 hoc
3448 3864 3557 3918 duo
3604 3864 3745 3918 inter

2152 3971 2210 4009 se
2232 3954 2414 4025 populi
2444 3952 2833 4008 conﬂictarent.
2873 3954 3084 4009 Idcirco
3125 3953 3248 4008 illos
3277 3952 3523 4025 indigere
3554 3951 3745 4006 asserit

2152 4042 2375 4113 corrigi,
2455 4042 2584 4096 vitia
2639 4041 2952 4114 gentilitatis
3026 4041 3207 4111 priora
3288 4055 3742 4096 commemorans.

2156 4130 2460 4186 Corinthiis
2516 4137 2695 4184 autem
2736 4131 2851 4199 jam
2895 4129 3024 4185 dicit
3069 4128 3308 4184 scientiae
3366 4129 3593 4199 gratiam
3624 4144 3744 4183 esse

2152 4234 2489 4285 concessam,
2522 4226 2574 4273 et
2602 4234 2710 4273 non
2742 4226 2847 4272 tam
2900 4233 3089 4273 omnes
3137 4217 3398 4287 increpat,
3431 4232 3591 4287 quam
3645 4231 3744 4271 cur

2151 4314 2439 4378 peccantes
2466 4322 2575 4361 non
2619 4307 3041 4377 increpaverunt
3072 4305 3438 4376 reprehendit;
3472 4304 3609 4360 sicut
3637 4304 3740 4360 ait:

2152 4396 2397 4452 Auditur
2424 4397 2579 4450 inter
2600 4412 2687 4451 vos
2732 4396 3058 4466 fornicatio.
3101 4396 3167 4449 Et
3217 4394 3411 4449 iterum
3447 4408 3459 4446 :
3496 4392 3737 4464 Congre-

2152 4485 2298 4556 gatis
2333 4484 2478 4540 vobis
2524 4500 2653 4540 cum
2690 4500 2811 4541 meo
2863 4485 3094 4555 spiritu,
3154 4482 3375 4538 tradere
3423 4481 3743 4552 hujusmodi

2153 4574 2398 4629 Satance.
2432 4574 2493 4627 In
2534 4572 2773 4628 secunda
2820 4588 2949 4627 vero
2982 4571 3245 4627 Corinthii
3274 4569 3574 4635 laudantur,
3608 4577 3659 4622 et
3686 4577 3743 4624 ut

2153 4661 2331 4731 magis
2362 4677 2426 4717 ac
2483 4661 2662 4733 magis
2717 4659 2998 4731 proficiant
3047 4666 3475 4724 commonentur,
3532 4658 3744 4713 Galatae

2153 4765 2286 4805 vero
2310 4750 2424 4818 jam
2458 4748 2657 4804 nullius
2703 4748 2946 4803 criminis
2994 4756 3315 4821 arguuntur,
3366 4744 3471 4799 nisi
3499 4745 3605 4800 hoc
3628 4752 3742 4799 tan-

2155 4844 2287 4904 tum,
2322 4838 2465 4907 quod
2500 4836 2866 4893 callidissimis
2890 4833 3361 4908 pseudoapostolis
3383 4832 3741 4887 crediderunt.

2156 4924 2380 4997 Ephesii
2427 4941 2559 4980 sane
2605 4925 2755 4979 nulla
2784 4925 3231 4996 reprehensione,
3266 4921 3363 4976 sed
3393 4921 3561 4975 multa
3592 4920 3744 4975 laude

2158 5021 2283 5067 sunt
2325 5013 2494 5085 digni,
2554 5014 2677 5084 quia
2735 5012 2897 5067 fidem
2953 5012 3309 5084 apostolicam
3373 5015 3740 5064 servaverunt.

2160 5102 2547 5173 Philippenses
2587 5101 2743 5156 etiam
2791 5102 2962 5156 multo
3010 5101 3185 5174 magis
3223 5098 3621 5165 collaudantur,
3652 5096 3741 5167 qui

2158 5204 2261 5245 nec
2288 5189 2479 5244 audire
2509 5190 2727 5260 quidem
2758 5189 2927 5245 falsos
2955 5189 3229 5260 apostolos
3258 5186 3565 5243 voluerunt.
3592 5184 3748 5241 Thes-

2158 5278 2537 5334 salonicenses
2566 5278 2916 5334 nihilominus
2948 5278 3004 5333 in
3052 5275 3263 5332 duabus
3321 5273 3577 5345 Epistolis
3603 5271 3747 5328 omni

2158 5365 2319 5422 laude
2345 5367 2711 5439 prosequitur,
2736 5383 2802 5423 eo
2848 5366 2994 5439 quod
3023 5380 3133 5420 non
3162 5362 3337 5418 solum
3366 5361 3529 5418 fidem
3559 5361 3747 5416 incon-

2162 5469 2377 5510 cussam
2436 5456 2773 5514 servaverint
2829 5454 3091 5512 veritatis.
3157 5452 3255 5509 sed
3317 5451 3479 5508 etiam
3517 5449 3574 5505 in
3619 5464 3749 5520 per-

3660 5694 3691 5733 ⁸
3742 5736 3765 5763 ι
