3960 6036
176 94 245 143 13
695 90 1069 146 ΕΧΡΟΞΙΤΙΟ
1112 92 1183 146 ΙΝ
1223 90 1600 146 EPISTOLAS
1642 91 1812 145 PAUL

1915 123 1965 130 —-
1995 90 2296 147 PROLOG.
2339 93 2411 145 IN
2449 93 2661 148 EPIST.
2706 93 2797 146 AD
2833 93 3000 148 ΗΘΜ.
3428 99 3493 149 14

179 213 484 268 secutione
531 214 729 270 civium
762 215 958 270 fuerint
994 223 1305 270 constantes
1348 214 1568 269 inventi.
1621 213 1801 271 Colos-
1819 216 1873 275 A
1902 215 1971 269 Et
1994 232 2083 271 vos
2098 219 2309 286 fratres
2332 218 2651 271 imitatores
2672 218 2816 287 facti
2840 217 2976 271 estis
3000 217 3379 273 Ecclesiarum
3392 219 3490 272 Dei

183 319 397 357 senses
428 311 608 357 autem
642 304 773 358 tales
799 313 972 369 erant,
1025 313 1101 366 ut,
1136 320 1255 359 cum
1290 304 1356 355 ab
1405 304 1664 373 Apostolo
1697 304 1797 357 visi

184 391 565 460 corporaliter
593 409 701 446 non
731 392 991 455 fuissent,
1026 393 1127 448 hac
1160 392 1320 446 laude
1353 392 1503 463 digni
1532 392 1799 447 haberen-

188 487 302 533 tur.
336 482 461 535 Etsi
483 498 728 552 corpore,
749 482 939 552 inquit,
959 483 1155 537 absens
1188 498 1333 543 sum,
1359 481 1451 535 sed
1480 482 1687 552 spiritu
1716 498 1800 538 vo-

188 567 421 623 biscum
453 586 598 633 sum,
642 571 911 639 gaude-ns,
947 575 1002 625 et
1042 570 1234 625 videns
1265 570 1519 625 ordinem
1550 573 1801 625 vestrum

198 655 415 723 (Colos.
450 672 509 725 Il,
538 660 613 728 5).
676 660 755 712 De
786 659 1025 714 Hebraeis
1058 674 1187 713 vero
1219 659 1349 729 quid
1378 658 1665 713 dicendum
1699 665 1798 723 est,

193 759 433 814 quorum
517 748 1054 813 Thessalonicenses,
1105 747 1196 818 qui
1250 746 1537 818 plurimum
1604 745 1801 800 laudati

194 841 347 901 sunt,
383 833 684 889 imitatores
713 834 837 892 facti
868 853 989 892 esse
1022 836 1293 893 dicuntur.
1347 836 1494 891 Sicut
1527 835 1644 906 ipse
1675 835 1750 890 ait
1784 851 1796 890 :

1907 321 2027 377 quae
2048 308 2183 359 sunt
2212 306 2275 359 in
2298 304 2491 359 Iudaea
2511 324 2527 359 :
2551 306 2741 360 eadem
2760 307 2913 361 enim
2933 308 3085 377 passi
3107 308 3240 361 estis
3270 310 3324 361 et
3348 322 3437 361 vos
3459 324 3493 360 a

1906 394 2314 448 contribulibus
2335 396 2557 457 vestris,
2585 411 2705 465 quce
2726 395 2886 449 etilli
2907 411 2941 448 a
2978 393 3223 449 Iudaeis?
3253 394 3303 463 (Ι
3336 394 3488 448 Thes.

1903 496 1962 550 ιι,
2002 483 2077 550 1.)
2101 482 2257 551 Apud
2300 482 2450 552 ipsos
2480 497 2695 553 quoque
2738 482 2998 537 Hebraeos
3030 483 3219 537 eadem
3248 498 3493 537 comme-

1902 577 2093 634 morat,
2120 569 2306 624 dicens
2328 589 2346 624 :
2366 571 2508 624 Nam
2536 574 2595 625 et
2615 571 2823 624 vinctis
2853 587 2968 626 com
2974 573 3129 642 passi
3142 572 3298 637 estis,
3330 575 3385 626 et
3402 588 3495 627 ra-

1897 659 2099 728 pinam
2115 659 2383 714 bonorum
2414 662 2731 713 vestrorum
2757 676 2886 715 cum
2910 660 3109 730 gaudio
3143 660 3489 731 suscepistis,

1905 751 2302 817 cognoscentes
2346 762 2437 802 vos
2486 747 2685 803 habere
2724 749 3016 804 meliorem
3060 752 3117 804 et
3162 753 3493 805 manentem

1907 836 2287 891 substantiam
2318 836 2501 903 (Hebr.
2533 850 2591 901 Χ,
2628 838 2740 907 34).

834 1117 1239 1181 PROLOGUS
1283 1117 1671 1181 SPECIALIS
1714 1118 1795 1182 IN
1838 1116 2275 1181 EPISTOLAM
2318 1119 2422 1180 AD
2464 1117 2856 1181 ROMANOS.

272 1302 507 1357 Romani
536 1310 657 1357 sunt
688 1304 777 1375 qui
808 1320 871 1359 ex
912 1305 1115 1359 Judaeis
1145 1314 1197 1360 et
1245 1305 1498 1377 gentibus
1544 1304 1799 1361 credide-
1819 1307 1872 1366 B
1904 1320 2121 1375 semper
2168 1305 2225 1358 in
2274 1304 2491 1359 deserto
2533 1312 2721 1360 contra
2748 1304 3037 1359 Dominum
3066 1308 3444 1362 murmurastis
3482 1323 3493 1363 :

200 1399 347 1444 runt.
384 1392 449 1445 Hi
482 1392 715 1462 superba
747 1394 1091 1449 contentione
1123 1395 1377 1449 volebant
1408 1410 1466 1448 se
1487 1394 1803 1449 alterutrum

203 1495 545 1551 supponere.
586 1482 723 1534 Nam
754 1482 925 1537 ,ἰυᾶωὶ
955 1484 1207 1538 dicebant
1232 1500 1243 1537 :
1276 1486 1391 1539 Nos
1415 1502 1599 1539 sumus
1625 1500 1803 1556 popu-

203 1567 289 1621 lus
319 1569 446 1638 Dei,
477 1584 615 1640 quos
644 1570 713 1623 ab
759 1570 910 1625 initio
941 1571 1125 1626 dilexit
1162 1581 1216 1627 et
1243 1572 1393 1640 fovit,
1424 1590 1525 1628 nos
1565 1574 1804 1629 circum-

206 1657 306 1711 cisi
352 1674 421 1712 ex
479 1673 685 1730 genere
734 1660 1026 1726 Abraham,
1087 1669 1274 1717 sancta
1324 1662 1709 1717 descendimus
1740 1678 1807 1718 ex

209 1746 403 1816 stirpe,
465 1754 516 1801 et
560 1755 718 1802 notus
748 1756 896 1803 retro
939 1749 1079 1819 apud
1108 1749 1348 1806 Iudaeam
1396 1759 1598 1806 tantum
1637 1753 1802 1806 Deus.

207 1835 323 1888 Nos
353 1835 425 1889 de
446 1835 679 1907 {Egypto
701 1837 874 1907 signis
894 1838 993 1892 Dei
1024 1845 1076 1893 et
1094 1838 1381 1894 virtutibus
1402 1840 1633 1907 liberati,
1655 1856 1807 1895 mare

210 1921 359 1977 sicco
414 1924 864 1993 pertransivimus
920 1926 1080 1996 pede,
1112 1942 1235 1983 cum
1274 1927 1541 1986 inimicos
1589 1936 1807 1983 nostros

208 2011 524 2082 gravissimi
568 2012 764 2069 fluctus
813 2014 1171 2069 involverent.
1217 2016 1389 2070 Nobis
1436 2016 1571 2087 pluit
1614 2033 1809 2072 manna

209 2100 480 2154 Dominus
511 2101 564 2155 in
612 2102 851 2167 deserto,
884 2111 937 2157 et
983 2104 1136 2174 quasi
1167 2102 1291 2158 ﬁliis
1323 2105 1434 2159 suis
1462 2106 1683 2161 caeleste
1713 2121 1809 2177 pa-

213 2187 402 2242 bulum
428 2189 771 2244 ministravit.
832 2192 947 2245 Nos
983 2191 1071 2247 die
1120 2200 1389 2264 noctuque
1446 2194 1501 2247 in
1558 2194 1811 2249 columna

213 2276 379 2330 nubis
424 2278 677 2349 ignisque
725 2280 1023 2349 prmccssit,
1085 2289 1143 2334 ut
1194 2281 1353 2335 nobis
1415 2282 1468 2335 in
1518 2282 1664 2337 invio
1710 2283 1813 2337 iter

209 2365 545 2420 ostenderet.
580 2370 776 2438 Atque,
802 2376 858 2421 ut
894 2375 1091 2423 caetera
1120 2369 1235 2437 ejus
1256 2370 1399 2425 circa
1426 2386 1527 2424 nos
1548 2371 1812 2426 immensa

211 2452 485 2509 beneﬁcia
513 2463 812 2522 taceamus,
845 2471 945 2510 nos
975 2456 1075 2512 soli
1102 2456 1254 2530 digni
1276 2459 1471 2513 fuimus
1502 2460 1602 2514 Dei
1632 2459 1809 2532 legem

212 2541 490 2612 accipere,
527 2551 580 2597 et
629 2559 818 2599 vocem
853 2544 954 2598 Dei
1002 2544 1273 2616 loquentis
1322 2548 1526 2613 audire,
1587 2548 1812 2620 ejusque

1905 1393 1974 1448 ad
2002 1394 2309 1465 Egyptum,
2344 1393 2487 1447 unde
2520 1409 2618 1448 vos
2648 1409 2808 1447 manu
2823 1394 3001 1448 valida
3031 1395 3281 1464 ejecerat,
3314 1396 3495 1450 redire

1904 1481 2202 1552 cupientes.
2238 1481 2379 1550 Quid
2409 1482 2563 1552 plura
2583 1483 2610 1535 ἱ)
2642 1483 2720 1535 Ita
2740 1490 2926 1552 patres
2956 1483 3123 1538 vestri
3153 1484 3346 1539 crebra
3376 1500 3499 1555 pro-

1904 1570 2189 1625 vocatione
2262 1569 2555 1624 Dominum
2628 1570 3013 1638 irritaverunt,
3071 1579 3129 1625 ut
3197 1588 3391 1627 omnes
3446 1572 3502 1626 in

1906 1673 2091 1713 eremo
2140 1666 2499 1725 morerentur,
2551 1674 2653 1713 nec
2694 1658 2815 1729 plus
2846 1675 2911 1714 ex
2959 1659 3265 1715 senioribus
3313 1676 3502 1716 eorum

1909 1763 2069 1817 quam
2101 1746 2227 1816 {duo
2273 1746 2521 1801 homines
2576 1754 2781 1801 terram
2836 1747 3279 1819 repromissionis
3333 1749 3510 1804 intra-

1908 1842 2048 1888 rent.
2083 1834 2190 1889 Sed
2238 1834 2364 1906 quid
2412 1835 2633 1907 antiqua
2688 1835 3030 1906 replicamus,
3091 1852 3232 1902 cum,
3290 1837 3500 1892 etiamsi

1908 1921 1997 1975 illa
2026 1921 2245 1977 minime
2277 1921 2565 1990 fecissetis,
2599 1923 2667 1978 de
2690 1923 2795 1979 hoc
2841 1924 2958 1979 solo
2986 1940 3148 1980 nemo
3178 1940 3276 1981 vos
3305 1926 3503 1994 dignos

1910 2009 2070 2065 venia
2094 2010 2359 2079 judicarct
2389 2011 2535 2082 quod
2565 2010 2852 2066 Dominum
2883 2012 3176 2080 Christum,
3208 2014 3504 2085 propheta-

1917 2114 2040 2152 rum
2068 2114 2284 2169 semper
2313 2098 2468 2153 vobis
2497 2099 2721 2154 vocibus
2750 2100 3160 2171 repromissum,
3190 2117 3299 2157 non
3330 2102 3505 2157 solum

1918 2187 2197 2258 suscipere
2226 2187 2494 2257 noluistis,
2537 2188 2633 2243 sed
2683 2189 2844 2242 etiam
2892 2197 3063 2245 morte
3106 2192 3347 2261 pessima
3374 2208 3507 2262 per-

1914 2274 2121 2330 emistis
2134 2275 2161 2329 ?
2177 2274 2351 2343 Quem
2368 2284 2425 2329 ut
2441 2292 2540 2331 nos
2562 2277 2939 2349 cognovimus,
2956 2278 3137 2332 statim
3154 2279 3505 2350 credidimus,

1914 2381 2036 2419 cum
2070 2365 2228 2419 nobis
2260 2365 2328 2419 de
2358 2380 2424 2420 eo
2452 2372 2607 2419 antea
2628 2381 2738 2420 non
2768 2364 2927 2421 fuerit
2954 2367 3332 2436 praedicatum.
3356 2369 3511 2424 Unde

1915 2452 2179 2522 probatur
2207 2453 2371 2523 quod,
2396 2453 2443 2506 si
2471 2453 2631 2509 idolis
2654 2455 2998 2522 servivimus,
3023 2472 3132 2511 non
3163 2456 3513 2512 obstinationi

1915 2540 2131 2607 mentis,
2166 2540 2264 2595 sed
2305 2540 2631 2613 ignorantiae
2669 2542 3059 2613 deputandum.
3102 2543 3204 2612 Qui
3237 2544 3382 2600 enim
3411 2560 3511 2601 co-

211 2644 554 2699 cognoscere
578 2631 925 2686 voluntatem.
959 2633 1019 2686 In
1040 2648 1147 2704 qua
1167 2633 1292 2706 lege
1312 2636 1470 2689 nobis
1510 2636 1814 2707 promissus
1840 2663 1886 2722 C
1914 2629 2128 2701 gnitum
2181 2629 2324 2684 illico
2381 2631 2678 2701 SBQHimUI‘.
2726 2632 2855 2686 Olim
2898 2632 3083 2704 utique
3131 2649 3509 2705 sequeremur.

214 2725 299 2771 est
329 2718 595 2787 Christus,
631 2719 700 2773 ad
731 2735 870 2791 quos
918 2720 1076 2775 etiam
1106 2721 1224 2792 ipse
1256 2738 1315 2777 se
1346 2723 1564 2779 venisse
1592 2731 1819 2779 testatus

214 2812 318 2869 est,
347 2806 536 2861 dicens
582 2822 593 2859 :
622 2809 742 2862 Non
764 2810 893 2863 veni
938 2809 1053 2864 nisi
1081 2811 1152 2865 ad
1182 2826 1306 2866 oves
1353 2828 1474 2882 qua:
1524 2814 1820 2884 perierant

216 2893 417 2949 domus
450 2895 625 2950 Israel
645 2896 896 2967 (Matth.)
910 2912 1007 2967 xv,
1029 2899 1122 2966 24)
1148 2917 1161 2965 ;
1186 2914 1308 2953 cum
1330 2916 1427 2954 vos
1460 2915 1622 2955 canes
1642 2901 1819 2971 potius

218 2996 385 3052 quam
435 2983 685 3039 homines
744 2985 1117 3055 appellaverit.
1153 2988 1455 3059 [Equumne
1485 3004 1620 3061 ergo
1654 2997 1736 3044 est
1763 2996 1821 3043 ut

214 3070 368 3123 idola
396 3071 559 3126 hodie
600 3072 941 3140 deserentes,
978 3074 1175 3144 quibus
1206 3076 1276 3129 ab
1306 3076 1457 3131 initio
1479 3076 1817 3145 deservistis,

219 3158 382 3213 nobis
413 3161 809 3231 comparemini
841 3181 855 3227 ;
882 3169 933 3216 et
974 3178 1082 3217 non
1112 3163 1289 3233 potius
1318 3164 1373 3217 in
1420 3166 1821 3237 proselytorum

220 3246 400 3302 locum
432 3264 499 3302 ex
528 3249 670 3320 legis
725 3250 1042 3306 auCtoritate
1097 3259 1148 3305 et
1177 3253 1568 3309 consuetudine
1600 3255 1825 3325 depute-

220 3335 402 3391 mini?
429 3336 505 3390 Et
564 3339 667 3392 hoc
712 3338 889 3409 ipsum
939 3355 1048 3393 non
1101 3341 1475 3407 merebamini,
1535 3343 1638 3397 nisi
1694 3343 1821 3415 quia

218 3423 376 3494 larga
416 3440 635 3496 semper
666 3426 765 3480 Dei
814 3427 1100 3483 clementia
1138 3429 1307 3484 voluit
1350 3446 1447 3485 vos
1493 3431 1559 3486 ad
1582 3440 1817 3487 nostram

220 3509 578 3567 imitationem
645 3514 945 3570 admittere.
1015 3516 1219 3572 Gentes
1284 3518 1442 3573 etiam
1518 3520 1820 3575 econtrario

222 3601 666 3670 respondebant:
716 3602 930 3671 Quanto
978 3605 1122 3659 enim
1169 3608 1377 3675 majora
1420 3623 1555 3681 erga
1586 3626 1682 3664 vos
1721 3608 1821 3664 Dei

218 3686 492 3744 beneﬁcia
535 3691 909 3761 narraveritis,
960 3700 1109 3748 tanto
1155 3695 1378 3763 majoris
1429 3712 1526 3751 vos
1580 3697 1820 3753 criminis

224 3793 355 3833 reos
406 3794 530 3834 esse
576 3781 970 3835 monstrabitis.
1028 3783 1256 3853 Semper
1285 3783 1427 3837 enim
1454 3785 1538 3839 his
1571 3786 1820 3841 omnibus

229 3866 520 3921 cxstitistis
549 3867 764 3940 ingrati.
798 3870 935 3923 Nam
966 3870 1099 3941 ipsis
1126 3872 1358 3941 pedibus
1388 3873 1581 3943 quibus
1613 3875 1820 3928 aridum

220 3971 377 4009 mare
407 3956 696 4025 transistis,
731 3957 997 4013 ludebatis
1030 3967 1152 4013 ante
1182 3959 1325 4014 idola
1354 3978 1474 4031 quae
1506 3961 1736 4028 fecistis;
1770 3971 1819 4019 et

1923 2718 1968 2772 si
1999 2725 2163 2772 antea
2210 2718 2681 2788 cognovissemus.
2734 2720 2822 2776 Sic
2845 2728 3029 2776 autem
3076 2737 3174 2777 vos
3203 2722 3270 2777 de
3292 2722 3514 2794 generis

1919 2805 2198 2861 nobilitate
2219 2806 2454 2875 jactatis,
2489 2808 2645 2879 quasi
2676 2823 2789 2863 non
2816 2825 3032 2864 morum
3079 2809 3305 2866 imitatio
3333 2811 3513 2884 magis

1920 2909 2081 2964 quam
2112 2894 2349 2950 carnalis
2378 2895 2629 2951 nativitas
2658 2894 2798 2951 ﬁlios
2838 2913 2935 2952 vos
2958 2897 3122 2955 faciat
3136 2915 3259 2955 esse
3289 2906 3513 2955 sancto-

1922 2998 2061 3036 rum.
2118 2982 2366 3055 Denique
2410 2984 2561 3038 Esau
2592 2991 2644 3038 et
2692 2985 2887 3041 Ismael
2929 3001 3053 3042 cum
3083 2987 3153 3042 de
3199 2987 3366 3059 stirpe
3408 2987 3516 3041 sint

1920 3070 2153 3126 Abrahae
2180 3113 2193 3137 ,
2248 3072 2470 3127 minime
2527 3080 2709 3127 tamen
2764 3073 2819 3127 in
2867 3072 2989 3129 ﬁliis
3045 3082 3385 3146 reputantur.
3418 3076 3515 3130 His

1923 3157 2099 3212 taliter
2123 3159 2524 3226 altercantibus,
2560 3161 2854 3231 Apostolus
2887 3178 2945 3217 se
2992 3163 3231 3219 medium
3278 3165 3517 3235 interpo-

1920 3262 2077 3311 nens,
2114 3246 2183 3300 ita
2240 3248 2474 3318 partium
2523 3248 2727 3303 dirimit
2775 3251 3125 3321 quaestiones,
3177 3260 3236 3307 ut
3263 3260 3512 3307 neutrum

1922 3350 2111 3389 eorum
2142 3351 2238 3388 sua
2274 3336 2482 3403 justitia
2510 3337 2741 3393 salutem
2772 3339 3037 3395 meruisse
3066 3338 3368 3407 conﬁrmet,
3391 3355 3514 3396 am-

1922 3420 2021 3476 bos
2050 3437 2182 3477 vero
2211 3423 2443 3493 populos
2475 3432 2529 3478 et
2560 3425 2795 3481 scienter
2823 3435 2876 3481 et
2907 3427 3151 3498 graviter
3178 3427 3473 3499 deliquisse
3499 3446 3512 3483 :

1920 3509 2136 3565 Judaaos
2200 3511 2417 3582 quidem
2471 3514 2613 3583 quod
2657 3530 2760 3585 per
2818 3515 3324 3584 przevaricationem
3372 3515 3512 3588 legis

1920 3598 2096 3653 Deum
2120 3598 2564 3655 inhonoraverint
2587 3619 2601 3669 ;
2635 3609 2828 3674 gentes
2850 3619 2982 3658 vero
3000 3605 3166 3674 quod,
3191 3620 3312 3659 cum
3328 3604 3509 3675 cogni-

1921 3693 2031 3739 tum
2061 3686 2129 3742 de
2159 3697 2402 3743 creatura
2425 3690 2738 3746 Creatorem
2760 3699 2818 3745 ut
2846 3692 3016 3747 Deum
3039 3692 3327 3747 debuerint
3345 3709 3512 3748 vene-

1923 3775 2045 3843 rati,
2102 3776 2333 3847 gloriam
2383 3779 2498 3846 ejus
2527 3780 2581 3832 in
2604 3795 2765 3834 manu
2810 3779 2951 3836 facta
2983 3782 3310 3836 mutaverint
3341 3781 3513 3836 simu-

1922 3861 2067 3917 lacra
2092 3880 2104 3916 :
2137 3872 2391 3936 utrosque
2421 3866 2601 3933 etiam,
2626 3868 2874 3923 similiter
2922 3869 3136 3924 veniam
3167 3878 3511 3937 consecutos,

1922 3950 2161 4021 aequales
2191 3968 2314 4008 esse
2344 3955 2700 4011 veracissima
2746 3957 2957 4011 ratione
2987 3957 3341 4024 demonstrat,
3374 3974 3516 4028 pra:-

222 4044 348 4113 ipso
378 4058 470 4097 ore
501 4060 608 4114 quo
636 4046 802 4115 paulo
846 4055 972 4101 ante
1020 4047 1090 4101 ob
1148 4064 1338 4102 necem
1382 4038 1812 4106 adversariorum

1922 4014 2111 4093 sertim
2156 4056 2279 4095 cum
2306 4041 2363 4095 in
2407 4043 2598 4098 eadem
2617 4044 2740 4116 lege
2784 4044 3104 4114 praedictum
3135 4054 3188 4100 et
3215 4014 3434 4102 Iudaeos
3463 4053 3517 4101 et

225 4130 461 4186 Domino
491 4134 870 4199 cantaveratis,
921 4134 1214 4190 simulacra
1262 4136 1415 4191 vobis
1449 4136 1567 4193 ﬁeri
1622 4139 1690 4193 3
1729 4156 1821 4211 po-

226 4219 499 4289 poscistis.
551 4220 662 4275 Illis
709 4222 881 4277 oculis
930 4224 1126 4293 quibus
1182 4226 1492 4281 venerando
1534 4227 1710 4281 Deum
1765 4228 1821 4283 in

227 4308 371 4362 nube
418 4308 507 4363 vel
536 4308 663 4379 igne
711 4310 1029 4382 conspicere
1076 4312 1350 4381 solebatis,
1405 4314 1695 4372 simulacra
1739 4317 1821 4371 in-

229 4395 545 4451 tuebamini.
605 4400 800 4453 Manna
859 4416 1074 4472 quoque
1129 4402 1286 4457 vobis
1334 4401 1552 4458 fastidio
1606 4404 1723 4472 fuit,
1768 4413 1821 4461 et

1919 4134 2113 4198 gentes
2169 4129 2239 4183 ad
2290 4129 2488 4185 Christi
2537 4129 2700 4187 ﬁdem
2741 4132 3019 4188 vocandos
3068 4149 3191 4189 esse
3222 4134 3511 4200 ostendat;

1923 4216 2281 4285 quamobrem
2328 4218 2572 4274 vicissim
2616 4236 2711 4276 eos
2758 4220 3067 4290 humilians,
3118 4223 3188 4277 ad
3231 4236 3422 4293 pacem
3461 4228 3514 4277 ct

1920 4304 2269 4361 concordiam
2310 4308 2653 4364 cohortatur.

1607 4530 2120 4589 ARGUMENTUM.

304 4620 531 4700 Romani
561 4629 683 4676 sunt
712 4622 883 4700 partis
913 4622 1098 4678 Italiae.
1133 4624 1505 4700 Hipraeventi
1523 4634 1644 4681 sunt
1676 4643 1709 4681 a
1742 4627 1892 4683 falsis
1921 4630 2209 4700 apostolis,
2244 4640 2296 4686 et
2327 4632 2427 4687 sub
2456 4623 2675 4689 nomine
2715 4636 2931 4693 Domini
2989 4640 3163 4695 nostri
3191 4642 3322 4699 Jesu
3353 4641 3511 4699 Chri-

232 4690 299 4770 sti
330 4691 381 4744 in
403 4692 602 4782 legem!
621 4702 672 4747 et
702 4690 991 4782 prophetas
1025 4704 1179 4749 erant
1195 4690 1428 4776 inducti.
1464 4698 1814 4782 llos'revocat
1843 4690 2133 4782 Apostolus
2162 4690 2231 4756 ad
2260 4719 2443 4759 veram
2492 4712 2545 4760 et
2590 4690 2966 4779 evangelicam
2990 4690 3513 4782 'adéih,'§Erib"éﬁs

239 4763 317 4815 eis
343 4778 372 4815 a
402 4763 681 4830 C0rintlio,
705 4763 814 4834 per
844 4766 1101 4833 Plimben,
1134 4765 1435 4822 ministram
1465 4768 1725 4824 Ecclesia:
1754 4763 2136 4827 Cenchrensis.

238 4920 3199 4954 —______.._______________________

1133 5100 1728 5187 PROLOGUS
1798 5102 1898 5189 B.
1991 5104 2595 5193 BRUNONIS.

302 5278 493 5333 Paulus
521 5280 763 5335 nondum
792 5282 1015 5337 Romam
1036 5293 1280 5356 venerat,
1306 5287 1403 5341 sed
1424 5304 1523 5358 per
1553 5289 1816 5359 quosdam

229 5364 525 5437 discipulos
558 5369 631 5422 ibi
652 5370 1031 5441 praedicantes,
1058 5372 1219 5429 ﬁdem
1242 5384 1593 5446 susceperant
1614 5377 1819 5448 aliquot

229 5454 479 5524 Romani,
512 5457 710 5527 partim
735 5460 999 5535 gentiles,
1034 5463 1229 5533 partim
1256 5464 1427 5521 διιᾱωί
1450 5506 1464 5534 ,
1499 5464 1636 5520 inter
1681 5482 1816 5538 quos

1926 5296 2044 5345 erat
2073 5290 2460 5347 inconveniens
2490 5292 2786 5350 altercatio.
2846 5294 3133 5351 Certabant
3172 5297 3314 5352 enim
3344 5296 3518 5356 Judaei

1926 5394 1985 5433 se
2014 5379 2216 5435 debere
2245 5380 2490 5451 praeferri
2519 5383 2832 5454 gentilibus,
2869 5391 2921 5439 et
2950 5386 3182 5457 gentiles
3212 5389 3515 5445 econtrario

1925 5467 2205 5541 digniores
2232 5469 2434 5526 Judaeis
2472 5469 2675 5529 debere
2706 5489 2765 5529 se
2794 5471 2907 5528 ﬁeri
2938 5474 3276 5531 asserebant.
3337 5478 3518 5535 Causa
