3960 6036
411 130 477 182 15
968 129 1024 184 S.
1067 128 1421 185 BRUNONIS
1461 129 2104 186 CARTIIUSIANORUM
2146 128 2625 186 lNS’l‘ITUTORIS
2664 130 2815 185 OPP.
2859 131 3034 186 PARS
3074 132 3140 185 II.
3635 133 3702 185 16

406 251 713 306 ,Ιιιᾱωοπυηι
745 253 861 308 haec
909 262 1040 322 erat,
1073 254 1197 325 quia
1247 254 1596 325 repromissio
1627 255 1784 323 hujus
1816 254 1997 309 salva-
2020 257 2072 314 Α
2103 269 2197 307 seu
2229 253 2481 324 gentiles,
2515 254 2584 308 ad
2614 252 2775 309 fidem
2807 270 3127 320 conversos;
3160 256 3228 310 de
3246 255 3442 326 quibus
3470 255 3523 309 in
3551 256 3696 309 hunc

408 338 566 393 tionis
598 339 739 396 facta
768 351 885 396 erat
923 342 1165 412 patribus
1193 359 1400 408 eorum,
1434 352 1489 396 ut
1514 343 1804 409 Abraham,
1832 343 2003 397 David

412 436 465 481 et
486 429 694 483 caloris
728 448 741 495 ;
793 430 915 502 quia
951 430 1114 485 etiam
1146 440 1197 485 et
1246 432 1391 485 Deus
1426 431 1531 485 illis
1566 432 1793 486 dederat
1823 431 2002 503 legem

410 524 462 571 et
492 518 805 588 prophetas,
842 536 963 589 quae
993 519 1175 573 omnia
1216 520 1620 591 prmsignabant
1651 519 2004 574 salvationem

412 622 512 676 per
540 606 813 660 Christum
846 606 1101 673 futuram,
1151 608 1395 680 gentium
1426 616 1604 663 autem
1652 608 1704 661 in
1723 608 1870 662 nullo
1904 610 2003 663 ho-

413 710 532 748 rum
551 695 873 750 meminerat
894 714 908 761 ;
941 696 1171 767 ideoque
1190 712 1283 751 eos
1306 697 1471 769 digne
1492 695 1864 767 praeferendos
1882 712 2004 751 esse

412 782 666 854 gentibus
696 783 750 837 in
781 785 885 839 hac
934 785 1248 840 salvatione.
1297 785 1613 840 Econtrario
1645 786 1879 858 gentiles
1908 800 2004 855 0p-

412 872 704 941 ponebant,
742 871 866 927 ideo
897 873 1112 928 Judaaos
1142 872 1345 928 debere
1386 874 1617 943 judicari
1648 874 2000 945 indigniores,

410 959 534 1029 quia
564 960 607 1014 si
637 961 784 1015 Deus
815 968 1018 1015 tantam
1041 977 1228 1016 eorum
1258 961 1599 1034 diligentiam
1629 964 1915 1029 habuerat,
1948 970 2006 1016 ut

412 1063 530 1118 quae
566 1049 845 1119 praemissa
895 1058 1017 1103 sunt
1045 1049 1151 1103 illis
1190 1050 1472 1117 tribueret,
1520 1051 1622 1120 ipsi
1666 1051 1722 1104 in
1752 1050 2004 1105 omnibus

409 1136 565 1190 abusi
594 1135 805 1191 fuerant
836 1137 992 1191 bonis
1031 1138 1131 1192 Dei
1156 1156 1169 1192 :
1200 1140 1609 1208 praevaricando
1631 1138 1809 1212 legem
1841 1155 2004 1210 quam

411 1224 639 1278 dederat
672 1243 685 1279 :
719 1226 1117 1280 contemnendo
1145 1228 1439 1297 prophetas
1483 1243 1619 1298 quos
1648 1228 1873 1282 miserat
1899 1245 1911 1280 :
1936 1228 2004 1281 ad

409 1312 655 1367 ultimum
687 1313 1026 1368 Salvatorem
1059 1314 1161 1368 sibi
1209 1316 1439 1369 missum
1495 1316 1818 1371 damnantes
1873 1332 2003 1371 cru-

412 1399 491 1455 cis
519 1401 761 1471 patibulo
785 1421 799 1468 ;
833 1417 1003 1473 quare
1024 1403 1204 1472 potius
1235 1404 1287 1457 in
1318 1404 1401 1457 his
1422 1404 1651 1475 deprimi
1674 1420 1835 1475 quam
1864 1404 2005 1459 exal-

411 1489 510 1543 tari
557 1490 853 1559 deberent;
916 1493 1012 1546 sed
1074 1492 1174 1562 ipsi
1223 1493 1454 1564 gentiles
1510 1493 1702 1547 merito
1760 1491 2007 1563 praeferri

2103 342 2321 395 modum
2349 342 2493 414 agit:
2515 343 2927 413 comprimendo
2959 343 3192 414 primum
3222 344 3473 415 gentiles,
3509 361 3577 399 ne
3610 342 3695 398 ef-

2102 429 2329 485 ferendo
2360 447 2437 496 se,
2475 447 2572 485 seu
2602 431 2669 485 de
2702 431 2985 501 sapientia,
3020 449 3117 486 seu
3165 432 3232 486 de
3274 432 3520 487 libertate
3550 432 3700 486 arbi-

2104 518 2207 583 trii,
2242 519 2427 590 sicque
2456 518 2792 574 detrahendo
2824 520 3014 591 gratiae
3046 519 3262 586 Christi,
3286 519 3610 575 arbitrentur
3639 536 3698 575 se

2103 605 2383 676 digniores
2428 606 2481 661 in
2512 605 2615 661 fide
2665 607 2993 679 quibuslibet
3025 608 3116 678 qui
3149 606 3309 662 ﬁdem
3335 608 3695 679 susceperint,

2102 710 2223 748 cum
2256 710 2356 764 per
2385 694 2616 765 gratiam
2648 694 2746 749 Dei
2777 694 2951 750 solam
2984 692 3120 749 ﬁdes
3153 703 3205 750 et
3239 694 3475 751 salvatio
3508 696 3706 749 tribua-

2107 790 2210 837 tur.
2245 783 2299 837 Si
2332 784 2474 837 enim
2532 784 2601 838 de
2650 783 2826 839 libero
2876 784 3098 839 arbitrio
3140 801 3198 839 se
3251 783 3502 853 eﬂ‘erunt,
3551 784 3607 837 in
3637 799 3706 839 eo

2103 871 2287 941 utique
2316 871 2603 941 plurimum
2627 873 2707 926 rei
2748 880 2890 937 sunt,
2924 889 3044 927 cum
3079 873 3367 928 habuerint
3397 873 3706 927 naturalem

2104 959 2402 1025 scientiam,
2438 976 2542 1031 qua
2574 976 2910 1031 cognoscere
2950 970 3174 1031 possent
3220 970 3517 1017 creatorem
3544 977 3705 1016 suum

2105 1046 2222 1101 sine
2254 1048 2402 1102 omni
2430 1048 2675 1115 docente,
2705 1048 3048 1122 negligentes
3072 1050 3404 1115 Creatorem,
3423 1057 3704 1105 creaturas

2104 1136 2485 1202 adoraverunt,
2521 1145 2575 1192 et
2603 1145 2802 1192 caetera
2831 1138 3019 1203 multa,
3055 1138 3125 1193 ad
3154 1138 3563 1208 deprimendam
3583 1136 3703 1191 ela-

2104 1224 2306 1279 tionem
2352 1225 2633 1295 gentilium
2672 1225 2842 1296 ponit.
2876 1227 2934 1279 In
2989 1225 3345 1297 depressione
3382 1232 3562 1281 autem
3599 1226 3702 1279 Ju-

2109 1313 2371 1379 dazorum,
2404 1314 2529 1384 quia
2551 1330 2646 1369 eos
2683 1314 2857 1385 magis
2877 1315 3174 1370 obstinatos
3204 1314 3391 1379 sensit,
3435 1313 3588 1386 quasi
3610 1313 3705 1385 qui

2102 1400 2289 1471 plures
2322 1417 2516 1457 causas
2564 1403 2939 1470 obtenderent,
2973 1404 3172 1457 diutius
3202 1403 3534 1469 immoratur,
3570 1418 3703 1472 pro-

2106 1489 2244 1544 bans
2279 1505 2388 1545 non
2411 1507 2538 1545 esse
2563 1492 2989 1561 superbiendum
3019 1492 3099 1547 eis
3116 1492 3162 1546 si
3191 1492 3374 1565 legem
3403 1500 3454 1547 et
3469 1492 3709 1562 prophe-

408 1576 694 1644 deberent,
747 1577 856 1647 qui,
888 1585 946 1631 ut
992 1578 1228 1648 primum
1276 1577 1559 1632 audierunt
1598 1578 1825 1633 verbum
1875 1577 1998 1643 Dei,
2033 1586 2189 1677 Btas
2215 1579 2546 1645 habuerunt,
2604 1595 2747 1648 cum,
2786 1580 2841 1634 in
2897 1580 3090 1651 quibus
3136 1580 3359 1650 placare
3415 1580 3708 1635 Dominum

410 1665 573 1720 fidem
593 1665 674 1721 4
696 1674 1073 1735 susceperunt,
1099 1675 1150 1721 et
1171 1666 1216 1721 si
1233 1674 1357 1721 ante
1376 1682 1483 1720 non
1499 1667 1856 1733 crediderant,
1882 1668 2004 1739 quia

409 1770 511 1809 nec
540 1753 720 1825 legem
737 1770 838 1809 nec
858 1756 1155 1824 prophetas
1176 1754 1497 1820 habuerant,
1524 1755 1864 1811 excusabiles
1882 1772 2005 1812 sese

409 1842 749 1898 asserebant.
785 1841 960 1911 Quam
994 1842 1315 1898 seditionem
1333 1843 1458 1914 quia
1482 1843 1753 1914 discipuli,
1774 1859 2003 1913 quorum

408 1931 793 2001 praedicatione
834 1931 1085 1987 conversi
1116 1930 1346 1997 fuerant,
1396 1932 1591 1987 sedare
1621 1948 1731 1986 non
1762 1931 2002 1988 sufﬁcie-

410 2020 559 2081 bant.
594 2021 860 2075 miserunt
901 2020 969 2073 ad
1015 2019 1273 2084 Paulum,
1307 2028 1365 2074 ut
1410 2036 1509 2090 per
1536 2019 1857 2092 magistrum
1905 2018 2002 2092 [id]

410 2107 709 2175 efficerent,
733 2108 802 2163 ad
820 2107 965 2180 quod
985 2108 1277 2163 auctoritas
1304 2124 1489 2163 eorum
1514 2107 1853 2163 insufficiens
1867 2117 2001 2164 erat.

413 2198 528 2253 Ilac
557 2206 736 2252 autem
768 2196 962 2251 Paulus
992 2204 1214 2267 accepta
1235 2197 1540 2265 occasione,
1575 2196 1764 2252 scribit
1795 2197 1863 2252 ad
1883 2196 2004 2252 illos

410 2286 553 2341 hanc
583 2286 884 2357 epistolam,
922 2285 977 2339 in
1002 2301 1110 2357 qua
1156 2286 1441 2341 materiam
1488 2286 1661 2341 habes
1706 2287 1999 2352 Romanos,

2106 1666 2445 1733 debuissent,
2477 1668 2885 1738 praevaricando
2908 1685 3127 1739 semper
3149 1667 3476 1723 offenderint
3504 1669 3701 1723 Deum.

2106 1756 2234 1811 Haec
2264 1763 2317 1811 et
2346 1756 2453 1811 alia
2509 1757 2678 1813 multa
2707 1756 2775 1811 ad
2818 1757 3247 1827 compescendos
3284 1757 3502 1811 Judzeos
3532 1756 3705 1811 addu—

2105 1843 2194 1907 cit,
2228 1852 2279 1898 et
2308 1860 2372 1899 eo
2404 1842 2509 1899 fine
2558 1844 2636 1900 sic
2667 1844 2779 1915 agit
2808 1852 2863 1898 ut
2918 1854 3201 1916 ntrosque,
3235 1844 3451 1900 Judaeos
3481 1852 3534 1899 et
3561 1860 3705 1916 gen-7

2106 1931 2246 1996 tiles,
2281 1931 2528 2000 subjiciat
2558 1931 2744 2003 gratiae
2773 1932 2891 1999 Dei,
2942 1933 3227 1988 credentes
3258 1932 3389 1986 nihil
3420 1932 3705 2003 provenire

2104 2017 2307 2071 Iudaeis
2338 2034 2403 2071 ex
2435 2035 2658 2091 genere,
2684 2019 2808 2090 lege
2841 2019 2927 2074 vel
2949 2021 3231 2091 prophetis
3256 2039 3269 2087 ;
3296 2037 3469 2092 neque
3491 2019 3711 2093 gentili-

2106 2105 2207 2160 bus
2238 2120 2309 2160 ex
2340 2106 2646 2178 ignorantia
2670 2124 2832 2180 quam
2861 2108 3180 2176 obtendunt,
3210 2125 3307 2165 seu
3336 2124 3403 2165 ex
3422 2108 3595 2164 libero
3620 2124 3708 2162 ar-

2106 2194 2289 2250 bitrio.

1355 2643 1905 2730 EPISTOLA
1970 2644 2115 2729 AD
2190 2643 2761 2730 ROMANOS.

886 2858 1109 2914 CAPUT
1140 2857 1430 2913 PRIMUM.

492 2970 509 2993 ει
549 2943 745 2999 Paulus
788 2960 979 2998 servus
1029 2943 1159 2998 Jesu
1204 2943 1423 3012 Christi,
1457 2952 1678 2999 vocatus
1708 2942 2005 3014 apostolus,

419 3054 441 3083 ι
476 3041 803 3105 segregatus
834 3032 888 3085 in
918 3031 1278 3103 Evangelium
1324 3032 1443 3097 Dei,
1477 3032 1623 3103 quod
1651 3040 1773 3087 ante
1798 3031 2007 3102 promi-

416 3142 439 3171 ι
476 3129 619 3176 serat
648 3137 744 3191 per
790 3122 1083 3191 prophetas
1130 3136 1259 3174 suos
1288 3120 1344 3173 in
1383 3120 1679 3190 Scripturis
1708 3120 1908 3175 sanctis
1940 3120 2008 3175 de

417 3231 439 3261 ι
478 3209 614 3264 Filio
648 3224 764 3274 suo,
816 3208 907 3278 qui
936 3208 1109 3263 factus
1159 3216 1241 3262 est
1270 3208 1320 3262 ei
1351 3225 1416 3263 ex
1464 3209 1670 3263 semine
1714 3208 1883 3263 David
1914 3225 2006 3263 se-

421 3320 442 3348 ι
479 3297 715 3353 cundum
747 3312 968 3352 carnem
988 3337 1001 3364 ,
1039 3296 1128 3367 qui
1160 3296 1575 3367 praedestinatus
1606 3306 1686 3352 est
1715 3297 1879 3352 Filius
1907 3297 2008 3353 Dei

420 3409 440 3433 ιι
477 3386 530 3440 in
574 3386 796 3452 virtute,
853 3384 1151 3439 secundum
1183 3385 1440 3455 Spiritum
1471 3385 1912 3442 sanctificationis
1943 3402 2007 3441 ex

419 3474 877 3529 «resurrectione
956 3482 1291 3529 mortuorum
1347 3474 1474 3528 Jesu
1533 3474 1731 3529 Christi
1792 3474 2008 3528 Domini

419 3585 442 3614 α
476 3562 669 3628 nostri,
701 3578 799 3633 per
829 3577 989 3632 quem
1036 3561 1348 3632 accepimus
1393 3562 1622 3634 gratiam
1652 3572 1703 3618 et
1731 3562 2007 3633 apostola-

420 3673 442 3702 ι
470 3660 599 3716 tum,
634 3651 705 3705 ad
728 3650 1089 3705 obediendum
1109 3649 1233 3705 fidei
1264 3650 1319 3704 in
1349 3651 1599 3705 omnibus
1630 3652 1883 3723 gentibus
1910 3666 2009 3720 pro

422 3761 445 3791 ι
478 3739 696 3795 nomine
726 3739 839 3806 ejus
871 3756 883 3791 :
919 3739 973 3791 in
1021 3738 1214 3809 quibus
1236 3739 1365 3793 estis
1416 3747 1468 3794 et
1498 3755 1593 3795 vos
1649 3739 1824 3795 vocati
1880 3740 2009 3793 Jesu

424 3849 446 3878 ι
492 3826 690 3882 Christi
723 3845 737 3892 ;
769 3826 1019 3881 omnibus
1049 3825 1137 3897 qui
1170 3835 1295 3880 sunt
1323 3828 1509 3883 Rome
1538 3827 1748 3883 dilectis
1778 3827 1877 3882 Dei
1908 3842 2009 3881 vo-

425 3939 446 3964 «
484 3916 619 3971 catis
652 3915 851 3969 sanctis
869 3914 1055 3968 Gratia
1084 3915 1239 3970 vobis
1261 3924 1312 3970 et
1332 3932 1434 3986 pax
1456 3932 1487 3971 a
1508 3918 1623 3971 Deo
1641 3918 1816 3982 Patre,
1840 3923 1893 3970 et
1911 3917 2012 3970 Do-

426 4029 447 4052 ιι
486 4004 632 4059 mino
661 4011 849 4058 nostro
880 4003 1013 4059 Jesu
1026 4004 1260 4059 Christo.
1286 4005 1524 4059 Primum
1557 4005 1771 4076 quidem
1804 4004 2011 4077 gratias

426 4117 447 4141 «ι
488 4108 593 4165 ago
623 4093 738 4147 Deo
781 4107 904 4146 meo
950 4108 1046 4163 per
1071 4094 1259 4147 Jesum
1307 4093 1579 4148 Christum
1618 4110 1716 4164 pro
1762 4093 2012 4147 omnibus

430 4205 452 4230 ιι
488 4181 642 4237 vobis
678 4199 691 4235 :
721 4180 843 4252 quia
874 4179 1008 4235 fides
1055 4190 1235 4236 vestra
1280 4182 1630 4237 annuntiatur
1659 4182 1714 4236 in
1761 4182 2012 4237 universo

430 4291 452 4320 ι
487 4268 715 4324 mundo.
756 4269 931 4323 Testis
953 4270 1097 4323 enim
1127 4270 1256 4323 mihi
1280 4278 1361 4324 est
1410 4272 1577 4339 Deus,
1611 4270 1697 4325 cui
1728 4271 1909 4325 servio
1957 4270 2011 4323 in

431 4380 452 4408 ι
490 4358 679 4429 spiritu
702 4373 823 4412 meo
853 4356 907 4410 in
936 4358 1238 4430 Evangelio
1271 4359 1385 4413 Filii
1416 4360 1568 4427 ejus,
1605 4360 1750 4431 quod
1780 4360 1896 4413 sine
1926 4358 2013 4412 in-

430 4467 453 4497 ι
488 4445 834 4501 termissione
857 4446 1177 4501 memoriam
1208 4447 1373 4502 vestri
1403 4447 1540 4502 facio
1558 4464 1776 4517 semper
1807 4447 1862 4501 in
1891 4461 2015 4502 ora-

431 4555 453 4586 (
488 4534 725 4589 tionibus
755 4534 890 4589 meis
924 4549 936 4587 :
972 4535 1290 4601 obsecrans,
1318 4536 1363 4589 si
1394 4535 1897 4606 quomodotandem
1916 4535 2015 4590 ali-

432 4644 454 4674 a
492 4622 707 4694 quando
756 4638 1079 4693 prosperum
1099 4623 1197 4677 iter
1243 4624 1473 4678 habeam
1503 4624 1555 4677 in
1586 4624 1859 4679 voluntate
1914 4624 2014 4680 Dei

432 4732 455 4762 ι
498 4710 752 4766 veniendi
780 4710 849 4764 ad
878 4726 996 4765 vos.
1030 4711 1294 4765 Desidere
1316 4710 1458 4765 enim
1488 4711 1671 4765 videre
1701 4727 1818 4777 vos,
1842 4719 1899 4765 ut
1919 4712 2014 4766 ali-

430 4822 451 4846 α
488 4799 616 4871 quid
647 4798 924 4869 impertiar
944 4799 1099 4853 vobis
1147 4799 1337 4869 gratiae
1367 4798 1679 4868 spiritualis,
1712 4799 1778 4852 ad
1807 4798 2014 4855 confir-

430 4908 451 4938 ι
488 4887 719 4942 mandos
749 4903 847 4942 vos
880 4904 893 4940 :
926 4886 978 4941 id
1007 4894 1091 4941 est
1136 4886 1294 4940 simul
1324 4886 1593 4942 consolari
1627 4887 1680 4941 in
1710 4887 1886 4954 vobis,
1917 4904 2016 4959 per

429 4997 451 5027 ι
495 4992 616 5031 eam
639 4992 757 5046 quae
789 4974 1018 5029 invicem
1050 4982 1132 5029 est
1162 4972 1324 5029 ﬁdem
1364 4983 1600 5030 vestram
1633 4984 1790 5047 atque
1810 4992 2009 5032 meam.

428 5088 449 5111 ιι
486 5063 626 5119 Nolo
656 5071 834 5117 autem
866 5079 963 5117 vos
994 5062 1269 5134 ignorare,
1306 5062 1516 5132 fratres,
1551 5063 1678 5134 quia
1708 5081 1851 5135 saape
1882 5080 2012 5136 pro-

430 5177 451 5201 α
491 5151 646 5223 posui
686 5151 871 5207 venire
900 5151 967 5204 ad
998 5166 1112 5215 vos,
1150 5158 1201 5205 et
1230 5151 1531 5222 prohibitus
1562 5168 1680 5206 sum
1711 5169 1882 5224 usque
1911 5153 2013 5208 ad-

427 5264 447 5288 .
486 5242 611 5309 huc,
635 5247 691 5294 ut
718 5239 950 5310 aliquem
980 5238 1212 5292 fructum
1246 5239 1473 5294 habeam
1496 5247 1550 5295 et
1579 5240 1635 5294 in
1664 5241 1840 5308 vobis,
1875 5240 2014 5297 sicut

430 5353 450 5377 ι
487 5338 539 5384 et
566 5328 619 5383 in
642 5327 854 5384 caeteris
883 5326 1154 5400 gentibus.
1188 5327 1393 5383 Graecis
1422 5344 1486 5384 ac
1502 5329 1769 5398 Barbaris,
1802 5329 2013 5401 sapien-

426 5440 447 5465 α
485 5417 627 5471 tibus
657 5432 718 5471 ac
736 5414 1112 5487 insipientibus
1141 5415 1355 5472 debitor
1382 5433 1522 5485 sum,
1551 5416 1626 5472 ita
1663 5418 1809 5489 quod
1840 5418 1896 5473 in
1924 5432 2012 5473 me

426 5527 448 5556 α
483 5514 792 5579 promptum
838 5512 920 5561 est
967 5512 1020 5561 et
1049 5503 1222 5575 vobis,
1257 5504 1349 5576 qui
1378 5505 1564 5565 Roma:
1593 5506 1742 5574 estis,
1778 5522 2012 5579 evange-

2039 2859 2085 2918 C
2112 2880 2133 2904 α
2170 2856 2357 2913 lizare.
2396 2856 2519 2912 Non
2569 2856 2714 2911 enim
2772 2856 3040 2911 erubesco
3091 2855 3461 2927 Evangelium.
3516 2855 3693 2911 Virtus

2115 2966 2136 2995 ι
2172 2945 2317 3000 enim
2349 2944 2446 2999 Dei
2476 2952 2558 2999 est
2599 2945 2653 2998 in
2698 2945 2928 3000 salutem
2987 2945 3134 2999 omni
3191 2944 3454 3011 credenti,
3514 2944 3702 2999 διιᾶωο

2114 3056 2136 3083 α
2171 3033 2424 3104 primum,
2463 3042 2515 3087 et
2544 3033 2759 3089 Graeco.
2783 3034 2999 3088 Justitia
3020 3034 3162 3088 enim
3182 3033 3279 3087 Dei
3312 3033 3364 3086 in
3399 3048 3464 3087 eo
3494 3032 3703 3087 revela-

2114 3143 2135 3172 α
2172 3130 2259 3176 tur
2289 3138 2352 3177 ex
2385 3121 2492 3176 ﬁde
2512 3122 2567 3175 in
2598 3121 2779 3185 fidem,
2801 3122 2938 3177 sicut
2969 3122 3225 3192 scriptum
3247 3128 3327 3175 est
3362 3138 3374 3173 :
3406 3120 3587 3174 Justus
3604 3136 3703 3174 au-

2116 3232 2135 3259 a
2172 3218 2279 3265 tem
2312 3228 2377 3265 ex
2408 3208 2515 3264 fide
2536 3210 2684 3265 vivit.
2720 3211 3007 3266 Revelatur
3036 3209 3176 3264 enim
3225 3208 3305 3262 ira
3333 3207 3432 3262 Dei
3463 3207 3531 3262 de
3561 3207 3703 3263 cmlo

2114 3319 2135 3347 ι
2173 3316 2335 3369 super
2364 3315 2580 3354 omnem
2612 3299 2946 3369 impietatem
2976 3306 3029 3353 et
3076 3296 3386 3366 injustitiam
3423 3296 3705 3351 hominum

2114 3410 2134 3438 α
2170 3403 2359 3443 eorum
2401 3387 2493 3458 qui
2524 3388 2809 3441 veritatem
2858 3386 2956 3440 Dei
3000 3386 3054 3438 in
3102 3384 3353 3453 injustitia
3410 3383 3699 3438 detinent:

2114 3497 2136 3526 α
2181 3476 2306 3547 quia
2339 3475 2484 3545 quod
2514 3483 2701 3530 notum
2731 3483 2810 3529 est
2837 3474 2907 3529 5
2937 3473 3055 3538 Dei,
3077 3471 3423 3526 manifestum
3451 3479 3531 3526 est
3561 3471 3613 3525 in
3635 3470 3703 3525 il-

2114 3586 2135 3611 η
2178 3563 2265 3617 lis.
2299 3564 2446 3617 Deus
2477 3562 2621 3616 enim
2651 3562 2758 3615 illis
2806 3560 3082 3616 revelavit.
3120 3559 3419 3614 Invisibilia
3450 3560 3593 3614 enim
3620 3558 3703 3629 ip-

2118 3673 2137 3704 «
2171 3651 2285 3705 sius
2315 3666 2347 3704 a
2368 3657 2622 3706 creatura
2652 3649 2837 3703 mundi
2868 3665 2967 3719 per
2997 3664 3063 3703 ea
3094 3665 3214 3719 quae
3230 3647 3370 3703 facta
3394 3655 3518 3702 sunt
3547 3646 3706 3701 intel-

2115 3762 2136 3787 ιι
2173 3739 2314 3794 lecta
2343 3737 2764 3808 conspiciuntur,
2815 3737 3148 3807 sempiterna
3177 3752 3391 3807 quoque
3440 3736 3558 3804 ejus
3587 3735 3704 3789 vir-

2117 3849 2139 3877 ι
2174 3834 2261 3881 tus
2291 3826 2637 3891 etdivinitas,
2661 3827 2732 3880 ita
2762 3835 2817 3881 ut
2840 3826 2945 3880 sint
2963 3824 3380 3880 inexcusabiles.
3405 3822 3546 3892 Quia
3576 3838 3702 3878 cum

2116 3939 2136 3962 α
2176 3915 2563 3988 cognovissent
2593 3917 2787 3981 Deum,
2829 3930 2937 3969 non
2969 3914 3106 3969 sicut
3153 3914 3327 3968 Deum
3356 3910 3702 3983 gloriﬁcave-

2118 4025 2139 4054 ι
2176 4012 2320 4067 runt,
2353 4012 2443 4058 aut
2479 4004 2685 4074 gratias
2728 4012 2960 4076 egerunt
2988 4018 2999 4056 :
3034 4002 3131 4058 sed
3175 4008 3511 4056 evanuerunt
3532 4000 3586 4054 in
3609 4015 3706 4056 co-

2119 4113 2140 4141 ι
2172 4093 2526 4165 gitationibus
2548 4092 2679 4159 suis,
2713 4098 2764 4146 et
2791 4091 3140 4147 obscuratum
3163 4097 3246 4144 est
3294 4089 3557 4159 insipiens
3605 4103 3705 4144 cor

2031 4212 2083 4271 D
2119 4204 2139 4228 α
2178 4196 2386 4236 eorum.
2422 4181 2695 4248 Dicentes,
2730 4180 2875 4235 enim
2898 4194 2957 4233 se
2987 4195 3110 4233 esse
3141 4178 3435 4248 sapientes,
3460 4175 3604 4231 stulti
3626 4177 3705 4229 fa-

2120 4290 2141 4318 c
2177 4270 2249 4324 cti
2280 4276 2422 4323 sunt.
2476 4268 2545 4322 Et
2612 4275 2961 4323 mutaverunt
2990 4266 3223 4339 gloriam
3279 4263 3703 4334 incorruptibilis

2119 4378 2141 4407 κ
2181 4357 2301 4423 Dei,
2334 4357 2391 4410 in
2421 4357 2828 4412 similitudinem
2846 4356 3100 4428 imaginis
3131 4353 3496 4424 corruptibilis
3524 4352 3705 4407 homi-

2118 4466 2141 4495 «
2177 4446 2282 4511 nis,
2314 4453 2367 4500 et
2397 4446 2695 4511 voluerum,
2740 4454 2794 4499 et
2825 4444 3259 4516 quadrupedum,
3285 4451 3337 4497 et
3366 4449 3701 4512 serpentum.

2117 4558 2138 4580 «
2174 4534 2403 4604 PrOpter
2420 4535 2563 4605 quod
2586 4533 2806 4589 tradidit
2826 4533 2947 4588 illos
2977 4532 3196 4588 Deusin
3216 4531 3489 4587 desideria
3519 4530 3703 4585 cordis

2120 4643 2141 4672 ι
2178 4637 2367 4677 eorum
2414 4622 2469 4676 in
2515 4622 2930 4688 immunditiam,
2985 4628 3042 4675 ut
3080 4618 3417 4675 contumeliis
3465 4616 3703 4671 afficiant

2120 4733 2141 4757 α
2174 4725 2407 4781 corpora
2434 4726 2535 4765 sua
2591 4711 2646 4764 in
2690 4710 2997 4781 semetipsis
3030 4726 3043 4762 :
3079 4708 3205 4780 quia
3235 4696 3723 4762 commutaverunt

2118 4820 2140 4849 ι
2186 4799 2465 4854 veritatem
2498 4799 2596 4853 Dei
2629 4798 2683 4853 in
2706 4798 3067 4863 mendacium,
3091 4804 3144 4851 et
3174 4795 3470 4860 coluerunt,
3504 4800 3558 4849 et
3587 4809 3705 4848 ser-

2117 4910 2138 4933 u
2176 4887 2390 4942 vierunt
2418 4896 2679 4943 creaturae
2708 4887 2886 4957 potius
2917 4902 3079 4957 quam
3097 4883 3360 4950 Creatori,
3386 4882 3479 4955 qui
3499 4890 3581 4937 est
3600 4882 3702 4936 be-

2118 4996 2140 5025 «
2175 4976 2421 5031 nedictus
2448 4976 2504 5029 in
2535 4975 2755 5031 saecula.
2791 4978 2981 5030 Amen.
3010 4976 3306 5043 Propterea
3335 4971 3554 5026 tradidit
3581 4969 3703 5025 illos

2118 5084 2140 5114 ι
2176 5065 2323 5119 Deus
2351 5065 2406 5118 in
2436 5063 2721 5135 passiones
2752 5063 3085 5135 ignominiae.
3105 5062 3243 5115 Nam
3276 5060 3488 5115 feminae
3518 5074 3703 5115 eorum

2116 5176 2136 5199 α
2174 5152 2593 5208 immutaverunt
2623 5151 2921 5206 naturalem
2966 5167 3144 5216 usum,
3178 5150 3233 5203 in
3265 5165 3387 5204 eum
3423 5164 3583 5203 usum
3612 5146 3705 5219 qui

2117 5263 2139 5292 ι
2173 5249 2258 5297 est
2288 5249 2478 5297 contra
2517 5249 2785 5296 naturam.
2838 5240 3094 5295 Similiter
3142 5246 3318 5291 autem
3352 5244 3405 5291 et
3452 5235 3699 5301 masculi,

2117 5351 2138 5380 ι
2176 5329 2361 5385 relicto
2383 5330 2612 5385 naturali
2641 5346 2741 5385 usu
2770 5328 3006 5397 feminae,
3039 5334 3361 5382 exarserunt
3391 5324 3446 5379 in
3476 5324 3702 5380 deside-

2115 5441 2135 5465 α
2172 5418 2265 5472 riis
2294 5419 2407 5473 suis
2436 5418 2491 5473 in
2534 5418 2768 5474 invicem
2798 5435 2811 5472 :
2863 5413 3089 5471 masculi
3116 5414 3172 5468 in
3220 5412 3496 5469 masculos
3526 5411 3703 5484 turpi-

2114 5527 2137 5559 ι
2172 5506 2414 5565 tudinem
2443 5514 2753 5579 operantes,
2787 5514 2840 5562 et
2882 5502 3213 5574 mercedem,
3248 5517 3411 5575 quam
3442 5499 3701 5575 oportuit,
