3960 6036
183 168 246 219 17
860 169 1238 225 EXPOSITIO
1278 170 1350 224 IN
1388 170 1765 224 EPISTOLAS
1805 169 2028 226 PAULI.
2062 202 2130 211 -—
2162 171 2236 226 IN
2274 172 2488 227 EPIST.
2532 172 2623 226 AD
2665 172 2832 227 ROM.
3428 171 3491 226 18

180 314 201 337 ι
239 292 459 346 erroris
486 292 581 348 sui
602 292 654 347 in
685 294 991 364 semetipsis
1041 294 1389 366 recipientes.
1422 296 1491 350 Et
1521 296 1658 351 sicut
1688 310 1796 349 non
1819 296 1865 354 A
1901 295 2029 349 satis
2059 296 2211 366 prius
2241 296 2417 351 mirati
2449 295 2679 363 fuerant,
2726 295 3006 349 audientes
3036 292 3261 348 Paulum
3289 292 3491 364 praedi-

182 404 201 429 .
237 381 626 450 probaverunt
658 384 832 437 Deum
854 383 1059 438 habere
1089 384 1142 437 in
1178 384 1386 449 notitia,
1421 384 1641 438 tradidit
1672 384 1794 438 illos

181 492 201 515 ει
239 470 386 523 Deus
410 470 470 522 in
505 470 798 540 reprobum
834 488 1073 535 sensum,
1107 482 1163 526 ut
1201 471 1400 526 faciant
1431 488 1496 526 ea
1536 489 1657 542 quae
1686 487 1793 525 non

183 576 202 606 ι
233 559 576 612 conveniunt
610 576 622 613 ε
655 561 892 630 repletos
922 560 1067 614 omni
1091 560 1389 631 iniquitate,
1418 561 1640 625 malitia,
1678 560 1792 615 for-

180 668 201 695 ι
236 646 546 711 nicatione,
592 648 837 715 avaritia,
889 648 1166 719 nequitia:
1201 649 1392 719 plenos
1435 649 1656 714 invidia,
1688 650 1792 703 ho-

180 754 201 782 ι
234 734 484 803 micidio,
523 737 889 805 contentione,
933 737 1080 801 dolo,
1132 737 1499 809 malignitate;
1535 754 1791 792 susurro-

190 844 208 871 ι
242 838 361 885 nes,
399 823 773 893 detractores,
809 826 923 879 Deo
952 825 1205 890 odibiles,
1234 827 1678 889 contumeliosos,
1712 843 1794 880 su-

180 930 198 957 α
235 910 467 979 perbos,
526 912 719 976 elatos,
767 912 1075 967 inventores
1123 914 1412 978 malorum,
1478 915 1792 985 parentibus

180 1022 198 1041 ιι
236 1014 342 1051 non
373 1000 725 1066 obedientes,
750 1001 1086 1071 insipientes,
1121 1002 1530 1074 incompositos,
1567 1005 1683 1058 sine
1713 1003 1791 1057 af-

182 1107 200 1133 ι
235 1085 496 1151 fectione,
555 1089 763 1160 absque
809 1089 1034 1155 foedere,
1073 1090 1189 1145 sine
1232 1091 1632 1147 misericordia.
1686 1092 1791 1159 Qui

183 1197 200 1224 ι
233 1192 354 1230 cum
378 1175 656 1243 justitiam
673 1178 774 1233 Dei
794 1179 1200 1249 cognovissent,
1233 1196 1340 1234 non
1370 1180 1749 1235 intellexerunt
1776 1198 1789 1234 :

181 1285 199 1313 ι
232 1264 491 1334 quoniam
546 1267 636 1337 qui
685 1267 809 1321 talia
858 1275 1043 1338 agunt,
1094 1268 1247 1341 digni
1278 1278 1402 1323 sunt
1431 1278 1603 1323 morte
1638 1284 1649 1323 :
1683 1285 1789 1323 non

188 1377 204 1398 ι
238 1352 413 1407 solum
444 1354 546 1424 qui
581 1370 642 1409 ea
671 1355 896 1421 faciunt,
946 1357 1045 1412 sed
1097 1358 1261 1412 etiam
1309 1358 1399 1429 qui
1448 1358 1793 1413 consentiunt

184 1463 201 1487 α
234 1440 585 1497 facientibus.
627 1467 648 1490 υ

826 1548 1145 1588 EXPOSITIO.

1896 392 2109 438 cantem
2140 386 2412 457 gentibus,
2439 401 2599 457 quem
2621 400 2896 455 nunquam
2919 382 3182 447 viderant,
3200 382 3495 436 dederunt-

1897 489 1999 543 que
2022 474 2189 527 Paulo
2206 482 2256 528 et
2278 474 2538 528 Barnabm
2559 474 2776 528 dextras
2798 472 3070 527 societatis
3092 472 3305 541 (Galat.
3330 485 3388 535 ll,
3414 473 3489 539 9),

1895 562 2258 631 approbantes
2305 563 2608 617 doctrinam
2667 578 2871 629 eorum,
2905 577 3073 631 seque
3116 560 3258 613 idem
3290 558 3493 629 pracdi-

1894 665 2020 703 carc
2051 651 2293 705 dicentes
2326 669 2338 705 :
2366 653 2487 705 Non
2516 652 2661 722 quod
2699 650 2923 705 Paulum
2955 656 3340 704 consecrarent
3364 663 3496 718 apo-

1894 738 2111 803 stolum,
2147 756 2307 809 quem
2336 740 2451 810 ipse
2484 742 2627 794 Deus
2670 747 3100 807 consecraverat,
3134 738 3231 792 sed
3259 752 3495 792 concor-

1893 826 2085 882 dantes
2114 828 2414 883 doctrinam
2446 829 2583 897 ejus,
2617 836 2671 881 ut
2701 828 2757 881 hi
2809 828 2900 899 qui
2943 844 3044 897 per
3075 842 3171 881 eos
3203 834 3490 881 converte-

1894 924 2093 981 rentur,
2128 916 2284 970 unius
2317 925 2369 971 et
2399 918 2644 985 ejusdem
2665 915 2791 970 fidei
2821 933 2878 970 se
2902 933 3024 971 esse
3055 915 3359 971 crederent.
3394 914 3492 969 Vel

1893 1012 2220 1075 segregatus
2251 1021 2281 1059 a
2310 1005 2467 1077 lege;
2503 1005 2630 1076 quia
2660 1020 2780 1061 cum
2810 1021 2914 1077 ego
2946 1005 3250 1074 pharisaeus
3276 1046 3289 1070 ,
3323 1003 3377 1057 id
3410 1012 3492 1058 est

1892 1100 2092 1157 custos,
2127 1101 2179 1147 et
2212 1094 2277 1147 de
2308 1093 2598 1164 praecipuis
2641 1093 2693 1147 in
2740 1093 2861 1165 lege
2892 1108 3090 1157 essem,
3127 1100 3180 1146 et
3208 1107 3412 1164 genere
3442 1099 3495 1146 et

1892 1180 2131 1245 scientia,
2166 1182 2358 1236 videns
2388 1198 2503 1237 eam
2536 1198 2644 1237 non
2682 1182 2860 1237 valere
2890 1182 2957 1236 ad
2990 1182 3364 1247 salvationem,
3398 1196 3491 1235 se-

1890 1269 2074 1338 paravi
2106 1286 2191 1324 me
2213 1270 2280 1323 ab
2302 1285 2384 1324 ea.
2412 1270 2548 1339 Quia
2568 1270 2612 1324 si
2642 1287 2746 1342 ego
2768 1270 2857 1341 qui
2877 1277 3059 1324 tantus
3089 1285 3237 1324 eram
3259 1268 3311 1322 in
3344 1268 3486 1339 lege,

1891 1356 2071 1427 legem
2102 1358 2339 1424 deserui,
2374 1366 2576 1430 quanto
2597 1358 2773 1431 magis
2800 1374 2897 1413 vos
2928 1358 2995 1412 ab
3013 1373 3077 1413 ea
3108 1357 3362 1414 recedere
3395 1357 3490 1411 de-

1891 1444 2049 1512 betis,
2086 1447 2176 1517 qui
2210 1447 2374 1519 longe
2395 1463 2482 1501 me
2505 1446 2791 1501 inferiores
2810 1448 2942 1501 estis
2968 1448 2995 1501 ?
3016 1448 3144 1501 Haec
3166 1445 3350 1500 ultima
3373 1462 3493 1500 sen-

1889 1534 2057 1588 tentia
2079 1542 2286 1605 spectat
2307 1535 2377 1589 ad
2397 1536 2615 1590 Judazos
2637 1543 2863 1601 tantum,
2894 1536 3042 1606 prior
3063 1550 3193 1589 vero
3213 1535 3283 1589 ad
3314 1543 3491 1589 utros-

248 1637 396 1692 Sicut
428 1653 558 1691 mos
594 1646 677 1692 est
705 1639 758 1692 in
800 1640 1078 1710 Epistolis,
1111 1640 1340 1696 salutem
1373 1640 1663 1711 praemittit,
1701 1640 1787 1696 di-
1816 1654 1867 1714 Β
1892 1639 2016 1693 que-
2071 1624 2362 1714 Ηυρυδεψβ
2411 1624 2809 1679 commendavit
2850 1623 3133 1714 propriam
3174 1639 3486 1714 personam.

186 1741 303 1780 cens
333 1743 346 1778 :
383 1725 592 1779 Paulus
624 1728 715 1797 qui
764 1729 914 1798 prius
946 1729 1142 1783 Saulus
1174 1746 1200 1783 a
1236 1729 1397 1784 Saule
1420 1738 1471 1785 et
1501 1746 1696 1802 genus,
1729 1737 1781 1785 et

188 1830 393 1879 nomen,
428 1823 484 1869 et
504 1816 769 1870 saevitiam
801 1825 1053 1871 traxerat.
1082 1818 1195 1873 Hoc
1225 1826 1404 1873 autem
1427 1834 1623 1873 nomen
1645 1821 1779 1873 Pau-

188 1910 290 1966 tus,
340 1904 582 1958 Hebraea
619 1904 807 1976 lingua
854 1914 1011 1960 sonat
1054 1906 1285 1977 quietus.
1337 1908 1491 1963 Unde
1522 1908 1660 1962 sicut
1708 1921 1780 1962 ex

187 1992 514 2057 auctoritate,
552 1994 681 2064 quia
709 1995 813 2049 hoc
860 2010 1058 2049 nomen
1102 1996 1247 2066 apud
1278 2012 1470 2049 omnes
1508 2004 1691 2050 notum
1726 2005 1780 2051 et

185 2080 491 2135 honorabile
524 2090 661 2144 erat,
684 2083 762 2137 sic
790 2082 949 2137 etiam
972 2100 1036 2138 ex
1060 2085 1374 2139 auctoritate
1406 2101 1500 2138 sua
1531 2084 1674 2139 valet
1704 2086 1779 2139 ad

188 2169 553 2223 intentionem.
607 2171 707 2225 Hic
745 2171 889 2225 enim
939 2172 1135 2226 Paulus
1165 2180 1221 2226 ut
1268 2174 1478 2244 quietos
1520 2182 1573 2227 et
1622 2182 1793 2227 tran->

184 2256 366 2326 quillos
396 2258 541 2313 inter
590 2275 651 2313 se
708 2260 959 2315 redderet
1008 2261 1284 2316 Romanos
1314 2262 1575 2328 intendit;
1608 2262 1693 2317 vel
1733 2262 1779 2316 si

186 2346 361 2399 Paulus
394 2347 591 2401 Latine
624 2347 851 2411 dicatur,
915 2350 1065 2419 quasi
1111 2350 1376 2419 modicus,
1410 2350 1603 2404 iterum
1637 2351 1774 2405 bene

188 2434 245 2486 ad
275 2450 407 2488 rem.
443 2435 547 2490 Hic
578 2435 723 2490 enim
768 2436 967 2492 laborat
998 2446 1056 2491 ut
1103 2438 1393 2504 Romanos,
1446 2439 1690 2494 modicos
1727 2447 1779 2494 et

187 2522 401 2577 humiles
430 2540 535 2594 per
568 2524 852 2595 epistolam
870 2526 1132 2592 redditos,
1167 2527 1407 2596 subjiciat
1440 2527 1625 2600 gratiae
1654 2528 1774 2583 Dei.

192 2612 409 2677 Paulus,
438 2612 687 2684 inquam,
715 2630 905 2669 servus
936 2614 1145 2670 Christi
1174 2618 1323 2671 Iesu.
1355 2616 1489 2684 Quia
1525 2617 1777 2671 omnibus

190 2699 349 2752 modis
373 2702 438 2754 ad
472 2702 829 2757 humilitatem
883 2704 1217 2757 suadendam
1257 2704 1345 2759 hic
1374 2704 1618 2772 intendit,
1653 2705 1775 2759 ideo

186 2788 370 2842 nomini
398 2789 703 2861 dignitatis,
739 2806 935 2845 nomen
979 2791 1271 2861 praeposuit
1316 2793 1649 2847 humilitatis.
1686 2794 1776 2848 Di-

188 2889 301 2930 ccns
330 2895 343 2929 :
381 2878 585 2932 Paulus
614 2895 805 2933 servus
837 2879 1033 2934 Christi
1080 2881 1207 2935 Jcsu
1256 2881 1405 2951 regis
1433 2890 1484 2935 et
1515 2882 1774 2937 sacerdo-

188 2963 260 3027 tis,
292 2965 376 3034 qui
408 2966 564 3020 solus
594 2984 788 3037 regere
819 2968 976 3035 valet,
1010 2976 1174 3040 atque
1214 2969 1521 3039 vespertino
1554 2986 1652 3025 suo
1682 2987 1773 3023 sa-

188 3050 367 3107 criﬁcio
395 3055 634 3109 salvare.
663 3055 864 3109 Servus
892 3056 1051 3110 etiam
1080 3059 1227 3121 Jesu,
1260 3057 1313 3111 id
1332 3066 1411 3112 est
1443 3058 1762 3123 Salvatoris,

190 3149 364 3207 praeter
392 3160 557 3213 quem
582 3159 743 3198 nemo
765 3144 974 3199 salvare
1002 3144 1196 3199 sufﬁcit
1230 3161 1241 3197 :
1278 3146 1356 3200 sic
1386 3154 1438 3200 et
1464 3162 1561 3201 vos
1592 3164 1769 3201 exem-

192 3226 266 3295 plo
292 3245 408 3283 meo
436 3231 573 3284 nihil
607 3232 675 3286 de
705 3232 859 3285 vobis
896 3232 1195 3297 contidatis,
1234 3234 1331 3287 sed
1361 3234 1574 3304 penitus
1604 3235 1769 3303 subji-

190 3316 376 3371 ciamiui
397 3320 790 3374 servitutiJesu
817 3320 1034 3374 Christi.
1061 3321 1277 3388 Paulus,
1301 3321 1542 3392 inquam,
1577 3340 1769 3379 servus

188 3404 356 3460 Christi
384 3408 535 3474 Jesu,
556 3413 780 3464 vocatus
803 3426 903 3479 per
925 3410 1157 3479 gratiam
1184 3411 1300 3475 Dei,
1335 3426 1440 3465 non
1472 3412 1661 3466 merito
1693 3413 1769 3466 le-

191 3493 262 3563 gis
288 3495 366 3549 vel
393 3497 637 3567 generis,
670 3496 765 3552 sed
790 3512 888 3568 per
910 3498 1081 3552 solam
1105 3499 1360 3570 gratiam,
1392 3500 1458 3553 ad
1490 3501 1594 3556 hoc
1618 3508 1671 3554 ut
1703 3501 1768 3556 sit

190 3586 467 3652 apostolus,
502 3585 660 3653 cujus
702 3586 1011 3641 auctoritati
1057 3603 1155 3642 vos
1181 3588 1403 3642 obedire
1434 3589 1632 3643 bonum
1665 3598 1764 3644 est.

194 3668 276 3723 Vel
302 3672 489 3727 Paulus
542 3675 841 3744 apostolus,
904 3691 1011 3729 non
1050 3675 1106 3728 in
1137 3676 1371 3741 occulto,
1423 3677 1519 3731 sed
1550 3687 1769 3732 vocatus

189 3757 246 3810 ab
272 3762 533 3829 omnibus,
570 3763 695 3833 quia
716 3764 826 3831 jam
857 3779 1049 3817 omnes
1077 3773 1452 3835 cognoverunt
1481 3782 1566 3820 me
1597 3783 1625 3818 a
1655 3768 1769 3821 Deo

192 3859 537 3904 consecratum
571 3851 896 3920 apostolum,
944 3853 1086 3906 unde
1118 3852 1295 3925 magis
1340 3853 1468 3907 mihi
1500 3855 1767 3908 obedien-

192 3934 300 3988 dum
328 3946 423 3991 est.
453 3938 587 4007 Quae
619 3947 846 4010 utraque
895 3941 1164 3995 sententia
1210 3941 1352 3995 valet
1384 3941 1451 3996 ad
1483 3951 1770 4014 utrumque

196 4024 445 4092 pupulum,
478 4028 725 4083 Judaeum
758 4044 850 4082 seu
875 4029 1132 4099 gentilem
1163 4031 1652 4100 comprimendum.
1678 4032 1769 4086 Di-

197 4113 345 4165 versis
372 4116 545 4169 modis
578 4116 892 4171 vocationes
914 4118 1012 4172 Dei
1045 4116 1196 4172 fiunt.
1231 4118 1328 4172 Hic
1358 4126 1539 4173 autem
1570 4120 1770 4176 Paulus

194 4209 383 4255 vocatus
412 4212 511 4269 est,
548 4213 601 4259 et
651 4223 749 4275 per
795 4204 1139 4261 aﬂlictionem
1186 4207 1431 4277 corporis
1498 4208 1767 4273 exterius;

198 4296 238 4339 et
263 4305 349 4357 per
374 4308 560 4349 vocem
592 4294 790 4348 Christi
821 4294 1052 4349 dicentis
1085 4313 1097 4348 :
1129 4296 1329 4359 Saule,
1366 4297 1499 4367 quid
1526 4314 1614 4351 me
1633 4314 1764 4368 per-

1889 1719 1998 1765 tum
2029 1728 2129 1781 per
2160 1713 2529 1777 humilitatem,
2568 1721 2679 1766 tum
2710 1730 2809 1783 per
2846 1713 3238 1767 auctoritatem.
3274 1712 3371 1766 Hic
3400 1711 3489 1766 in-

1883 1799 2010 1871 cipit
2080 1801 2459 1855 commendare
2504 1801 2943 1871 praedicationem
3010 1816 3185 1869 suam,
3245 1800 3483 1855 dicens:

1883 1888 2235 1960 Segregatus,
2283 1888 2525 1958 inquam,
2580 1904 2676 1943 seu
2708 1905 2740 1943 a
2769 1888 2909 1959 lege,
2963 1904 3058 1942 seu
3107 1888 3174 1941 ab
3226 1889 3489 1959 apostolis

1880 1976 2017 2041 aliis,
2055 1976 2281 2031 veniens
2303 1978 2363 2030 in
2386 1978 2753 2047 Evangelium
2776 1977 3201 2047 praedicandum.
3234 1979 3486 2049 Evange-

1879 2064 2009 2118 lium
2043 2065 2244 2119 bonum
2298 2066 2540 2119 nuntium
2571 2065 2784 2133 dicitur,
2837 2065 3191 2136 Evangelium
3222 2065 3343 2121 dico
3367 2067 3482 2123 Dei.

1877 2154 2030 2208 Nova
2063 2152 2145 2208 lex
2168 2154 2267 2208 Dei
2295 2153 2603 2223 specialiter
2623 2170 2746 2208 esse
2768 2154 2984 2219 dicitur,
3011 2154 3101 2225 qui
3132 2170 3240 2209 non
3258 2170 3357 2225 per
3386 2154 3487 2208 mi-

1877 2241 2124 2307 nistrum,
2158 2242 2254 2295 sed
2305 2258 2422 2297 eam
2468 2258 2567 2311 per
2612 2241 2883 2312 propriam
2931 2258 3224 2313 personam
3271 2242 3479 2299 docuit.

1879 2331 2045 2385 Vetus
2076 2338 2253 2384 autem
2287 2331 2370 2385 lex
2404 2347 2498 2401 per
2528 2330 2783 2402 angelum
2815 2332 2937 2385 data
2967 2340 3050 2387 est
3079 2332 3270 2402 Moysi,
3304 2340 3356 2387 et
3385 2348 3487 2403 per

1878 2419 2100 2489 Moysen
2132 2419 2257 2474 data
2289 2426 2369 2473 est
2400 2420 2639 2485 Judaus;
2687 2436 2857 2492 quare
2896 2435 3003 2475 non
3034 2421 3103 2475 ita
3148 2420 3365 2491 proprie
3393 2421 3483 2475 di-

1877 2507 2013 2562 citur
2035 2523 2156 2561 esse
2180 2506 2297 2571 Dei,
2318 2507 2461 2580 quod
2477 2508 2857 2579 Evangelium,
2883 2513 3018 2565 ante
3045 2525 3206 2580 quam
3237 2509 3480 2577 daretur,

1874 2596 2215 2668 promiserat
2244 2597 2411 2661 Deus,
2443 2604 2501 2650 ut
2522 2596 2613 2651 ille
2642 2597 2733 2668 qui
2764 2598 2990 2651 daturus
3008 2606 3141 2652 erat.
3170 2598 3483 2653 Promittere

1876 2683 2019 2738 enim
2060 2684 2309 2739 convenit
2343 2685 2411 2749 ei,
2447 2685 2539 2756 qui
2588 2702 2702 2740 rem
2750 2685 3076 2755 promissam
3121 2687 3348 2741 daturus
3378 2694 3481 2741 est.

1876 2772 2031 2828 Unde
2050 2773 2195 2827 Deus
2216 2773 2433 2844 quidem
2455 2774 2703 2844 promisit
2727 2793 2741 2840 ;
2764 2776 3042 2845 prOphctm
3062 2791 3196 2829 vero
3216 2775 3363 2830 velut
3378 2775 3484 2829 mi-

1876 2861 2048 2926 nistri,
2083 2878 2182 2917 nec
2204 2862 2338 2916 dare
2355 2870 2623 2933 potentes,
2660 2863 3044 2933 praedixerunt.
3079 2864 3137 2917 In
3166 2865 3271 2919 hoc
3300 2871 3483 2919 autem

1876 2950 2019 3020 quod
2053 2950 2126 3004 ait
2156 2952 2329 3005 Deum
2360 2952 2464 3005 hoc
2496 2952 2816 3021 promisisse
2844 2952 2910 3005 ab
2941 2960 3164 3018 mterno,
3192 2961 3343 3007 notat
3371 2969 3481 3008 ma-

1870 3055 2033 3109 gnam
2067 3038 2403 3109 diligentiam
2436 3040 2533 3094 Dei
2565 3039 2733 3095 fuisse
2766 3040 2820 3094 in
2848 3041 2953 3096 hoc
2982 3041 3299 3112 Evangelio,
3334 3042 3481 3113 quod

1872 3135 1997 3181 ante
2028 3127 2354 3197 promiserat
2380 3145 2482 3199 per
2500 3128 2819 3200 prophetas,
2855 3129 2908 3182 id
2934 3136 3013 3183 est
3034 3146 3131 3198 per
3145 3146 3239 3184 eos
3272 3130 3362 3201 qui
3392 3130 3475 3184 fu-

1871 3224 1991 3270 tura
2022 3216 2410 3285 praeviderunt.
2448 3217 2514 3270 Et
2549 3217 2671 3288 quia
2701 3216 2917 3271 fuerunt
2940 3218 3155 3289 quidam
3184 3219 3478 3288 pythonico

1870 3303 2057 3373 spiritu
2105 3303 2273 3358 futura
2318 3305 2694 3374 praedicentes,
2745 3305 2961 3375 quidam
3013 3305 3173 3361 etiam
3223 3307 3478 3363 divinitus

1868 3390 2113 3462 inspirati
2164 3394 2564 3463 pr0phetantes,
2617 3402 2674 3447 ut
2721 3394 2958 3460 Balaam,
2994 3411 3095 3451 nec
3143 3403 3323 3450 tamen
3355 3396 3477 3451 ofﬁ—

1869 3481 2011 3534 cium
2078 3482 2182 3536 hoc
2212 3496 2245 3534 a
2292 3483 2405 3535 Deo
2445 3481 2728 3545 habentes,
2789 3482 3113 3537 determinat
3178 3485 3471 3553 prophetas

1869 3584 2016 3635 suos,
2051 3569 2142 3639 qui
2186 3578 2233 3623 et
2294 3568 2571 3625 scientiam
2626 3570 2942 3635 futurorum,
3006 3579 3057 3626 et
3111 3571 3471 3626 ministerium

1868 3658 2230 3727 prophetandi
2261 3673 2293 3712 a
2322 3658 2437 3713 Deo
2468 3667 2814 3729 acceperunt.
2848 3661 2914 3714 Et
2944 3667 2998 3713 ut
3046 3660 3161 3714 hinc
3192 3661 3471 3731 prophetia

1868 3754 2129 3815 perpetuo
2144 3755 2410 3814 maneret,
2432 3747 2694 3817 promissa
2718 3756 2798 3801 est
2819 3750 2881 3803 in
2907 3748 3217 3820 Scripturis
3230 3751 3467 3816 sanctis,

1869 3833 1923 3886 id
1963 3842 2044 3889 est
2074 3835 2159 3888 vel
2186 3852 2286 3904 per
2318 3835 2573 3905 bpiritum
2619 3844 2864 3891 sanctum
2897 3836 3075 3901 editis,
3120 3836 3204 3891 vel
3236 3836 3470 3892 sanctifi-

1869 3922 2117 3976 cantibus
2149 3939 2244 3977 eos
2274 3924 2384 3994 qui,
2419 3923 2555 3978 sicut
2585 3924 2874 3993 Scriptura}
2902 3925 3117 3989 docent,
3151 3933 3466 3995 operantur.

1870 4010 1966 4065 Hic
1996 4010 2304 4080 ingreditur
2335 4012 2865 4066 commendationem
2888 4012 3103 4079 Christi,
3138 4028 3169 4066 a
3191 4029 3297 4083 quo
3326 4030 3470 4083 prae-

1869 4098 2037 4153 missa
2058 4099 2545 4163 commendatione,
2579 4102 2693 4169 ejus
2718 4117 2775 4155 se
2800 4101 3078 4170 accepisse
3109 4102 3467 4170 apostolatum

1868 4187 1997 4242 dicit
2040 4204 2050 4240 :
2084 4186 2387 4257 Scripturis,
2421 4188 2563 4254 dico,
2590 4189 2786 4242 habitis
2817 4190 2882 4243 de
2904 4190 3063 4244 Filio.
3099 4189 3291 4244 Omnis
3321 4190 3465 4245 enim

1870 4275 2169 4344 Scriptura,
2203 4276 2303 4329 etsi
2335 4276 2403 4329 de
2436 4277 2591 4329 Patre
2625 4292 2720 4331 seu
2749 4276 2817 4332 de
2850 4277 3048 4346 Spiritu
3096 4287 3285 4333 sancto
3316 4287 3461 4351 agat,

196 4381 450 4447 sequeris?
476 4383 623 4451 (Act.
660 4398 737 4447 ix,
774 4384 852 4453 4.)
882 4383 1194 4437 etinteriori
1224 4364 1592 4454 inspiratione.
1630 4364 1766 4439 Pau-

1876 4364 2140 4433 praecipue
2172 4365 2239 4419 de
2270 4364 2402 4417 Filio
2433 4364 2647 4418 videtur
2678 4380 2860 4436 agere,
2886 4365 3013 4435 quia
3044 4381 3379 4437 quaecunque
3411 4368 3467 4420 in

198 4461 267 4516 ius
295 4466 369 4522 hic
396 4476 733 4542 segregatus,
788 4487 894 4526 non
951 4472 1277 4527 determinat
1311 4488 1342 4526 a
1391 4489 1520 4543 quo,
1570 4474 1665 4527 sed
1713 4474 1764 4526 in

198 4552 321 4620 quid,
347 4558 544 4614 scilicet
574 4562 636 4614 in
670 4561 1057 4629 Emmgclium.
1104 4560 1459 4631 Segregatus,
1515 4561 1757 4631 inquam,

202 4640 271 4693 vel
295 4643 354 4695 ab
381 4646 491 4701 aliis
522 4647 820 4717 apostolis;
852 4646 979 4719 quia
1010 4648 1087 4701 illi
1119 4648 1393 4703 constituti
1412 4657 1535 4702 sunt
1566 4648 1757 4718 praedi-

203 4736 384 4785 catores
411 4735 736 4802 Iudaeorum,
781 4751 887 4807 ego
919 4743 1100 4791 autem
1151 4736 1415 4809 gentium.
1450 4737 1584 4791 Cum
1614 4737 1760 4791 enim

204 4813 369 4872 Paulus
396 4823 461 4876 ad
487 4822 650 4877 ﬁdem
683 4839 999 4883 conversus.
1034 4824 1329 4880 instructus
1361 4833 1506 4878 esset
1536 4841 1632 4895 per
1654 4825 1757 4878 ali-

201 4913 307 4969 quot
326 4906 429 4962 dies
457 4928 484 4963 a
512 4912 792 4982 discipulis
808 4913 898 4983 qui
919 4912 1335 4967 erantDamasci
1357 4912 1503 4982 (Act.
1529 4928 1607 4977 ix,
1641 4914 1752 4978 27),

201 4993 417 5051 continuo
435 4999 499 5053 de
526 5000 739 5055 Christo
757 5000 810 5053 in
824 5002 1115 5073 Synagoga
1144 5002 1340 5056 docere
1372 5000 1551 5070 coepit,
1587 5017 1753 5071 quare

199 5085 477 5149 praepositus
508 5088 759 5143 Damasci
789 5089 953 5142 voluit
983 5106 1105 5143 eum
1138 5090 1622 5159 comprehendere,
1655 5090 1750 5143 sed

201 5166 461 5229 afratribus
481 5176 554 5231 6
586 5194 685 5247 per
715 5194 927 5231 murum
966 5178 1235 5232 demissus
1266 5186 1348 5231 est
1376 5178 1429 5231 in
1463 5186 1663 5248 sporta,
1699 5187 1751 5232 et

202 5252 262 5308 sic
287 5263 436 5315 avasit
463 5281 651 5319 manus
668 5266 803 5334 ejus,
830 5275 890 5337 get
912 5266 1036 5320 inde
1057 5266 1187 5320 abiit
1218 5267 1271 5319 in
1300 5266 1573 5330 Arabiam,
1606 5283 1743 5336 pra:-

202 5340 352 5401 dicans
380 5350 443 5405 ibi
472 5354 723 5424 gentibus
753 5355 924 5408 tribus
972 5356 1148 5421 annis,
1180 5363 1304 5426 post
1334 5372 1469 5426 quos
1503 5356 1661 5409 rediit
1690 5356 1743 5409 in

205 5428 509 5507 Hierusalem,
539 5442 720 5517 ibique
751 5442 955 5500 invenit
996 5445 1214 5499 Petrum
1252 5451 1303 5500 et
1330 5444 1614 5512 Iacobum,
1651 5444 1743 5518 qui

1872 4452 2161 4522 Scripturis
2209 4452 2467 4522 praedicta
2516 4452 2687 4519 fuere,
2721 4468 2819 4523 per
2865 4452 3055 4507 Filium
3089 4463 3467 4511 consummata

1867 4548 2007 4594 sunt.
2045 4542 2120 4595 De
2152 4540 2303 4606 Filio,
2339 4540 2480 4605 dico,
2515 4557 2624 4595 non
2654 4542 2927 4611 adoptivo,
2988 4543 3085 4597 sed
3142 4561 3260 4609 suo,
3294 4544 3349 4598 id
3378 4553 3461 4599 est

1864 4628 2307 4683 consubstantiali
2338 4629 2441 4698 ipsi
2490 4637 2544 4682 et
2592 4638 2883 4684 coeeterno.
2937 4631 3041 4697 Qui
3088 4631 3255 4686 Filius
3284 4632 3461 4688 factus

1862 4720 1963 4783 est,
2000 4716 2054 4770 id
2085 4724 2165 4771 est
2196 4716 2458 4771 facturam
2491 4717 2781 4787 quamdam
2814 4719 3041 4788 accepit.

1930 4822 2147 4878 Diceret
2178 4821 2372 4892 aliquis
2404 4839 2415 4876 :
2454 4821 2597 4890 Quid
2644 4824 2746 4877 hoc
2787 4831 2867 4878 est
2899 4824 3167 4891 miraculi,
3211 4834 3264 4879 ut
3295 4826 3459 4881 Filius

1857 4926 1977 4965 cum
2010 4912 2169 4965 Patre
2200 4910 2559 4981 sempiternus
2590 4911 2763 4966 factus
2804 4912 2871 4965 sit
2904 4912 2955 4966 in
2991 4921 3232 4984 tempore
3254 4916 3282 4969 ?
3313 4916 3460 4971 Con-

1856 5006 1933 5053 tra
1961 5000 2062 5053 hoc
2094 4999 2167 5053 ait
2201 4999 2423 5053 :Factus
2446 5008 2527 5053 est
2548 5000 2691 5066 dico,
2727 5016 2834 5055 non
2857 5002 3151 5056 secundum
3173 5003 3456 5069 Deitatem,

1853 5087 2275 5143 sedsecundum
2300 5105 2551 5152 carnem,
2588 5089 2818 5160 quamin
2845 5106 2903 5144 se
2926 5090 3121 5145 Deitati
3151 5092 3458 5161 personali-

1851 5183 1931 5230 ter
1949 5176 2117 5231 univit
2139 5176 2189 5229 in
2214 5185 2473 5247 tempore.
2500 5178 2733 5232 Carnem
2752 5178 2894 5244 dico,
2918 5188 3253 5250 assumptum
3276 5197 3350 5235 ea:
3370 5197 3455 5235 se-

1848 5267 2020 5329 mine,
2057 5264 2108 5318 id
2141 5273 2221 5319 est
2252 5282 2317 5319 ex
2339 5266 2688 5321 carneDavid
2711 5288 2729 5335 ;
2754 5268 3053 5322 secundum
3071 5284 3246 5339 genus
3265 5268 3455 5321 matris

1847 5354 2065 5418 Christi,
2099 5353 2152 5407 in
2194 5369 2301 5425 qua
2348 5354 2609 5409 facturam
2641 5356 2816 5410 carnis
2846 5358 3071 5426 accepit.
3105 5356 3189 5419 Ei,
3224 5354 3453 5419 scilicet,

1847 5443 1981 5507 Deo,
2014 5442 2065 5497 id
2098 5451 2181 5498 est
2208 5443 2277 5498 ad
2308 5442 2795 5500 manifestationem
2817 5446 2936 5501 Dei.
2970 5444 3086 5500 Nisi
3116 5444 3259 5499 enim
3290 5444 3453 5502 Chri-
