3960 6036
421 175 484 226 19
979 170 1033 224 S.
1077 167 1429 224 BBUNONIS
1471 166 2112 223 CARTHUSIANORUM
2152 168 2633 225 INSTITUTORIS
2676 168 2826 225 OPP.
2870 170 3045 225 PARS
3086 172 3149 225 II.
3642 178 3710 230 20

328 360 330 367 γ
418 302 531 350 stus
562 308 777 350 carnem
810 301 1125 359 assumeret,
1161 307 1289 347 rara
1318 292 1403 347 vel
1443 291 1593 347 nulla
1621 291 1689 347 de
1718 293 1834 347 Deo
1864 291 2007 346 noti-
2037 289 2263 358 Aﬁdes,
2311 308 2421 347 non
2459 295 2824 364 superbiendo
2869 295 3136 366 derogare
3193 295 3379 367 gratiae
3423 297 3559 363 Dei;
3608 298 3714 353 hoc

417 382 488 437 tia
517 381 826 436 hominibus
855 390 1017 437 esset.
1052 382 1299 436 Christus
1347 381 1591 435 similiter
1620 381 1686 435 de
1722 380 2011 435 Salomone

418 487 515 527 seu
546 471 771 526 Roboan
791 479 944 525 natus
966 486 1087 526 esse
1108 470 1212 525 dici
1233 477 1420 540 posset
1439 488 1452 535 ;
1472 470 1570 524 sed
1595 469 1721 540 quia
1743 470 1811 523 ad
1832 469 2012 522 Abra-

419 561 548 614 ham
577 568 629 614 et
656 559 828 615 David
859 559 1013 614 factae
1056 566 1179 613 sunt
1209 558 1658 629 repromissiones
1680 558 1747 611 de
1778 557 2009 622 Christo,

419 648 543 703 ideo
574 648 642 702 de
671 648 843 703 altero
874 664 1082 713 eorum,
1109 647 1195 701 vel
1226 654 1454 718 utroque
1483 655 1639 701 natus
1669 662 1790 701 esse
1820 646 2013 700 dicitur

417 737 639 808 ubique.
673 736 769 791 llic
799 744 976 791 autem
1008 751 1175 793 causa
1205 744 1285 790 est
1334 750 1503 807 quare
1533 734 1685 790 sileat
1716 734 2008 801 Abraham,

420 832 470 879 et
498 832 778 895 praeponat
809 824 998 879 David.
1032 826 1132 878 Per
1157 824 1431 878 Abraham
1453 824 1595 878 enim
1609 823 1760 891 justi,
1784 823 1912 894 quia
1934 822 2015 890 ju-

420 921 535 967 stus
548 912 646 967 fuit
666 933 680 979 ;
700 929 799 984 per
818 913 992 967 David
1005 920 1323 983 peccatores
1334 911 1542 982 plerum
1552 928 1674 983 que,
1691 912 1814 982 quia
1834 911 2014 983 gravi-

313 999 317 1002 ’
416 1009 499 1057 ter
527 1001 770 1073 deliquit,
803 1001 1152 1071 accipiuntur.
1177 1000 1283 1055 Sed
1305 1000 1393 1055 hic
1413 1000 1479 1053 ad
1500 1008 1816 1070 peccatores
1835 1015 2014 1054 sermo

419 1097 548 1155 erat,
566 1090 753 1160 utique
775 1106 832 1144 se
854 1097 1172 1159 peccatores
1193 1087 1596 1153 conﬁterentur,
1623 1088 1819 1141 Paulus
1848 1087 2017 1142 inten-

419 1178 608 1243 debat;
641 1186 695 1232 et
723 1178 927 1231 idcirco
950 1177 1125 1231 David
1146 1177 1201 1230 in
1225 1177 1549 1231 memoriam
1566 1184 1910 1246 peccatorum
1929 1176 2016 1231 hic

418 1266 614 1337 posuit.
632 1265 737 1333 Qui
758 1265 1000 1321 Christus
1020 1265 1328 1335 intempore
1349 1265 1564 1336 quidem
1586 1264 1760 1319 factus
1782 1272 1895 1329 est;
1919 1264 2017 1318 sed

421 1355 488 1411 '7
523 1356 591 1409 ab
620 1362 823 1409 aeterno
851 1356 1311 1425 prcedestinatus,
1346 1354 1396 1407 id
1428 1361 1510 1408 est
1541 1352 1934 1424 praeordinatus
1962 1358 2016 1406 et

416 1444 711 1514 dispositus
742 1450 824 1497 est
848 1444 1024 1497 Filius
1073 1443 1175 1497 Dei
1222 1458 1365 1508 esse,
1419 1443 1743 1496 assumendo
1774 1456 2015 1496 carnem.

412 1533 659 1587 Christus
688 1531 810 1586 dico
838 1530 1138 1586 secundum
1169 1531 1316 1601 quod
1362 1530 1529 1584 Filius
1558 1530 1658 1584 Dei
1690 1537 1767 1583 est
1796 1545 2017 1599 perma-

408 1636 545 1675 nens
576 1622 638 1675 in
668 1622 901 1688 virtute,
926 1619 981 1673 id
1002 1630 1085 1674 est
1118 1620 1172 1673 in
1209 1620 1399 1674 eadem
1440 1618 1734 1673 divinitatis
1778 1618 2016 1688 potentia
2043 1647 2094 1706 B

410 1724 626 1779 semper
653 1724 775 1764 cum
806 1709 983 1763 Patre.
1016 1708 1132 1763 Nec
1161 1708 1460 1763 secundum
1490 1707 1757 1762 Deitatem
1795 1706 2014 1776 prazde-

410 1797 655 1864 stinatus,
703 1797 800 1851 sed
844 1796 1145 1852 secundum
1191 1796 1367 1851 solam
1411 1796 1819 1851 humanitatem.
1868 1795 2018 1850 Prae-

407 1886 687 1940 destinare
728 1884 872 1939 enim
921 1885 990 1939 de
1036 1900 1092 1939 re
1140 1899 1261 1955 quae
1288 1899 1396 1938 non
1444 1893 1526 1938 est
1571 1883 1809 1949 dicitur;
1851 1883 2017 1937 Filius

413 1981 593 2029 autem
652 1973 753 2028 Dei
800 1973 854 2027 in
903 1972 1171 2043 principio
1218 1988 1437 2042 semper
1486 1971 1603 2025 fuit.
1650 1971 1758 2026 Sed
1806 1972 1933 2042 quia
1962 1972 2016 2025 in

416 2062 629 2117 Christo
679 2062 801 2117 dua:
848 2069 1050 2116 natura:
1113 2061 1544 2126 considerantur,
1595 2059 1766 2115 altera
1809 2061 2010 2128 divina,

411 2151 580 2205 altera
635 2151 891 2216 humana,
941 2157 1159 2220 prepter
1199 2149 1481 2220 utriusque
1528 2149 1841 2203 substantiae
1869 2148 2013 2202 indi-

407 2239 580 2295 visam
614 2238 866 2309 copulam
912 2238 1109 2293 dicitur
1156 2238 1480 2309 plerumque
1527 2238 1595 2291 de
1642 2237 1825 2291 divina
1869 2237 2014 2309 quod

406 2328 684 2399 proprium
716 2335 799 2382 est
827 2330 1077 2382 humanae
1108 2345 1121 2381 :
1155 2335 1213 2381 ut
1259 2327 1365 2393 hic,
1415 2326 1508 2380 ubi
1554 2325 1747 2381 dicitur
1793 2327 2011 2397 praede-

410 2417 636 2471 stinatus
691 2416 875 2482 Filius,
923 2416 1070 2487 quod
1112 2416 1167 2469 in
1214 2423 1410 2468 natura
1466 2414 1693 2469 Deitatis
1748 2430 1870 2469 esse
1916 2432 2011 2469 ne-

411 2506 565 2577 quit;
599 2520 660 2560 ea
692 2504 1041 2559 similitudine
1087 2520 1211 2576 qua,
1262 2502 1667 2559 considerantes
1696 2502 1750 2556 in
1792 2504 2010 2558 homine

413 2608 613 2664 corpus
658 2601 711 2647 et
759 2593 1015 2659 animam,
1068 2592 1385 2663 plerumque
1430 2600 1652 2664 prOpter
1698 2591 2008 2645 affinitatem

410 2681 597 2737 dicunt
642 2682 712 2736 de
756 2681 933 2736 anima
978 2682 1121 2753 quod
1187 2682 1462 2752 proprium
1522 2689 1603 2736 est
1650 2680 1904 2751 corpori,
1957 2688 2008 2734 et

412 2785 714 2825 econverso
749 2785 761 2824 :
794 2769 940 2840 quod
977 2784 1152 2842 genus
1192 2769 1405 2825 dicendi
1435 2770 1490 2823 in
1521 2769 1731 2825 Christo
1780 2785 2006 2839 expres-

411 2859 522 2913 sius
578 2858 850 2928 convenit,
883 2874 1010 2914 cum
1056 2858 1128 2912 ibi
1174 2860 1336 2913 homo
1384 2860 1548 2923 Deus,
1583 2867 1635 2913 et
1665 2860 1810 2913 Deus
1840 2858 2004 2911 homo

411 2947 642 3003 dicatur.
676 2948 737 3001 In
762 2947 981 3002 homine
1009 2963 1141 3003 vero
1164 2962 1362 3018 corpus
1394 2947 1651 3013 animam,
1688 2955 1739 3001 et
1769 2946 2002 3000 animam

409 3051 610 3106 corpus
639 3036 824 3091 dicere
854 3050 962 3090 non
1008 3035 1152 3091 licet.

479 3124 613 3178 Cum
643 3131 821 3179 autem
851 3123 1153 3189 referimus,
1188 3124 1267 3179 sic
1314 3124 1406 3195 qui
1447 3124 1708 3188 Christus,
1756 3131 2006 3177 neutram

404 3216 656 3263 naturam
688 3208 1045 3263 excludimus.
1079 3208 1187 3263 Sed
1220 3223 1340 3263 cum
1388 3224 1486 3278 per
1528 3216 1709 3279 partes
1749 3208 1995 3278 exsequi-

406 3313 546 3363 mur,
582 3296 726 3368 quod
773 3296 969 3351 divinae
1017 3296 1270 3352 convenit
1307 3296 1523 3362 divinae,
1568 3296 1711 3367 quod
1758 3296 2007 3350 humanm

408 3386 766 3440 attribuamus
808 3386 1075 3441 humanae.
1130 3385 1393 3455 Christus,
1441 3386 1685 3457 inquam,
1716 3385 2005 3455 praedesti-

405 3482 568 3529 natus
598 3482 682 3529 est
711 3474 827 3528 ﬁeri
856 3476 1017 3529 homo
1053 3492 1065 3528 :
1100 3489 1208 3529 non
1239 3490 1303 3528 ex
1333 3474 1772 3544 concupiscentia
1801 3474 2000 3539 carnis,

406 3563 505 3618 sed
526 3564 840 3619 secundum
864 3564 1154 3633 spiritum,
1180 3563 1234 3616 id
1252 3571 1332 3617 est
1356 3563 1424 3616 de
1447 3562 1646 3632 Spiritu
1672 3570 1859 3617 sancto
1884 3578 2009 3618 con-

406 3659 596 3722 ceptus
625 3659 725 3706 est.
763 3651 1019 3721 Spiritum
1051 3652 1174 3706 dico
1214 3652 1692 3720 sanctiﬁcationis
1713 3672 1730 3705 :
1759 3652 1849 3722 qui
1882 3668 2005 3705 eum

408 3738 763 3795 sanctiﬁcavit
808 3740 864 3793 in
919 3747 1075 3794 utero
1131 3739 1339 3806 matris,
1402 3740 1694 3794 immunem
1741 3739 1944 3794 factum
1974 3754 2005 3793 a

407 3828 667 3899 peccatis.
728 3827 866 3895 Quia
922 3828 1168 3882 Christus
1219 3827 1383 3882 Filius
1412 3828 1510 3883 Dei
1563 3829 1632 3882 sit
1679 3828 1733 3881 in
1786 3828 2001 3892 virtute,

405 3924 633 3987 apparet
653 3933 727 3972 ea:
748 3917 1166 3972 resurrectione
1195 3921 1567 3981 mortuorum,
1592 3933 1691 3987 per
1722 3918 1825 3971 hoc
1859 3916 2005 3986 quod

405 4021 700 4077 resurgens
731 4020 764 4059 a
793 4005 1039 4069 mortuis,
1065 4012 1305 4059 mortuos
1328 4004 1451 4060 fecit
1486 4021 1778 4075 resurgere
1799 4020 2003 4072 secum,

406 4094 553 4165 quod
582 4094 767 4163 utique
799 4093 1104 4147 inauditum
1134 4092 1311 4148 facere
1341 4109 1451 4147 non
1489 4102 1693 4164 posset,
1727 4093 1829 4147 nisi
1860 4094 2005 4147 Deus

407 4190 568 4237 esset.
623 4184 952 4236 Mortuorum
1006 4182 1129 4237 dico
1183 4198 1292 4237 non
1350 4182 1609 4248 omnium,
1661 4182 1757 4236 sed
1816 4197 2005 4235 eorum

406 4278 610 4325 tantum
643 4270 733 4341 qui
764 4269 977 4324 fuerunt
1008 4272 1235 4325 Domini
1256 4272 1440 4326 nostri
1460 4273 1591 4326 Iesu
1632 4269 1858 4325 Christi.
1882 4271 2004 4323 Non

2112 388 2288 434 autem
2321 382 2520 437 debere
2548 381 2685 449 ﬁeri,
2718 400 2819 454 pro
2864 384 3090 438 nomine
3122 385 3260 453 ejus,
3295 384 3346 437 id
3387 392 3467 439 est
3498 386 3561 439 ad
3586 386 3709 455 glo-

2115 469 2251 523 riam
2282 471 2516 524 nominis
2546 471 2663 525 Dei.
2698 473 2761 526 In
2806 472 3020 544 quibus,
3051 472 3103 525 id
3135 481 3216 526 est
3244 473 3382 527 inter
3410 489 3545 544 quas
3576 490 3713 545 gen—

2115 565 2211 624 tes,
2248 560 2382 614 estis
2404 575 2500 613 vos
2530 559 2778 625 Romani,
2813 569 2863 614 et
2880 560 3129 631 gentiles,
3164 561 3404 615 etJudaei
3438 564 3637 631 vocati,
3660 563 3716 617 id

2112 656 2195 700 est
2226 664 2322 717 per
2350 649 2690 703 vocationem
2721 648 2912 722 gratiae
2939 648 3058 703 Dei.
3087 650 3209 703 Non
3241 667 3305 705 ex
3322 650 3515 705 merito
3537 659 3720 706 vestro

2114 735 2181 789 ad
2213 735 2373 790 ﬁdem
2404 736 2563 793 electi
2592 738 2741 805 estis,
2761 738 3002 808 inquam,
3026 740 3156 793 Jesu
3187 738 3415 808 Christi,
3449 740 3502 793 id
3534 747 3616 794 est
3644 740 3719 794 ad

2114 824 2218 879 hoc
2246 832 2304 879 ut
2334 824 2449 879 sitis
2478 826 2608 880 Jesu
2656 826 2853 881 Christi
2879 845 2892 892 ;
2941 826 3065 897 quia
3109 826 3153 881 si
3182 827 3346 882 modo
3374 828 3544 882 Judaei
3590 827 3715 883 vel-

2113 911 2225 966 lent
2279 913 2512 982 objicere
2570 930 2629 970 se
2685 930 2793 970 non
2850 915 3051 970 debere
3108 916 3298 983 subjici
3358 916 3535 981 Paulo,
3588 932 3716 972 cum

2115 1000 2357 1071 gentium
2402 1010 2606 1057 tantum
2662 1002 2936 1073 apostolus
2976 1003 3062 1068 sit,
3105 1012 3368 1058 errarent.
3418 1005 3718 1076 Postquam

2115 1088 2259 1143 enim
2288 1089 2430 1144 inter
2458 1098 2651 1161 gentes
2680 1091 2942 1158 habitant,
2975 1092 3042 1146 de
3090 1093 3392 1159 apostolatu
3423 1092 3537 1161 ejus
3567 1102 3709 1163 sunt,

2116 1177 2270 1245 cujus
2299 1186 2350 1233 et
2379 1187 2590 1250 gentes,
2622 1186 2680 1233 ut
2710 1180 2755 1234 si
2784 1180 2945 1235 modo
2993 1180 3216 1251 quilibet
3274 1180 3593 1251 alienigenae
3623 1199 3718 1237 ve—

2116 1266 2265 1321 niant
2293 1266 2346 1320 in
2379 1267 2713 1338 episcopium
2758 1269 3006 1340 aliquod,
3058 1269 3267 1323 etiamsi
3294 1269 3508 1324 natione
3552 1270 3715 1325 alieni

2120 1365 2262 1427 sunt,
2296 1365 2516 1427 propter
2546 1357 2925 1411 habitationem
2956 1366 3136 1412 tamen
3165 1358 3615 1428 computabantur
3643 1359 3713 1413 de

2118 1447 2237 1516 ipso
2269 1447 2565 1517 episcopio.
2599 1446 2687 1501 Sic
2718 1446 2791 1499 illi
2822 1447 3014 1513 Judaei,
3046 1447 3166 1518 quia
3198 1447 3266 1500 ad
3297 1454 3487 1517 gentes
3516 1456 3711 1502 contu-

2121 1535 2292 1589 lerant
2315 1551 2393 1599 se,
2425 1534 2477 1587 in
2491 1535 2745 1606 gentibus
2770 1535 3185 1604 deputabantur.
3224 1535 3435 1601 Paulus,
3470 1536 3709 1607 inquam,

2119 1619 2241 1673 talis
2271 1626 2323 1673 et
2354 1619 2494 1684 talis,
2520 1619 2797 1689 apostolus
2825 1619 2944 1682 Dei,
2971 1619 3160 1673 scribit
3178 1620 3433 1676 omnibus
3463 1623 3557 1691 qui
3573 1626 3712 1675 sunt

2121 1709 2323 1763 Romae.
2360 1708 2427 1762 Ut
2459 1715 2638 1761 autem
2657 1706 2904 1761 inﬁdeles
2926 1707 3190 1773 excludat,
3213 1708 3394 1762 subdit
3427 1710 3713 1763 :omnibus

2122 1795 2244 1850 dico
2274 1786 2497 1851 dilectis
2528 1796 2644 1863 Dei,
2677 1795 2731 1849 id
2762 1804 2843 1849 est
2872 1812 3007 1867 quos
3038 1797 3185 1850 Deus
3234 1796 3426 1868 diligit,
3462 1806 3511 1851 et
3541 1806 3598 1851 ut
3627 1798 3712 1851 sui

2118 1882 2311 1938 ﬁerent
2340 1884 2640 1956 prmelegit.
2694 1884 2788 1937 His
2841 1884 2962 1939 dico
3020 1902 3085 1939 ex
3139 1885 3424 1940 dilectione
3455 1894 3506 1940 et
3535 1886 3712 1959 gratia

2118 1973 2218 2026 Dei
2248 1975 2455 2028 vocatis
2487 1974 2722 2039 sanctis,
2755 1972 2808 2026 id
2859 1981 2938 2026 est
2985 1974 3054 2028 ad
3102 1974 3205 2029 hoc
3251 1982 3307 2028 ut
3354 1975 3460 2028 sint
3508 1975 3709 2042 sancti,

2117 2060 2183 2114 sit
2215 2062 2360 2117 vobis
2380 2064 2586 2132 gratia,
2619 2061 2672 2114 id
2704 2068 2786 2115 est
2832 2062 3079 2117 remissio
3118 2070 3463 2132 peccatorum
3502 2073 3712 2119 vestro-

2115 2165 2269 2215 rum;
2312 2155 2371 2204 et
2394 2168 2532 2221 pax,
2568 2150 2622 2203 id
2653 2158 2734 2204 est
2765 2150 3126 2221 tranquillitas
3156 2152 3337 2218 animi,
3372 2160 3423 2207 et
3451 2170 3711 2223 perseve-

2116 2238 2285 2292 rantia
2310 2238 2365 2291 in
2394 2238 2569 2303 bonis,
2602 2256 2637 2293 a
2665 2241 2773 2294 Deo
2802 2240 2895 2310 qui
2943 2248 3139 2309 potest,
3188 2243 3361 2296 Patre
3406 2246 3620 2307 nostro,
3654 2251 3710 2297 et

2115 2326 2239 2382 ideo
2270 2326 2599 2381 voluntatem
2643 2328 2843 2394 habet;
2875 2332 2931 2383 et
2959 2345 2993 2382 a
3038 2331 3272 2385 Domino
3304 2332 3433 2385 Jesu
3465 2330 3705 2396 Christo,

2113 2415 2203 2486 qui
2233 2415 2475 2470 similiter
2505 2424 2558 2470 et
2588 2415 2699 2470 vult
2740 2424 2793 2469 et
2842 2424 3036 2486 potest.
3082 2417 3273 2471 Paulus
3329 2418 3609 2489 multiplici
3657 2429 3713 2475 et

2112 2518 2313 2574 aspera
2343 2504 2716 2574 increpatione
2748 2513 3092 2560 correcturus
3130 2507 3419 2575 Romanos,
3465 2516 3521 2561 ut
3550 2508 3710 2562 beni-

2110 2608 2217 2662 gne
2251 2594 2547 2647 sustineant
2595 2610 2789 2664 aspera
2820 2611 2941 2665 qua:
2988 2595 3231 2649 dicturus
3274 2604 3355 2650 est
3402 2596 3469 2665 ei,
3504 2613 3711 2668 eosque

2109 2680 2211 2734 sibi
2242 2681 2434 2735 reddat
2464 2681 2765 2749 benivolos,
2797 2683 3043 2752 praedicit
3084 2700 3162 2749 se,
3207 2685 3406 2755 gratias
3454 2693 3710 2755 agentem

2108 2769 2223 2823 Deo
2252 2785 2350 2839 pro
2380 2770 2536 2824 bonis
2567 2787 2688 2840 quae
2736 2772 2847 2838 jam
2904 2780 3250 2842 acceperunt,
3284 2781 3337 2827 et
3366 2773 3433 2828 de
3480 2774 3563 2827 his
3592 2791 3713 2845 quae

2106 2858 2281 2912 adhuc
2311 2860 2619 2912 necessaria
2663 2868 2787 2913 sunt
2816 2859 2923 2913 illis
2968 2861 3114 2915 omni
3162 2862 3519 2917 sollicitudine
3549 2878 3709 2917 orare

2106 2942 2299 2995 Deum.
2360 2941 2526 3009 Quasi
2576 2942 2828 2997 diceret:
2877 2944 2999 3016 Ego
3047 2945 3113 2998 de
3152 2944 3499 2999 instructione
3541 2948 3708 3000 vestri

2107 3030 2269 3083 multa
2299 3029 2540 3085 dicturus
2562 3047 2681 3084 sum
2703 3032 2878 3097 vobis,
2904 3033 2999 3086 sed
3029 3033 3263 3102 primum
3287 3032 3360 3088 8
3384 3041 3507 3087 ante
3525 3035 3709 3089 omnia

2108 3119 2288 3173 dicam
2339 3120 2485 3189 quod
2535 3120 2768 3189 amplius
2815 3121 2945 3175 mihi
2992 3128 3202 3193 gratum
3237 3130 3334 3185 est,
3385 3130 3435 3175 et
3482 3122 3551 3175 de
3598 3139 3704 3193 quo

2106 3206 2279 3277 magis
2309 3224 2427 3260 sum
2456 3208 2716 3263 sollicitus
2750 3228 2761 3262 :
2794 3211 2899 3265 hoc
2930 3209 3152 3275 scilicet,
3202 3213 3418 3281 gratias
3446 3227 3546 3279 ago
3574 3213 3704 3266 Deo.

2108 3296 2320 3351 Gratias
2350 3312 2517 3368 agere
2548 3298 2681 3363 Deo,
2716 3306 2976 3353 esttotum
3006 3300 3123 3353 Deo
3151 3299 3455 3367 attribuere,
3492 3307 3543 3353 et
3575 3299 3707 3354 nihil

2109 3384 2331 3439 homini.
2379 3386 2534 3440 Unde
2582 3385 2701 3439 ait:
2754 3386 2969 3440 Gratias
3008 3402 3113 3458 ago
3164 3389 3298 3453 Deo,
3342 3388 3397 3443 id
3452 3396 3533 3441 est
3562 3388 3705 3441 bona

2112 3490 2234 3543 quae
2257 3474 2367 3540 jam
2400 3473 2454 3525 in
2484 3473 2639 3527 vobis
2670 3474 2848 3539 video,
2881 3474 3072 3542 gratia:
3103 3475 3203 3527 Dei
3250 3476 3486 3538 ascribo,
3520 3484 3568 3530 et
3598 3490 3707 3529 non

2108 3561 2264 3615 vobis
2304 3576 2315 3613 :
2344 3562 2452 3615 Deo
2478 3548 2620 3630 ‘meo,
2648 3562 2737 3630 qui
2760 3562 2991 3631 quodam
3017 3562 3246 3632 spiritali
3264 3563 3525 3635 [speciali]
3546 3563 3710 3618 modo

2105 3665 2261 3702 meus
2280 3657 2380 3702 est.
2408 3652 2516 3705 Per
2536 3650 2725 3704 Iesum
2746 3650 3050 3717 Christum,
3073 3667 3230 3721 quem
3264 3652 3439 3706 solum
3470 3653 3707 3707 medium

2106 3738 2281 3792 habeo
2313 3738 2453 3791 inter
2480 3754 2566 3792 me
2598 3746 2649 3791 et
2680 3739 2874 3792 Deum.
2921 3741 3028 3793 Vos
3058 3748 3237 3793 autem
3269 3757 3365 3809 per
3410 3757 3495 3794 me
3526 3749 3709 3795 trans-

2105 3826 2192 3880 itis
2226 3826 2295 3880 ad
2328 3826 2619 3893 Christum,
2654 3834 2705 3881 et
2734 3843 2830 3897 per
2860 3827 3131 3881 Christum
3163 3829 3229 3881 ad
3262 3829 3453 3882 Deum.
3488 3829 3556 3882 Et
3582 3828 3707 3884 ideo

2106 3914 2311 3985 gratias
2369 3914 2490 3969 dico
2546 3931 2646 3984 per
2713 3916 3005 3970 Christum.
3067 3916 3233 3970 Vobis
3290 3924 3467 3970 autem
3516 3918 3706 3988 gratiae

2107 4002 2338 4073 agenda;
2367 4011 2489 4057 sunt
2518 4019 2618 4073 per
2650 4020 2736 4058 me
2770 4003 3007 4070 Christo,
3042 4012 3091 4058 et
3140 4004 3216 4058 sic
3246 4005 3380 4058 Deo.
3443 4004 3706 4059 Fortassis

2106 4100 2350 4160 putarent
2389 4092 2565 4160 alteri,
2600 4091 2685 4146 vel
2712 4092 2882 4146 Judaei
2932 4092 3124 4159 solum,
3160 4092 3246 4146 vel
3276 4093 3525 4162 gentiles,
3561 4095 3705 4164 quod

2106 4195 2207 4249 pro
2237 4179 2421 4233 alteris
2452 4187 2656 4233 tantum
2682 4180 2881 4250 gratias
2912 4190 3115 4252 ageret,
3150 4180 3203 4234 id
3235 4189 3316 4234 est
3345 4182 3487 4235 bona
3515 4198 3705 4236 eorum

2108 4267 2213 4321 soli
2246 4268 2432 4338 gratiae
2464 4268 2562 4322 Dei
2594 4268 2923 4335 ascriberet;
2959 4285 3025 4322 ne
3048 4285 3147 4338 per
3194 4270 3298 4323 hoc
3326 4269 3461 4323 alter
3491 4270 3545 4323 in
3575 4270 3705 4324 alte—

406 4359 551 4414 enim
581 4357 828 4413 inﬁdeles
859 4374 1043 4413 secum
1073 4375 1360 4430 resurgere
1400 4358 1547 4414 fecit.
1579 4358 1731 4414 Unde
1761 4358 2011 4413 dicuntur
2030 4351 2083 4410 D
2116 4372 2233 4409 rum
2265 4372 2323 4410 se
2353 4355 2560 4421 eﬁ‘erat,
2594 4357 2666 4409 ait
2698 4374 2710 4410 :
2742 4375 2842 4427 pro
2874 4359 3018 4411 vobis
3041 4357 3318 4418 Romanis,
3355 4374 3451 4412 seu
3474 4358 3590 4411 sitis
3610 4360 3703 4412 Ju-

400 4447 477 4501 illi
552 4446 892 4516 potissimum
962 4448 1369 4502 consurrexisse
1432 4446 1678 4511 Christo,
1732 4446 1823 4517 qui
1888 4463 2010 4501 cum

405 4535 684 4589 Abraham
716 4534 769 4587 in
826 4534 1013 4589 Ebron
1070 4535 1267 4605 sepulti
1322 4543 1463 4588 sunt.
1499 4538 1604 4589 Per
1633 4551 1796 4606 quem
1824 4535 2009 4588 Jesum

410 4623 683 4677 Christum
729 4625 1045 4693 accepimus
1089 4623 1417 4694 gratiam,id
1472 4631 1553 4676 est
1607 4622 2005 4677 remissionem.

399 4710 616 4776 Paulus,
651 4718 707 4764 ut
736 4711 927 4765 melius
949 4710 1305 4765 humilitatem
1333 4711 1578 4775 suadeat,
1612 4725 1809 4765 nomen
1839 4711 2012 4764 humi-

395 4798 561 4853 litatis
593 4799 857 4869 prznponit
888 4800 1092 4853 nomini
1122 4799 1419 4869 dignitatis.
1481 4800 1805 4869 Accepimus
1846 4800 2007 4853 etiam

399 4888 779 4959 apostolatum
799 4890 861 4942 in
880 4888 1136 4942 omnibus
1156 4888 1433 4956 gentibus.
1450 4887 1679 4957 Spiritus
1710 4887 1853 4941 enim
1874 4904 2006 4941 san-

399 4983 518 5029 ctus
548 4975 866 5045 Apostolum
895 4976 1139 5046 gentium
1167 4990 1256 5029 me
1307 4974 1600 5039 constituit,
1632 4975 1721 5029 ubi
1754 4976 1827 5030 ait
1859 4994 1871 5029 :
1906 4977 2005 5031 Se-

403 5067 627 5135 gregate
649 5063 792 5118 mihi
813 5064 1130 5118 Barnabam
1150 5067 1205 5117 et
1225 5063 1470 5117 Paulum
1490 5064 1561 5118 ad
1587 5079 1744 5134 opus,
1771 5064 1843 5118 ad
1865 5065 2006 5136 quod

406 5152 714 5222 assumpsit
747 5151 1069 5221 [assumpsi]
1102 5167 1189 5206 eos
1220 5152 1364 5218 (Act.
1398 5166 1520 5217 xui,
1550 5152 1627 5223 2).
1661 5152 2002 5222 Accepimus,

400 5238 645 5309 inquam,
679 5239 733 5291 in
764 5238 1017 5309 gentibus
1077 5239 1457 5307 apostolatum,
1512 5240 1584 5294 ad
1641 5241 2005 5295 obedicndum

402 5327 555 5397 ﬁdei,
590 5327 645 5381 id
674 5334 757 5379 est
783 5326 852 5380 ad
880 5327 984 5381 hoc
1033 5333 1089 5379 ut
1138 5326 1556 5396 praedicaremus
1588 5327 1769 5397 ﬁdem,
1804 5336 1853 5381 et
1884 5337 2004 5398 post

404 5422 688 5485 acceptam
719 5415 900 5479 ﬁdem,
934 5414 1298 5469 obediendum
1328 5432 1450 5470 esse
1480 5416 1563 5469 his
1602 5432 1721 5486 quae
1750 5417 2003 5471 admonet

2112 4444 2235 4511 diei,
2272 4461 2367 4499 seu
2396 4445 2647 4515 gentiles,
2681 4446 2935 4498 omnibus
2966 4461 3070 4516 ago
3110 4446 3335 4516 gratias,
3370 4454 3421 4499 et
3452 4447 3607 4501 bonze
3636 4446 3705 4499 ﬁ-

2111 4533 2198 4586 dei
2231 4541 2427 4587 vestrae
2448 4532 2548 4602 ipsi
2572 4534 2670 4587 soli
2692 4534 2924 4587 ascribo.
2950 4534 3283 4587 Determinat
3310 4535 3451 4588 unde
3499 4536 3705 4605 gratias

2110 4628 2255 4691 agat,
2290 4622 2523 4676 dicens:
2578 4622 2706 4675 Inde
2751 4621 2950 4692 gratias
2996 4622 3111 4675 Deo
3159 4622 3352 4685 refero,
3402 4624 3529 4692 quia
3569 4623 3705 4690 ﬁdes

2109 4712 2208 4765 Dei
2238 4712 2300 4763 in
2332 4711 2477 4765 vobis
2506 4715 2608 4764 est.
2642 4710 2709 4762 Et
2740 4717 2915 4763 vestra
2948 4708 3084 4764 ﬁdes
3106 4710 3261 4763 vobis
3280 4709 3409 4763 solis
3438 4726 3545 4763 non
3576 4728 3705 4781 pro-

2108 4796 2235 4861 ﬁcit,
2271 4798 2367 4851 sed
2415 4798 2804 4853 annuntiatur
2844 4800 2901 4852 in
2945 4799 3207 4853 universo
3236 4798 3465 4855 mundo.
3509 4799 3707 4854 Audito

2109 4886 2251 4939 enim
2283 4886 2425 4956 quod
2453 4886 2637 4940 Romae
2668 4886 2730 4937 sit
2759 4893 2977 4955 recepta
3023 4885 3159 4940 ﬁdes
3207 4886 3422 4951 Christi,
3474 4903 3594 4957 quze
3624 4896 3707 4940 est

2107 4982 2265 5043 caput
2294 4974 2459 5039 orbis,
2497 4973 2795 5042 suscipiunt
2825 4989 2943 5027 eam
2990 4974 3188 5038 casteri,
3242 4974 3501 5029 imitando
3548 4984 3707 5044 caput

2107 5078 2281 5115 suum.
2322 5063 2455 5115 Vere
2489 5061 2645 5114 bonae
2679 5070 2875 5115 vestra:
2906 5061 3028 5115 ﬁdei
3055 5063 3169 5129 jam
3218 5062 3476 5124 habitum,
3518 5063 3706 5133 gratiae

2107 5150 2205 5204 Dei
2241 5150 2394 5204 bonae
2426 5149 2669 5215 ascribo,
2704 5150 2827 5219 quia
2857 5149 2911 5201 in
2942 5150 3277 5203 orationibus
3322 5150 3457 5204 meis
3494 5167 3705 5205 memo-

2105 5238 2240 5291 riam
2273 5238 2437 5291 vestri
2483 5237 2655 5303 facio,
2716 5238 2770 5291 id
2828 5246 2909 5291 est
2938 5254 3039 5308 pro
3101 5238 3260 5291 bonis
3316 5255 3438 5308 quae
3480 5240 3709 5293 habituri

2105 5327 2235 5381 estis
2265 5328 2439 5381 Deum
2469 5342 2629 5380 orans
2660 5326 2763 5397 ipsi
2809 5334 2978 5380 totum
3017 5326 3255 5380 ascribo.
3292 5326 3349 5380 Si
3391 5327 3531 5380 enim
3567 5328 3709 5382 bona

2104 5423 2225 5485 post
2255 5414 2415 5470 ﬁdem
2446 5415 2735 5483 venientia,
2771 5414 2869 5469 Dei
2907 5414 3091 5485 gratiae
3141 5414 3498 5482 ascribuntur,
3533 5416 3708 5469 maxi-
