3960 6036
190 132 249 183 21
854 128 1232 185 EXPOSITIO
1273 130 1344 183 IN
1382 125 1762 183 EPISTOLAS
1803 126 2021 181 PAULI.
2056 158 2124 166 —
2154 128 2227 182 IN
2264 128 2485 184 EPIST.
2536 129 2627 183 AD
2668 128 2841 184 ROM.
3428 128 3496 183 22

194 269 281 307 me
309 268 415 323 pro
451 252 569 309 fide
596 253 820 325 agenda:
848 261 972 308 sunt
1002 253 1191 326 gratiae
1206 255 1341 320 Deo,
1378 269 1499 325 quae
1526 251 1801 306 hominem
1832 252 1886 311 Α
1909 249 2057 305 landi
2087 251 2211 316 sint,
2246 260 2300 306 et
2331 252 2529 306 Paulus
2558 253 2627 307 de
2675 268 2859 307 errore
2903 266 3089 306 eorum
3119 249 3369 315 doluerit,
3403 257 3494 304 ut—

198 340 265 393 de
317 340 457 394 solis
509 342 751 412 peccatis
798 342 957 396 trahit
987 342 1055 397 ad
1079 342 1362 410 justitiam.
1402 343 1469 395 Et
1499 341 1645 411 quod
1683 356 1805 393 me-

205 429 451 483 moriam
497 432 673 485 vestri
692 431 862 501 facio,
884 430 1027 485 mihi
1064 430 1228 485 testis
1264 434 1345 484 est
1370 431 1512 484 Deus
1536 450 1553 495 ;
1577 444 1737 499 quem
1762 427 1807 481 si

203 517 271 569 ad
303 515 711 571 testificandum
745 519 888 588 quod
919 517 1113 572 falsum
1160 526 1243 572 est
1272 518 1617 583 advocarem,
1653 516 1805 569 falsi-

204 604 324 658 tatis
356 620 517 659 reum
536 605 860 674 judicarem.

275 692 559 747 Fortassis
588 694 795 749 diceret
825 693 1019 766 aliquis
1052 712 1065 748 :
1099 693 1237 762 Quia
1268 695 1443 748 Deum
1483 710 1593 748 non
1624 709 1803 757 curas,

203 780 323 834 ideo
352 780 563 835 leviter
606 798 727 835 eum
768 780 917 837 falsas
966 781 1045 835 rei
1082 789 1275 837 testem
1323 782 1575 836 advocas.
1611 782 1809 835 Contra

208 869 307 923 hoc
336 868 412 921 ait
452 884 465 921 :
506 869 611 924 Cui
640 870 755 924 Deo
776 885 879 941 ego
901 871 1113 936 servio;
1144 887 1334 925 servus
1357 879 1532 924 autem
1555 870 1623 923 ad
1652 868 1807 923 testi-

205 956 447 1009 monium
516 956 786 1023 falsitatis,
837 958 1122 1012 Dominum
1166 974 1276 1012 non
1323 966 1561 1013 vocaret.
1619 956 1809 1012 Servio

208 1044 389 1114 utique
422 1046 547 1099 Deo
578 1048 640 1100 in
667 1047 876 1117 spiritu
903 1062 1043 1113 meo,
1077 1046 1132 1100 id
1170 1054 1251 1101 est
1283 1063 1348 1101 ex
1376 1046 1667 1111 voluntate,
1700 1061 1807 1100 non

209 1146 270 1184 ex
300 1133 596 1187 coactione
622 1152 636 1198 ;
670 1134 756 1187 vel
786 1134 840 1187 in
864 1134 1074 1204 spiritu,
1099 1133 1153 1187 id
1170 1142 1251 1189 est
1271 1150 1379 1188 non
1399 1134 1453 1187 in
1477 1132 1805 1197 carnalibus,

212 1219 303 1273 sed
333 1219 390 1273 in
424 1220 804 1290 spiritualibus
826 1222 1004 1277 servio
1021 1223 1155 1277 Deo.
1180 1223 1512 1277 Determinat
1534 1222 1587 1275 in
1617 1237 1721 1292 qua
1752 1236 1809 1276 re

210 1308 431 1372 serviat,
470 1308 682 1364 scilicet
712 1312 775 1365 in
805 1311 1123 1381 Evangelia,
1156 1310 1207 1364 id
1232 1319 1311 1365 est
1332 1311 1385 1364 in
1406 1310 1809 1364 annuntiatione

212 1396 325 1449 Filii
357 1396 499 1464 ejus.
530 1397 647 1451 Hoc
677 1406 856 1452 autem
887 1398 1163 1453 servitium
1189 1399 1362 1470 magis
1391 1406 1519 1453 tunc
1548 1398 1809 1468 temporis

208 1492 415 1554 gratum
440 1493 562 1538 erat
588 1487 720 1549 Deo,
743 1487 1040 1555 praedicare
1058 1487 1287 1558 gloriam
1309 1486 1522 1551 Christi,
1548 1487 1667 1540 Filii
1688 1486 1805 1541 Dei.

215 1572 338 1625 Inde
368 1572 507 1625 mihi
542 1573 697 1626 testis
728 1582 809 1628 est
840 1575 981 1629 Deus
1029 1575 1173 1645 quod
1203 1576 1265 1629 in
1295 1575 1640 1630 orationibus
1669 1576 1810 1629 meis

214 1658 347 1713 facio
378 1660 711 1714 memoriam
757 1662 946 1726 vestri,
996 1662 1050 1715 id
1097 1670 1179 1716 est
1227 1660 1367 1717 facio
1396 1663 1569 1716 Deum
1599 1678 1812 1717 memo-

217 1763 325 1801 rem
351 1748 553 1813 vestri,
580 1748 697 1802 sine
730 1749 1152 1814 intermissione,
1187 1750 1313 1820 quia
1343 1766 1617 1820 nunquam
1649 1766 1813 1804 orans

216 1835 510 1889 intermitto
543 1852 661 1891 vos.
698 1838 886 1891 Posset
908 1837 1125 1908 quidem
1147 1853 1307 1893 orare
1330 1839 1497 1893 semel
1528 1838 1581 1892 in
1604 1854 1809 1904 mense,

218 1930 265 1977 ct
291 1924 367 1978 sic
396 1940 599 1994 parum
631 1933 775 1979 esset
807 1940 901 1979 eos
942 1933 1069 1981 tunc
1114 1942 1224 1980 non
1252 1926 1592 1981 intermissos
1622 1925 1811 1981 fuisse.

218 2011 337 2065 Ideo
368 2012 481 2065 ait:
535 2014 596 2066 In
642 2012 983 2068 orationibus
1027 2030 1263 2086 semper,
1305 2015 1359 2068 id
1406 2022 1488 2069 est
1534 2015 1679 2069 omni
1728 2015 1814 2070 die

219 2099 564 2165 continuatis,
629 2102 952 2157 memoriam
1026 2103 1189 2157 vestri
1242 2103 1433 2166 habeo,
1483 2119 1591 2157 non
1642 2103 1815 2158 solum

221 2202 397 2251 orans,
430 2189 533 2243 sed
585 2190 743 2243 etiam
793 2192 1106 2259 obsecrans,
1158 2191 1211 2244 in
1258 2191 1583 2262 quibusdam
1626 2207 1814 2247 sacra-

220 2276 409 2329 mentis
440 2284 494 2331 et
555 2277 1013 2345 conjurationibus
1051 2280 1224 2332 Deum
1271 2278 1467 2333 obnixe
1514 2280 1812 2350 postulans,

224 2366 271 2417 si
298 2364 585 2418 exauditus
616 2364 848 2419 habeam
876 2367 992 2421 iter
1030 2367 1294 2422 veniendi
1327 2368 1398 2421 ad
1427 2383 1538 2422 vos.
1573 2368 1815 2422 Habeam

228 2450 361 2505 dico.
399 2453 680 2518 Quomodo
710 2453 766 2507 id
795 2461 875 2508 est
903 2454 1004 2507 sub
1036 2470 1361 2526 quacunque
1376 2454 1682 2510 difﬁcultate
1710 2457 1815 2511 hoc

224 2537 387 2606 ﬁeret,
422 2556 520 2595 seu
554 2540 840 2605 latronem,
873 2558 970 2596 seu
1001 2550 1379 2612 tempestatem
1408 2560 1517 2597 non
1546 2560 1811 2599 curarem.

227 2627 456 2682 Habeam
489 2629 595 2683 hoc
625 2629 866 2684 tandem.
902 2631 957 2683 In
989 2631 1090 2685 hoc
1122 2632 1359 2685 ostendit
1388 2647 1448 2685 se
1479 2631 1569 2685 diu
1601 2632 1818 2686 deside-

230 2730 392 2782 rasse,
438 2731 547 2771 nec
592 2717 835 2787 potuisse
882 2734 942 2772 se
989 2718 1221 2774 efficere.
1270 2720 1514 2774 Habeam
1560 2720 1663 2775 iter
1711 2719 1815 2774 ali-

230 2803 453 2871 quando,
487 2804 547 2858 id
579 2804 746 2858 estin
794 2821 1121 2877 quocunque
1167 2815 1428 2876 tempore,
1474 2824 1570 2863 seu
1614 2808 1811 2874 hieme,

232 2906 317 2943 seu
344 2900 530 2946 aestate
563 2893 667 2947 hoc
716 2892 886 2959 ﬁeret,
939 2909 1049 2948 non
1096 2910 1365 2949 curarem.
1401 2896 1531 2949 Item
1564 2896 1687 2951 dico
1718 2911 1815 2965 pro

231 2977 408 3046 spiritu
438 2980 492 3033 in
525 2981 649 3045 hoc,
682 2987 737 3033 ut
769 2981 912 3051 quod
933 2981 1055 3037 volo
1079 2981 1369 3046 efﬁcerem,
1405 2991 1458 3037 et
1480 2984 1603 3054 quia
1632 2984 1811 3037 multae

231 3082 309 3119 res
337 3066 592 3123 effectum
625 3069 847 3130 habent,
882 3086 1000 3140 quae
1031 3071 1145 3124 Deo
1175 3070 1482 3140 displicent,
1518 3072 1666 3125 addit
1699 3090 1711 3125 :
1749 3074 1812 3127 In

232 3156 579 3211 voluntatem
608 3158 735 3211 Dei.
767 3157 882 3211 Nisi
900 3157 1043 3211 enim
1065 3159 1211 3213 Deus
1230 3160 1333 3213 hoc
1356 3160 1536 3226 vellet,
1562 3159 1812 3215 effectum

232 3241 376 3310 hujus
405 3244 483 3298 rei
517 3245 697 3314 potius
727 3244 927 3300 nollem
977 3261 1140 3316 quam
1179 3262 1464 3318 cuperem.
1512 3249 1637 3303 Ideo
1668 3249 1813 3303 volui

235 3331 405 3385 venire
424 3333 491 3385 ad
524 3348 641 3399 vos,
685 3333 811 3403 quia
842 3333 1094 3389 desidero
1140 3336 1326 3391 videre
1356 3352 1445 3390 vos
1472 3351 1483 3388 :
1516 3336 1585 3389 ad
1612 3337 1715 3391 hoc
1745 3342 1811 3392 ut

235 3418 523 3489 impertiar
552 3422 697 3475 vobis
714 3422 929 3490 aliquid
947 3425 1165 3492 gratiae.
1191 3424 1300 3478 Vos
1328 3424 1545 3493 quidem
1578 3424 1811 3495 gratiam

236 3503 348 3560 fidei
369 3508 476 3574 jam
507 3509 736 3574 habetis,
771 3509 868 3563 sed
884 3526 1028 3577 cum,
1060 3510 1129 3564 ad
1150 3511 1451 3565 custodiam
1483 3513 1660 3580 hujus,
1694 3512 1813 3568 aliae

238 3594 410 3663 gratiae
439 3604 762 3666 Opportunae
792 3605 992 3662 essent,
1024 3606 1082 3652 ut
1110 3598 1285 3668 gratia
1318 3600 1552 3665 unitatis,
1588 3617 1696 3654 non
1727 3609 1812 3655 ta-

238 3696 351 3736 men
409 3684 728 3738 determinat
790 3700 953 3756 quam
1000 3686 1277 3757 gratiam;
1311 3688 1433 3758 quia
1480 3688 1811 3744 ministraret

237 3768 307 3821 eis
335 3786 546 3826 omnem
574 3772 722 3826 illam
753 3789 915 3843 quam
944 3774 1154 3829 videret
1183 3776 1572 3830 necessariam.
1606 3778 1811 3847 Imper-

237 3856 328 3909 tiar
350 3858 463 3913 dico
508 3859 712 3931 aliquid
762 3860 969 3932 gratim,
1021 3878 1127 3916 non
1177 3862 1472 3927 saecularis,
1506 3873 1563 3918 ut
1592 3873 1735 3919 esset
1766 3866 1811 3919 si

242 3946 534 4003 conciliaret
564 3947 688 4002 illos
719 3964 840 4003 cum
877 3950 1206 4020 quibuslibet
1234 3951 1571 4023 principibus
1599 3952 1808 4019 mundi,

241 4032 327 4085 sed
344 4036 525 4105 gratiae
557 4038 898 4107 spiritualis,
931 4037 986 4091 id
1017 4046 1098 4092 est
1128 4055 1247 4110 quae
1268 4040 1446 4110 gratia
1467 4041 1664 4094 nutriat
1695 4041 1810 4111 spi-

243 4118 383 4175 ritum
429 4123 481 4177 in
530 4124 697 4178 vitam
734 4134 1016 4180 aeternam.
1066 4127 1148 4181 Ne
1196 4127 1333 4182 forte
1381 4128 1614 4200 gratiam
1663 4128 1808 4195 fidei,

246 4223 388 4276 quam
417 4227 446 4265 a
473 4212 762 4282 discipulis
790 4214 942 4267 Pauli
972 4224 1307 4285 acceperant,
1341 4216 1584 4271 inutilem
1615 4218 1809 4289 opina-

1909 356 2014 409 que
2044 356 2287 395 errorem
2318 341 2383 394 ab
2414 341 2492 395 eis
2518 340 2727 396 auferat
2766 339 3027 395 sollicitus
3062 341 3149 394 sit.
3184 337 3490 403 Consolari,

1907 427 2148 498 inquam,
2184 429 2433 482 desidero
2461 429 2513 482 in
2544 429 2699 483 vobis
2724 446 2826 501 per
2853 430 3021 497 ﬁdem
3051 432 3298 485 vestram
3326 430 3492 497 atque

1908 534 2091 572 meam
2127 534 2140 570 :
2172 516 2368 571 factam
2399 533 2539 582 eam,
2594 518 2647 570 id
2677 525 2759 571 est
2785 517 2948 571 talem
2981 534 3101 588 quae
3131 524 3212 571 est
3240 514 3494 579 invicem,

1907 604 1959 658 id
1992 612 2073 659 est
2103 622 2222 675 quae
2252 605 2499 659 eamdem
2548 604 2975 660 vicissitudinem
3012 605 3230 668 habeat,
3276 611 3332 656 ut
3362 601 3501 655 sicut

1908 692 2045 746 fides
2092 709 2209 746 mea
2265 700 2431 747 totum
2488 693 2709 748 ascribit
2766 693 2952 763 gratiae
3008 692 3127 757 Dei,
3187 691 3265 745 sic
3320 696 3500 745 vestra

1908 781 2085 836 faciat.
2121 780 2218 835 Vel
2247 781 2403 834 aliter
2435 799 2447 835 :
2485 781 2765 836 Consolari
2797 781 2942 851 cupit
2975 797 3073 851 per
3119 778 3281 834 fidem
3320 792 3500 832 meam

1910 867 2109 922 factam
2152 877 2403 934 vestram,
2456 876 2513 923 ut
2555 885 2715 923 omne
2757 870 2954 923 bonum
2986 867 3221 923 credatis
3250 882 3370 921 esse
3400 882 3501 936 per

1910 956 2135 1026 gratiam
2166 956 2302 1021 Dei;
2336 956 2498 1011 fidem
2548 965 2785 1011 vestram
2830 958 2971 1026 dico,
3023 955 3218 1011 factam
3270 971 3408 1023 eam,
3438 953 3495 1007 id

1911 1052 1992 1098 est
2021 1046 2199 1113 talem,
2251 1062 2372 1117 qua:
2418 1050 2502 1099 est
2530 1046 2772 1100 invicem
2806 1089 2818 1110 ,
2853 1045 2906 1097 id
2938 1053 3017 1098 est
3048 1044 3209 1099 modo
3239 1058 3338 1097 suo
3371 1042 3496 1096 sub-

1912 1131 2260 1198 servientem,
2296 1140 2350 1186 ut
2380 1132 2513 1187 sicut
2544 1149 2647 1204 ego
2677 1133 2845 1203 (quod
2876 1132 3122 1204 magistri
3171 1130 3274 1201 est)
3304 1129 3497 1201 praeci-

1910 1219 2109 1290 piendo
2137 1220 2326 1286 doceo,
2362 1221 2441 1275 sic
2474 1236 2567 1275 vos
2597 1220 2765 1291 (quod
2796 1219 3183 1290 discipulorum
3232 1220 3336 1288 est)
3364 1219 3501 1272 obe-

1912 1308 2110 1363 diendo
2156 1308 2400 1363 discetis.
2452 1309 2568 1378 Ego
2612 1309 2797 1379 utique
2842 1308 3151 1362 desideravi
3194 1306 3383 1362 venire
3431 1305 3501 1359 ad

1911 1412 2029 1462 vos,
2065 1396 2161 1450 sed
2192 1412 2300 1450 non
2341 1396 2511 1467 potui,
2551 1399 2683 1468 quia
2706 1397 3025 1468 prohibitus
3065 1413 3209 1450 sum.
3247 1393 3501 1448 Prohibi-

1912 1483 2087 1537 tiones
2132 1484 2215 1538 lire
2273 1485 2599 1555 quandoque
2648 1484 2848 1539 fiebant
2884 1484 3050 1539 Paulo
3095 1499 3194 1554 per
3241 1482 3501 1552 Spiritum

1832 1599 1884 1658 B
1916 1580 2178 1641 sanctum,
2224 1572 2539 1643 plerumque
2607 1589 2707 1643 per
2768 1572 3010 1643 pericula
3070 1572 3360 1635 latronum,
3406 1586 3503 1625 seu

1913 1668 2293 1729 tempestatum
2345 1661 2400 1714 in
2441 1661 2592 1715 mari.
2629 1660 2806 1728 Quare
2836 1670 3017 1715 autem
3039 1661 3226 1715 venire
3254 1658 3503 1730 prohibi-

1912 1756 1999 1801 tus
2030 1765 2168 1813 sum,
2203 1750 2331 1804 nolo
2364 1765 2452 1804 vos
2485 1752 2765 1818 ignorare,
2798 1752 3011 1819 fratres
3039 1748 3145 1801 mei
3176 1748 3232 1801 in
3258 1746 3389 1802 fide.

1986 1836 2042 1890 Si
2074 1837 2217 1890 enim
2240 1852 2462 1892 causam
2496 1836 2654 1905 hujus
2682 1836 3061 1907 prohibitionis
3092 1836 3385 1908 diligenter
3413 1835 3502 1889 in-

1915 1925 2155 1995 quiratis,
2210 1925 2362 1980 vobis
2402 1925 2640 1995 proderit
2681 1925 2748 1979 ad
2788 1925 3198 1990 correctionem,
3244 1924 3371 1977 dum
3404 1939 3504 1994 pro

1914 2022 2138 2083 peccato
2160 2013 2519 2069 contentionis
2541 2021 2732 2068 vestrae
2754 2028 2840 2068 me
2862 2029 2983 2068 esse
3004 2012 3331 2083 prohibitum
3354 2011 3510 2066 intel-

1913 2101 2113 2173 ligetis.
2131 2103 2243 2157 Hoc
2261 2102 2478 2172 inquam
2496 2103 2622 2157 nolo
2636 2117 2725 2156 vos
2742 2103 3004 2170 ignorare
3020 2101 3146 2171 quia
3161 2116 3304 2171 saepe
3321 2115 3512 2171 propo-

1914 2192 2007 2244 sui
2029 2190 2216 2245 venire
2234 2189 2306 2244 ad
2321 2206 2432 2256 vos,
2448 2194 2503 2244 et
2513 2189 2830 2261 prohibitus
2856 2206 2981 2244 sum
3002 2190 3191 2244 venire
3212 2204 3386 2259 usque
3410 2187 3509 2242 ad-

1917 2277 2045 2333 huc.
2069 2278 2170 2333 Ubi
2192 2277 2264 2331 ait
2285 2277 2486 2345 adhuc,
2526 2277 2759 2331 ostendit
2786 2293 2845 2331 se
2885 2276 3157 2331 multoties
3178 2275 3505 2346 prohibitum

1916 2382 2056 2432 esse,
2076 2366 2230 2438 quasi
2253 2366 2484 2421 diceret:
2506 2365 2809 2435 Sicutsaape
2820 2364 3102 2435 proposui,
3127 2365 3206 2419 sic
3222 2380 3367 2434 saepe
3389 2378 3508 2434 pro-

1914 2455 2114 2509 hibitus
2153 2453 2248 2508 fui.
2291 2454 2502 2520 Venire,
2542 2453 2780 2525 inquam,
2822 2453 3083 2524 pr0posui
3122 2453 3188 2507 ad
3224 2468 3342 2519 vos,
3385 2452 3509 2507 ideo

1916 2547 1979 2598 ut
2012 2542 2245 2597 habeam
2275 2542 2337 2595 in
2366 2541 2535 2607 vobis,
2562 2540 2707 2612 quod
2728 2549 2781 2595 et
2800 2541 2973 2595 habeo
3002 2540 3058 2594 in
3086 2540 3225 2609 aliis,
3260 2540 3507 2611 aliquem

1913 2633 2189 2701 fructum,
2222 2629 2273 2683 id
2300 2636 2400 2695 est,
2434 2628 2519 2683 vel
2548 2637 2606 2682 ut
2636 2644 2734 2683 vos
2751 2645 2837 2683 me
2858 2629 3087 2684 docente
3108 2628 3359 2696 correcti,
3394 2627 3507 2683 fru-

1914 2717 2160 2774 ctificetis
2208 2717 2263 2770 in
2309 2717 2540 2783 melius;
2575 2717 2661 2772 vel
2689 2726 2745 2771 ut
2794 2733 2898 2789 ego
2947 2716 3180 2773 fructum
3232 2717 3506 2772 mercedis

1914 2806 2190 2875 recipiam,
2227 2805 2349 2876 quia
2396 2804 2636 2861 laboravi
2678 2805 2732 2859 in
2774 2805 2947 2860 vobis.
2983 2804 3243 2873 Habeam,
3275 2805 3417 2871 dico,
3451 2805 3508 2859 in

1914 2894 2087 2961 vobis,
2121 2896 2268 2950 sicut
2299 2894 2474 2948 habeo
2504 2896 2567 2949 in
2585 2897 2805 2950 cwteris
2832 2894 3109 2965 gentibus,
3137 2893 3192 2947 id
3223 2902 3323 2959 est,
3358 2902 3414 2948 ut
3438 2893 3507 2947 si-

1915 2990 2005 3037 cut
2057 2982 2192 3037 alias
2237 2990 2429 3053 gentes
2458 2982 2619 3039 docui
2667 2982 2851 3037 omnia
2897 2982 3102 3037 referre
3149 2982 3340 3053 gratiae
3383 2982 3500 3051 Dei,

1915 3071 1993 3125 sic
2022 3078 2075 3125 et
2113 3086 2211 3126 vos
2241 3072 2419 3126 edocti
2450 3087 2482 3126 a
2510 3088 2597 3125 me
2628 3070 2771 3125 idem
2805 3069 3026 3136 faciatis,
3062 3086 3163 3126 nec
3194 3086 3225 3125 a
3255 3071 3504 3125 doctrina

1913 3158 2085 3212 vestri
2115 3166 2164 3213 et
2195 3159 2420 3213 aliarum
2458 3159 2700 3231 gentium
2747 3174 2968 3214 cessare
3014 3174 3154 3231 queo
3179 3177 3193 3225 ;
3223 3173 3327 3231 ego
3360 3158 3504 3213 enim

1913 3246 2125 3301 debitor
2180 3264 2325 3313 sum,
2374 3247 2427 3301 id
2473 3256 2553 3302 est
2593 3264 2657 3303 ex
2697 3247 2878 3302 debito
2926 3248 3180 3317 praadico,
3225 3248 3304 3303 sic
3363 3246 3505 3301 enim

1914 3335 2044 3388 mihi
2073 3343 2155 3389 est
2178 3335 2473 3403 injunctum
2504 3351 2533 3388 a
2562 3335 2758 3405 Spiritu
2791 3343 3006 3401 sancto,
3036 3336 3245 3390 .Grtrcis
3276 3352 3342 3391 ac
3371 3336 3502 3390 bar-

1914 3424 2081 3478 baris.
2114 3424 2316 3477 Praeter
2345 3423 2567 3477 ϐαθεοά
2588 3439 2778 3477 omnes
2798 3410 2991 3495 gentes
3014 3432 3171 3478 vocat
3192 3424 3454 3478 barbaros
3488 3441 3501 3477 :

1914 3511 2009 3565 sed
2054 3510 2234 3565 Grmci
2282 3526 2496 3581 semper
2537 3510 2856 3581 sapientiam
2900 3528 3013 3581 pra:
3059 3511 3271 3565 caeteris
3317 3512 3505 3566 sectati

1913 3606 2054 3664 sunt,
2090 3606 2143 3653 et
2173 3597 2335 3652 etiam
2366 3599 2420 3652 in
2440 3598 2648 3653 Grazcia
2673 3598 2869 3653 Paulus
2888 3598 3120 3669 primum
3142 3598 3418 3654 Ecclesias
3434 3600 3504 3655 de

1913 3686 2167 3759 gentibus
2208 3686 2509 3752 constituit;
2541 3694 2594 3740 et
2622 3685 2676 3739 in
2714 3686 2820 3739 illis
2868 3703 2963 3741 seu
2993 3686 3221 3752 Grzccis,
3254 3702 3350 3741 seu
3380 3687 3505 3742 bar-

1912 3775 2077 3839 baris,
2123 3775 2338 3829 debitor
2377 3792 2515 3840 sum,
2570 3775 2920 3847 sapientibus
2968 3780 3025 3831 et
3063 3777 3504 3847 insipientibus;

1914 3863 2039 3933 quia
2067 3864 2208 3933 apud
2258 3863 2478 3918 Graecos
2517 3871 2641 3917 sunt
2676 3863 2952 3933 sapientes
2980 3870 3032 3918 et
3064 3864 3419 3933 insipientes;
3453 3872 3505 3920 et

1912 3951 1992 4006 sic
2022 3952 2165 4020 apud
2214 3951 2493 4006 barbaros.
2538 3953 2606 4006 Et
2656 3951 2791 4006 sicut
2838 3952 2959 4006 aliis
3008 3952 3262 4022 gentibus
3303 3952 3499 4019 debeo,

1913 4038 1991 4094 sic
2013 4038 2227 4093 debitor
2257 4056 2375 4093 sum
2407 4041 2795 4103 euangelizare
2813 4041 2979 4102 vobis,
3011 4040 3214 4094 Judmis
3244 4048 3297 4094 et
3326 4040 3504 4111 genti-

1910 4126 2053 4180 libus
2084 4128 2383 4192 conversis,
2415 4128 2509 4199 qui
2532 4130 2715 4183 Roma:
2735 4130 2896 4182 estis.
2937 4126 3093 4194 Quod
3113 4127 3319 4183 scilicet
3339 4144 3505 4183 evan-

1911 4214 2143 4287 gelizare
2187 4219 2511 4286 promptum
2550 4219 2656 4284 est,
2690 4215 2739 4271 id
2776 4223 2858 4270 est
2888 4224 3136 4284 paratum
3165 4224 3267 4282 est,
3301 4233 3502 4272 secun-

244 4304 423 4366 rentur,
456 4300 583 4371 quia
612 4300 744 4354 dixit
773 4317 831 4355 se
848 4302 1099 4355 daturum
1121 4303 1227 4357 illis
1248 4305 1499 4373 gratiam,
1536 4306 1607 4359 ait
1641 4322 1652 4360 :
1687 4307 1807 4361 Non
1828 4294 1879 4352 D
1909 4304 2035 4357 dum
2066 4304 2172 4357 hoc
2205 4303 2349 4373 quod
2378 4304 2441 4356 in
2475 4319 2564 4358 me
2611 4311 2708 4370 est,
2742 4303 2796 4357 id
2829 4310 2912 4358 est
2941 4303 2994 4357 in
3026 4311 3285 4374 quantum
3315 4305 3382 4359 ad
3414 4322 3503 4361 me

244 4381 347 4438 dico
374 4396 423 4441 ut
443 4388 723 4457 impertiar
751 4389 905 4443 vobis
936 4390 1169 4459 gratiam
1199 4391 1269 4445 ad
1289 4392 1608 4447 initiandum
1627 4409 1724 4448 vos
1754 4394 1808 4447 in

247 4467 335 4525 ﬁde
353 4473 528 4541 (fidem
542 4476 685 4529 enim
705 4491 891 4530 sanam
911 4479 1240 4547 accepistis),
1266 4479 1362 4533 sed
1383 4482 1456 4535 ad
1473 4482 1813 4550 conﬁrman-

246 4557 324 4611 dos
356 4577 455 4629 vos,
508 4564 564 4617 id
604 4572 685 4617 est
729 4565 792 4617 ad
833 4565 1261 4620 confirmandam
1294 4564 1457 4621 fidem
1487 4577 1721 4622 vestram
1753 4569 1807 4622 in

247 4644 315 4698 his
342 4665 448 4718 quae
478 4651 642 4706 fidem
690 4653 936 4707 comitari
979 4654 1195 4723 debent,
1228 4655 1433 4710 scilicet
1463 4664 1518 4710 ut
1550 4657 1808 4712 unitatem

251 4731 483 4794 habeatis.
522 4740 640 4795 Nec
669 4740 805 4795 alter
825 4742 1055 4796 alterum
1076 4742 1400 4815 digniorem,
1422 4760 1518 4798 seu
1537 4744 1809 4816 indignio-

252 4834 350 4875 rem
376 4828 545 4894 gratia
592 4828 691 4883 Dei
723 4829 997 4897 judicetis.
1043 4831 1156 4886 Hoc
1204 4831 1348 4902 quod
1390 4831 1514 4886 dico
1558 4832 1809 4888 desidero

254 4906 635 4971 9conlirmare
665 4933 783 4984 vos,
808 4918 862 4971 id
892 4926 971 4972 est
1001 4919 1253 4974 desidero
1272 4921 1555 4976 consolari
1572 4922 1635 4976 in
1662 4921 1809 4976 vobis

254 4997 418 5055 simul.
460 5004 561 5059 Ubi
602 5005 676 5058 ait
719 5005 878 5059 simul
928 5006 1217 5071 consolari,
1260 5008 1497 5061 ostendit
1524 5025 1583 5062 se
1615 5009 1682 5063 de
1713 5026 1807 5064 er-

254 5098 355 5167 rare
376 5105 551 5145 eorum
581 5093 821 5147 doluisse
846 5113 858 5157 ;
892 5094 983 5147 ubi
1012 5094 1082 5147 ait
1109 5095 1301 5158 simul,
1331 5096 1504 5148 innuit
1537 5098 1678 5167 quod
1707 5114 1809 5167 per

252 5166 510 5228 doctrinam
540 5192 693 5229 suam
725 5178 1039 5232 consolandi
1082 5185 1238 5242 sunt;
1273 5186 1325 5232 et
1354 5166 1578 5249 propter
1607 5166 1807 5235 utrum-

253 5269 338 5321 que
363 5264 725 5332 zequanimiter
753 5265 952 5319 debere
984 5282 1079 5319 eos
1109 5266 1343 5320 tolerare
1389 5268 1682 5337 quamlibet
1712 5285 1804 5323 as-

254 5356 413 5408 Peram
441 5351 861 5424 increpationem
896 5353 1062 5421 Pauli,
1096 5369 1219 5409 cum
1261 5363 1311 5409 et
1340 5372 1439 5425 per
1469 5358 1572 5412 hoc
1603 5372 1803 5413 conso-

1908 4393 2157 4462 pertinet.
2212 4391 2400 4446 Videte
2448 4408 2515 4445 ne
2562 4405 2657 4445 vos
2706 4391 3001 4461 imparatos
3045 4392 3321 4447 auditores
3350 4394 3502 4450 inve-

1909 4481 2073 4534 niam.
2119 4482 2260 4535 Vere
2299 4487 2607 4549 promptum
2656 4487 2737 4533 est
2774 4480 2829 4532 in
2877 4496 2982 4546 me,
3029 4496 3136 4553 ego
3182 4481 3326 4535 enim
3383 4498 3501 4537 non

1909 4570 2168 4624 erubesco
2199 4569 2583 4638 Evangelium.
2627 4567 2821 4621 Tribus
2868 4568 3043 4623 modis
3076 4569 3349 4624 erubescit
3379 4571 3502 4641 quis

1908 4656 2265 4728 Evangelium
2292 4674 2303 4709 :
2329 4656 2413 4711 vel
2447 4670 2569 4710 cum
2589 4655 2838 4709 miserias
2856 4656 3071 4721 Christi,
3096 4672 3333 4723 crucem,
3354 4673 3503 4713 mor-

1909 4752 2035 4812 tem,
2070 4752 2211 4809 etc.,
2262 4745 2419 4799 stulte
2464 4744 2864 4799 verecundatur
2894 4744 3230 4815 praedicare;
3264 4745 3351 4800 vel
3380 4763 3501 4802 cum

1910 4840 2159 4902 corrupte
2189 4832 2399 4899 vivens,
2444 4832 2707 4901 justitiam
2756 4833 2905 4885 timet
2956 4832 3277 4903 prmdicare,
3312 4850 3380 4889 ne
3412 4852 3502 4891 re-

1907 4919 2275 4988 prehendatur
2294 4920 2453 4975 aliter
2478 4920 2699 4985 docere,
2726 4928 2779 4975 et
2800 4919 2958 4974 aliter
2979 4920 3157 4976 vivere
3182 4939 3196 4987 ;
3229 4921 3315 4977 vel
3338 4922 3503 4997 [cum]

1908 5006 1978 5060 ad
2026 5006 2492 5063 confirmationem
2535 5008 2940 5079 praedicationis
2980 5025 3091 5063 suae
3136 5009 3303 5064 virtus
3338 5011 3505 5066 mira-

1908 5094 2152 5149 0ulorum
2181 5095 2381 5151 deficit.

1981 5182 2090 5237 Sed
2122 5183 2319 5237 Paulus
2348 5185 2497 5239 nullo
2524 5186 2715 5239 horum
2753 5184 2914 5238 modo
2947 5185 3323 5241 erubescebat.
3361 5189 3500 5242 Pro-

1907 5279 2092 5339 pterea
2114 5286 2221 5324 non
2244 5273 2507 5329 erubesco
2528 5273 2884 5346 Evangelium
2917 5291 2929 5327 :
2964 5290 3097 5328 nam
3119 5274 3170 5328 in
3200 5275 3503 5347 Evangelia

1907 5366 2103 5428 prmsto
2132 5354 2222 5416 est
2256 5360 2386 5413 mihi
2416 5362 2597 5417 virtus
2628 5364 2753 5431 Dei,
2789 5378 2894 5434 qua
2925 5369 2976 5417 et
3016 5371 3235 5433 peccata
3266 5362 3499 5435 dimitto,
