3960 6036
422 73 489 126 23
981 68 1036 120 S.
1080 65 1434 122 BRUNONIS
1470 65 2115 123 CARTHUSIANORUM
2154 63 2639 120 INSTITUTORIS
2680 63 2829 120 OPP.
2876 64 3047 118 PARS
3088 64 3153 116 ll.

3655 58 3741 118 24

427 200 480 249 et
507 190 765 247 miracula
794 205 1010 262 operor.
1057 190 1217 259 Quod
1263 190 1621 264 Evangelium
1650 190 1793 255 dico,
1828 189 2017 245 valens
2044 188 2484 261 Acognitionem
2539 189 2627 258 fde
2688 190 2822 253 Deo,
2894 188 3082 259 quam";
3119 186 3435 241 naturaliter
3488 186 3734 254 habent,

427 281 575 336 omni
605 280 847 336 credenti
878 280 933 333 in
978 280 1284 334 habendam
1316 279 1544 334 salutem
1575 296 1675 350 per
1723 278 1885 333 ﬁdem
1917 294 2020 350 qua

428 369 655 425 credidit
681 387 693 423 :
718 370 873 423 omni
889 368 1299 435 credentidico,
1316 368 1523 424 scilicet
1542 370 1729 424 Judceo
1743 369 2017 439 primum,

426 466 674 529 tempore
721 457 997 524 credenti;
1048 457 1105 510 in
1149 457 1337 512 Iudaea
1385 457 1526 511 enim
1572 456 1732 525 ccepit
1777 455 2020 510 Ecclesia

429 546 644 602 Christi.
680 545 937 601 Credenti
975 545 1132 600 etiam
1169 547 1372 612 Graeco,
1407 546 1459 598 id
1482 552 1564 599 est
1592 544 1863 617 gentibus,
1899 544 2021 615 quia

428 634 606 690 Graci
666 634 965 690 secundum
1015 633 1293 688 scientiam
1346 641 1509 704 caput
1556 640 1709 687 erant
1756 632 2017 702 gentium,

426 724 551 779 ideo
582 739 682 794 per
712 722 935 778 Graecos
966 738 1320 794 quoscunque
1352 722 1583 794 gentiles
1614 720 1897 791 significat.
1922 720 2021 775 Vel

424 813 499 867 ita
530 812 889 884 Evangelium
919 811 1067 866 salus
1108 816 1197 867 est
1225 811 1468 866 credenti
1507 811 1711 877 Judaeo,
1746 818 1797 864 et
1828 810 2021 865 Grmco

428 901 685 972 primum,
718 900 773 954 id
801 908 882 955 est
926 899 1176 965 maxime,
1230 899 1356 970 quia
1404 897 1758 954 sufﬁcientem
1788 897 2021 953 salutem

433 989 583 1045 dabit
614 989 851 1059 utrique.
901 990 1039 1043 Vere
1092 1004 1191 1059 per
1222 987 1583 1060 Evangelium
1610 987 1837 1042 habetur
1864 984 2017 1053 ﬁdes,

431 1087 482 1134 et
529 1095 626 1149 per
675 1077 836 1132 ﬁdem
881 1077 1025 1131 salus
1065 1085 1284 1131 aiterna.
1326 1078 1467 1132 Nam
1516 1076 1570 1130 in
1614 1092 1679 1131 eo
1721 1074 2021 1145 Evangelio

428 1168 717 1223 reveletur
747 1174 799 1221 et
829 1166 1141 1237 cognitione
1172 1172 1221 1220 et
1242 1165 1586 1232 habitudine;
1619 1180 1691 1219 ea:
1710 1164 1838 1233 ﬁde,
1869 1163 1924 1217 id
1941 1170 2023 1218 est

428 1272 529 1327 per
559 1255 721 1309 ﬁdem
779 1262 831 1308 et
886 1253 1182 1324 Evangelio
1224 1262 1505 1323 acceptam
1528 1297 1539 1317 ,
1567 1253 1822 1325 justitia,
1856 1251 1911 1305 id
1943 1259 2023 1305 est

430 1343 703 1400 exsecutio
724 1342 991 1397 bonorum
1012 1358 1255 1412 operum,
1278 1358 1379 1412 per
1410 1341 1469 1397 1
1484 1340 1560 1396 0
1580 1342 1768 1413 quamj
1801 1340 2016 1394 rstitiam

426 1435 656 1488 habetur
685 1432 832 1486 salus
860 1440 1083 1486 aeterna.
1119 1430 1259 1501 Quia
1289 1430 1334 1485 si
1354 1447 1453 1501 per
1473 1430 1831 1500 Evangelium
1862 1428 2017 1496 ﬁdes,

428 1539 525 1594 per
557 1520 719 1576 ﬁdem
762 1528 940 1575 autem
976 1519 1203 1589 justitia,
1256 1536 1355 1590 per
1397 1518 1658 1588 justitiam
1702 1534 1831 1573 vero
1877 1518 2021 1571 salus
2050 1549 2101 1608 B

429 1618 649 1676 aeterna,
683 1610 847 1681 igitur
876 1625 974 1680 per
991 1608 1350 1679 Evangelium
1370 1608 1515 1662 salus
1541 1626 1555 1673 ;
1588 1607 1736 1661 addit
1766 1606 2021 1678 quiddam

431 1700 682 1771 amplius,
713 1699 857 1771 quod
888 1699 957 1753 ad
988 1714 1106 1752 rem
1136 1697 1296 1763 valet,
1329 1696 1407 1752 sic
1443 1712 1453 1750 :
1486 1698 1784 1752 Revelatur
1813 1712 1886 1751 ex
1913 1696 2022 1764 ﬁde

431 1789 609 1844 eundo
664 1789 728 1843 in
780 1787 971 1857 ﬁdem.
1030 1787 1153 1841 Non
1210 1785 1288 1841 sic
1343 1786 1414 1840 ait
1472 1792 1528 1840 ut
1584 1784 1828 1840 diversas
1887 1784 2022 1839 ﬁdes

428 1878 717 1951 intelligat,
771 1876 867 1932 sed
916 1883 972 1930 ut
1022 1875 1215 1930 doceat
1274 1874 1476 1929 multos
1531 1873 1737 1945 gradus
1797 1889 1920 1928 esse
1966 1873 2020 1926 in

430 1966 556 2023 ﬁde.
616 1964 846 2023 Romani
901 1979 1088 2019 sanam
1138 1962 1357 2034 quidem
1405 1962 1568 2018 ﬁdem
1616 1962 1888 2016 habebant
1954 1961 2020 2016 de

430 2057 665 2123 Christo,
701 2055 797 2109 sed
846 2052 901 2107 in
942 2053 1048 2107 hoc
1077 2051 1350 2119 errabant,
1383 2051 1506 2123 quia
1537 2066 1643 2105 non
1676 2050 1857 2105 omnia
1886 2064 2019 2123 gra-

429 2145 518 2200 tia:
545 2143 647 2200 Dei
677 2142 1042 2198 attribuebant
1077 2159 1088 2194 :
1121 2141 1175 2194 in
1209 2156 1317 2211 quo
1343 2140 1521 2211 gradu
1542 2139 1667 2195 ﬁdei
1698 2139 1893 2194 Paulus
1925 2155 2020 2194 eos

424 2235 609 2291 locare
638 2232 885 2287 intendit.
919 2231 1000 2285 Ex
1031 2229 1139 2285 ﬁde
1164 2230 1395 2284 habetur
1419 2229 1643 2298 justitia,
1688 2236 1740 2283 et
1769 2228 1895 2283 inde
1926 2245 2019 2283 sa-

426 2325 532 2379 lus.
567 2324 725 2380 Sicut
768 2322 1043 2393 scriptum
1075 2322 1159 2375 est
1188 2318 1244 2372 in
1283 2319 1539 2374 Habacuc
1576 2319 1841 2389 propheta
1876 2336 1889 2371 :
1921 2320 2020 2373 Ju-‘

426 2416 546 2469 stus
560 2415 755 2468 autem
770 2426 844 2466 ex
864 2406 972 2477 ﬁde
994 2408 1131 2465 vivit
1152 2409 1375 2476 (Hebae.
1396 2421 1453 2473 tr,
1479 2406 1553 2477 4).
1581 2408 1684 2461 Per
1702 2407 2018 2477 prophetam

426 2500 715 2559 conﬁrmat
782 2496 1140 2570 Evangelium
1173 2515 1187 2563 ;
1219 2496 1293 2551 ait
1342 2496 1485 2550 enim
1539 2496 1802 2567 propheta
1865 2513 1878 2550 :
1938 2496 2019 2550 Ex

422 2590 530 2646 ﬁde
561 2606 681 2661 quae
729 2604 829 2659 per
864 2585 1223 2657 Evangelium
1252 2585 1503 2651 habetur,
1538 2583 1594 2638 ﬁt
1623 2584 1785 2639 homo
1817 2584 2016 2653 justus,

423 2681 565 2736 bene
619 2676 923 2749 operando,
974 2682 1026 2731 et
1062 2691 1162 2745 per
1202 2672 1466 2742 justitiam
1526 2672 1656 2728 vivit
1715 2673 1769 2727 in
1820 2681 2020 2728 aeterna

424 2769 615 2824 salute.
662 2768 952 2836 Hucusque
1002 2763 1276 2819 blanditus
1330 2770 1412 2818 est
1457 2762 1736 2827 Romanis,
1786 2762 2017 2818 dicendo

422 2875 481 2914 se
512 2856 803 2913 sollicitum
831 2854 901 2910 de
931 2852 1104 2908 salute
1126 2867 1330 2917 eorum,
1364 2857 1421 2905 ut
1441 2866 1597 2923 aequo
1626 2851 1809 2906 animo
1840 2852 2017 2907 susci-

422 2948 571 3020 piant
609 2943 973 3001 correctiones
1015 2940 1282 3012 Apostoli.
1343 2940 1443 2996 Hic
1494 2946 1673 2995 autem
1704 2940 1882 3011 primo
1912 2956 2017 3013 ag-

424 3036 670 3108 greditur
707 3032 959 3106 gentiles,
984 3045 1121 3102 quos
1150 3029 1360 3084 facilius
1390 3045 1553 3100 posse
1582 3028 1783 3101 corrigi
1814 3029 2013 3084 intelli-

424 3126 523 3198 git,
565 3131 623 3178 ut
677 3130 866 3194 postea
911 3119 1112 3175 diutius
1160 3119 1217 3173 in
1282 3116 1648 3174 confutatione
1704 3118 2018 3174 Iudaeorum

426 3214 780 3276 immoretur;
814 3217 1051 3265 attamen
1094 3214 1274 3263 autem
1320 3206 1400 3262 sic
1448 3205 1636 3263 dicens
1665 3206 1968 3279 ingreditur
2005 3223 2016 3261 :

425 3303 569 3358 Vere
600 3319 666 3357 ex
710 3299 817 3355 ﬁde
850 3298 1059 3369 justitia
1088 3316 1102 3365 ;
1128 3304 1179 3352 et
1208 3313 1274 3352 ex
1296 3296 1505 3366 justitia
1553 3295 1717 3351 salus.
1751 3297 1893 3351 Nam
1922 3313 2021 3368 per

427 3390 763 3448 contrarium
794 3405 868 3445 ex
898 3388 1216 3460 impietate,
1252 3385 1308 3440 id
1336 3393 1418 3441 est
1448 3401 1513 3441 ex
1530 3401 1637 3440 non
1670 3384 1796 3451 ﬁde,
1828 3402 1925 3441 seu
1955 3403 2021 3442 ex

423 3479 731 3536 idololatria
762 3477 1005 3549 sequitur
1031 3476 1342 3547 injustitia,
1360 3474 1414 3528 id
1446 3482 1528 3529 est
1557 3475 1701 3529 mala
1732 3491 1897 3545 opera
1922 3496 1936 3541 ;
1970 3485 2022 3531 et

429 3585 496 3627 ex
525 3568 783 3638 injustitia
810 3566 1054 3639 sequitur
1084 3567 1173 3621 ira
1204 3566 1323 3630 Dei,
1356 3562 1413 3618 id
1441 3571 1522 3618 est
1551 3563 1827 3618 damnatio
1856 3572 2021 3620 aiter—

428 3674 514 3726 na,
568 3658 728 3712 saluti
774 3656 1082 3724 contraria,
1142 3654 1287 3726 quod
1332 3651 1745 3724 aequipollenter
1795 3653 1873 3708 sic
1901 3652 2019 3707 ait:

429 3746 571 3801 Vere
618 3762 684 3800 ex
732 3744 835 3799 ﬁde
882 3744 1156 3801 revelatur
1193 3742 1425 3812 justitia;
1459 3749 1509 3796 et
1554 3740 1634 3797 sic
1683 3740 1851 3796 salus.
1884 3741 2023 3794 Nam

429 3850 600 3907 super
632 3850 856 3890 omnem
886 3835 1240 3905 impietatem
1275 3848 1286 3886 :
1323 3846 1487 3901 super
1516 3830 1664 3898 dicit,
1696 3831 1768 3886 ad
1798 3829 2023 3900 opposi-

432 3923 633 3980 tionem
682 3922 1007 3993 impietatis;
1040 3930 1093 3977 et
1122 3937 1244 3977 cum
1294 3921 1425 3976 dicit
1465 3919 1817 3992 impietatem,
1848 3918 2024 3989 magis

435 4020 515 4067 est
546 4027 707 4083 quam
753 4012 800 4064 si
849 4011 1058 4067 diceret
1087 4025 1277 4065 omnes
1316 4009 1532 4081 impios.
1569 4009 1626 4065 Si
1656 4008 1799 4064 enim
1830 4006 2024 4079 impios

433 4101 661 4165 diceret,
695 4116 886 4156 omnes
930 4099 1147 4171 quidem
1195 4099 1410 4171 impios,
1447 4098 1543 4152 sed
1574 4114 1683 4152 non
1711 4112 1810 4167 pro
1840 4096 2025 4166 singu-

433 4190 502 4244 lis
529 4188 898 4260 impietatibus
926 4188 1314 4259 opprimendos
1343 4188 1568 4243 diceret.
1603 4186 1710 4242 Sed
1741 4201 1866 4241 cum
1898 4184 2024 4240 dicit

2122 278 2208 332 vel
2238 278 2437 332 habere
2469 285 2718 348 possunt,
2749 292 2868 331 eam
2905 277 3185 341 detinent,
3211 276 3266 329 id
3298 283 3379 330 est
3416 276 3732 340 retrahunt,

2121 382 2189 421 ne
2223 366 2364 437 quod
2402 373 2597 420 natura
2627 366 2885 437 exigeret,
2921 365 3174 419 ascendat
3204 364 3272 417 ad
3303 364 3502 436 aliquid
3534 364 3735 435 magis

2122 455 2191 509 de
2222 455 2337 509 Deo
2367 454 2796 527 agnoscendum.
2845 453 3095 508 Detinent
3140 454 3323 524 utique
3362 468 3481 507 eam
3524 455 3585 507 in
3616 455 3731 507 in—

2112 544 2365 614 justitia,
2400 542 2454 596 id
2484 550 2565 597 est
2592 558 2689 612 per
2713 541 2851 595 mala
2883 558 3002 613 quae
3045 548 3357 611 operantur.
3394 542 3533 595 Vere
3564 541 3735 612 impii

2122 632 2400 688 veritatem
2422 630 2520 685 Dei
2541 630 2618 685 sic
2641 631 2879 686 detinent
2901 649 2914 696 ;
2948 633 3078 703 quia
3100 631 3241 702 quod
3261 636 3460 686 notum
3482 636 3567 686 est
3590 633 3725 701 Dei,

2121 719 2178 774 id
2206 727 2287 774 est
2335 719 2481 790 quod
2530 720 2787 791 cognosci
2827 726 3005 789 potest
3035 719 3103 774 de
3133 720 3269 787 Deo,
3299 719 3429 773 illud
3460 723 3729 792 manife-

2123 813 2274 864 stum
2306 813 2407 875 est,
2442 808 2486 862 si
2518 824 2623 862 non
2655 808 2709 861 in
2738 816 2861 863 actu
2884 808 2981 872 rei,
3007 815 3184 862 tamen
3216 809 3275 862 in
3300 809 3437 877 illis,
3470 808 3524 861 id
3555 809 3729 864 estin

2123 897 2424 952 rationibus
2454 912 2659 964 eorum,
2693 905 2745 951 et
2773 896 2827 950 in
2850 896 3085 967 potentia
3107 896 3411 951 intellectus
3434 896 3534 950 sui.
3570 898 3731 951 Vere

2124 986 2267 1058 quod
2296 993 2482 1040 notum
2507 994 2586 1040 est
2617 986 2735 1053 Dei,
2770 985 3114 1040 manifestum
3147 993 3227 1040 est
3258 985 3435 1039 inillis
3464 985 3731 1040 omnibus

2123 1074 2502 1145 potentialiter.
2549 1075 2689 1129 Nam
2735 1078 2880 1131 Deus
2910 1075 3301 1146 mani/estauit
3332 1074 3383 1127 in
3416 1082 3535 1129 actu
3568 1076 3725 1143 illis,

2123 1164 2179 1218 id
2208 1171 2291 1219 est
2323 1164 2647 1235 quibusdam
2679 1164 2912 1231 illorum,
2956 1165 3058 1218 hoc
3090 1164 3229 1234 quod
3263 1171 3449 1218 notum
3481 1171 3558 1217 est
3591 1164 3724 1218 Dei.

2198 1252 2356 1321 Quod
2387 1252 2430 1306 si
2472 1253 2792 1324 quibusdam
2822 1253 3114 1308 revelatum
3148 1261 3229 1307 est
3261 1253 3312 1306 in
3334 1260 3473 1318 actu,
3505 1260 3729 1307 constat

2124 1341 2246 1413 quia
2300 1341 2646 1396 manifestum
2704 1350 2785 1396 est
2844 1342 2896 1395 in
2954 1342 3212 1413 potentia.
3272 1341 3424 1396 Plato
3483 1341 3628 1396 enim
3670 1348 3731 1396 et

2126 1430 2339 1502 quidam
2406 1431 2713 1502 philosophi
2785 1431 3096 1485 naturaliter
3163 1438 3535 1502 cognoverunt
3592 1446 3726 1485 esse

2124 1537 2289 1573 unum
2319 1520 2631 1575 Creatorem
2664 1522 2920 1587 omnium,
2958 1538 3065 1576 non
3098 1529 3276 1576 tamen
3308 1522 3423 1576 sine
3451 1519 3726 1590 adjutrice

2122 1610 2292 1680 gratia
2322 1610 2441 1664 Dei.
2477 1611 2677 1665 Probat
2699 1610 2843 1681 quod
2870 1612 3016 1664 Deus
3048 1611 3372 1681 quibusdam
3404 1619 3525 1665 actu
3557 1626 3721 1665 reve—

2122 1698 2250 1753 lavit
2291 1699 2415 1765 hoc,
2469 1707 2520 1753 et
2562 1700 2781 1753 modum
2832 1699 3177 1754 revelationis
3224 1700 3422 1764 subdit,
3474 1699 3715 1753 dicens:

2124 1787 2261 1842 Vere
2315 1789 2461 1841 Deus
2520 1787 2841 1858 quibusdam
2891 1787 3167 1843 revelavit.
3223 1789 3363 1843 Nam
3406 1788 3723 1843 invisibilia

2121 1878 2300 1950 ipsius
2345 1878 2541 1933 divinae
2591 1878 2843 1933 essentia:
2900 1879 3331 1950 conspiciuntur
3376 1896 3408 1934 a
3447 1881 3721 1933 creatura

2120 1968 2342 2037 mundi,
2374 1983 2474 2023 nec
2515 1967 2749 2023 obscure
2803 1968 2899 2022 sed
2951 1967 3129 2023 lucide
3161 1967 3451 2033 intellecta,
3482 1985 3582 2041 per
3612 1970 3724 2024 illa

2121 2074 2243 2128 quce
2264 2073 2329 2112 ea
2353 2061 2529 2124 sunt;
2561 2073 2660 2127 per
2689 2055 2975 2111 invisibilia
3024 2057 3237 2112 Patrem
3272 2057 3556 2128 significat,
3593 2058 3723 2129 quia

2121 2146 2330 2201 anullo
2388 2146 2532 2201 ducit
2589 2145 2933 2217 principium,
2998 2147 3133 2202 sicut
3190 2146 3356 2201 Filius
3402 2157 3453 2202 et
3486 2148 3718 2218 Spiritus

2122 2242 2399 2289 sanctusa
2449 2236 2626 2290 Patre.
2690 2235 2816 2291 Ideo
2872 2244 3050 2290 autem
3103 2235 3371 2307 pluralem
3428 2253 3718 2291 numerum

2120 2324 2319 2395 posuit,
2354 2325 2478 2395 quia
2527 2323 2813 2380 inﬁrmitas
2858 2326 3081 2379 humani
3128 2326 3434 2381 intellectus
3464 2343 3571 2381 non
3603 2326 3717 2381 suf-

2121 2412 2230 2469 ﬁcit
2287 2413 2635 2469 considerare
2686 2414 2742 2468 in
2798 2415 2933 2483 Deo,
2993 2414 3096 2468 nisi
3134 2431 3229 2485 per
3274 2416 3718 2486 interpositiones

2122 2510 2445 2574 temporum,
2484 2520 2602 2574 quae
2624 2503 2679 2557 in
2709 2502 3071 2576 eo:naturalia
3100 2514 3151 2559 et
3182 2504 3343 2559 simul
3373 2513 3495 2560 sunt
3525 2515 3576 2560 et
3606 2522 3716 2561 uno

2122 2592 2229 2647 ictu
2249 2592 2319 2663 (si
2343 2591 2460 2647 fieri
2480 2594 2679 2663 potest)
2693 2593 3107 2648 consideranda.
3127 2594 3484 2665 Sempitcrna
3505 2612 3717 2667 quoque

2122 2682 2306 2736 virtus
2336 2684 2475 2752 ejus,
2511 2681 2565 2735 id
2597 2690 2677 2736 est
2701 2683 2815 2751 ejus
2837 2682 3032 2737 divinae
3061 2683 3330 2751 essentiaz,
3350 2683 3403 2736 id
3420 2692 3501 2739 est
3523 2684 3710 2747 Filius,

2125 2769 2216 2839 qui
2266 2769 2436 2825 virtus
2485 2778 2540 2824 et
2568 2769 2834 2841 sapientia
2873 2771 3047 2825 Patris
3096 2772 3310 2838 dicitur,
3346 2789 3561 2843 semper
3591 2789 3715 2828 cum

2126 2859 2286 2913 Patre
2316 2867 2569 2925 aeternus,
2604 2863 2658 2915 et
2682 2860 2972 2926 divinitas,
3007 2860 3063 2914 id
3091 2869 3173 2915 est
3204 2862 3437 2916 bonitas.
3471 2862 3625 2917 Unde
3664 2871 3718 2916 et

2120 2948 2289 3002 bonos
2338 2948 2603 3012 homines,
2653 2948 2865 3003 divinos
2906 2964 3178 3004 vocamus.
3230 2951 3479 3015 Bonitas,
3532 2950 3585 3004 id
3633 2958 3716 3006 est

2121 3036 2335 3091 dilectio
2409 3038 2524 3106 ejus
2601 3037 2798 3092 divinae
2853 3037 3143 3103 'essentiai,
3216 3039 3422 3094 scilicet
3480 3039 3713 3109 Spiritus

2122 3134 2363 3192 sanctus,
2426 3126 2515 3197 qui
2558 3126 2689 3180 nihil
2737 3126 2881 3181 aliud
2913 3136 2997 3181 est
3040 3144 3198 3199 quam
3249 3127 3464 3182 bonitas
3511 3136 3566 3182 et
3622 3128 3712 3182 di-

2121 3213 2280 3269 lectio
2353 3214 2522 3269 Patris
2596 3223 2647 3271 et
2710 3216 2850 3271 Filii.
2928 3218 3075 3285 Haec,
3135 3216 3371 3289 inquam,
3437 3217 3604 3271 virtus
3662 3225 3715 3273 et

2131 3302 2191 3359 1
2215 3303 2275 3359 1
2318 3303 2573 3359 divinitas
2609 3305 3019 3375 conspiciuntur
3050 3306 3335 3371 intellecta,
3371 3322 3470 3376 per
3501 3322 3567 3360 ea
3598 3323 3713 3377 quae

2124 3392 2267 3446 facta
2299 3400 2441 3447 sunt.
2473 3394 2645 3448 Homo
2676 3394 2818 3449 enim
2851 3394 3137 3448 invisibilia
3168 3395 3477 3465 intelligere
3506 3395 3706 3465 nequit,

2123 3480 2227 3535 nisi
2257 3497 2356 3549 per
2385 3496 2449 3535 ea
2462 3498 2580 3550 qua:
2604 3481 2766 3535 videt.
2794 3481 2901 3535 Sed
2918 3497 3038 3535 cum
3061 3482 3252 3550 aspicit
3276 3481 3512 3553 aliquem
3532 3499 3711 3555 regem

2123 3569 2306 3639 magni
2335 3568 2565 3638 imperii,
2600 3584 2696 3638 per
2725 3585 2847 3622 eum
2871 3569 3273 3640 quodammodo
3293 3570 3560 3641 intelligit,
3593 3588 3713 3626 eum

2125 3674 2312 3729 regem
2352 3657 2517 3729 longe
2546 3657 2805 3725 majorem
2838 3659 2929 3729 qui
2958 3658 3117 3712 istum
3148 3660 3377 3714 creavit.
3420 3662 3553 3715 Cum
3584 3676 3711 3715 vero

2124 3746 2271 3801 videt
2319 3746 2565 3801 virtutem
2627 3762 2723 3800 seu
2781 3747 3097 3817 sapientiam
3157 3747 3210 3800 in
3265 3748 3463 3820 aliquo,
3518 3748 3713 3819 cogitat

2124 3835 2291 3889 multo
2336 3835 2515 3907 magis
2565 3834 2815 3889 virtutem
2864 3853 2987 3890 esse
3017 3845 3069 3891 et
3099 3837 3419 3907 sapientiam
3448 3838 3501 3891 in
3531 3854 3596 3892 eo
3627 3838 3714 3908 qui

2126 3924 2274 3978 dedit
2303 3924 2400 3977 illi.
2447 3924 2537 3979 Sic
2573 3924 2642 3979 de
2692 3924 2931 3980 bonitate
2979 3942 3073 3980 seu
3122 3926 3409 3981 dilectione
3454 3927 3572 3991 Dei,
3617 3944 3712 3997 per

2127 4008 2423 4062 bonitatem
2472 4017 2732 4063 creatura:
2776 4017 2953 4079 potest
2999 4010 3276 4080 cognosci.
3329 4011 3479 4065 Hanc
3536 4020 3711 4065 autem

2126 4096 2378 4152 virtutem
2422 4104 2477 4151 ct
2520 4097 2856 4152 divinitatem
2906 4098 2959 4151 in
2991 4098 3106 4152 Deo
3136 4098 3453 4153 naturaliter
3482 4115 3711 4169 pensare

2130 4184 2451 4251 suffecisset,
2487 4187 2585 4240 etsi
2620 4186 2711 4240 illa
2740 4186 2981 4253 nomina,
3017 4186 3070 4240 id
3102 4195 3182 4240 est
3214 4187 3377 4241 Filius
3409 4196 3461 4242 et
3491 4188 3711 4258 Spiritus

439 4294 656 4335 omnem
686 4277 1036 4348 impietatem,
1089 4284 1142 4331 et
1180 4291 1370 4332 omnes
1418 4275 1612 4346 impios
1648 4289 1746 4345 pro
1777 4273 2022 4344 singulis,
2051 4264 2098 4322 D
2131 4282 2348 4329 sanctus
2378 4274 2716 4345 ignorarent.
2752 4275 2897 4329 Idem
2928 4275 3072 4328 enim
3094 4284 3175 4329 est
3205 4276 3376 4329 virtus
3398 4285 3449 4330 et
3470 4276 3712 4332 divinitas

437 4367 803 4438 impietatibus
832 4365 1137 4437 puniendos
1164 4381 1286 4420 esse
1317 4364 1571 4419 insinuat.
1602 4363 1778 4434 Super
1812 4378 2029 4417 omnem

440 4457 623 4528 utique
670 4455 1036 4525 impietatem;
1082 4471 1147 4509 ex
1179 4470 1284 4526 qua
1324 4452 1638 4508 inﬁdelitate
1684 4451 1937 4523 procedit
1974 4450 2031 4504 in

434 4544 659 4615 justitia,
710 4543 765 4598 id
814 4550 895 4598 est
940 4558 1202 4613 perversa
1251 4542 1511 4614 cogitatio
1542 4540 1628 4596 vel
1658 4540 1900 4612 operatio
1930 4558 1944 4606 ;
1979 4546 2032 4593 et

443 4650 610 4704 super
640 4647 856 4687 omnem
887 4630 1198 4699 injustitiam
1218 4632 1523 4698 reveletur,
1558 4628 1613 4683 id
1634 4636 1718 4684 est
1746 4627 2031 4699 cognosci-

444 4729 532 4775 tur
581 4736 705 4776 esse
753 4720 834 4774 ira
872 4719 971 4774 Dei
1020 4718 1231 4773 venturi
1277 4718 1345 4772 de
1389 4717 1527 4773 coelo
1577 4718 1630 4771 in
1676 4716 1762 4770 die
1809 4714 2021 4785 judicii.

444 4811 594 4865 Tunc
625 4808 769 4864 enim
799 4808 1126 4863 revelabitur
1174 4806 1257 4861 his
1288 4806 1380 4877 qui
1409 4822 1581 4877 usque
1613 4806 1683 4859 ad
1711 4805 1856 4860 diem
1885 4804 2033 4858 illum

445 4913 554 4953 non
610 4896 941 4952 crediderint
990 4895 1262 4951 Christum
1309 4910 1430 4948 esse
1467 4894 1705 4962 judicem
1769 4892 2030 4947 omnium.

446 4986 546 5041 Vel
575 4988 663 5042 ira
692 4987 787 5041 Dei
815 4987 1097 5041 reveletur
1134 4985 1199 5039 de
1229 4984 1380 5049 creto,
1430 4982 1553 5053 quia
1584 4983 1757 5053 ipsum
1790 4982 2033 5036 elemen-

446 5075 641 5129 tumin
690 5082 880 5128 ornatu
920 5082 971 5128 et
1016 5072 1219 5127 factura
1269 5086 1367 5125 sua
1415 5071 1651 5125 ostendit
1687 5070 2035 5125 metuendam

448 5180 570 5219 esse
625 5163 761 5217 iram
819 5163 954 5231 ejus,
1017 5160 1108 5231 qui
1164 5159 1328 5213 talem
1400 5167 1705 5214 creaturam
1761 5158 2033 5213 formavit.

448 5252 756 5320 Revelatur,
782 5251 1022 5321 inquam,
1046 5250 1133 5303 ira
1155 5264 1323 5319 super
1345 5249 1403 5302 in
1403 5250 1698 5319 justitiam
1720 5248 2034 5312 hominum,

450 5356 643 5397 eorum
673 5339 949 5395 hominum
979 5338 1120 5401 dico,
1164 5338 1259 5408 qui
1289 5337 1607 5401 veritatem,
1658 5336 1708 5389 id
1742 5342 1822 5390 est
1854 5351 2037 5391 veram

2132 4380 2228 4417 seu
2249 4362 2467 4417 dilectio
2486 4363 2603 4428 Dei,
2630 4363 2775 4432 quod
2798 4362 2962 4416 Filius
2984 4372 3036 4417 et
3053 4363 3283 4433 Spiritus
3306 4372 3527 4421 sanctus
3546 4366 3712 4421 virtus

2132 4460 2186 4506 et
2214 4451 2464 4507 divinitas
2512 4450 2613 4505 Dei
2642 4468 2740 4521 per
2781 4466 2847 4505 ea
2884 4468 3003 4521 qua:
3042 4462 3224 4507 sancta
3254 4462 3378 4506 sunt
3409 4453 3714 4526 intelligun-

2132 4546 2235 4592 tur.
2272 4539 2355 4593 lta
2382 4543 2448 4593 ut
2479 4538 2725 4594 homines
2755 4540 2871 4595 sint
2890 4542 3305 4596 inexeusabiles
3328 4557 3392 4596 ex
3417 4543 3538 4607 hoc,
3563 4544 3703 4613 quia,

2133 4644 2262 4683 eum
2310 4630 2697 4697 cognovissent
2743 4630 2935 4695 Deum,
2979 4629 3025 4682 si
3072 4645 3180 4683 non
3221 4638 3361 4691 actu,
3410 4638 3590 4683 tamen
3619 4647 3711 4700 per

2134 4715 2431 4787 potentiam
2463 4717 2577 4785 ejus
2624 4716 2927 4772 intellectus
2975 4718 3253 4786 naturalis,
3292 4734 3404 4772 non
3433 4718 3709 4788 glori/ica-

2135 4809 2341 4860 verunt
2357 4807 2550 4873 Deum,
2577 4805 2806 4860 colendo
2824 4813 2874 4861 et
2892 4806 3211 4860 honorando
3230 4822 3351 4861 eum
3374 4808 3522 4861 sicut
3546 4809 3711 4863 Deum

2135 4897 2235 4948 aut
2281 4895 2495 4963 gratias
2534 4898 2789 4963 egerunt,
2832 4893 2885 4947 id
2916 4902 2997 4948 est
3040 4894 3184 4949 bona
3213 4894 3558 4965 cogitationis
3588 4912 3709 4961 suae,

2135 4997 2245 5035 non
2274 4982 2459 5052 gratia:
2502 4982 2622 5049 Dei,
2665 4981 2760 5035 sed
2802 4982 2905 5035 sibi
2949 4982 3325 5038 attribuerunt.
3360 4984 3475 5038 Deo
3507 4983 3710 5053 quidem

2137 5085 2247 5123 non
2293 5077 2521 5141 egerunt
2560 5069 2782 5138 gratias,
2827 5071 2921 5125 sed
2958 5072 3019 5125 in
3050 5072 3483 5142 cogitationibus
3514 5072 3629 5127 suis
3657 5087 3710 5125 se

2139 5148 2424 5212 efferentes
2492 5163 2866 5227 evanuerunt,
2925 5175 2955 5211 a
3007 5158 3357 5213 similitudine
3419 5159 3568 5224 fumi,
3629 5158 3707 5230 qui

2139 5254 2339 5316 quanto
2397 5245 2517 5316 plus
2573 5246 2836 5313 ascendit,
2898 5253 3046 5301 tanto
3104 5248 3333 5318 amplius
3392 5246 3525 5300 nihil
3568 5246 3715 5313 ﬁt,et

2140 5334 2267 5405 quia
2323 5334 2689 5405 superbiendo
2762 5343 3112 5404 evanuerunt,
3180 5336 3303 5391 ideo
3360 5353 3473 5414 cor,
3535 5336 3589 5390 id
3642 5343 3711 5390 cst
