3960 6036
323 157 394 210 25
941 145 1324 202 EXPOSITIO
1367 145 1437 199 IN
1479 141 1856 198 EPISTOLAS
1897 141 2119 197 PAULI.
2161 172 2228 180 —
2270 140 2342 193 IN
2383 139 2606 194 EPIST.
2651 139 2743 192 AD
2776 137 2944 194 ROM.
3561 140 3630 194 26

325 272 684 346 intelligentia
713 287 900 326 eorum
930 269 1085 341 prius
1111 268 1324 323 subtilis
1372 270 1671 325 obscurata
1701 271 1785 323 est
1815 267 2009 337 pro-A
2036 265 2163 336 quia
2193 263 2500 319 servierunt
2527 269 2792 320 creaturae
2821 269 2874 317 et
2919 276 3030 316 non
3079 259 3345 329 Creatori,
3397 259 3638 316 tradidit

322 371 447 433 pter
476 361 803 433 superbiam,
829 361 968 414 adeo
1002 367 1060 413 ut
1078 357 1233 413 fieret
1252 359 1549 431 insipiens.
1575 359 1926 412 Evanuerunt

323 452 532 522 utique.
567 451 700 504 Nam
758 450 1013 504 dixerunt
1072 448 1344 518 sapientes
1403 463 1524 501 esse
1556 463 1635 510 se,
1695 445 1752 499 id
1783 451 1863 499 est
1895 459 1927 498 a

323 540 544 610 seipsis,
579 539 696 593 sine
731 538 878 592 dono
927 537 1046 603 Dei,
1114 535 1439 607 sapientiam
1499 551 1653 589 suam
1685 551 1826 588 esse.
1860 533 1928 586 Et

322 645 458 684 vere
488 644 585 683 cor
614 643 804 682 eorum
835 627 1184 681 obscuratum
1207 632 1287 679 est
1321 643 1333 678 :
1366 641 1489 678 nam
1519 625 1625 679 hoc
1654 623 1925 689 dicentes,

322 725 376 772 et
407 717 478 770 ita
525 732 648 771 esse
694 715 979 770 credentes
1036 715 1179 784 facti
1233 717 1369 768 sunt
1429 714 1617 776 stulti,
1654 718 1705 766 et
1751 710 1830 765 sic
1861 710 1931 764 de

319 805 582 875 superbia
644 804 697 857 in
755 801 1136 875 ignorantiam,
1195 801 1262 856 de
1321 800 1626 874 ignorantia
1681 799 1736 853 in
1793 798 1929 853 stul-

319 893 495 948 titiam
525 892 664 963 lapsi
692 890 1007 962 prarcipitati
1029 897 1152 944 sunt
1185 908 1198 944 :
1232 889 1368 944 adeo
1398 889 1542 961 quod
1563 890 1932 944 mutaverunt

320 980 567 1049 gloriam
587 976 1060 1047 incorruptibilis,
1080 975 1132 1027 id
1152 982 1233 1029 est
1251 973 1588 1029 invariabilis
1603 975 1716 1038 Dei,
1734 980 1934 1042 praeter

323 1082 491 1136 quem
523 1065 696 1120 omnis
728 1071 974 1120 creatura
1004 1063 1299 1129 variabilis,
1335 1071 1389 1118 et
1420 1063 1542 1117 ideo
1571 1060 1935 1132 corruptibilis

319 1161 407 1208 est
423 1155 450 1219 ’ς
476 1153 700 1224 gloriam
723 1152 907 1223 utique
929 1152 1045 1220 ejus
1061 1151 1161 1206 Dei
1182 1155 1551 1207 mutaverunt
1565 1165 1672 1205 non
1684 1150 1738 1203 in
1750 1165 1935 1203 verum

321 1242 621 1304 hominem,
647 1241 744 1296 sed
765 1242 823 1295 in
848 1242 1152 1312 imaginem
1174 1240 1560 1312 corruptibilis
1583 1239 1848 1295 hominis.
1869 1239 1934 1292 Et

317 1339 380 1384 ut
412 1346 729 1401 expressum
762 1328 998 1384 facerent
1028 1330 1130 1383 sibi
1161 1329 1532 1393 simulacrum,
1585 1335 1929 1382 mutaverunt

320 1419 430 1474 hoc
461 1419 514 1472 in
535 1417 941 1472 similitudinem
963 1417 1237 1490 imaginis,
1271 1417 1326 1472 id
1358 1425 1439 1472 est
1472 1417 1526 1470 in
1544 1417 1772 1471 similem
1804 1416 1937 1470 ima-

323 1508 536 1579 ginem,
571 1507 813 1562 colentes
843 1515 1146 1561 creaturam
1189 1507 1309 1561 loco
1358 1506 1651 1561 Creatoris.
1701 1505 1856 1558 Prius
1885 1504 1938 1557 in

323 1595 738 1650 similitudinem
760 1594 1022 1660 hominis;
1051 1595 1246 1649 dehinc
1266 1595 1319 1648 in
1342 1594 1750 1648 similitudinem
1777 1595 1935 1648 volu-
1955 1623 2007 1684 B

323 1701 491 1739 crum
506 1704 523 1750 ;
541 1692 728 1754 postea
755 1683 807 1736 in
828 1682 1237 1738 similitudinem
1259 1684 1683 1756 quadrupedum
1704 1702 1717 1748 ;
1743 1690 1794 1736 et
1815 1690 1936 1752 post

324 1774 432 1828 hoc
463 1773 516 1826 in
545 1772 954 1826 similitudinem
985 1773 1335 1844 serpentium
1363 1779 1701 1827 mutaverunt
1732 1772 1935 1826 cuitum

327 1870 382 1916 et
395 1861 714 1932 religionem
728 1860 1004 1915 Creatoris
1022 1861 1272 1932 gentiles.
1295 1860 1442 1916 Sicut
1453 1861 1656 1915 dictum
1670 1869 1781 1916 est:
1800 1859 1936 1928 Quia

325 1951 381 2004 in
396 1949 674 2005 intellectu
694 1949 1093 2020 superbierunt,
1119 1949 1240 2003 ideo
1270 1948 1545 2005 intellectu
1574 1949 1771 2020 privati
1791 1956 1933 2002 sunt.

329 2038 470 2106 Quia
501 2038 696 2093 iterum
719 2038 1028 2092 Creatorem
1052 2046 1399 2108 respuerunt,
1423 2038 1480 2092 in
1500 2038 1708 2092 cultura
1724 2045 1937 2094 creatu-

328 2144 402 2181 rae
433 2127 602 2197 puniti
634 2134 780 2181 sunt.
805 2127 998 2181 Iterum
1031 2127 1174 2199 quia,
1207 2135 1260 2181 ut
1292 2135 1474 2181 natura
1496 2127 1744 2193 docebat,
1763 2128 1935 2181 Deum

328 2214 639 2288 gloriﬁcare
667 2214 974 2282 noluerunt,
1008 2215 1124 2282 sed,
1149 2215 1217 2270 ad
1245 2215 1389 2287 quod
1432 2224 1626 2270 natura
1657 2230 1936 2286 repugna-

329 2304 440 2372 bat,
474 2310 756 2359 creaturas
782 2303 1080 2370 coluerunt,
1113 2304 1237 2359 ideo
1268 2304 1337 2358 ad
1353 2313 1576 2374 peccata
1597 2321 1716 2375 quae
1748 2312 1940 2359 contra

330 2400 588 2447 naturam
617 2400 762 2459 sunt,
785 2392 1022 2448 devoluti
1043 2400 1188 2459 sunt,
1213 2393 1351 2447 sicut
1376 2393 1623 2464 sequitur
1657 2411 1670 2447 :
1698 2395 1940 2464 Propter

325 2482 492 2554 quod,
516 2481 569 2535 id
591 2489 672 2536 est
693 2481 817 2552 quia
848 2481 993 2552 quod
1025 2490 1213 2536 contra
1235 2489 1478 2536 naturam
1504 2480 1616 2546 fuit,
1658 2489 1938 2537 creaturas

331 2569 638 2624 coluerunt.
673 2570 801 2624 Ideo
836 2570 1205 2624 subtrahendo
1254 2571 1502 2641 gratiam.
1539 2571 1778 2626 tradidit
1810 2571 1938 2626 illos

326 2659 475 2713 Deus
499 2659 558 2712 in
592 2658 871 2714 desideria
887 2659 1070 2713 cordis
1100 2674 1312 2724 eorum,
1357 2666 1414 2712 ut
1444 2658 1625 2712 animo
1653 2665 1935 2728 cuperent.

327 2745 542 2802 Dehinc
571 2747 633 2800 in
683 2746 1134 2812 immunditiam,
1171 2746 1226 2800 id
1256 2754 1339 2800 est
1368 2747 1423 2800 in
1447 2761 1586 2816 opus
1616 2745 1939 2802 desiderata:

330 2835 691 2889 immunditia:
725 2850 736 2888 :
771 2835 838 2889 ad
873 2836 994 2903 hoc,
1044 2833 1281 2906 inquam,
1317 2835 1395 2890 sic
1444 2835 1666 2889 tradidit
1697 2835 1839 2903 illos,
1874 2839 1940 2889 ut

331 2939 567 2994 corpora
588 2940 691 2978 sua
713 2924 987 2993 afﬁciant,
1010 2922 1063 2977 id
1077 2923 1540 2978 estcontaminent
1556 2924 1937 2985 contumeliis,

329 3011 385 3064 id
421 3019 503 3065 est
532 3011 614 3064 his
647 3011 1053 3082 pollutionibus,
1093 3028 1214 3082 quae
1246 3012 1288 3066 si
1318 3012 1583 3066 violenter
1613 3011 1943 3067 inferrentur

331 3099 437 3164 eis,
471 3115 566 3170 pro
597 3115 797 3170 magna
826 3099 1156 3155 contumelia
1199 3100 1497 3166 haberent;
1548 3100 1778 3156 afﬁciant
1818 3101 1941 3156 dico

329 3190 397 3242 in
433 3190 773 3260 semetipsis,
817 3187 869 3242 id
923 3196 1004 3242 est
1051 3187 1137 3243 vel
1185 3188 1319 3243 alter
1356 3189 1410 3242 in
1467 3189 1714 3255 alterum,
1751 3189 1845 3245 vel,
1887 3189 1942 3242 in

328 3277 661 3346 semetipsis.
714 3279 827 3332 Hoc
885 3276 1268 3332 intellexerunt
1344 3278 1543 3333 debere
1605 3277 1723 3334 fieri
1771 3293 1879 3332 non
1910 3293 1942 3332 a

334 3365 474 3428 Deo,
510 3365 601 3434 qui
633 3365 783 3434 prius
813 3365 880 3420 de
911 3365 1185 3420 intellectu
1216 3382 1275 3420 se
1305 3365 1619 3421 efferebant.

371 3452 533 3519 Quod
555 3452 688 3507 dixit
710 3454 960 3524 superius
974 3458 1344 3510 mutaverunt
1365 3456 1626 3524 gloriam,
1652 3455 1704 3508 id
1728 3456 1938 3526 repetit,

330 3549 390 3594 ut
421 3549 703 3596 enumeret
732 3542 926 3597 modos
957 3542 1288 3609 mutationis,
1315 3543 1502 3598 dicens
1539 3535 1691 3610 :‘Qui
1713 3544 1942 3615 gentiles

327 3634 829 3685 com-mutaverunt
890 3634 1208 3698 veritatem,
1266 3631 1321 3686 id
1387 3641 1469 3687 est
1518 3632 1718 3688 cultum
1781 3648 1944 3704 quem

335 3717 604 3772 naturalis
650 3719 852 3773 veritas
901 3720 1180 3774 asserebat
1226 3720 1589 3775 exhibendum
1643 3737 1764 3776 esse
1804 3722 1940 3787 Deo,

329 3808 397 3861 in
435 3807 817 3872 mendacium,
850 3808 904 3862 id
937 3816 1015 3862 est
1046 3807 1099 3862 in
1131 3817 1406 3863 creaturas
1444 3826 1578 3881 quas
1609 3809 1945 3864 mendaciter

331 3893 750 3965 tingebantesse
768 3895 920 3963 deos,
944 3905 994 3951 et
1012 3903 1299 3967 postquam
1319 3896 1606 3966 ﬁnxerunt,
1622 3899 1942 3964 coluerunt,

331 3982 390 4036 id
436 3991 519 4037 est
568 3984 931 4038 adoraverunt
976 4001 1092 4040 eos.
1146 3985 1354 4040 Dehinc
1417 3985 1578 4040 etiam
1627 3988 1946 4042 serv-ierunt

333 4068 636 4137 offerendo,
671 4080 724 4126 et
754 4072 1085 4127 immolando
1109 4078 1406 4128 creatura.
1443 4074 1537 4128 His
1568 4073 1741 4128 tribus
1770 4074 1946 4129 modis

335 4166 681 4213 mutaverunt
724 4160 956 4232 gloriam
1005 4161 1150 4216 Dei:
1218 4161 1372 4215 Prius
1421 4162 1752 4217 mendaciter
1783 4171 1945 4233 puta-

336 4255 533 4301 verunt
563 4247 764 4302 idolum
796 4265 918 4304 esse
948 4250 1121 4304 Deum
1147 4269 1160 4314 ;
1211 4249 1406 4304 dehinc
1435 4251 1754 4317 adorando;
1788 4251 1947 4306 tertio

333 4335 541 4388 hostias
589 4335 942 4391 immolando.
1022 4337 1334 4393 Servierunt
1383 4338 1567 4410 utique

327 4423 635 4490 judicantes
667 4425 768 4480 hoc
795 4427 986 4495 potius
1025 4441 1148 4480 esse
1198 4443 1365 4497 quam
1409 4427 1617 4481 servire
1669 4427 1938 4496 Creatori,

334 4512 427 4582 qui
457 4512 682 4567 Creator
710 4513 765 4566 in
813 4514 1095 4568 aversione
1146 4531 1334 4569 eorum
1400 4515 1533 4569 nihil
1583 4517 1807 4586 perdit:
1857 4520 1940 4570 est

338 4599 486 4654 enim
520 4601 844 4656 benedictus
871 4603 933 4656 in
955 4603 1134 4656 omnia
1162 4604 1389 4670 saecula,
1425 4603 1688 4676 quidquid
1717 4605 1944 4658 adorent

342 4689 419 4742 illi
453 4707 466 4742 :
499 4705 687 4755 amen,
739 4689 793 4743 id
833 4698 915 4745 est
971 4690 1213 4759 profecto
1270 4691 1342 4745 ita
1399 4701 1499 4746 est.
1559 4692 1718 4761 Quod
1749 4692 1944 4747 iterum

345 4777 597 4845 superius
628 4777 731 4831 ait:
762 4779 1012 4835 Tradidit
1038 4781 1165 4835 illos
1187 4781 1331 4834 Deus
1353 4781 1415 4835 in
1447 4780 1844 4848 desideria,hic
1865 4796 1948 4834 re-

347 4864 481 4933 petit
513 4865 674 4931 idem,
709 4875 769 4920 ut
797 4883 1012 4937 pmnam
1033 4869 1245 4939 peccati
1267 4877 1547 4939 comparet
1568 4869 1666 4940 ipsi
1696 4877 1941 4940 peccato.

348 4951 488 5020 Quia
524 4954 680 5020 sicut,
710 4957 856 5026 quod
904 4964 1095 5010 natura
1136 4957 1406 5027 exigebat,
1451 4958 1694 5012 Creatori
1741 4959 1945 5012 cultum

352 5039 411 5095 1
431 5041 503 5095 2
535 5042 890 5113 denegantes,
926 5044 993 5097 ad
1024 5061 1128 5098 non
1160 5045 1458 5100 naturalem
1491 5045 1692 5100 cultum
1731 5054 1946 5101 creatu-

343 5145 521 5182 rarum
553 5146 612 5183 se
643 5131 1005 5198 contulerunt,
1041 5133 1117 5187 sic
1148 5133 1250 5202 ipsi
1280 5133 1333 5186 in
1367 5149 1474 5188 non
1517 5134 1780 5189 naturalia
1811 5150 1946 5206 pec-

343 5225 460 5272 cata
488 5218 725 5272 devoluti
776 5227 916 5275 sunt.

414 5307 714 5360 Enumerat
769 5307 931 5361 etiam
983 5308 1157 5379 ipsum
1227 5318 1508 5380 peccatum
1568 5313 1839 5383 quomodo
1893 5313 1946 5367 in

342 5401 633 5466 utrumque
673 5412 860 5450 sexum
906 5395 974 5450 sit
1021 5396 1296 5467 diffusum,
1351 5399 1541 5455 dicens
1575 5418 1587 5455 :
1621 5403 1944 5474 Propterea,

2031 355 2158 409 illos
2178 355 2320 409 Deus
2337 352 2579 423 privatos
2594 352 2772 423 gratia
2786 367 2883 405 sua
2896 353 2957 406 in
2973 350 3262 421 passiones
3285 350 3631 419 ignominiaa,

2029 442 2084 496 id
2113 451 2194 497 est
2225 442 2277 495 in
2305 440 2670 513 ignominiosa
2702 447 2924 512 peccata
2971 437 3172 511 [facta],
3207 454 3325 509 quae
3355 437 3479 492 licet
3508 453 3637 493 caro

2030 531 2172 585 male
2212 529 2640 600 concupisceret,
2687 538 2869 584 tamen
2916 528 3036 598 ipsa
3083 535 3275 582 natura
3324 525 3638 581 violentiam

2030 619 2359 690 patiebatur,
2393 619 2519 673 dum
2568 619 2621 672 in
2662 635 2721 674 se
2769 633 2875 672 non
2934 616 3247 671 naturaliter
3294 621 3631 686 operaretur.

2032 710 2325 763 Enumerat
2347 707 2627 778 passiones
2648 706 2982 779 ignominiae,
3027 706 3216 760 dicens
3250 723 3262 758 :
3286 703 3492 758 Traditi
3513 711 3638 758 sunt

2032 797 2215 868 utique
2246 797 2301 850 in
2324 796 2679 868 ignominias.
2712 796 2853 850 Nam
2878 796 3109 865 feminae
3129 795 3322 847 horum
3353 791 3636 863 gentilium

2033 887 2484 940 immutaverunt
2515 885 2842 939 naturalem
2890 900 3057 938 usum
3101 881 3199 937 viri
3234 884 3296 937 in
3325 898 3452 938 eum
3483 897 3640 935 usum

2035 975 2130 1046 qui
2161 977 2245 1028 est
2269 977 2470 1029 contra
2513 977 2807 1038 nat-uram,
2857 979 2915 1026 ut
2961 987 3068 1026 una
3106 971 3415 1025 abuteretur
3444 970 3632 1036 altera,

2037 1062 2160 1133 quia
2177 1061 2480 1116 naturalem
2499 1061 2698 1116 cultum
2719 1060 2957 1115 Creatori
2978 1067 3335 1131 negaverant.
3364 1059 3643 1115 Similiter

2037 1155 2248 1216 autem,
2283 1158 2340 1204 ut
2372 1149 2605 1214 feminae,
2657 1151 2917 1217 masculi,
2977 1150 3174 1206 relicto
3222 1148 3483 1203 naturali
3536 1163 3645 1201 usu

2036 1241 2289 1311 feminae,
2315 1242 2658 1294 exarserunt
2681 1239 2742 1292 in
2762 1238 3053 1293 desideriis
3075 1238 3193 1292 suis
3216 1238 3277 1290 in
3310 1237 3570 1300 invicem;
3588 1243 3645 1290 ut

2039 1328 2176 1382 alter
2208 1328 2440 1382 alterum
2475 1326 2602 1397 igne
2633 1326 2872 1380 libidinis
2915 1325 3123 1380 incensi
3172 1323 3560 1395 concupierint,
3595 1329 3646 1378 et

2040 1417 2182 1472 sicut
2209 1417 2424 1471 animus
2453 1431 2643 1471 eorum
2666 1415 3094 1481 desideraveral,
3111 1430 3280 1484 opere
3300 1414 3643 1485 complentes

2043 1505 2481 1578 turpitudinem,
2498 1505 2738 1560 masculi
2751 1506 2813 1559 in
2825 1504 3119 1558 masculos.
3138 1505 3207 1558 Et
3219 1502 3295 1557 sic
3312 1502 3645 1574 recipientes

2040 1595 2352 1649 mercedem
2383 1595 2590 1650 erroris
2620 1595 2730 1661 sui,
2765 1592 2817 1646 id
2849 1600 2929 1648 est
2969 1607 3186 1662 pmnam
3226 1590 3372 1644 illius
3400 1588 3634 1660 peccati.

2037 1683 2191 1750 Quia,
2239 1698 2363 1737 cum
2417 1682 2804 1755 cognovissent
2861 1683 3054 1748 Deum,
3112 1695 3220 1735 non
3279 1680 3416 1735 sicut
3471 1679 3645 1733 Deum

2036 1769 2496 1844 glorificaverunt,
2531 1771 2851 1841 recipientes
2879 1771 3016 1826 hanc
3063 1785 3172 1824 non
3199 1769 3255 1823 in
3285 1769 3481 1822 damno
3510 1782 3645 1837 pos-

2038 1859 2322 1924 sessionis,
2357 1859 2444 1915 vel
2477 1857 2709 1914 ﬁliorum
2733 1903 2745 1924 ,
2779 1858 2875 1913 sed
2904 1860 2966 1912 in
2995 1859 3327 1928 semetipsis,
3363 1856 3487 1928 quia
3538 1854 3644 1926 ipsi

2037 1947 2205 2002 iidem
2229 1948 2331 2002 hac
2366 1963 2528 2018 paena
2567 1946 2738 2018 puniti
2775 1955 2915 2001 sunt.
2943 1946 3118 2014 Quam
3133 1945 3317 2015 utique
3336 1944 3645 2000 mercedem

2038 2036 2309 2107 oportuit,
2335 2035 2389 2090 id
2412 2043 2495 2090 est
2516 2035 2850 2092 conveniens
2866 2034 2963 2090 fuit
2982 2050 3075 2090 eos
3097 2034 3376 2105 recipere;
3413 2040 3469 2086 ut
3499 2031 3642 2104 quia,

2039 2125 2186 2196 quod
2261 2132 2458 2180 natura
2533 2125 2785 2180 monebat
2844 2141 2913 2179 ne
2973 2124 3248 2190 facerent,
3327 2129 3646 2193 spreverunt

2038 2214 2355 2270 Creatorem
2380 2223 2432 2269 et
2463 2215 2829 2269 adoraverunt
2862 2221 3191 2278 creaturam,
3242 2219 3386 2268 recte
3417 2226 3645 2282 compa-

2038 2312 2212 2358 ratum
2242 2312 2324 2358 est
2357 2311 2430 2368 ut,
2466 2320 2566 2374 pro
2595 2304 2701 2359 hoc
2730 2319 2839 2357 non
2868 2302 3105 2357 naturali
3153 2309 3404 2373 peccato,
3441 2300 3493 2354 in
3535 2315 3643 2356 non

2039 2392 2281 2447 naturale
2310 2400 2593 2462 peccatum
2626 2399 2678 2446 et
2718 2407 2940 2461 poenam
2991 2390 3198 2460 peccati
3244 2388 3646 2460 praecipitaren-

2039 2488 2145 2534 tur.
2177 2481 2246 2535 Et
2275 2481 2443 2546 sicut,
2479 2479 2604 2551 quia
2636 2480 2688 2534 in
2748 2495 2857 2534 non
2900 2479 3132 2533 naturali
3192 2479 3337 2535 cultu
3386 2487 3647 2533 creaturae

2038 2576 2420 2639 peccaverunt,
2451 2584 2550 2639 per
2579 2583 2686 2623 non
2714 2567 2988 2622 naturalia
3026 2575 3252 2638 peccata
3281 2567 3454 2638 puniti
3484 2575 3646 2633 sunt;

2041 2657 2120 2712 sic
2151 2656 2273 2728 quia
2299 2674 2414 2712 non
2440 2658 2819 2728 probaverunt
2848 2658 3025 2711 Deum
3071 2657 3270 2711 habere
3317 2657 3379 2710 in
3411 2656 3641 2722 notitia,

2039 2743 2094 2798 id
2127 2754 2208 2800 est
2237 2745 2362 2816 quia
2391 2761 2500 2800 non
2529 2745 2834 2799 habuerunt
2874 2745 3045 2799 Deum
3077 2743 3130 2798 in
3182 2744 3494 2816 cognitione
3525 2759 3642 2808 sua,

2041 2850 2202 2904 quem
2233 2834 2426 2888 merito
2462 2833 2904 2905 cognoscendum
2950 2833 3066 2904 ipsa
3115 2841 3304 2886 natura
3361 2832 3642 2903 probabat,

2039 2924 2095 2978 id
2122 2930 2204 2978 est
2235 2922 2362 2994 quia
2394 2923 2446 2976 in
2477 2922 2785 2992 cognitione
2835 2921 2932 2976 Dei
2980 2921 3078 2974 sibi
3130 2920 3449 2976 naturaliter
3505 2937 3642 2978 con-

2042 3027 2218 3078 cessa,
2255 3011 2526 3066 abutendo
2575 3026 2640 3066 ea
2691 3027 2790 3082 per
2853 3010 3168 3081 superbiam
3229 3019 3640 3082 peccaverunt:

2042 3102 2164 3158 ideo
2190 3108 2496 3171 opportune
2549 3099 2861 3173 cognitione
2901 3099 3073 3170 priori
3122 3098 3341 3166 amissa,
3405 3099 3643 3155 tradidit

2043 3191 2172 3245 illos
2194 3193 2338 3245 Deus
2362 3191 2423 3244 in
2445 3190 2739 3260 reprobum
2758 3205 3010 3255 sensum,
3036 3188 3162 3260 quia
3193 3197 3343 3243 recto
3365 3205 3531 3243 sensu
3569 3187 3645 3242 uti

2042 3278 2352 3334 noluerunt.
2383 3277 2646 3343 Tradidit,
2682 3277 2923 3349 inquam,
2959 3276 3026 3331 ad
3074 3278 3197 3344 hoc,
3233 3282 3300 3332 ut
3327 3277 3549 3348 faciant
3580 3293 3647 3332 ea

2043 3383 2164 3439 qua:
2195 3383 2308 3421 non
2337 3367 2711 3434 conveniunt,
2744 3365 2799 3420 id
2847 3373 2930 3420 est
2975 3381 3095 3436 quae
3123 3365 3244 3436 ipsa
3301 3374 3490 3420 natura
3517 3365 3647 3419 satis

2043 3462 2229 3524 aperte
2263 3453 2589 3526 intelligeret
2619 3469 2728 3508 non
2783 3453 3164 3509 convenientia
3220 3470 3364 3510 esse.
3410 3452 3646 3508 Primum

2045 3543 2172 3614 quia
2200 3558 2458 3598 concessa
2489 3541 2798 3614 cognitione
2829 3541 2986 3596 abusi
3043 3549 3185 3607 sunt,
3246 3548 3490 3611 putantes
3539 3543 3644 3597 hoc

2045 3632 2244 3686 bonum
2276 3630 2534 3685 naturalis
2586 3629 2890 3686 intellectus
2921 3646 2950 3683 a
2984 3645 3042 3684 se
3081 3637 3133 3685 et
3161 3645 3268 3684 non
3299 3645 3328 3683 a
3357 3631 3469 3684 Deo
3501 3646 3642 3696 esse,

2042 3720 2242 3792 privati
2299 3729 2423 3774 sunt
2505 3735 2768 3776 concesso
2850 3718 3162 3788 intellectu,
3223 3727 3274 3773 et
3332 3719 3647 3774 Creatorem

2046 3808 2482 3880 derelinquendo
2511 3817 2700 3864 contra
2747 3815 2996 3862 naturam
3027 3814 3309 3862 creaturas
3340 3806 3645 3872 coluerunt,

2049 3913 2220 3968 quare
2282 3897 2472 3952 iterum
2506 3913 2607 3967 per
2658 3896 2921 3951 naturalia
2976 3895 3148 3967 puniti
3205 3903 3348 3949 sunt.
3383 3895 3491 3950 Sed
3521 3894 3650 3966 quia

2045 3986 2221 4041 adhuc
2254 4002 2360 4040 non
2392 3985 2756 4056 paenituerunt
2808 3993 2929 4056 post
2985 4001 3094 4039 non
3141 3983 3428 4050 naturalia,
3460 3982 3514 4037 in
3545 3983 3650 4038 alia

2047 4076 2188 4128 mala
2217 4074 2534 4144 praecipitati
2565 4082 2708 4139 sunt,
2743 4074 2883 4129 sicut
2930 4074 3173 4145 sequitur
3204 4089 3216 4128 :

2118 4162 2245 4217 Illos
2317 4162 2536 4218 tradidit
2609 4162 2875 4218 Dominus
2927 4162 2982 4216 in
3036 4162 3325 4233 reprobum
3391 4177 3649 4227 sensum;

2047 4251 2170 4305 illos
2200 4251 2322 4306 dico
2362 4253 2602 4324 repletos
2632 4253 2791 4306 omni
2827 4251 3153 4323 iniquitate,
3205 4250 3326 4322 quia
3358 4257 3411 4305 et
3457 4266 3649 4305 omnes

1660 4347 1940 4405 creaturae,
1965 4335 2016 4396 D
2046 4340 2353 4412 iniquitates
2383 4339 2706 4406 habuerunt,
2740 4347 2793 4394 et
2820 4339 3064 4410 singulas
3113 4339 3183 4394 ad
3240 4339 3480 4410 plenum.
3512 4340 3648 4395 Cum

2045 4429 2177 4483 dixit
2235 4428 2382 4482 omni
2440 4427 2748 4498 iniquitate,
2824 4427 3239 4498 comprehendit
3289 4428 3470 4482 omnia
3526 4446 3648 4500 qua

2045 4525 2373 4587 sequuntur;
2407 4516 2506 4570 sed
2535 4524 2590 4570 ut
2645 4516 2822 4588 magis
2881 4517 3003 4572 illos
3071 4517 3369 4587 deterreat,
3429 4517 3647 4590 singula

2045 4621 2252 4677 genera
2303 4604 2599 4676 iniquitatis
2657 4613 2953 4670 enumerat,
3009 4605 3243 4661 dicens:
3304 4607 3445 4661 Vere
3502 4606 3649 4660 omni

2046 4693 2343 4764 iniquitate,
2379 4694 2508 4764 quia
2535 4694 2770 4765 repletos
2790 4694 3036 4748 malitia.
3063 4694 3326 4748 Malitiosa
3347 4694 3492 4749 enim
3515 4710 3646 4767 age-

2047 4781 2178 4834 bant
2209 4781 2260 4834 in
2291 4781 2587 4851 proximos,
2621 4781 2921 4836 auferendo
2969 4782 3110 4836 bona
3151 4797 3361 4851 eorum,
3403 4783 3488 4838 vel
3519 4799 3644 4839 ver-

2048 4869 2268 4923 beribus
2297 4884 2391 4924 eos
2421 4868 2724 4924 alliciendo.
2757 4870 3013 4940 Repletos
3044 4871 3200 4925 etiam
3244 4873 3644 4942 fornicatione.

2048 4957 2479 5012 Fornicationem
2509 4967 2660 5014 vocat
2703 4958 2963 5029 quidquid
2995 4960 3052 5013 tit
3095 4968 3293 5030 praeter
3347 4960 3646 5032 legitimam

2047 5061 2296 5112 uxorem,
2352 5063 2472 5117 qua:
2526 5047 2662 5102 sicut
2716 5063 2876 5101 causa
2935 5050 3264 5119 generandae
3322 5049 3510 5120 prolis,
3570 5049 3648 5105 sic

2048 5150 2212 5190 causa
2243 5134 2475 5189 vitanda:
2507 5134 2876 5191 fornicationis
2919 5135 3130 5191 dicitur.
3185 5139 3440 5210 Repletos
3486 5138 3645 5192 etiam

2048 5223 2312 5288 avaritia,
2348 5223 2534 5278 illicite
2577 5225 2860 5280 retinendo
2917 5242 3033 5292 sua,
3069 5226 3152 5281 vel
3209 5227 3645 5299 concupiscendo

2048 5312 2226 5367 aliena
2259 5331 2272 5378 ;
2307 5320 2358 5366 et
2391 5313 2629 5383 repletos
2660 5317 2939 5387 nequitia.
2973 5316 3073 5370 Vel
3102 5331 3133 5370 a
3164 5333 3392 5387 nequeo,
3426 5317 3638 5388 nequis,

2049 5401 2189 5458 vela
2221 5401 2464 5468 nomine,
2499 5403 2642 5474 quod
2689 5412 2769 5458 cst
2812 5419 3066 5478 nequam,
3117 5403 3312 5460 dicitur
3359 5405 3639 5478 nequitia;
