3960 6036
366 203 435 257 27
920 209 975 264 S.
1017 208 1371 266 BRUNONIS
1410 207 2048 291 CARTHUSIANORUM
2089 208 2575 266 INSTITUTORIS
2614 210 2772 265 OPP.
2821 211 2996 267 PARS
3037 212 3102 266 ll.
3582 210 3650 270 28

362 329 485 400 quia
515 340 793 403 nequeunt
822 349 882 389 se
911 334 1187 390 continere
1214 336 1280 389 ab
1308 334 1525 392 illicitis.
1552 335 1656 404 Qui
1685 342 1863 390 autem
1896 349 1955 389 se
1974 334 2029 392 A
2063 353 2084 378 «
2123 330 2259 388 facis
2291 348 2373 404 ea,
2409 334 2535 405 quia
2566 342 2619 390 tu
2649 334 2877 407 effugies
2912 334 3177 402 judicium
3225 335 3372 391 Dei?
3400 338 3481 391 An
3515 336 3657 393 divi-

360 418 639 474 continere
675 422 880 492 nequit,
914 439 1023 477 non
1062 431 1145 478 est
1189 424 1449 479 dicendus
1498 424 1711 495 aliquis.
1760 424 1954 478 Plenos

355 506 513 561 etiam
562 510 817 576 invidia;
867 512 1011 582 quia,
1062 512 1187 567 licet
1232 528 1341 567 non
1390 513 1492 566 sibi
1555 514 1773 583 cupiant
1818 512 1960 567 bona

360 594 612 663 aliorum,
648 605 827 652 tamen
856 614 950 653 eos
991 615 1098 654 non
1142 600 1342 655 habere
1390 601 1589 655 vellent
1635 603 1751 657 hinc
1780 601 1948 654 bona.

359 683 555 738 Plenos
584 685 744 740 etiam
780 687 1117 753 homicidiis,
1166 706 1284 760 qua:
1330 705 1438 744 non
1468 690 1638 744 solum
1687 689 1956 758 manibus,

360 772 454 825 sed
478 774 794 829 tractatione
818 782 869 830 et
892 792 1163 831 consensu
1181 776 1331 831 fiunt.
1349 778 1543 832 Plenos
1564 779 1958 843 contentione;

359 859 483 928 quia
539 860 678 916 inter
734 880 792 918 se
866 865 1200 920 clamoribus
1262 874 1313 919 et
1360 866 1670 936 opprobriis
1726 865 1956 938 litigant.

360 946 553 1001 Plenos
600 950 774 1017 dolo;
812 953 947 1023 quia
996 953 1143 1007 aliud
1193 961 1358 1025 agunt
1397 962 1448 1008 et
1498 954 1645 1009 aliud
1694 954 1957 1025 cogitant.

360 1034 554 1090 Plenos
583 1041 945 1109 malignitate
972 1062 991 1108 ;
1023 1042 1149 1112 quia
1171 1043 1439 1096 contraria
1476 1043 1797 1115 benignitati
1827 1060 1964 1097 sem-

362 1139 459 1192 per
486 1124 539 1179 in
568 1127 933 1184 amaritudine
961 1130 1123 1183 animi
1153 1138 1293 1184 sunt.
1319 1130 1421 1199 Qui
1445 1132 1609 1185 etiam
1639 1139 1760 1185 sunt
1780 1148 1963 1185 susur-

358 1226 543 1278 rones,
577 1215 713 1268 mala
744 1216 811 1270 de
842 1217 1087 1287 proximo
1119 1218 1187 1272 ad
1223 1218 1524 1288 proximum
1576 1219 1961 1274 transferentes

357 1301 593 1366 occulte;
620 1304 955 1360 detractores
972 1307 1155 1374 etiam,
1181 1308 1325 1362 bona
1347 1325 1469 1379 quae
1489 1316 1610 1362 sunt
1630 1308 1956 1373 auferentes,

354 1389 498 1443 mala
518 1408 638 1461 qum
656 1409 760 1447 non
783 1402 907 1448 sunt
927 1394 1294 1465 imponentes.
1319 1398 1399 1451 Ne
1421 1397 1537 1452 hzec
1563 1398 1670 1451 duo
1685 1396 1866 1452 facilia
1889 1398 1962 1452 vi-

352 1475 643 1546 derentur;
677 1482 801 1551 quia
832 1498 931 1553 pro
971 1484 1153 1538 verbis
1205 1492 1410 1539 tantum
1442 1502 1550 1539 non
1581 1502 1639 1540 se
1672 1486 1961 1541 crederent

352 1565 617 1633 damnari,
663 1568 811 1625 13
845 1580 1109 1642 aggravat
1157 1575 1273 1628 haec
1330 1574 1457 1637 duo,
1492 1574 1675 1629 dicens
1711 1576 1960 1631 :Susur-

2062 440 2083 469 α
2120 420 2219 474 tias
2251 422 2505 477 bonitatis
2539 424 2675 492 ejus,
2729 433 2779 478 et
2822 424 3111 493 patientiae,
3155 432 3206 479 et
3233 425 3656 497 longanimitatis

2067 530 2085 559 ι
2121 510 2423 564 contemnis
2441 511 2467 564 ε)
2492 513 2714 583 Ignoras
2738 513 2988 582 quoniam
3012 512 3313 585 benignitas
3338 513 3434 568 Dei
3452 514 3519 568 ad
3540 530 3656 584 po:-

2062 621 2083 645 α
2121 598 2399 652 nitentiam
2431 608 2481 654 te
2512 601 2776 655 adducit?
2824 602 3131 656 Secundum
3179 610 3358 656 autem
3402 602 3656 656 duritiam

2064 708 2085 737 ε
2120 695 2264 741 tuam
2293 696 2344 741 et
2382 687 2725 758 impornitens
2773 706 2885 757 cor,
2940 690 3267 745 thesaurizas
3314 690 3406 744 tibi
3435 691 3574 745 iram
3604 690 3657 744 in

2065 798 2086 822 «ι
2123 775 2209 830 die
2236 776 2345 839 irae,
2379 785 2431 831 et
2462 777 2805 832 revelatiouis
2847 778 2975 847 justi
2998 778 3188 846 judicii
3235 780 3371 845 Dei;
3406 780 3497 851 qui
3526 781 3654 834 red-

2067 884 2088 914 α
2124 863 2215 918 det
2243 865 2530 935 unicuique
2562 867 2861 921 secundum
2909 882 3074 938 opera
3105 869 3239 937 ejus.
3292 868 3386 922 His
3432 868 3653 938 quidem

2066 975 2088 1003 α
2124 953 2213 1024 qui
2244 953 2543 1008 secundum
2589 955 2901 1024 patientiam
2950 956 3077 1009 boni
3108 956 3291 1025 operis
3341 956 3574 1029 gloriam
3606 966 3659 1012 et

2065 1064 2086 1087 ‹‹
2125 1042 2386 1095 honorem
2414 1050 2463 1096 et
2494 1042 2952 1113 incorruptionem
2983 1052 3245 1115 quaerunt,
3295 1044 3456 1098 vitam
3487 1053 3652 1099 aeter-

2068 1150 2090 1179 «
2129 1145 2276 1183 nam.
2310 1130 2405 1183 His
2437 1138 2617 1184 autem
2659 1132 2748 1202 qui
2797 1140 2917 1186 sunt
2965 1148 3030 1187 ex
3087 1133 3446 1199 contentione,
3480 1141 3532 1188 et
3564 1134 3654 1203 qui

2066 1241 2086 1263 α
2126 1233 2235 1272 non
2262 1219 2611 1290 acquiescunt
2641 1219 2867 1285 veritati,
2905 1220 3129 1275 credunt
3159 1229 3337 1274 autem
3370 1221 3653 1291 iniquitati,

2068 1326 2089 1355 ι
2126 1305 2206 1359 ira
2237 1314 2288 1360 et
2318 1306 2638 1378 indignatio.
2672 1307 2970 1362 Tribulatio
3000 1316 3049 1362 et
3080 1309 3333 1380 angustia
3363 1309 3413 1362 in
3437 1325 3655 1364 omnem

2069 1415 2090 1445 α
2126 1395 2359 1448 animam
2392 1396 2623 1449 hominis
2650 1396 2929 1465 operantis
2959 1397 3154 1450 malum
3181 1440 3193 1463 ,
3224 1396 3392 1451 Judmi
3423 1397 3655 1467 primum

2069 1505 2090 1532 α
2124 1492 2175 1537 et
2207 1483 2414 1549 Graeci;
2448 1483 2621 1555 gloria
2642 1492 2821 1538 autem
2853 1492 2906 1539 et
2948 1485 3124 1539 honor
3144 1493 3195 1539 et
3216 1502 3317 1554 pax
3341 1486 3487 1539 omni
3534 1501 3660 1557 ope-

2071 1593 2092 1621 α
2130 1571 2271 1625 ranti
2300 1572 2523 1641 bonum,
2557 1572 2745 1626 Judaao
2767 1572 2999 1642 primum
3031 1581 3083 1627 et
3108 1573 3322 1628 Graeco.
3358 1574 3480 1628 Non
3513 1575 3656 1628 enim

352 1670 513 1709 rones
536 1660 591 1710 et
610 1657 972 1725 detractores,
1000 1662 1229 1716 odibiles
1242 1663 1369 1717 Deo.
1390 1664 1499 1716 Eos
1517 1663 1681 1717 etiam
1698 1663 1820 1718 dico
1836 1680 1961 1719 con-
1980 1684 2030 1742 Β
2071 1683 2091 1707 «
2130 1668 2210 1714 est
2241 1660 2487 1730 acceptio
2519 1676 2878 1730 personarum
2908 1662 3048 1731 apud
3094 1662 3286 1716 Deum.
3338 1661 3657 1733 Quicunque

360 1745 701 1811 tumeliosos,
736 1746 788 1799 id
821 1756 901 1801 est
942 1750 1299 1804 contumelias
1341 1751 1683 1820 turpitudinis
1712 1750 1955 1805 inferen-

356 1838 437 1884 tes
466 1831 569 1885 sibi
598 1833 875 1900 vicissim;
908 1839 1190 1908 superbos,
1223 1838 1277 1892 id
1326 1848 1407 1893 est
1437 1856 1495 1894 se
1526 1849 1956 1911 superponentes

354 1917 493 1987 aliis,
519 1920 984 1993 velsuperponere
1007 1926 1281 1991 cupientes
1306 1946 1319 1991 ;
1347 1929 1542 1991 elatos,
1568 1929 1771 1999 quinec
1793 1944 1955 1998 pares

356 2006 479 2076 sibi,
510 2024 613 2063 nec
643 2026 701 2064 se
744 2012 981 2080 majores
1038 2015 1146 2083 pati
1202 2025 1465 2085 possunt;
1512 2024 1568 2070 ut
1615 2018 1814 2086 Caesar,
1866 2018 1956 2087 qui

354 2093 527 2148 noluit
546 2097 657 2165 pati
688 2099 948 2167 majorem
992 2101 1326 2172 Pompeium,
1376 2120 1477 2159 nec
1534 2105 1821 2175 Pompeius
1851 2121 1953 2175 pa-

357 2197 470 2235 rem
503 2184 604 2238 sibi
636 2187 944 2253 Cmsarem,
986 2192 1307 2247 inventores
1357 2192 1515 2247 etiam
1545 2195 1825 2249 malorum
1858 2210 1954 2248 seu

354 2270 620 2327 malarum
668 2277 1119 2331 consuetudinum
1192 2296 1287 2333 seu
1352 2289 1781 2347 tormentorum;
1842 2299 1955 2337 non

353 2359 515 2413 etiam
547 2363 862 2420 obedientes
886 2366 1198 2421 carnalibus
1214 2368 1562 2439 parentibus,
1589 2370 1732 2441 quod
1761 2379 1955 2425 natura

354 2448 605 2504 admonet
638 2452 799 2506 etiam
829 2454 881 2507 in
930 2454 1092 2523 pullis
1136 2456 1313 2510 avium
1342 2476 1355 2524 ;
1402 2459 1755 2529 insipientes,
1788 2459 1841 2513 id
1873 2475 1955 2520 est

354 2535 633 2593 indiscreti
664 2540 730 2593 ad
755 2541 955 2595 bonum
987 2551 1039 2597 et
1085 2544 1154 2597 ad
1202 2544 1440 2611 malum;
1476 2549 1872 2618 incompositos
1894 2556 1947 2602 et

354 2626 709 2695 vestimentis,
739 2636 791 2682 et
820 2646 919 2699 per
949 2630 1475 2688 immodiﬁcationem
1525 2636 1892 2690 membrorum
1930 2654 1942 2689 :

353 2729 452 2782 per
479 2715 595 2770 haec
624 2716 766 2770 enim
800 2735 918 2788 quas
948 2726 1101 2773 extra
1142 2721 1408 2787 videmus,
1463 2722 1541 2777 sic
1570 2723 1637 2777 de
1685 2724 1955 2778 interiori-

350 2801 453 2855 bus
484 2819 812 2872 pensamus;
846 2809 969 2863 sine
999 2809 1315 2878 affectione,
1366 2810 1419 2863 id
1453 2818 1532 2865 est
1562 2811 1677 2864 sine
1707 2812 1953 2881 applica-

351 2889 494 2944 tione
524 2892 688 2947 animi
719 2894 788 2948 ad
832 2895 1051 2967 aliquod
1085 2897 1347 2969 dignum;
1394 2900 1593 2970 absque
1640 2900 1867 2969 fcedere,
1901 2901 1954 2954 id

356 2985 434 3031 est
468 2979 585 3034 sine
610 2982 955 3054 colligatione
986 2984 1149 3038 animi
1187 3001 1199 3038 :
1236 2986 1357 3056 quia
1414 2987 1555 3040 enim
1590 2986 1793 3043 fcedera
1853 3005 1948 3043 va-

350 3064 460 3120 lent
507 3068 574 3122 ad
617 3071 1000 3125 nutrimentum
1052 3072 1197 3139 ﬁdei,
1260 3082 1315 3128 ut
1359 3091 1574 3144 semper
1624 3076 1950 3146 multiplica-

352 3164 557 3223 rentur,
592 3158 860 3226 prohibita
884 3169 1007 3214 sunt
1036 3162 1293 3231 conjugia
1315 3163 1367 3215 in
1391 3164 1580 3217 eadem
1603 3165 1948 3233 cognatione,

350 3259 470 3313 quas
501 3245 607 3312 jam
639 3247 768 3301 satis
797 3248 1011 3303 vinculo
1054 3251 1468 3321 propinquitatis
1516 3251 1780 3306 foederata
1827 3261 1947 3319 est;

349 3331 439 3400 qui
470 3332 628 3388 etiam
658 3344 781 3389 sunt
808 3339 930 3391 sine
980 3339 1401 3394 misericordia:
1436 3340 1558 3411 quia
1620 3340 1664 3393 si
1695 3356 1831 3411 quos
1866 3341 1943 3394 vi-

350 3421 528 3475 derint
556 3422 802 3490 miseros,
834 3441 939 3479 non
970 3426 1167 3480 habent
1215 3426 1283 3481 ad
1343 3443 1436 3481 eos
1493 3428 1702 3482 viscera
1734 3428 1948 3483 miseri-

350 3509 567 3565 cordiae.
602 3512 658 3565 In
691 3512 772 3565 his
798 3514 1051 3567 omnibus
1083 3514 1314 3584 gentiles
1344 3530 1444 3584 pro
1492 3516 1791 3585 praemissis
1822 3533 1949 3587 pec-

353 3597 485 3652 catis
515 3599 684 3668 puniti
717 3609 860 3655 sunt.
893 3602 1000 3656 Sed
1032 3602 1157 3673 quia
1190 3604 1421 3658 necdum
1479 3619 1575 3673 per
1617 3604 1733 3659 haec
1773 3605 1950 3675 pumi-

351 3693 587 3756 tuerunt,
620 3689 939 3759 praecipitati
971 3698 1096 3745 sunt
1126 3691 1179 3744 in
1210 3691 1355 3745 aliud
1412 3691 1635 3757 malum,
1691 3700 1745 3746 ut
1778 3710 1947 3748 exote-

348 3775 453 3829 cati
516 3777 893 3845 promitterent
948 3779 1052 3832 sibi
1127 3779 1498 3849 impunitatem
1568 3790 1942 3851 peccatorum.

351 3862 506 3917 Unde
536 3864 612 3918 sic
640 3864 711 3917 ait
745 3880 756 3918 :
792 3864 898 3933 Qui
931 3866 1163 3935 gentiles
1190 3868 1441 3922 excaecati
1472 3866 1597 3922 sunt
1626 3886 1740 3924 non
1772 3870 1949 3925 intel-

353 3952 649 4018 lexerunt;
682 3955 946 4024 quoniam
980 3954 1055 4007 illi
1085 3957 1182 4025 qui
1204 3957 1345 4010 talia
1376 3961 1572 4026 agunt,
1608 3964 1665 4011 ut
1694 3958 1951 4026 praedicta

351 4048 493 4105 sunt,
528 4041 683 4111 digni
711 4046 848 4096 sunt
875 4047 1057 4098 morte
1087 4051 1310 4097 mterna.
1333 4046 1447 4099 Hoc
1465 4046 1626 4099 modo
1657 4061 1763 4099 non
1796 4045 1950 4099 intel-

348 4127 612 4192 lexerunt,
627 4147 757 4184 cum
772 4131 919 4199 prius
932 4132 1251 4185 naturaliter
1262 4134 1614 4203 cognovissen
1625 4138 1646 4186 t
1649 4134 1947 4203 justitiam

349 4217 494 4271 Dei:
531 4234 635 4288 qua
692 4219 1002 4290 cognitione
1056 4220 1251 4290 privati
1307 4221 1431 4276 dicti
1461 4230 1616 4287 sunt,
1670 4222 1793 4292 quia
1824 4221 1949 4275 inde

352 4305 751 4374 superbierunt.
771 4309 934 4377 Digni
953 4308 1134 4378 utique
1146 4314 1283 4363 sunt
1297 4314 1475 4364 morte
1498 4330 1514 4365 :
1532 4326 1646 4364 non
1659 4311 1837 4364 solum
1852 4311 1951 4381 qui

2063 1772 2084 1795 α
2121 1748 2265 1802 enim
2297 1748 2412 1803 sine
2444 1748 2568 1819 lege
2600 1757 2979 1818 peccaverunt,
3008 1749 3123 1804 sine
3152 1749 3275 1820 lege
3305 1750 3578 1819 peribunt,
3605 1759 3657 1805 et

2061 1859 2082 1883 α
2120 1836 2427 1907 quicunque
2459 1836 2513 1889 in
2542 1837 2664 1907 lege
2693 1846 3075 1906 peccaverunt,
3109 1854 3209 1907 per
3240 1837 3417 1907 legem
3443 1838 3658 1906 judica-

2060 1947 2081 1971 ‹‹
2120 1925 2334 1977 buntur.
2372 1925 2494 1979 Non
2523 1925 2667 1979 enim
2698 1925 2976 1979 auditores
3026 1925 3164 1996 legis
3199 1926 3327 1993 justi
3360 1934 3481 1979 sunt
3510 1927 3653 1997 apud

2057 2036 2079 2057 α
2108 2012 2299 2079 Deum,
2326 2013 2423 2066 sed
2452 2012 2688 2067 factores
2709 2012 3316 2084 legisjustiticabuntur.
3348 2014 3482 2067 Cum
3511 2015 3654 2069 enim

2059 2121 2080 2149 α
2114 2108 2303 2170 gentes
2331 2117 2451 2170 qua:
2480 2100 2660 2172 legem
2690 2116 2797 2155 non
2828 2102 3042 2163 habent,
3078 2101 3397 2155 naturaliter
3444 2118 3508 2156 ea
3538 2119 3658 2173 quae

2058 2210 2080 2238 α
2116 2188 2256 2260 legis
2286 2197 2407 2242 sunt
2432 2188 2653 2255 faciunt,
2700 2189 2964 2256 ejusmodi
3010 2189 3188 2261 legem
3220 2205 3327 2244 non
3370 2190 3651 2256 habentes,

2059 2301 2078 2323 α
2116 2277 2220 2347 ipsi
2251 2276 2351 2331 sibi
2382 2286 2504 2331 sunt
2536 2277 2617 2331 lex
2659 2292 2670 2329 :
2705 2277 2795 2347 qui
2840 2278 3129 2331 ostendunt
3172 2294 3308 2347 opus
3345 2277 3483 2348 legis
3514 2279 3656 2333 scri-

2058 2388 2079 2412 α
2117 2372 2265 2435 ptum
2298 2365 2349 2417 in
2381 2365 2637 2419 cordibus
2668 2366 2797 2432 suis,
2852 2365 3217 2420 testimonium
3260 2365 3521 2420 reddente
3552 2366 3657 2420 illis

2060 2472 2079 2503 α
2116 2453 2442 2508 conscientia
2473 2453 2733 2523 ipsorum,
2769 2462 2820 2508 et
2867 2454 3004 2508 inter
3035 2470 3093 2508 se
3150 2454 3384 2509 invicem
3441 2454 3656 2526 cogita-

2060 2564 2079 2589 ι
2118 2541 2323 2595 tionum
2355 2542 2741 2609 accusantium,
2797 2549 2888 2595 aut
2934 2541 3093 2595 etiam
3142 2542 3568 2610 defendentium,
3603 2542 3657 2596 in

2058 2652 2077 2675 α
2113 2629 2200 2683 die
2229 2644 2351 2683 cum
2375 2629 2641 2697 judicabit
2672 2631 2819 2685 Deus
2866 2629 3073 2684 occulta
3122 2630 3420 2699 hominum,
3455 2646 3657 2685 secun-

2058 2738 2079 2766 α
2114 2718 2241 2771 dum
2273 2718 2623 2789 Evangelium
2655 2735 2853 2783 meum,
2888 2734 2986 2786 per
3027 2718 3230 2786 Jesum,
3273 2718 3566 2772 Christum.
3601 2718 3659 2772 Si

2058 2826 2079 2855 ι
2117 2812 2299 2859 autem
2330 2814 2384 2858 tu
2436 2806 2657 2860 Judaeus
2712 2806 3133 2877 cognominaris,
3168 2815 3221 2860 et
3276 2806 3571 2877 requiescis
3601 2807 3657 2860 in

2056 2893 2255 2965 «lege,
2290 2901 2342 2948 et
2395 2893 2650 2965 gloriaris
2708 2895 2761 2948 in
2816 2895 2967 2958 Deo,
3031 2902 3083 2949 et
3131 2894 3272 2948 nosti
3328 2895 3656 2948 voluntatem

2063 3001 2081 3031 ε
2114 2982 2250 3048 ejus,
2286 2990 2337 3036 et
2378 2982 2583 3051 probas
2640 2982 2871 3047 utiliora,
2933 2982 3230 3037 instructus
3277 2998 3377 3059 per
3436 2983 3654 3061 legem;

2067 3092 2086 3119 α
2122 3069 2350 3125 confidis
2380 3071 2610 3140 teipsum
2628 3087 2748 3125 esse
2768 3071 2959 3125 ducem
2987 3070 3437 3134 l4cmcorum,
3471 3071 3657 3125 lumen

2061 3180 2082 3208 ι
2118 3175 2301 3213 eorum
2342 3159 2424 3230 qui
2454 3160 2507 3212 in
2536 3159 2773 3213 tenebris
2804 3167 2947 3228 sunt,
3007 3159 3333 3213 eruditorem
3391 3158 3655 3227 insipien-

2060 3269 2081 3296 α
2118 3246 2266 3313 tium,
2332 3247 2645 3319 magistrum
2704 3247 3021 3312 infantium;
3085 3248 3370 3300 habentem
3427 3245 3656 3300 formam

2058 3357 2079 3386 ι
2113 3336 2351 3391 scientiae
2380 3344 2430 3390 et
2460 3336 2699 3390 veritatis
2759 3337 2812 3390 in
2868 3336 3010 3408 lege.
3046 3334 3147 3403 Qui
3195 3350 3324 3405 ergo
3360 3334 3521 3388 alium
3551 3335 3658 3388 do-

2061 3447 2081 3474 «
2119 3442 2230 3491 ces,
2266 3426 2497 3494 teipsum
2529 3441 2635 3478 non
2667 3425 2831 3479 doces
2859 3445 2872 3491 ;
2918 3426 3007 3495 qui
3041 3424 3303 3494 praedicas
3332 3438 3440 3477 non
3470 3422 3659 3477 furan-

2059 3535 2080 3562 α
2118 3513 2264 3577 dum,
2298 3512 2532 3585 iuraris;
2568 3513 2657 3582 qui
2687 3513 2823 3567 dicis
2880 3528 2986 3566 non
3044 3511 3457 3580 mmchandum,
3519 3526 3653 3565 mo:-

2060 3624 2080 3648 «
2117 3600 2293 3655 charis
2327 3620 2339 3664 ;
2377 3601 2465 3670 qui
2496 3599 2821 3652 abominaris
2879 3599 3041 3661 idola,
3102 3598 3447 3668 sacrilegium
3483 3598 3654 3665 facis;
3686 3595 3704 3613 '

2057 3713 2077 3735 ιι
2115 3688 2207 3759 qui
2235 3688 2289 3741 in
2321 3689 2443 3758 lege
2472 3687 2743 3758 gloriaris,
2804 3704 2905 3757 per
2960 3686 3462 3755 praevaricationem
3520 3687 3659 3758 legis

2058 3796 2079 3827 ι
2114 3777 2287 3831 Deum
2319 3775 2631 3829 inhonoras.
2665 3775 2878 3829 Nomen
2935 3774 3078 3829 enim
3137 3774 3235 3828 Dei
3264 3791 3364 3844 per
3410 3790 3508 3829 vos
3536 3774 3659 3827 bla-

2057 3888 2077 3911 ‹‹
2115 3865 2429 3934 spbematur
2456 3864 2596 3917 inter
2617 3872 2828 3934 gentes,
2855 3863 2990 3918 sicut
3013 3863 3273 3932 scriptum
3290 3870 3389 3917 est.
3417 3863 3659 3917 Circum-

2056 3974 2078 4003 α
2117 3952 2249 4007 cisio
2280 3952 2499 4023 quidem
2529 3952 2768 4021 prodest,
2830 3952 2874 4005 si
2924 3952 3104 4022 legem
3152 3951 3448 4015 observes;
3484 3951 3529 4003 si
3558 3966 3657 4003 au-

2061 4062 2082 4091 ¢
2120 4050 2227 4095 tem
2258 4041 2645 4110 prmvaricator
2676 4040 2812 4109 legis
2844 4040 2939 4108 sis,
3001 4040 3341 4095 circumcisio
3398 4046 3487 4091 tua
3517 4054 3659 4107 prae-

2055 4153 2074 4174 ι·
2117 4130 2325 4199 putium
2356 4128 2496 4183 facta
2553 4137 2652 4183 est.
2718 4128 2772 4182 Si
2830 4128 2993 4199 igitur
3046 4127 3368 4199 praeputium
3420 4126 3660 4194 justitias

2065 4240 2085 4264 ιι
2121 4217 2263 4288 legis
2295 4217 2579 4279 custodiat,
2615 4232 2794 4271 nonne
2824 4216 3145 4286 praeputium
3205 4215 3312 4268 illis
3344 4214 3396 4267 in
3430 4214 3663 4269 circum-

2055 4329 2075 4352 «
2115 4306 2377 4360 cisionem
2411 4304 2752 4375 reputabitur
2781 4304 2807 4357 ἱ)
2836 4312 2889 4358 et
2912 4304 3169 4372 judicabit
3200 4303 3254 4357 id
3286 4303 3429 4373 quod
3460 4318 3525 4356 ex
3556 4318 3657 4355 na-

350 4395 653 4462 faciuntea
668 4395 944 4465 praedicta,
962 4397 1057 4451 sed
1070 4399 1948 4468 etiamquiconsentiuntfacien-
1970 4383 2019 4443 D
2055 4415 2076 4443 ι
2113 4402 2230 4448 tura
2260 4402 2341 4447 est
2372 4392 2715 4462 prmputium,
2776 4392 2955 4462 legem
3015 4407 3416 4455 consummans.
3452 4398 3524 4454 ιθ,
3562 4389 3658 4459 qui

351 4482 517 4536 tibus.
540 4483 878 4551 Consentire,
914 4486 1213 4539 secundum
1243 4485 1605 4549 Ambrosium,
1640 4493 1723 4539 est
1754 4486 1799 4539 si
1828 4502 1945 4556 quae

350 4571 520 4640 possit
551 4573 950 4640 reprehendere
984 4581 1181 4637 taceat,
1215 4582 1307 4627 aut
1356 4574 1473 4627 haec
1504 4573 1729 4626 audiens
1761 4574 1949 4628 adule-

350 4666 453 4712 tur.
490 4659 544 4714 Si
576 4676 707 4731 ergo
740 4659 998 4715 facientes
1028 4662 1285 4731 prmdicta
1327 4661 1485 4727 mala,
1523 4668 1574 4714 et
1605 4662 1947 4715 consentien-

348 4754 430 4800 tes
462 4747 560 4814 eis,
595 4748 943 4804 damnatione
974 4749 1123 4820 digni
1145 4760 1288 4815 sunt,
1314 4765 1474 4805 nemo
1496 4748 1773 4819 gentilium
1807 4764 1951 4803 mor-

354 4842 463 4890 tem
491 4835 632 4891 hanc
665 4837 877 4892 evadet.

1023 4960 1246 5017 CAPUT
1298 4962 1364 5015 II.

425 5089 445 5112 u
485 5066 713 5136 Propter
758 5067 904 5138 quod
947 5066 1329 5121 inexcusabilis
1388 5082 1466 5131 es,
1500 5082 1533 5121 o
1580 5067 1741 5121 homo
1772 5067 1951 5122 omnis

354 5177 376 5205 ι
415 5154 505 5225 qui
530 5154 761 5222 judicas.
797 5156 852 5207 In
885 5169 991 5225 quo
1022 5154 1164 5208 enim
1197 5154 1422 5209 alterum
1448 5154 1681 5222 judicas,
1718 5156 1948 5225 teipsum

358 5268 379 5290 «ι
418 5244 770 5298 condemnas.
806 5243 1013 5297 Eadem
1044 5242 1187 5296 enim
1217 5243 1334 5313 agis
1386 5260 1505 5312 quin
1556 5243 1786 5311 judicas.
1823 5245 1947 5300 Sci-

356 5354 377 5381 ι
413 5349 533 5385 mus
573 5331 715 5386 enim
763 5330 1016 5401 quoniam
1059 5330 1323 5398 judicium
1383 5330 1481 5384 Dei
1525 5339 1607 5384 est
1655 5333 1952 5387 secundum

358 5441 374 5471 ι
415 5421 697 5475 veritatem
728 5419 781 5472 in
812 5434 906 5473 eos
936 5418 1025 5490 qui
1056 5418 1183 5472 talia
1213 5427 1406 5491 agunt.
1447 5419 1740 5474 Existimas
1774 5429 1950 5474 autem

356 5530 376 5560 ι
414 5510 535 5575 hoc,
570 5525 603 5562 ο
633 5509 813 5574 homo,
850 5507 940 5578 qui
965 5506 1177 5577 judicas
1216 5523 1311 5563 eos
1350 5507 1441 5579 qui
1487 5508 1615 5563 talia
1659 5516 1842 5579 agunt,
1900 5517 1953 5563 et

2054 4507 2075 4530 ‹‹
2112 4499 2209 4553 per
2237 4482 2473 4535 litteram
2524 4490 2574 4534 et
2635 4480 3103 4535 circumcisionem
3157 4478 3545 4549 praevaricator
3600 4495 3661 4532 es

2054 4594 2073 4617 α
2123 4569 2285 4639 legis.
2328 4570 2446 4623 Non
2483 4569 2624 4622 enim
2650 4568 2814 4638 quiin
2837 4567 3147 4634 manifesto,
3170 4567 3388 4621 Judzrus
3419 4574 3535 4630 est;
3570 4582 3665 4620 ne-

2054 4680 2074 4707 (
2112 4674 2216 4728 que
2249 4674 2369 4729 quae
2398 4657 2452 4710 in
2482 4655 2770 4710 manifesto
2800 4656 2855 4709 in
2911 4671 3079 4711 carne
3135 4664 3216 4709 est
3273 4653 3651 4719 circumcisio;

2054 4768 2075 4796 ι
2112 4746 2208 4800 sed
2240 4745 2329 4816 qui
2360 4745 2413 4798 in
2443 4744 2780 4809 abscondito,
2813 4744 3031 4797 Judaeus
3079 4751 3180 4807 est,
3218 4751 3270 4797 et
3319 4740 3656 4796 circumcisio

2054 4858 2073 4879 α
2112 4834 2293 4888 cordis
2325 4833 2379 4886 in
2408 4832 2618 4902 spiritu,
2680 4848 2788 4885 non
2837 4832 3053 4896 littera,
3106 4831 3258 4899 cujus
3304 4830 3421 4883 laus
3452 4843 3562 4882 non
3593 4844 3660 4883 ex

2054 4945 2075 4969 α
2111 4922 2439 4988 hominibus,
2476 4920 2575 4975 sed
2604 4936 2669 4975 ex
2702 4921 2816 4975 Deo
2846 4928 2945 4974 est.
2990 4943 3010 4967 »ι

2724 5058 3042 5097 EXPOSITIO.

2122 5153 2411 5223 Hucusque
2435 5150 2670 5222 gentiles
2698 5148 2997 5204 secundum
3029 5149 3270 5219 priorem
3303 5155 3496 5203 statum
3527 5146 3656 5201 satis

2052 5240 2445 5304 dehonestavit,
2490 5246 2709 5292 ostenso
2756 5238 2900 5308 quod
2948 5238 3015 5291 de
3062 5236 3368 5309 ignorantia
3410 5234 3661 5288 excusari

2051 5344 2157 5382 non
2189 5336 2413 5397 possunt
2447 5344 2459 5379 :
2493 5342 2615 5381 cum
2667 5326 2983 5380 naturaliter
3042 5324 3408 5394 cognitionem
3445 5322 3512 5375 de
3545 5323 3659 5374 Deo

2052 5402 2373 5482 habuerint,
2407 5430 2515 5486 qua
2542 5422 2769 5486 propter
2817 5422 3095 5485 peccatum
3145 5411 3339 5483 privati
3367 5417 3509 5463 sunt.
3548 5410 3661 5463 Hoc

2054 5513 2234 5560 autem
2265 5504 2333 5559 de
2364 5504 2496 5561 solis
2524 5503 2815 5576 gentilibus
2866 5502 3069 5557 dictum
3125 5498 3449 5555 transfundit
3490 5497 3579 5552 hic
3610 5497 3663 5551 in
