3960 6036
298 190 366 243 29
953 185 1332 243 EXPOSITIO
1373 187 1446 240 IN
1484 185 1860 241 EPISTOLAS
1901 184 2122 239 PAULI.
2169 215 2236 226 --
2276 186 2349 240 IN
2386 187 2604 242 EPIST.
2646 188 2741 242 AD
2781 186 2953 243 ROM.
3537 190 3604 241 30

304 319 599 383 utrosque,
628 311 682 367 id
703 320 785 367 est
814 312 868 366 in
892 312 1113 367 Iudaeos
1141 320 1191 367 et
1215 312 1467 383 gentiles,
1492 311 1681 366 dicens
1701 319 1912 366 utrum-
1930 311 1985 369 A
2013 309 2141 363 dum
2172 325 2354 381 opera,
2390 312 2589 366 cadunt
2619 311 2672 366 in
2719 313 2824 368 hoc
2871 311 3090 377 malum,
3125 311 3271 384 quod
3302 310 3594 382 impunita-

305 416 415 470 que
448 400 715 471 populum
767 401 1211 456 inexcusabilem.
1249 399 1386 468 Quia
1418 400 1462 454 si
1517 400 1738 454 Judmus
1767 399 1911 454 dicat

303 504 364 542 se
395 488 574 543 fuisse
602 490 930 559 peculiarem
952 490 1213 560 populum
1246 489 1341 543 Dei
1371 490 1439 543 de
1480 505 1685 559 genere
1734 488 1908 541 Abra-

307 576 393 629 hae
424 585 639 642 natum,
701 577 880 650 legem
910 586 961 632 et
1017 579 1314 648 prophetas
1368 578 1643 642 habuisse,
1678 592 1909 647 cumque

308 664 385 719 sic
420 666 542 719 Deo
575 666 807 721 dilectus
839 666 925 732 sit,
957 682 1067 720 non
1097 683 1218 721 esse
1239 666 1571 721 credendum
1596 666 1740 737 quod
1762 666 1909 719 Deus

305 753 453 807 hunc
484 753 762 822 permittat
788 755 970 824 perire
1027 755 1164 809 adeo
1223 754 1497 822 dilectum,
1530 755 1655 809 licet
1687 769 1907 808 errave-

306 840 394 908 rit,
429 842 884 913 improperetque
916 843 1105 913 gentili
1136 843 1283 914 quod
1328 842 1623 898 salvatione
1653 842 1908 912 indignus

304 930 394 993 sit,
429 930 589 998 cujus
620 947 721 985 nec
752 932 1047 1001 aliquando
1079 933 1226 986 Deus
1246 947 1455 986 memor
1487 930 1674 997 fuerit;
1710 931 1756 984 si
1777 945 1908 985 vero

304 1034 619 1073 econverso
650 1020 790 1075 dicat
821 1006 1040 1090 gentilis
1094 1020 1339 1075 Judaeum
1371 1019 1541 1074 salute
1602 1019 1902 1089 indignum,

306 1106 429 1176 quia
462 1123 592 1160 cum
622 1108 795 1161 Deum
826 1125 925 1178 per
954 1108 1132 1180 legem
1164 1109 1501 1179 cognoverit,
1536 1108 1675 1163 sicut
1733 1109 1907 1161 Deum

308 1192 625 1265 glorificare
683 1196 873 1257 noluit.
908 1212 1075 1267 seque
1128 1197 1252 1251 ideo
1311 1196 1711 1267 praeferendum
1758 1204 1910 1266 putet

303 1282 519 1347 Judaao,
548 1283 691 1355 quia,
727 1292 783 1337 ut
812 1284 1048 1354 primum
1081 1285 1147 1339 de
1179 1286 1294 1340 Deo
1324 1285 1546 1353 audivit,
1579 1286 1759 1339 statim
1782 1301 1906 1341 cre-

303 1371 459 1438 didit,
494 1387 676 1444 neque
709 1389 863 1427 reum
886 1389 1008 1428 esse
1041 1390 1230 1428 eorum
1262 1391 1382 1445 qua:
1411 1390 1511 1444 per
1541 1373 1905 1447 ignorantiam

304 1460 557 1528 peccavit
611 1476 622 1512 :
676 1469 868 1515 contra
914 1469 1206 1533 utrumque
1250 1463 1365 1535 agit
1424 1463 1685 1534 Apstolus
1718 1463 1906 1517 dicens

304 1547 573 1619 gentilem
605 1548 671 1602 de
703 1548 1013 1619 ignorantia
1048 1550 1493 1617 inexcusabilem,
1531 1551 1655 1623 quia
1685 1559 1904 1604 natura—

2010 404 2118 451 tem
2148 398 2249 451 sibi
2269 398 2596 468 pollicentur
2617 419 2630 465 ;
2655 407 2707 454 et
2736 401 2931 455 iterum
2960 417 3059 471 per
3089 401 3287 454 malum
3306 399 3594 470 impunita-

2011 485 2077 538 tis
2099 486 2199 539 sibi
2221 487 2519 556 promissze,
2542 497 2703 541 ruunt
2734 489 2788 542 in
2817 488 2985 555 aliud,
3007 488 3060 541 in
3078 489 3200 557 hoc,
3225 488 3430 544 scilicet
3447 488 3593 559 quod

2009 574 2303 628 abutuntur
2332 576 2568 630 bonitate
2599 586 2649 630 et
2680 577 2936 647 patientia
2964 576 3092 641 Dei,
3129 577 3273 647 quod
3329 576 3403 630 ibi
3430 591 3596 646 supra

2007 662 2098 730 ait,
2133 664 2255 733 quia
2284 672 2337 717 tu
2366 662 2594 733 effugies
2619 664 2883 733 judicium
2916 665 3035 730 Dei,
3060 665 3202 719 idem
3233 680 3401 734 supra
3422 664 3592 735 signi-

2008 749 2285 817 ficaverat,
2328 752 2419 805 ubi
2449 753 2542 806 ait.
2575 754 2695 808 Non
2742 755 3160 809 intellexerunt
3193 754 3458 824 quoniam
3496 755 3594 825 qui

2009 840 2151 894 talia
2171 845 2370 911 agunt,
2396 841 2551 912 digni
2570 846 2707 897 sunt
2741 846 2916 897 morte
2947 842 3122 912 (Rom.
3157 858 3193 907 ι,
3228 843 3339 911 32);
3371 841 3425 895 in
3445 850 3595 896 utro-

2009 944 2111 997 que
2140 943 2312 1000 agens
2342 930 2409 983 de
2440 930 2774 1000 impunitate,
2800 946 2960 1001 quem
2990 930 3091 984 sibi
3119 931 3455 1001 promittunt.
3488 930 3597 984 Sed

2008 1016 2081 1069 ibi
2113 1024 2314 1070 tantum
2346 1017 2413 1072 de
2444 1018 2759 1090 gentilibus,
2785 1018 2871 1073 hic
2903 1034 3034 1073 vero
3064 1019 3131 1073 de
3162 1018 3402 1090 utrisque
3429 1018 3593 1072 intel-

2006 1103 2143 1174 ligit,
2165 1112 2216 1158 et
2232 1112 2351 1159 ante
2374 1107 2613 1175 putando
2631 1114 2681 1161 te
2694 1104 2936 1177 effugere
2943 1106 3205 1174 judicium
3220 1107 3337 1171 Dei,
3353 1115 3596 1161 contem-

2007 1191 2091 1245 nis
2112 1192 2324 1246 divitias
2337 1194 2449 1261 ejus
2473 1194 2758 1258 bonitatis;
2780 1194 2983 1249 dictum
3000 1210 3029 1248 a
3042 1194 3389 1249 similitudine
3410 1203 3596 1264 poten-

2006 1278 2107 1334 tis:
2140 1280 2293 1351 quisi
2316 1282 2620 1352 porrigeret
2642 1283 2826 1337 cibum
2849 1282 3031 1344 alicui,
3072 1283 3163 1337 ille
3192 1297 3321 1337 vero
3358 1282 3441 1337 cui
3472 1298 3597 1352 por-

2003 1368 2277 1440 rigeretur
2308 1370 2595 1441 indignans
2646 1387 2712 1425 eo
2769 1371 2843 1424 uti
2894 1372 3183 1441 projiceret
3256 1387 3398 1437 eum,
3434 1371 3592 1425 vide-

2007 1464 2157 1510 retur
2204 1458 2281 1513 sic
2338 1474 2600 1529 spernere
2658 1476 2763 1513 non
2817 1458 3015 1525 cibum,
3056 1459 3153 1513 sed
3195 1459 3433 1514 datorem
3464 1459 3591 1514 cibi.

2007 1545 2095 1600 Sic
2124 1545 2215 1600 ille
2247 1546 2338 1617 qui
2369 1547 2609 1601 abutitur
2638 1547 2878 1603 bonitate
2906 1548 3035 1612 Dei,
3070 1563 3179 1602 non
3206 1555 3363 1602 utens
3407 1563 3473 1602 ea
3527 1547 3596 1602 ad

304 1636 408 1689 lem
440 1636 633 1691 habuit
677 1637 1044 1709 cognitionem
1082 1656 1093 1694 :
1125 1640 1370 1695 Judaeum
1429 1656 1561 1695 vero
1616 1640 1819 1694 frustra
1849 1640 1905 1693 in
1926 1662 1979 1721 B
2006 1634 2420 1701 correctionem,
2474 1636 2541 1689 ad
2572 1651 2737 1706 quam
2768 1638 2915 1691 Deus
2945 1636 3055 1705 dat,
3079 1636 3167 1691 hic
3196 1652 3318 1690 reus
3350 1643 3430 1690 est
3484 1650 3595 1691 non
3657 1626 3660 1631 ’

303 1723 425 1795 lege
456 1724 545 1779 vel
577 1741 777 1795 genere
810 1725 1058 1796 gloriari,
1103 1744 1227 1783 cum
1272 1745 1489 1799 semper
1518 1728 1754 1783 deterior
1782 1727 1902 1782 fue-

306 1813 389 1876 rit,
426 1813 577 1867 unde
609 1813 884 1869 meliorari
927 1816 1201 1882 debuerit,
1264 1816 1670 1886 praevaricando
1699 1816 1899 1889 legem,

308 1900 411 1954 ﬁde
440 1901 836 1971 degenerando
868 1904 935 1957 ab
964 1904 1257 1971 Abraham,
1293 1912 1343 1959 et
1367 1904 1583 1959 similia.
1619 1904 1786 1973 Quasi
1816 1904 1903 1958 di-

310 1996 453 2044 ceret
486 2006 500 2042 :
536 1993 776 2061 Propter
804 1992 964 2062 quod,
1004 1992 1059 2045 id
1090 2001 1172 2047 est
1204 1993 1329 2063 quia
1361 1993 1453 2064 qui
1510 1992 1707 2049 faciunt
1737 2001 1788 2049 et
1812 1993 1904 2065 qui

308 2076 674 2142 consentiunt,
708 2078 859 2150 digni
889 2087 1013 2133 sunt
1044 2088 1219 2136 morte
1254 2098 1267 2134 :
1299 2081 1423 2135 ideo
1455 2089 1530 2150 tu,
1565 2081 1723 2137 homo
1760 2096 1902 2135 una-

308 2164 523 2219 nimiter
556 2165 747 2220 vivens
777 2174 830 2221 et
854 2167 1186 2238 intelligens,
1220 2169 1398 2223 omnis
1427 2170 1648 2224 Judaaus
1681 2178 1731 2225 et
1760 2186 1901 2242 gen-

308 2253 431 2320 tilis,
464 2255 879 2311 inexcusabilis
908 2272 983 2323 es,
1020 2265 1095 2325 tu,
1124 2256 1268 2322 dico,
1304 2259 1400 2329 qui
1420 2259 1665 2329 judicas,
1727 2258 1782 2313 id
1820 2266 1903 2313 est

310 2341 535 2396 damnas
570 2342 752 2398 alium.
786 2343 841 2399 Si
870 2344 1014 2399 enim
1046 2354 1120 2412 tu,
1166 2345 1374 2410 Judaee,
1408 2347 1544 2401 dicis
1602 2354 1652 2401 te
1699 2346 1901 2417 praefe-

312 2430 535 2485 rendum
559 2431 767 2501 gentili,
803 2433 926 2504 quia
956 2433 1188 2489 dilectus
1220 2434 1335 2489 Deo
1364 2433 1552 2499 fueris,
1579 2452 1741 2506 quem
1764 2436 1901 2491 dicis

312 2534 408 2574 nec
435 2518 731 2590 aliquando
778 2537 1074 2576 memorem
1103 2522 1271 2577 fuisse
1300 2522 1552 2593 gentilis;
1586 2523 1672 2577 vel
1719 2524 1765 2577 si
1822 2532 1896 2589 tu,

315 2607 550 2677 gentilis,
586 2608 845 2677 praeferas
878 2617 927 2663 te
958 2618 1273 2665 excusatum
1298 2611 1780 2681 perignorantiam
1808 2612 1903 2666 Ju-

314 2694 444 2761 dzeo,
481 2695 576 2767 qui
604 2697 777 2751 Deum
808 2714 908 2767 per
938 2697 1119 2769 legem
1152 2699 1254 2752 sibi
1297 2700 1570 2771 cognitum
1601 2700 1900 2755 inhonora-

316 2785 389 2837 vit
417 2791 649 2855 uterque
680 2784 1067 2840 inexcusabilis
1097 2803 1155 2842 es
1191 2804 1203 2841 :
1241 2795 1294 2841 et
1323 2787 1560 2858 gentilis,
1594 2788 1717 2860 quia
1746 2796 1899 2843 natu-

319 2872 481 2927 ralem
511 2872 883 2942 cognitionem
932 2874 1153 2941 habuit;
1187 2884 1238 2930 et
1268 2876 1507 2942 Iudaeus,
1543 2865 1703 2947 quem
1734 2860 1817 2941 lex
1849 2863 1901 2943 et

313 2961 570 3015 naturalis
600 2960 905 3016 intellectus
948 2963 1017 3018 de
1062 2965 1177 3019 Deo
1235 2964 1436 3020 docuit.
1500 2965 1640 3019 Vere
1670 2959 1896 3037 uterque
1916 2991 1953 3037 vl;

2004 1728 2210 1775 tantum
2231 1724 2651 1792 praeteritorum,
2678 1725 2777 1779 sed
2807 1724 2969 1779 etiam
2992 1732 3315 1794 contempta
3336 1725 3595 1793 majesta-

2002 1809 2089 1865 tis.
2122 1812 2361 1865 Divitias
2394 1812 2661 1868 bonitatis
2693 1812 2815 1867 ideo
2847 1812 2993 1877 dicit,
3029 1813 3154 1883 quia
3198 1814 3342 1867 Deus
3370 1821 3423 1867 et
3452 1821 3593 1867 tem-

2002 1898 2213 1968 poralia
2240 1899 2457 1954 abunde
2493 1901 2587 1955 dat
2624 1901 2801 1964 malis,
2835 1901 3029 1971 quibus
3058 1916 3159 1957 nec
3189 1901 3339 1971 digni
3388 1909 3591 1968 essent,

2006 1995 2080 2051 ut,
2116 1987 2530 2043 considerantes
2571 1989 2957 2061 benignitatem
3005 1989 3123 2055 Dei,
3157 1997 3499 2045 revertantur
3526 1990 3594 2045 ad

2002 2092 2145 2130 eum.
2183 2077 2285 2130 Dat
2324 2076 2485 2131 etiam
2526 2077 2825 2148 magistros
2874 2078 2966 2148 qui
3014 2078 3266 2144 doceant,
3300 2086 3353 2133 et
3390 2078 3592 2133 intelli-

2002 2164 2241 2235 gentiam
2271 2179 2378 2235 qua
2409 2166 2477 2219 ad
2516 2166 2689 2220 Deum
2734 2166 2932 2220 reverti
2980 2165 3185 2220 bonum
3231 2182 3352 2221 esse
3395 2167 3589 2233 sciant,

2002 2260 2053 2307 et
2082 2253 2250 2306 multa
2279 2253 2403 2306 alia.
2444 2256 2529 2308 An
2565 2252 2780 2308 divitias
2807 2253 3064 2309 bonitatis
3102 2256 3220 2324 ejus
3251 2256 3590 2322 contemnis,

2002 2348 2052 2395 et
2073 2340 2284 2395 divitias
2298 2343 2599 2413 patientiae
2619 2343 2759 2413 ejus,
2777 2342 2899 2413 quia
2916 2358 3023 2397 non
3044 2343 3099 2397 in
3120 2360 3228 2397 uno
3250 2344 3345 2398 sed
3366 2344 3419 2397 in
3442 2344 3592 2398 mille

2005 2429 2243 2498 peccatis
2283 2438 2335 2484 te
2364 2431 2597 2500 patitur;
2638 2438 2691 2485 et
2721 2429 2937 2484 divitias
2985 2431 3429 2502 longanimitatis,
3464 2432 3589 2503 quia

2000 2533 2100 2587 per
2138 2518 2302 2572 multa
2351 2526 2588 2589 tempora
2634 2519 3028 2574 correctionem
3074 2520 3149 2574 tui
3179 2520 3424 2588 sustinet,
3457 2536 3588 2575 con-

2001 2606 2214 2672 temnis,
2249 2607 2488 2677 inquam,
2522 2609 2793 2678 ignorans
2827 2610 3095 2679 quoniam
3141 2610 3455 2680 benignitas
3490 2610 3590 2664 Dei

2000 2710 2100 2763 per
2130 2694 2444 2763 bonitatem,
2464 2696 2775 2766 patientiam
2808 2705 2861 2751 et
2906 2696 3389 2767 longanimitatem,
3423 2712 3591 2768 quan-

2001 2790 2112 2836 tum
2144 2784 2197 2837 in
2229 2799 2288 2838 se
2319 2792 2419 2849 est,
2453 2785 2684 2839 adducit
2720 2789 2772 2840 te
2802 2786 2873 2839 ad
2907 2787 3307 2856 paenitentiam
3334 2791 3355 2841 ?
3384 2786 3587 2856 Benig-

2002 2872 2145 2953 nitas"
2165 2872 2291 2953 Dei;
2322 2881 2582 2953 quantum
2620 2873 2675 2943 in
2698 2889 2757 2928 se
2786 2881 2885 2941 est,
2945 2882 3106 2929 vocat
3134 2881 3186 2928 te
3217 2874 3287 2928 ad
3314 2874 3587 2944 poeniten-

2003 2942 2165 3023 nimi;
2200 2942 2295 3013 Eafa
2314 2942 2938 3017 si’eun'dunt’dui'itiam
2973 2966 3152 3027 tuam,
3184 2962 3238 3016 id
3273 2970 3355 3016 est
3386 2978 3588 3018 secun-

691 3015 696 3016 ,
767 3015 804 3016 η
1064 3015 1169 3019 -η
1242 3015 1435 3020 -_,,__-_
1518 3015 1637 3019 .-η
1677 3015 1893 3037 mur,
2159 3016 2165 3023 ,
2609 3015 2614 3016 ,
2672 3015 2750 3016 ηρ
3142 3015 3151 3027 ,
3214 3015 3293 3016 ,,,

314 3049 689 3104 inexcusabilis
721 3065 801 3118 es,
838 3053 970 3123 quia
998 3052 1060 3105 in
1090 3069 1152 3107 eo
1183 3054 1523 3107 condemnas
1546 3056 1809 3124 teipsum,
1836 3056 1897 3108 in
1922 3015 1967 3076 Ο
1999 3047 2128 3101 dum
2149 3057 2301 3103 actus
2323 3058 2442 3103 tuos
2474 3050 2773 3105 obstinatos
2813 3051 2867 3105 in
2906 3050 3072 3116 malo,
3097 3058 3148 3106 et
3175 3051 3473 3107 secundum
3494 3068 3589 3107 cor

312 3154 405 3208 quo
438 3143 497 3194 tu
515 3138 747 3208 judicas
778 3141 1043 3205 alterum,
1078 3140 1192 3195 sive
1220 3142 1436 3195 Judaeus
1466 3125 1751 3227 gentile-tn,
1770 3130 1897 3227 isi've

315 3227 521 3296 gentilis
545 3227 814 3283 Judaeum.
849 3228 904 3282 Si
937 3228 1080 3282 enim
1112 3229 1197 3283 lex
1228 3229 1352 3283 data
1380 3218 1601 3283 damnat
1629 3218 1891 3296 Judaeum,

319 3314 430 3384 quia
458 3331 572 3369 non
632 3316 934 3372 custodivit
991 3333 1107 3371 eam
1143 3334 1155 3371 :
1189 3317 1271 3371 lex
1331 3317 1597 3372 naturalis
1653 3317 1900 3373 similiter

317 3418 415 3456 non
434 3404 708 3458 custodita
735 3405 959 3459 damnat
988 3405 1269 3475 gentilem.
1302 3407 1445 3460 Vere
1494 3407 1726 3476 teipsum
1758 3423 1894 3462 con-

319 3490 545 3547 demnas.
594 3493 734 3548 Nam
765 3501 819 3546 tu
865 3495 985 3564 agis
1026 3495 1218 3549 eadem
1249 3511 1369 3566 qua:
1389 3495 1637 3565 judicas,
1691 3494 1744 3549 id
1813 3504 1895 3550 est

318 3579 531 3634 damnas
564 3580 618 3633 in
658 3581 785 3635 alio.
821 3581 875 3635 Si
907 3581 1051 3637 enim
1105 3590 1180 3651 tu,
1230 3582 1467 3644 Iudaeus.
1492 3599 1592 3652 pro
1623 3584 1895 3653 praedictis

317 3669 563 3737 gentilem
580 3676 738 3739 putas
781 3669 1282 3736 damnandum,tibi
1321 3672 1656 3726 veroeadem
1688 3672 1894 3727 scelera

319 3758 507 3823 agenti,
572 3773 673 3828 pro
704 3758 828 3830 lege
847 3766 895 3813 et
923 3775 1125 3831 genere
1178 3768 1332 3830 putas
1366 3776 1489 3815 esse
1521 3761 1853 3830 parcendum
1875 3802 1889 3829 ,

318 3842 501 3900 frustra
522 3846 786 3916 opinaris.
825 3847 1170 3913 Econtrario,
1194 3848 1238 3901 si
1274 3855 1348 3914 tu,
1394 3848 1631 3918 gentilis,
1665 3849 1894 3904 damnas

315 3933 568 3999 Judaeum,
594 3934 721 4005 quia
749 3934 928 4005 legem
964 3935 1150 3989 habuit
1187 3943 1239 3990 et
1274 3951 1381 3991 non
1422 3936 1711 3991 custodivit
1750 3954 1889 4005 eam,

318 4019 365 4072 in
393 4037 455 4075 eo
474 4023 702 4076 damnas
715 4024 947 4093 teipsum
970 4024 1441 4094 praevaricatorem
1490 4024 1756 4079 naturalis
1808 4025 1892 4079 le-

320 4108 412 4177 gis.
438 4111 577 4165 Vere
596 4112 659 4165 in
687 4128 790 4183 quo
803 4113 1028 4183 judicas
1050 4113 1317 4181 alterum,
1342 4114 1579 4168 damnas
1625 4114 1888 4185 teipsum.

315 4195 436 4250 Nam
464 4214 585 4265 nos,
651 4200 743 4269 qui
796 4200 1133 4254 auctoritatis
1188 4215 1407 4270 magnae
1473 4217 1661 4255 sumus
1697 4244 1709 4267 ,
1765 4202 1887 4269 hoc,

320 4288 569 4352 quoniam
598 4291 801 4341 contra
832 4304 920 4343 eos
950 4290 1045 4359 qui
1076 4292 1254 4358 agunt
1289 4289 1432 4343 talia
1464 4288 1604 4344 sicut
1637 4289 1891 4359 praedicta

1978 3135 2531 3215 ‘tdum‘imptmiiens
2545 3159 2571 3205 ε·
2586 3138 2711 3211 quia
2729 3155 2829 3194 nec
2851 3154 2880 3215 a
2900 3139 3045 3194 malo
3059 3155 3221 3210 opere
3238 3139 3468 3207 recedis,
3484 3154 3587 3194 nec

1997 3227 2049 3279 te
2079 3212 2221 3279 male
2252 3212 2465 3296 operari
2486 3216 2779 3303 intelligis.
2803 3212 2938 3283 sunt
2960 3228 3102 3283 enim
3134 3228 3350 3299 quidam
3380 3227 3435 3281 in
3464 3242 3586 3282 ma-

1996 3312 2063 3366 lis
2093 3314 2346 3382 operibus
2367 3314 2643 3381 obstinati,
2672 3315 2763 3386 qui
2812 3323 2992 3370 tamen
3022 3332 3080 3371 se
3108 3317 3249 3371 male
3270 3331 3436 3388 agere
3456 3332 3582 3371 cre-

1995 3400 2145 3454 dunt.
2170 3402 2267 3468 Tu,
2302 3401 2543 3473 inquam,
2590 3404 2889 3458 secundum
2918 3420 3013 3459 cor
3057 3404 3422 3474 imposuitens,
3456 3404 3584 3459 the-

1994 3490 2251 3544 saurizas
2285 3490 2386 3544 tibi
2428 3492 2594 3557 iram,
2642 3490 2696 3544 id
2736 3500 2817 3546 est
2856 3507 3163 3563 congregas
3191 3492 3286 3546 tibi
3309 3492 3586 3562 propriam

1995 3577 2400 3632 damnationem
2438 3578 2671 3633 futuram
2708 3582 2773 3635 in
2810 3580 2898 3635 die
2930 3582 3049 3646 ine,
3084 3580 3139 3634 id
3168 3588 3250 3634 est
3279 3580 3585 3635 communis

1994 3666 2369 3720 damnationis
2397 3666 2708 3736 impiorum.
2733 3668 2831 3722 Die
2862 3668 3006 3722 enim
3052 3668 3414 3723 reuelationis
3436 3670 3588 3739 justi

1984 3754 2193 3825 judicii
2222 3756 2322 3809 Dei
2344 3775 2361 3821 ;
2384 3755 2508 3825 quia
2528 3754 2583 3809 in
2611 3755 2699 3812 die
2728 3756 2820 3811 illo
2848 3757 3095 3812 Christus
3117 3772 3240 3812 esse
3263 3756 3432 3825 judex
3459 3771 3583 3812 om-

1992 3842 2140 3895 nium
2178 3842 2430 3897 credetur
2459 3843 2526 3897 ab
2554 3844 2753 3914 impiis,
2779 3845 2868 3916 qui
2925 3861 3142 3916 semper
3188 3846 3292 3900 hoc
3341 3860 3582 3915 negave-

1992 3938 2139 3983 runt.
2172 3932 2321 3987 Tunc
2351 3931 2496 3985 enim
2518 3932 2723 3987 videbit
2753 3948 2878 3987 eum
2901 3934 3080 3988 omnis
3109 3948 3237 3989 caro
3272 3948 3283 3987 :
3317 3935 3413 4006 qui
3434 3934 3581 3989 Deus

1992 4017 2187 4072 reddet
2221 4023 2357 4074 tunc
2388 4022 2713 4092 unicuique,
2748 4029 2798 4075 et
2826 4022 3013 4076 Iudaeo
3059 4029 3110 4075 et
3141 4021 3348 4094 gentili,
3381 4038 3582 4077 secun-

1992 4106 2125 4161 dum
2158 4121 2324 4177 opera
2356 4111 2498 4178 ejus,
2518 4124 2626 4163 non
2657 4125 2883 4179 parcens
2909 4109 3096 4181 gentili
3127 4126 3226 4180 pro
3256 4110 3578 4182 ignorantia,

1991 4209 2094 4249 nec
2114 4194 2328 4249 salvans
2364 4196 2609 4251 Judaeum
2633 4213 2734 4268 pro
2767 4197 2910 4267 lege,
2944 4198 3030 4252 vel
3078 4213 3283 4270 genere
3326 4199 3577 4253 Abrahai.

1991 4281 2148 4350 Quod
2179 4283 2311 4337 dixit
2338 4284 2393 4337 in
2437 4292 2569 4351 toto,
2604 4302 2705 4356 per
2754 4294 2938 4356 partes
2969 4287 3303 4357 exsequitur,
3350 4287 3576 4342 dicens:

320 4381 446 4437 sunt,
501 4379 588 4429 est
636 4376 921 4445 judicium
965 4378 1085 4443 Dei,
1144 4392 1253 4430 non
1296 4377 1596 4431 secundum
1625 4366 1961 4449 iguoran-D
1997 4371 2300 4442 Unicuique
2328 4373 2520 4429 reddet
2536 4375 2849 4430 secundum
2879 4391 3067 4447 opera.
3093 4376 3187 4430 His
3223 4375 3444 4446 quidem
3486 4378 3583 4448 qui

321 4458 433 4513 tiam
476 4477 638 4532 quam
706 4470 759 4515 tu
790 4505 805 4527 ,
840 4463 1059 4533 gentilis
1094 4503 1107 4529 ,
1142 4462 1337 4517 frustra
1391 4465 1682 4533 prwtendis
1742 4483 1754 4517 :
1791 4481 1891 4521 nec

320 4550 599 4603 secundum
633 4566 808 4620 genus
837 4551 1089 4620 Abrahze,
1113 4551 1169 4604 in
1201 4567 1306 4622 quo
1337 4558 1411 4617 tu,
1457 4552 1661 4620 Judaee,
1722 4553 1893 4624 glori-

324 4635 571 4700 aris,sed
617 4638 927 4693 secundum
983 4655 1174 4709 puram
1224 4641 1546 4705 veritatem,
1582 4640 1634 4693 id
1691 4649 1774 4695 est
1802 4657 1891 4696 se-

323 4724 537 4778 cundum
568 4734 719 4781 actus
750 4726 1106 4798 singulorum,
1149 4727 1324 4782 Judaei
1374 4736 1426 4781 ct
1454 4728 1689 4800 gentilis,
1735 4728 1883 4784 15

322 4824 407 4863 nos
434 4816 678 4880 scimus;
713 4821 770 4867 tu
814 4822 993 4870 autem
1027 4816 1329 4879 existimas,
1364 4815 1417 4870 id
1472 4824 1554 4870 est
1587 4815 1727 4871 falso
1776 4817 1890 4887 opi-

322 4900 451 4953 naris
494 4903 615 4969 hoc,
651 4918 685 4955 o
714 4903 899 4969 homo,
935 4920 1031 4958 seu
1087 4904 1309 4958 Judmus
1334 4946 1350 4969 ,
1384 4919 1479 4957 seu
1526 4903 1766 4974 gentilis,
1800 4904 1892 4975 qui

319 4985 508 5052 judicas
537 5006 635 5045 eos
669 4991 758 5060 qui
788 4990 916 5045 talia
961 5000 1266 5062 aguntquae
1288 4991 1551 5061 praedicta
1580 5000 1723 5060 sunt,
1749 5000 1802 5047 et
1830 5009 1893 5047 ea

323 5080 370 5126 tu
396 5075 502 5145 ipse
523 5078 674 5132 facis.
709 5079 839 5143 Hoc,
862 5080 1103 5150 inquam,
1136 5081 1455 5144 existimas,
1489 5082 1621 5152 quia
1654 5084 1719 5135 tu
1748 5082 1887 5151 effu-

323 5165 424 5230 gies
442 5166 721 5235 judicium
752 5170 867 5231 Dei,
903 5168 957 5221 id
1006 5177 1087 5222 est
1117 5167 1260 5222 unde
1314 5168 1477 5222 alium
1524 5169 1886 5224 damnandum

322 5249 533 5317 judicas,
558 5271 621 5308 ex
654 5255 847 5309 eodem
870 5264 921 5309 te
952 5256 1273 5325 impunitum
1295 5257 1527 5312 evadere
1550 5257 1749 5312 credis.
1770 5258 1886 5312 Pri-

324 5353 453 5393 mum
483 5343 604 5412 quia
627 5351 813 5412 putant
834 5343 947 5398 tieri
962 5344 1228 5412 judicium
1251 5345 1349 5398 Dei
1368 5345 1665 5400 secundum
1689 5346 1884 5416 Digni-

330 5432 467 5482 tatem
496 5432 578 5485 vel
627 5431 1004 5501 indignitatem
1049 5440 1496 5504 personarum,et
1526 5448 1632 5488 non
1681 5449 1883 5490 secun-

1995 4467 2115 4512 sunt
2145 4459 2272 4513 boni
2301 4462 2503 4532 aperis,
2528 4462 2584 4523 id
2610 4471 2689 4518 est
2715 4463 2804 4534 qui
2839 4463 2979 4518 bene
3001 4463 3213 4533 operati
3232 4471 3356 4518 sunt
3371 4481 3577 4520 secun-

1993 4546 2127 4603 dum
2150 4552 2515 4618 patientiam,
2537 4552 2591 4607 id
2612 4560 2692 4607 est
2714 4568 2819 4607 non
2850 4553 3132 4607 abutentes
3161 4553 3416 4623 patientia
3454 4554 3574 4617 Dei,

1991 4644 2087 4698 sed
2104 4643 2445 4714 corrigentes
2463 4657 2522 4697 se
2536 4656 2657 4696 cum
2672 4640 3065 4696 sustinerentur
3078 4657 3107 4695 a
3119 4642 3255 4695 Deo.
3273 4641 3370 4696 Vel
3383 4656 3579 4697 secun-

1989 4732 2115 4785 dum
2144 4730 2472 4801 patientiam,
2498 4730 2621 4800 quia
2641 4729 3020 4800 mquanimiter
3044 4729 3407 4784 toleraverunt
3429 4745 3577 4799 qua-

1989 4835 2203 4889 cunque
2225 4820 2457 4874 adversa
2483 4834 2584 4889 pro
2606 4820 2740 4872 Deo.
2775 4818 2871 4872 His
2883 4818 3067 4889 utique
3092 4818 3285 4873 reddet
3312 4819 3573 4888 gloriam,

1988 4908 2043 4961 id
2070 4916 2149 4962 est
2181 4907 2477 4962 claritatem
2509 4905 2753 4976 corporis
2782 4914 2835 4960 et
2881 4906 3330 4962 illuminationem
3358 4907 3571 4961 animae.

1988 4997 2056 5050 Et
2072 4997 2261 5050 reddet
2285 4996 2571 5060 honorem,
2588 4994 2710 5066 quia
2724 4994 2778 5047 in
2800 4994 3086 5064 praesentia
3102 4995 3302 5049 Christi
3318 4994 3458 5051 inter
3471 4997 3575 5051 ho-

1988 5084 2260 5138 norabiles
2285 5102 2298 5149 ;
2319 5083 2446 5155 quia
2460 5098 2582 5138 cum
2627 5082 2837 5152 angelis
2853 5082 2953 5137 Dei
2976 5082 3165 5137 reddet
3191 5083 3351 5138 etiam
3381 5085 3573 5139 incor-

1988 5173 2330 5242 ruptionem,
2356 5171 2410 5225 id
2444 5179 2523 5225 est
2576 5177 2982 5240 permanentem
3022 5179 3216 5225 statum
3240 5171 3293 5224 in
3321 5170 3491 5242 gloria
3522 5178 3576 5225 et

1986 5260 2209 5325 honore,
2233 5276 2351 5330 quae
2366 5275 2464 5329 per
2480 5261 2670 5312 horam
2689 5258 2887 5313 habere
2902 5268 3126 5329 possent
3144 5268 3193 5314 et
3207 5259 3453 5328 perdere.
3479 5258 3575 5313 His

1985 5366 2107 5403 cum
2128 5350 2225 5403 hac
2236 5348 2686 5404 determinatione
2703 5348 2825 5403 dico
2837 5366 3059 5420 queeren
3069 5349 3213 5403 tibus
3230 5349 3403 5401 vitam
3420 5351 3577 5402 aeter-

1985 5437 2199 5505 nam,id
2220 5437 2361 5493 estsi
2383 5437 2522 5492 bene
2543 5444 2832 5509 operentur
2843 5453 3028 5494 amore
3052 5436 3174 5492 vitae
3195 5443 3438 5503 wternae;
3464 5452 3571 5497 non
