3960 6036
315 173 376 223 31
861 173 917 227 S.
960 173 1310 229 BRUNONIS
1349 173 1995 230 CARTHUSIANORUM
2039 172 2525 228 INSTITUTORIS
2565 172 2716 228 OPP.
2763 172 2936 228 PARS
2976 172 3040 226 Il.
3524 173 3591 225 32

316 301 622 364 quaerentes
643 294 768 351 inde
789 296 1110 368 temporalia
1130 296 1285 353 luera
1306 298 1391 353 vel
1416 298 1650 371 gloriam
1680 297 1896 361 mundi;
1921 298 1973 357 Α
2004 296 2220 361 dierint,
2252 296 2364 353 sive
2395 312 2516 352 eam
2547 295 2886 352 solummodo
2915 293 3123 367 Operati
3141 294 3246 348 sint
3271 312 3286 362 ;
3316 292 3393 348 illi
3411 294 3593 364 justi-

319 381 404 436 his
421 383 512 454 qui
531 385 793 440 suntboni
809 385 1008 456 operis,
1025 386 1104 442 sic
1122 387 1332 453 reddet;
1350 388 1435 443 his
1453 393 1646 444 autem
1664 389 1907 460 quisunt

319 486 394 526 ea:
424 475 808 540 contentione,
835 474 888 528 id
920 482 1002 530 est
1031 475 1123 546 qui
1153 492 1212 530 se
1233 477 1571 532 contentiose
1602 475 1904 530 alternatim

318 559 626 630 praferant,
663 562 766 617 hoc
795 562 983 617 vitium
1012 565 1243 619 maxime
1273 565 1541 635 reposcit;
1563 565 1689 636 quia
1717 565 1771 618 in
1802 565 1905 619 hoc

317 647 656 715 laborabant,
692 659 744 705 et
771 651 840 705 ab
872 653 972 706 hoc
1003 668 1098 707 eos
1135 653 1416 708 deterrere
1446 653 1648 708 nititur.
1682 652 1797 718 llis,
1824 652 1907 705 in-

318 751 498 806 quam,
516 738 606 808 qui
620 741 1125 814 contenduntetqui
1134 759 1249 796 non
1265 744 1630 814 acquiescant
1655 741 1902 806 veritati,

316 825 534 894 quando
564 827 765 882 bonum
793 829 1047 884 suadetur
1068 830 1173 896 eis;
1195 838 1250 884 ut
1265 831 1493 886 Romani
1524 831 1613 902 qui
1647 830 1906 884 nolebant

317 913 670 983 acquiescere
683 916 962 988 discipulis
983 919 1153 985 Pauli,
1169 920 1262 974 sed
1273 918 1571 975 credebant
1588 919 1901 990 iniquitati,

319 1001 673 1071 praeferentes
696 1022 755 1060 se
785 1006 923 1062 alter
950 1007 1125 1073 alteri;
1149 1008 1233 1061 his
1259 1008 1444 1079 utique
1472 1008 1571 1062 erit
1599 1010 1688 1062 ira
1710 1051 1726 1074 ,
1757 1007 1809 1060 id
1825 1015 1904 1061 est

318 1098 524 1146 aeterna
553 1094 848 1161 damnatio,
884 1104 936 1150 et
965 1096 1088 1150 talis
1118 1096 1200 1150 ira
1216 1113 1336 1168 quas
1359 1096 1425 1149 sit
1450 1097 1788 1167 indignatio.
1808 1097 1907 1148 lm-

319 1178 393 1248 pii
435 1181 577 1235 enim
623 1181 676 1236 in
728 1183 909 1253 ignem
966 1184 1127 1254 positi
1183 1185 1426 1257 graviter
1484 1184 1906 1256 indignabantur

321 1267 424 1321 sibi
453 1268 606 1339 ipsis,
640 1271 783 1341 quod
812 1273 955 1327 male
986 1272 1217 1344 egerint,
1253 1280 1303 1327 et
1349 1272 1561 1327 interim
1591 1273 1719 1326 dum
1772 1271 1903 1326 illud

313 1355 577 1423 judicium
595 1361 912 1427 morabitur,
927 1363 990 1416 in
1004 1378 1222 1417 omnem
1247 1363 1500 1417 ani-mam
1523 1361 1762 1418 hominis
1781 1377 1904 1432 ope-

321 1446 510 1500 rantis
568 1447 720 1502 16
759 1451 997 1504 malum.
1037 1450 1217 1506 Judaei
1255 1450 1379 1506 dico
1421 1453 1692 1523 primum,
1727 1450 1778 1504 id
1824 1457 1906 1504 est

319 1534 552 1589 maxime
581 1538 855 1607 operantis
878 1538 1112 1606 malum;
1147 1540 1273 1611 quia
1303 1547 1355 1594 et
1385 1539 1661 1605 naturalis,
1695 1547 1746 1594 et
1765 1540 1906 1594 data:

320 1621 459 1712 legis
481 1639 604 1678 reus
625 1633 725 1690 est,
747 1631 803 1681 et
824 1628 1018 1693 erci,
1035 1627 1084 1681 id
1109 1637 1192 1683 est
1212 1628 1450 1700 gentilis,
1466 1629 1556 1700 qui
1588 1628 1656 1683 de
1675 1628 1904 1682 naturali
1925 1653 1977 1712 B

316 1709 438 1781 lege
468 1712 645 1766 solum
690 1715 954 1786 arguitur,
1013 1716 1067 1769 in
1106 1717 1341 1771 animam
1375 1717 1653 1787 operantis
1683 1717 1902 1771 malum.

314 1798 486 1854 Judaei
535 1800 906 1857 indifferenter
953 1811 1004 1858 et
1036 1804 1210 1859 Graeci
1250 1805 1353 1860 erit
1401 1806 1712 1870 tribulatio,
1747 1805 1801 1858 id
1825 1811 1906 1858 est

319 1887 591 1944 damnatio
621 1895 680 1946 et
704 1893 986 1963 angustia.
1022 1894 1135 1948 Hoc
1167 1902 1249 1948 est
1277 1894 1410 1948 illud
1439 1893 1585 1964 quod
1616 1893 1747 1948 dixit
1777 1892 1908 1947 indi-

319 1977 524 2048 gnatio,
562 1978 690 2050 quia
716 1980 1040 2035 determinat
1070 1982 1138 2036 de
1168 1982 1316 2036 malo
1345 1982 1492 2053 quod
1524 1980 1764 2050 ﬁeret,et
1785 1989 1908 2052 post

308 2065 568 2132 judicium
592 2075 645 2121 et
677 2076 821 2122 ante.
855 2069 934 2123 De
985 2069 1128 2124 bono
1169 2086 1299 2125 vero
1329 2085 1436 2124 non
1459 2077 1599 2137 ante,
1645 2069 1742 2124 sed
1786 2077 1907 2140 post

311 2153 573 2221 judicium
603 2155 750 2221 dicit,
785 2156 915 2228 quid
954 2157 1030 2211 illi
1059 2157 1290 2212 futurum
1315 2159 1384 2212 sit
1412 2159 1626 2214 interim
1657 2159 1785 2212 dum
1807 2175 1905 2213 ve-

313 2241 492 2297 niatur
520 2243 590 2298 ad
614 2243 895 2313 judicium.
944 2245 1208 2316 Operanti
1251 2248 1454 2302 malum
1481 2248 1580 2303 erit
1611 2246 1902 2302 tribulatio.

316 2328 478 2385 Omni
507 2348 639 2387 vero
668 2333 912 2404 operanti
943 2334 1145 2389 bonum
1180 2350 1192 2388 :
1222 2337 1408 2392 Iudaeo
1450 2336 1746 2391 secundum
1781 2343 1906 2390 tem-

317 2435 420 2489 pus
443 2421 692 2492 primum
725 2422 864 2477 bene
914 2424 1159 2494 Operanti
1187 2444 1200 2491 ;
1232 2424 1286 2477 in
1313 2425 1501 2479 Jadzea
1533 2424 1676 2478 enim
1707 2423 1907 2494 princi-

314 2506 462 2577 pium
492 2509 680 2564 habuit
711 2510 954 2566 Ecclesia
987 2512 1217 2578 Christi;
1248 2517 1303 2568 et
1332 2514 1535 2582 Greece,
1570 2513 1623 2566 id
1652 2521 1734 2568 est
1765 2529 1899 2583 gen-

315 2595 411 2661 tili,
436 2598 706 2667 posterius
727 2607 970 2671 tempore
984 2604 1251 2672 aperanti
1271 2603 1495 2667 bonum,
1513 2601 1611 2656 erit
1631 2602 1829 2673 gloria,
1851 2601 1906 2655 id

314 2693 396 2739 est
418 2684 510 2740 illa
539 2686 754 2741 claritas
776 2692 831 2743 et
865 2688 1059 2754 honor,
1084 2689 1211 2760 quia
1240 2690 1379 2744 inter
1399 2690 1751 2745 honorabiles
1773 2689 1902 2756 erit;

314 2777 372 2828 et
396 2791 537 2845 pax,
569 2775 624 2829 id
654 2784 737 2830 est
762 2776 815 2830 in
844 2777 1021 2848 gloria
1044 2787 1097 2832 et
1118 2779 1325 2834 honore
1355 2779 1604 2833 diuturna
1635 2778 1904 2849 tranquil-

315 2860 458 2916 litas.
521 2863 656 2918 Vere
694 2864 881 2920 Judaao
939 2874 990 2920 et
1036 2867 1225 2950 gentili
1255 2861 1907 2950 ξρεξῌξζθῐιξὲῐξξᾴὄῷἱῐῇΐ

317 2950 512 3021 gloria,
547 2952 591 3006 si
624 2952 965 3009 solummodo
993 2936 1379 3027 δέηρόᾗὰᾖῆ
1399 2936 1580 3011 sinu?
1599 2936 1678 3007 ,ξξ
1700 2936 1724 2982 ῖ
1744 2936 1791 3001 ,Ξ
1820 2959 1842 3000 :
1865 2953 1882 2970 ⁸
1903 2948 1926 2994 ⁸.

381 3040 516 3094 Nam
545 3042 695 3114 apud
711 3043 885 3098 Deum
914 3060 1029 3098 non
1051 3048 1134 3099 est
1167 3047 1415 3116 acceptio
1444 3052 1907 3117 personarum,ut

311 3127 557 3184 “diem”
588 3130 728 3186 male
766 3139 1020 3204 δεεηίθπι
1045 3133 1432 3218 anteme
1461 3131 1652 3212 Habuit
1676 3121 1938 3210 mea;

1971 3221 1984 3257 ὲ
2005 3207 2266 3288 ipsorum,
2291 3207 2555 3288 quintana
2577 3219 2828 3273 omnibus
2843 3219 3023 3289 palam
3041 3217 3129 3274 fiet
3148 3218 3239 3289 (ibi
3259 3219 3402 3274 enim
3415 3219 3598 3290 singu-

311 3217 569 3288 gentilem
601 3219 738 3274 bene
782 3215 1547 3292 meritumEreyrdhetﬁﬁqaia'
1573 3215 1680 3277 non
1712 3221 1811 3276 fuit
1838 3219 1915 3278 dé

315 3319 480 3360 carne
538 3307 790 3373 Abrahae,
850 3309 1004 3377 cujus
1059 3307 1222 3364 fidem
1298 3309 1493 3365 melius
1551 3317 1632 3364 est
1687 3309 1901 3376 imitari,

318 3409 478 3464 quam
509 3395 576 3449 ab
621 3412 686 3451 eo
743 3397 941 3453 lineam
999 3398 1220 3470 generis
1275 3399 1523 3465 trahere;
1583 3415 1706 3455 cum
1751 3399 1905 3453 multi

315 3482 382 3537 de
441 3484 737 3539 Abrahami
784 3501 968 3554 carne,
1018 3487 1073 3540 in
1102 3495 1294 3557 gentes
1343 3487 1676 3552 transierint,
1751 3486 1906 3541 multi

314 3587 442 3627 vero
471 3573 538 3628 de
568 3575 843 3646 gentibus,
894 3574 1056 3631 ﬁdem
1085 3575 1318 3631 Abrahae
1368 3576 1647 3644 imitando,
1700 3591 1759 3630 se
1815 3575 1904 3629 di-

313 3675 452 3730 gnos
507 3662 958 3730 promissionibus
979 3663 1214 3718 Abrahae
1238 3663 1479 3728 fecerint,
1513 3672 1565 3718 et
1593 3663 1646 3717 in
1687 3663 1905 3718 Judazos

312 3749 538 3818 reputati
594 3752 699 3804 sint
732 3757 790 3804 at
820 3750 1101 3822 proselyti.
1153 3751 1354 3806 Probat
1408 3753 1579 3807 Deum
1603 3767 1712 3806 non
1769 3752 1905 3807 acci-

316 3853 448 3907 pere
477 3853 766 3907 personam
811 3839 981 3893 Judwi
1007 3855 1103 3894 seu
1151 3839 1408 3912 gentilis;
1443 3839 1566 3911 quia
1615 3848 1905 3912 utramque

308 3925 587 3993 judicabit,
623 3934 675 3981 et
715 3927 934 3981 modum
961 3927 1152 3996 judicii
1200 3928 1361 3982 futuri
1392 3929 1445 3982 in
1495 3936 1784 4000 utrumque
1813 3946 1906 3984 ex-

313 4015 484 4085 ponit,
509 4015 726 4070 dicens:
753 4016 891 4070 Vere
911 4015 1062 4087 apud
1083 4017 1257 4072 Deum
1279 4034 1395 4072 non
1415 4022 1497 4073 est
1515 4021 1765 4089 acceptio
1783 4035 1906 4090 per-

314 4118 584 4158 sonarum
615 4123 634 4168 ;
667 4104 791 4175 quia
816 4104 1019 4171 iudicat
1039 4121 1250 4170 omnes,
1292 4113 1344 4160 et
1373 4121 1469 4161 eos
1499 4106 1589 4178 qui
1613 4106 1730 4161 sine
1759 4105 1900 4177 lege,

317 4198 369 4246 et
399 4207 494 4247 eos
524 4191 614 4264 qui
635 4192 688 4245 in
707 4192 830 4264 lege
847 4201 988 4247 sunt.
1009 4195 1336 4266 Quicunque
1359 4197 1509 4249 enim
1529 4200 1906 4266 peccaverunt

313 4280 436 4336 sine
470 4282 602 4351 lege,
635 4279 686 4334 id
708 4289 790 4336 est
821 4296 927 4336 non
977 4281 1237 4338 habentes
1275 4281 1454 4353 legem
1491 4284 1768 4354 scriptam,
1801 4283 1904 4354 ipsi

2008 386 2351 453 ﬁcabuntur,
2387 402 2483 440 seu
2517 385 2715 440 fuerint
2745 385 2998 457 gentiles,
3034 401 3128 439 sea
3158 382 3327 437 Judzei
3354 382 3593 437 :solum-

2006 474 2168 528 modo
2199 489 2335 544 opus
2363 474 2502 546 legis
2532 475 2959 545 compleverunt.
2995 473 3094 528 Hic
3151 488 3339 527 versus
3381 471 3469 543 qui
3500 487 3592 525 se-

2008 563 2205 633 quitur,
2241 563 2578 618 solummodo
2627 564 2693 618 de
2723 562 3018 636 gentilibus
3061 561 3174 632 agit
3201 561 3468 630 :probans
3497 575 3592 614 eos

2008 651 2208 706 salvari
2238 668 2338 721 per
2384 652 2564 722 legem
2613 652 2937 720 naturalem,
2970 650 3232 705 facientes
3253 649 3443 704 eadem
3473 666 3593 720 quae

2007 748 2129 794 sunt
2158 741 2371 811 scriptae
2403 740 2562 812 legis,
2611 748 2664 795 et
2717 739 2962 794 damnari
3000 740 3044 793 si
3089 755 3195 792 non
3237 737 3479 793 fecerint.
3517 739 3596 792 De

2008 836 2235 900 utroque
2255 829 2365 900 agit
2395 829 2481 884 hic
2512 845 2721 894 versus,
2755 838 2808 884 et
2839 830 2906 884 de
2937 829 3108 884 salute
3155 827 3432 899 gentilium
3459 843 3592 898 pro-

2007 925 2129 986 pter
2157 933 2294 987 opus
2324 917 2481 990 legis,
2509 925 2560 972 et
2590 918 2658 973 de
2689 918 3029 975 damnatione
3061 920 3393 984 eorumdem,
3420 916 3464 970 si
3485 930 3594 970 non

2007 1006 2212 1074 operati
2245 1006 2350 1059 sint
2380 1006 2578 1076 legem,
2604 1021 2667 1062 ac
2697 1006 2742 1060 si
2771 1017 3138 1077 opponeretur
3176 1009 3340 1063 Paulo
3391 1024 3403 1059 :
3445 1003 3595 1059 Dicis

2009 1093 2153 1164 quod
2183 1094 2492 1165 quicunque
2531 1094 2764 1150 factores
2794 1095 2935 1166 legis
2974 1096 3193 1163 fuerint,
3218 1095 3589 1156 salvabuntur,

2007 1182 2104 1236 sed
2132 1183 2366 1254 gentiles
2397 1183 2598 1237 salvari
2621 1199 2730 1238 non
2776 1185 2996 1251 debent,
3028 1187 3151 1258 quia
3201 1183 3410 1241 etiamsi
3457 1196 3593 1251 opus

2005 1270 2146 1342 legis
2201 1269 2423 1335 faciant,
2478 1270 2850 1328 indifferenter
2878 1273 2978 1328 hoc
3026 1273 3245 1338 faciunt,
3310 1287 3418 1326 non
3447 1267 3594 1324 ducti

2006 1359 2213 1413 ratione
2257 1358 2534 1431 [nomine],
2585 1360 2683 1414 sed
2724 1376 2852 1416 casu
2901 1360 3128 1434 [causa].
3165 1370 3222 1416 ut
3273 1359 3350 1415 illi
3389 1357 3480 1430 qui
3525 1356 3593 1411 de

2005 1445 2166 1501 nullis
2197 1463 2294 1517 per
2325 1447 2630 1517 Scripturas
2661 1447 2910 1505 instructi
2957 1450 3082 1504 sint.

2078 1535 2277 1588 Contra
2303 1535 2407 1590 hoc
2439 1535 2632 1590 Paulus
2656 1554 2668 1589 :
2691 1537 2831 1591 Vere
2861 1537 3094 1609 gentiles
3123 1538 3170 1592 si
3199 1537 3396 1592 fuerint
3415 1536 3591 1593 facto-

2007 1640 2094 1680 res
2149 1623 2308 1695 legis,
2363 1623 2819 1693 justiﬁcabuntur,
2854 1633 2905 1680 et
2954 1627 3263 1682 econtrario
3293 1626 3339 1681 si
3391 1627 3595 1681 malum

2008 1713 2218 1782 operati
2261 1713 2388 1780 sint,
2421 1713 2500 1766 ira
2531 1721 2580 1768 et
2625 1713 3001 1786 indignatione
3042 1716 3480 1782 damnabantur;
3529 1731 3596 1770 ex

2008 1801 2201 1856 merito
2233 1801 2430 1856 debent
2459 1801 2647 1856 salvari
2679 1819 2780 1872 pro
2821 1803 2983 1869 bono,
3017 1812 3068 1858 et
3098 1803 3276 1873 puniri
3296 1819 3394 1874 pro
3426 1803 3590 1858 malo.

2012 1891 2152 1958 Quia
2197 1892 2306 1961 ipsi
2334 1891 2436 1945 sibi
2467 1895 2600 1945 sunt
2627 1891 2742 1956 lex,
2777 1890 2832 1944 id
2863 1899 2942 1945 est
2989 1892 3289 1947 naturalem
3321 1892 3502 1964 legem
3539 1892 3596 1946 in

2007 1978 2202 2048 seipsis
2243 1978 2437 2032 habent
2463 1997 2475 2032 :
2500 1978 2623 2048 ipsi,
2657 1979 2799 2043 dico,
2832 1995 2938 2034 non
2961 1980 3221 2035 habentes
3241 1980 3420 2052 legem
3451 1981 3596 2048 ejus-

2006 2066 2173 2131 modi,
2209 2066 2263 2120 id
2295 2075 2374 2121 est
2407 2067 2660 2137 scriptam
2694 2067 2830 2122 sicut
2865 2069 3038 2123 Judaei
3061 2111 3075 2134 ,
3117 2077 3168 2123 et
3198 2085 3326 2124 vere
3357 2070 3467 2141 ipsi
3490 2069 3598 2124 sibi

2005 2160 2143 2210 sunt
2174 2157 2267 2211 lex
2298 2175 2315 2211 :
2347 2172 2466 2211 cum
2491 2157 2593 2211 hoc
2614 2157 2682 2210 sit
2703 2157 2845 2229 quod
2865 2162 3058 2226 gentes
3079 2174 3199 2228 quae
3235 2159 3411 2228 legem
3461 2157 3597 2213 scri-

2005 2253 2153 2315 ptam
2174 2261 2287 2300 non
2311 2244 2534 2310 habent,
2549 2245 2602 2298 id
2624 2253 2706 2300 est
2722 2245 2970 2316 gentiles,
2987 2249 3213 2316 faciunt
3237 2263 3302 2302 ea
3322 2263 3443 2318 quae
3459 2251 3598 2301 sunt

2009 2334 2142 2404 legis
2179 2333 2413 2403 scriptae,
2441 2333 2492 2386 id
2527 2341 2627 2400 est,
2660 2350 2779 2405 quae
2801 2334 3005 2404 scripta
3033 2335 3118 2389 lex
3142 2334 3404 2405 praecipit,
3431 2339 3596 2390 natu-

2004 2423 2226 2488 raliter,
2245 2421 2297 2475 id
2315 2429 2395 2476 est
2416 2422 2711 2476 naturalem
2732 2422 2909 2494 legem
2923 2431 3234 2496 sequentes.
3257 2423 3373 2478 Nec
3384 2421 3597 2478 indiffe—

2005 2518 2188 2565 renter
2210 2527 2272 2565 ea
2304 2527 2424 2581 quae
2445 2511 2584 2583 legis
2607 2518 2730 2565 sunt
2753 2510 2976 2577 faciunt,
3009 2512 3132 2583 quia
3163 2514 3256 2583 qui
3282 2512 3594 2568 ostendunt

2004 2615 2101 2669 per
2115 2599 2483 2670 operationem
2503 2601 2781 2671 scriptum
2799 2616 2922 2654 esse
2955 2601 3019 2654 in
3053 2601 3310 2657 cordibus
3322 2601 3441 2656 suis
3457 2617 3594 2672 opus

2008 2688 2162 2758 legis,
2187 2687 2490 2742 deserendo
2529 2688 2690 2754 mala,
2719 2688 3052 2744 adhaerendo
3075 2689 3267 2754 bonis;
3310 2690 3414 2744 hoc
3449 2689 3594 2744 enim

2006 2783 2120 2864 est”
2140 2791 2283 2864 opus
2308 2776 2468 2848 legis,
2497 2775 2773 2832 declinare
2803 2792 2836 2831 a
2866 2776 3008 2831 malo
3056 2786 3109 2831 et
3143 2777 3326 2833 facere
3364 2777 3589 2832 bonum.

2005 2851 2248 2931 Qiiédfs‘i
2268 2851 2365 2934 per
2405 2865 2585 2936 legem
2625 2865 2921 2920 naturalem
2957 2881 3066 2919 non
3111 2865 3333 2921 creditis
3363 2865 3596 2938 gentiles

1956 2938 2224 3025 :~s§alv'=aii,
2260 2939 2392 3006 nihil
2419 2953 2522 3008 hoc
2544 2953 2773 3008 salutem
2791 2970 2975 3009 eorum
3004 2954 3257 3025 impedit;
3280 2955 3405 3025 quia
3426 2956 3490 3009 in
3506 2955 3595 3010 die

2005 3058 2133 3096 cum
2159 3042 2443 3113 judicabit
2479 3043 2645 3107 Deus,
2686 3042 2967 3113 apparebit
3003 3058 3141 3113 opus
3163 3042 3301 3113 legis
3322 3042 3586 3112 scriptum

2007 3112 2525 3212 Fuisse’inf‘cordibus
2543 3112 2924 3185 eorum.Tanc
2943 3131 2997 3184 in
3029 3112 3120 3186 illo
3137 3112 3234 3186 die
3259 3130 3593 3186 conscientia

2004 3305 2180 3360 lorum
2211 3305 2270 3361 1
2292 3307 2357 3362 ’7
2386 3323 2554 3377 opera
2591 3307 2842 3362 omnibus
2887 3307 3071 3378 palam
3110 3311 3310 3376 erunt),
3331 3307 3595 3363 reddente

2004 3393 2112 3448 illis
2145 3395 2513 3449 testimonium
2557 3395 2626 3450 de
2653 3395 2810 3451 bonis
2850 3412 2946 3452 seu
2965 3396 3123 3450 malis
3161 3413 3281 3468 quae
3320 3395 3587 3451 fecerunt.

2004 3483 2200 3538 Multos
2231 3483 2374 3538 enim
2408 3491 2574 3538 testes
2605 3492 2734 3540 tunc
2783 3484 3075 3552 habebunt,
3106 3501 3230 3540 cum
3261 3485 3597 3541 conscientia

2005 3587 2192 3626 eorum
2221 3572 2423 3626 nemini
2451 3572 2830 3640 occultabitur,
2867 3581 2920 3627 et
2949 3574 3084 3629 sicut
3115 3573 3182 3628 de
3203 3573 3480 3643 Operibus,
3516 3573 3596 3629 sic

2004 3662 2354 3716 conscientia
2383 3676 2566 3715 eorum
2605 3661 2871 3718 reddente
2904 3663 3022 3716 illis
3041 3663 3432 3718 testimonium
3454 3661 3601 3732 cogi-

2006 3748 2284 3816 tationum,
2317 3749 2442 3821 quia
2458 3749 2596 3805 sicut
2641 3765 2827 3821 opera,
2862 3749 2940 3805 sic
2970 3748 3406 3819 justiﬁcabuntur
3435 3750 3594 3806 etiam

2003 3837 2259 3909 cogitata.
2320 3838 2717 3909 Cogitationum
2784 3839 2907 3894 dico
2944 3839 3315 3895 accusantium
3372 3854 3487 3905 eos,
3549 3838 3596 3892 si

2007 3926 2162 3980 mala:
2185 3926 2320 3993 sint;
2345 3935 2437 3980 aut
2459 3927 2621 3982 etiam
2651 3927 3054 3983 defendentium
3068 3944 3181 3991 eos,
3205 3926 3249 3981 si
3280 3928 3436 3983 bona:
3465 3916 3590 3981 sint:

2005 4023 2057 4070 et
2077 4015 2181 4070 hoc
2212 4014 2352 4069 inter
2401 4031 2480 4081 se,
2505 4015 2630 4087 quia
2667 4033 2788 4086 quia
2837 4015 2972 4069 mala
3002 4014 3220 4081 fuerint,
3256 4015 3590 4071 accusabunt

2003 4102 2144 4157 bona
2160 4110 2213 4158 et
2242 4103 2511 4169 invicem;
2547 4104 2673 4174 quia
2693 4104 2999 4159 econtrario
3031 4104 3170 4159 bona
3200 4103 3594 4175 impugnabant

2003 4191 2168 4245 mala.
2194 4192 2321 4246 Ilaec
2350 4207 2534 4264 pugna
2573 4190 2660 4245 fiet
2687 4191 2740 4246 in
2763 4192 2887 4258 illis,
2912 4207 3144 4263 quorum
3173 4193 3317 4247 bona
3348 4191 3433 4247 vel
3453 4192 3595 4246 mala

2003 4278 2206 4335 incerta
2235 4287 2392 4344 sunt;
2427 4280 2524 4334 sed
2593 4280 2648 4334 in
2697 4280 2893 4350 quibus
2932 4281 3072 4334 bona
3115 4280 3232 4334 sine
3271 4279 3596 4334 admistione

312 4369 577 4440 peribunt
607 4370 728 4424 sine
761 4370 892 4441 lege,
929 4369 984 4424 id
1005 4378 1088 4424 est
1106 4369 1508 4425 damnabantur
1537 4388 1646 4426 non
1679 4373 1746 4426 de
1773 4363 1977 4442 prae-D
2008 4368 2276 4422 malorum
2309 4376 2450 4423 certa
2481 4375 2624 4434 sunt,
2659 4376 2714 4422 ut
2745 4371 2798 4422 in
2831 4368 3052 4433 sanctis,
3087 4376 3140 4422 et
3171 4368 3225 4422 in
3239 4368 3436 4439 quibus
3453 4368 3597 4422 mala

314 4457 644 4513 varicatione
676 4457 890 4529 scriptae
919 4457 1077 4529 legis,
1111 4459 1208 4514 sed
1252 4467 1457 4514 tantum
1479 4460 1758 4514 naturalis.
1793 4461 1906 4515 Hoc

316 4546 384 4600 de
413 4545 708 4616 gentilibus
737 4547 938 4602 dictum
973 4554 1073 4610 est,
1107 4555 1158 4602 et
1186 4548 1502 4620 quicunque
1531 4553 1904 4620 peccaverunt

314 4635 378 4688 in
407 4635 538 4706 lege,
564 4635 618 4690 id
637 4643 720 4690 est
741 4635 1004 4690 habentes
1020 4635 1200 4707 legem
1223 4635 1500 4705 scriptam,
1522 4645 1580 4690 ut
1597 4637 1784 4701 Judaei,
1805 4637 1906 4707 ipsi

317 4723 719 4784 iudicabuntur
729 4741 830 4796 per
855 4725 1048 4795 legem,
1064 4723 1118 4777 id
1139 4731 1220 4778 est
1232 4724 1298 4778 de
1311 4724 1753 4794 praevaricatione
1769 4726 1908 4781 data:

312 4811 452 4883 legis
481 4811 735 4880 adjuncta
765 4812 1002 4884 peccatis
1027 4828 1218 4868 eorum
1264 4812 1681 4868 damnabantur.
1715 4813 1906 4884 Oppo-

314 4909 472 4954 neret
518 4899 756 4965 Iudaeas,
805 4901 932 4956 licet
960 4908 1337 4973 transgressus
1385 4901 1437 4955 in
1485 4901 1608 4974 lege
1637 4901 1813 4968 fuerit,
1847 4918 1906 4957 se

312 4995 497 5042 tamen
546 5005 654 5043 non
701 4988 965 5058 damnari,
1009 4989 1106 5044 sed
1161 4990 1490 5059 parcendum
1537 4990 1641 5045 sibi
1688 5006 1720 5046 a
1767 4991 1903 5046 Deo.

314 5076 513 5131 Contra
532 5077 636 5132 hoc
664 5077 860 5132 Paulus
894 5095 906 5130 :
941 5078 1084 5133 Vere
1108 5078 1370 5133 habentes
1391 5078 1572 5150 legem
1599 5079 1668 5133 de
1685 5086 1907 5150 peccato

311 5164 714 5235 judicabantur,
746 5166 1003 5237 quoniam
1055 5167 1206 5237 apud
1236 5168 1412 5222 Deum
1435 5184 1548 5222 non
1579 5174 1703 5220 sunt
1724 5167 1854 5235 justi
1891 5185 1904 5232 ;

316 5261 368 5306 et
397 5253 442 5307 si
479 5254 619 5325 apud
659 5255 906 5309 homines
937 5263 1291 5309 revereantur
1328 5255 1615 5311 auditores
1660 5255 1817 5325 legis,
1851 5255 1906 5308 id

317 5350 400 5396 est
429 5343 520 5413 qui
552 5344 892 5399 solummodo
923 5343 1102 5415 legem
1142 5344 1450 5409 audierunt,
1485 5360 1588 5399 nec
1617 5359 1738 5398 eam
1768 5358 1904 5413 ope-

319 5429 422 5487 rati
463 5440 584 5486 sant
613 5440 667 5488 at
697 5433 890 5500 Judaei,
912 5432 1006 5488 sed
1035 5435 1281 5506 factores
1316 5433 1467 5506 legis,
1502 5432 1616 5488 sive
1646 5447 1767 5488 eam
1805 5447 1906 5486 au-

2007 4457 2125 4510 sine
2155 4455 2444 4528 refrigerio
2466 4457 2726 4511 bonorum
2759 4464 2903 4512 certa
2937 4465 3082 4523 sunt,
3116 4464 3172 4510 ut
3200 4456 3255 4510 in
3295 4455 3450 4510 valde
3473 4472 3596 4510 ma-

2005 4544 2092 4613 lis,
2117 4544 2170 4597 in
2198 4544 2282 4598 his
2314 4560 2420 4598 non
2459 4545 2562 4598 erit
2594 4545 2957 4600 accusationis
3004 4545 3164 4613 hujus
3194 4544 3279 4598 vel
3329 4543 3598 4598 defensio-

2005 4633 2090 4686 nis
2111 4633 2416 4688 colluctatio
2452 4648 2464 4687 :
2498 4633 2594 4688 sed
2623 4640 2762 4688 certa
2795 4633 2962 4700 salus,
2997 4633 3152 4688 valde
3199 4632 3386 4692 bonis;
3427 4631 3593 4686 inda-

2006 4721 2171 4775 bitata
2200 4721 2496 4786 damnatio,
2530 4721 2690 4776 valde
2721 4721 2878 4776 malis
2914 4739 2926 4776 :
2956 4721 3062 4776 hoc
3121 4729 3298 4775 autem
3352 4719 3601 4776 testimo-

2005 4808 2154 4863 nium
2183 4825 2409 4879 operam
2442 4817 2494 4864 et
2525 4809 2911 4882 cogitationum
2945 4810 3131 4865 reddet
3162 4809 3268 4862 illis
3301 4824 3395 4862 sua
3428 4824 3597 4863 cons-

2005 4897 2196 4954 cientia
2210 4897 2263 4951 in
2287 4898 2374 4953 die
2390 4899 2481 4953 illo
2496 4914 2625 4953 cum
2638 4899 2918 4968 judicabit
2935 4900 3080 4954 Deus
3102 4898 3324 4953 occulta
3340 4898 3599 4953 omnium

2007 4986 2325 5053 hominum,
2338 4985 2390 5039 id
2409 4985 2708 5040 estincerta
2727 5001 2915 5040 eorum
2933 4985 3020 5040 vel
3046 4987 3188 5039 bona
3205 4985 3290 5040 vel
3310 4985 3472 5039 mala.
3498 4985 3598 5039 Ja-

2006 5072 2206 5128 dicabit
2243 5073 2426 5142 utique
2443 5089 2547 5143 per
2591 5075 2779 5128 Iesum
2806 5073 3112 5139 Christum,
3163 5074 3254 5144 qui
3277 5073 3600 5128 constitutus

2006 5161 2268 5228 estjudex
2312 5160 2549 5214 omnium
2572 5162 2880 5217 secundum
2911 5164 3276 5232 Evangelium
3311 5177 3522 5229 meum,
3547 5161 3602 5216 id

2006 5256 2088 5303 est
2112 5249 2410 5304 secundum
2433 5249 2578 5320 quod
2602 5264 2707 5322 ego
2737 5250 3021 5319 annuntio,
3036 5249 3162 5320 quia
3175 5251 3321 5304 Deus
3342 5265 3443 5320 per
3457 5251 3603 5306 Chri-

2005 5345 2146 5392 stum
2171 5337 2435 5406 judicabit
2465 5338 2669 5394 omnia.
2713 5339 2962 5394 Probavit
3001 5337 3258 5408 gentilem
3290 5354 3451 5408 posse
3483 5339 3599 5394 sal-

2004 5425 2118 5480 vari
2151 5426 2479 5495 naturaliter,
2515 5426 2805 5485 facientem
2835 5443 2974 5498 opus
3005 5425 3220 5497 scriptae
3244 5424 3404 5496 legis.
3439 5427 3599 5486 Nunc
