3960 6036
269 220 338 271 33
908 209 1286 267 EXPOSITIO
1327 211 1398 264 IN
1438 208 1811 264 EPISTOLAS
1854 207 2080 263 PAULI.
2131 238 2197 246 --
2238 207 2311 262 ΙΝ
2349 206 2564 263 EPIST.
2608 207 2700 262 AD
2742 206 2909 263 ROM.
3485 208 3552 261 34

265 348 448 394 autem
480 339 711 409 probare
760 336 945 406 incipit
989 335 1121 390 nihil
1169 336 1434 406 prodesse
1474 334 1680 400 Iudaeo,
1715 333 1861 405 quod
1883 338 1937 396 Α
1967 332 2321 403 Sacrilegium
2371 332 2512 386 enim
2563 340 2644 387 est
2691 339 2996 387 creaturam
3044 331 3188 402 quod
3247 330 3561 386 naturaliter

266 428 488 482 Judaeus
519 427 695 481 dictus
726 434 809 481 est
837 425 927 496 qui
958 425 1137 497 legem
1187 433 1238 478 et
1270 422 1735 479 circumcisionem
1766 423 1869 475 ha-

270 517 405 579 buit,
457 516 559 569 nisi
604 531 741 585 Opus
792 514 930 584 legis
967 522 1020 568 et
1066 512 1496 568 circumcisionis
1545 510 1866 582 impleverit,

270 605 461 660 dicens
496 622 510 657 :
544 602 776 658 Gentilis
808 602 985 673 legem
1010 601 1313 655 naturalem
1344 601 1546 662 habuit,
1583 608 1635 653 tu
1665 607 1866 664 autem,

269 693 481 755 Judaae,
514 700 565 745 et
597 691 902 745 naturalem
933 698 983 745 et
1014 690 1271 759 scriptam
1302 689 1481 761 legem
1514 686 1760 742 habuisti.

347 780 817 835 Considerandum
866 787 950 834 est
994 778 1139 849 quod
1186 778 1255 831 de
1303 777 1490 831 Judan
1526 784 1578 831 et
1619 775 1873 848 gentibus

271 870 575 924 secundum
604 868 848 939 priorem
879 876 1077 921 statum
1110 874 1236 935 agat
1274 864 1567 935 Apostolus
1602 882 1615 917 :
1655 867 1749 931 Tu,
1786 863 1873 917 in-

273 973 461 1028 quam,
511 957 929 1028 cognominaris
960 954 1206 1018 Judazus,
1251 953 1302 1007 id
1348 961 1429 1007 est
1460 954 1566 1007 hoc
1594 951 1875 1023 dignitatis

270 1061 585 1117 cognomen
618 1045 810 1112 habes,
836 1043 981 1115 quod
1008 1042 1229 1096 Iudaeus
1257 1041 1478 1096 diceris.
1512 1044 1649 1095 Ante
1679 1040 1876 1095 Judam

273 1135 653 1188 Machabmum
682 1132 757 1186 illi
779 1132 957 1186 solum
986 1131 1055 1185 de
1084 1130 1229 1184 tribu
1258 1131 1284 1183 J
1293 1129 1399 1184 uda
1416 1129 1588 1183 Judzei
1613 1130 1877 1183 vocaban-

273 1231 385 1288 tur,
421 1222 591 1276 Israel
620 1229 801 1275 autem
833 1236 1021 1275 omnes
1052 1219 1389 1282 dicebantur,
1411 1218 1507 1271 sed
1537 1234 1566 1271 a
1594 1217 1733 1271 Juda
1766 1219 1878 1271 Ma-

275 1307 527 1372 chabreo,
574 1315 799 1376 propter
846 1305 1171 1375 probitatem
1219 1305 1335 1372 ejus
1379 1303 1508 1358 dicti
1534 1311 1659 1356 sunt
1686 1317 1879 1356 omnes

275 1395 475 1449 Judaei.
539 1394 812 1461 Concedo,
875 1393 949 1447 ait
990 1393 1203 1457 Paulus,
1254 1400 1305 1447 te
1359 1390 1735 1461 cognominari
1781 1392 1879 1444 Ju-

276 1484 481 1552 dzeum,
515 1483 640 1555 quia
669 1491 726 1536 tu
760 1483 1057 1554 requiescis
1086 1483 1150 1535 in
1182 1482 1317 1549 lege.
1352 1480 1485 1534 Aliae
1514 1480 1658 1534 enim
1689 1486 1882 1550 gentes

279 1588 532 1626 erroneae
564 1579 706 1634 sunt,
731 1587 841 1624 non
870 1571 1132 1625 habentes
1163 1570 1487 1623 documenta
1514 1568 1666 1633 vitae;
1700 1567 1798 1622 sed
1828 1575 1882 1621 tu

281 1661 525 1731 quietem
554 1659 724 1713 habes
752 1658 806 1712 in
834 1659 1059 1713 scientia
1088 1658 1245 1728 legis,
1281 1662 1335 1711 et
1364 1658 1628 1728 gloriaris
1656 1658 1719 1711 in
1754 1658 1877 1723 Deo,
1902 1691 1953 1750 B

280 1749 415 1820 quia
442 1750 497 1801 in
522 1747 694 1802 Israel
718 1755 926 1801 tantum
946 1747 1139 1802 dicitur
1159 1753 1319 1800 notus
1340 1746 1486 1799 Deus
1508 1745 1679 1812 (Psal.
1706 1759 1878 1809 Lxxv,

283 1840 349 1907 ι).
382 1837 516 1891 Aliae
563 1844 758 1908 gentes
809 1835 963 1907 quasi
1001 1836 1119 1889 sine
1162 1836 1278 1889 Deo
1326 1842 1466 1898 sunt,
1519 1832 1661 1887 unde
1706 1841 1758 1887 te
1792 1833 1882 1900 ja-

284 1924 490 1980 ctando
520 1923 789 1996 gloriaris.
842 1924 997 1979 Nosti
1026 1926 1081 1978 et
1123 1924 1477 1978 voluntatem
1508 1923 1645 1991 ejus,
1680 1920 1886 1976 scilicet

282 2013 410 2079 Dei,
444 2013 575 2083 quid
603 2011 717 2066 ﬁeri
747 2011 951 2067 scilicet
979 2011 1128 2076 velit,
1163 2010 1293 2081 quid
1322 2025 1451 2064 non.
1485 2010 1553 2064 Et
1572 2017 1645 2075 tu,
1679 2008 1884 2063 instru-

280 2110 404 2158 ctus
434 2118 537 2172 per
576 2101 769 2171 legem,
818 2101 1014 2171 probas
1060 2100 1315 2161 utiliora,
1370 2098 1424 2152 id
1454 2105 1537 2152 est
1566 2097 1633 2151 de
1666 2096 1887 2151 utilibus

281 2189 429 2262 legis
450 2189 667 2243 utiliora
687 2188 995 2243 discernere
1013 2187 1173 2242 nosti.
1193 2187 1439 2255 Conﬁdis
1462 2188 1622 2240 etiam
1646 2186 1887 2257 teipsum

286 2296 411 2335 esse
442 2279 642 2333 ducem
671 2294 947 2334 caecorum
978 2276 1263 2348 gentilium
1289 2294 1302 2342 ;
1338 2274 1464 2347 quia
1486 2275 1531 2328 si
1554 2274 1645 2345 qui
1665 2274 1734 2328 de
1753 2290 1888 2346 gen-

287 2367 479 2421 tilibus
507 2367 563 2421 in
610 2365 950 2420 Judaismum
995 2364 1227 2419 transire
1276 2364 1562 2430 voluerint,
1598 2363 1763 2417 doces
1796 2377 1890 2417 eos

286 2457 590 2510 observare
617 2455 914 2509 Sabbatum
947 2462 999 2509 et
1030 2460 1230 2510 caetera
1253 2452 1412 2524 legis,
1448 2468 1570 2507 cum
1588 2452 1765 2507 adhuc
1795 2466 1890 2505 ne-

288 2546 534 2601 scientes
584 2543 714 2615 quid
763 2544 878 2599 haec
922 2540 1232 2615 signiﬁcant
1278 2540 1409 2597 caeci
1458 2541 1584 2595 sint.
1650 2539 1891 2595 Confidis

292 2634 464 2689 etiam
497 2641 548 2688 te
579 2648 701 2687 esse
750 2633 945 2688 lumen
987 2647 1181 2687 eorum
1217 2631 1314 2703 qui
1340 2631 1402 2684 in
1438 2629 1682 2685 tenebris
1710 2632 1891 2695 sunt;

292 2738 424 2778 cum
456 2722 601 2776 enim
630 2720 707 2774 illi
735 2719 1143 2775 observaverint
1174 2718 1488 2783 Sabbatum,
1523 2717 1699 2772 adhuc
1729 2717 1893 2786 igno-

292 2818 488 2865 rantes
540 2808 862 2879 mysterium
909 2808 1151 2874 Sabbati,
1202 2806 1474 2861 illuminas
1522 2821 1616 2861 eos
1646 2804 1894 2861 docendo

292 2898 431 2970 quid
461 2899 579 2953 haec
616 2896 941 2970 signiﬁcent,
987 2904 1039 2951 et
1070 2896 1139 2951 ad
1187 2896 1315 2967 quid
1364 2895 1595 2955 valeant.
1638 2903 1687 2950 et
1719 2894 1797 2950 sic
1827 2893 1895 2948 de

293 2987 542 3042 tenebris
590 2986 906 3058 ignorantiae
955 2984 1160 3040 educis.
1208 2982 1449 3039 Conﬁdis
1495 2984 1652 3039 etiam
1694 2991 1742 3038 te
1773 2998 1895 3037 esse

292 3076 641 3131 eruditorem
668 3074 1063 3146 insipientium
1106 3073 1416 3128 Judzeorum
1443 3091 1457 3139 ;
1489 3072 1614 3143 quia
1643 3071 1687 3125 si
1718 3071 1809 3142 qui
1840 3072 1895 3125 in
1925 3051 1971 3111 Ο

292 3165 423 3235 lege
452 3164 768 3234 insipientes
799 3162 923 3227 sint,
957 3163 1126 3217 doces
1156 3178 1251 3215 eos
1282 3178 1403 3216 esse
1436 3162 1727 3231 sapientes.
1762 3160 1892 3215 Con-

297 3253 428 3307 ﬁdis
478 3252 643 3307 etiam
680 3261 731 3307 te
764 3267 887 3307 esse
914 3253 1256 3321 magistrum
1302 3252 1663 3320 infantium,-
1692 3249 1818 3320 quia
1851 3249 1895 3301 si

296 3342 434 3413 quid
465 3340 740 3411 simplices
783 3356 885 3395 nec
915 3339 1015 3394 fari
1046 3339 1113 3393 de
1144 3339 1267 3409 lege
1302 3338 1569 3403 noverint,
1603 3338 1769 3393 doces
1802 3353 1898 3393 eos

299 3430 584 3499 disputare
605 3429 672 3482 de
703 3428 854 3501 lege;
877 3437 926 3483 te
949 3427 1109 3481 etiam
1134 3428 1432 3483 habentem
1453 3430 1699 3497 formam
1726 3427 1900 3480 scicn-

300 3521 422 3583 tiw,
450 3518 573 3589 quia
605 3517 648 3571 si
688 3517 809 3587 quis
857 3517 985 3572 velit
1024 3516 1376 3572 considerare
1420 3515 1487 3569 de
1529 3514 1653 3586 lege
1702 3521 1897 3585 quanta

301 3607 393 3671 sit,
428 3606 565 3661 sciat
596 3620 715 3659 eam
754 3612 957 3659 tantam
1001 3620 1140 3670 esse,
1196 3611 1399 3674 quanta
1438 3602 1664 3657 scientia
1712 3610 1799 3655 tua
1846 3602 1901 3655 in

300 3711 367 3749 ea
404 3702 524 3760 est;
555 3694 844 3748 habentem
874 3693 1034 3747 etiam
1074 3692 1301 3747 formam
1343 3691 1601 3747 veritatis
1649 3690 1713 3744 in
1764 3691 1898 3761 lege,

301 3782 439 3854 quia
490 3790 543 3836 et
590 3782 812 3837 scientia
868 3780 1026 3852 legis,
1089 3790 1139 3836 et
1181 3796 1536 3852 quazcumque
1585 3779 1743 3833 docet
1772 3794 1903 3832 vera

302 3888 432 3925 esse
464 3870 623 3925 nosti.
660 3870 950 3924 Possumus
980 3870 1121 3925 enim
1152 3870 1354 3923 habere
1386 3868 1667 3923 scientiam
1700 3866 1899 3932 Ovidii,

299 3974 413 4014 nec
441 3968 619 4013 tamen
648 3975 773 4013 vera
803 3974 925 4013 esse
955 3958 1176 4023 scimus,
1212 3974 1332 4029 quae
1361 3956 1435 4011 ibi
1465 3964 1679 4011 narrata
1708 3955 1903 4010 intelli-

304 4048 511 4121 gimus.
548 4048 715 4117 Ergo,
754 4046 1008 4117 quoniam
1056 4045 1275 4117 quidem
1304 4046 1413 4100 dux
1443 4062 1503 4100 es
1534 4060 1823 4109 caecorum,
1852 4051 1904 4099 et

302 4137 375 4191 de
408 4135 653 4190 doctrina
703 4135 843 4207 legis
899 4134 1208 4188 illuminans
1262 4150 1356 4188 eos
1391 4152 1403 4187 :
1439 4136 1515 4189 Tu
1571 4136 1666 4206 qui
1722 4134 1904 4187 alium

304 4226 488 4290 doces,
545 4240 715 4295 quare
762 4240 875 4278 non
922 4224 1079 4278 doces
1132 4224 1418 4293 teipsum?
1449 4222 1536 4277 Sic
1568 4237 1692 4277 cum
1735 4222 1904 4275 debes

307 4329 412 4383 per
436 4312 633 4382 legem
660 4310 950 4382 proﬁcere,
980 4310 1279 4379 rejiciendo
1309 4326 1445 4381 opus
1477 4309 1635 4382 legis,
1671 4310 1904 4379 amplius

1970 420 2216 475 Creatori
2266 420 2430 475 debet
2485 436 2713 493 negare,
2771 420 2973 475 cultum
3030 418 3239 475 scilicet
3296 419 3431 474 Deo.
3483 420 3561 474 Tu

1970 509 2131 563 etiam
2163 510 2257 580 qui
2287 510 2549 578 gloriaris
2572 510 2633 563 in
2665 510 2801 578 lege,
2826 509 2879 562 id
2902 517 2983 563 est
3013 508 3103 580 qui
3121 509 3296 577 jactas
3318 515 3371 562 te
3392 507 3567 562 solum

1970 597 2148 667 legem
2181 596 2461 661 habuisse,
2498 614 2665 667 quare
2698 596 3003 653 inhonorus
3026 599 3202 652 Deum
3218 614 3322 669 per
3348 613 3570 668 praeva-

1974 686 2309 740 ricationem
2342 687 2521 756 legis?
2553 684 2901 741 Praevaricari
2937 685 2991 739 in
3011 685 3135 757 lege
3158 694 3238 740 est
3261 701 3369 740 non
3390 685 3573 742 facere

1974 789 2095 844 qua:
2134 773 2380 829 facienda
2411 773 2677 843 praecipit,
2712 782 2763 828 et
2788 773 2969 829 facere
3000 790 3120 844 quae
3140 773 3257 829 ﬁeri
3278 774 3571 831 interdicit.

1971 861 2143 915 Judaei
2183 869 2364 916 autem
2402 861 2710 916 deserendo
2754 861 2955 934 legem,
3008 862 3257 917 faciendo
3295 863 3572 918 contraria

1975 949 2103 1021 legi,
2142 951 2313 1004 Deum
2368 950 2792 1015 inhonorabant,
2844 959 3102 1021 quantum
3146 952 3216 1005 ad
3259 951 3572 1021 Opinionem

1976 1037 2275 1103 hominum,
2311 1038 2444 1092 nihil
2477 1047 2657 1093 tamen
2688 1038 2878 1110 gloriae
2920 1039 3035 1107 ejus
3063 1038 3431 1096 detrahentes.
3468 1040 3572 1095 Ve—

1977 1143 2033 1181 re
2065 1127 2260 1191 Deum,
2298 1126 2351 1180 in
2396 1134 2654 1197 quantum
2703 1126 2859 1181 vobis
2889 1135 2991 1193 est,
3042 1127 3393 1194 inhonoratis,
3440 1130 3572 1200 quia

1977 1231 2183 1270 nomen
2214 1215 2313 1269 Dei
2344 1215 2769 1286 blasphematur
2798 1232 2900 1287 per
2916 1232 3006 1271 vos
3026 1216 3181 1271 inter
3198 1221 3411 1286 gentes.
3436 1216 3573 1272 Cum

1979 1303 2123 1357 enirn
2154 1312 2349 1373 gentes
2379 1304 2597 1359 videant
2626 1320 2723 1359 vos
2755 1304 3030 1359 contraria
3059 1304 3168 1374 legi
3199 1304 3394 1371 facere,
3424 1305 3576 1375 justi-

1979 1392 2107 1445 tiam
2139 1391 2238 1445 Dei
2286 1391 2599 1462 profanare,
2648 1392 2783 1447 cibis
2828 1393 3108 1463 gentilium
3147 1394 3570 1461 communicare,

1979 1487 2031 1534 et
2061 1478 2277 1545 similia,
2312 1480 2496 1535 dicunt
2526 1488 2577 1534 et
2608 1488 2793 1550 putant
2825 1481 2999 1535 Deum
3030 1481 3110 1536 sic
3138 1497 3236 1536 vos
3256 1482 3568 1549 instituisse,

1980 1584 2083 1623 nec
2114 1568 2243 1621 satis
2272 1568 2499 1639 provide
2530 1568 2661 1623 tales
2680 1569 2847 1624 cultui
2866 1585 2964 1624 suo
2986 1569 3280 1642 delegisse.
3304 1572 3417 1626 Hoc
3438 1571 3574 1627 Eze-

1983 1656 2125 1712 chiel
2156 1656 2310 1721 dixit,
2342 1657 2468 1711 licet
2499 1657 2623 1712 aliis
2652 1657 2856 1723 verbis,
2890 1658 2957 1713 de
2986 1658 3183 1713 Judaeis
3216 1658 3356 1714 inter
3382 1667 3577 1731 gentes

1985 1745 2269 1815 dispersis,
2306 1746 2709 1799 transeuntibus
2741 1746 2810 1800 ad
2837 1746 3215 1802 idololatriam.
3249 1748 3406 1803 Unde
3436 1748 3576 1803 Pau-

1984 1834 2068 1888 lus
2097 1833 2174 1889 sic
2203 1834 2277 1887 ait
2312 1849 2323 1887 :
2360 1835 2475 1889 Hoc
2530 1834 2673 1905 quod
2722 1834 2845 1889 dico
2875 1836 3049 1890 Deum
3080 1835 3449 1906 blasphemari
3478 1852 3578 1907 per

1986 1938 2101 1987 vos,
2130 1922 2271 1976 inter
2299 1931 2491 1995 gentes
2522 1923 2664 1991 dico,
2683 1923 3126 1993 sicutscriptum
3147 1928 3270 1991 est;
3302 1924 3579 1996 Scriptura

1986 2011 2130 2065 enim
2159 2010 2213 2065 in
2243 2012 2347 2067 hac
2370 2027 2426 2065 re
2455 2011 2820 2066 testimonium
2841 2012 3107 2082 perhibet.
3132 2013 3199 2067 Et
3219 2012 3339 2083 quia
3360 2028 3579 2084 praeva-

1987 2099 2182 2155 ricatus
2212 2115 2271 2154 es
2302 2100 2354 2153 in
2386 2100 2532 2169 lege,
2564 2099 2687 2154 ideo
2720 2102 3074 2156 circumcisio
3098 2104 3198 2155 tua
3232 2102 3580 2173 prwputium

1987 2191 2144 2258 facta
2177 2192 2283 2255 est,
2314 2187 2369 2241 id
2401 2196 2486 2242 est
2514 2202 2623 2242 non
2654 2187 2777 2258 plus
2795 2187 2935 2243 valet
2956 2197 3009 2244 te
3030 2204 3151 2243 esse
3180 2188 3578 2258 circumcisum,

1990 2293 2150 2347 quam
2180 2275 2447 2348 gentilem
2504 2276 2899 2347 praeputiatum.
2948 2276 3100 2333 Sicut
3146 2278 3397 2349 superius
3425 2294 3582 2335 asse-

1990 2365 2096 2420 ruit
2126 2364 2259 2419 nihil
2306 2365 2575 2435 prodesse
2623 2365 2769 2437 quod
2820 2366 3035 2421 Iudaeus
3065 2374 3371 2432 vocaretur,
3404 2367 3583 2439 quod-

1990 2470 2095 2525 que
2126 2453 2304 2523 legem
2344 2453 2604 2520 haberet;
2637 2453 2710 2508 ita
2738 2454 2937 2524 probat
2965 2454 3053 2510 hic
3094 2454 3225 2509 nihil
3255 2455 3438 2511 valere
3469 2456 3584 2511 cir-

1991 2541 2381 2597 cumcisionem
2411 2541 2506 2607 illi,
2551 2542 2643 2613 qui
2670 2542 3100 2599 circumcisionis
3130 2544 3443 2614 mysterium
3474 2560 3584 2600 non

1990 2629 2315 2700 impleverit.
2352 2630 2451 2685 Illa
2482 2630 2626 2685 enim
2656 2631 2922 2687 abscissio
2952 2632 3132 2687 carnis
3162 2632 3436 2705 signiﬁcat
3463 2648 3586 2689 car-

1991 2719 2170 2773 nalem
2217 2719 2647 2790 generationem,
2698 2736 2819 2791 quae
2865 2720 2921 2773 in
2967 2721 3207 2791 peccatis
3246 2729 3350 2787 est,
3381 2722 3585 2779 debere

1992 2807 2257 2872 abscindi,
2291 2816 2345 2863 et
2385 2807 2722 2879 Spiritualem
2764 2808 3179 2879 generationem
3227 2810 3423 2867 exinde
3462 2826 3586 2867 esse

1993 2896 2280 2951 tenendam
2295 2936 2307 2950 .

2068 2985 2288 3040 Diceret
2326 2985 2541 3040 Iudaeus
2576 3003 2589 3040 :
2637 2985 2693 3041 Si
2737 2985 3077 3043 circumcisio
3124 2986 3195 3042 sit
3240 2989 3584 3060 praeputium,

1998 3090 2099 3145 pro
2128 3074 2295 3130 nihilo
2352 3075 2475 3129 data
2524 3082 2624 3139 est,
2660 3091 2783 3131 cum
2838 3092 2947 3131 non
2991 3076 3189 3147 prosit.
3249 3078 3443 3133 Contra
3482 3080 3588 3135 hoc

1999 3163 2195 3217 Paulus
2226 3181 2239 3217 :
2276 3163 2636 3220 Circumcisio
2653 3165 2874 3236 quidem
2893 3166 3117 3237 prodest
3137 3185 3157 3233 ;
3177 3168 3227 3221 si
3247 3167 3494 3223 observes
3516 3170 3590 3224 le-

1996 3268 2119 3322 gem
2150 3252 2597 3318 circumcisionis,
2632 3252 2687 3307 id
2717 3260 2800 3307 est
2840 3253 2903 3318 si,
2945 3254 3217 3324 quomodo
3246 3254 3588 3312 circumcisio

1999 3342 2196 3411 signat,
2246 3340 2427 3395 omnia
2458 3340 2583 3396 vitia
2611 3356 2644 3395 a
2676 3349 2727 3396 te
2758 3342 3142 3411 circumcidas,
3190 3343 3416 3413 prodest
3463 3344 3589 3416 qui-

2000 3429 2145 3494 dem,
2179 3428 2463 3482 observata
2506 3428 2659 3499 lege;
2693 3430 2809 3495 sed,
2844 3430 2890 3484 si
2930 3430 3005 3483 sis
3034 3432 3422 3501 praevaricator
3451 3433 3589 3505 legis

2002 3516 2454 3586 circumcisionis,
2507 3532 2616 3571 non
2665 3517 3038 3573 abscindendo
3077 3518 3206 3573 vitia
3248 3520 3447 3585 cordis,
3481 3522 3591 3575 cir-

2001 3605 2261 3661 cumcisio
2292 3614 2378 3660 tua
2410 3606 2487 3660 sic
2514 3605 2657 3661 facta
2689 3614 2771 3661 est
2800 3607 3143 3676 praeputium,
3179 3608 3231 3662 id
3263 3617 3344 3663 est
3373 3625 3481 3664 non
3513 3620 3594 3665 est

2003 3694 2185 3747 utilior
2232 3694 2327 3747 tibi
2380 3710 2537 3765 quam
2592 3695 2918 3765 prmputium
2961 3696 3172 3766 gentili.
3238 3697 3593 3755 Circumcisio

2004 3783 2204 3837 dicitur
2253 3782 2373 3852 ipsa
2431 3783 2695 3838 munditia
2752 3784 2953 3838 carnis.
3006 3786 3348 3856 Przeputium,
3402 3786 3458 3841 id
3510 3796 3594 3843 est

2004 3886 2135 3926 caro
2193 3888 2313 3941 qum
2370 3872 2760 3942 amputabatur,
2817 3872 3015 3928 dicitur
3061 3872 3176 3943 ipsa
3224 3874 3593 3944 immunditia;

2006 3959 2130 4030 quia
2174 3975 2301 4014 caro
2349 3960 2467 4030 ipsa
2511 3960 2910 4015 reclinatorium
2953 3961 3018 4015 sit
3055 3961 3313 4018 libidinis.
3364 3964 3431 4018 Et
3468 3966 3596 4037 quia

2006 4048 2351 4103 circumcisio
2402 4049 2525 4119 lege
2584 4048 3020 4104 circumcisionis
3077 4065 3184 4104 non
3225 4051 3512 4108 observata
3542 4052 3599 4108 ﬁt

2004 4136 2347 4205 praeputium,
2388 4136 2550 4208 igitur
2598 4136 2940 4206 prmputium,
2980 4138 3025 4191 si
3060 4137 3293 4205 justitias
3324 4139 3464 4211 legis
3493 4142 3597 4197 cir-

2007 4224 2353 4279 cumcisionis
2402 4225 2688 4290 custodiat,
2730 4223 2821 4279 ﬁet
2849 4225 3209 4281 circumcisio.
3260 4227 3367 4282 Sed
3397 4245 3465 4284 ne
3493 4230 3598 4285 ali-

2008 4312 2130 4383 quis
2158 4313 2357 4366 audeat
2397 4314 2769 4368 contradicere
2790 4356 2802 4378 ,
2851 4314 2999 4383 ponit
3028 4314 3128 4367 sub
3157 4314 3599 4389 interrogatione,

309 4418 440 4455 reus
472 4417 597 4455 esse
644 4400 1007 4456 convinccris.
1058 4400 1137 4453 Tu
1167 4400 1328 4454 etiam
1359 4399 1454 4471 qui
1480 4400 1754 4471 praedicas
1786 4415 1900 4453 non
1923 4405 1975 4464 D
2008 4400 2197 4455 dicens
2230 4418 2242 4454 :
2275 4402 2336 4456 Si
2350 4403 2714 4472 praeputium,
2734 4400 2789 4456 id
2807 4410 2886 4456 est
2908 4402 3126 4472 gentilis
3150 4404 3335 4473 (quem
3356 4414 3411 4460 tu
3429 4407 3599 4477 ipsam

309 4488 652 4561 furandum,
676 4505 844 4561 quare
865 4490 1082 4561 furoris
1095 4495 1120 4546 .7
1136 4488 1476 4543 Furabantur
1496 4487 1633 4541 inter
1657 4504 1714 4541 se
1734 4487 1906 4543 Judaai

312 4596 401 4635 res
432 4596 557 4634 suas
587 4580 900 4651 plerumque
925 4599 938 4646 ;
973 4578 1119 4650 quod
1150 4586 1332 4633 autem
1372 4577 1611 4632 deterius
1641 4585 1741 4644 est,
1774 4577 1911 4632 fura-

312 4670 514 4723 bantur
543 4685 729 4722 sanum
764 4668 1089 4724 intellectum
1122 4668 1191 4722 de
1221 4667 1363 4740 lege.
1399 4667 1477 4719 Tu
1499 4666 1682 4735 etiam,
1713 4668 1807 4739 qui
1827 4668 1911 4721 di-

315 4761 397 4814 cis
420 4774 536 4812 non
558 4774 671 4813 esse
694 4757 1107 4822 mrechandum,
1130 4772 1301 4828 quare
1322 4755 1621 4811 mazcharis
1642 4755 1669 4808 Ἰ
1690 4754 1913 4810 Maccha-

318 4848 515 4901 bantur
558 4846 627 4899 ad
672 4846 929 4910 litteram,
982 4846 1391 4899 moechabantur
1438 4844 1603 4899 etiam
1652 4842 1911 4898 adulteri-

319 4952 451 4989 num
477 4934 810 4989 intellectum
842 4942 1105 5004 ponentes
1135 4934 1189 4987 in
1222 4933 1365 5005 lege,
1400 4941 1690 5004 postquam
1720 4947 1911 4986 sanum

318 5039 542 5077 sensum
575 5023 712 5093 legis
746 5022 905 5076 furati
936 5021 1128 5076 fuerat.
1152 5022 1231 5075 Tu
1251 5021 1430 5087 etiam,
1455 5022 1550 5094 qui
1571 5020 1913 5077 abominaris

320 5112 491 5177 idola,
525 5111 579 5165 id
622 5118 703 5165 est
746 5110 838 5182 qui
876 5109 1127 5182 gentiles,
1159 5109 1401 5165 colentes
1433 5109 1593 5177 idola,
1637 5109 1788 5165 18
1812 5124 1914 5164 nec

317 5200 563 5255 homines
614 5200 893 5255 vocandos
939 5214 1060 5253 esse
1086 5198 1317 5266 judicas,
1352 5213 1523 5269 quare
1549 5198 1914 5267 sacrilegium

317 5290 480 5358 facis,
514 5288 571 5344 id
604 5296 686 5343 est
720 5306 733 5342 :
768 5296 822 5342 tu
854 5288 971 5357 ipse
1002 5303 1169 5358 quare
1200 5286 1333 5342 colis
1366 5286 1558 5341 idola?
1590 5286 1915 5357 Plerumque

318 5378 459 5432 enim
489 5378 665 5433 Judaei
696 5376 765 5430 ad
798 5376 1060 5431 culturam
1090 5375 1359 5430 idolorum
1386 5374 1526 5447 lapsi
1557 5384 1717 5443 sunt;
1750 5373 1916 5429 facie-

320 5467 444 5523 bant
474 5466 849 5538 sacrilegium,
886 5466 1224 5537 denegantes
1253 5463 1469 5520 Christo
1501 5464 1702 5523 cultum
1735 5480 1913 5520 suum.

2008 4489 2405 4544 immunditiam
2457 4490 2694 4558 judicas,
2757 4498 2808 4544 te
2872 4498 3052 4546 autem
3109 4492 3597 4565 circumcisionem,

2009 4579 2062 4633 id
2094 4586 2177 4633 est
2232 4578 2405 4648 ipsam
2461 4579 2823 4647 munditiam),
2883 4578 2947 4645 si,
2991 4580 3229 4651 inquam,
3275 4584 3602 4654 praeputium

2009 4666 2293 4723 custodiat
2314 4668 2576 4738 justitias
2629 4669 2766 4737 legis
2799 4667 3246 4735 circumcisionis,
3297 4673 3443 4742 quod
3474 4673 3606 4729 vitia

2010 4755 2190 4811 cordis
2218 4755 2517 4823 abscindat,
2553 4756 2713 4810 etiam
2746 4771 2912 4812 carne
2946 4772 3054 4812 non
3087 4766 3380 4829 amputata,
3412 4778 3603 4819 nonne

2010 4846 2355 4916 praeputium
2385 4845 2544 4899 illius
2575 4844 2928 4900 custodientis
2957 4845 3135 4918 legem
3173 4847 3606 4905 circumcisionis

2011 4934 2373 5005 reputabitur
2418 4933 2481 4986 in
2525 4934 3035 5001 circumcisionem,
3070 4935 3125 4990 id
3158 4945 3241 4991 est
3266 4952 3278 4992 :
3304 4954 3485 4993 nonne
3527 4940 3606 4995 sic

2011 5021 2252 5092 proderit
2282 5021 2358 5075 illi
2386 5022 2845 5093 quemadmodum
2868 5023 3212 5081 circumcisio
3230 5026 3317 5083 lex
3337 5028 3609 5084 custodita

2013 5109 2479 5176 circumcisionis;
2521 5117 2574 5164 et
2602 5126 2783 5167 nonne
2809 5112 3131 5184 prmputium
3172 5117 3315 5187 quod
3355 5126 3437 5173 est
3465 5135 3604 5175 con-

2013 5215 2327 5266 summans,
2362 5198 2415 5253 id
2446 5205 2527 5252 est
2557 5198 2810 5269 implens,
2848 5202 3025 5272 legem
3068 5202 3514 5274 circumcisionis,
3548 5210 3605 5261 et

2016 5286 2114 5343 hoc
2127 5303 2201 5342 ex
2217 5291 2451 5352 natura,
2474 5286 2529 5341 id
2552 5296 2633 5343 est
2648 5305 2747 5359 per
2764 5289 3057 5345 naturalem
3081 5291 3282 5364 legem,
3296 5293 3598 5363 judicabit,

2015 5376 2069 5430 id
2099 5384 2181 5432 est
2215 5376 2514 5443 damnabit,
2552 5381 2606 5432 te
2640 5379 3043 5450 comparatione
3074 5381 3204 5434 sui?
3233 5389 3302 5445 te,
3336 5381 3479 5447 dico,
3512 5384 3609 5455 qui

2015 5483 2071 5522 es
2103 5468 2507 5536 praevaricator
2537 5466 2670 5538 legis
2702 5476 2930 5524 servatae
2947 5484 3050 5541 per
3063 5469 3318 5526 litteram
3339 5489 3357 5539 ;
3380 5471 3503 5543 quia
3516 5471 3607 5528 lit-
