3960 6036
431 153 497 203 3ὅ
972 157 1032 212 S.
1082 160 1432 216 BRUNONIS
1471 162 2117 223 CARTHUSIANORUM
2161 174 2641 234 [NSTITUTORIS
2682 179 2831 236 OPP.
2877 183 3047 239 PARS
3096 186 3159 237 Il.
3642 194 3709 241 36

431 276 661 375 teralem.
705 280 1007 384 custodiam
1066 284 1242 355 eligis,
1292 294 1365 384 Det
1422 287 1754 384 spiritualem
1777 378 1786 384 _
1810 291 2008 359 rejicis,
2033 295 2086 354 A
2124 319 2144 343 ι
2177 305 2229 351 et
2261 308 2424 371 egent
2452 302 2631 373 gloria
2677 305 2793 371 Dei,
2839 306 3118 374 justiﬁcati
3149 309 3323 380 gratis
3354 326 3454 380 per
3478 312 3711 384 gratiam

427 366 816 434 prarvaricator
846 370 1008 424 etiam
1040 388 1099 425 es
1122 389 1222 442 per
1251 376 1739 432 circumcisionem
1773 378 1828 433 in
1852 396 2014 435 carne

427 452 686 520 habitam,
719 465 771 511 et
800 458 854 512 in
885 460 1048 514 corde
1078 476 1187 515 non
1217 462 1578 518 observatam.
1616 466 1751 522 Vere
1785 467 2010 522 circum-

424 541 559 596 cisio
591 542 645 598 ﬁt
690 547 1032 617 praeputium.
1082 550 1223 603 Nam
1250 553 1345 621 qui
1384 553 1446 607 in
1488 556 1811 624 manifesto,
1847 556 1899 609 id
1931 565 2014 611 est

423 631 541 686 solo
572 633 788 689 nomine
814 635 1034 691 Iudaeus
1056 646 1156 704 est,
1190 638 1278 694 hic
1304 655 1413 693 non
1443 649 1525 695 est
1554 642 1859 697 credendus
1889 660 2011 700 esse

419 719 677 787 Judwus;
711 739 887 794 neque
930 725 1272 781 circumcisio
1319 745 1440 799 quae
1490 736 1572 784 est
1616 730 1670 783 in
1700 731 2007 800 manifesto,

2120 404 2141 433 ι
2179 386 2371 455 ipsius,
2406 407 2506 460 per
2538 393 2968 463 redemptionem
3000 413 3120 466 qua:
3150 405 3231 451 est
3262 398 3317 451 in
3347 400 3562 455 Christo
3610 402 3707 455 Je-

2118 492 2139 520 (
2176 490 2238 528 su
2265 494 2279 542 ;
2312 495 2473 547 quem
2496 482 2781 551 proposuit
2809 483 2956 537 Deus
2986 484 3387 555 prOpitiatorem
3418 505 3517 558 per
3546 488 3710 544 ﬁdem

2117 582 2138 611 ι
2175 563 2227 616 in
2256 567 2521 637 sanguine
2560 569 2749 639 ipsius,
2800 572 2867 625 ad
2915 574 3284 629 ostensionem
3320 576 3543 643 justitire
3574 593 3704 646 suae,

2118 670 2139 700 ι
2175 662 2398 723 propter
2430 657 2807 713 remissionem
2844 662 3268 730 praecedentium
3298 664 3617 720 delictorum
3648 666 3704 720 in

2115 758 2137 789 κ
2173 744 2562 800 sustentatione
2594 746 2714 813 Dei,
2749 748 2817 801 ad
2857 749 3225 805 ostensionem
3250 752 3472 820 justitiaa
3502 754 3618 821 ejus
3648 754 3701 808 in

423 815 476 862 et
504 808 577 863 ita
793 814 853 867 in
879 829 1055 909 carne
1084 820 1329 909 tantum,
1367 825 1425 909 et
1448 834 1556 909 non
1587 818 1645 909 in
1672 819 1856 885 corde,
1893 821 2011 909 hazc
2112 848 2134 877 α
2172 829 2276 885 hoc
2303 839 2565 903 tempore,
2599 842 2657 889 ut
2686 836 2752 889 sit
2781 836 2898 907 ipse
2927 838 3105 906 justus
3154 848 3204 894 et
3246 808 3550 909 iustiﬁcans
3581 859 3701 897 eum

420 907 527 947 non
568 902 651 947 est
698 895 928 951 dicenda
975 898 1340 954 circumcisio.
1390 902 1592 955 Probat
1632 902 1829 957 iterum
1863 905 2008 975 quod

417 984 742 1054 praeputium
786 986 947 1055 (sicut
993 987 1191 1043 dictum
1241 988 1344 1059 est)
1393 988 1485 1044 ﬁet
1522 990 1884 1062 circumcisio,
1919 994 2007 1048 di-

420 1084 552 1125 cens
585 1089 597 1125 :
628 1072 846 1128 Iudaeus
874 1075 929 1128 in
960 1076 1268 1143 manifesto,
1300 1093 1408 1132 non
1445 1086 1527 1132 est
1547 1079 1783 1149 Judznus,
1805 1082 1899 1136 sed
1916 1082 2005 1136 ille

418 1162 514 1231 qui
542 1162 603 1215 in
630 1162 970 1229 abscondito,
1004 1164 1058 1218 id
1089 1174 1170 1219 est
1198 1166 1253 1220 in
1276 1181 1502 1236 operum
1550 1169 1878 1225 exhibitione
1907 1172 2005 1226 Ju—

412 1247 564 1303 dwus
596 1254 697 1317 est,
734 1251 833 1305 etsi
864 1267 971 1306 non
1002 1262 1226 1308 vocetur
1255 1254 1359 1309 hoc
1388 1256 1645 1324 nomine;
1676 1262 1732 1312 et
1760 1260 2002 1314 circum—

412 1337 548 1392 cisio
598 1339 781 1394 cordis
825 1343 983 1410 facta
1021 1342 1083 1396 in
1130 1344 1359 1414 spiritu,
1412 1344 1466 1398 id
1515 1353 1596 1399 est
1645 1346 2002 1415 spiritualiter

411 1424 649 1496 impleta,
699 1445 816 1483 non
856 1428 909 1483 in
970 1430 1184 1496 littera,
1233 1430 1287 1485 id
1337 1440 1419 1486 est
1452 1448 1559 1487 non
1590 1433 1909 1503 litteraliter,
1945 1444 2001 1491 ut

411 1515 681 1581 carnalis;
710 1517 825 1571 haec
854 1518 1040 1589 utique
1070 1519 1367 1588 spiritualis
1398 1529 1480 1575 est
1510 1529 1563 1576 et
1607 1537 1735 1577 vera
1763 1523 1998 1578 circum-

2112 935 2136 966 «
2174 919 2264 990 qui
2299 936 2362 974 ex
2394 920 2500 975 ﬁde
2530 931 2609 977 est
2638 924 2766 977 Jesu
2796 925 3015 979 Christi.
3040 927 3141 982 Ubi
3170 936 3252 983 est
3282 945 3417 1002 ergo
3448 930 3698 1002 gloriatio

2110 1028 2132 1058 ι
2168 1015 2259 1063 tua
2280 1007 2307 1061 ‘1
2337 1009 2572 1065 Exclusa
2619 1020 2719 1066 est.
2766 1013 2869 1067 Per
2910 1030 3074 1085 quam
3106 1016 3287 1089 legem
3308 1019 3336 1072 7
3364 1018 3648 1075 Factorum
3675 1019 3703 1072 ?

2108 1113 2131 1146 α
2166 1096 2306 1161 Non,
2341 1097 2436 1151 sed
2474 1115 2573 1168 per
2604 1099 2782 1172 legem
2813 1100 2956 1157 fidei.
2991 1104 3336 1159 Arbitramur
3367 1106 3510 1160 enim
3530 1108 3693 1175 justi-

2107 1204 2130 1234 ι
2166 1182 2312 1239 ﬁcari
2346 1186 2627 1241 hominem
2660 1205 2758 1258 per
2786 1188 2946 1244 ﬁdem
2978 1191 3094 1247 sine
3120 1194 3380 1263 operibus
3409 1194 3573 1265 legis.
3612 1200 3697 1251 An

2106 1291 2128 1321 ι
2162 1272 2474 1328 Judaiorum
2505 1276 2652 1329 Deus
2683 1284 2887 1331 tantum
2911 1280 2938 1333 ?
2966 1282 3159 1335 Nonne
3192 1290 3243 1335 et
3265 1283 3504 1354 gentium
3526 1285 3554 1337 ‘l
3584 1284 3697 1339 Imo

2104 1383 2125 1407 α
2161 1368 2219 1415 et
2246 1362 2511 1433 gentium.
2565 1363 2830 1432 Quoniam
2861 1367 3080 1438 quidem
3128 1386 3267 1424 unus
3296 1380 3379 1425 est
3406 1372 3572 1437 Deus,
3607 1373 3697 1443 qui

2103 1470 2125 1499 ι
2154 1448 2411 1517 justiticat
2439 1451 2911 1509 circumcisionem
2933 1473 2998 1510 ex
3021 1456 3145 1523 ﬁde,
3185 1466 3236 1512 et
3251 1460 3570 1530 praeputium
3600 1478 3701 1531 per

2102 1559 2122 1584 α
2158 1536 2339 1593 ﬁdem.
2388 1540 2587 1613 Legem
2620 1558 2751 1613 ergo
2786 1544 3113 1601 destruimus
3132 1563 3231 1617 per
3260 1547 3419 1603 ﬁdem
3445 1549 3472 1603 ‘1‘
3500 1550 3655 1604 Absit
3682 1549 3694 1603 l

410 1603 544 1700 cisio
566 1620 576 1658 :
598 1606 741 1661 Laus
762 1606 943 1676 cujus,
964 1606 1018 1710 id
1047 1615 1129 1661 est
1160 1607 1312 1664 19
1335 1610 1758 1680 quaelaudabilis
1772 1612 1998 1667 circum-
2024 1651 2076 1710 B
2103 1646 2125 1676 ι
2161 1625 2269 1682 sed
2300 1603 2495 1701 legem”
2510 1603 2814 1686 ειδιυίιῖωε,
2854 1653 2877 1682 ,

410 1690 543 1747 cisio
574 1709 689 1747 non
716 1698 799 1749 est
846 1710 920 1749 ea:
967 1694 1303 1766 hominibus,
1349 1698 1445 1753 sed
1473 1703 1558 1753 est
1586 1716 1659 1754 ca:
1689 1701 1815 1757 Deo.
1847 1701 1995 1756 Deus

408 1780 553 1835 enim
596 1781 747 1837 solus
788 1782 1052 1851 justitiam
1102 1785 1283 1840 cordis
1332 1785 1463 1840 dare
1504 1795 1714 1857 potest;
1746 1789 1995 1845 homines

402 1884 533 1926 vero
561 1878 845 1941 amputare
874 1887 1117 1940 carnem,
1152 1882 1204 1929 et
1224 1874 1355 1928 nihil
1385 1874 1530 1930 aliud
1558 1885 1809 1947 possunt.

1035 2015 1261 2071 CAPUT
1291 2016 1383 2070 ΠΙ.

473 2163 495 2187 α
532 2138 675 2207 Quid
706 2155 840 2212 ergo
870 2140 1102 2211 amplius
1131 2140 1319 2195 Judwo
1361 2148 1440 2196 est
1460 2140 1487 2194 ?
1516 2149 1606 2195 aut
1645 2158 1763 2213 qua:
1792 2143 1990 2198 utilitas

402 2249 425 2278 ι
459 2228 935 2284 circumcisionis?
967 2229 1191 2283 Multum
1224 2246 1324 2300 per
1352 2245 1568 2284 omnem
1599 2232 1837 2287 modum.
1874 2234 1987 2287 Pri-

402 2336 423 2367 ι
458 2333 603 2371 mum
651 2318 889 2389 quidem,
925 2318 1054 2389 quia
1086 2319 1291 2374 credita
1323 2327 1449 2372 sunt
1479 2319 1585 2372 illis
1619 2319 1833 2391 eloquia
1863 2320 1982 2375 Dei.

401 2428 413 2452 ι
458 2404 600 2473 Quid
646 2406 787 2461 enim
819 2406 864 2460 si
911 2407 1128 2477 quidam
1167 2407 1385 2462 illorum
1431 2424 1539 2462 non
1592 2409 1986 2464 crediderunt?

396 2517 419 2542 α
454 2495 709 2567 Nunquid
738 2495 1089 2551 incredulitas
1117 2496 1330 2551 illorum
1352 2496 1513 2551 ﬁdem
1536 2497 1635 2551 Dei
1656 2499 1935 2554 evacuavit
1957 2500 1984 2553 ?

397 2606 419 2629 α
456 2582 641 2639 Absit!
675 2585 771 2638 Est
798 2592 977 2639 autem
1010 2585 1155 2638 Deus
1187 2600 1367 2650 verax,
1402 2585 1579 2639 omnis
1609 2594 1786 2640 autem
1819 2588 1981 2643 homo

397 2694 419 2718 α
454 2671 707 2738 mendax,
733 2672 871 2728 sicut
892 2672 1154 2742 scriptum
1177 2681 1257 2727 est
1285 2691 1298 2727 :
1322 2695 1343 2723 ι
1372 2674 1438 2729 Ut
1451 2672 1766 2742 justiﬁceris
1787 2675 1841 2729 in
1864 2692 1979 2731 ser-

393 2780 416 2811 ι
450 2760 703 2816 monibus
724 2760 847 2827 tuis,
874 2768 925 2816 et
941 2761 1125 2816 vincas
1145 2777 1264 2816 cum
1281 2761 1547 2829 judicaris
1569 2762 1745 2832 (Psal.
1771 2779 1821 2829 ι,
1846 2766 1920 2834 6).
1951 2785 1973 2815 ι

392 2873 414 2897 α
438 2850 495 2905 Si
510 2858 689 2905 autem
710 2849 966 2921 iniquitas
986 2857 1175 2904 nostra
1190 2850 1451 2918 justitiam
1487 2851 1585 2905 Dei
1609 2853 1973 2921 commendat,

391 2959 414 2990 ι
450 2938 579 3010 quid
607 2938 850 2994 dicemus
869 2938 896 2992 ‘?
924 2938 1175 3009 Nunquid
1223 2938 1440 3010 iniquus
1479 2948 1562 2993 est
1589 2940 1735 2995 Deus
1766 2942 1858 3011 qui
1889 2942 1975 2995 in-

2700 1836 3016 1879 EXPOSITIO.

2170 1971 2309 2040 Quia
2339 1972 2589 2044 probavit
2620 1974 2871 2045 superius
2915 1976 3234 2047 praeputium
3284 1976 3404 2033 ﬁeri
3450 1979 3689 2035 circum-

2094 2059 2379 2127 cisionem,
2412 2068 2465 2116 et
2493 2078 2792 2118 econverso
2820 2063 3288 2121 circumcisionem
3319 2065 3435 2121 ﬁeri
3467 2085 3688 2139 pra>pu~

2091 2148 2244 2216 tium,
2296 2158 2597 2220 opponeret
2642 2167 2743 2220 per
2790 2153 2894 2207 hoc
2938 2153 3180 2223 Iudaeus,
3221 2154 3389 2209 nihilo
3435 2156 3556 2225 plus
3586 2158 3685 2211 sub

2090 2237 2303 2291 Veteris
2334 2239 2665 2293 Testamenti
2715 2248 2854 2294 statu
2896 2241 3148 2295 collatum
3188 2258 3311 2297 esse
3357 2243 3479 2309 sibi,
3523 2261 3683 2315 quam

2088 2325 2295 2396 gentili.
2344 2327 2427 2381 Ad
2472 2329 2575 2383 hoc
2614 2327 2967 2383 refellendum
3021 2330 3093 2383 ait
3143 2330 3341 2385 Paulus
3390 2331 3682 2387 inserendo

2089 2415 2453 2483 objectionem
2500 2416 2671 2471 Judaei
2706 2435 2718 2470 :
2753 2417 2892 2484 Quia
2938 2418 3048 2471 dixi
3100 2420 3424 2489 praeputium
3450 2422 3683 2491 reputari

2084 2502 2140 2556 in
2171 2503 2663 2573 circumcisionem,
2711 2513 2763 2560 et
2807 2521 3127 2574 econverso,
3161 2524 3292 2579 ergo
3324 2517 3548 2579 propter
3578 2510 3681 2565 hoc

2083 2590 2325 2646 dicturus
2356 2600 2440 2647 est
2467 2593 2597 2646 mihi
2632 2611 2645 2646 :
2679 2593 2821 2659 Quid
2851 2596 3095 2666 amplius
3142 2596 3391 2651 collatum
3426 2613 3547 2653 esse
3575 2600 3678 2654 Ju-

2082 2680 2197 2735 dozo
2225 2679 2277 2733 in
2305 2681 2477 2736 veteri
2509 2689 2671 2747 statu,
2705 2698 2867 2753 quam
2897 2683 3138 2755 gentili?
3167 2689 3269 2739 aut
3309 2702 3429 2757 qua:
3450 2688 3674 2741 utilitas

2081 2765 2179 2821 fuit
2207 2769 2655 2825 circumcisionis
2684 2770 2893 2835 Judzeo,
2926 2786 3049 2825 cum
3082 2772 3267 2843 gentili
3298 2772 3441 2826 idem
3470 2773 3677 2828 valeret

2078 2856 2397 2926 przeputium
2418 2857 2445 2910 ‘l
2477 2858 2578 2912 Pro
2610 2857 2777 2912 nihilo
2819 2859 3099 2914 videretur
3137 2859 3273 2915 facta
3313 2860 3673 2931 circumcisio,

2077 2943 2163 2998 lex
2196 2944 2467 3015 superﬂue
2498 2946 2641 3013 data,
2676 2947 2723 3001 si
2750 2946 2956 3018 absque
2985 2948 3069 3001 his
3099 2949 3271 3018 potuit
3301 2949 3501 3003 bonum
3534 2950 3673 3023 legis

390 3049 413 3078 ι
445 3008 546 3083 fert
570 3028 747 3083 iram?
777 3008 1086 3083 Secundum
1115 3008 1387 3082 hominem
1420 3028 1561 3084 dico.
1596 3028 1749 3083 Absit
1775 3008 1798 3083 l_
1820 3030 1972 3085 Alio-
1997 3008 2045 3071 Ο
2075 3040 2127 3087 et
2157 3008 2588 3088 circ-umcisionis
2615 3008 2821 3095 haberi,
2864 3008 3003 3090 sicut
3032 3008 3334 3091 ostenditur
3361 3037 3416 3091 in
3459 3008 3670 3110 gentili.

393 3140 415 3164 α
451 3116 581 3188 quin
630 3116 904 3188 quomodo
937 3116 1198 3184 judicabit
1244 3117 1392 3170 Deus
1422 3117 1562 3171 hunc
1592 3117 1887 3171 mundum?
1915 3119 1971 3174 Si

391 3227 411 3251 ι.
450 3205 595 3259 enim
626 3204 826 3259 veritas
869 3204 967 3259 Dei
998 3204 1053 3259 in
1098 3220 1222 3259 meo
1261 3204 1544 3260 mendacio
1591 3205 1888 3260 abundavit
1917 3207 1969 3261 in

387 3312 407 3346 ι
444 3292 675 3365 gloriam
702 3293 893 3363 ipsius,
945 3293 1075 3363 quid
1104 3293 1281 3347 adhuc
1320 3300 1374 3347 et
1420 3309 1526 3365 ego
1557 3300 1809 3364 tanquam
1834 3310 1968 3364 pec-

387 3402 409 3431 ι
445 3390 597 3437 cator
627 3381 883 3449 iudicor?
918 3380 986 3435 Et
1006 3397 1113 3436 non
1137 3381 1273 3436 sicut
1294 3381 1739 3452 blasphemamur
1759 3391 1811 3437 et
1833 3383 1970 3439 sicut

389 3491 411 3521 ε
443 3473 592 3525 aiunt
631 3470 854 3543 quidam
903 3486 1004 3525 nos
1051 3470 1252 3539 dicere,
1308 3470 1568 3525 faciamus
1609 3471 1751 3525 mala
1780 3479 1838 3525 ut
1868 3489 1966 3526 vc—

386 3582 408 3607 α
441 3559 590 3614 niant
622 3560 779 3626 bona,
814 3575 1045 3630 quorum
1072 3558 1347 3614 damnatio
1381 3560 1529 3628 justa
1565 3567 1666 3614 est.
1701 3558 1843 3627 Quid
1873 3578 1967 3615 er-

382 3670 404 3699 ¢
441 3665 515 3719 go
534 3648 562 3702 ‘I
588 3647 955 3704 Praecellimus
985 3648 1125 3703 eos?
1155 3649 1535 3719 Nequaquam.
1570 3649 1791 3702 Causati
1821 3649 1965 3703 enim

382 3761 403 3784 α
423 3753 611 3791 sumus
630 3737 845 3792 Judaeos
866 3744 918 3792 et
939 3737 1161 3792 Graecos
1172 3752 1361 3791 omnes
1378 3736 1476 3790 sub
1493 3745 1715 3806 peccato
1737 3753 1878 3804 esse,
1896 3738 1968 3791 si-

382 3848 403 3873 a
431 3833 520 3881 cut
541 3825 795 3895 scriptum
822 3833 904 3881 est
927 3843 939 3879 :
966 3825 1091 3897 quia
1105 3840 1211 3880 non
1232 3832 1313 3880 est
1328 3825 1506 3893 justus
1528 3824 1831 3896 quisquam,
1856 3842 1964 3880 non

383 3936 405 3963 ι
438 3922 520 3969 est
540 3913 869 3985 intelligens,
902 3928 1013 3969 non
1042 3921 1124 3968 est
1144 3913 1429 3985 requirens
1448 3914 1620 3967 Deum
1643 3914 1818 3981 (Psal.
1839 3929 1960 3982 xui,

376 4024 398 4054 ι
423 4005 501 4073 2).
527 4024 549 4052 ι
576 4001 780 4059 Omnes
792 4002 1220 4071 declinaverunt,
1244 4002 1404 4056 simul
1420 4000 1636 4056 inutiles
1652 4001 1778 4056 facti
1798 4012 1923 4056 sunt
1947 4020 1959 4056 :

382 4112 405 4142 ι
439 4108 549 4147 non
577 4100 660 4147 est
692 4091 785 4162 qui
815 4091 977 4147 faciat
1007 4092 1227 4157 bonum,
1254 4105 1363 4145 non
1395 4098 1670 4160 estusque
1699 4090 1768 4144 ad
1798 4106 1963 4145 unum

376 4204 397 4228 ιι
430 4180 611 4249 (Ibid.,
634 4180 712 4251 3.)
738 4204 759 4227 υ
787 4179 1107 4251 Sepulcrum
1124 4187 1316 4249 patens
1335 4186 1415 4233 est
1435 4185 1616 4249 guttur
1637 4193 1847 4245 eorum,
1868 4179 1964 4233 lin-

375 4290 397 4319 ι
429 4268 552 4340 guis
582 4268 696 4324 suis
737 4267 929 4324 dolose
954 4269 1213 4341 agebant,
1257 4283 1529 4323 venenum
1579 4266 1829 4337 aspidum
1860 4268 1959 4322 sub

2073 3121 2271 3176 Habuit
2300 3122 2484 3192 utique
2522 3122 2742 3177 Iudaeus
2788 3122 2843 3177 in
2874 3124 3043 3179 veteri
3074 3132 3212 3179 statu
3243 3126 3408 3179 multo
3439 3126 3674 3195 amplius

2072 3211 2328 3264 collatum
2358 3210 2461 3265 sibi
2492 3210 2677 3281 (etiam
2710 3211 2754 3264 si
2786 3226 2895 3265 non
2918 3212 3266 3280 observavit),
3303 3230 3461 3284 quam
3492 3214 3672 3286 genti-

2069 3298 2136 3353 lis
2162 3316 2175 3363 ;
2208 3299 2352 3370 quod
2382 3298 2527 3353 enim
2557 3298 2913 3355 circumcisus
2942 3309 3024 3355 est
3068 3309 3120 3355 et
3150 3301 3372 3356 edoctus
3402 3302 3470 3357 de
3500 3310 3669 3358 caete-

2070 3387 2146 3441 ris
2176 3386 2230 3440 in
2260 3387 2405 3460 lege,
2438 3388 2863 3459 praeparationes
2894 3389 3050 3445 bonae
3093 3389 3309 3444 fuerunt
3338 3398 3392 3444 ct
3421 3391 3668 3462 quaedam
3718 3400 3721 3403 '

2069 3476 2471 3545 instructiones,
2516 3476 2587 3531 ad
2627 3476 3037 3546 intelligendum
3075 3475 3238 3531 ﬁdem
3282 3478 3506 3533 Christi.
3561 3478 3669 3534 Sed

2068 3564 2287 3637 gentilis
2318 3563 2518 3618 nullam
2547 3565 2762 3635 penitus
2790 3564 2948 3619 20
2980 3566 3414 3631 instructionem,
3468 3575 3666 3638 praeter

2067 3652 2371 3707 naturalem
2400 3652 2729 3708 intellectum
2761 3652 2967 3707 habuit.
3018 3653 3141 3707 Non
3186 3662 3370 3709 tamen
3421 3657 3665 3727 amplius

2067 3736 2190 3791 dico
2219 3737 2405 3793 Judaao
2427 3738 2567 3808 quod
2595 3736 2650 3791 in
2681 3737 2788 3791 ﬁde
2817 3736 3013 3791 Christi
3044 3736 3261 3809 dignior
3288 3739 3571 3794 habendus
3597 3740 3666 3793 sit

2063 3827 2285 3896 gentili,
2321 3826 2419 3881 sed
2465 3825 2648 3896 utique
2686 3825 2864 3897 magis
2895 3834 3225 3896 praeparatus
3256 3834 3339 3882 est
3367 3828 3433 3881 ad
3463 3827 3652 3882 ﬁdem.

2066 3912 2246 3982 Quare
2276 3914 2322 3967 si
2350 3930 2460 3968 non
2489 3914 2767 3969 consensit
2795 3913 2940 3980 ﬁdei,
2976 3914 3153 3987 magis
3181 3914 3467 3969 damnatus
3499 3933 3660 3987 quam

2064 4002 2282 4073 gentilis
2308 4021 2322 4067 ;
2353 4003 2399 4056 si
2420 4018 2548 4058 vero
2595 4002 2891 4067 consensit,
2939 4018 3047 4057 non
3077 4012 3253 4058 tamen
3283 4004 3537 4074 gentilem
3571 4004 3659 4058 di-

2063 4090 2269 4161 gnitate
2298 4089 2424 4146 ﬁdei
2453 4090 2705 4146 excessit.
2742 4089 2955 4159 Quaeris
2987 4091 3114 4162 quid
3137 4091 3370 4162 amplius
3399 4092 3657 4147 collatum

2062 4178 2132 4233 sit
2158 4179 2344 4234 Judan
2370 4177 2381 4232 l
2415 4179 2656 4235 Multum
2688 4178 2896 4249 utique,
2930 4187 2983 4234 et
3008 4196 3112 4251 per
3149 4196 3370 4236 omnem
3400 4182 3649 4247 modum,

2062 4274 2115 4321 et
2145 4267 2445 4323 secundum
2492 4268 2748 4333 animam,
2795 4275 2849 4321 et
2897 4267 3196 4323 secundum
3252 4283 3467 4339 corpus,
3518 4277 3571 4323 et
3602 4268 3656 4322 in

372 4380 393 4405 «ι
428 4357 585 4412 labiis
624 4373 815 4414 eorum
845 4357 1048 4428 (Ibid.).
1086 4376 1108 4407 ι
1145 4355 1387 4424 Quorum
1418 4371 1480 4410 os
1502 4355 1878 4411 maledictione
1909 4364 1962 4412 et
1981 4360 2031 4419 D
2062 4371 2408 4427 unoquoque,
2462 4364 2512 4411 et
2559 4356 2615 4410 in
2643 4371 2877 4427 corpore
2907 4363 2961 4410 et
2990 4356 3042 4410 in
3072 4356 3271 4424 anima,
3313 4357 3479 4411 multa
3510 4356 3656 4412 bona

373 4468 395 4497 ι
421 4446 783 4502 amaritudine
800 4445 1021 4516 plenum
1038 4453 1137 4511 est,
1161 4445 1377 4500 veloces
1393 4443 1560 4514 pedes
1581 4458 1766 4499 eorum
1783 4444 1850 4498 ad
1871 4444 1957 4500 ef-

370 4558 392 4583 α
420 4534 756 4591 fundendum
785 4533 1106 4606 sanguinem
1129 4532 1330 4603 (Ibid.).
1362 4556 1382 4579 ι»
1406 4530 1665 4587 Contritio
1696 4540 1745 4586 et
1780 4531 1959 4587 infeli-

371 4647 392 4672 αι
430 4624 563 4680 citas
583 4624 639 4678 in
655 4623 757 4679 viis
778 4638 984 4690 eorum,
1010 4630 1064 4677 et
1082 4621 1225 4677 viam
1244 4621 1398 4693 pacis
1418 4636 1527 4676 non
1547 4631 1951 4691 cognoverunt;

371 4736 392 4761 α
422 4729 530 4769 non
547 4720 631 4768 est
649 4711 809 4768 timor
828 4711 932 4767 Dei
951 4719 1075 4766 ante
1091 4710 1277 4765 oculos
1290 4726 1474 4765 eorum
1490 4709 1683 4779 (Ibid).
1698 4733 1720 4757 »ι
1742 4710 1953 4765 Scimus

371 4824 392 4849 α
430 4808 610 4856 autem
650 4799 907 4871 quoniam
928 4814 1266 4871 quaecunque
1298 4798 1383 4854 lex
1400 4797 1655 4869 loquitur,
1678 4798 1763 4852 his
1784 4799 1875 4869 qui
1896 4799 1950 4853 in

369 4913 390 4938 α
426 4889 549 4961 lege
572 4896 695 4944 sunt
714 4888 970 4959 loquitur,
998 4896 1054 4943 ut
1074 4903 1234 4943 omne
1255 4903 1317 4942 os
1335 4887 1665 4953 obstruatur,
1692 4896 1744 4942 et
1765 4888 1951 4942 subdi-

369 5000 391 5029 ι
426 4986 507 5032 tus
540 4976 631 5032 ﬁat
660 4977 838 5031 omnis
867 4977 1098 5031 mundus
1120 4977 1236 5031 Deo
1261 4995 1274 5042 ;
1303 4976 1426 5047 quia
1447 4992 1511 5031 ex
1533 4976 1792 5047 Operibus
1811 4976 1950 5047 legis

367 5089 388 5114 α
424 5081 533 5121 non
558 5064 935 5134 justiﬁcabitur
962 5065 1138 5121 omnis
1159 5080 1289 5121 caro
1310 5080 1496 5120 coram
1516 5065 1630 5120 illo.
1652 5066 1949 5137 Perlegem

361 5176 383 5205 α
420 5153 563 5209 enim
622 5153 860 5224 cognitio
902 5153 1129 5224 peccati.
1175 5154 1331 5209 Nunc
1373 5162 1550 5208 autem
1594 5153 1799 5222 justitia
1848 5154 1949 5208 Dei

364 5264 386 5294 ι
424 5242 539 5297 sine
565 5241 689 5313 lege
718 5242 1061 5298 manifestata
1091 5250 1192 5308 est,
1226 5241 1509 5297 testiﬁcata
1536 5258 1566 5295 a
1595 5242 1717 5313 lege
1743 5250 1794 5297 et
1823 5258 1946 5312 pro—

363 5353 384 5381 ι
421 5331 616 5401 phetis.
649 5330 859 5384 Justitia
907 5339 1088 5386 autem
1118 5331 1216 5387 Dei
1245 5348 1345 5402 per
1374 5330 1534 5385 ﬁdem
1564 5332 1693 5385 Jesu
1723 5330 1942 5400 Christi,

364 5442 386 5467 ιι
418 5420 473 5473 in
520 5435 711 5475 omnes
757 5427 810 5475 et
838 5436 997 5491 super
1044 5436 1236 5476 omnes
1275 5420 1366 5491 qui
1409 5420 1638 5475 credunt
1681 5419 1736 5474 in
1783 5435 1933 5475 eum.

360 5530 381 5557 ι
416 5508 539 5564 Non
568 5509 712 5565 enim
741 5517 824 5565 est
849 5508 1138 5566 distinctio.
1174 5509 1379 5565 Omnes
1400 5508 1544 5564 enim
1564 5515 1940 5579 peccaverunt,

2060 4443 2200 4500 facta
2230 4453 2355 4499 sunt
2400 4444 2608 4511 Iudaeo,
2663 4460 2891 4515 quorum
2943 4444 3073 4498 nihil
3104 4444 3322 4516 gentilis
3353 4444 3558 4499 habuit.
3592 4446 3652 4498 In

2058 4548 2308 4604 corpore,
2341 4533 2465 4605 quia
2513 4532 2762 4589 liberavit
2800 4549 2896 4588 eos
2926 4532 2994 4587 ab
3026 4532 3277 4603 inimicis,
3310 4542 3365 4589 et
3394 4533 3543 4589 dedit
3572 4534 3651 4588 eis

2056 4628 2258 4677 terram
2296 4622 2757 4692 repromissionis,
2796 4630 2899 4677 etc.
2933 4622 2992 4676 In
3012 4621 3214 4688 anima,
3241 4621 3367 4693 quia
3397 4621 3650 4676 instruxit

2055 4726 2151 4765 eos
2180 4727 2280 4781 per
2308 4710 2509 4783 legem,
2545 4718 2598 4765 et
2644 4710 2949 4765 habuerunt
2992 4711 3356 4783 cognitionem
3387 4710 3505 4775 Dei,
3540 4718 3645 4766 etc.

2052 4799 2123 4853 Et
2176 4798 2348 4854 multa
2406 4799 2599 4854 similia
2655 4799 2880 4855 contulit
2927 4798 3024 4866 eis,
3074 4807 3127 4854 et
3155 4798 3209 4854 in
3255 4814 3478 4869 corpore
3510 4804 3561 4852 et
3592 4798 3650 4852 in

2051 4888 2250 4942 anima.
2271 4889 2349 4943 De
2374 4889 2568 4959 quibus
2588 4888 2661 4941 ait
2683 4888 2880 4941 Paulus
2915 4903 2925 4941 :
2959 4887 3121 4942 Multa
3144 4886 3358 4959 quidem
3379 4902 3646 4957 reponere

2049 4992 2271 5047 possem
2319 4977 2390 5031 ad
2438 4975 3177 5048 comprobandum,amplius
3214 4992 3336 5031 esse
3384 4976 3642 5030 collatum

2048 5064 2236 5120 Iudaeo
2285 5081 2445 5135 quam
2488 5064 2676 5137 gentili
2701 5083 2714 5130 ;
2739 5065 2835 5120 sed
2871 5067 3141 5137 primum,
3196 5064 3250 5118 id
3280 5072 3361 5119 est
3391 5064 3515 5135 quia
3544 5065 3647 5120 hoc

2050 5153 2401 5224 prazcipuum,
2434 5161 2517 5207 est
2546 5153 2613 5206 ad
2642 5153 2982 5223 probandum
3011 5152 3157 5225 quod
3188 5152 3408 5208 intendo
3438 5169 3638 5224 ponam

2047 5241 2211 5308 istud,
2244 5241 2366 5297 ideo
2397 5241 2628 5311 amplius
2668 5242 2923 5297 collatum
2967 5258 3091 5297 esse
3118 5242 3323 5307 Judzeo,
3357 5243 3487 5314 quia
3516 5258 3643 5297 cre-

2047 5331 2186 5400 dita,
2248 5330 2301 5384 id
2360 5338 2440 5385 est
2482 5330 2757 5401 proposita
2816 5339 2939 5384 sunt
2984 5330 3088 5384 illis
3133 5330 3202 5384 ad
3233 5329 3640 5386 instructionem

2044 5434 2231 5473 eorum
2262 5419 2479 5492 eloquia
2512 5420 2629 5485 Dei,
2663 5429 2934 5491 praecepta
2961 5435 3079 5490 qua:
3096 5419 3241 5473 Deus
3263 5418 3413 5474 dedit
3433 5420 3487 5473 in
3509 5419 3634 5492 lege

2045 5515 2096 5562 et
2122 5507 2419 5579 prophetis.
2469 5508 2667 5564 Contra
2712 5509 2817 5564 hoc
2860 5507 3080 5562 Judaeus
3109 5506 3302 5563 iterum
3337 5522 3349 5561 :
3383 5508 3487 5563 Per
3515 5507 3637 5562 data
