  <div class='ocr_page' id='page_1' title='image "/cluster/home/n/w/nwhite01/storage/ocr_20150623/153/hvd.32044054760111/024.png"; bbox 0 0 3960 6036; ppageno 0'>
   <div class='ocr_carea' id='block_1_1' title="bbox 274 128 3553 190">
    <p class='ocr_par' dir='ltr' id='par_1_1' title="bbox 274 128 3553 190">
     <span class='ocr_line' id='line_1_1' title="bbox 274 128 3553 190; baseline -0.001 0"><span class='ocrx_word' id='word_1_1' title='bbox 274 139 343 190; x_wconf 80' lang='lat'>37</span> <span class='ocrx_word' id='word_1_2' title='bbox 914 133 1292 189; x_wconf 83' lang='lat' dir='ltr'>EXPOSITIO</span> <span class='ocrx_word' id='word_1_3' title='bbox 1326 134 1395 188; x_wconf 90' lang='lat' dir='ltr'>IN</span> <span class='ocrx_word' id='word_1_4' title='bbox 1434 128 1811 187; x_wconf 86' lang='lat' dir='ltr'>EPISTOLAS</span> <span class='ocrx_word' id='word_1_5' title='bbox 1858 128 2082 188; x_wconf 85' lang='lat' dir='ltr'>PAULI.</span> <span class='ocrx_word' id='word_1_6' title='bbox 2121 162 2184 172; x_wconf 89' lang='lat'>—</span> <span class='ocrx_word' id='word_1_7' title='bbox 2215 134 2287 187; x_wconf 89' lang='lat' dir='ltr'><strong>IN</strong></span> <span class='ocrx_word' id='word_1_8' title='bbox 2338 133 2555 187; x_wconf 86' lang='lat' dir='ltr'>EPIST.</span> <span class='ocrx_word' id='word_1_9' title='bbox 2606 133 2700 187; x_wconf 84' lang='lat' dir='ltr'>AD</span> <span class='ocrx_word' id='word_1_10' title='bbox 2748 132 2919 189; x_wconf 80' lang='lat' dir='ltr'>ROM.</span> <span class='ocrx_word' id='word_1_11' title='bbox 3486 136 3553 187; x_wconf 91' lang='lat'>38</span> 
     </span>
    </p>
   </div>
   <div class='ocr_carea' id='block_1_2' title="bbox 264 256 3557 330">
    <p class='ocr_par' dir='ltr' id='par_1_2' title="bbox 264 256 3557 330">
     <span class='ocr_line' id='line_1_2' title="bbox 264 256 3557 330; baseline -0.001 -16"><span class='ocrx_word' id='word_1_12' title='bbox 264 258 477 330; x_wconf 87' lang='lat' dir='ltr'>eloquia</span> <span class='ocrx_word' id='word_1_13' title='bbox 506 258 739 328; x_wconf 87' lang='lat' dir='ltr'>amplius</span> <span class='ocrx_word' id='word_1_14' title='bbox 770 274 878 313; x_wconf 91' lang='lat' dir='ltr'>non</span> <span class='ocrx_word' id='word_1_15' title='bbox 909 257 1005 311; x_wconf 88' lang='lat' dir='ltr'>fuit</span> <span class='ocrx_word' id='word_1_16' title='bbox 1049 258 1239 313; x_wconf 67' lang='lat' dir='ltr'>Judaao</span> <span class='ocrx_word' id='word_1_17' title='bbox 1290 273 1448 329; x_wconf 89' lang='lat' dir='ltr'>quam</span> <span class='ocrx_word' id='word_1_18' title='bbox 1480 256 1688 327; x_wconf 79' lang='lat' dir='ltr'>gentili,</span> <span class='ocrx_word' id='word_1_19' title='bbox 1732 256 1931 327; x_wconf 79' lang='lat' dir='ltr'>quiaA</span> <span class='ocrx_word' id='word_1_20' title='bbox 1957 262 2179 326; x_wconf 89' lang='lat' dir='ltr'>peccata</span> <span class='ocrx_word' id='word_1_21' title='bbox 2209 257 2524 323; x_wconf 87' lang='lat' dir='ltr'>hominum,</span> <span class='ocrx_word' id='word_1_22' title='bbox 2558 265 2707 313; x_wconf 91' lang='lat' dir='ltr'>tanto</span> <span class='ocrx_word' id='word_1_23' title='bbox 2738 256 3033 330; x_wconf 82' lang='lat' dir='ltr'>gloriosior</span> <span class='ocrx_word' id='word_1_24' title='bbox 3081 263 3362 327; x_wconf 84' lang='lat' dir='ltr'>appareret</span> <span class='ocrx_word' id='word_1_25' title='bbox 3390 258 3557 324; x_wconf 88' lang='lat' dir='ltr'>Deus,</span> 
     </span>
    </p>
   </div>
   <div class='ocr_carea' id='block_1_3' title="bbox 262 346 1045 417">
    <p class='ocr_par' dir='ltr' id='par_1_3' title="bbox 262 346 1045 417">
     <span class='ocr_line' id='line_1_3' title="bbox 262 346 1045 417; baseline 0 -17"><span class='ocrx_word' id='word_1_26' title='bbox 262 363 371 401; x_wconf 89' lang='lat' dir='ltr'>non</span> <span class='ocrx_word' id='word_1_27' title='bbox 403 347 630 402; x_wconf 80' lang='lat' dir='ltr'>credidit</span> <span class='ocrx_word' id='word_1_28' title='bbox 662 346 890 417; x_wconf 86' lang='lat' dir='ltr'>eloquiis</span> <span class='ocrx_word' id='word_1_29' title='bbox 917 346 1045 401; x_wconf 88' lang='lat' dir='ltr'>Dei.</span> 
     </span>
    </p>
   </div>
   <div class='ocr_carea' id='block_1_4' title="bbox 336 433 1864 505">
    <p class='ocr_par' dir='ltr' id='par_1_4' title="bbox 336 433 1864 505">
     <span class='ocr_line' id='line_1_4' title="bbox 336 433 1864 505; baseline -0.001 -16"><span class='ocrx_word' id='word_1_30' title='bbox 336 437 473 490; x_wconf 89' lang='lat' dir='ltr'>Vere</span> <span class='ocrx_word' id='word_1_31' title='bbox 502 436 574 488; x_wconf 89' lang='lat' dir='ltr'>ait</span> <span class='ocrx_word' id='word_1_32' title='bbox 607 434 841 488; x_wconf 84' lang='lat' dir='ltr'>Paulus:</span> <span class='ocrx_word' id='word_1_33' title='bbox 874 434 1105 505; x_wconf 87' lang='lat' dir='ltr'>amplius</span> <span class='ocrx_word' id='word_1_34' title='bbox 1137 451 1238 505; x_wconf 90' lang='lat' dir='ltr'>per</span> <span class='ocrx_word' id='word_1_35' title='bbox 1267 434 1474 490; x_wconf 89' lang='lat' dir='ltr'>credita</span> <span class='ocrx_word' id='word_1_36' title='bbox 1524 433 1738 505; x_wconf 91' lang='lat' dir='ltr'>eloquia</span> <span class='ocrx_word' id='word_1_37' title='bbox 1768 433 1864 487; x_wconf 91' lang='lat' dir='ltr'>fuit</span> 
     </span>
    </p>
   </div>
   <div class='ocr_carea' id='block_1_5' title="bbox 265 523 1862 595">
    <p class='ocr_par' dir='ltr' id='par_1_5' title="bbox 265 523 1862 595">
     <span class='ocr_line' id='line_1_5' title="bbox 265 523 1862 595; baseline 0.001 -19"><span class='ocrx_word' id='word_1_38' title='bbox 265 524 490 590; x_wconf 72' lang='lat' dir='ltr'>Iudaeo;</span> <span class='ocrx_word' id='word_1_39' title='bbox 522 526 653 595; x_wconf 85' lang='lat' dir='ltr'>quia</span> <span class='ocrx_word' id='word_1_40' title='bbox 682 524 732 577; x_wconf 85' lang='lat' dir='ltr'>si</span> <span class='ocrx_word' id='word_1_41' title='bbox 762 523 988 594; x_wconf 86' lang='lat' dir='ltr'>quidam</span> <span class='ocrx_word' id='word_1_42' title='bbox 1004 524 1567 578; x_wconf 71' lang='lat' dir='ltr'>illorumJudzeorum</span> <span class='ocrx_word' id='word_1_43' title='bbox 1599 540 1712 579; x_wconf 85' lang='lat' dir='ltr'>non</span> <span class='ocrx_word' id='word_1_44' title='bbox 1744 540 1862 578; x_wconf 88' lang='lat' dir='ltr'>cre-</span> 
     </span>
    </p>
   </div>
   <div class='ocr_carea' id='block_1_6' title="bbox 269 611 1862 682">
    <p class='ocr_par' dir='ltr' id='par_1_6' title="bbox 269 611 1862 682">
     <span class='ocr_line' id='line_1_6' title="bbox 269 611 1862 682; baseline -0.003 -15"><span class='ocrx_word' id='word_1_45' title='bbox 269 613 537 667; x_wconf 83' lang='lat' dir='ltr'>diderunt</span> <span class='ocrx_word' id='word_1_46' title='bbox 571 611 804 682; x_wconf 90' lang='lat' dir='ltr'>eloquiis</span> <span class='ocrx_word' id='word_1_47' title='bbox 835 612 952 675; x_wconf 90' lang='lat' dir='ltr'>Dei,</span> <span class='ocrx_word' id='word_1_48' title='bbox 984 620 1035 666; x_wconf 92' lang='lat' dir='ltr'>et</span> <span class='ocrx_word' id='word_1_49' title='bbox 1063 612 1204 674; x_wconf 84' lang='lat' dir='ltr'>ideo</span> <span class='ocrx_word' id='word_1_50' title='bbox 1257 612 1528 681; x_wconf 89' lang='lat' dir='ltr'>reprobati</span> <span class='ocrx_word' id='word_1_51' title='bbox 1562 619 1702 677; x_wconf 87' lang='lat' dir='ltr'>sunt,</span> <span class='ocrx_word' id='word_1_52' title='bbox 1735 611 1862 682; x_wconf 90' lang='lat' dir='ltr'>quid</span> 
     </span>
    </p>
   </div>
   <div class='ocr_carea' id='block_1_7' title="bbox 271 699 1864 770">
    <p class='ocr_par' dir='ltr' id='par_1_7' title="bbox 271 699 1864 770">
     <span class='ocr_line' id='line_1_7' title="bbox 271 699 1864 770; baseline -0.001 -16"><span class='ocrx_word' id='word_1_53' title='bbox 271 700 493 769; x_wconf 83' lang='lat' dir='ltr'>impedit</span> <span class='ocrx_word' id='word_1_54' title='bbox 524 700 595 753; x_wconf 90' lang='lat' dir='ltr'>ad</span> <span class='ocrx_word' id='word_1_55' title='bbox 636 700 743 755; x_wconf 86' lang='lat' dir='ltr'>hoc</span> <span class='ocrx_word' id='word_1_56' title='bbox 790 708 847 753; x_wconf 89' lang='lat' dir='ltr'>ut</span> <span class='ocrx_word' id='word_1_57' title='bbox 877 715 986 755; x_wconf 89' lang='lat' dir='ltr'>non</span> <span class='ocrx_word' id='word_1_58' title='bbox 1016 700 1083 754; x_wconf 90' lang='lat' dir='ltr'>sit</span> <span class='ocrx_word' id='word_1_59' title='bbox 1114 699 1345 770; x_wconf 86' lang='lat' dir='ltr'>amplius</span> <span class='ocrx_word' id='word_1_60' title='bbox 1384 700 1636 755; x_wconf 90' lang='lat' dir='ltr'>collatum</span> <span class='ocrx_word' id='word_1_61' title='bbox 1677 700 1864 753; x_wconf 63' lang='lat' dir='ltr'>Judaio</span> 
     </span>
    </p>
   </div>
   <div class='ocr_carea' id='block_1_8' title="bbox 269 787 1862 860">
    <p class='ocr_par' dir='ltr' id='par_1_8' title="bbox 269 787 1862 860">
     <span class='ocr_line' id='line_1_8' title="bbox 269 787 1862 860; baseline 0.001 -20"><span class='ocrx_word' id='word_1_62' title='bbox 269 804 425 859; x_wconf 91' lang='lat' dir='ltr'>quam</span> <span class='ocrx_word' id='word_1_63' title='bbox 458 788 696 859; x_wconf 76' lang='lat' dir='ltr'>gentili?</span> <span class='ocrx_word' id='word_1_64' title='bbox 747 788 892 841; x_wconf 89' lang='lat' dir='ltr'>Nihil</span> <span class='ocrx_word' id='word_1_65' title='bbox 924 788 1110 860; x_wconf 78' lang='lat' dir='ltr'>utique</span> <span class='ocrx_word' id='word_1_66' title='bbox 1140 788 1393 858; x_wconf 81' lang='lat' dir='ltr'>impedit;</span> <span class='ocrx_word' id='word_1_67' title='bbox 1429 787 1572 858; x_wconf 84' lang='lat' dir='ltr'>quia,</span> <span class='ocrx_word' id='word_1_68' title='bbox 1605 794 1862 858; x_wconf 88' lang='lat' dir='ltr'>quantum</span> 
     </span>
    </p>
   </div>
   <div class='ocr_carea' id='block_1_9' title="bbox 266 874 1865 946">
    <p class='ocr_par' dir='ltr' id='par_1_9' title="bbox 266 874 1865 946">
     <span class='ocr_line' id='line_1_9' title="bbox 266 874 1865 946; baseline -0.001 -17"><span class='ocrx_word' id='word_1_69' title='bbox 266 874 320 929; x_wconf 89' lang='lat' dir='ltr'>in</span> <span class='ocrx_word' id='word_1_70' title='bbox 348 877 467 930; x_wconf 92' lang='lat' dir='ltr'>Deo</span> <span class='ocrx_word' id='word_1_71' title='bbox 495 875 613 941; x_wconf 84' lang='lat' dir='ltr'>fuit,</span> <span class='ocrx_word' id='word_1_72' title='bbox 649 876 969 946; x_wconf 61' lang='lat' dir='ltr'>prmparavit</span> <span class='ocrx_word' id='word_1_73' title='bbox 999 892 1094 932; x_wconf 92' lang='lat' dir='ltr'>eos</span> <span class='ocrx_word' id='word_1_74' title='bbox 1122 877 1193 931; x_wconf 90' lang='lat' dir='ltr'>ad</span> <span class='ocrx_word' id='word_1_75' title='bbox 1214 875 1396 942; x_wconf 81' lang='lat' dir='ltr'>ﬁdem,</span> <span class='ocrx_word' id='word_1_76' title='bbox 1430 876 1555 931; x_wconf 92' lang='lat' dir='ltr'>licet</span> <span class='ocrx_word' id='word_1_77' title='bbox 1602 874 1865 929; x_wconf 85' lang='lat' dir='ltr'>increduli</span> 
     </span>
    </p>
   </div>
   <div class='ocr_carea' id='block_1_10' title="bbox 269 962 1863 1036">
    <p class='ocr_par' dir='ltr' id='par_1_10' title="bbox 269 962 1863 1036">
     <span class='ocr_line' id='line_1_10' title="bbox 269 962 1863 1036; baseline -0.003 -16"><span class='ocrx_word' id='word_1_78' title='bbox 269 965 728 1035; x_wconf 89' lang='lat' dir='ltr'>permansissent.</span> <span class='ocrx_word' id='word_1_79' title='bbox 766 966 907 1020; x_wconf 81' lang='lat' dir='ltr'>Vere</span> <span class='ocrx_word' id='word_1_80' title='bbox 937 966 982 1019; x_wconf 89' lang='lat' dir='ltr'>si</span> <span class='ocrx_word' id='word_1_81' title='bbox 1013 966 1233 1036; x_wconf 88' lang='lat' dir='ltr'>quidam</span> <span class='ocrx_word' id='word_1_82' title='bbox 1262 965 1479 1019; x_wconf 92' lang='lat' dir='ltr'>illorum</span> <span class='ocrx_word' id='word_1_83' title='bbox 1525 980 1634 1018; x_wconf 90' lang='lat' dir='ltr'>non</span> <span class='ocrx_word' id='word_1_84' title='bbox 1680 962 1863 1019; x_wconf 90' lang='lat' dir='ltr'>credi-</span> 
     </span>
    </p>
   </div>
   <div class='ocr_carea' id='block_1_11' title="bbox 272 1052 1860 1125">
    <p class='ocr_par' dir='ltr' id='par_1_11' title="bbox 272 1052 1860 1125">
     <span class='ocr_line' id='line_1_11' title="bbox 272 1052 1860 1125; baseline -0.001 -18"><span class='ocrx_word' id='word_1_85' title='bbox 272 1054 482 1121; x_wconf 89' lang='lat' dir='ltr'>derunt,</span> <span class='ocrx_word' id='word_1_86' title='bbox 514 1053 649 1107; x_wconf 86' lang='lat' dir='ltr'>nihil</span> <span class='ocrx_word' id='word_1_87' title='bbox 679 1054 906 1123; x_wconf 86' lang='lat' dir='ltr'>impedit</span> <span class='ocrx_word' id='word_1_88' title='bbox 938 1072 953 1119; x_wconf 87' lang='lat'>;</span> <span class='ocrx_word' id='word_1_89' title='bbox 987 1054 1113 1125; x_wconf 85' lang='lat' dir='ltr'>quia</span> <span class='ocrx_word' id='word_1_90' title='bbox 1140 1056 1303 1119; x_wconf 89' lang='lat' dir='ltr'>Deus,</span> <span class='ocrx_word' id='word_1_91' title='bbox 1339 1054 1485 1124; x_wconf 88' lang='lat' dir='ltr'>quod</span> <span class='ocrx_word' id='word_1_92' title='bbox 1518 1052 1860 1123; x_wconf 89' lang='lat' dir='ltr'>promiserat,</span> 
     </span>
    </p>
   </div>
   <div class='ocr_carea' id='block_1_12' title="bbox 269 1140 1855 1212">
    <p class='ocr_par' dir='ltr' id='par_1_12' title="bbox 269 1140 1855 1212">
     <span class='ocr_line' id='line_1_12' title="bbox 269 1140 1855 1212; baseline -0.001 -18"><span class='ocrx_word' id='word_1_93' title='bbox 269 1150 492 1212; x_wconf 86' lang='lat' dir='ltr'>propter</span> <span class='ocrx_word' id='word_1_94' title='bbox 521 1142 960 1196; x_wconf 90' lang='lat' dir='ltr'>incredulitatem</span> <span class='ocrx_word' id='word_1_95' title='bbox 995 1157 1204 1207; x_wconf 90' lang='lat' dir='ltr'>eorum,</span> <span class='ocrx_word' id='word_1_96' title='bbox 1238 1142 1465 1212; x_wconf 89' lang='lat' dir='ltr'>implere</span> <span class='ocrx_word' id='word_1_97' title='bbox 1496 1157 1605 1196; x_wconf 90' lang='lat' dir='ltr'>non</span> <span class='ocrx_word' id='word_1_98' title='bbox 1629 1140 1855 1194; x_wconf 87' lang='lat' dir='ltr'>dimisit.</span> 
     </span>
    </p>
   </div>
   <div class='ocr_carea' id='block_1_13' title="bbox 271 1230 1863 1301">
    <p class='ocr_par' dir='ltr' id='par_1_13' title="bbox 271 1230 1863 1301">
     <span class='ocr_line' id='line_1_13' title="bbox 271 1230 1863 1301; baseline -0.001 -15"><span class='ocrx_word' id='word_1_99' title='bbox 271 1230 535 1301; x_wconf 81' lang='lat' dir='ltr'>Nunquid</span> <span class='ocrx_word' id='word_1_100' title='bbox 566 1230 709 1284; x_wconf 89' lang='lat' dir='ltr'>enim</span> <span class='ocrx_word' id='word_1_101' title='bbox 741 1232 1118 1285; x_wconf 79' lang='lat' dir='ltr'>incredulitas</span> <span class='ocrx_word' id='word_1_102' title='bbox 1139 1247 1333 1285; x_wconf 86' lang='lat' dir='ltr'>eorum</span> <span class='ocrx_word' id='word_1_103' title='bbox 1350 1230 1705 1301; x_wconf 88' lang='lat' dir='ltr'>quorumdam</span> <span class='ocrx_word' id='word_1_104' title='bbox 1733 1246 1863 1284; x_wconf 82' lang='lat' dir='ltr'>eva-</span> 
     </span>
    </p>
   </div>
   <div class='ocr_carea' id='block_1_14' title="bbox 271 1317 1865 1389">
    <p class='ocr_par' dir='ltr' id='par_1_14' title="bbox 271 1317 1865 1389">
     <span class='ocr_line' id='line_1_14' title="bbox 271 1317 1865 1389; baseline -0.001 -16"><span class='ocrx_word' id='word_1_105' title='bbox 271 1321 459 1373; x_wconf 81' lang='lat' dir='ltr'>cuavit</span> <span class='ocrx_word' id='word_1_106' title='bbox 486 1319 656 1386; x_wconf 82' lang='lat' dir='ltr'>ﬁdem</span> <span class='ocrx_word' id='word_1_107' title='bbox 681 1362 693 1383; x_wconf 92' lang='lat'>,</span> <span class='ocrx_word' id='word_1_108' title='bbox 729 1318 783 1371; x_wconf 89' lang='lat' dir='ltr'>id</span> <span class='ocrx_word' id='word_1_109' title='bbox 815 1327 895 1372; x_wconf 89' lang='lat' dir='ltr'>est</span> <span class='ocrx_word' id='word_1_110' title='bbox 916 1318 1283 1388; x_wconf 89' lang='lat' dir='ltr'>impletionem</span> <span class='ocrx_word' id='word_1_111' title='bbox 1307 1318 1700 1389; x_wconf 87' lang='lat' dir='ltr'>promissorum</span> <span class='ocrx_word' id='word_1_112' title='bbox 1721 1317 1820 1371; x_wconf 90' lang='lat' dir='ltr'>Dei</span> <span class='ocrx_word' id='word_1_113' title='bbox 1839 1317 1865 1371; x_wconf 73' lang='lat' dir='ltr'>‘P</span> 
     </span>
    </p>
   </div>
   <div class='ocr_carea' id='block_1_15' title="bbox 271 1406 1864 1478">
    <p class='ocr_par' dir='ltr' id='par_1_15' title="bbox 271 1406 1864 1478">
     <span class='ocr_line' id='line_1_15' title="bbox 271 1406 1864 1478; baseline -0.001 -17"><span class='ocrx_word' id='word_1_114' title='bbox 271 1407 413 1461; x_wconf 84' lang='lat' dir='ltr'>Nihil</span> <span class='ocrx_word' id='word_1_115' title='bbox 442 1407 629 1478; x_wconf 89' lang='lat' dir='ltr'>utique</span> <span class='ocrx_word' id='word_1_116' title='bbox 661 1423 852 1461; x_wconf 90' lang='lat' dir='ltr'>eorum</span> <span class='ocrx_word' id='word_1_117' title='bbox 885 1423 1004 1478; x_wconf 65' lang='lat' dir='ltr'>qum</span> <span class='ocrx_word' id='word_1_118' title='bbox 1044 1408 1292 1476; x_wconf 87' lang='lat' dir='ltr'>promisit</span> <span class='ocrx_word' id='word_1_119' title='bbox 1342 1409 1487 1461; x_wconf 87' lang='lat' dir='ltr'>Deus</span> <span class='ocrx_word' id='word_1_120' title='bbox 1536 1406 1864 1475; x_wconf 87' lang='lat' dir='ltr'>inexpletum</span> 
     </span>
    </p>
   </div>
   <div class='ocr_carea' id='block_1_16' title="bbox 273 1494 1867 1565">
    <p class='ocr_par' dir='ltr' id='par_1_16' title="bbox 273 1494 1867 1565">
     <span class='ocr_line' id='line_1_16' title="bbox 273 1494 1867 1565; baseline -0.001 -16"><span class='ocrx_word' id='word_1_121' title='bbox 273 1495 489 1559; x_wconf 86' lang='lat' dir='ltr'>dimisit,</span> <span class='ocrx_word' id='word_1_122' title='bbox 527 1503 579 1549; x_wconf 90' lang='lat' dir='ltr'>et</span> <span class='ocrx_word' id='word_1_123' title='bbox 608 1495 731 1549; x_wconf 89' lang='lat' dir='ltr'>ideo</span> <span class='ocrx_word' id='word_1_124' title='bbox 764 1494 895 1548; x_wconf 87' lang='lat' dir='ltr'>nihil</span> <span class='ocrx_word' id='word_1_125' title='bbox 918 1495 1151 1565; x_wconf 86' lang='lat' dir='ltr'>amplius</span> <span class='ocrx_word' id='word_1_126' title='bbox 1184 1495 1406 1565; x_wconf 89' lang='lat' dir='ltr'>impedit</span> <span class='ocrx_word' id='word_1_127' title='bbox 1461 1494 1717 1548; x_wconf 87' lang='lat' dir='ltr'>habuisse</span> <span class='ocrx_word' id='word_1_128' title='bbox 1773 1495 1867 1547; x_wconf 88' lang='lat' dir='ltr'>Ju-</span> 
     </span>
    </p>
   </div>
   <div class='ocr_carea' id='block_1_17' title="bbox 273 1582 1937 1684">
    <p class='ocr_par' dir='ltr' id='par_1_17' title="bbox 273 1582 1937 1684">
     <span class='ocr_line' id='line_1_17' title="bbox 273 1582 1937 1684; baseline 0 -47"><span class='ocrx_word' id='word_1_129' title='bbox 273 1583 465 1651; x_wconf 76' lang='lat' dir='ltr'>daeum,</span> <span class='ocrx_word' id='word_1_130' title='bbox 500 1584 628 1638; x_wconf 90' lang='lat' dir='ltr'>licet</span> <span class='ocrx_word' id='word_1_131' title='bbox 670 1583 887 1655; x_wconf 90' lang='lat' dir='ltr'>quidam</span> <span class='ocrx_word' id='word_1_132' title='bbox 919 1583 973 1636; x_wconf 91' lang='lat' dir='ltr'>in</span> <span class='ocrx_word' id='word_1_133' title='bbox 1026 1584 1404 1639; x_wconf 88' lang='lat' dir='ltr'>incredulitate</span> <span class='ocrx_word' id='word_1_134' title='bbox 1450 1583 1690 1637; x_wconf 84' lang='lat' dir='ltr'>damnati</span> <span class='ocrx_word' id='word_1_135' title='bbox 1736 1582 1937 1684; x_wconf 90' lang='lat' dir='ltr'>sint.B</span> 
     </span>
    </p>
   </div>
   <div class='ocr_carea' id='block_1_18' title="bbox 276 1670 1866 1742">
    <p class='ocr_par' dir='ltr' id='par_1_18' title="bbox 276 1670 1866 1742">
     <span class='ocr_line' id='line_1_18' title="bbox 276 1670 1866 1742; baseline 0 -16"><span class='ocrx_word' id='word_1_136' title='bbox 276 1671 471 1739; x_wconf 75' lang='lat' dir='ltr'>Quzero</span> <span class='ocrx_word' id='word_1_137' title='bbox 497 1688 566 1726; x_wconf 89' lang='lat' dir='ltr'>an</span> <span class='ocrx_word' id='word_1_138' title='bbox 596 1681 823 1742; x_wconf 90' lang='lat' dir='ltr'>propter</span> <span class='ocrx_word' id='word_1_139' title='bbox 839 1672 1149 1727; x_wconf 87' lang='lat' dir='ltr'>incredulos</span> <span class='ocrx_word' id='word_1_140' title='bbox 1169 1679 1429 1727; x_wconf 88' lang='lat' dir='ltr'>evacuata</span> <span class='ocrx_word' id='word_1_141' title='bbox 1463 1672 1530 1725; x_wconf 88' lang='lat' dir='ltr'>sit</span> <span class='ocrx_word' id='word_1_142' title='bbox 1559 1670 1695 1726; x_wconf 88' lang='lat' dir='ltr'>fides</span> <span class='ocrx_word' id='word_1_143' title='bbox 1725 1671 1866 1726; x_wconf 80' lang='lat' dir='ltr'>Dei?</span> 
     </span>
    </p>
   </div>
   <div class='ocr_carea' id='block_1_19' title="bbox 277 1758 1866 1832">
    <p class='ocr_par' dir='ltr' id='par_1_19' title="bbox 277 1758 1866 1832">
     <span class='ocr_line' id='line_1_19' title="bbox 277 1758 1866 1832; baseline -0.001 -17"><span class='ocrx_word' id='word_1_144' title='bbox 277 1760 376 1815; x_wconf 86' lang='lat' dir='ltr'>Sed</span> <span class='ocrx_word' id='word_1_145' title='bbox 405 1762 553 1815; x_wconf 85' lang='lat' dir='ltr'>absit</span> <span class='ocrx_word' id='word_1_146' title='bbox 583 1762 705 1830; x_wconf 90' lang='lat' dir='ltr'>hoc,</span> <span class='ocrx_word' id='word_1_147' title='bbox 738 1768 797 1814; x_wconf 89' lang='lat' dir='ltr'>ut</span> <span class='ocrx_word' id='word_1_148' title='bbox 825 1758 958 1814; x_wconf 83' lang='lat' dir='ltr'>fides</span> <span class='ocrx_word' id='word_1_149' title='bbox 1004 1762 1104 1816; x_wconf 92' lang='lat' dir='ltr'>Dei</span> <span class='ocrx_word' id='word_1_150' title='bbox 1147 1760 1331 1832; x_wconf 91' lang='lat' dir='ltr'>aliquo</span> <span class='ocrx_word' id='word_1_151' title='bbox 1370 1761 1532 1815; x_wconf 91' lang='lat' dir='ltr'>modo</span> <span class='ocrx_word' id='word_1_152' title='bbox 1564 1760 1733 1831; x_wconf 90' lang='lat' dir='ltr'>possit</span> <span class='ocrx_word' id='word_1_153' title='bbox 1780 1760 1866 1814; x_wconf 89' lang='lat' dir='ltr'>vel</span> 
     </span>
    </p>
   </div>
   <div class='ocr_carea' id='block_1_20' title="bbox 279 1848 1867 1919">
    <p class='ocr_par' dir='ltr' id='par_1_20' title="bbox 279 1848 1867 1919">
     <span class='ocr_line' id='line_1_20' title="bbox 279 1848 1867 1919; baseline -0.001 -16"><span class='ocrx_word' id='word_1_154' title='bbox 279 1849 529 1903; x_wconf 86' lang='lat' dir='ltr'>credatur</span> <span class='ocrx_word' id='word_1_155' title='bbox 549 1848 837 1905; x_wconf 85' lang='lat' dir='ltr'>evacuari!</span> <span class='ocrx_word' id='word_1_156' title='bbox 881 1850 1025 1919; x_wconf 91' lang='lat' dir='ltr'>quia,</span> <span class='ocrx_word' id='word_1_157' title='bbox 1048 1849 1177 1905; x_wconf 91' lang='lat' dir='ltr'>licet</span> <span class='ocrx_word' id='word_1_158' title='bbox 1223 1849 1444 1919; x_wconf 90' lang='lat' dir='ltr'>quidam</span> <span class='ocrx_word' id='word_1_159' title='bbox 1492 1848 1712 1903; x_wconf 91' lang='lat' dir='ltr'>illorum</span> <span class='ocrx_word' id='word_1_160' title='bbox 1759 1864 1867 1903; x_wconf 91' lang='lat' dir='ltr'>nou</span> 
     </span>
    </p>
   </div>
   <div class='ocr_carea' id='block_1_21' title="bbox 281 1937 1869 2008">
    <p class='ocr_par' dir='ltr' id='par_1_21' title="bbox 281 1937 1869 2008">
     <span class='ocr_line' id='line_1_21' title="bbox 281 1937 1869 2008; baseline -0.001 -17"><span class='ocrx_word' id='word_1_161' title='bbox 281 1937 630 2004; x_wconf 89' lang='lat' dir='ltr'>crediderint,</span> <span class='ocrx_word' id='word_1_162' title='bbox 656 1946 839 1993; x_wconf 91' lang='lat' dir='ltr'>tamen</span> <span class='ocrx_word' id='word_1_163' title='bbox 872 1942 1013 1994; x_wconf 88' lang='lat' dir='ltr'>Deus</span> <span class='ocrx_word' id='word_1_164' title='bbox 1042 1942 1127 1993; x_wconf 85' lang='lat' dir='ltr'>est</span> <span class='ocrx_word' id='word_1_165' title='bbox 1158 1954 1351 2003; x_wconf 68' lang='lat' dir='ltr'>verax,</span> <span class='ocrx_word' id='word_1_166' title='bbox 1384 1937 1438 1991; x_wconf 92' lang='lat' dir='ltr'>id</span> <span class='ocrx_word' id='word_1_167' title='bbox 1490 1945 1572 1992; x_wconf 90' lang='lat' dir='ltr'>est</span> <span class='ocrx_word' id='word_1_168' title='bbox 1617 1937 1869 2008; x_wconf 91' lang='lat' dir='ltr'>impletor</span> 
     </span>
    </p>
   </div>
   <div class='ocr_carea' id='block_1_22' title="bbox 280 2025 1868 2097">
    <p class='ocr_par' dir='ltr' id='par_1_22' title="bbox 280 2025 1868 2097">
     <span class='ocr_line' id='line_1_22' title="bbox 280 2025 1868 2097; baseline 0.001 -19"><span class='ocrx_word' id='word_1_169' title='bbox 280 2026 516 2079; x_wconf 92' lang='lat' dir='ltr'>omnium</span> <span class='ocrx_word' id='word_1_170' title='bbox 548 2043 670 2097; x_wconf 89' lang='lat' dir='ltr'>quae</span> <span class='ocrx_word' id='word_1_171' title='bbox 700 2027 967 2097; x_wconf 88' lang='lat' dir='ltr'>promisit.</span> <span class='ocrx_word' id='word_1_172' title='bbox 999 2028 1145 2081; x_wconf 88' lang='lat' dir='ltr'>Deus</span> <span class='ocrx_word' id='word_1_173' title='bbox 1174 2026 1357 2097; x_wconf 84' lang='lat' dir='ltr'>utique</span> <span class='ocrx_word' id='word_1_174' title='bbox 1403 2042 1565 2080; x_wconf 85' lang='lat' dir='ltr'>verax</span> <span class='ocrx_word' id='word_1_175' title='bbox 1612 2034 1711 2091; x_wconf 90' lang='lat' dir='ltr'>est,</span> <span class='ocrx_word' id='word_1_176' title='bbox 1772 2025 1868 2081; x_wconf 90' lang='lat' dir='ltr'>sed</span> 
     </span>
    </p>
   </div>
   <div class='ocr_carea' id='block_1_23' title="bbox 277 2113 1865 2186">
    <p class='ocr_par' dir='ltr' id='par_1_23' title="bbox 277 2113 1865 2186">
     <span class='ocr_line' id='line_1_23' title="bbox 277 2113 1865 2186; baseline 0.001 -19"><span class='ocrx_word' id='word_1_177' title='bbox 277 2115 453 2169; x_wconf 84' lang='lat' dir='ltr'>omnis</span> <span class='ocrx_word' id='word_1_178' title='bbox 484 2115 647 2170; x_wconf 89' lang='lat' dir='ltr'>homo</span> <span class='ocrx_word' id='word_1_179' title='bbox 680 2114 991 2186; x_wconf 86' lang='lat' dir='ltr'>quicunque</span> <span class='ocrx_word' id='word_1_180' title='bbox 1005 2115 1093 2183; x_wconf 90' lang='lat' dir='ltr'>sit,</span> <span class='ocrx_word' id='word_1_181' title='bbox 1118 2131 1213 2168; x_wconf 89' lang='lat' dir='ltr'>seu</span> <span class='ocrx_word' id='word_1_182' title='bbox 1240 2114 1457 2168; x_wconf 61' lang='lat' dir='ltr'>Judaeus</span> <span class='ocrx_word' id='word_1_183' title='bbox 1501 2130 1596 2167; x_wconf 91' lang='lat' dir='ltr'>seu</span> <span class='ocrx_word' id='word_1_184' title='bbox 1626 2113 1865 2186; x_wconf 84' lang='lat' dir='ltr'>gentilis,</span> 
     </span>
    </p>
   </div>
   <div class='ocr_carea' id='block_1_24' title="bbox 278 2202 1867 2273">
    <p class='ocr_par' dir='ltr' id='par_1_24' title="bbox 278 2202 1867 2273">
     <span class='ocr_line' id='line_1_24' title="bbox 278 2202 1867 2273; baseline 0 -18"><span class='ocrx_word' id='word_1_185' title='bbox 278 2202 522 2257; x_wconf 73' lang='lat' dir='ltr'>mendax</span> <span class='ocrx_word' id='word_1_186' title='bbox 553 2207 659 2271; x_wconf 86' lang='lat' dir='ltr'>est,</span> <span class='ocrx_word' id='word_1_187' title='bbox 693 2203 746 2256; x_wconf 91' lang='lat' dir='ltr'>id</span> <span class='ocrx_word' id='word_1_188' title='bbox 778 2211 860 2257; x_wconf 90' lang='lat' dir='ltr'>est</span> <span class='ocrx_word' id='word_1_189' title='bbox 885 2210 1154 2273; x_wconf 86' lang='lat' dir='ltr'>peccator.</span> <span class='ocrx_word' id='word_1_190' title='bbox 1188 2204 1333 2256; x_wconf 87' lang='lat' dir='ltr'>Deus</span> <span class='ocrx_word' id='word_1_191' title='bbox 1364 2202 1508 2256; x_wconf 90' lang='lat' dir='ltr'>enim</span> <span class='ocrx_word' id='word_1_192' title='bbox 1537 2202 1603 2256; x_wconf 90' lang='lat' dir='ltr'>ad</span> <span class='ocrx_word' id='word_1_193' title='bbox 1645 2203 1867 2256; x_wconf 87' lang='lat' dir='ltr'>salvan-</span> 
     </span>
    </p>
   </div>
   <div class='ocr_carea' id='block_1_25' title="bbox 276 2290 1865 2360">
    <p class='ocr_par' dir='ltr' id='par_1_25' title="bbox 276 2290 1865 2360">
     <span class='ocr_line' id='line_1_25' title="bbox 276 2290 1865 2360; baseline 0 -17"><span class='ocrx_word' id='word_1_194' title='bbox 276 2290 398 2344; x_wconf 91' lang='lat' dir='ltr'>dum</span> <span class='ocrx_word' id='word_1_195' title='bbox 427 2291 674 2357; x_wconf 88' lang='lat' dir='ltr'>veniens,</span> <span class='ocrx_word' id='word_1_196' title='bbox 710 2307 927 2346; x_wconf 88' lang='lat' dir='ltr'>omnem</span> <span class='ocrx_word' id='word_1_197' title='bbox 958 2291 1230 2346; x_wconf 90' lang='lat' dir='ltr'>hominem</span> <span class='ocrx_word' id='word_1_198' title='bbox 1262 2291 1361 2344; x_wconf 91' lang='lat' dir='ltr'>sub</span> <span class='ocrx_word' id='word_1_199' title='bbox 1390 2299 1612 2360; x_wconf 89' lang='lat' dir='ltr'>peccato</span> <span class='ocrx_word' id='word_1_200' title='bbox 1645 2290 1865 2360; x_wconf 89' lang='lat' dir='ltr'>reperit,</span> 
     </span>
    </p>
   </div>
   <div class='ocr_carea' id='block_1_26' title="bbox 278 2378 1869 2451">
    <p class='ocr_par' dir='ltr' id='par_1_26' title="bbox 278 2378 1869 2451">
     <span class='ocr_line' id='line_1_26' title="bbox 278 2378 1869 2451; baseline -0.001 -18"><span class='ocrx_word' id='word_1_201' title='bbox 278 2387 325 2433; x_wconf 88' lang='lat' dir='ltr'>et</span> <span class='ocrx_word' id='word_1_202' title='bbox 354 2379 650 2433; x_wconf 88' lang='lat' dir='ltr'>secundum</span> <span class='ocrx_word' id='word_1_203' title='bbox 682 2380 877 2433; x_wconf 89' lang='lat' dir='ltr'>merita</span> <span class='ocrx_word' id='word_1_204' title='bbox 921 2380 1091 2434; x_wconf 90' lang='lat' dir='ltr'>salute</span> <span class='ocrx_word' id='word_1_205' title='bbox 1140 2379 1440 2451; x_wconf 89' lang='lat' dir='ltr'>indignum.</span> <span class='ocrx_word' id='word_1_206' title='bbox 1491 2379 1645 2434; x_wconf 90' lang='lat' dir='ltr'>Unde</span> <span class='ocrx_word' id='word_1_207' title='bbox 1688 2378 1869 2448; x_wconf 89' lang='lat' dir='ltr'>palam</span> 
     </span>
    </p>
   </div>
   <div class='ocr_carea' id='block_1_27' title="bbox 280 2460 1869 2539">
    <p class='ocr_par' dir='ltr' id='par_1_27' title="bbox 280 2460 1869 2539">
     <span class='ocr_line' id='line_1_27' title="bbox 280 2460 1869 2539; baseline -0.001 -18"><span class='ocrx_word' id='word_1_208' title='bbox 280 2476 356 2521; x_wconf 88' lang='lat' dir='ltr'>est</span> <span class='ocrx_word' id='word_1_209' title='bbox 388 2467 552 2522; x_wconf 86' lang='lat' dir='ltr'>tidem</span> <span class='ocrx_word' id='word_1_210' title='bbox 581 2476 633 2522; x_wconf 92' lang='lat' dir='ltr'>et</span> <span class='ocrx_word' id='word_1_211' title='bbox 679 2468 1037 2523; x_wconf 86' lang='lat' dir='ltr'>salvationem</span> <span class='ocrx_word' id='word_1_212' title='bbox 1087 2468 1184 2522; x_wconf 89' lang='lat' dir='ltr'>Dei</span> <span class='ocrx_word' id='word_1_213' title='bbox 1231 2468 1431 2522; x_wconf 75' lang='lat' dir='ltr'>Judzeis</span> <span class='ocrx_word' id='word_1_214' title='bbox 1478 2476 1530 2521; x_wconf 91' lang='lat' dir='ltr'>et</span> <span class='ocrx_word' id='word_1_215' title='bbox 1576 2460 1869 2539; x_wconf 88' lang='lat' dir='ltr'>gentilibus</span> 
     </span>
    </p>
   </div>
   <div class='ocr_carea' id='block_1_28' title="bbox 276 2556 1870 2629">
    <p class='ocr_par' dir='ltr' id='par_1_28' title="bbox 276 2556 1870 2629">
     <span class='ocr_line' id='line_1_28' title="bbox 276 2556 1870 2629; baseline 0 -20"><span class='ocrx_word' id='word_1_216' title='bbox 276 2572 422 2627; x_wconf 54' lang='lat' dir='ltr'>alque</span> <span class='ocrx_word' id='word_1_217' title='bbox 452 2556 741 2626; x_wconf 77' lang='lat' dir='ltr'>provenire</span> <span class='ocrx_word' id='word_1_218' title='bbox 772 2574 836 2611; x_wconf 86' lang='lat' dir='ltr'>ex</span> <span class='ocrx_word' id='word_1_219' title='bbox 866 2557 1062 2629; x_wconf 90' lang='lat' dir='ltr'>gratia.</span> <span class='ocrx_word' id='word_1_220' title='bbox 1106 2556 1446 2611; x_wconf 87' lang='lat' dir='ltr'>Mendacium</span> <span class='ocrx_word' id='word_1_221' title='bbox 1485 2556 1681 2610; x_wconf 86' lang='lat' dir='ltr'>dicitur</span> <span class='ocrx_word' id='word_1_222' title='bbox 1709 2572 1870 2610; x_wconf 90' lang='lat' dir='ltr'>omne</span> 
     </span>
    </p>
   </div>
   <div class='ocr_carea' id='block_1_29' title="bbox 278 2643 1870 2714">
    <p class='ocr_par' dir='ltr' id='par_1_29' title="bbox 278 2643 1870 2714">
     <span class='ocr_line' id='line_1_29' title="bbox 278 2643 1870 2714; baseline -0.002 -15"><span class='ocrx_word' id='word_1_223' title='bbox 278 2652 585 2712; x_wconf 88' lang='lat' dir='ltr'>peccatum:</span> <span class='ocrx_word' id='word_1_224' title='bbox 621 2644 749 2714; x_wconf 90' lang='lat' dir='ltr'>quia</span> <span class='ocrx_word' id='word_1_225' title='bbox 775 2645 950 2699; x_wconf 91' lang='lat' dir='ltr'>omnis</span> <span class='ocrx_word' id='word_1_226' title='bbox 972 2653 1245 2709; x_wconf 88' lang='lat' dir='ltr'>creatura,</span> <span class='ocrx_word' id='word_1_227' title='bbox 1279 2660 1400 2714; x_wconf 74' lang='lat' dir='ltr'>quae</span> <span class='ocrx_word' id='word_1_228' title='bbox 1430 2643 1747 2697; x_wconf 87' lang='lat' dir='ltr'>naturaliter</span> <span class='ocrx_word' id='word_1_229' title='bbox 1776 2644 1870 2699; x_wconf 91' lang='lat' dir='ltr'>ob-</span> 
     </span>
    </p>
   </div>
   <div class='ocr_carea' id='block_1_30' title="bbox 282 2732 1870 2804">
    <p class='ocr_par' dir='ltr' id='par_1_30' title="bbox 282 2732 1870 2804">
     <span class='ocr_line' id='line_1_30' title="bbox 282 2732 1870 2804; baseline 0.001 -20"><span class='ocrx_word' id='word_1_230' title='bbox 282 2733 426 2803; x_wconf 88' lang='lat' dir='ltr'>sequi</span> <span class='ocrx_word' id='word_1_231' title='bbox 456 2733 623 2787; x_wconf 82' lang='lat' dir='ltr'>debet</span> <span class='ocrx_word' id='word_1_232' title='bbox 649 2733 889 2787; x_wconf 87' lang='lat' dir='ltr'>Creatori</span> <span class='ocrx_word' id='word_1_233' title='bbox 934 2748 1050 2799; x_wconf 91' lang='lat' dir='ltr'>suo,</span> <span class='ocrx_word' id='word_1_234' title='bbox 1102 2749 1227 2787; x_wconf 92' lang='lat' dir='ltr'>cum</span> <span class='ocrx_word' id='word_1_235' title='bbox 1268 2732 1664 2804; x_wconf 84' lang='lat' dir='ltr'>transgreditur</span> <span class='ocrx_word' id='word_1_236' title='bbox 1710 2747 1870 2785; x_wconf 91' lang='lat' dir='ltr'>man-</span> 
     </span>
    </p>
   </div>
   <div class='ocr_carea' id='block_1_31' title="bbox 282 2820 1870 2888">
    <p class='ocr_par' dir='ltr' id='par_1_31' title="bbox 282 2820 1870 2888">
     <span class='ocr_line' id='line_1_31' title="bbox 282 2820 1870 2888; baseline 0.001 -15"><span class='ocrx_word' id='word_1_237' title='bbox 282 2820 455 2874; x_wconf 90' lang='lat' dir='ltr'>datum</span> <span class='ocrx_word' id='word_1_238' title='bbox 486 2821 609 2888; x_wconf 91' lang='lat' dir='ltr'>Dei,</span> <span class='ocrx_word' id='word_1_239' title='bbox 643 2821 956 2876; x_wconf 89' lang='lat' dir='ltr'>mendosam</span> <span class='ocrx_word' id='word_1_240' title='bbox 989 2820 1113 2876; x_wconf 85' lang='lat' dir='ltr'>facit</span> <span class='ocrx_word' id='word_1_241' title='bbox 1166 2829 1414 2875; x_wconf 90' lang='lat' dir='ltr'>naturam</span> <span class='ocrx_word' id='word_1_242' title='bbox 1472 2836 1642 2886; x_wconf 89' lang='lat' dir='ltr'>suam,</span> <span class='ocrx_word' id='word_1_243' title='bbox 1706 2820 1870 2875; x_wconf 90' lang='lat' dir='ltr'>dese-</span> 
     </span>
    </p>
   </div>
   <div class='ocr_carea' id='block_1_32' title="bbox 280 2907 1871 2980">
    <p class='ocr_par' dir='ltr' id='par_1_32' title="bbox 280 2907 1871 2980">
     <span class='ocr_line' id='line_1_32' title="bbox 280 2907 1871 2980; baseline -0.001 -18"><span class='ocrx_word' id='word_1_244' title='bbox 280 2925 400 2962; x_wconf 89' lang='lat' dir='ltr'>rens</span> <span class='ocrx_word' id='word_1_245' title='bbox 434 2909 725 2979; x_wconf 89' lang='lat' dir='ltr'>puritatem</span> <span class='ocrx_word' id='word_1_246' title='bbox 772 2909 829 2962; x_wconf 91' lang='lat' dir='ltr'>in</span> <span class='ocrx_word' id='word_1_247' title='bbox 878 2924 984 2980; x_wconf 90' lang='lat' dir='ltr'>qua</span> <span class='ocrx_word' id='word_1_248' title='bbox 1032 2918 1218 2965; x_wconf 88' lang='lat' dir='ltr'>creata</span> <span class='ocrx_word' id='word_1_249' title='bbox 1276 2917 1377 2963; x_wconf 92' lang='lat' dir='ltr'>est.</span> <span class='ocrx_word' id='word_1_250' title='bbox 1425 2907 1562 2976; x_wconf 89' lang='lat' dir='ltr'>Quia</span> <span class='ocrx_word' id='word_1_251' title='bbox 1606 2909 1754 2962; x_wconf 88' lang='lat' dir='ltr'>Deus</span> <span class='ocrx_word' id='word_1_252' title='bbox 1802 2908 1871 2962; x_wconf 85' lang='lat' dir='ltr'>sit</span> 
     </span>
    </p>
   </div>
   <div class='ocr_carea' id='block_1_33' title="bbox 285 2976 1940 3068">
    <p class='ocr_par' dir='ltr' id='par_1_33' title="bbox 285 2976 1940 3068">
     <span class='ocr_line' id='line_1_33' title="bbox 285 2976 1940 3068; baseline 0 -18"><span class='ocrx_word' id='word_1_253' title='bbox 285 3013 455 3063; x_wconf 80' lang='lat' dir='ltr'>verax,</span> <span class='ocrx_word' id='word_1_254' title='bbox 487 3013 680 3052; x_wconf 89' lang='lat' dir='ltr'>assero</span> <span class='ocrx_word' id='word_1_255' title='bbox 714 2997 874 3052; x_wconf 90' lang='lat' dir='ltr'>etiam</span> <span class='ocrx_word' id='word_1_256' title='bbox 897 3014 994 3068; x_wconf 90' lang='lat' dir='ltr'>per</span> <span class='ocrx_word' id='word_1_257' title='bbox 1024 2997 1317 3067; x_wconf 61' lang='lat' dir='ltr'>Scriptura)</span> <span class='ocrx_word' id='word_1_258' title='bbox 1347 2996 1736 3052; x_wconf 88' lang='lat' dir='ltr'>testimonium.</span> <span class='ocrx_word' id='word_1_259' title='bbox 1758 2997 1871 3050; x_wconf 93' lang='lat' dir='ltr'>Hoc</span> <span class='ocrx_word' id='word_1_260' title='bbox 1894 2976 1940 3035; x_wconf 73' lang='grc' dir='ltr'>Ο</span> 
     </span>
    </p>
   </div>
   <div class='ocr_carea' id='block_1_34' title="bbox 280 3084 1870 3158">
    <p class='ocr_par' dir='ltr' id='par_1_34' title="bbox 280 3084 1870 3158">
     <span class='ocr_line' id='line_1_34' title="bbox 280 3084 1870 3158; baseline 0 -21"><span class='ocrx_word' id='word_1_261' title='bbox 280 3086 411 3139; x_wconf 89' lang='lat' dir='ltr'>enim</span> <span class='ocrx_word' id='word_1_262' title='bbox 443 3086 569 3141; x_wconf 89' lang='lat' dir='ltr'>dico</span> <span class='ocrx_word' id='word_1_263' title='bbox 600 3088 747 3141; x_wconf 83' lang='lat' dir='ltr'>sicut</span> <span class='ocrx_word' id='word_1_264' title='bbox 777 3089 1055 3158; x_wconf 84' lang='lat' dir='ltr'>scriptum</span> <span class='ocrx_word' id='word_1_265' title='bbox 1069 3090 1150 3141; x_wconf 87' lang='lat' dir='ltr'>est</span> <span class='ocrx_word' id='word_1_266' title='bbox 1175 3086 1243 3140; x_wconf 91' lang='lat' dir='ltr'>de</span> <span class='ocrx_word' id='word_1_267' title='bbox 1265 3086 1489 3141; x_wconf 86' lang='lat' dir='ltr'>veritate</span> <span class='ocrx_word' id='word_1_268' title='bbox 1505 3085 1603 3140; x_wconf 92' lang='lat' dir='ltr'>Dei</span> <span class='ocrx_word' id='word_1_269' title='bbox 1635 3084 1686 3137; x_wconf 88' lang='lat' dir='ltr'>in</span> <span class='ocrx_word' id='word_1_270' title='bbox 1717 3084 1870 3155; x_wconf 89' lang='lat' dir='ltr'>psal-</span> 
     </span>
    </p>
   </div>
   <div class='ocr_carea' id='block_1_35' title="bbox 282 3172 1868 3243">
    <p class='ocr_par' dir='ltr' id='par_1_35' title="bbox 282 3172 1868 3243">
     <span class='ocr_line' id='line_1_35' title="bbox 282 3172 1868 3243; baseline -0.001 -16"><span class='ocrx_word' id='word_1_271' title='bbox 282 3190 364 3228; x_wconf 88' lang='lat' dir='ltr'>mo</span> <span class='ocrx_word' id='word_1_272' title='bbox 395 3193 407 3227; x_wconf 90' lang='lat'>:</span> <span class='ocrx_word' id='word_1_273' title='bbox 439 3176 592 3228; x_wconf 87' lang='lat' dir='ltr'>Deus</span> <span class='ocrx_word' id='word_1_274' title='bbox 620 3174 810 3243; x_wconf 87' lang='lat' dir='ltr'>procul</span> <span class='ocrx_word' id='word_1_275' title='bbox 842 3175 1005 3229; x_wconf 91' lang='lat' dir='ltr'>dubio</span> <span class='ocrx_word' id='word_1_276' title='bbox 1037 3191 1199 3230; x_wconf 83' lang='lat' dir='ltr'>verax</span> <span class='ocrx_word' id='word_1_277' title='bbox 1223 3182 1323 3228; x_wconf 89' lang='lat' dir='ltr'>est.</span> <span class='ocrx_word' id='word_1_278' title='bbox 1357 3175 1443 3228; x_wconf 85' lang='lat' dir='ltr'>Ait</span> <span class='ocrx_word' id='word_1_279' title='bbox 1483 3174 1626 3228; x_wconf 89' lang='lat' dir='ltr'>enim</span> <span class='ocrx_word' id='word_1_280' title='bbox 1658 3172 1830 3228; x_wconf 87' lang='lat' dir='ltr'>David</span> <span class='ocrx_word' id='word_1_281' title='bbox 1856 3187 1868 3226; x_wconf 89' lang='lat'>:</span> 
     </span>
    </p>
   </div>
   <div class='ocr_carea' id='block_1_36' title="bbox 284 3261 1866 3333">
    <p class='ocr_par' dir='ltr' id='par_1_36' title="bbox 284 3261 1866 3333">
     <span class='ocr_line' id='line_1_36' title="bbox 284 3261 1866 3333; baseline -0.001 -18"><span class='ocrx_word' id='word_1_282' title='bbox 284 3262 613 3329; x_wconf 78' lang='lat' dir='ltr'>Justi/iceris</span> <span class='ocrx_word' id='word_1_283' title='bbox 643 3263 705 3317; x_wconf 87' lang='lat' dir='ltr'>in</span> <span class='ocrx_word' id='word_1_284' title='bbox 734 3263 1084 3317; x_wconf 80' lang='lat' dir='ltr'>sermonibus</span> <span class='ocrx_word' id='word_1_285' title='bbox 1117 3264 1230 3317; x_wconf 88' lang='lat' dir='ltr'>tuis</span> <span class='ocrx_word' id='word_1_286' title='bbox 1261 3263 1436 3330; x_wconf 86' lang='lat' dir='ltr'>(Psal.</span> <span class='ocrx_word' id='word_1_287' title='bbox 1472 3277 1520 3327; x_wconf 89' lang='lat' dir='ltr'>L,</span> <span class='ocrx_word' id='word_1_288' title='bbox 1556 3262 1630 3331; x_wconf 87' lang='lat'>6),</span> <span class='ocrx_word' id='word_1_289' title='bbox 1666 3261 1866 3333; x_wconf 87' lang='lat' dir='ltr'>idest:</span> 
     </span>
    </p>
   </div>
   <div class='ocr_carea' id='block_1_37' title="bbox 280 3348 1873 3421">
    <p class='ocr_par' dir='ltr' id='par_1_37' title="bbox 280 3348 1873 3421">
     <span class='ocr_line' id='line_1_37' title="bbox 280 3348 1873 3421; baseline 0 -18"><span class='ocrx_word' id='word_1_290' title='bbox 280 3348 618 3418; x_wconf 86' lang='lat' dir='ltr'>justiticando</span> <span class='ocrx_word' id='word_1_291' title='bbox 647 3366 753 3417; x_wconf 90' lang='lat' dir='ltr'>me,</span> <span class='ocrx_word' id='word_1_292' title='bbox 793 3367 953 3405; x_wconf 88' lang='lat' dir='ltr'>verus</span> <span class='ocrx_word' id='word_1_293' title='bbox 991 3366 1257 3421; x_wconf 89' lang='lat' dir='ltr'>appareas</span> <span class='ocrx_word' id='word_1_294' title='bbox 1314 3350 1369 3403; x_wconf 92' lang='lat' dir='ltr'>in</span> <span class='ocrx_word' id='word_1_295' title='bbox 1423 3349 1873 3419; x_wconf 90' lang='lat' dir='ltr'>promissionibus</span> 
     </span>
    </p>
   </div>
   <div class='ocr_carea' id='block_1_38' title="bbox 286 3437 1873 3509">
    <p class='ocr_par' dir='ltr' id='par_1_38' title="bbox 286 3437 1873 3509">
     <span class='ocr_line' id='line_1_38' title="bbox 286 3437 1873 3509; baseline 0.001 -20"><span class='ocrx_word' id='word_1_296' title='bbox 286 3437 400 3491; x_wconf 86' lang='lat' dir='ltr'>tuis.</span> <span class='ocrx_word' id='word_1_297' title='bbox 436 3438 576 3492; x_wconf 90' lang='lat' dir='ltr'>Illud</span> <span class='ocrx_word' id='word_1_298' title='bbox 607 3447 661 3491; x_wconf 90' lang='lat' dir='ltr'>ut</span> <span class='ocrx_word' id='word_1_299' title='bbox 698 3439 766 3493; x_wconf 90' lang='lat' dir='ltr'>ad</span> <span class='ocrx_word' id='word_1_300' title='bbox 815 3439 1271 3493; x_wconf 89' lang='lat' dir='ltr'>continuationem</span> <span class='ocrx_word' id='word_1_301' title='bbox 1311 3437 1506 3508; x_wconf 89' lang='lat' dir='ltr'>psalmi</span> <span class='ocrx_word' id='word_1_302' title='bbox 1552 3437 1765 3509; x_wconf 86' lang='lat' dir='ltr'>legitur,</span> <span class='ocrx_word' id='word_1_303' title='bbox 1818 3437 1873 3491; x_wconf 91' lang='lat' dir='ltr'>in</span> 
     </span>
    </p>
   </div>
   <div class='ocr_carea' id='block_1_39' title="bbox 288 3525 1873 3598">
    <p class='ocr_par' dir='ltr' id='par_1_39' title="bbox 288 3525 1873 3598">
     <span class='ocr_line' id='line_1_39' title="bbox 288 3525 1873 3598; baseline -0.001 -19"><span class='ocrx_word' id='word_1_304' title='bbox 288 3542 384 3596; x_wconf 92' lang='lat' dir='ltr'>quo</span> <span class='ocrx_word' id='word_1_305' title='bbox 412 3527 612 3598; x_wconf 83' lang='lat' dir='ltr'>agebat</span> <span class='ocrx_word' id='word_1_306' title='bbox 642 3526 817 3581; x_wconf 87' lang='lat' dir='ltr'>David</span> <span class='ocrx_word' id='word_1_307' title='bbox 845 3527 1136 3581; x_wconf 89' lang='lat' dir='ltr'>multorum</span> <span class='ocrx_word' id='word_1_308' title='bbox 1179 3526 1461 3581; x_wconf 89' lang='lat' dir='ltr'>criminum</span> <span class='ocrx_word' id='word_1_309' title='bbox 1509 3542 1653 3590; x_wconf 92' lang='lat' dir='ltr'>reus,</span> <span class='ocrx_word' id='word_1_310' title='bbox 1704 3534 1760 3579; x_wconf 89' lang='lat' dir='ltr'>ut</span> <span class='ocrx_word' id='word_1_311' title='bbox 1805 3525 1873 3578; x_wconf 90' lang='lat' dir='ltr'>de</span> 
     </span>
    </p>
   </div>
   <div class='ocr_carea' id='block_1_40' title="bbox 287 3614 1873 3686">
    <p class='ocr_par' dir='ltr' id='par_1_40' title="bbox 287 3614 1873 3686">
     <span class='ocr_line' id='line_1_40' title="bbox 287 3614 1873 3686; baseline 0 -19"><span class='ocrx_word' id='word_1_312' title='bbox 287 3615 581 3682; x_wconf 90' lang='lat' dir='ltr'>proditione</span> <span class='ocrx_word' id='word_1_313' title='bbox 610 3615 816 3681; x_wconf 87' lang='lat' dir='ltr'>militis,</span> <span class='ocrx_word' id='word_1_314' title='bbox 850 3616 918 3670; x_wconf 89' lang='lat' dir='ltr'>de</span> <span class='ocrx_word' id='word_1_315' title='bbox 945 3624 1117 3670; x_wconf 90' lang='lat' dir='ltr'>morte</span> <span class='ocrx_word' id='word_1_316' title='bbox 1144 3615 1402 3686; x_wconf 87' lang='lat' dir='ltr'>proximi,</span> <span class='ocrx_word' id='word_1_317' title='bbox 1432 3616 1499 3669; x_wconf 90' lang='lat' dir='ltr'>de</span> <span class='ocrx_word' id='word_1_318' title='bbox 1530 3614 1714 3669; x_wconf 89' lang='lat' dir='ltr'>illicita</span> <span class='ocrx_word' id='word_1_319' title='bbox 1744 3630 1873 3668; x_wconf 89' lang='lat' dir='ltr'>con-</span> 
     </span>
    </p>
   </div>
   <div class='ocr_carea' id='block_1_41' title="bbox 288 3702 1876 3776">
    <p class='ocr_par' dir='ltr' id='par_1_41' title="bbox 288 3702 1876 3776">
     <span class='ocr_line' id='line_1_41' title="bbox 288 3702 1876 3776; baseline 0 -20"><span class='ocrx_word' id='word_1_320' title='bbox 288 3702 622 3773; x_wconf 89' lang='lat' dir='ltr'>cupiscentia</span> <span class='ocrx_word' id='word_1_321' title='bbox 654 3712 707 3759; x_wconf 87' lang='lat' dir='ltr'>et</span> <span class='ocrx_word' id='word_1_322' title='bbox 755 3703 1029 3758; x_wconf 89' lang='lat' dir='ltr'>adulterio</span> <span class='ocrx_word' id='word_1_323' title='bbox 1072 3704 1291 3776; x_wconf 86' lang='lat' dir='ltr'>agebat,</span> <span class='ocrx_word' id='word_1_324' title='bbox 1317 3711 1373 3757; x_wconf 89' lang='lat' dir='ltr'>ut</span> <span class='ocrx_word' id='word_1_325' title='bbox 1394 3704 1587 3758; x_wconf 90' lang='lat' dir='ltr'>horum</span> <span class='ocrx_word' id='word_1_326' title='bbox 1633 3702 1876 3757; x_wconf 90' lang='lat' dir='ltr'>omnium</span> 
     </span>
    </p>
   </div>
   <div class='ocr_carea' id='block_1_42' title="bbox 290 3792 1873 3863">
    <p class='ocr_par' dir='ltr' id='par_1_42' title="bbox 290 3792 1873 3863">
     <span class='ocr_line' id='line_1_42' title="bbox 290 3792 1873 3863; baseline 0.001 -20"><span class='ocrx_word' id='word_1_327' title='bbox 290 3800 710 3863; x_wconf 83' lang='lat' dir='ltr'>consequeretur</span> <span class='ocrx_word' id='word_1_328' title='bbox 747 3792 979 3857; x_wconf 88' lang='lat' dir='ltr'>veniam,</span> <span class='ocrx_word' id='word_1_329' title='bbox 1022 3792 1089 3846; x_wconf 89' lang='lat' dir='ltr'>de</span> <span class='ocrx_word' id='word_1_330' title='bbox 1123 3808 1231 3862; x_wconf 91' lang='lat' dir='ltr'>qua</span> <span class='ocrx_word' id='word_1_331' title='bbox 1259 3800 1441 3847; x_wconf 88' lang='lat' dir='ltr'>certus</span> <span class='ocrx_word' id='word_1_332' title='bbox 1462 3798 1579 3846; x_wconf 89' lang='lat' dir='ltr'>erat</span> <span class='ocrx_word' id='word_1_333' title='bbox 1624 3807 1724 3862; x_wconf 90' lang='lat' dir='ltr'>per</span> <span class='ocrx_word' id='word_1_334' title='bbox 1779 3807 1873 3845; x_wconf 90' lang='lat' dir='ltr'>re-</span> 
     </span>
    </p>
   </div>
   <div class='ocr_carea' id='block_1_43' title="bbox 288 3879 1873 3951">
    <p class='ocr_par' dir='ltr' id='par_1_43' title="bbox 288 3879 1873 3951">
     <span class='ocr_line' id='line_1_43' title="bbox 288 3879 1873 3951; baseline 0.001 -20"><span class='ocrx_word' id='word_1_335' title='bbox 288 3881 697 3947; x_wconf 87' lang='lat' dir='ltr'>promissionem</span> <span class='ocrx_word' id='word_1_336' title='bbox 729 3880 830 3934; x_wconf 90' lang='lat' dir='ltr'>sibi</span> <span class='ocrx_word' id='word_1_337' title='bbox 860 3880 928 3935; x_wconf 92' lang='lat' dir='ltr'>de</span> <span class='ocrx_word' id='word_1_338' title='bbox 959 3880 1171 3936; x_wconf 88' lang='lat' dir='ltr'>Christo</span> <span class='ocrx_word' id='word_1_339' title='bbox 1200 3880 1416 3946; x_wconf 90' lang='lat' dir='ltr'>factam,</span> <span class='ocrx_word' id='word_1_340' title='bbox 1468 3896 1587 3951; x_wconf 61' lang='lat' dir='ltr'>quae</span> <span class='ocrx_word' id='word_1_341' title='bbox 1653 3879 1723 3933; x_wconf 91' lang='lat' dir='ltr'>ad</span> <span class='ocrx_word' id='word_1_342' title='bbox 1778 3894 1873 3933; x_wconf 89' lang='lat' dir='ltr'>eos</span> 
     </span>
    </p>
   </div>
   <div class='ocr_carea' id='block_1_44' title="bbox 290 3967 1871 4040">
    <p class='ocr_par' dir='ltr' id='par_1_44' title="bbox 290 3967 1871 4040">
     <span class='ocr_line' id='line_1_44' title="bbox 290 3967 1871 4040; baseline 0.001 -21"><span class='ocrx_word' id='word_1_343' title='bbox 290 3967 453 4021; x_wconf 88' lang='lat' dir='ltr'>solum</span> <span class='ocrx_word' id='word_1_344' title='bbox 484 3968 630 4023; x_wconf 86' lang='lat' dir='ltr'>facta</span> <span class='ocrx_word' id='word_1_345' title='bbox 659 3977 739 4023; x_wconf 90' lang='lat' dir='ltr'>est</span> <span class='ocrx_word' id='word_1_346' title='bbox 769 3968 861 4040; x_wconf 89' lang='lat' dir='ltr'>qui</span> <span class='ocrx_word' id='word_1_347' title='bbox 902 3986 1002 4039; x_wconf 91' lang='lat' dir='ltr'>per</span> <span class='ocrx_word' id='word_1_348' title='bbox 1057 3969 1326 4024; x_wconf 90' lang='lat' dir='ltr'>Christum</span> <span class='ocrx_word' id='word_1_349' title='bbox 1378 3968 1624 4023; x_wconf 88' lang='lat' dir='ltr'>salvandi</span> <span class='ocrx_word' id='word_1_350' title='bbox 1684 3975 1871 4035; x_wconf 87' lang='lat' dir='ltr'>erant;</span> 
     </span>
    </p>
   </div>
   <div class='ocr_carea' id='block_1_45' title="bbox 288 4056 1873 4127">
    <p class='ocr_par' dir='ltr' id='par_1_45' title="bbox 288 4056 1873 4127">
     <span class='ocr_line' id='line_1_45' title="bbox 288 4056 1873 4127; baseline 0.003 -20"><span class='ocrx_word' id='word_1_351' title='bbox 288 4056 419 4110; x_wconf 90' lang='lat' dir='ltr'>unde</span> <span class='ocrx_word' id='word_1_352' title='bbox 441 4056 664 4112; x_wconf 87' lang='lat' dir='ltr'>conﬁdit</span> <span class='ocrx_word' id='word_1_353' title='bbox 694 4074 753 4112; x_wconf 90' lang='lat' dir='ltr'>se</span> <span class='ocrx_word' id='word_1_354' title='bbox 783 4057 1194 4113; x_wconf 89' lang='lat' dir='ltr'>emaculandum</span> <span class='ocrx_word' id='word_1_355' title='bbox 1226 4058 1295 4111; x_wconf 91' lang='lat' dir='ltr'>ab</span> <span class='ocrx_word' id='word_1_356' title='bbox 1326 4058 1429 4112; x_wconf 88' lang='lat' dir='ltr'>hoc</span> <span class='ocrx_word' id='word_1_357' title='bbox 1460 4056 1704 4127; x_wconf 91' lang='lat' dir='ltr'>crimine,</span> <span class='ocrx_word' id='word_1_358' title='bbox 1734 4056 1873 4111; x_wconf 90' lang='lat' dir='ltr'>alio-</span> 
     </span>
    </p>
   </div>
   <div class='ocr_carea' id='block_1_46' title="bbox 289 4145 1588 4218">
    <p class='ocr_par' dir='ltr' id='par_1_46' title="bbox 289 4145 1588 4218">
     <span class='ocr_line' id='line_1_46' title="bbox 289 4145 1588 4218; baseline 0.002 -21"><span class='ocrx_word' id='word_1_359' title='bbox 289 4145 410 4214; x_wconf 89' lang='lat' dir='ltr'>quin</span> <span class='ocrx_word' id='word_1_360' title='bbox 438 4146 586 4200; x_wconf 89' lang='lat' dir='ltr'>enim</span> <span class='ocrx_word' id='word_1_361' title='bbox 614 4146 871 4218; x_wconf 88' lang='lat' dir='ltr'>indignus</span> <span class='ocrx_word' id='word_1_362' title='bbox 903 4155 1046 4201; x_wconf 89' lang='lat' dir='ltr'>esset</span> <span class='ocrx_word' id='word_1_363' title='bbox 1074 4146 1249 4201; x_wconf 87' lang='lat' dir='ltr'>futura</span> <span class='ocrx_word' id='word_1_364' title='bbox 1271 4145 1588 4201; x_wconf 88' lang='lat' dir='ltr'>salvatione.</span> 
     </span>
    </p>
   </div>
   <div class='ocr_carea' id='block_1_47' title="bbox 356 4231 1870 4305">
    <p class='ocr_par' dir='ltr' id='par_1_47' title="bbox 356 4231 1870 4305">
     <span class='ocr_line' id='line_1_47' title="bbox 356 4231 1870 4305; baseline 0 -19"><span class='ocrx_word' id='word_1_365' title='bbox 356 4234 622 4289; x_wconf 65' lang='lat' dir='ltr'>Praeterea</span> <span class='ocrx_word' id='word_1_366' title='bbox 650 4234 947 4289; x_wconf 89' lang='lat' dir='ltr'>notandum</span> <span class='ocrx_word' id='word_1_367' title='bbox 977 4242 1057 4289; x_wconf 90' lang='lat' dir='ltr'>est</span> <span class='ocrx_word' id='word_1_368' title='bbox 1087 4234 1232 4305; x_wconf 89' lang='lat' dir='ltr'>quod</span> <span class='ocrx_word' id='word_1_369' title='bbox 1263 4250 1384 4289; x_wconf 89' lang='lat' dir='ltr'>cum</span> <span class='ocrx_word' id='word_1_370' title='bbox 1418 4233 1608 4302; x_wconf 86' lang='lat' dir='ltr'>David,</span> <span class='ocrx_word' id='word_1_371' title='bbox 1669 4231 1870 4287; x_wconf 91' lang='lat' dir='ltr'>nullum</span> 
     </span>
    </p>
   </div>
   <div class='ocr_carea' id='block_1_48' title="bbox 1964 345 3554 417">
    <p class='ocr_par' dir='ltr' id='par_1_48' title="bbox 1964 345 3554 417">
     <span class='ocr_line' id='line_1_48' title="bbox 1964 345 3554 417; baseline 0.002 -20"><span class='ocrx_word' id='word_1_372' title='bbox 1964 345 2237 399; x_wconf 89' lang='lat' dir='ltr'>dimittens</span> <span class='ocrx_word' id='word_1_373' title='bbox 2268 346 2467 411; x_wconf 91' lang='lat' dir='ltr'>omnia,</span> <span class='ocrx_word' id='word_1_374' title='bbox 2501 354 2762 417; x_wconf 88' lang='lat' dir='ltr'>quotquot</span> <span class='ocrx_word' id='word_1_375' title='bbox 2801 353 3002 412; x_wconf 87' lang='lat' dir='ltr'>essent,</span> <span class='ocrx_word' id='word_1_376' title='bbox 3055 345 3382 415; x_wconf 87' lang='lat' dir='ltr'>accipientes</span> <span class='ocrx_word' id='word_1_377' title='bbox 3429 345 3554 400; x_wconf 90' lang='lat' dir='ltr'>inde</span> 
     </span>
    </p>
   </div>
   <div class='ocr_carea' id='block_1_49' title="bbox 1964 435 3557 507">
    <p class='ocr_par' dir='ltr' id='par_1_49' title="bbox 1964 435 3557 507">
     <span class='ocr_line' id='line_1_49' title="bbox 1964 435 3557 507; baseline 0.001 -20"><span class='ocrx_word' id='word_1_378' title='bbox 1964 435 2334 500; x_wconf 86' lang='lat' dir='ltr'>occasionem;</span> <span class='ocrx_word' id='word_1_379' title='bbox 2369 436 2493 507; x_wconf 88' lang='lat' dir='ltr'>quia</span> <span class='ocrx_word' id='word_1_380' title='bbox 2524 437 2619 491; x_wconf 87' lang='lat' dir='ltr'>ubi</span> <span class='ocrx_word' id='word_1_381' title='bbox 2649 436 2953 491; x_wconf 83' lang='lat' dir='ltr'>abundavit</span> <span class='ocrx_word' id='word_1_382' title='bbox 3008 436 3298 501; x_wconf 79' lang='lat' dir='ltr'>delictum,</span> <span class='ocrx_word' id='word_1_383' title='bbox 3360 451 3557 505; x_wconf 87' lang='lat' dir='ltr'>super-</span> 
     </span>
    </p>
   </div>
   <div class='ocr_carea' id='block_1_50' title="bbox 1966 522 3554 594">
    <p class='ocr_par' dir='ltr' id='par_1_50' title="bbox 1966 522 3554 594">
     <span class='ocr_line' id='line_1_50' title="bbox 1966 522 3554 594; baseline 0.001 -17"><span class='ocrx_word' id='word_1_384' title='bbox 1966 524 2273 578; x_wconf 78' lang='lat' dir='ltr'>abundavit</span> <span class='ocrx_word' id='word_1_385' title='bbox 2301 525 2375 579; x_wconf 87' lang='lat' dir='ltr'>ibi</span> <span class='ocrx_word' id='word_1_386' title='bbox 2405 526 2612 594; x_wconf 88' lang='lat' dir='ltr'>gratia,</span> <span class='ocrx_word' id='word_1_387' title='bbox 2642 532 2694 579; x_wconf 91' lang='lat' dir='ltr'>et</span> <span class='ocrx_word' id='word_1_388' title='bbox 2723 524 2935 578; x_wconf 91' lang='lat' dir='ltr'>similia.</span> <span class='ocrx_word' id='word_1_389' title='bbox 2972 522 3131 591; x_wconf 88' lang='lat' dir='ltr'>Quod</span> <span class='ocrx_word' id='word_1_390' title='bbox 3153 524 3240 579; x_wconf 88' lang='lat' dir='ltr'>hic</span> <span class='ocrx_word' id='word_1_391' title='bbox 3270 523 3554 579; x_wconf 87' lang='lat' dir='ltr'>destruere</span> 
     </span>
    </p>
   </div>
   <div class='ocr_carea' id='block_1_51' title="bbox 1964 611 3555 683">
    <p class='ocr_par' dir='ltr' id='par_1_51' title="bbox 1964 611 3555 683">
     <span class='ocr_line' id='line_1_51' title="bbox 1964 611 3555 683; baseline 0.001 -19"><span class='ocrx_word' id='word_1_392' title='bbox 1964 611 2269 683; x_wconf 88' lang='lat' dir='ltr'>ingreditur</span> <span class='ocrx_word' id='word_1_393' title='bbox 2299 612 2513 679; x_wconf 91' lang='lat' dir='ltr'>Paulus,</span> <span class='ocrx_word' id='word_1_394' title='bbox 2545 621 2597 668; x_wconf 87' lang='lat' dir='ltr'>et</span> <span class='ocrx_word' id='word_1_395' title='bbox 2628 613 2759 667; x_wconf 92' lang='lat' dir='ltr'>satis</span> <span class='ocrx_word' id='word_1_396' title='bbox 2806 613 2944 667; x_wconf 89' lang='lat' dir='ltr'>bene</span> <span class='ocrx_word' id='word_1_397' title='bbox 2975 612 3044 666; x_wconf 92' lang='lat' dir='ltr'>ad</span> <span class='ocrx_word' id='word_1_398' title='bbox 3086 628 3221 666; x_wconf 89' lang='lat' dir='ltr'>rem.</span> <span class='ocrx_word' id='word_1_399' title='bbox 3273 612 3373 667; x_wconf 90' lang='lat' dir='ltr'>Hic</span> <span class='ocrx_word' id='word_1_400' title='bbox 3412 611 3555 666; x_wconf 89' lang='lat' dir='ltr'>enim</span> 
     </span>
    </p>
   </div>
   <div class='ocr_carea' id='block_1_52' title="bbox 1962 699 3559 772">
    <p class='ocr_par' dir='ltr' id='par_1_52' title="bbox 1962 699 3559 772">
     <span class='ocr_line' id='line_1_52' title="bbox 1962 699 3559 772; baseline 0.001 -20"><span class='ocrx_word' id='word_1_401' title='bbox 1962 700 2216 769; x_wconf 87' lang='lat' dir='ltr'>probabit</span> <span class='ocrx_word' id='word_1_402' title='bbox 2245 716 2459 755; x_wconf 91' lang='lat' dir='ltr'>omnem</span> <span class='ocrx_word' id='word_1_403' title='bbox 2493 701 2724 755; x_wconf 89' lang='lat' dir='ltr'>salutem</span> <span class='ocrx_word' id='word_1_404' title='bbox 2753 717 2873 755; x_wconf 89' lang='lat' dir='ltr'>esse</span> <span class='ocrx_word' id='word_1_405' title='bbox 2892 717 2954 755; x_wconf 86' lang='lat' dir='ltr'>ex</span> <span class='ocrx_word' id='word_1_406' title='bbox 2979 699 3157 772; x_wconf 88' lang='lat' dir='ltr'>gratia</span> <span class='ocrx_word' id='word_1_407' title='bbox 3189 699 3308 765; x_wconf 89' lang='lat' dir='ltr'>Dei,</span> <span class='ocrx_word' id='word_1_408' title='bbox 3342 708 3396 754; x_wconf 92' lang='lat' dir='ltr'>et</span> <span class='ocrx_word' id='word_1_409' title='bbox 3424 700 3559 755; x_wconf 92' lang='lat' dir='ltr'>nihil</span> 
     </span>
    </p>
   </div>
   <div class='ocr_carea' id='block_1_53' title="bbox 1965 787 3557 857">
    <p class='ocr_par' dir='ltr' id='par_1_53' title="bbox 1965 787 3557 857">
     <span class='ocr_line' id='line_1_53' title="bbox 1965 787 3557 857; baseline 0.001 -16"><span class='ocrx_word' id='word_1_410' title='bbox 1965 803 2029 841; x_wconf 91' lang='lat' dir='ltr'>ex</span> <span class='ocrx_word' id='word_1_411' title='bbox 2059 787 2252 842; x_wconf 88' lang='lat' dir='ltr'>merito</span> <span class='ocrx_word' id='word_1_412' title='bbox 2280 789 2532 855; x_wconf 90' lang='lat' dir='ltr'>hominis,</span> <span class='ocrx_word' id='word_1_413' title='bbox 2567 789 2755 845; x_wconf 90' lang='lat' dir='ltr'>dicens</span> <span class='ocrx_word' id='word_1_414' title='bbox 2788 807 2800 842; x_wconf 90' lang='lat'>:</span> <span class='ocrx_word' id='word_1_415' title='bbox 2835 788 2971 857; x_wconf 86' lang='lat' dir='ltr'>Quia</span> <span class='ocrx_word' id='word_1_416' title='bbox 3002 788 3176 843; x_wconf 89' lang='lat' dir='ltr'>omnis</span> <span class='ocrx_word' id='word_1_417' title='bbox 3206 788 3370 843; x_wconf 92' lang='lat' dir='ltr'>homo</span> <span class='ocrx_word' id='word_1_418' title='bbox 3399 804 3557 844; x_wconf 90' lang='lat' dir='ltr'>men-</span> 
     </span>
    </p>
   </div>
   <div class='ocr_carea' id='block_1_54' title="bbox 1965 876 3555 943">
    <p class='ocr_par' dir='ltr' id='par_1_54' title="bbox 1965 876 3555 943">
     <span class='ocr_line' id='line_1_54' title="bbox 1965 876 3555 943; baseline 0.001 -14"><span class='ocrx_word' id='word_1_419' title='bbox 1965 876 2068 929; x_wconf 83' lang='lat' dir='ltr'>dax</span> <span class='ocrx_word' id='word_1_420' title='bbox 2102 892 2225 931; x_wconf 89' lang='lat' dir='ltr'>reus</span> <span class='ocrx_word' id='word_1_421' title='bbox 2255 876 2504 931; x_wconf 89' lang='lat' dir='ltr'>inventus</span> <span class='ocrx_word' id='word_1_422' title='bbox 2558 885 2668 943; x_wconf 90' lang='lat' dir='ltr'>est;</span> <span class='ocrx_word' id='word_1_423' title='bbox 2720 878 2867 932; x_wconf 89' lang='lat' dir='ltr'>Deus</span> <span class='ocrx_word' id='word_1_424' title='bbox 2915 885 3096 931; x_wconf 90' lang='lat' dir='ltr'>autem</span> <span class='ocrx_word' id='word_1_425' title='bbox 3146 893 3364 932; x_wconf 90' lang='lat' dir='ltr'>omnem</span> <span class='ocrx_word' id='word_1_426' title='bbox 3402 893 3555 932; x_wconf 88' lang='lat' dir='ltr'>reum</span> 
     </span>
    </p>
   </div>
   <div class='ocr_carea' id='block_1_55' title="bbox 1960 963 3557 1035">
    <p class='ocr_par' dir='ltr' id='par_1_55' title="bbox 1960 963 3557 1035">
     <span class='ocr_line' id='line_1_55' title="bbox 1960 963 3557 1035; baseline 0.003 -18"><span class='ocrx_word' id='word_1_427' title='bbox 1960 963 2262 1031; x_wconf 84' lang='lat' dir='ltr'>justiticans</span> <span class='ocrx_word' id='word_1_428' title='bbox 2291 980 2356 1018; x_wconf 87' lang='lat' dir='ltr'>ex</span> <span class='ocrx_word' id='word_1_429' title='bbox 2380 964 2554 1034; x_wconf 84' lang='lat' dir='ltr'>gratia</span> <span class='ocrx_word' id='word_1_430' title='bbox 2584 965 2638 1018; x_wconf 90' lang='lat' dir='ltr'>in</span> <span class='ocrx_word' id='word_1_431' title='bbox 2664 965 2948 1035; x_wconf 90' lang='lat' dir='ltr'>promissis</span> <span class='ocrx_word' id='word_1_432' title='bbox 2987 982 3146 1020; x_wconf 87' lang='lat' dir='ltr'>verax</span> <span class='ocrx_word' id='word_1_433' title='bbox 3170 974 3269 1020; x_wconf 90' lang='lat' dir='ltr'>est.</span> <span class='ocrx_word' id='word_1_434' title='bbox 3303 967 3406 1020; x_wconf 91' lang='lat' dir='ltr'>Per</span> <span class='ocrx_word' id='word_1_435' title='bbox 3453 966 3557 1021; x_wconf 91' lang='lat' dir='ltr'>hoc</span> 
     </span>
    </p>
   </div>
   <div class='ocr_carea' id='block_1_56' title="bbox 1965 1052 3557 1125">
    <p class='ocr_par' dir='ltr' id='par_1_56' title="bbox 1965 1052 3557 1125">
     <span class='ocr_line' id='line_1_56' title="bbox 1965 1052 3557 1125; baseline 0.002 -21"><span class='ocrx_word' id='word_1_436' title='bbox 1965 1059 2187 1121; x_wconf 89' lang='lat' dir='ltr'>apparet</span> <span class='ocrx_word' id='word_1_437' title='bbox 2217 1052 2362 1122; x_wconf 92' lang='lat' dir='ltr'>quod</span> <span class='ocrx_word' id='word_1_438' title='bbox 2391 1054 2667 1125; x_wconf 78' lang='lat' dir='ltr'>iniquitas</span> <span class='ocrx_word' id='word_1_439' title='bbox 2697 1057 2895 1107; x_wconf 84' lang='lat' dir='ltr'>nostra</span> <span class='ocrx_word' id='word_1_440' title='bbox 2916 1054 3272 1109; x_wconf 84' lang='lat' dir='ltr'>commendat</span> <span class='ocrx_word' id='word_1_441' title='bbox 3297 1054 3557 1122; x_wconf 87' lang='lat' dir='ltr'>justitiam</span> 
     </span>
    </p>
   </div>
   <div class='ocr_carea' id='block_1_57' title="bbox 1966 1140 3558 1212">
    <p class='ocr_par' dir='ltr' id='par_1_57' title="bbox 1966 1140 3558 1212">
     <span class='ocr_line' id='line_1_57' title="bbox 1966 1140 3558 1212; baseline 0.001 -19"><span class='ocrx_word' id='word_1_442' title='bbox 1966 1140 2083 1206; x_wconf 87' lang='lat' dir='ltr'>Dei,</span> <span class='ocrx_word' id='word_1_443' title='bbox 2118 1140 2172 1193; x_wconf 92' lang='lat' dir='ltr'>id</span> <span class='ocrx_word' id='word_1_444' title='bbox 2204 1148 2287 1194; x_wconf 89' lang='lat' dir='ltr'>est</span> <span class='ocrx_word' id='word_1_445' title='bbox 2330 1141 2821 1196; x_wconf 89' lang='lat' dir='ltr'>commendabilem</span> <span class='ocrx_word' id='word_1_446' title='bbox 2851 1140 2980 1197; x_wconf 89' lang='lat' dir='ltr'>facit</span> <span class='ocrx_word' id='word_1_447' title='bbox 3001 1142 3193 1207; x_wconf 91' lang='lat' dir='ltr'>Deum,</span> <span class='ocrx_word' id='word_1_448' title='bbox 3240 1158 3337 1212; x_wconf 90' lang='lat' dir='ltr'>per</span> <span class='ocrx_word' id='word_1_449' title='bbox 3384 1142 3558 1197; x_wconf 90' lang='lat' dir='ltr'>solam</span> 
     </span>
    </p>
   </div>
   <div class='ocr_carea' id='block_1_58' title="bbox 1966 1228 3554 1300">
    <p class='ocr_par' dir='ltr' id='par_1_58' title="bbox 1966 1228 3554 1300">
     <span class='ocr_line' id='line_1_58' title="bbox 1966 1228 3554 1300; baseline 0.004 -19"><span class='ocrx_word' id='word_1_450' title='bbox 1966 1228 2196 1300; x_wconf 86' lang='lat' dir='ltr'>gratiam</span> <span class='ocrx_word' id='word_1_451' title='bbox 2234 1229 2620 1298; x_wconf 84' lang='lat' dir='ltr'>justificantem</span> <span class='ocrx_word' id='word_1_452' title='bbox 2666 1229 2913 1285; x_wconf 90' lang='lat' dir='ltr'>homines</span> <span class='ocrx_word' id='word_1_453' title='bbox 2958 1246 2987 1284; x_wconf 90' lang='lat' dir='ltr'>a</span> <span class='ocrx_word' id='word_1_454' title='bbox 3036 1230 3308 1300; x_wconf 86' lang='lat' dir='ltr'>peccatis;</span> <span class='ocrx_word' id='word_1_455' title='bbox 3360 1237 3413 1285; x_wconf 90' lang='lat' dir='ltr'>et</span> <span class='ocrx_word' id='word_1_456' title='bbox 3452 1231 3554 1286; x_wconf 89' lang='lat' dir='ltr'>hoc</span> 
     </span>
    </p>
   </div>
   <div class='ocr_carea' id='block_1_59' title="bbox 1966 1317 3560 1391">
    <p class='ocr_par' dir='ltr' id='par_1_59' title="bbox 1966 1317 3560 1391">
     <span class='ocr_line' id='line_1_59' title="bbox 1966 1317 3560 1391; baseline 0.003 -21"><span class='ocrx_word' id='word_1_457' title='bbox 1966 1317 2151 1388; x_wconf 90' lang='lat' dir='ltr'>utique</span> <span class='ocrx_word' id='word_1_458' title='bbox 2182 1334 2371 1373; x_wconf 88' lang='lat' dir='ltr'>verum</span> <span class='ocrx_word' id='word_1_459' title='bbox 2402 1327 2502 1383; x_wconf 90' lang='lat' dir='ltr'>est,</span> <span class='ocrx_word' id='word_1_460' title='bbox 2536 1319 2661 1389; x_wconf 90' lang='lat' dir='ltr'>quia</span> <span class='ocrx_word' id='word_1_461' title='bbox 2692 1326 2893 1391; x_wconf 90' lang='lat' dir='ltr'>quanto</span> <span class='ocrx_word' id='word_1_462' title='bbox 2923 1318 3096 1389; x_wconf 86' lang='lat' dir='ltr'>gratia</span> <span class='ocrx_word' id='word_1_463' title='bbox 3144 1320 3258 1387; x_wconf 87' lang='lat' dir='ltr'>ejus</span> <span class='ocrx_word' id='word_1_464' title='bbox 3289 1319 3560 1389; x_wconf 91' lang='lat' dir='ltr'>copiosior</span> 
     </span>
    </p>
   </div>
   <div class='ocr_carea' id='block_1_60' title="bbox 1967 1406 3558 1477">
    <p class='ocr_par' dir='ltr' id='par_1_60' title="bbox 1967 1406 3558 1477">
     <span class='ocr_line' id='line_1_60' title="bbox 1967 1406 3558 1477; baseline 0.003 -18"><span class='ocrx_word' id='word_1_465' title='bbox 1967 1413 2047 1459; x_wconf 89' lang='lat' dir='ltr'>est</span> <span class='ocrx_word' id='word_1_466' title='bbox 2078 1406 2131 1459; x_wconf 89' lang='lat' dir='ltr'>in</span> <span class='ocrx_word' id='word_1_467' title='bbox 2163 1406 2535 1461; x_wconf 90' lang='lat' dir='ltr'>remissionem</span> <span class='ocrx_word' id='word_1_468' title='bbox 2567 1416 2933 1477; x_wconf 89' lang='lat' dir='ltr'>peccatorum,</span> <span class='ocrx_word' id='word_1_469' title='bbox 2970 1414 3113 1461; x_wconf 90' lang='lat' dir='ltr'>tanto</span> <span class='ocrx_word' id='word_1_470' title='bbox 3154 1406 3342 1476; x_wconf 89' lang='lat' dir='ltr'>procul</span> <span class='ocrx_word' id='word_1_471' title='bbox 3393 1407 3558 1463; x_wconf 93' lang='lat' dir='ltr'>dubio</span> 
     </span>
    </p>
   </div>
   <div class='ocr_carea' id='block_1_61' title="bbox 1966 1494 3561 1566">
    <p class='ocr_par' dir='ltr' id='par_1_61' title="bbox 1966 1494 3561 1566">
     <span class='ocr_line' id='line_1_61' title="bbox 1966 1494 3561 1566; baseline 0.001 -18"><span class='ocrx_word' id='word_1_472' title='bbox 1966 1495 2452 1549; x_wconf 89' lang='lat' dir='ltr'>commendabilior</span> <span class='ocrx_word' id='word_1_473' title='bbox 2480 1503 2561 1550; x_wconf 90' lang='lat' dir='ltr'>est</span> <span class='ocrx_word' id='word_1_474' title='bbox 2578 1497 2741 1550; x_wconf 89' lang='lat' dir='ltr'>Deus.</span> <span class='ocrx_word' id='word_1_475' title='bbox 2776 1495 2882 1551; x_wconf 89' lang='lat' dir='ltr'>Sed</span> <span class='ocrx_word' id='word_1_476' title='bbox 2921 1494 3047 1550; x_wconf 91' lang='lat' dir='ltr'>licet</span> <span class='ocrx_word' id='word_1_477' title='bbox 3076 1510 3411 1566; x_wconf 89' lang='lat' dir='ltr'>quaecunque</span> <span class='ocrx_word' id='word_1_478' title='bbox 3432 1511 3561 1565; x_wconf 90' lang='lat' dir='ltr'>pec-</span> 
     </span>
    </p>
   </div>
   <div class='ocr_carea' id='block_1_62' title="bbox 1968 1584 3560 1654">
    <p class='ocr_par' dir='ltr' id='par_1_62' title="bbox 1968 1584 3560 1654">
     <span class='ocr_line' id='line_1_62' title="bbox 1968 1584 3560 1654; baseline 0.001 -16"><span class='ocrx_word' id='word_1_479' title='bbox 1968 1591 2085 1638; x_wconf 89' lang='lat' dir='ltr'>cata</span> <span class='ocrx_word' id='word_1_480' title='bbox 2110 1584 2216 1637; x_wconf 91' lang='lat' dir='ltr'>sint</span> <span class='ocrx_word' id='word_1_481' title='bbox 2245 1584 2495 1649; x_wconf 87' lang='lat' dir='ltr'>dimittat,</span> <span class='ocrx_word' id='word_1_482' title='bbox 2528 1599 2637 1638; x_wconf 92' lang='lat' dir='ltr'>non</span> <span class='ocrx_word' id='word_1_483' title='bbox 2668 1592 2848 1639; x_wconf 90' lang='lat' dir='ltr'>tamen</span> <span class='ocrx_word' id='word_1_484' title='bbox 2879 1584 3004 1638; x_wconf 91' lang='lat' dir='ltr'>inde</span> <span class='ocrx_word' id='word_1_485' title='bbox 3036 1599 3256 1638; x_wconf 91' lang='lat' dir='ltr'>causam</span> <span class='ocrx_word' id='word_1_486' title='bbox 3299 1584 3560 1654; x_wconf 88' lang='lat' dir='ltr'>peccandi</span> 
     </span>
    </p>
   </div>
   <div class='ocr_carea' id='block_1_63' title="bbox 1966 1671 3560 1742">
    <p class='ocr_par' dir='ltr' id='par_1_63' title="bbox 1966 1671 3560 1742">
     <span class='ocr_line' id='line_1_63' title="bbox 1966 1671 3560 1742; baseline 0.002 -17"><span class='ocrx_word' id='word_1_487' title='bbox 1966 1671 2075 1725; x_wconf 88' lang='lat' dir='ltr'>dat.</span> <span class='ocrx_word' id='word_1_488' title='bbox 2112 1671 2370 1742; x_wconf 89' lang='lat' dir='ltr'>Iniquitas</span> <span class='ocrx_word' id='word_1_489' title='bbox 2400 1681 2585 1727; x_wconf 88' lang='lat' dir='ltr'>nostra</span> <span class='ocrx_word' id='word_1_490' title='bbox 2616 1672 2961 1728; x_wconf 89' lang='lat' dir='ltr'>commendat</span> <span class='ocrx_word' id='word_1_491' title='bbox 2993 1673 3185 1738; x_wconf 88' lang='lat' dir='ltr'>Deum,</span> <span class='ocrx_word' id='word_1_492' title='bbox 3217 1672 3314 1726; x_wconf 90' lang='lat' dir='ltr'>sed</span> <span class='ocrx_word' id='word_1_493' title='bbox 3364 1672 3409 1727; x_wconf 92' lang='lat' dir='ltr'>si</span> <span class='ocrx_word' id='word_1_494' title='bbox 3455 1673 3560 1728; x_wconf 91' lang='lat' dir='ltr'>hoc</span> 
     </span>
    </p>
   </div>
   <div class='ocr_carea' id='block_1_64' title="bbox 1969 1761 3561 1833">
    <p class='ocr_par' dir='ltr' id='par_1_64' title="bbox 1969 1761 3561 1833">
     <span class='ocr_line' id='line_1_64' title="bbox 1969 1761 3561 1833; baseline 0.001 -18"><span class='ocrx_word' id='word_1_495' title='bbox 1969 1768 2067 1825; x_wconf 90' lang='lat' dir='ltr'>est,</span> <span class='ocrx_word' id='word_1_496' title='bbox 2103 1761 2247 1832; x_wconf 92' lang='lat' dir='ltr'>quod</span> <span class='ocrx_word' id='word_1_497' title='bbox 2297 1778 2361 1815; x_wconf 89' lang='lat' dir='ltr'>ex</span> <span class='ocrx_word' id='word_1_498' title='bbox 2424 1761 2700 1833; x_wconf 90' lang='lat' dir='ltr'>iniquitate</span> <span class='ocrx_word' id='word_1_499' title='bbox 2742 1770 2925 1816; x_wconf 89' lang='lat' dir='ltr'>nostra</span> <span class='ocrx_word' id='word_1_500' title='bbox 2972 1761 3459 1817; x_wconf 91' lang='lat' dir='ltr'>commendabilior</span> <span class='ocrx_word' id='word_1_501' title='bbox 3496 1762 3561 1816; x_wconf 90' lang='lat' dir='ltr'>sit</span> 
     </span>
    </p>
   </div>
   <div class='ocr_carea' id='block_1_65' title="bbox 1968 1848 3563 1921">
    <p class='ocr_par' dir='ltr' id='par_1_65' title="bbox 1968 1848 3563 1921">
     <span class='ocr_line' id='line_1_65' title="bbox 1968 1848 3563 1921; baseline 0.001 -19"><span class='ocrx_word' id='word_1_502' title='bbox 1968 1850 2133 1914; x_wconf 89' lang='lat' dir='ltr'>Deus,</span> <span class='ocrx_word' id='word_1_503' title='bbox 2169 1849 2298 1921; x_wconf 89' lang='lat' dir='ltr'>quid</span> <span class='ocrx_word' id='word_1_504' title='bbox 2320 1850 2390 1904; x_wconf 89' lang='lat' dir='ltr'>ad</span> <span class='ocrx_word' id='word_1_505' title='bbox 2421 1849 2535 1905; x_wconf 59' lang='lat' dir='ltr'>haec</span> <span class='ocrx_word' id='word_1_506' title='bbox 2568 1851 2815 1905; x_wconf 81' lang='lat' dir='ltr'>dicemus</span> <span class='ocrx_word' id='word_1_507' title='bbox 2850 1854 2872 1904; x_wconf 84' lang='lat'><strong><em>?</em></strong></span> <span class='ocrx_word' id='word_1_508' title='bbox 2918 1848 3160 1903; x_wconf 87' lang='lat' dir='ltr'>Mirabile</span> <span class='ocrx_word' id='word_1_509' title='bbox 3192 1849 3321 1920; x_wconf 90' lang='lat' dir='ltr'>quid</span> <span class='ocrx_word' id='word_1_510' title='bbox 3352 1850 3563 1905; x_wconf 90' lang='lat' dir='ltr'>videtur</span> 
     </span>
    </p>
   </div>
   <div class='ocr_carea' id='block_1_66' title="bbox 1968 1937 3562 2010">
    <p class='ocr_par' dir='ltr' id='par_1_66' title="bbox 1968 1937 3562 2010">
     <span class='ocr_line' id='line_1_66' title="bbox 1968 1937 3562 2010; baseline 0.003 -21"><span class='ocrx_word' id='word_1_511' title='bbox 1968 1937 2094 1991; x_wconf 90' lang='lat' dir='ltr'>inde</span> <span class='ocrx_word' id='word_1_512' title='bbox 2112 1937 2393 2008; x_wconf 89' lang='lat' dir='ltr'>consequi.</span> <span class='ocrx_word' id='word_1_513' title='bbox 2420 1938 2547 1993; x_wconf 91' lang='lat' dir='ltr'>Ideo</span> <span class='ocrx_word' id='word_1_514' title='bbox 2570 1938 2697 2009; x_wconf 93' lang='lat' dir='ltr'>quid</span> <span class='ocrx_word' id='word_1_515' title='bbox 2719 1938 3115 2009; x_wconf 89' lang='lat' dir='ltr'>dicemus,quia</span> <span class='ocrx_word' id='word_1_516' title='bbox 3136 1938 3394 2010; x_wconf 83' lang='lat' dir='ltr'>nunquid</span> <span class='ocrx_word' id='word_1_517' title='bbox 3416 1941 3562 1995; x_wconf 81' lang='lat' dir='ltr'>Deus</span> 
     </span>
    </p>
   </div>
   <div class='ocr_carea' id='block_1_67' title="bbox 1970 2026 3561 2098">
    <p class='ocr_par' dir='ltr' id='par_1_67' title="bbox 1970 2026 3561 2098">
     <span class='ocr_line' id='line_1_67' title="bbox 1970 2026 3561 2098; baseline 0.001 -18"><span class='ocrx_word' id='word_1_518' title='bbox 1970 2027 2198 2096; x_wconf 86' lang='lat' dir='ltr'>iniquus</span> <span class='ocrx_word' id='word_1_519' title='bbox 2219 2030 2323 2091; x_wconf 86' lang='lat' dir='ltr'>est,</span> <span class='ocrx_word' id='word_1_520' title='bbox 2345 2028 2475 2098; x_wconf 87' lang='lat' dir='ltr'>quia</span> <span class='ocrx_word' id='word_1_521' title='bbox 2494 2029 2671 2097; x_wconf 73' lang='lat' dir='ltr'>infert</span> <span class='ocrx_word' id='word_1_522' title='bbox 2688 2029 2856 2093; x_wconf 83' lang='lat' dir='ltr'>iram,</span> <span class='ocrx_word' id='word_1_523' title='bbox 2881 2026 2936 2080; x_wconf 90' lang='lat' dir='ltr'>id</span> <span class='ocrx_word' id='word_1_524' title='bbox 2952 2026 3323 2093; x_wconf 89' lang='lat' dir='ltr'>estultionem,</span> <span class='ocrx_word' id='word_1_525' title='bbox 3340 2035 3561 2097; x_wconf 89' lang='lat' dir='ltr'>propter</span> 
     </span>
    </p>
   </div>
   <div class='ocr_carea' id='block_1_68' title="bbox 1968 2113 3563 2185">
    <p class='ocr_par' dir='ltr' id='par_1_68' title="bbox 1968 2113 3563 2185">
     <span class='ocr_line' id='line_1_68' title="bbox 1968 2113 3563 2185; baseline 0.003 -18"><span class='ocrx_word' id='word_1_526' title='bbox 1968 2122 2267 2183; x_wconf 90' lang='lat' dir='ltr'>peccatum,</span> <span class='ocrx_word' id='word_1_527' title='bbox 2322 2114 2465 2185; x_wconf 89' lang='lat' dir='ltr'>quod</span> <span class='ocrx_word' id='word_1_528' title='bbox 2504 2114 3079 2170; x_wconf 89' lang='lat' dir='ltr'>commendabiliorem</span> <span class='ocrx_word' id='word_1_529' title='bbox 3136 2113 3260 2169; x_wconf 87' lang='lat' dir='ltr'>facit</span> <span class='ocrx_word' id='word_1_530' title='bbox 3304 2116 3478 2169; x_wconf 90' lang='lat' dir='ltr'>Deum</span> <span class='ocrx_word' id='word_1_531' title='bbox 3534 2116 3563 2171; x_wconf 83' lang='lat'><strong>?</strong></span> 
     </span>
    </p>
   </div>
   <div class='ocr_carea' id='block_1_69' title="bbox 1970 2202 3563 2274">
    <p class='ocr_par' dir='ltr' id='par_1_69' title="bbox 1970 2202 3563 2274">
     <span class='ocr_line' id='line_1_69' title="bbox 1970 2202 3563 2274; baseline 0.002 -19"><span class='ocrx_word' id='word_1_532' title='bbox 1970 2202 2224 2272; x_wconf 63' lang='lat' dir='ltr'>IEquitati</span> <span class='ocrx_word' id='word_1_533' title='bbox 2254 2202 2470 2257; x_wconf 86' lang='lat' dir='ltr'>videtur</span> <span class='ocrx_word' id='word_1_534' title='bbox 2517 2204 2621 2258; x_wconf 90' lang='lat' dir='ltr'>hoc</span> <span class='ocrx_word' id='word_1_535' title='bbox 2670 2219 2791 2258; x_wconf 85' lang='lat' dir='ltr'>esse</span> <span class='ocrx_word' id='word_1_536' title='bbox 2847 2203 3201 2259; x_wconf 89' lang='lat' dir='ltr'>contrarium.</span> <span class='ocrx_word' id='word_1_537' title='bbox 3252 2203 3369 2258; x_wconf 90' lang='lat' dir='ltr'>Hoc</span> <span class='ocrx_word' id='word_1_538' title='bbox 3416 2203 3563 2274; x_wconf 89' lang='lat' dir='ltr'>quod</span> 
     </span>
    </p>
   </div>
   <div class='ocr_carea' id='block_1_70' title="bbox 1970 2290 3563 2363">
    <p class='ocr_par' dir='ltr' id='par_1_70' title="bbox 1970 2290 3563 2363">
     <span class='ocr_line' id='line_1_70' title="bbox 1970 2290 3563 2363; baseline 0.002 -20"><span class='ocrx_word' id='word_1_539' title='bbox 1970 2290 2092 2344; x_wconf 92' lang='lat' dir='ltr'>dico</span> <span class='ocrx_word' id='word_1_540' title='bbox 2121 2306 2231 2345; x_wconf 89' lang='lat' dir='ltr'>non</span> <span class='ocrx_word' id='word_1_541' title='bbox 2260 2291 2389 2344; x_wconf 90' lang='lat' dir='ltr'>satis</span> <span class='ocrx_word' id='word_1_542' title='bbox 2437 2308 2558 2346; x_wconf 90' lang='lat' dir='ltr'>esse</span> <span class='ocrx_word' id='word_1_543' title='bbox 2614 2307 2845 2363; x_wconf 79' lang='lat' dir='ltr'>aequum,</span> <span class='ocrx_word' id='word_1_544' title='bbox 2909 2292 3034 2362; x_wconf 87' lang='lat' dir='ltr'>quia</span> <span class='ocrx_word' id='word_1_545' title='bbox 3088 2291 3239 2362; x_wconf 91' lang='lat' dir='ltr'>punit</span> <span class='ocrx_word' id='word_1_546' title='bbox 3280 2299 3563 2361; x_wconf 89' lang='lat' dir='ltr'>peccatum</span> 
     </span>
    </p>
   </div>
   <div class='ocr_carea' id='block_1_71' title="bbox 1972 2378 3562 2450">
    <p class='ocr_par' dir='ltr' id='par_1_71' title="bbox 1972 2378 3562 2450">
     <span class='ocr_line' id='line_1_71' title="bbox 1972 2378 3562 2450; baseline 0.003 -19"><span class='ocrx_word' id='word_1_547' title='bbox 1972 2378 2117 2449; x_wconf 92' lang='lat' dir='ltr'>quod</span> <span class='ocrx_word' id='word_1_548' title='bbox 2147 2379 2492 2433; x_wconf 90' lang='lat' dir='ltr'>commendat</span> <span class='ocrx_word' id='word_1_549' title='bbox 2522 2396 2665 2446; x_wconf 89' lang='lat' dir='ltr'>eum,</span> <span class='ocrx_word' id='word_1_550' title='bbox 2701 2380 2845 2450; x_wconf 90' lang='lat' dir='ltr'>quod</span> <span class='ocrx_word' id='word_1_551' title='bbox 2874 2387 3042 2434; x_wconf 90' lang='lat' dir='ltr'>totum</span> <span class='ocrx_word' id='word_1_552' title='bbox 3081 2379 3203 2435; x_wconf 87' lang='lat' dir='ltr'>dico</span> <span class='ocrx_word' id='word_1_553' title='bbox 3251 2380 3562 2435; x_wconf 86' lang='lat' dir='ltr'>secundum</span> 
     </span>
    </p>
   </div>
   <div class='ocr_carea' id='block_1_72' title="bbox 1972 2466 3558 2540">
    <p class='ocr_par' dir='ltr' id='par_1_72' title="bbox 1972 2466 3558 2540">
     <span class='ocr_line' id='line_1_72' title="bbox 1972 2466 3558 2540; baseline 0.002 -21"><span class='ocrx_word' id='word_1_554' title='bbox 1972 2466 2275 2532; x_wconf 85' lang='lat' dir='ltr'>hominem,</span> <span class='ocrx_word' id='word_1_555' title='bbox 2308 2468 2363 2521; x_wconf 92' lang='lat' dir='ltr'>id</span> <span class='ocrx_word' id='word_1_556' title='bbox 2396 2475 2476 2522; x_wconf 91' lang='lat' dir='ltr'>est</span> <span class='ocrx_word' id='word_1_557' title='bbox 2497 2467 2794 2522; x_wconf 90' lang='lat' dir='ltr'>secundum</span> <span class='ocrx_word' id='word_1_558' title='bbox 2826 2467 3117 2523; x_wconf 87' lang='lat' dir='ltr'>carnaliter</span> <span class='ocrx_word' id='word_1_559' title='bbox 3147 2467 3558 2540; x_wconf 90' lang='lat' dir='ltr'>intelligentem.</span> 
     </span>
    </p>
   </div>
   <div class='ocr_carea' id='block_1_73' title="bbox 1972 2553 3561 2628">
    <p class='ocr_par' dir='ltr' id='par_1_73' title="bbox 1972 2553 3561 2628">
     <span class='ocr_line' id='line_1_73' title="bbox 1972 2553 3561 2628; baseline 0.002 -21"><span class='ocrx_word' id='word_1_560' title='bbox 1972 2553 2080 2607; x_wconf 91' lang='lat' dir='ltr'>Sed</span> <span class='ocrx_word' id='word_1_561' title='bbox 2110 2570 2175 2608; x_wconf 86' lang='lat' dir='ltr'>ex</span> <span class='ocrx_word' id='word_1_562' title='bbox 2206 2572 2292 2608; x_wconf 86' lang='lat' dir='ltr'>me</span> <span class='ocrx_word' id='word_1_563' title='bbox 2322 2557 2427 2611; x_wconf 89' lang='lat' dir='ltr'>hoc</span> <span class='ocrx_word' id='word_1_564' title='bbox 2455 2556 2577 2611; x_wconf 90' lang='lat' dir='ltr'>dico</span> <span class='ocrx_word' id='word_1_565' title='bbox 2612 2571 2622 2609; x_wconf 92' lang='lat'><strong>:</strong></span> <span class='ocrx_word' id='word_1_566' title='bbox 2656 2556 2800 2611; x_wconf 87' lang='lat' dir='ltr'>absit</span> <span class='ocrx_word' id='word_1_567' title='bbox 2830 2556 2934 2611; x_wconf 93' lang='lat' dir='ltr'>hoc</span> <span class='ocrx_word' id='word_1_568' title='bbox 2963 2563 3019 2608; x_wconf 91' lang='lat' dir='ltr'>ut</span> <span class='ocrx_word' id='word_1_569' title='bbox 3056 2557 3201 2610; x_wconf 91' lang='lat' dir='ltr'>Deus</span> <span class='ocrx_word' id='word_1_570' title='bbox 3230 2556 3445 2628; x_wconf 92' lang='lat' dir='ltr'>iniquus</span> <span class='ocrx_word' id='word_1_571' title='bbox 3476 2556 3561 2623; x_wconf 90' lang='lat' dir='ltr'>sit,</span> 
     </span>
    </p>
   </div>
   <div class='ocr_carea' id='block_1_74' title="bbox 1972 2642 3561 2715">
    <p class='ocr_par' dir='ltr' id='par_1_74' title="bbox 1972 2642 3561 2715">
     <span class='ocr_line' id='line_1_74' title="bbox 1972 2642 3561 2715; baseline 0.003 -21"><span class='ocrx_word' id='word_1_572' title='bbox 1972 2642 2097 2713; x_wconf 89' lang='lat' dir='ltr'>quia</span> <span class='ocrx_word' id='word_1_573' title='bbox 2121 2652 2406 2712; x_wconf 88' lang='lat' dir='ltr'>peccatum</span> <span class='ocrx_word' id='word_1_574' title='bbox 2438 2644 2586 2714; x_wconf 92' lang='lat' dir='ltr'>punit</span> <span class='ocrx_word' id='word_1_575' title='bbox 2622 2643 2724 2697; x_wconf 85' lang='lat' dir='ltr'>lEt</span> <span class='ocrx_word' id='word_1_576' title='bbox 2755 2645 2858 2699; x_wconf 90' lang='lat' dir='ltr'>hoc</span> <span class='ocrx_word' id='word_1_577' title='bbox 2888 2644 3084 2714; x_wconf 88' lang='lat' dir='ltr'>probat</span> <span class='ocrx_word' id='word_1_578' title='bbox 3122 2644 3188 2697; x_wconf 87' lang='lat' dir='ltr'>ab</span> <span class='ocrx_word' id='word_1_579' title='bbox 3219 2643 3561 2715; x_wconf 91' lang='lat' dir='ltr'>impossibili,</span> 
     </span>
    </p>
   </div>
   <div class='ocr_carea' id='block_1_75' title="bbox 1972 2730 3561 2803">
    <p class='ocr_par' dir='ltr' id='par_1_75' title="bbox 1972 2730 3561 2803">
     <span class='ocr_line' id='line_1_75' title="bbox 1972 2730 3561 2803; baseline 0.003 -20"><span class='ocrx_word' id='word_1_580' title='bbox 1972 2730 2160 2785; x_wconf 89' lang='lat' dir='ltr'>dicens</span> <span class='ocrx_word' id='word_1_581' title='bbox 2195 2749 2208 2784; x_wconf 88' lang='lat'><strong>:</strong></span> <span class='ocrx_word' id='word_1_582' title='bbox 2245 2732 2379 2785; x_wconf 88' lang='lat' dir='ltr'>Vere</span> <span class='ocrx_word' id='word_1_583' title='bbox 2410 2733 2556 2785; x_wconf 92' lang='lat' dir='ltr'>Deus</span> <span class='ocrx_word' id='word_1_584' title='bbox 2590 2748 2697 2787; x_wconf 91' lang='lat' dir='ltr'>non</span> <span class='ocrx_word' id='word_1_585' title='bbox 2728 2740 2810 2787; x_wconf 90' lang='lat' dir='ltr'>est</span> <span class='ocrx_word' id='word_1_586' title='bbox 2840 2730 3077 2803; x_wconf 89' lang='lat' dir='ltr'>iniquus,</span> <span class='ocrx_word' id='word_1_587' title='bbox 3111 2731 3352 2787; x_wconf 87' lang='lat' dir='ltr'>inferens</span> <span class='ocrx_word' id='word_1_588' title='bbox 3380 2734 3513 2787; x_wconf 86' lang='lat' dir='ltr'>iram</span> <span class='ocrx_word' id='word_1_589' title='bbox 3548 2752 3561 2800; x_wconf 95' lang='lat'>;</span> 
     </span>
    </p>
   </div>
   <div class='ocr_carea' id='block_1_76' title="bbox 1973 2819 3563 2893">
    <p class='ocr_par' dir='ltr' id='par_1_76' title="bbox 1973 2819 3563 2893">
     <span class='ocr_line' id='line_1_76' title="bbox 1973 2819 3563 2893; baseline 0.004 -22"><span class='ocrx_word' id='word_1_590' title='bbox 1973 2819 2095 2889; x_wconf 89' lang='lat' dir='ltr'>quia</span> <span class='ocrx_word' id='word_1_591' title='bbox 2124 2820 2392 2891; x_wconf 85' lang='lat' dir='ltr'>alioquin,</span> <span class='ocrx_word' id='word_1_592' title='bbox 2419 2820 2474 2874; x_wconf 92' lang='lat' dir='ltr'>id</span> <span class='ocrx_word' id='word_1_593' title='bbox 2496 2828 2595 2887; x_wconf 90' lang='lat' dir='ltr'>est,</span> <span class='ocrx_word' id='word_1_594' title='bbox 2631 2821 2675 2874; x_wconf 90' lang='lat' dir='ltr'>si</span> <span class='ocrx_word' id='word_1_595' title='bbox 2703 2823 2848 2876; x_wconf 81' lang='lat' dir='ltr'>Deus</span> <span class='ocrx_word' id='word_1_596' title='bbox 2866 2820 3082 2892; x_wconf 90' lang='lat' dir='ltr'>iniquus</span> <span class='ocrx_word' id='word_1_597' title='bbox 3105 2829 3265 2887; x_wconf 88' lang='lat' dir='ltr'>esset,</span> <span class='ocrx_word' id='word_1_598' title='bbox 3300 2822 3563 2893; x_wconf 85' lang='lat' dir='ltr'>quomodo</span> 
     </span>
    </p>
   </div>
   <div class='ocr_carea' id='block_1_77' title="bbox 1963 2907 3567 2976">
    <p class='ocr_par' dir='ltr' id='par_1_77' title="bbox 1963 2907 3567 2976">
     <span class='ocr_line' id='line_1_77' title="bbox 1963 2907 3567 2976; baseline 0.001 -14"><span class='ocrx_word' id='word_1_599' title='bbox 1963 2907 2243 2976; x_wconf 82' lang='lat' dir='ltr'>judicabit</span> <span class='ocrx_word' id='word_1_600' title='bbox 2275 2908 2425 2964; x_wconf 87' lang='lat' dir='ltr'>hunc</span> <span class='ocrx_word' id='word_1_601' title='bbox 2454 2909 2732 2964; x_wconf 85' lang='lat' dir='ltr'>mundum</span> <span class='ocrx_word' id='word_1_602' title='bbox 2766 2914 2787 2963; x_wconf 85' lang='lat'><strong><em>?</em></strong></span> <span class='ocrx_word' id='word_1_603' title='bbox 2807 2909 2928 2963; x_wconf 88' lang='lat' dir='ltr'>Non</span> <span class='ocrx_word' id='word_1_604' title='bbox 2948 2916 3030 2964; x_wconf 90' lang='lat' dir='ltr'>est</span> <span class='ocrx_word' id='word_1_605' title='bbox 3050 2910 3384 2964; x_wconf 90' lang='lat' dir='ltr'>credendum</span> <span class='ocrx_word' id='word_1_606' title='bbox 3404 2918 3459 2964; x_wconf 92' lang='lat' dir='ltr'>ut</span> <span class='ocrx_word' id='word_1_607' title='bbox 3478 2910 3567 2965; x_wconf 90' lang='lat' dir='ltr'>ille</span> 
     </span>
    </p>
   </div>
   <div class='ocr_carea' id='block_1_78' title="bbox 1970 2996 3562 3069">
    <p class='ocr_par' dir='ltr' id='par_1_78' title="bbox 1970 2996 3562 3069">
     <span class='ocr_line' id='line_1_78' title="bbox 1970 2996 3562 3069; baseline 0.001 -20"><span class='ocrx_word' id='word_1_608' title='bbox 1970 2996 2061 3065; x_wconf 91' lang='lat' dir='ltr'>qui</span> <span class='ocrx_word' id='word_1_609' title='bbox 2100 2996 2416 3050; x_wconf 88' lang='lat' dir='ltr'>constitutus</span> <span class='ocrx_word' id='word_1_610' title='bbox 2448 3004 2528 3051; x_wconf 91' lang='lat' dir='ltr'>est</span> <span class='ocrx_word' id='word_1_611' title='bbox 2551 2996 2718 3065; x_wconf 87' lang='lat' dir='ltr'>judex</span> <span class='ocrx_word' id='word_1_612' title='bbox 2751 2997 2913 3050; x_wconf 90' lang='lat' dir='ltr'>totius</span> <span class='ocrx_word' id='word_1_613' title='bbox 2960 2997 3167 3063; x_wconf 90' lang='lat' dir='ltr'>mundi,</span> <span class='ocrx_word' id='word_1_614' title='bbox 3212 2997 3428 3069; x_wconf 91' lang='lat' dir='ltr'>iniquus</span> <span class='ocrx_word' id='word_1_615' title='bbox 3474 2998 3562 3068; x_wconf 92' lang='lat' dir='ltr'>sit,</span> 
     </span>
    </p>
   </div>
   <div class='ocr_carea' id='block_1_79' title="bbox 1972 3084 3566 3155">
    <p class='ocr_par' dir='ltr' id='par_1_79' title="bbox 1972 3084 3566 3155">
     <span class='ocr_line' id='line_1_79' title="bbox 1972 3084 3566 3155; baseline 0.003 -19"><span class='ocrx_word' id='word_1_616' title='bbox 1972 3092 2024 3137; x_wconf 90' lang='lat' dir='ltr'>et</span> <span class='ocrx_word' id='word_1_617' title='bbox 2054 3086 2156 3138; x_wconf 89' lang='lat' dir='ltr'>hoc</span> <span class='ocrx_word' id='word_1_618' title='bbox 2185 3084 2541 3154; x_wconf 87' lang='lat' dir='ltr'>impossibile.</span> <span class='ocrx_word' id='word_1_619' title='bbox 2579 3086 2717 3139; x_wconf 91' lang='lat' dir='ltr'>Vere</span> <span class='ocrx_word' id='word_1_620' title='bbox 2746 3084 2791 3138; x_wconf 90' lang='lat' dir='ltr'>si</span> <span class='ocrx_word' id='word_1_621' title='bbox 2821 3084 3037 3155; x_wconf 90' lang='lat' dir='ltr'>iniquus</span> <span class='ocrx_word' id='word_1_622' title='bbox 3069 3093 3150 3139; x_wconf 89' lang='lat' dir='ltr'>est</span> <span class='ocrx_word' id='word_1_623' title='bbox 3194 3086 3363 3152; x_wconf 89' lang='lat' dir='ltr'>Deus,</span> <span class='ocrx_word' id='word_1_624' title='bbox 3410 3103 3566 3140; x_wconf 90' lang='lat' dir='ltr'>mun-</span> 
     </span>
    </p>
   </div>
   <div class='ocr_carea' id='block_1_80' title="bbox 1972 3172 3567 3244">
    <p class='ocr_par' dir='ltr' id='par_1_80' title="bbox 1972 3172 3567 3244">
     <span class='ocr_line' id='line_1_80' title="bbox 1972 3172 3567 3244; baseline 0.003 -19"><span class='ocrx_word' id='word_1_625' title='bbox 1972 3172 2097 3226; x_wconf 93' lang='lat' dir='ltr'>dum</span> <span class='ocrx_word' id='word_1_626' title='bbox 2128 3188 2235 3227; x_wconf 90' lang='lat' dir='ltr'>non</span> <span class='ocrx_word' id='word_1_627' title='bbox 2257 3173 2541 3241; x_wconf 88' lang='lat' dir='ltr'>judicabit,</span> <span class='ocrx_word' id='word_1_628' title='bbox 2577 3173 2704 3244; x_wconf 91' lang='lat' dir='ltr'>quia</span> <span class='ocrx_word' id='word_1_629' title='bbox 2733 3189 2835 3228; x_wconf 90' lang='lat' dir='ltr'>nec</span> <span class='ocrx_word' id='word_1_630' title='bbox 2868 3189 2955 3228; x_wconf 91' lang='lat' dir='ltr'>me</span> <span class='ocrx_word' id='word_1_631' title='bbox 2986 3173 3182 3228; x_wconf 91' lang='lat' dir='ltr'>solum.</span> <span class='ocrx_word' id='word_1_632' title='bbox 3242 3175 3327 3229; x_wconf 86' lang='lat' dir='ltr'>Me</span> <span class='ocrx_word' id='word_1_633' title='bbox 3386 3182 3567 3229; x_wconf 90' lang='lat' dir='ltr'>autem</span> 
     </span>
    </p>
   </div>
   <div class='ocr_carea' id='block_1_81' title="bbox 1972 3260 3566 3335">
    <p class='ocr_par' dir='ltr' id='par_1_81' title="bbox 1972 3260 3566 3335">
     <span class='ocr_line' id='line_1_81' title="bbox 1972 3260 3566 3335; baseline 0.001 -20"><span class='ocrx_word' id='word_1_634' title='bbox 1972 3260 2094 3315; x_wconf 91' lang='lat' dir='ltr'>ideo</span> <span class='ocrx_word' id='word_1_635' title='bbox 2124 3276 2231 3315; x_wconf 92' lang='lat' dir='ltr'>non</span> <span class='ocrx_word' id='word_1_636' title='bbox 2256 3261 2519 3329; x_wconf 90' lang='lat' dir='ltr'>judicabit</span> <span class='ocrx_word' id='word_1_637' title='bbox 2548 3262 2615 3315; x_wconf 94' lang='lat' dir='ltr'>de</span> <span class='ocrx_word' id='word_1_638' title='bbox 2645 3269 2888 3332; x_wconf 89' lang='lat' dir='ltr'>peccato,</span> <span class='ocrx_word' id='word_1_639' title='bbox 2923 3261 3050 3332; x_wconf 89' lang='lat' dir='ltr'>quia</span> <span class='ocrx_word' id='word_1_640' title='bbox 3082 3262 3160 3317; x_wconf 89' lang='lat' dir='ltr'>sic</span> <span class='ocrx_word' id='word_1_641' title='bbox 3189 3262 3422 3335; x_wconf 88' lang='lat' dir='ltr'>gloriam</span> <span class='ocrx_word' id='word_1_642' title='bbox 3452 3264 3566 3332; x_wconf 91' lang='lat' dir='ltr'>ejus</span> 
     </span>
    </p>
   </div>
   <div class='ocr_carea' id='block_1_82' title="bbox 1973 3349 3565 3421">
    <p class='ocr_par' dir='ltr' id='par_1_82' title="bbox 1973 3349 3565 3421">
     <span class='ocr_line' id='line_1_82' title="bbox 1973 3349 3565 3421; baseline 0.001 -18"><span class='ocrx_word' id='word_1_643' title='bbox 1973 3364 2169 3421; x_wconf 87' lang='lat' dir='ltr'>augeo.</span> <span class='ocrx_word' id='word_1_644' title='bbox 2192 3350 2249 3404; x_wconf 87' lang='lat' dir='ltr'>Si</span> <span class='ocrx_word' id='word_1_645' title='bbox 2265 3350 2419 3404; x_wconf 84' lang='lat' dir='ltr'>enim</span> <span class='ocrx_word' id='word_1_646' title='bbox 2438 3350 2499 3404; x_wconf 87' lang='lat' dir='ltr'>in</span> <span class='ocrx_word' id='word_1_647' title='bbox 2519 3366 2640 3405; x_wconf 82' lang='lat' dir='ltr'>meo</span> <span class='ocrx_word' id='word_1_648' title='bbox 2654 3350 2964 3415; x_wconf 88' lang='lat' dir='ltr'>mendacio,</span> <span class='ocrx_word' id='word_1_649' title='bbox 2981 3349 3035 3403; x_wconf 92' lang='lat' dir='ltr'>id</span> <span class='ocrx_word' id='word_1_650' title='bbox 3049 3358 3129 3405; x_wconf 89' lang='lat' dir='ltr'>est</span> <span class='ocrx_word' id='word_1_651' title='bbox 3149 3359 3565 3421; x_wconf 89' lang='lat' dir='ltr'>proptermeum</span> 
     </span>
    </p>
   </div>
   <div class='ocr_carea' id='block_1_83' title="bbox 1972 3438 3562 3507">
    <p class='ocr_par' dir='ltr' id='par_1_83' title="bbox 1972 3438 3562 3507">
     <span class='ocr_line' id='line_1_83' title="bbox 1972 3438 3562 3507; baseline 0.001 -17"><span class='ocrx_word' id='word_1_652' title='bbox 1972 3445 2256 3507; x_wconf 88' lang='lat' dir='ltr'>peccatum</span> <span class='ocrx_word' id='word_1_653' title='bbox 2283 3453 2294 3491; x_wconf 90' lang='lat'><strong>:</strong></span> <span class='ocrx_word' id='word_1_654' title='bbox 2328 3438 2854 3493; x_wconf 86' lang='lat' dir='ltr'>abundavitveritas</span> <span class='ocrx_word' id='word_1_655' title='bbox 2883 3439 2999 3503; x_wconf 89' lang='lat' dir='ltr'>Dei,</span> <span class='ocrx_word' id='word_1_656' title='bbox 3017 3438 3070 3491; x_wconf 91' lang='lat' dir='ltr'>id</span> <span class='ocrx_word' id='word_1_657' title='bbox 3089 3447 3171 3492; x_wconf 90' lang='lat' dir='ltr'>est</span> <span class='ocrx_word' id='word_1_658' title='bbox 3201 3439 3562 3493; x_wconf 83' lang='lat' dir='ltr'>abundantius</span> 
     </span>
    </p>
   </div>
   <div class='ocr_carea' id='block_1_84' title="bbox 1972 3524 3565 3595">
    <p class='ocr_par' dir='ltr' id='par_1_84' title="bbox 1972 3524 3565 3595">
     <span class='ocr_line' id='line_1_84' title="bbox 1972 3524 3565 3595; baseline 0.001 -16"><span class='ocrx_word' id='word_1_659' title='bbox 1972 3524 2270 3579; x_wconf 89' lang='lat' dir='ltr'>ostenditur</span> <span class='ocrx_word' id='word_1_660' title='bbox 2300 3526 2443 3579; x_wconf 89' lang='lat' dir='ltr'>Deus</span> <span class='ocrx_word' id='word_1_661' title='bbox 2491 3542 2554 3579; x_wconf 90' lang='lat' dir='ltr'>ex</span> <span class='ocrx_word' id='word_1_662' title='bbox 2587 3526 2815 3581; x_wconf 88' lang='lat' dir='ltr'>veritate</span> <span class='ocrx_word' id='word_1_663' title='bbox 2873 3526 3252 3595; x_wconf 91' lang='lat' dir='ltr'>promissionis</span> <span class='ocrx_word' id='word_1_664' title='bbox 3310 3543 3421 3580; x_wconf 86' lang='lat' dir='ltr'>suae</span> <span class='ocrx_word' id='word_1_665' title='bbox 3478 3526 3565 3580; x_wconf 86' lang='lat' dir='ltr'>di-</span> 
     </span>
    </p>
   </div>
   <div class='ocr_carea' id='block_1_85' title="bbox 1973 3613 3563 3685">
    <p class='ocr_par' dir='ltr' id='par_1_85' title="bbox 1973 3613 3563 3685">
     <span class='ocr_line' id='line_1_85' title="bbox 1973 3613 3563 3685; baseline 0.001 -18"><span class='ocrx_word' id='word_1_666' title='bbox 1973 3613 2190 3667; x_wconf 88' lang='lat' dir='ltr'>misisse</span> <span class='ocrx_word' id='word_1_667' title='bbox 2212 3622 2457 3684; x_wconf 89' lang='lat' dir='ltr'>peccata.</span> <span class='ocrx_word' id='word_1_668' title='bbox 2480 3613 2793 3669; x_wconf 83' lang='lat' dir='ltr'>Abundavit</span> <span class='ocrx_word' id='word_1_669' title='bbox 2812 3613 2935 3669; x_wconf 92' lang='lat' dir='ltr'>dico</span> <span class='ocrx_word' id='word_1_670' title='bbox 2952 3614 3013 3668; x_wconf 88' lang='lat' dir='ltr'>in</span> <span class='ocrx_word' id='word_1_671' title='bbox 3035 3614 3213 3682; x_wconf 85' lang='lat' dir='ltr'>gloria</span> <span class='ocrx_word' id='word_1_672' title='bbox 3230 3614 3408 3685; x_wconf 82' lang='lat' dir='ltr'>ipsius</span> <span class='ocrx_word' id='word_1_673' title='bbox 3430 3614 3563 3668; x_wconf 87' lang='lat' dir='ltr'>Dei:</span> 
     </span>
    </p>
   </div>
   <div class='ocr_carea' id='block_1_86' title="bbox 1975 3700 3566 3774">
    <p class='ocr_par' dir='ltr' id='par_1_86' title="bbox 1975 3700 3566 3774">
     <span class='ocr_line' id='line_1_86' title="bbox 1975 3700 3566 3774; baseline 0.001 -19"><span class='ocrx_word' id='word_1_674' title='bbox 1975 3702 2100 3772; x_wconf 89' lang='lat' dir='ltr'>quia</span> <span class='ocrx_word' id='word_1_675' title='bbox 2129 3710 2329 3773; x_wconf 89' lang='lat' dir='ltr'>quanto</span> <span class='ocrx_word' id='word_1_676' title='bbox 2355 3703 2514 3773; x_wconf 90' lang='lat' dir='ltr'>plura</span> <span class='ocrx_word' id='word_1_677' title='bbox 2551 3702 2773 3770; x_wconf 91' lang='lat' dir='ltr'>dimisit,</span> <span class='ocrx_word' id='word_1_678' title='bbox 2809 3710 2953 3756; x_wconf 89' lang='lat' dir='ltr'>tanto</span> <span class='ocrx_word' id='word_1_679' title='bbox 2984 3700 3275 3774; x_wconf 88' lang='lat' dir='ltr'>gloriosior</span> <span class='ocrx_word' id='word_1_680' title='bbox 3303 3702 3371 3756; x_wconf 89' lang='lat' dir='ltr'>de</span> <span class='ocrx_word' id='word_1_681' title='bbox 3401 3702 3566 3757; x_wconf 88' lang='lat' dir='ltr'>mise-</span> 
     </span>
    </p>
   </div>
   <div class='ocr_carea' id='block_1_87' title="bbox 1974 3789 3569 3862">
    <p class='ocr_par' dir='ltr' id='par_1_87' title="bbox 1974 3789 3569 3862">
     <span class='ocr_line' id='line_1_87' title="bbox 1974 3789 3569 3862; baseline 0.001 -19"><span class='ocrx_word' id='word_1_682' title='bbox 1974 3789 2211 3845; x_wconf 88' lang='lat' dir='ltr'>ricordia</span> <span class='ocrx_word' id='word_1_683' title='bbox 2277 3790 2647 3862; x_wconf 87' lang='lat' dir='ltr'>cognoscitur.</span> <span class='ocrx_word' id='word_1_684' title='bbox 2717 3791 2772 3845; x_wconf 90' lang='lat' dir='ltr'>Si</span> <span class='ocrx_word' id='word_1_685' title='bbox 2828 3791 3009 3861; x_wconf 89' lang='lat' dir='ltr'>utique</span> <span class='ocrx_word' id='word_1_686' title='bbox 3052 3797 3339 3859; x_wconf 87' lang='lat' dir='ltr'>peccatum</span> <span class='ocrx_word' id='word_1_687' title='bbox 3386 3807 3569 3845; x_wconf 90' lang='lat' dir='ltr'>meum</span> 
     </span>
    </p>
   </div>
   <div class='ocr_carea' id='block_1_88' title="bbox 1975 3877 3568 3951">
    <p class='ocr_par' dir='ltr' id='par_1_88' title="bbox 1975 3877 3568 3951">
     <span class='ocr_line' id='line_1_88' title="bbox 1975 3877 3568 3951; baseline -0.001 -17"><span class='ocrx_word' id='word_1_688' title='bbox 1975 3894 2139 3934; x_wconf 88' lang='lat' dir='ltr'>causa</span> <span class='ocrx_word' id='word_1_689' title='bbox 2170 3886 2252 3933; x_wconf 89' lang='lat' dir='ltr'>est</span> <span class='ocrx_word' id='word_1_690' title='bbox 2280 3878 2469 3950; x_wconf 70' lang='lat' dir='ltr'>gloria:</span> <span class='ocrx_word' id='word_1_691' title='bbox 2486 3880 2620 3948; x_wconf 90' lang='lat' dir='ltr'>ejus,</span> <span class='ocrx_word' id='word_1_692' title='bbox 2654 3880 2785 3951; x_wconf 89' lang='lat' dir='ltr'>quid</span> <span class='ocrx_word' id='word_1_693' title='bbox 2806 3879 3007 3946; x_wconf 87' lang='lat' dir='ltr'>adhuc,</span> <span class='ocrx_word' id='word_1_694' title='bbox 3029 3877 3084 3932; x_wconf 94' lang='lat' dir='ltr'>id</span> <span class='ocrx_word' id='word_1_695' title='bbox 3102 3886 3182 3932; x_wconf 89' lang='lat' dir='ltr'>est</span> <span class='ocrx_word' id='word_1_696' title='bbox 3205 3894 3375 3949; x_wconf 90' lang='lat' dir='ltr'>quare</span> <span class='ocrx_word' id='word_1_697' title='bbox 3404 3880 3568 3934; x_wconf 89' lang='lat' dir='ltr'>etiam</span> 
     </span>
    </p>
   </div>
   <div class='ocr_carea' id='block_1_89' title="bbox 1975 3966 3570 4039">
    <p class='ocr_par' dir='ltr' id='par_1_89' title="bbox 1975 3966 3570 4039">
     <span class='ocr_line' id='line_1_89' title="bbox 1975 3966 3570 4039; baseline 0.001 -18"><span class='ocrx_word' id='word_1_698' title='bbox 1975 3968 2029 4021; x_wconf 92' lang='lat' dir='ltr'>in</span> <span class='ocrx_word' id='word_1_699' title='bbox 2058 3969 2162 4023; x_wconf 92' lang='lat' dir='ltr'>hoc</span> <span class='ocrx_word' id='word_1_700' title='bbox 2194 3968 2395 4023; x_wconf 91' lang='lat' dir='ltr'>mundo</span> <span class='ocrx_word' id='word_1_701' title='bbox 2425 3972 2480 4024; x_wconf 84' lang='lat' dir='ltr'>et</span> <span class='ocrx_word' id='word_1_702' title='bbox 2510 3985 2607 4039; x_wconf 86' lang='lat' dir='ltr'>ego</span> <span class='ocrx_word' id='word_1_703' title='bbox 2640 3970 2717 4037; x_wconf 90' lang='lat' dir='ltr'>(ut</span> <span class='ocrx_word' id='word_1_704' title='bbox 2746 3968 2881 4022; x_wconf 88' lang='lat' dir='ltr'>alios</span> <span class='ocrx_word' id='word_1_705' title='bbox 2926 3966 3191 4036; x_wconf 90' lang='lat' dir='ltr'>omittam)</span> <span class='ocrx_word' id='word_1_706' title='bbox 3216 3967 3461 4037; x_wconf 86' lang='lat' dir='ltr'>judicor,</span> <span class='ocrx_word' id='word_1_707' title='bbox 3514 3968 3570 4022; x_wconf 89' lang='lat' dir='ltr'>id</span> 
     </span>
    </p>
   </div>
   <div class='ocr_carea' id='block_1_90' title="bbox 1975 4056 3568 4128">
    <p class='ocr_par' dir='ltr' id='par_1_90' title="bbox 1975 4056 3568 4128">
     <span class='ocr_line' id='line_1_90' title="bbox 1975 4056 3568 4128; baseline 0.001 -18"><span class='ocrx_word' id='word_1_708' title='bbox 1975 4063 2057 4110; x_wconf 90' lang='lat' dir='ltr'>est</span> <span class='ocrx_word' id='word_1_709' title='bbox 2088 4065 2405 4111; x_wconf 90' lang='lat' dir='ltr'>contemnor</span> <span class='ocrx_word' id='word_1_710' title='bbox 2433 4062 2704 4128; x_wconf 85' lang='lat' dir='ltr'>tanquam</span> <span class='ocrx_word' id='word_1_711' title='bbox 2730 4059 3025 4127; x_wconf 84' lang='lat' dir='ltr'>peccator?</span> <span class='ocrx_word' id='word_1_712' title='bbox 3056 4056 3328 4110; x_wconf 91' lang='lat' dir='ltr'>Deberem</span> <span class='ocrx_word' id='word_1_713' title='bbox 3361 4056 3568 4126; x_wconf 89' lang='lat' dir='ltr'>depec-</span> 
     </span>
    </p>
   </div>
   <div class='ocr_carea' id='block_1_91' title="bbox 1977 4143 3571 4215">
    <p class='ocr_par' dir='ltr' id='par_1_91' title="bbox 1977 4143 3571 4215">
     <span class='ocr_line' id='line_1_91' title="bbox 1977 4143 3571 4215; baseline 0.001 -17"><span class='ocrx_word' id='word_1_714' title='bbox 1977 4155 2097 4200; x_wconf 89' lang='lat' dir='ltr'>cato</span> <span class='ocrx_word' id='word_1_715' title='bbox 2128 4146 2231 4201; x_wconf 93' lang='lat' dir='ltr'>hoc</span> <span class='ocrx_word' id='word_1_716' title='bbox 2253 4145 2430 4215; x_wconf 88' lang='lat' dir='ltr'>argui,</span> <span class='ocrx_word' id='word_1_717' title='bbox 2446 4146 2501 4198; x_wconf 90' lang='lat' dir='ltr'>in</span> <span class='ocrx_word' id='word_1_718' title='bbox 2519 4160 2625 4215; x_wconf 90' lang='lat' dir='ltr'>quo</span> <span class='ocrx_word' id='word_1_719' title='bbox 2656 4160 2831 4215; x_wconf 88' lang='lat' dir='ltr'>augeo</span> <span class='ocrx_word' id='word_1_720' title='bbox 2854 4143 3087 4215; x_wconf 90' lang='lat' dir='ltr'>gloriam</span> <span class='ocrx_word' id='word_1_721' title='bbox 3110 4144 3210 4198; x_wconf 93' lang='lat' dir='ltr'>Dei</span> <span class='ocrx_word' id='word_1_722' title='bbox 3231 4145 3258 4198; x_wconf 71' lang='lat' dir='ltr'>‘i</span> <span class='ocrx_word' id='word_1_723' title='bbox 3280 4145 3384 4198; x_wconf 91' lang='lat' dir='ltr'>Cur</span> <span class='ocrx_word' id='word_1_724' title='bbox 3412 4145 3571 4200; x_wconf 89' lang='lat' dir='ltr'>etiam</span> 
     </span>
    </p>
   </div>
   <div class='ocr_carea' id='block_1_92' title="bbox 1976 4231 3571 4303">
    <p class='ocr_par' dir='ltr' id='par_1_92' title="bbox 1976 4231 3571 4303">
     <span class='ocr_line' id='line_1_92' title="bbox 1976 4231 3571 4303; baseline 0.002 -16"><span class='ocrx_word' id='word_1_725' title='bbox 1976 4249 2085 4288; x_wconf 89' lang='lat' dir='ltr'>non</span> <span class='ocrx_word' id='word_1_726' title='bbox 2114 4232 2339 4287; x_wconf 86' lang='lat' dir='ltr'>facimus</span> <span class='ocrx_word' id='word_1_727' title='bbox 2369 4233 2530 4299; x_wconf 89' lang='lat' dir='ltr'>mala,</span> <span class='ocrx_word' id='word_1_728' title='bbox 2564 4241 2622 4287; x_wconf 91' lang='lat' dir='ltr'>ut</span> <span class='ocrx_word' id='word_1_729' title='bbox 2641 4234 2778 4287; x_wconf 90' lang='lat' dir='ltr'>bona</span> <span class='ocrx_word' id='word_1_730' title='bbox 2795 4231 3188 4287; x_wconf 69' lang='lat' dir='ltr'>misericordiae</span> <span class='ocrx_word' id='word_1_731' title='bbox 3219 4232 3318 4287; x_wconf 91' lang='lat' dir='ltr'>Dei</span> <span class='ocrx_word' id='word_1_732' title='bbox 3347 4249 3448 4303; x_wconf 90' lang='lat' dir='ltr'>per</span> <span class='ocrx_word' id='word_1_733' title='bbox 3466 4234 3571 4290; x_wconf 87' lang='lat' dir='ltr'>hoc</span> 
     </span>
    </p>
   </div>
   <div class='ocr_carea' id='block_1_93' title="bbox 294 4320 3571 4393">
    <p class='ocr_par' dir='ltr' id='par_1_93' title="bbox 294 4320 3571 4393">
     <span class='ocr_line' id='line_1_93' title="bbox 294 4320 3571 4393; baseline -0 -16"><span class='ocrx_word' id='word_1_734' title='bbox 294 4324 626 4391; x_wconf 61' lang='lat' dir='ltr'>prmtendens</span> <span class='ocrx_word' id='word_1_735' title='bbox 672 4323 942 4392; x_wconf 90' lang='lat' dir='ltr'>meritum,</span> <span class='ocrx_word' id='word_1_736' title='bbox 999 4339 1065 4378; x_wconf 90' lang='lat' dir='ltr'>ex</span> <span class='ocrx_word' id='word_1_737' title='bbox 1122 4322 1241 4377; x_wconf 93' lang='lat' dir='ltr'>sola</span> <span class='ocrx_word' id='word_1_738' title='bbox 1296 4322 1467 4392; x_wconf 87' lang='lat' dir='ltr'>gratia</span> <span class='ocrx_word' id='word_1_739' title='bbox 1522 4320 1758 4378; x_wconf 84' lang='lat' dir='ltr'>conﬁdat</span> <span class='ocrx_word' id='word_1_740' title='bbox 1815 4329 1946 4389; x_wconf 89' lang='lat' dir='ltr'>seD</span> <span class='ocrx_word' id='word_1_741' title='bbox 1975 4322 2189 4377; x_wconf 88' lang='lat' dir='ltr'>veniant</span> <span class='ocrx_word' id='word_1_742' title='bbox 2218 4322 2272 4376; x_wconf 93' lang='lat' dir='ltr'>in</span> <span class='ocrx_word' id='word_1_743' title='bbox 2303 4330 2672 4393; x_wconf 89' lang='lat' dir='ltr'>augmentum,</span> <span class='ocrx_word' id='word_1_744' title='bbox 2706 4322 2853 4377; x_wconf 87' lang='lat' dir='ltr'>sicut</span> <span class='ocrx_word' id='word_1_745' title='bbox 2896 4336 2996 4375; x_wconf 90' lang='lat' dir='ltr'>nos</span> <span class='ocrx_word' id='word_1_746' title='bbox 3041 4320 3496 4393; x_wconf 84' lang='lat' dir='ltr'>blasphemamur</span> <span class='ocrx_word' id='word_1_747' title='bbox 3541 4339 3571 4376; x_wconf 92' lang='lat' dir='ltr'>a</span> 
     </span>
    </p>
   </div>
   <div class='ocr_carea' id='block_1_94' title="bbox 296 4409 1879 4482">
    <p class='ocr_par' dir='ltr' id='par_1_94' title="bbox 296 4409 1879 4482">
     <span class='ocr_line' id='line_1_94' title="bbox 296 4409 1879 4482; baseline 0.001 -20"><span class='ocrx_word' id='word_1_748' title='bbox 296 4410 620 4476; x_wconf 88' lang='lat' dir='ltr'>salvandum,</span> <span class='ocrx_word' id='word_1_749' title='bbox 656 4428 822 4482; x_wconf 86' lang='lat' dir='ltr'>seque</span> <span class='ocrx_word' id='word_1_750' title='bbox 852 4412 905 4465; x_wconf 90' lang='lat' dir='ltr'>in</span> <span class='ocrx_word' id='word_1_751' title='bbox 950 4411 1191 4482; x_wconf 90' lang='lat' dir='ltr'>peccatis</span> <span class='ocrx_word' id='word_1_752' title='bbox 1238 4409 1575 4477; x_wconf 86' lang='lat' dir='ltr'>confiteatur,</span> <span class='ocrx_word' id='word_1_753' title='bbox 1623 4426 1730 4481; x_wconf 92' lang='lat' dir='ltr'>quo</span> <span class='ocrx_word' id='word_1_754' title='bbox 1777 4426 1879 4464; x_wconf 89' lang='lat' dir='ltr'>ne-</span> 
     </span>
    </p>
   </div>
   <div class='ocr_carea' id='block_1_95' title="bbox 298 4498 1879 4572">
    <p class='ocr_par' dir='ltr' id='par_1_95' title="bbox 298 4498 1879 4572">
     <span class='ocr_line' id='line_1_95' title="bbox 298 4498 1879 4572; baseline 0.002 -21"><span class='ocrx_word' id='word_1_755' title='bbox 298 4513 378 4552; x_wconf 90' lang='lat' dir='ltr'>mo</span> <span class='ocrx_word' id='word_1_756' title='bbox 409 4500 647 4555; x_wconf 90' lang='lat' dir='ltr'>sanctior</span> <span class='ocrx_word' id='word_1_757' title='bbox 676 4500 807 4555; x_wconf 88' lang='lat' dir='ltr'>vixit</span> <span class='ocrx_word' id='word_1_758' title='bbox 835 4500 890 4553; x_wconf 92' lang='lat' dir='ltr'>in</span> <span class='ocrx_word' id='word_1_759' title='bbox 920 4500 1065 4572; x_wconf 87' lang='lat' dir='ltr'>lege,</span> <span class='ocrx_word' id='word_1_760' title='bbox 1099 4500 1371 4555; x_wconf 90' lang='lat' dir='ltr'>neminem</span> <span class='ocrx_word' id='word_1_761' title='bbox 1404 4516 1467 4554; x_wconf 86' lang='lat' dir='ltr'>ex</span> <span class='ocrx_word' id='word_1_762' title='bbox 1498 4498 1687 4553; x_wconf 89' lang='lat' dir='ltr'>merito</span> <span class='ocrx_word' id='word_1_763' title='bbox 1716 4514 1879 4570; x_wconf 90' lang='lat' dir='ltr'>posse</span> 
     </span>
    </p>
   </div>
   <div class='ocr_carea' id='block_1_96' title="bbox 300 4586 1879 4661">
    <p class='ocr_par' dir='ltr' id='par_1_96' title="bbox 300 4586 1879 4661">
     <span class='ocr_line' id='line_1_96' title="bbox 300 4586 1879 4661; baseline 0.001 -22"><span class='ocrx_word' id='word_1_764' title='bbox 300 4587 506 4653; x_wconf 86' lang='lat' dir='ltr'>salvari,</span> <span class='ocrx_word' id='word_1_765' title='bbox 541 4589 637 4642; x_wconf 91' lang='lat' dir='ltr'>sed</span> <span class='ocrx_word' id='word_1_766' title='bbox 677 4605 774 4659; x_wconf 89' lang='lat' dir='ltr'>per</span> <span class='ocrx_word' id='word_1_767' title='bbox 822 4589 994 4644; x_wconf 90' lang='lat' dir='ltr'>solam</span> <span class='ocrx_word' id='word_1_768' title='bbox 1039 4588 1288 4661; x_wconf 87' lang='lat' dir='ltr'>gratiam.</span> <span class='ocrx_word' id='word_1_769' title='bbox 1338 4586 1657 4643; x_wconf 82' lang='lat' dir='ltr'>Justiiiceris</span> <span class='ocrx_word' id='word_1_770' title='bbox 1698 4587 1879 4659; x_wconf 89' lang='lat' dir='ltr'>utique</span> 
     </span>
    </p>
   </div>
   <div class='ocr_carea' id='block_1_97' title="bbox 298 4672 1880 4748">
    <p class='ocr_par' dir='ltr' id='par_1_97' title="bbox 298 4672 1880 4748">
     <span class='ocr_line' id='line_1_97' title="bbox 298 4672 1880 4748; baseline 0.003 -22"><span class='ocrx_word' id='word_1_771' title='bbox 298 4672 346 4727; x_wconf 92' lang='lat' dir='ltr'>in</span> <span class='ocrx_word' id='word_1_772' title='bbox 375 4676 715 4732; x_wconf 89' lang='lat' dir='ltr'>sermonibus</span> <span class='ocrx_word' id='word_1_773' title='bbox 745 4678 869 4742; x_wconf 90' lang='lat' dir='ltr'>tuis,</span> <span class='ocrx_word' id='word_1_774' title='bbox 904 4682 959 4733; x_wconf 84' lang='lat' dir='ltr'>et</span> <span class='ocrx_word' id='word_1_775' title='bbox 988 4679 1182 4733; x_wconf 87' lang='lat' dir='ltr'>vincas</span> <span class='ocrx_word' id='word_1_776' title='bbox 1200 4676 1415 4747; x_wconf 90' lang='lat' dir='ltr'>impios,</span> <span class='ocrx_word' id='word_1_777' title='bbox 1449 4694 1578 4732; x_wconf 90' lang='lat' dir='ltr'>cum</span> <span class='ocrx_word' id='word_1_778' title='bbox 1596 4676 1880 4748; x_wconf 82' lang='lat' dir='ltr'>judicaris</span> 
     </span>
    </p>
   </div>
   <div class='ocr_carea' id='block_1_98' title="bbox 300 4762 1879 4835">
    <p class='ocr_par' dir='ltr' id='par_1_98' title="bbox 300 4762 1879 4835">
     <span class='ocr_line' id='line_1_98' title="bbox 300 4762 1879 4835; baseline 0 -19"><span class='ocrx_word' id='word_1_779' title='bbox 300 4762 359 4816; x_wconf 87' lang='lat' dir='ltr'>ab</span> <span class='ocrx_word' id='word_1_780' title='bbox 388 4764 488 4819; x_wconf 90' lang='lat' dir='ltr'>illis</span> <span class='ocrx_word' id='word_1_781' title='bbox 519 4781 630 4818; x_wconf 90' lang='lat' dir='ltr'>non</span> <span class='ocrx_word' id='word_1_782' title='bbox 660 4782 781 4820; x_wconf 90' lang='lat' dir='ltr'>esse</span> <span class='ocrx_word' id='word_1_783' title='bbox 838 4766 1002 4820; x_wconf 90' lang='lat' dir='ltr'>Filius</span> <span class='ocrx_word' id='word_1_784' title='bbox 1059 4765 1179 4835; x_wconf 91' lang='lat' dir='ltr'>Dei,</span> <span class='ocrx_word' id='word_1_785' title='bbox 1240 4781 1360 4821; x_wconf 90' lang='lat' dir='ltr'>cum</span> <span class='ocrx_word' id='word_1_786' title='bbox 1418 4764 1603 4820; x_wconf 91' lang='lat' dir='ltr'>vincas</span> <span class='ocrx_word' id='word_1_787' title='bbox 1658 4779 1753 4818; x_wconf 88' lang='lat' dir='ltr'>eos</span> <span class='ocrx_word' id='word_1_788' title='bbox 1810 4762 1879 4817; x_wconf 90' lang='lat' dir='ltr'>de</span> 
     </span>
    </p>
   </div>
   <div class='ocr_carea' id='block_1_99' title="bbox 298 4850 1884 4925">
    <p class='ocr_par' dir='ltr' id='par_1_99' title="bbox 298 4850 1884 4925">
     <span class='ocr_line' id='line_1_99' title="bbox 298 4850 1884 4925; baseline 0.001 -22"><span class='ocrx_word' id='word_1_789' title='bbox 298 4850 393 4907; x_wconf 91' lang='lat' dir='ltr'>hoc</span> <span class='ocrx_word' id='word_1_790' title='bbox 434 4853 779 4922; x_wconf 85' lang='lat' dir='ltr'>justificando</span> <span class='ocrx_word' id='word_1_791' title='bbox 809 4855 1057 4910; x_wconf 91' lang='lat' dir='ltr'>homines</span> <span class='ocrx_word' id='word_1_792' title='bbox 1099 4855 1236 4910; x_wconf 91' lang='lat' dir='ltr'>sicut</span> <span class='ocrx_word' id='word_1_793' title='bbox 1254 4853 1549 4925; x_wconf 88' lang='lat' dir='ltr'>promisist.</span> <span class='ocrx_word' id='word_1_794' title='bbox 1594 4851 1744 4910; x_wconf 77' lang='lat'>21</span> <span class='ocrx_word' id='word_1_795' title='bbox 1783 4850 1884 4906; x_wconf 88' lang='lat' dir='ltr'>Vel</span> 
     </span>
    </p>
   </div>
   <div class='ocr_carea' id='block_1_100' title="bbox 299 4939 1876 5014">
    <p class='ocr_par' dir='ltr' id='par_1_100' title="bbox 299 4939 1876 5014">
     <span class='ocr_line' id='line_1_100' title="bbox 299 4939 1876 5014; baseline -0.001 -20"><span class='ocrx_word' id='word_1_796' title='bbox 299 4940 472 4996; x_wconf 88' lang='lat' dir='ltr'>vincas</span> <span class='ocrx_word' id='word_1_797' title='bbox 527 4959 651 4997; x_wconf 91' lang='lat' dir='ltr'>cum</span> <span class='ocrx_word' id='word_1_798' title='bbox 700 4943 983 5013; x_wconf 88' lang='lat' dir='ltr'>judicaris,</span> <span class='ocrx_word' id='word_1_799' title='bbox 1045 4943 1101 4997; x_wconf 91' lang='lat' dir='ltr'>id</span> <span class='ocrx_word' id='word_1_800' title='bbox 1155 4951 1237 4997; x_wconf 90' lang='lat' dir='ltr'>est</span> <span class='ocrx_word' id='word_1_801' title='bbox 1290 4942 1636 5014; x_wconf 90' lang='lat' dir='ltr'>participaris</span> <span class='ocrx_word' id='word_1_802' title='bbox 1694 4939 1876 5008; x_wconf 90' lang='lat' dir='ltr'>alicui,</span> 
     </span>
    </p>
   </div>
   <div class='ocr_carea' id='block_1_101' title="bbox 300 5031 1881 5100">
    <p class='ocr_par' dir='ltr' id='par_1_101' title="bbox 300 5031 1881 5100">
     <span class='ocr_line' id='line_1_101' title="bbox 300 5031 1881 5100; baseline 0.001 -20"><span class='ocrx_word' id='word_1_803' title='bbox 300 5035 349 5081; x_wconf 92' lang='lat' dir='ltr'>ut</span> <span class='ocrx_word' id='word_1_804' title='bbox 377 5031 521 5086; x_wconf 90' lang='lat' dir='ltr'>mihi.</span> <span class='ocrx_word' id='word_1_805' title='bbox 555 5031 718 5086; x_wconf 80' lang='lat' dir='ltr'>Aiunt</span> <span class='ocrx_word' id='word_1_806' title='bbox 773 5032 917 5087; x_wconf 91' lang='lat' dir='ltr'>enim</span> <span class='ocrx_word' id='word_1_807' title='bbox 974 5048 1060 5086; x_wconf 91' lang='lat' dir='ltr'>me</span> <span class='ocrx_word' id='word_1_808' title='bbox 1116 5047 1224 5086; x_wconf 90' lang='lat' dir='ltr'>non</span> <span class='ocrx_word' id='word_1_809' title='bbox 1287 5031 1602 5086; x_wconf 85' lang='lat' dir='ltr'>salvandum</span> <span class='ocrx_word' id='word_1_810' title='bbox 1656 5036 1881 5100; x_wconf 87' lang='lat' dir='ltr'>propter</span> 
     </span>
    </p>
   </div>
   <div class='ocr_carea' id='block_1_102' title="bbox 301 5117 1879 5189">
    <p class='ocr_par' dir='ltr' id='par_1_102' title="bbox 301 5117 1879 5189">
     <span class='ocr_line' id='line_1_102' title="bbox 301 5117 1879 5189; baseline -0.001 -17"><span class='ocrx_word' id='word_1_811' title='bbox 301 5128 589 5187; x_wconf 83' lang='lat' dir='ltr'>peccatum,</span> <span class='ocrx_word' id='word_1_812' title='bbox 623 5120 745 5176; x_wconf 91' lang='lat' dir='ltr'>licet</span> <span class='ocrx_word' id='word_1_813' title='bbox 776 5120 905 5173; x_wconf 90' lang='lat' dir='ltr'>mihi</span> <span class='ocrx_word' id='word_1_814' title='bbox 936 5119 1300 5189; x_wconf 84' lang='lat' dir='ltr'>repromissus</span> <span class='ocrx_word' id='word_1_815' title='bbox 1331 5120 1425 5173; x_wconf 91' lang='lat' dir='ltr'>sis.</span> <span class='ocrx_word' id='word_1_816' title='bbox 1476 5118 1575 5174; x_wconf 90' lang='lat' dir='ltr'>Hic</span> <span class='ocrx_word' id='word_1_817' title='bbox 1622 5117 1879 5189; x_wconf 89' lang='lat' dir='ltr'>quiddam</span> 
     </span>
    </p>
   </div>
   <div class='ocr_carea' id='block_1_103' title="bbox 302 5202 1875 5279">
    <p class='ocr_par' dir='ltr' id='par_1_103' title="bbox 302 5202 1875 5279">
     <span class='ocr_line' id='line_1_103' title="bbox 302 5202 1875 5279; baseline 0.001 -21"><span class='ocrx_word' id='word_1_818' title='bbox 302 5202 592 5277; x_wconf 88' lang='lat' dir='ltr'>ingreditur</span> <span class='ocrx_word' id='word_1_819' title='bbox 624 5207 836 5273; x_wconf 90' lang='lat' dir='ltr'>Paulus,</span> <span class='ocrx_word' id='word_1_820' title='bbox 870 5208 1014 5279; x_wconf 90' lang='lat' dir='ltr'>quod</span> <span class='ocrx_word' id='word_1_821' title='bbox 1045 5208 1114 5261; x_wconf 90' lang='lat' dir='ltr'>ab</span> <span class='ocrx_word' id='word_1_822' title='bbox 1136 5208 1595 5279; x_wconf 84' lang='lat' dir='ltr'>inceptoalienum</span> <span class='ocrx_word' id='word_1_823' title='bbox 1626 5206 1875 5272; x_wconf 90' lang='lat' dir='ltr'>videtur;</span> 
     </span>
    </p>
   </div>
   <div class='ocr_carea' id='block_1_104' title="bbox 300 5290 1879 5368">
    <p class='ocr_par' dir='ltr' id='par_1_104' title="bbox 300 5290 1879 5368">
     <span class='ocr_line' id='line_1_104' title="bbox 300 5290 1879 5368; baseline 0.004 -24"><span class='ocrx_word' id='word_1_824' title='bbox 300 5290 667 5363; x_wconf 83' lang='lat' dir='ltr'>imponebatur</span> <span class='ocrx_word' id='word_1_825' title='bbox 695 5296 840 5351; x_wconf 88' lang='lat' dir='ltr'>enim</span> <span class='ocrx_word' id='word_1_826' title='bbox 868 5296 973 5367; x_wconf 89' lang='lat' dir='ltr'>ipsi</span> <span class='ocrx_word' id='word_1_827' title='bbox 1003 5304 1055 5350; x_wconf 92' lang='lat' dir='ltr'>et</span> <span class='ocrx_word' id='word_1_828' title='bbox 1083 5296 1201 5351; x_wconf 88' lang='lat' dir='ltr'>aliis</span> <span class='ocrx_word' id='word_1_829' title='bbox 1233 5296 1509 5368; x_wconf 89' lang='lat' dir='ltr'>apostolis,</span> <span class='ocrx_word' id='word_1_830' title='bbox 1544 5295 1689 5366; x_wconf 92' lang='lat' dir='ltr'>quod</span> <span class='ocrx_word' id='word_1_831' title='bbox 1722 5295 1879 5351; x_wconf 88' lang='lat' dir='ltr'>doce-</span> 
     </span>
    </p>
   </div>
   <div class='ocr_carea' id='block_1_105' title="bbox 302 5383 1879 5456">
    <p class='ocr_par' dir='ltr' id='par_1_105' title="bbox 302 5383 1879 5456">
     <span class='ocr_line' id='line_1_105' title="bbox 302 5383 1879 5456; baseline 0.003 -24"><span class='ocrx_word' id='word_1_832' title='bbox 302 5390 412 5436; x_wconf 89' lang='lat' dir='ltr'>rent</span> <span class='ocrx_word' id='word_1_833' title='bbox 442 5384 640 5440; x_wconf 91' lang='lat' dir='ltr'>bonum</span> <span class='ocrx_word' id='word_1_834' title='bbox 674 5401 795 5440; x_wconf 91' lang='lat' dir='ltr'>esse</span> <span class='ocrx_word' id='word_1_835' title='bbox 823 5399 1075 5456; x_wconf 84' lang='lat' dir='ltr'>peccare,</span> <span class='ocrx_word' id='word_1_836' title='bbox 1110 5384 1235 5456; x_wconf 88' lang='lat' dir='ltr'>quia</span> <span class='ocrx_word' id='word_1_837' title='bbox 1283 5392 1481 5456; x_wconf 89' lang='lat' dir='ltr'>quanto</span> <span class='ocrx_word' id='word_1_838' title='bbox 1511 5383 1666 5455; x_wconf 90' lang='lat' dir='ltr'>plura</span> <span class='ocrx_word' id='word_1_839' title='bbox 1695 5390 1879 5439; x_wconf 88' lang='lat' dir='ltr'>essent</span> 
     </span>
    </p>
   </div>
   <div class='ocr_carea' id='block_1_106' title="bbox 1981 4409 3569 4483">
    <p class='ocr_par' dir='ltr' id='par_1_106' title="bbox 1981 4409 3569 4483">
     <span class='ocr_line' id='line_1_106' title="bbox 1981 4409 3569 4483; baseline 0.001 -19"><span class='ocrx_word' id='word_1_840' title='bbox 1981 4411 2308 4483; x_wconf 88' lang='lat' dir='ltr'>quibusdam</span> <span class='ocrx_word' id='word_1_841' title='bbox 2337 4412 2559 4466; x_wconf 88' lang='lat' dir='ltr'>credere</span> <span class='ocrx_word' id='word_1_842' title='bbox 2580 4411 2606 4464; x_wconf 63' lang='grc' dir='ltr'>ἲ)</span> <span class='ocrx_word' id='word_1_843' title='bbox 2634 4412 2791 4465; x_wconf 85' lang='lat' dir='ltr'>Sicut</span> <span class='ocrx_word' id='word_1_844' title='bbox 2818 4409 2983 4464; x_wconf 90' lang='lat' dir='ltr'>etiam</span> <span class='ocrx_word' id='word_1_845' title='bbox 3010 4426 3112 4464; x_wconf 87' lang='lat' dir='ltr'>nos</span> <span class='ocrx_word' id='word_1_846' title='bbox 3138 4412 3305 4464; x_wconf 87' lang='lat' dir='ltr'>aiunt</span> <span class='ocrx_word' id='word_1_847' title='bbox 3335 4409 3412 4464; x_wconf 94' lang='lat' dir='ltr'>illi</span> <span class='ocrx_word' id='word_1_848' title='bbox 3444 4410 3569 4482; x_wconf 85' lang='lat' dir='ltr'>qui-</span> 
     </span>
    </p>
   </div>
   <div class='ocr_carea' id='block_1_107' title="bbox 1979 4497 3572 4569">
    <p class='ocr_par' dir='ltr' id='par_1_107' title="bbox 1979 4497 3572 4569">
     <span class='ocr_line' id='line_1_107' title="bbox 1979 4497 3572 4569; baseline -0.001 -15"><span class='ocrx_word' id='word_1_849' title='bbox 1979 4500 2105 4554; x_wconf 90' lang='lat' dir='ltr'>dem</span> <span class='ocrx_word' id='word_1_850' title='bbox 2136 4515 2245 4553; x_wconf 91' lang='lat' dir='ltr'>non</span> <span class='ocrx_word' id='word_1_851' title='bbox 2275 4498 2449 4553; x_wconf 91' lang='lat' dir='ltr'>solum</span> <span class='ocrx_word' id='word_1_852' title='bbox 2480 4498 2726 4563; x_wconf 90' lang='lat' dir='ltr'>credere,</span> <span class='ocrx_word' id='word_1_853' title='bbox 2761 4498 2857 4551; x_wconf 89' lang='lat' dir='ltr'>sed</span> <span class='ocrx_word' id='word_1_854' title='bbox 2889 4497 3045 4552; x_wconf 90' lang='lat' dir='ltr'>etiam</span> <span class='ocrx_word' id='word_1_855' title='bbox 3078 4497 3283 4562; x_wconf 85' lang='lat' dir='ltr'>dicere,</span> <span class='ocrx_word' id='word_1_856' title='bbox 3332 4505 3383 4551; x_wconf 88' lang='lat' dir='ltr'>et</span> <span class='ocrx_word' id='word_1_857' title='bbox 3425 4514 3572 4569; x_wconf 69' lang='lat' dir='ltr'>prae-</span> 
     </span>
    </p>
   </div>
   <div class='ocr_carea' id='block_1_108' title="bbox 1978 4585 3573 4657">
    <p class='ocr_par' dir='ltr' id='par_1_108' title="bbox 1978 4585 3573 4657">
     <span class='ocr_line' id='line_1_108' title="bbox 1978 4585 3573 4657; baseline 0.001 -16"><span class='ocrx_word' id='word_1_858' title='bbox 1978 4588 2160 4642; x_wconf 89' lang='lat' dir='ltr'>dicare</span> <span class='ocrx_word' id='word_1_859' title='bbox 2190 4588 2294 4642; x_wconf 91' lang='lat' dir='ltr'>hoc</span> <span class='ocrx_word' id='word_1_860' title='bbox 2324 4586 2461 4652; x_wconf 88' lang='lat' dir='ltr'>aliis,</span> <span class='ocrx_word' id='word_1_861' title='bbox 2486 4587 2953 4657; x_wconf 80' lang='lat' dir='ltr'>faciamusmala,</span> <span class='ocrx_word' id='word_1_862' title='bbox 2982 4585 3037 4640; x_wconf 92' lang='lat' dir='ltr'>id</span> <span class='ocrx_word' id='word_1_863' title='bbox 3068 4593 3151 4641; x_wconf 89' lang='lat' dir='ltr'>est</span> <span class='ocrx_word' id='word_1_864' title='bbox 3180 4586 3421 4641; x_wconf 90' lang='lat' dir='ltr'>certatim</span> <span class='ocrx_word' id='word_1_865' title='bbox 3445 4602 3573 4657; x_wconf 83' lang='lat' dir='ltr'>pec-</span> 
     </span>
    </p>
   </div>
   <div class='ocr_carea' id='block_1_109' title="bbox 1980 4673 3570 4746">
    <p class='ocr_par' dir='ltr' id='par_1_109' title="bbox 1980 4673 3570 4746">
     <span class='ocr_line' id='line_1_109' title="bbox 1980 4673 3570 4746; baseline 0 -16"><span class='ocrx_word' id='word_1_866' title='bbox 1980 4690 2185 4743; x_wconf 91' lang='lat' dir='ltr'>cemus,</span> <span class='ocrx_word' id='word_1_867' title='bbox 2217 4678 2281 4731; x_wconf 87' lang='lat' dir='ltr'>ut</span> <span class='ocrx_word' id='word_1_868' title='bbox 2294 4675 2528 4730; x_wconf 82' lang='lat' dir='ltr'>veniant</span> <span class='ocrx_word' id='word_1_869' title='bbox 2556 4675 2717 4739; x_wconf 80' lang='lat' dir='ltr'>bona,</span> <span class='ocrx_word' id='word_1_870' title='bbox 2738 4673 2792 4728; x_wconf 93' lang='lat' dir='ltr'>id</span> <span class='ocrx_word' id='word_1_871' title='bbox 2824 4682 2905 4728; x_wconf 89' lang='lat' dir='ltr'>est</span> <span class='ocrx_word' id='word_1_872' title='bbox 2934 4682 2992 4728; x_wconf 91' lang='lat' dir='ltr'>ut</span> <span class='ocrx_word' id='word_1_873' title='bbox 3014 4675 3158 4730; x_wconf 91' lang='lat' dir='ltr'>Deus</span> <span class='ocrx_word' id='word_1_874' title='bbox 3189 4674 3387 4729; x_wconf 87' lang='lat' dir='ltr'>habeat</span> <span class='ocrx_word' id='word_1_875' title='bbox 3425 4676 3570 4746; x_wconf 93' lang='lat' dir='ltr'>quod</span> 
     </span>
    </p>
   </div>
   <div class='ocr_carea' id='block_1_110' title="bbox 1978 4762 3571 4836">
    <p class='ocr_par' dir='ltr' id='par_1_110' title="bbox 1978 4762 3571 4836">
     <span class='ocr_line' id='line_1_110' title="bbox 1978 4762 3571 4836; baseline 0.001 -19"><span class='ocrx_word' id='word_1_876' title='bbox 1978 4762 2348 4834; x_wconf 90' lang='lat' dir='ltr'>multipliciter</span> <span class='ocrx_word' id='word_1_877' title='bbox 2391 4762 2640 4817; x_wconf 90' lang='lat' dir='ltr'>remittat.</span> <span class='ocrx_word' id='word_1_878' title='bbox 2700 4764 3003 4819; x_wconf 84' lang='lat' dir='ltr'>Damnatio</span> <span class='ocrx_word' id='word_1_879' title='bbox 3068 4779 3303 4836; x_wconf 88' lang='lat' dir='ltr'>quorum</span> <span class='ocrx_word' id='word_1_880' title='bbox 3349 4763 3424 4818; x_wconf 90' lang='lat' dir='ltr'>ita</span> <span class='ocrx_word' id='word_1_881' title='bbox 3469 4780 3571 4820; x_wconf 88' lang='lat' dir='ltr'>nos</span> 
     </span>
    </p>
   </div>
   <div class='ocr_carea' id='block_1_111' title="bbox 1979 4850 3572 4923">
    <p class='ocr_par' dir='ltr' id='par_1_111' title="bbox 1979 4850 3572 4923">
     <span class='ocr_line' id='line_1_111' title="bbox 1979 4850 3572 4923; baseline 0.003 -19"><span class='ocrx_word' id='word_1_882' title='bbox 1979 4850 2466 4921; x_wconf 90' lang='lat' dir='ltr'>blasphemantium</span> <span class='ocrx_word' id='word_1_883' title='bbox 2488 4854 2649 4923; x_wconf 88' lang='lat' dir='ltr'>justa</span> <span class='ocrx_word' id='word_1_884' title='bbox 2679 4854 2785 4918; x_wconf 87' lang='lat' dir='ltr'>est,</span> <span class='ocrx_word' id='word_1_885' title='bbox 2844 4851 2899 4905; x_wconf 92' lang='lat' dir='ltr'>id</span> <span class='ocrx_word' id='word_1_886' title='bbox 2957 4859 3038 4907; x_wconf 89' lang='lat' dir='ltr'>est</span> <span class='ocrx_word' id='word_1_887' title='bbox 3084 4853 3228 4920; x_wconf 87' lang='lat' dir='ltr'>juste</span> <span class='ocrx_word' id='word_1_888' title='bbox 3278 4852 3572 4908; x_wconf 87' lang='lat' dir='ltr'>damnandi</span> 
     </span>
    </p>
   </div>
   <div class='ocr_carea' id='block_1_112' title="bbox 1980 4938 3569 5011">
    <p class='ocr_par' dir='ltr' id='par_1_112' title="bbox 1980 4938 3569 5011">
     <span class='ocr_line' id='line_1_112' title="bbox 1980 4938 3569 5011; baseline 0.002 -18"><span class='ocrx_word' id='word_1_889' title='bbox 1980 4947 2101 4993; x_wconf 88' lang='lat' dir='ltr'>sunt</span> <span class='ocrx_word' id='word_1_890' title='bbox 2131 4955 2230 5010; x_wconf 92' lang='lat' dir='ltr'>pro</span> <span class='ocrx_word' id='word_1_891' title='bbox 2259 4940 2359 4994; x_wconf 90' lang='lat' dir='ltr'>hac</span> <span class='ocrx_word' id='word_1_892' title='bbox 2416 4939 2768 5011; x_wconf 91' lang='lat' dir='ltr'>blasphemia.</span> <span class='ocrx_word' id='word_1_893' title='bbox 2805 4938 2943 5008; x_wconf 90' lang='lat' dir='ltr'>Quia</span> <span class='ocrx_word' id='word_1_894' title='bbox 2975 4940 3019 4993; x_wconf 92' lang='lat' dir='ltr'>si</span> <span class='ocrx_word' id='word_1_895' title='bbox 3041 4956 3141 5011; x_wconf 90' lang='lat' dir='ltr'>pro</span> <span class='ocrx_word' id='word_1_896' title='bbox 3172 4949 3392 5011; x_wconf 90' lang='lat' dir='ltr'>peccato</span> <span class='ocrx_word' id='word_1_897' title='bbox 3446 4942 3569 4995; x_wconf 88' lang='lat' dir='ltr'>bla-</span> 
     </span>
    </p>
   </div>
   <div class='ocr_carea' id='block_1_113' title="bbox 1979 5028 3571 5102">
    <p class='ocr_par' dir='ltr' id='par_1_113' title="bbox 1979 5028 3571 5102">
     <span class='ocr_line' id='line_1_113' title="bbox 1979 5028 3571 5102; baseline 0.002 -20"><span class='ocrx_word' id='word_1_898' title='bbox 1979 5028 2238 5099; x_wconf 66' lang='lat' dir='ltr'>sphemiae</span> <span class='ocrx_word' id='word_1_899' title='bbox 2261 5028 2447 5097; x_wconf 91' lang='lat' dir='ltr'>judico</span> <span class='ocrx_word' id='word_1_900' title='bbox 2474 5030 2571 5083; x_wconf 90' lang='lat' dir='ltr'>hos</span> <span class='ocrx_word' id='word_1_901' title='bbox 2596 5029 2796 5083; x_wconf 90' lang='lat' dir='ltr'>debere</span> <span class='ocrx_word' id='word_1_902' title='bbox 2845 5028 3116 5099; x_wconf 90' lang='lat' dir='ltr'>damnari,</span> <span class='ocrx_word' id='word_1_903' title='bbox 3167 5037 3377 5085; x_wconf 90' lang='lat' dir='ltr'>constat</span> <span class='ocrx_word' id='word_1_904' title='bbox 3427 5029 3571 5102; x_wconf 91' lang='lat' dir='ltr'>quod</span> 
     </span>
    </p>
   </div>
   <div class='ocr_carea' id='block_1_114' title="bbox 1977 5117 3572 5189">
    <p class='ocr_par' dir='ltr' id='par_1_114' title="bbox 1977 5117 3572 5189">
     <span class='ocr_line' id='line_1_114' title="bbox 1977 5117 3572 5189; baseline 0.002 -19"><span class='ocrx_word' id='word_1_905' title='bbox 1977 5133 2085 5171; x_wconf 92' lang='lat' dir='ltr'>non</span> <span class='ocrx_word' id='word_1_906' title='bbox 2116 5117 2352 5187; x_wconf 72' lang='lat' dir='ltr'>praedico</span> <span class='ocrx_word' id='word_1_907' title='bbox 2382 5117 2529 5187; x_wconf 89' lang='lat' dir='ltr'>quod</span> <span class='ocrx_word' id='word_1_908' title='bbox 2558 5133 2784 5187; x_wconf 87' lang='lat' dir='ltr'>peccare</span> <span class='ocrx_word' id='word_1_909' title='bbox 2815 5118 3019 5172; x_wconf 89' lang='lat' dir='ltr'>bonum</span> <span class='ocrx_word' id='word_1_910' title='bbox 3051 5118 3138 5171; x_wconf 93' lang='lat' dir='ltr'>sit.</span> <span class='ocrx_word' id='word_1_911' title='bbox 3174 5118 3237 5173; x_wconf 88' lang='lat' dir='ltr'>Hi</span> <span class='ocrx_word' id='word_1_912' title='bbox 3269 5128 3450 5173; x_wconf 90' lang='lat' dir='ltr'>autem</span> <span class='ocrx_word' id='word_1_913' title='bbox 3481 5118 3572 5189; x_wconf 88' lang='lat' dir='ltr'>qui</span> 
     </span>
    </p>
   </div>
   <div class='ocr_carea' id='block_1_115' title="bbox 1979 5205 3571 5272">
    <p class='ocr_par' dir='ltr' id='par_1_115' title="bbox 1979 5205 3571 5272">
     <span class='ocr_line' id='line_1_115' title="bbox 1979 5205 3571 5272; baseline 0.001 -13"><span class='ocrx_word' id='word_1_914' title='bbox 1979 5205 2058 5261; x_wconf 88' lang='lat' dir='ltr'>sic</span> <span class='ocrx_word' id='word_1_915' title='bbox 2086 5205 2391 5260; x_wconf 90' lang='lat' dir='ltr'>sentiebant</span> <span class='ocrx_word' id='word_1_916' title='bbox 2418 5205 2485 5260; x_wconf 90' lang='lat' dir='ltr'>de</span> <span class='ocrx_word' id='word_1_917' title='bbox 2515 5205 2911 5272; x_wconf 89' lang='lat' dir='ltr'>misericordia,</span> <span class='ocrx_word' id='word_1_918' title='bbox 2945 5206 2999 5259; x_wconf 93' lang='lat' dir='ltr'>in</span> <span class='ocrx_word' id='word_1_919' title='bbox 3029 5206 3407 5262; x_wconf 90' lang='lat' dir='ltr'>misericordia</span> <span class='ocrx_word' id='word_1_920' title='bbox 3448 5222 3571 5262; x_wconf 91' lang='lat' dir='ltr'>esse</span> 
     </span>
    </p>
   </div>
   <div class='ocr_carea' id='block_1_116' title="bbox 1978 5293 3573 5367">
    <p class='ocr_par' dir='ltr' id='par_1_116' title="bbox 1978 5293 3573 5367">
     <span class='ocr_line' id='line_1_116' title="bbox 1978 5293 3573 5367; baseline 0 -19"><span class='ocrx_word' id='word_1_921' title='bbox 1978 5294 2208 5366; x_wconf 88' lang='lat' dir='ltr'>gratiam</span> <span class='ocrx_word' id='word_1_922' title='bbox 2239 5294 2336 5348; x_wconf 92' lang='lat' dir='ltr'>Dei</span> <span class='ocrx_word' id='word_1_923' title='bbox 2367 5294 2753 5366; x_wconf 66' lang='lat' dir='ltr'>praedicabant.</span> <span class='ocrx_word' id='word_1_924' title='bbox 2807 5293 2947 5363; x_wconf 89' lang='lat' dir='ltr'>Quia</span> <span class='ocrx_word' id='word_1_925' title='bbox 2995 5295 3242 5367; x_wconf 90' lang='lat' dir='ltr'>superius</span> <span class='ocrx_word' id='word_1_926' title='bbox 3287 5294 3573 5365; x_wconf 90' lang='lat' dir='ltr'>probatum</span> 
     </span>
    </p>
   </div>
   <div class='ocr_carea' id='block_1_117' title="bbox 1978 5382 3574 5453">
    <p class='ocr_par' dir='ltr' id='par_1_117' title="bbox 1978 5382 3574 5453">
     <span class='ocr_line' id='line_1_117' title="bbox 1978 5382 3574 5453; baseline -0.001 -14"><span class='ocrx_word' id='word_1_927' title='bbox 1978 5391 2059 5439; x_wconf 90' lang='lat' dir='ltr'>est</span> <span class='ocrx_word' id='word_1_928' title='bbox 2102 5399 2319 5440; x_wconf 89' lang='lat' dir='ltr'>omnem</span> <span class='ocrx_word' id='word_1_929' title='bbox 2366 5383 2639 5440; x_wconf 91' lang='lat' dir='ltr'>hominem</span> <span class='ocrx_word' id='word_1_930' title='bbox 2688 5400 2811 5439; x_wconf 91' lang='lat' dir='ltr'>esse</span> <span class='ocrx_word' id='word_1_931' title='bbox 2858 5384 3198 5453; x_wconf 89' lang='lat' dir='ltr'>mendacem,</span> <span class='ocrx_word' id='word_1_932' title='bbox 3231 5391 3280 5436; x_wconf 91' lang='lat' dir='ltr'>et</span> <span class='ocrx_word' id='word_1_933' title='bbox 3326 5382 3574 5438; x_wconf 77' lang='lat' dir='ltr'>Judaeum</span> 
     </span>
    </p>
   </div>
  </div>
