3960 6036
330 190 396 241 39
862 186 922 241 S.
980 186 1333 243 BRUNONIS
1372 186 2019 244 CARTIIUSIANORUM
2059 187 2540 244 INSTITUTORIS
2581 187 2729 243 OPP.
2774 188 2970 243 PARS.
3018 190 3084 243 If.
3556 195 3623 245 40

323 319 375 366 et
405 310 681 384 gentilem,
716 311 896 382 igitur,
929 327 962 366 o
991 313 1196 376 Judaae,
1230 313 1318 367 dic
1346 312 1497 377 mihi,
1531 313 1681 385 quid,
1733 312 1787 366 id
1836 320 1918 367 est
1940 316 1990 373 Α
2020 320 2224 379 rentur,
2254 320 2435 366 tamen
2462 312 2710 367 timorem
2732 313 2832 367 Dei
2849 320 2975 367 tunc
3004 328 3114 367 non
3141 312 3449 368 habuerunt
3478 322 3621 381 ante,

328 417 448 471 quae
477 415 643 456 causa
674 408 755 455 est
787 417 954 471 quare
985 401 1297 471 praecellere
1327 402 1623 456 debeamus
1662 418 1774 468 eos,
1811 401 1922 456 sci-

327 489 451 544 licet
495 489 726 559 gentiles
774 490 828 542 in
897 490 1288 545 salvationem?
1340 492 1698 562 Nequaquam
1740 490 1923 561 utique

321 580 701 650 praecellimus
715 578 973 633 eos.Vere
991 594 1095 633 non
1109 578 1492 648 praecellimus.
1520 582 1589 634 Ca
1600 580 1748 634 usati
1769 581 1922 633 enim

329 683 546 732 sumus,
580 667 634 720 id
664 674 747 721 est
802 665 1251 721 convenientibus
1308 666 1485 722 causis
1516 675 1567 721 et
1622 667 1922 721 rationibus

324 754 799 825 comprobavimus
818 755 1034 812 Iudaeos
1066 760 1120 810 et
1151 758 1393 827 gentiles
1413 772 1603 811 omnes
1626 756 1923 823 (neminem

326 844 555 914 excipio)
589 860 705 899 esse
736 859 845 898 non
872 843 1048 898 solum
1078 843 1131 896 in
1160 852 1405 913 peccato,
1440 844 1535 899 sed
1565 843 1637 898 ita
1668 844 1767 899 sub
1794 860 1922 916 pec-

323 937 448 988 cato
478 932 788 1003 depressos,
823 932 967 1002 quod
998 947 1157 985 nemo
1180 948 1278 1001 per
1308 949 1367 987 se
1400 940 1583 1002 posset
1613 948 1917 1003 resurgere,

328 1021 444 1076 sine
474 1020 645 1093 gratia
679 1020 960 1089 adjutrice.
995 1021 1191 1074 Probat
1219 1020 1286 1075 de
1316 1020 1518 1075 Iudaeis
1548 1021 1693 1092 quod
1732 1036 1922 1075 omnes

329 1109 428 1165 sub
458 1117 683 1179 peccato
714 1109 836 1172 sint,
874 1109 1061 1163 dicens
1098 1124 1108 1161 :
1145 1110 1203 1163 In
1237 1125 1302 1163 eo
1357 1115 1498 1181 quod
1550 1110 1673 1165 dico
1730 1125 1920 1164 omnes

334 1197 492 1254 22
523 1197 739 1252 Iudaeos
771 1196 872 1250 sub
900 1205 1129 1266 peccato
1151 1214 1291 1264 esse,
1314 1197 1595 1268 Scriptura
1624 1198 1753 1251 mihi
1777 1198 1923 1252 testi-

329 1286 572 1341 monium
584 1285 846 1356 perhibet.
873 1286 985 1339 Hoc
1003 1285 1146 1339 enim
1163 1301 1350 1341 assero
1368 1288 1515 1341 sicut
1536 1288 1812 1358 scriptum
1833 1290 1919 1341 est

325 1374 380 1427 in
411 1374 652 1444 psalmo:
687 1375 817 1446 quia
837 1389 951 1428 non
969 1377 1053 1429 est
1076 1374 1273 1443 justus
1290 1375 1601 1445 quisquam.
1629 1374 1763 1428 Illud
1794 1374 1920 1445 quia

324 1463 379 1516 in
409 1462 601 1518 ordine
631 1462 825 1533 psalmi
856 1462 1074 1534 legitur,
1107 1478 1215 1517 non
1255 1470 1335 1517 est
1391 1463 1574 1532 utique
1632 1463 1916 1533 quisquam

318 1553 516 1621 justus,
549 1552 604 1607 id
634 1559 715 1607 est
747 1552 1009 1606 deserens
1065 1551 1263 1605 malum
1323 1559 1375 1605 et
1431 1551 1636 1606 faciens
1691 1551 1913 1618 bonum,

322 1642 391 1695 Et
420 1642 523 1696 hoc
554 1640 696 1707 ideo,
729 1640 856 1711 quia
874 1657 987 1697 non
1001 1645 1087 1695 est
1106 1639 1388 1711 quisquam
1406 1640 1752 1711 intelligens.
1787 1640 1915 1694 Ideo
1936 1673 1989 1734 Β

321 1737 502 1784 autem
534 1745 643 1784 non
671 1728 1132 1801 intelligunt,quia
1161 1745 1275 1783 non
1306 1733 1391 1783 est
1422 1728 1705 1799 quisquam
1736 1729 1921 1799 requi-

321 1835 455 1874 rens
480 1820 677 1873 Deum.
713 1816 853 1885 Quia
884 1817 929 1871 si
960 1818 1129 1871 Deum
1161 1816 1525 1887 requirerent,
1551 1816 1734 1887 utique
1764 1816 1922 1870 intel-

322 1907 575 1979 ligerent,
611 1914 664 1961 et
693 1906 1058 1977 intelligentes
1090 1905 1713 1973 sectarenturjustitiam.
1746 1906 1920 1960 Nemo

320 1995 377 2050 in
405 1995 606 2049 Judmis
626 1995 803 2064 justus
834 2002 935 2063 est,
966 1994 1062 2049 sed
1090 2010 1280 2049 omnes
1327 1994 1734 2069 declinaverunt
1777 1994 1920 2049 male

321 2083 599 2155 operando
632 2084 685 2137 in
716 2082 930 2153 seipsis.
966 2082 1126 2150 Quod
1180 2099 1281 2139 nec
1329 2082 1599 2138 sufficiens
1637 2081 1734 2136 fuit
1790 2082 1913 2148 illis,

322 2172 420 2227 sed
451 2172 611 2227 etiam
641 2174 786 2243 facti
821 2175 959 2227 sunt
1010 2172 1265 2240 inutiles,
1315 2170 1368 2225 id
1414 2179 1496 2225 est
1543 2170 1919 2241 depravationi

321 2259 551 2315 aliorum
580 2259 958 2315 intendentes:
993 2260 1085 2331 qui
1123 2260 1262 2314 adeo
1310 2259 1741 2326 declinaverunt,
1776 2259 1920 2330 quod

322 2366 439 2405 non
469 2354 553 2405 est
584 2349 726 2404 inter
754 2365 849 2405 eos
880 2351 975 2420 qui
1002 2350 1183 2420 faciat
1212 2349 1436 2404 bonum.

392 2438 508 2495 Nec
535 2438 655 2493 dico
684 2445 761 2504 ut,
793 2438 1039 2508 pluribus
1069 2452 1100 2491 a
1131 2437 1274 2492 bono
1323 2436 1579 2502 exclusis,
1639 2436 1806 2508 aliqui
1862 2436 1917 2490 in

320 2528 464 2583 bono
493 2535 843 2592 remaneant;
877 2526 973 2580 sed
1004 2542 1113 2581 non
1144 2533 1225 2580 est
1253 2526 1392 2580 inter
1418 2541 1515 2580 eos
1554 2524 1758 2579 faciens
1813 2525 1916 2580 bo-

319 2634 468 2687 num,
500 2616 679 2672 eundo
708 2632 881 2688 usque
910 2615 981 2671 ad
1008 2632 1189 2671 unum
1206 2614 1445 2685 (Psalm.
1476 2616 1601 2685 xm)
1628 2632 1641 2667 :
1666 2614 1788 2685 quia
1815 2629 1919 2670 nec

318 2723 458 2761 unus
490 2705 696 2761 faciens
726 2705 929 2759 bonum
951 2744 965 2773 ,
1011 2703 1153 2758 inter
1183 2718 1279 2757 eos
1309 2702 1647 2774 relinquitur.
1682 2702 1779 2756 Vel
1808 2718 1917 2757 non

319 2803 401 2850 est
430 2793 634 2849 faciens
666 2793 888 2859 bonum,
948 2793 1123 2848 donec
1152 2791 1402 2847 veniatur
1434 2791 1502 2845 ad
1533 2807 1718 2857 unum,
1752 2790 1806 2845 id
1837 2798 1918 2846 est

318 2884 387 2939 ad
418 2883 691 2938 Christum
720 2898 820 2952 per
857 2880 1041 2937 ﬁdem.
1093 2880 1195 2949 Qui
1227 2880 1371 2935 enim
1402 2878 1508 2935 fide
1550 2880 1617 2934 ad
1649 2879 1917 2934 Christum

317 2972 543 3039 venerit,
575 2972 663 3026 hic
692 2970 876 3042 utique
908 2969 1111 3024 bonum
1152 2968 1298 3024 facit.
1324 2969 1447 3023 Non
1494 2975 1575 3023 est
1613 2967 1668 3021 in
1716 2968 1794 3023 eis
1825 2967 1917 3039 qui

319 3062 520 3117 bonum
533 3059 821 3126 faciat,sed
832 3062 1033 3130 guttur
1044 3074 1237 3115 eorum
1251 3062 1333 3113 est
1349 3061 1550 3130 patens
1567 3058 1915 3129 sepulcrum;

319 3149 460 3223 quod
492 3148 723 3220 receptis
752 3147 1114 3204 cadaveribus
1144 3146 1289 3216 fetet,
1333 3153 1384 3201 et
1414 3146 1585 3201 adhuc
1641 3146 1709 3200 ad
1767 3146 1913 3201 reci-

318 3238 518 3310 pienda
548 3237 815 3293 cadavera
865 3243 1031 3306 patet.
1067 3235 1155 3290 Sic
1183 3235 1259 3288 illi
1292 3242 1344 3289 et
1374 3235 1443 3289 de
1474 3234 1748 3305 prioribus
1779 3250 1912 3304 pec-

316 3328 448 3383 catis
478 3326 663 3392 fetent,
698 3333 750 3380 et
804 3324 978 3379 adhuc
1008 3324 1077 3378 ad
1108 3324 1373 3394 patranda
1405 3324 1617 3379 scelera
1658 3322 1862 3377 inhiant
1896 3340 1909 3387 ;

324 3424 377 3471 et
411 3414 578 3487 (quod
608 3421 790 3484 aperte
824 3412 1002 3468 facere
1032 3427 1139 3466 non
1169 3414 1418 3483 possunt)
1444 3412 1683 3482 agebant
1706 3411 1912 3482 linguis

320 3506 436 3560 suis
466 3504 649 3559 dolose
681 3504 857 3573 (Psal.
892 3516 1014 3567 xm,
1048 3506 1299 3570 cxxxrx),
1332 3500 1477 3555 aliud
1515 3500 1828 3573 cogitando,
1862 3507 1913 3553 et

317 3593 463 3647 aliud
498 3591 822 3657 simulando,
856 3596 913 3646 et
941 3590 1039 3646 sub
1072 3592 1232 3645 labiis
1264 3607 1458 3645 eorum
1488 3591 1677 3659 (Deut.
1714 3588 1908 3657 xxx"),

313 3682 368 3735 id
429 3689 511 3736 est
565 3681 620 3734 in
650 3680 815 3735 corde
872 3678 1017 3750 quod
1068 3686 1150 3733 est
1181 3678 1279 3732 sub
1310 3678 1487 3745 labiis,
1521 3686 1604 3731 est
1636 3692 1911 3732 venenum

317 3770 574 3842 aspidum
595 3766 914 3823 insanabile
936 3788 953 3822 :
972 3767 1099 3837 quia
1118 3782 1297 3830 nemo,
1315 3766 1555 3837 quandiu
1577 3764 1913 3821 consenserit

316 3858 443 3924 illis,
468 3865 593 3927 pote
606 3857 671 3910 rit
700 3856 975 3911 sanari.0s
990 3872 1226 3927 quorum
1255 3856 1805 3926 Judaeorumplenum
1826 3857 1911 3909 est

318 3946 735 4000 maledictione.
773 3943 1169 3999 Maledicebant
1196 3942 1338 3998 enim
1382 3943 1615 4009 Christo,
1665 3942 1910 3996 dicentes

321 4050 446 4088 eum
476 4032 641 4087 filium
672 4032 828 4097 fabri,
864 4040 917 4086 et
946 4032 1163 4086 similia.
1200 4032 1419 4086 Plenum
1468 4039 1549 4086 est
1604 4030 1765 4085 etiam
1815 4045 1911 4084 eos

318 4138 506 4177 eorum
535 4120 921 4176 amaritudine
951 4122 1186 4189 (Psalm.
1204 4123 1306 4189 ix).
1342 4123 1543 4175 Amara
1556 4119 1725 4173 verba
1754 4118 1908 4172 dice-

317 4211 468 4277 bant,
502 4208 855 4265 inclamantes
890 4223 902 4261 :
941 4207 1230 4279 Cruciﬁge,
1276 4208 1539 4278 cruciﬁge
1560 4224 1687 4263 eum
1715 4207 1905 4276 (Mare.

316 4314 374 4368 χ,
405 4306 456 4353 et
484 4299 618 4353 Luc.
650 4297 837 4368 xxur).
873 4298 936 4350 Et
965 4295 1147 4368 pedes,
1171 4296 1226 4349 id
1258 4303 1339 4350 est
1369 4295 1685 4351 affectiones
1715 4310 1909 4349 eorum

2023 401 2119 455 sed
2150 409 2271 471 post
2302 401 2510 463 oculos,
2546 401 2671 472 quia
2725 410 3188 472 contempserunt.
3251 402 3467 457 Diceret
3510 403 3640 464 for-,

2021 490 2179 543 tassis
2209 490 2429 544 Iudaeus
2469 491 2583 545 lliPC
2649 490 2787 544 dicta
2845 507 2966 545 esse
3024 491 3091 545 de
3138 491 3353 563 gentili.
3422 493 3625 548 Contra

2020 579 2165 648 quod
2198 579 2395 632 Paulus
2429 594 2440 632 :
2478 579 2571 645 Tu,
2606 579 2842 646 Iudaeus,
2894 579 3139 633 fortassis
3172 579 3450 634 arbitraris
3507 582 3623 637 hzec

2021 682 2128 720 non
2159 683 2281 721 esse
2312 667 2453 723 dicta
2483 668 2550 721 de
2582 675 2669 732 te;
2705 668 2802 722 sed
2833 684 2937 740 ego
2982 676 3033 722 et
3091 668 3396 739 quicunque
3455 670 3628 724 sancti

2020 755 2246 820 scimus,
2305 755 2603 809 auctoritati
2661 772 2892 827 quorum
2948 771 3058 811 non
3107 764 3190 810 est
3250 757 3622 827 obnitendum,

2023 843 2223 898 scimus
2250 843 2434 915 utique
2461 846 2727 916 quoniam
2758 862 3098 917 quacunque
3135 846 3385 916 loquitur
3420 847 3533 915 lex,
3570 846 3628 901 id

2020 941 2101 985 est
2131 932 2372 1001 psalmus
2401 932 2521 1000 iste,
2551 934 2738 1003 procul
2768 933 2933 988 dubio
2965 935 3214 1005 loquitur
3246 934 3331 988 his
3361 936 3457 1006 qui
3487 940 3625 989 sunt

2020 1021 2083 1074 in
2116 1020 2321 1092 lcgc,id
2350 1029 2431 1075 est
2458 1021 2658 1076 Judaais
2679 1041 2691 1087 ;
2716 1023 2819 1076 hoc
2840 1038 2941 1076 nos
2974 1022 3115 1076 scire
3145 1022 3395 1090 dicimus,
3429 1028 3493 1077 ut
3525 1040 3625 1093 per

2020 1110 2124 1164 hoc
2152 1109 2355 1164 dictum
2378 1110 2709 1165 obstruetur
2730 1126 2893 1166 omne
2909 1126 2985 1165 os.
3002 1111 3187 1164 Judan
3206 1111 3348 1165 enim
3373 1111 3624 1166 convicto

2019 1212 2128 1251 non
2161 1204 2243 1252 est
2277 1197 2368 1268 qui
2428 1206 2714 1268 repugnet,
2775 1214 2899 1253 cum
2953 1198 3211 1269 gentilem
3272 1199 3372 1252 sub
3402 1207 3625 1269 peccato

2020 1302 2128 1340 non
2159 1284 2383 1340 dubium
2415 1286 2481 1339 sit
2511 1286 2623 1341 ulli.
2656 1287 2725 1340 Et
2755 1286 2833 1341 sic
2856 1286 3119 1341 convictis
3148 1287 3400 1341 omnibus
3429 1287 3623 1343 subdi-

2019 1378 2109 1429 tus
2138 1374 2242 1442 ﬁat
2273 1376 2455 1431 omnis
2477 1376 2865 1441 mundus,tam
2886 1375 2939 1427 in
2968 1376 3170 1429 Judaeis
3202 1392 3362 1446 quam
3392 1376 3449 1429 in
3479 1392 3621 1448 gen-

2019 1462 2219 1529 tilibus,
2247 1465 2355 1518 Deo
2376 1484 2394 1529 ;
2412 1463 2465 1517 id
2497 1470 2579 1517 est
2599 1462 2954 1517 confiteantur
2970 1479 3159 1518 omnes
3172 1480 3270 1534 per
3300 1464 3474 1518 solam
3495 1480 3622 1535 gra-

2017 1550 2145 1604 tiam
2176 1551 2275 1605 Dei
2306 1567 2365 1605 se
2395 1551 2613 1606 salvari.
2648 1552 2715 1604 Et
2742 1552 2946 1619 justum
2975 1559 3056 1606 est
3088 1560 3144 1605 ut
3175 1552 3352 1606 omnis
3385 1553 3620 1607 mundus

2018 1639 2265 1693 subditus
2296 1639 2360 1693 sit
2391 1641 2525 1705 Deo,
2560 1648 2612 1694 et
2642 1656 2801 1695 nemo
2832 1639 2978 1710 legi;
3012 1642 3280 1711 quoniam
3302 1658 3417 1697 non
3444 1642 3621 1710 justi-

2019 1729 2283 1795 ﬁcabitur
2311 1730 2516 1800 aliquis
2547 1745 2620 1784 ea;
2650 1729 2906 1800 operibus
2939 1730 3072 1800 legis
3103 1746 3292 1785 coram
3337 1732 3463 1797 Deo,
3517 1730 3621 1784 etsi

2020 1816 2075 1870 in
2102 1815 2274 1872 oculis
2303 1816 2582 1871 hominum
2606 1818 2783 1885 justus
2841 1817 3108 1872 Videatur.
3143 1816 3251 1872 Sed
3301 1818 3477 1872 omnis
3527 1817 3621 1889 qui

2021 1911 2102 1959 est
2131 1904 2186 1958 in
2215 1904 2337 1976 lege
2368 1913 2645 1975 permanet
2672 1906 2747 1959 ibi
2778 1921 2927 1971 caro,
2963 1905 3017 1959 id
3050 1913 3132 1960 est
3175 1906 3427 1961 carnalis.
3479 1907 3624 1961 Vere

2020 2010 2180 2048 nemo
2192 1992 2576 2062 justificabitur
2597 2011 2663 2049 ex
2676 1994 2929 2064 operibus
2961 1993 3123 2066 legis.
3159 1995 3299 2049 Nam
3326 2012 3425 2067 per
3448 1995 3623 2065 legem

2017 2083 2242 2137 habetur
2297 2085 2539 2153 cognitio
2582 2084 2823 2154 peccati,
2860 2090 2910 2138 et
2939 2098 3047 2137 non
3071 2082 3380 2151 justificatio
3413 2099 3443 2137 a
3489 2098 3619 2154 pec~

2016 2170 2167 2227 catis.
2201 2170 2340 2238 Quia
2369 2171 2414 2224 si
2444 2170 2629 2242 aliqui,
2663 2180 2719 2225 ut
2750 2172 2961 2241 Moyses
2992 2178 3045 2225 et
3102 2171 3297 2240 David,
3349 2172 3449 2225 sub
3498 2171 3622 2244 lege

2011 2259 2287 2328 justificati
2316 2268 2458 2326 sunt,
2492 2276 2601 2314 non
2630 2261 2731 2315 hoc
2760 2260 3063 2313 habuerunt
3094 2276 3159 2314 ex
3208 2259 3350 2331 lege,
3378 2260 3473 2314 sed
3520 2276 3623 2330 per

2018 2347 2182 2403 fidem
2214 2348 2430 2416 Christi,
2467 2365 2627 2419 quem
2658 2348 3078 2418 Redemptorem
3109 2348 3403 2403 credebant
3432 2356 3483 2403 et
3522 2365 3622 2403 ex-

2019 2438 2352 2506 spectabant.
2388 2437 2477 2493 Sic
2507 2453 2696 2492 omnes
2716 2437 2848 2506 justi
2879 2437 2980 2491 sub
3010 2437 3183 2492 veteri
3213 2437 3336 2509 lege
3374 2453 3483 2492 non
3520 2453 3623 2508 per

2014 2525 2217 2597 legem,
2252 2526 2349 2580 sed
2379 2542 2478 2596 per
2506 2526 2779 2580 Christum
2802 2523 3081 2594 justiﬁcati
3110 2534 3250 2592 sunt,
3287 2542 3449 2598 quem
3496 2541 3621 2582 cre-

2017 2614 2209 2669 dentes
2239 2615 2627 2685 exspectabant
2656 2622 2961 2669 venturum.

2086 2703 2227 2757 Nota
2262 2718 2273 2757 :
2308 2703 2363 2757 in
2392 2703 2567 2773 prima
2598 2703 2907 2759 conditione
2935 2704 3189 2772 hominis,
3222 2704 3383 2759 homo
3433 2720 3622 2774 super-

2016 2790 2214 2846 biendo
2234 2790 2388 2847 23
2412 2791 2605 2847 cecidit
2626 2812 2642 2859 ;
2667 2808 2826 2864 quem
2858 2792 3005 2848 Deus
3038 2793 3129 2847 diu
3163 2791 3513 2863 exspectavit,
3539 2799 3617 2858 ut,

2016 2880 2062 2934 si
2092 2888 2296 2950 posset,
2330 2896 2429 2950 per
2459 2881 2757 2936 naturalem
2776 2881 3111 2948 intellectum
3149 2889 3480 2953 resurgeret.
3536 2880 3619 2935 Ad

2017 2970 2161 3040 quod
2187 2977 2475 3041 postquam
2504 2970 2667 3024 homo
2700 2986 2758 3024 se
2788 2969 3123 3027 inefficacem
3152 2970 3436 3042 comperit,
3488 2968 3622 3023 dixit

2018 3057 2161 3129 quia,
2196 3058 2241 3111 si
2270 3057 2449 3129 legem
2478 3058 2726 3124 haberet,
2760 3075 2860 3129 per
2888 3076 3046 3130 quam
3076 3060 3216 3114 mala
3272 3074 3301 3112 a
3332 3058 3507 3123 bonis,
3561 3065 3616 3112 et

2016 3162 2044 3200 e
2075 3160 2338 3201 converso
2365 3146 2505 3201 bona
2534 3162 2566 3200 a
2594 3146 2749 3200 malis
2781 3147 3131 3214 discerneret,
3168 3147 3246 3202 sic
3275 3146 3492 3199 tandem
3524 3161 3618 3200 re-

2014 3250 2237 3306 surgere
2266 3242 2470 3305 posset.
2504 3236 2649 3289 Deus
2679 3243 2876 3297 autem,
2908 3244 2963 3290 ut
2992 3236 3267 3291 hominem
3288 3234 3489 3304 ubique
3519 3250 3619 3304 per

2014 3339 2073 3378 se
2103 3322 2456 3393 impotentem
2484 3324 2816 3391 ostenderet,
2848 3324 2997 3379 dedit
3026 3325 3205 3396 legem
3237 3340 3340 3394 qua
3389 3323 3535 3377 bona
3588 3337 3621 3376 a

2013 3412 2173 3466 malis
2202 3412 2512 3467 discernere
2542 3421 2727 3483 posset
2762 3432 2774 3479 ;
2810 3430 2911 3469 nec
2941 3421 3123 3469 tamen
3155 3413 3233 3468 sic
3261 3412 3480 3467 liberari
3510 3427 3616 3482 po-

2012 3500 2130 3554 tuit.
2167 3502 2314 3555 Deus
2344 3501 2524 3572 utique
2554 3501 2631 3556 sic
2662 3501 2897 3556 futurum
2931 3503 2999 3557 de
3047 3501 3264 3557 homine
3323 3501 3461 3555 bene
3519 3516 3619 3555 co-

2012 3598 2293 3660 gnoverat,
2327 3590 2425 3644 sed
2455 3605 2556 3660 pro
2584 3598 2709 3645 voto
2738 3590 2971 3645 hominis
3002 3599 3051 3645 et
3109 3590 3407 3643 naturalem
3454 3589 3618 3644 intel—

2011 3678 2209 3733 lectum
2249 3677 2467 3743 dimisit,
2503 3686 2556 3732 et
2605 3686 2793 3748 postea
2849 3679 3029 3751 legem
3086 3678 3326 3745 indulsit,
3387 3686 3458 3738 ut,
3522 3693 3620 3747 per

2012 3767 2127 3821 haec
2156 3781 2419 3821 concessa
2448 3782 2557 3820 non
2586 3767 2864 3831 liberatus,
2898 3767 3148 3822 crederet
3198 3782 3256 3821 se
3307 3766 3437 3819 nihil
3494 3781 3618 3821 esse

2010 3871 2107 3924 per
2135 3872 2211 3920 se,
2248 3863 2299 3909 et
2329 3854 2407 3909 sic
2427 3855 2495 3908 ad
2518 3855 2748 3927 gratiam
2780 3855 2877 3909 Dei
2903 3855 3241 3925 confugeret,
3277 3871 3435 3925 quam
3469 3856 3616 3909 Deus

2010 3951 2133 4013 post
2162 3943 2466 3998 naturalem
2495 3944 2846 4009 intellectum,
2881 3952 3002 4013 post
3032 3944 3230 4016 legem,
3268 3959 3387 4014 qua}
3430 3943 3499 3996 ad
3520 3942 3617 4011 ju—

2011 4030 2386 4086 stificationem
2415 4047 2522 4085 non
2555 4031 2910 4098 sufficiebant,
2959 4032 3342 4086 convenienter
3371 4030 3613 4098 indulsit,

2010 4128 2291 4191 postquam
2303 4120 2415 4188 jam
2438 4121 2727 4190 necputari
2756 4127 2966 4191 poterat
2997 4120 3140 4174 aliud
3154 4136 3328 4192 genus
3356 4119 3614 4175 salvatio-

2009 4208 2187 4262 nis.Et
2206 4208 2326 4278 quia
2341 4225 2440 4279 per
2455 4208 2634 4280 legem
2661 4208 2776 4262 sola
2789 4208 3029 4280 cognitio
3047 4208 3447 4280 peccati,igitur
3459 4225 3616 4263 nunc

2008 4296 2225 4351 tandem
2240 4299 2343 4352 hoc
2356 4305 2597 4363 ostenso,
2616 4298 2926 4367 manifesta
2930 4298 2960 4367 j
2966 4298 3163 4352 ustitia
3178 4300 3261 4351 est
3274 4297 3373 4351 Dei
3386 4297 3509 4351 sine
3531 4298 3616 4351 le-

315 4387 645 4452 Judteorum,
672 4393 796 4440 sunt
812 4387 1022 4441 veloces
1042 4386 1112 4440 ad
1133 4384 1536 4455 effundendum
1548 4382 1902 4454 sanguinem,
1927 4394 1979 4452 1)
2009 4402 2092 4456 ge,
2126 4385 2181 4440 id
2210 4394 2291 4440 est
2320 4394 2563 4456 apertum
2589 4394 2669 4440 est
2690 4387 2863 4441 Deum
2874 4385 3169 4455 justificare
3187 4386 3493 4450 credentes,
3516 4402 3618 4455 per

314 4475 468 4531 Prius
498 4475 641 4530 enim
662 4474 936 4530 voluntate
982 4472 1281 4529 effuderunt
1310 4473 1629 4544 sanguinem
1688 4470 1904 4537 Christi,

316 4581 478 4636 quam
506 4572 645 4619 actu.
678 4565 745 4618 Et
776 4563 904 4635 quia
936 4562 1074 4618 adeo
1105 4561 1273 4633 iniqui
1296 4571 1437 4627 sunt,
1464 4562 1586 4616 ideo
1607 4562 1669 4616 in
1698 4559 1819 4625 viis,
1852 4561 1908 4615 id

319 4659 403 4708 est
432 4652 709 4723 operibus,
744 4668 937 4708 eorum
967 4655 1050 4707 est
1067 4652 1355 4717 contritio,
1392 4650 1446 4704 id
1478 4658 1559 4704 est
1590 4649 1791 4704 misera
1811 4665 1908 4720 per

316 4742 501 4797 orbem
559 4756 750 4796 eorum
809 4740 1099 4811 dispersio.
1159 4739 1303 4794 facta
1359 4755 1459 4809 per
1488 4738 1777 4794 Romanos.
1812 4740 1907 4793 Est

316 4829 475 4885 etiam
506 4828 559 4883 in
590 4828 845 4900 operibus
875 4844 1064 4884 eorum
1094 4828 1432 4899 infelicitas,
1474 4826 1529 4880 id
1559 4834 1641 4881 est
1694 4826 1906 4881 anima-

314 4935 436 4973 rum
466 4918 756 4984 damnatio,
790 4934 911 4989 quae
939 4917 1051 4972 sola
1091 4916 1375 4971 infelicitas
1429 4915 1663 4971 dicenda
1701 4924 1799 4971 est.
1842 4917 1909 4971 Et

314 5009 418 5063 hoc
456 5014 626 5062 totum
652 5006 749 5061 fuit
778 5007 857 5061 eis
887 5006 1028 5071 ideo,
1066 5004 1191 5075 quia
1220 5019 1554 5076 cognoscere
1593 5006 1906 5061 noluerunt

314 5098 463 5151 viam
481 5097 659 5168 pacis,
684 5095 739 5149 id
759 5103 841 5149 est
862 5094 1153 5157 Christum,
1176 5109 1276 5163 per
1297 5108 1457 5164 quem
1494 5092 1598 5147 itur
1624 5093 1692 5147 ad
1726 5110 1907 5148 veram

313 5199 521 5254 pacem.
556 5185 622 5238 Et
670 5183 808 5238 sicut
856 5198 960 5237 non
1003 5190 1379 5254 cognoverunt
1426 5198 1549 5237 eum
1598 5182 1903 5249 dilectione,

314 5273 393 5329 sic
423 5288 525 5328 nec
554 5271 717 5327 etiam
749 5271 959 5325 timore.
1002 5272 1121 5326 Non
1142 5275 1227 5325 est
1255 5270 1397 5325 enim
1433 5272 1603 5328 timor
1645 5272 1746 5326 Dei
1773 5276 1906 5327 ante

314 5362 504 5418 oculos
534 5375 727 5416 eorum
758 5379 776 5414 :
806 5358 930 5431 quia
952 5359 1165 5414 etiamsi
1194 5360 1248 5413 in
1278 5366 1466 5413 natura
1514 5360 1765 5414 timorem
1810 5359 1909 5413 Dei

317 5448 599 5519 haberent,
632 5456 685 5504 et
714 5449 888 5504 Deum
918 5446 1216 5504 timendum
1247 5464 1367 5504 esse
1398 5447 1539 5504 bene
1589 5447 1907 5504 reminisce-

2009 4475 2180 4529 solam
2198 4474 2427 4546 gratiam
2443 4475 2558 4529 sine
2575 4474 2720 4529 omni
2737 4474 3021 4545 lege.lllud
3034 4483 3213 4529 autem
3230 4474 3492 4528 illativum
3512 4483 3618 4529 est:

2009 4580 2129 4634 quae
2145 4564 2348 4633 justitia
2364 4563 2463 4618 Dei
2478 4564 2782 4632 testiﬁcata
2801 4571 2992 4634 estper
3020 4563 3253 4635 gratiam
3282 4561 3419 4627 fieri,
3444 4580 3476 4617 a
3501 4564 3617 4634 lege

2007 4652 2179 4723 Moysi
2200 4657 2257 4708 et
2278 4668 2309 4707 a
2327 4651 2535 4707 cmteris
2554 4652 2863 4724 prophetis.
2888 4651 3114 4707 Probato
3135 4651 3497 4722 quodjustitia
3516 4649 3615 4704 Dei

2008 4740 2100 4795 fiat
2117 4740 2232 4795 sine
2244 4741 2387 4811 lege,
2405 4740 2682 4813 subjungit
2698 4758 2799 4811 per
2816 4757 2938 4812 qua:
2954 4738 3046 4795 fiat
3064 4755 3074 4795 :
3091 4757 3191 4811 per
3207 4739 3367 4794 fidem
3382 4738 3608 4805 scilicet,

2008 4837 2060 4884 et
2090 4845 2186 4899 per
2214 4828 2533 4885 effusionem
2564 4829 2848 4900 sanguinis
2878 4829 3098 4895 Christi,
3132 4829 3317 4884 dicens
3354 4842 3364 4879 :
3398 4826 3611 4880 Justitia

2007 4918 2107 4973 Dei
2137 4933 2244 4972 non
2274 4916 2330 4971 fit
2360 4935 2458 4988 per
2485 4918 2683 4989 legem,
2721 4919 2818 4972 sed
2838 4917 2893 4971 tit
2915 4934 3019 4989 per
3038 4918 3202 4986 ﬁdem
3234 4918 3365 4971 Jesu
3400 4915 3614 4971 Christi

2006 5007 2069 5061 in
2099 5023 2292 5063 omnes
2314 5009 2443 5062 illos
2465 5008 2562 5078 qui
2591 5006 2850 5061 credunt.
2875 5005 3196 5078 Quicunque
3217 5004 3360 5060 enim
3382 5004 3436 5057 in
3458 5003 3611 5059 Chri-

2009 5102 2148 5149 stum
2178 5095 2371 5162 credit,
2399 5092 2782 5163 justiticabitur
2814 5110 2846 5149 a
2874 5095 3130 5165 peccatis,
3163 5098 3221 5150 et
3249 5094 3411 5148 etiam
3442 5086 3612 5164 super

2008 5199 2246 5250 omnes;
2294 5182 2422 5253 quia
2454 5181 2778 5251 justiticatus
2822 5200 3094 5254 nunquam
3154 5190 3361 5237 tantum
3415 5180 3610 5236 mereri

2006 5279 2201 5342 potest,
2252 5271 2383 5343 quin
2434 5271 2610 5342 gratia
2656 5271 2755 5325 Dei
2805 5271 3054 5327 meritum
3099 5272 3215 5341 ejus
3263 5270 3609 5326 retribucndo

2009 5368 2246 5431 superet.
2284 5361 2423 5416 Vere
2467 5376 2658 5415 omnes
2695 5360 3062 5429 justificantur
3108 5376 3207 5430 per
3250 5359 3433 5415 fidem.
3468 5360 3610 5414 Nam

2009 5465 2123 5506 non
2153 5454 2239 5506 est
2278 5450 2593 5517 distinctio,
2637 5456 2691 5505 ut
2719 5450 2806 5506 hic
2850 5447 3176 5519 justificetur
3205 5464 3304 5520 per
3329 5448 3604 5515 meritum,
