  <div class='ocr_page' id='page_1' title='image "/cluster/home/n/w/nwhite01/storage/ocr_20150623/153/hvd.32044054760111/026.png"; bbox 0 0 3960 6036; ppageno 0'>
   <div class='ocr_carea' id='block_1_1' title="bbox 239 140 3532 215">
    <p class='ocr_par' dir='ltr' id='par_1_1' title="bbox 239 140 3532 215">
     <span class='ocr_line' id='line_1_1' title="bbox 239 140 3532 215; baseline 0.006 -20"><span class='ocrx_word' id='word_1_1' title='bbox 239 144 299 196; x_wconf 61' lang='lat' dir='ltr'>«lt</span> <span class='ocrx_word' id='word_1_2' title='bbox 894 140 1270 197; x_wconf 79' lang='lat' dir='ltr'>EXPOSITIO</span> <span class='ocrx_word' id='word_1_3' title='bbox 1312 141 1385 196; x_wconf 89' lang='lat' dir='ltr'><strong>IN</strong></span> <span class='ocrx_word' id='word_1_4' title='bbox 1422 140 1802 197; x_wconf 80' lang='lat' dir='ltr'>EPISTOLAS</span> <span class='ocrx_word' id='word_1_5' title='bbox 1842 143 2067 199; x_wconf 85' lang='lat' dir='ltr'>PAULI.</span> <span class='ocrx_word' id='word_1_6' title='bbox 2098 174 2165 185; x_wconf 94' lang='lat'>—</span> <span class='ocrx_word' id='word_1_7' title='bbox 2196 145 2269 200; x_wconf 87' lang='lat' dir='ltr'>IN</span> <span class='ocrx_word' id='word_1_8' title='bbox 2307 146 2527 203; x_wconf 91' lang='lat' dir='ltr'>EPIST.</span> <span class='ocrx_word' id='word_1_9' title='bbox 2569 150 2662 205; x_wconf 77' lang='lat' dir='ltr'>AD</span> <span class='ocrx_word' id='word_1_10' title='bbox 2702 150 2878 207; x_wconf 84' lang='lat' dir='ltr'>ROM.</span> <span class='ocrx_word' id='word_1_11' title='bbox 3464 160 3532 215; x_wconf 77' lang='grc'>42</span> 
     </span>
    </p>
   </div>
   <div class='ocr_carea' id='block_1_2' title="bbox 241 265 3536 347">
    <p class='ocr_par' dir='ltr' id='par_1_2' title="bbox 241 265 3536 347">
     <span class='ocr_line' id='line_1_2' title="bbox 241 265 3536 347; baseline 0.005 -29"><span class='ocrx_word' id='word_1_12' title='bbox 241 265 327 320; x_wconf 86' lang='lat' dir='ltr'>hic</span> <span class='ocrx_word' id='word_1_13' title='bbox 357 281 458 334; x_wconf 91' lang='lat' dir='ltr'>per</span> <span class='ocrx_word' id='word_1_14' title='bbox 486 266 737 337; x_wconf 93' lang='lat' dir='ltr'>gratiam,</span> <span class='ocrx_word' id='word_1_15' title='bbox 771 275 1059 337; x_wconf 74' lang='lat' dir='ltr'>propterea</span> <span class='ocrx_word' id='word_1_16' title='bbox 1109 282 1217 321; x_wconf 92' lang='lat' dir='ltr'>non</span> <span class='ocrx_word' id='word_1_17' title='bbox 1267 274 1348 320; x_wconf 90' lang='lat' dir='ltr'>est</span> <span class='ocrx_word' id='word_1_18' title='bbox 1378 266 1675 335; x_wconf 80' lang='lat' dir='ltr'>distinctio,</span> <span class='ocrx_word' id='word_1_19' title='bbox 1710 267 1836 338; x_wconf 84' lang='lat' dir='ltr'>quia</span> <span class='ocrx_word' id='word_1_20' title='bbox 1855 277 1907 335; x_wconf 84' lang='grc' dir='ltr'><strong>Α</strong></span> <span class='ocrx_word' id='word_1_21' title='bbox 1940 268 2400 328; x_wconf 83' lang='lat' dir='ltr'>sicutJudaeorum</span> <span class='ocrx_word' id='word_1_22' title='bbox 2432 274 2505 329; x_wconf 90' lang='lat' dir='ltr'>ita</span> <span class='ocrx_word' id='word_1_23' title='bbox 2536 279 2589 331; x_wconf 83' lang='lat' dir='ltr'>et</span> <span class='ocrx_word' id='word_1_24' title='bbox 2621 277 2879 347; x_wconf 85' lang='lat' dir='ltr'>gentium</span> <span class='ocrx_word' id='word_1_25' title='bbox 2904 285 3116 333; x_wconf 82' lang='lat' dir='ltr'>creator</span> <span class='ocrx_word' id='word_1_26' title='bbox 3147 279 3265 334; x_wconf 76' lang='lat' dir='ltr'>est?</span> <span class='ocrx_word' id='word_1_27' title='bbox 3292 281 3413 335; x_wconf 92' lang='lat' dir='ltr'>Non</span> <span class='ocrx_word' id='word_1_28' title='bbox 3446 298 3536 337; x_wconf 85' lang='lat' dir='ltr'>so-</span> 
     </span>
    </p>
   </div>
   <div class='ocr_carea' id='block_1_3' title="bbox 242 355 1835 426">
    <p class='ocr_par' dir='ltr' id='par_1_3' title="bbox 242 355 1835 426">
     <span class='ocr_line' id='line_1_3' title="bbox 242 355 1835 426; baseline 0.001 -19"><span class='ocrx_word' id='word_1_29' title='bbox 242 370 458 419; x_wconf 85' lang='lat' dir='ltr'>omnes,</span> <span class='ocrx_word' id='word_1_30' title='bbox 482 358 597 408; x_wconf 86' lang='lat' dir='ltr'>tam</span> <span class='ocrx_word' id='word_1_31' title='bbox 611 356 637 408; x_wconf 79' lang='grc' dir='ltr'><strong>,Ι</strong></span> <span class='ocrx_word' id='word_1_32' title='bbox 645 355 780 409; x_wconf 68' lang='lat' dir='ltr'>udaai</span> <span class='ocrx_word' id='word_1_33' title='bbox 801 355 1236 425; x_wconf 72' lang='lat' dir='ltr'>quam‘gentiles,</span> <span class='ocrx_word' id='word_1_34' title='bbox 1253 360 1647 426; x_wconf 84' lang='lat' dir='ltr'>peccaverunt,</span> <span class='ocrx_word' id='word_1_35' title='bbox 1662 364 1717 409; x_wconf 91' lang='lat' dir='ltr'>ut</span> <span class='ocrx_word' id='word_1_36' title='bbox 1740 373 1835 409; x_wconf 89' lang='lat' dir='ltr'>su-</span> 
     </span>
    </p>
   </div>
   <div class='ocr_carea' id='block_1_4' title="bbox 240 442 1837 514">
    <p class='ocr_par' dir='ltr' id='par_1_4' title="bbox 240 442 1837 514">
     <span class='ocr_line' id='line_1_4' title="bbox 240 442 1837 514; baseline 0.003 -20"><span class='ocrx_word' id='word_1_37' title='bbox 240 442 634 512; x_wconf 51' lang='lat' dir='ltr'>praﬁstensum</span> <span class='ocrx_word' id='word_1_38' title='bbox 659 452 769 507; x_wconf 83' lang='lat' dir='ltr'>est;</span> <span class='ocrx_word' id='word_1_39' title='bbox 793 448 849 498; x_wconf 84' lang='lat' dir='ltr'>et</span> <span class='ocrx_word' id='word_1_40' title='bbox 871 444 993 498; x_wconf 90' lang='lat' dir='ltr'>ideo</span> <span class='ocrx_word' id='word_1_41' title='bbox 1029 461 1220 499; x_wconf 88' lang='lat' dir='ltr'>omnes</span> <span class='ocrx_word' id='word_1_42' title='bbox 1244 448 1406 514; x_wconf 87' lang='lat' dir='ltr'>egent</span> <span class='ocrx_word' id='word_1_43' title='bbox 1436 445 1614 513; x_wconf 82' lang='lat' dir='ltr'>gloria</span> <span class='ocrx_word' id='word_1_44' title='bbox 1641 445 1759 510; x_wconf 91' lang='lat' dir='ltr'>Dei,</span> <span class='ocrx_word' id='word_1_45' title='bbox 1784 444 1837 498; x_wconf 88' lang='lat' dir='ltr'>id</span> 
     </span>
    </p>
   </div>
   <div class='ocr_carea' id='block_1_5' title="bbox 242 529 1836 604">
    <p class='ocr_par' dir='ltr' id='par_1_5' title="bbox 242 529 1836 604">
     <span class='ocr_line' id='line_1_5' title="bbox 242 529 1836 604; baseline 0.002 -20"><span class='ocrx_word' id='word_1_46' title='bbox 242 538 326 584; x_wconf 86' lang='lat' dir='ltr'>est</span> <span class='ocrx_word' id='word_1_47' title='bbox 350 529 631 598; x_wconf 87' lang='lat' dir='ltr'>justiticari</span> <span class='ocrx_word' id='word_1_48' title='bbox 662 549 761 601; x_wconf 89' lang='lat' dir='ltr'>per</span> <span class='ocrx_word' id='word_1_49' title='bbox 790 533 965 587; x_wconf 89' lang='lat' dir='ltr'>Deum</span> <span class='ocrx_word' id='word_1_50' title='bbox 1001 550 1013 585; x_wconf 88' lang='lat'>:</span> <span class='ocrx_word' id='word_1_51' title='bbox 1048 532 1102 585; x_wconf 92' lang='lat' dir='ltr'>in</span> <span class='ocrx_word' id='word_1_52' title='bbox 1132 548 1239 602; x_wconf 92' lang='lat' dir='ltr'>qua</span> <span class='ocrx_word' id='word_1_53' title='bbox 1269 548 1329 587; x_wconf 89' lang='lat' dir='ltr'>re</span> <span class='ocrx_word' id='word_1_54' title='bbox 1359 532 1632 604; x_wconf 88' lang='lat' dir='ltr'>gloriosus</span> <span class='ocrx_word' id='word_1_55' title='bbox 1662 548 1836 603; x_wconf 69' lang='grc' dir='ltr'>ει)ρᾶ-</span> 
     </span>
    </p>
   </div>
   <div class='ocr_carea' id='block_1_6' title="bbox 240 620 527 673">
    <p class='ocr_par' dir='ltr' id='par_1_6' title="bbox 240 620 527 673">
     <span class='ocr_line' id='line_1_6' title="bbox 240 620 527 673; baseline 0.007 -2"><span class='ocrx_word' id='word_1_56' title='bbox 240 628 325 672; x_wconf 87' lang='lat' dir='ltr'>ret</span> <span class='ocrx_word' id='word_1_57' title='bbox 355 620 502 673; x_wconf 87' lang='lat' dir='ltr'>Deus</span> <span class='ocrx_word' id='word_1_58' title='bbox 516 660 527 672; x_wconf 90' lang='lat'>.</span> 
     </span>
    </p>
   </div>
   <div class='ocr_carea' id='block_1_7' title="bbox 322 708 1838 780">
    <p class='ocr_par' dir='ltr' id='par_1_7' title="bbox 322 708 1838 780">
     <span class='ocr_line' id='line_1_7' title="bbox 322 708 1838 780; baseline 0.001 -20"><span class='ocrx_word' id='word_1_59' title='bbox 322 708 565 778; x_wconf 85' lang='lat' dir='ltr'>Egebant</span> <span class='ocrx_word' id='word_1_60' title='bbox 594 708 778 779; x_wconf 89' lang='lat' dir='ltr'>utique</span> <span class='ocrx_word' id='word_1_61' title='bbox 809 709 983 779; x_wconf 83' lang='lat' dir='ltr'>gloria</span> <span class='ocrx_word' id='word_1_62' title='bbox 1012 709 1149 775; x_wconf 88' lang='lat' dir='ltr'>Dei,</span> <span class='ocrx_word' id='word_1_63' title='bbox 1201 710 1327 780; x_wconf 82' lang='lat' dir='ltr'>quia</span> <span class='ocrx_word' id='word_1_64' title='bbox 1364 710 1675 779; x_wconf 84' lang='lat' dir='ltr'>justiﬁcati</span> <span class='ocrx_word' id='word_1_65' title='bbox 1712 716 1838 762; x_wconf 87' lang='lat' dir='ltr'>sunt</span> 
     </span>
    </p>
   </div>
   <div class='ocr_carea' id='block_1_8' title="bbox 238 796 1837 869">
    <p class='ocr_par' dir='ltr' id='par_1_8' title="bbox 238 796 1837 869">
     <span class='ocr_line' id='line_1_8' title="bbox 238 796 1837 869; baseline 0.001 -20"><span class='ocrx_word' id='word_1_66' title='bbox 238 798 419 866; x_wconf 80' lang='lat' dir='ltr'>gratis</span> <span class='ocrx_word' id='word_1_67' title='bbox 450 796 565 850; x_wconf 85' lang='lat' dir='ltr'>sine</span> <span class='ocrx_word' id='word_1_68' title='bbox 588 798 781 851; x_wconf 88' lang='lat' dir='ltr'>merito</span> <span class='ocrx_word' id='word_1_69' title='bbox 810 814 999 851; x_wconf 91' lang='lat' dir='ltr'>eorum</span> <span class='ocrx_word' id='word_1_70' title='bbox 1022 815 1159 869; x_wconf 86' lang='lat' dir='ltr'>;per</span> <span class='ocrx_word' id='word_1_71' title='bbox 1177 800 1423 869; x_wconf 79' lang='lat' dir='ltr'>gratiam</span> <span class='ocrx_word' id='word_1_72' title='bbox 1444 799 1642 867; x_wconf 79' lang='lat' dir='ltr'>ipsius,</span> <span class='ocrx_word' id='word_1_73' title='bbox 1668 797 1721 850; x_wconf 90' lang='lat' dir='ltr'>id</span> <span class='ocrx_word' id='word_1_74' title='bbox 1754 804 1837 850; x_wconf 89' lang='lat' dir='ltr'>est</span> 
     </span>
    </p>
   </div>
   <div class='ocr_carea' id='block_1_9' title="bbox 240 884 1837 957">
    <p class='ocr_par' dir='ltr' id='par_1_9' title="bbox 240 884 1837 957">
     <span class='ocr_line' id='line_1_9' title="bbox 240 884 1837 957; baseline 0.001 -19"><span class='ocrx_word' id='word_1_75' title='bbox 240 900 342 954; x_wconf 90' lang='lat' dir='ltr'>per</span> <span class='ocrx_word' id='word_1_76' title='bbox 362 884 679 939; x_wconf 82' lang='lat' dir='ltr'>effusionem</span> <span class='ocrx_word' id='word_1_77' title='bbox 700 886 873 941; x_wconf 85' lang='lat' dir='ltr'>sancti</span> <span class='ocrx_word' id='word_1_78' title='bbox 912 887 1161 956; x_wconf 84' lang='lat' dir='ltr'>Spiritus,</span> <span class='ocrx_word' id='word_1_79' title='bbox 1207 888 1362 955; x_wconf 87' lang='lat' dir='ltr'>cujus</span> <span class='ocrx_word' id='word_1_80' title='bbox 1384 887 1565 957; x_wconf 91' lang='lat' dir='ltr'>gratia</span> <span class='ocrx_word' id='word_1_81' title='bbox 1587 887 1714 939; x_wconf 88' lang='lat' dir='ltr'>data</span> <span class='ocrx_word' id='word_1_82' title='bbox 1754 894 1837 939; x_wconf 89' lang='lat' dir='ltr'>est</span> 
     </span>
    </p>
   </div>
   <div class='ocr_carea' id='block_1_10' title="bbox 240 973 1835 1046">
    <p class='ocr_par' dir='ltr' id='par_1_10' title="bbox 240 973 1835 1046">
     <span class='ocr_line' id='line_1_10' title="bbox 240 973 1835 1046; baseline 0.002 -20"><span class='ocrx_word' id='word_1_83' title='bbox 240 989 346 1043; x_wconf 86' lang='lat' dir='ltr'>per</span> <span class='ocrx_word' id='word_1_84' title='bbox 375 973 777 1043; x_wconf 69' lang='lat' dir='ltr'>praecedentem</span> <span class='ocrx_word' id='word_1_85' title='bbox 800 975 1261 1046; x_wconf 82' lang='lat' dir='ltr'>redemptionem,</span> <span class='ocrx_word' id='word_1_86' title='bbox 1278 992 1399 1045; x_wconf 69' lang='lat' dir='ltr'>quae</span> <span class='ocrx_word' id='word_1_87' title='bbox 1422 980 1506 1029; x_wconf 83' lang='lat' dir='ltr'>est</span> <span class='ocrx_word' id='word_1_88' title='bbox 1528 977 1587 1028; x_wconf 84' lang='lat' dir='ltr'>in</span> <span class='ocrx_word' id='word_1_89' title='bbox 1615 974 1835 1030; x_wconf 78' lang='lat' dir='ltr'>Christo</span> 
     </span>
    </p>
   </div>
   <div class='ocr_carea' id='block_1_11' title="bbox 237 1062 1832 1133">
    <p class='ocr_par' dir='ltr' id='par_1_11' title="bbox 237 1062 1832 1133">
     <span class='ocr_line' id='line_1_11' title="bbox 237 1062 1832 1133; baseline 0.001 -18"><span class='ocrx_word' id='word_1_90' title='bbox 237 1063 372 1116; x_wconf 85' lang='lat' dir='ltr'>Jesu</span> <span class='ocrx_word' id='word_1_91' title='bbox 404 1102 419 1127; x_wconf 88' lang='lat'>,</span> <span class='ocrx_word' id='word_1_92' title='bbox 476 1062 529 1114; x_wconf 89' lang='lat' dir='ltr'>id</span> <span class='ocrx_word' id='word_1_93' title='bbox 561 1070 641 1115; x_wconf 89' lang='lat' dir='ltr'>est</span> <span class='ocrx_word' id='word_1_94' title='bbox 672 1079 768 1131; x_wconf 90' lang='lat' dir='ltr'>per</span> <span class='ocrx_word' id='word_1_95' title='bbox 797 1062 981 1116; x_wconf 90' lang='lat' dir='ltr'>datum</span> <span class='ocrx_word' id='word_1_96' title='bbox 1012 1064 1242 1132; x_wconf 82' lang='lat' dir='ltr'>pretium</span> <span class='ocrx_word' id='word_1_97' title='bbox 1278 1062 1558 1133; x_wconf 82' lang='lat' dir='ltr'>sanguinis</span> <span class='ocrx_word' id='word_1_98' title='bbox 1589 1063 1785 1116; x_wconf 83' lang='lat' dir='ltr'>Christi</span> <span class='ocrx_word' id='word_1_99' title='bbox 1820 1079 1832 1117; x_wconf 90' lang='lat'><strong>:</strong></span> 
     </span>
    </p>
   </div>
   <div class='ocr_carea' id='block_1_12' title="bbox 238 1150 1836 1222">
    <p class='ocr_par' dir='ltr' id='par_1_12' title="bbox 238 1150 1836 1222">
     <span class='ocr_line' id='line_1_12' title="bbox 238 1150 1836 1222; baseline 0.001 -18"><span class='ocrx_word' id='word_1_100' title='bbox 238 1166 402 1221; x_wconf 86' lang='lat' dir='ltr'>quem</span> <span class='ocrx_word' id='word_1_101' title='bbox 434 1150 621 1203; x_wconf 86' lang='lat' dir='ltr'>Jesum</span> <span class='ocrx_word' id='word_1_102' title='bbox 644 1152 789 1206; x_wconf 85' lang='lat' dir='ltr'>Deus</span> <span class='ocrx_word' id='word_1_103' title='bbox 804 1152 959 1205; x_wconf 90' lang='lat' dir='ltr'>Pater</span> <span class='ocrx_word' id='word_1_104' title='bbox 968 1154 1277 1222; x_wconf 85' lang='lat' dir='ltr'>proposuit,</span> <span class='ocrx_word' id='word_1_105' title='bbox 1304 1151 1357 1204; x_wconf 91' lang='lat' dir='ltr'>id</span> <span class='ocrx_word' id='word_1_106' title='bbox 1376 1160 1454 1205; x_wconf 90' lang='lat' dir='ltr'>est</span> <span class='ocrx_word' id='word_1_107' title='bbox 1473 1152 1525 1204; x_wconf 91' lang='lat' dir='ltr'>in</span> <span class='ocrx_word' id='word_1_108' title='bbox 1548 1151 1836 1221; x_wconf 82' lang='lat' dir='ltr'>propatulo</span> 
     </span>
    </p>
   </div>
   <div class='ocr_carea' id='block_1_13' title="bbox 242 1238 1837 1311">
    <p class='ocr_par' dir='ltr' id='par_1_13' title="bbox 242 1238 1837 1311">
     <span class='ocr_line' id='line_1_13' title="bbox 242 1238 1837 1311; baseline 0.001 -21"><span class='ocrx_word' id='word_1_109' title='bbox 242 1238 519 1291; x_wconf 84' lang='lat' dir='ltr'>hominem</span> <span class='ocrx_word' id='word_1_110' title='bbox 550 1238 748 1293; x_wconf 84' lang='lat' dir='ltr'>factum</span> <span class='ocrx_word' id='word_1_111' title='bbox 778 1240 981 1293; x_wconf 91' lang='lat' dir='ltr'>mundo</span> <span class='ocrx_word' id='word_1_112' title='bbox 1014 1240 1261 1309; x_wconf 88' lang='lat' dir='ltr'>exposuit</span> <span class='ocrx_word' id='word_1_113' title='bbox 1285 1241 1735 1311; x_wconf 86' lang='lat' dir='ltr'>propitiatorem.</span> <span class='ocrx_word' id='word_1_114' title='bbox 1778 1240 1837 1292; x_wconf 89' lang='lat' dir='ltr'><strong>In</strong></span> 
     </span>
    </p>
   </div>
   <div class='ocr_carea' id='block_1_14' title="bbox 240 1327 1830 1399">
    <p class='ocr_par' dir='ltr' id='par_1_14' title="bbox 240 1327 1830 1399">
     <span class='ocr_line' id='line_1_14' title="bbox 240 1327 1830 1399; baseline 0 -19"><span class='ocrx_word' id='word_1_115' title='bbox 240 1327 459 1381; x_wconf 85' lang='lat' dir='ltr'>Christo</span> <span class='ocrx_word' id='word_1_116' title='bbox 489 1327 632 1381; x_wconf 89' lang='lat' dir='ltr'>enim</span> <span class='ocrx_word' id='word_1_117' title='bbox 666 1329 812 1381; x_wconf 90' lang='lat' dir='ltr'>Deus</span> <span class='ocrx_word' id='word_1_118' title='bbox 841 1328 1153 1397; x_wconf 85' lang='lat' dir='ltr'>propitiatus</span> <span class='ocrx_word' id='word_1_119' title='bbox 1184 1337 1265 1382; x_wconf 90' lang='lat' dir='ltr'>est</span> <span class='ocrx_word' id='word_1_120' title='bbox 1297 1330 1497 1383; x_wconf 88' lang='lat' dir='ltr'>mundo</span> <span class='ocrx_word' id='word_1_121' title='bbox 1518 1345 1618 1399; x_wconf 89' lang='lat' dir='ltr'>per</span> <span class='ocrx_word' id='word_1_122' title='bbox 1645 1329 1830 1396; x_wconf 88' lang='lat' dir='ltr'>ﬁdem,</span> 
     </span>
    </p>
   </div>
   <div class='ocr_carea' id='block_1_15' title="bbox 238 1414 1835 1485">
    <p class='ocr_par' dir='ltr' id='par_1_15' title="bbox 238 1414 1835 1485">
     <span class='ocr_line' id='line_1_15' title="bbox 238 1414 1835 1485; baseline 0.001 -17"><span class='ocrx_word' id='word_1_123' title='bbox 238 1415 288 1468; x_wconf 93' lang='lat' dir='ltr'>id</span> <span class='ocrx_word' id='word_1_124' title='bbox 322 1424 405 1468; x_wconf 92' lang='lat' dir='ltr'>est</span> <span class='ocrx_word' id='word_1_125' title='bbox 438 1415 522 1469; x_wconf 91' lang='lat' dir='ltr'>his</span> <span class='ocrx_word' id='word_1_126' title='bbox 554 1414 644 1485; x_wconf 86' lang='lat' dir='ltr'>qui</span> <span class='ocrx_word' id='word_1_127' title='bbox 688 1431 875 1469; x_wconf 88' lang='lat' dir='ltr'>sanam</span> <span class='ocrx_word' id='word_1_128' title='bbox 910 1415 1071 1469; x_wconf 82' lang='lat' dir='ltr'>fidem</span> <span class='ocrx_word' id='word_1_129' title='bbox 1104 1418 1171 1470; x_wconf 92' lang='lat' dir='ltr'>de</span> <span class='ocrx_word' id='word_1_130' title='bbox 1204 1416 1415 1470; x_wconf 87' lang='lat' dir='ltr'>Christo</span> <span class='ocrx_word' id='word_1_131' title='bbox 1448 1417 1665 1470; x_wconf 85' lang='lat' dir='ltr'>habent.</span> <span class='ocrx_word' id='word_1_132' title='bbox 1702 1418 1835 1470; x_wconf 89' lang='lat' dir='ltr'>Pro-</span> 
     </span>
    </p>
   </div>
   <div class='ocr_carea' id='block_1_16' title="bbox 238 1503 1836 1575">
    <p class='ocr_par' dir='ltr' id='par_1_16' title="bbox 238 1503 1836 1575">
     <span class='ocr_line' id='line_1_16' title="bbox 238 1503 1836 1575; baseline 0.001 -18"><span class='ocrx_word' id='word_1_133' title='bbox 238 1504 545 1573; x_wconf 88' lang='lat' dir='ltr'>pitiatorem</span> <span class='ocrx_word' id='word_1_134' title='bbox 565 1503 727 1557; x_wconf 90' lang='lat' dir='ltr'>etiam</span> <span class='ocrx_word' id='word_1_135' title='bbox 748 1506 805 1558; x_wconf 87' lang='lat' dir='ltr'>in</span> <span class='ocrx_word' id='word_1_136' title='bbox 829 1521 1107 1575; x_wconf 78' lang='lat' dir='ltr'>sanguine</span> <span class='ocrx_word' id='word_1_137' title='bbox 1130 1506 1305 1575; x_wconf 87' lang='lat' dir='ltr'>ipsius</span> <span class='ocrx_word' id='word_1_138' title='bbox 1328 1505 1522 1559; x_wconf 83' lang='lat' dir='ltr'>Christi</span> <span class='ocrx_word' id='word_1_139' title='bbox 1549 1524 1562 1571; x_wconf 91' lang='lat'><strong>;</strong></span> <span class='ocrx_word' id='word_1_140' title='bbox 1589 1506 1715 1575; x_wconf 88' lang='lat' dir='ltr'>quia</span> <span class='ocrx_word' id='word_1_141' title='bbox 1738 1520 1836 1558; x_wconf 91' lang='lat' dir='ltr'>nec</span> 
     </span>
    </p>
   </div>
   <div class='ocr_carea' id='block_1_17' title="bbox 236 1592 1835 1663">
    <p class='ocr_par' dir='ltr' id='par_1_17' title="bbox 236 1592 1835 1663">
     <span class='ocr_line' id='line_1_17' title="bbox 236 1592 1835 1663; baseline 0.001 -18"><span class='ocrx_word' id='word_1_142' title='bbox 236 1592 375 1646; x_wconf 84' lang='lat' dir='ltr'>fides</span> <span class='ocrx_word' id='word_1_143' title='bbox 404 1594 522 1647; x_wconf 84' lang='lat' dir='ltr'>sine</span> <span class='ocrx_word' id='word_1_144' title='bbox 554 1593 816 1647; x_wconf 72' lang='lat' dir='ltr'>effusione</span> <span class='ocrx_word' id='word_1_145' title='bbox 848 1593 1148 1663; x_wconf 82' lang='lat' dir='ltr'>sanguinis,</span> <span class='ocrx_word' id='word_1_146' title='bbox 1180 1609 1281 1648; x_wconf 89' lang='lat' dir='ltr'>nec</span> <span class='ocrx_word' id='word_1_147' title='bbox 1320 1594 1542 1663; x_wconf 89' lang='lat' dir='ltr'>sanguis</span> <span class='ocrx_word' id='word_1_148' title='bbox 1586 1594 1701 1647; x_wconf 90' lang='lat' dir='ltr'>sine</span> <span class='ocrx_word' id='word_1_149' title='bbox 1732 1593 1835 1647; x_wconf 84' lang='lat' dir='ltr'>fide</span> 
     </span>
    </p>
   </div>
   <div class='ocr_carea' id='block_1_18' title="bbox 239 1680 1836 1751">
    <p class='ocr_par' dir='ltr' id='par_1_18' title="bbox 239 1680 1836 1751">
     <span class='ocr_line' id='line_1_18' title="bbox 239 1680 1836 1751; baseline 0.001 -18"><span class='ocrx_word' id='word_1_150' title='bbox 239 1681 309 1733; x_wconf 90' lang='lat' dir='ltr'>ad</span> <span class='ocrx_word' id='word_1_151' title='bbox 371 1682 601 1735; x_wconf 86' lang='lat' dir='ltr'>salutem</span> <span class='ocrx_word' id='word_1_152' title='bbox 650 1680 963 1751; x_wconf 83' lang='lat' dir='ltr'>proliceret.</span> <span class='ocrx_word' id='word_1_153' title='bbox 1022 1683 1168 1736; x_wconf 88' lang='lat' dir='ltr'>Deus</span> <span class='ocrx_word' id='word_1_154' title='bbox 1214 1682 1398 1751; x_wconf 86' lang='lat' dir='ltr'>utique</span> <span class='ocrx_word' id='word_1_155' title='bbox 1446 1682 1522 1736; x_wconf 89' lang='lat' dir='ltr'>sic</span> <span class='ocrx_word' id='word_1_156' title='bbox 1553 1682 1836 1751; x_wconf 89' lang='lat' dir='ltr'>proposuit</span> 
     </span>
    </p>
   </div>
   <div class='ocr_carea' id='block_1_19' title="bbox 240 1768 1836 1839">
    <p class='ocr_par' dir='ltr' id='par_1_19' title="bbox 240 1768 1836 1839">
     <span class='ocr_line' id='line_1_19' title="bbox 240 1768 1836 1839; baseline 0.001 -18"><span class='ocrx_word' id='word_1_157' title='bbox 240 1768 513 1822; x_wconf 85' lang='lat' dir='ltr'>Christum</span> <span class='ocrx_word' id='word_1_158' title='bbox 546 1771 616 1824; x_wconf 83' lang='lat' dir='ltr'>ad</span> <span class='ocrx_word' id='word_1_159' title='bbox 646 1771 1305 1839; x_wconf 71' lang='lat' dir='ltr'>ostensionemjustitice,</span> <span class='ocrx_word' id='word_1_160' title='bbox 1342 1770 1394 1822; x_wconf 91' lang='lat' dir='ltr'>id</span> <span class='ocrx_word' id='word_1_161' title='bbox 1425 1778 1525 1833; x_wconf 89' lang='lat' dir='ltr'>est,</span> <span class='ocrx_word' id='word_1_162' title='bbox 1561 1778 1617 1822; x_wconf 92' lang='lat' dir='ltr'>ut</span> <span class='ocrx_word' id='word_1_163' title='bbox 1647 1778 1836 1824; x_wconf 86' lang='lat' dir='ltr'>osten-</span> 
     </span>
    </p>
   </div>
   <div class='ocr_carea' id='block_1_20' title="bbox 238 1857 1839 1929">
    <p class='ocr_par' dir='ltr' id='par_1_20' title="bbox 238 1857 1839 1929">
     <span class='ocr_line' id='line_1_20' title="bbox 238 1857 1839 1929; baseline 0.001 -19"><span class='ocrx_word' id='word_1_164' title='bbox 238 1857 390 1911; x_wconf 87' lang='lat' dir='ltr'>deret</span> <span class='ocrx_word' id='word_1_165' title='bbox 421 1858 696 1925; x_wconf 89' lang='lat' dir='ltr'>sejustum</span> <span class='ocrx_word' id='word_1_166' title='bbox 719 1866 771 1911; x_wconf 88' lang='lat' dir='ltr'>et</span> <span class='ocrx_word' id='word_1_167' title='bbox 789 1874 1061 1925; x_wconf 82' lang='lat' dir='ltr'>veracem,</span> <span class='ocrx_word' id='word_1_168' title='bbox 1085 1863 1314 1929; x_wconf 84' lang='lat' dir='ltr'>propter</span> <span class='ocrx_word' id='word_1_169' title='bbox 1332 1859 1717 1913; x_wconf 82' lang='lat' dir='ltr'>remissionem</span> <span class='ocrx_word' id='word_1_170' title='bbox 1753 1858 1839 1912; x_wconf 90' lang='lat' dir='ltr'>de-</span> 
     </span>
    </p>
   </div>
   <div class='ocr_carea' id='block_1_21' title="bbox 243 1947 1840 2018">
    <p class='ocr_par' dir='ltr' id='par_1_21' title="bbox 243 1947 1840 2018">
     <span class='ocr_line' id='line_1_21' title="bbox 243 1947 1840 2018; baseline 0.001 -19"><span class='ocrx_word' id='word_1_171' title='bbox 243 1947 511 2001; x_wconf 85' lang='lat' dir='ltr'>lictorum</span> <span class='ocrx_word' id='word_1_172' title='bbox 540 1947 1003 2018; x_wconf 65' lang='lat' dir='ltr'>pra’cedentium,</span> <span class='ocrx_word' id='word_1_173' title='bbox 1029 1947 1082 1999; x_wconf 91' lang='lat' dir='ltr'>id</span> <span class='ocrx_word' id='word_1_174' title='bbox 1113 1955 1212 2011; x_wconf 90' lang='lat' dir='ltr'>est,</span> <span class='ocrx_word' id='word_1_175' title='bbox 1238 1956 1293 1999; x_wconf 91' lang='lat' dir='ltr'>ut</span> <span class='ocrx_word' id='word_1_176' title='bbox 1316 1948 1610 2001; x_wconf 85' lang='lat' dir='ltr'>remitteret</span> <span class='ocrx_word' id='word_1_177' title='bbox 1642 1947 1840 2001; x_wconf 86' lang='lat' dir='ltr'>delicta</span> 
     </span>
    </p>
   </div>
   <div class='ocr_carea' id='block_1_22' title="bbox 240 2034 1838 2104">
    <p class='ocr_par' dir='ltr' id='par_1_22' title="bbox 240 2034 1838 2104">
     <span class='ocr_line' id='line_1_22' title="bbox 240 2034 1838 2104; baseline 0.001 -16"><span class='ocrx_word' id='word_1_178' title='bbox 240 2034 474 2088; x_wconf 72' lang='lat' dir='ltr'>Abraha:</span> <span class='ocrx_word' id='word_1_179' title='bbox 505 2043 557 2089; x_wconf 89' lang='lat' dir='ltr'>et</span> <span class='ocrx_word' id='word_1_180' title='bbox 580 2036 871 2103; x_wconf 90' lang='lat' dir='ltr'>justorum,</span> <span class='ocrx_word' id='word_1_181' title='bbox 908 2035 1271 2104; x_wconf 67' lang='lat' dir='ltr'>praecedentia</span> <span class='ocrx_word' id='word_1_182' title='bbox 1326 2036 1387 2089; x_wconf 87' lang='lat' dir='ltr'>in</span> <span class='ocrx_word' id='word_1_183' title='bbox 1426 2038 1838 2090; x_wconf 65' lang='lat' dir='ltr'>sustentatione</span> 
     </span>
    </p>
   </div>
   <div class='ocr_carea' id='block_1_23' title="bbox 238 2122 1841 2193">
    <p class='ocr_par' dir='ltr' id='par_1_23' title="bbox 238 2122 1841 2193">
     <span class='ocr_line' id='line_1_23' title="bbox 238 2122 1841 2193; baseline 0.001 -17"><span class='ocrx_word' id='word_1_184' title='bbox 238 2124 360 2177; x_wconf 89' lang='lat' dir='ltr'>Dei.</span> <span class='ocrx_word' id='word_1_185' title='bbox 395 2124 542 2176; x_wconf 91' lang='lat' dir='ltr'>Deus</span> <span class='ocrx_word' id='word_1_186' title='bbox 569 2124 714 2177; x_wconf 90' lang='lat' dir='ltr'>enim</span> <span class='ocrx_word' id='word_1_187' title='bbox 746 2123 942 2178; x_wconf 91' lang='lat' dir='ltr'>delicta</span> <span class='ocrx_word' id='word_1_188' title='bbox 974 2139 1159 2177; x_wconf 91' lang='lat' dir='ltr'>eorum</span> <span class='ocrx_word' id='word_1_189' title='bbox 1198 2138 1321 2177; x_wconf 92' lang='lat' dir='ltr'>cum</span> <span class='ocrx_word' id='word_1_190' title='bbox 1354 2122 1545 2177; x_wconf 81' lang='lat' dir='ltr'>tierent</span> <span class='ocrx_word' id='word_1_191' title='bbox 1573 2123 1841 2193; x_wconf 88' lang='lat' dir='ltr'>patienter</span> 
     </span>
    </p>
   </div>
   <div class='ocr_carea' id='block_1_24' title="bbox 240 2210 1842 2283">
    <p class='ocr_par' dir='ltr' id='par_1_24' title="bbox 240 2210 1842 2283">
     <span class='ocr_line' id='line_1_24' title="bbox 240 2210 1842 2283; baseline 0.001 -20"><span class='ocrx_word' id='word_1_192' title='bbox 240 2210 517 2277; x_wconf 87' lang='lat' dir='ltr'>sustinuit,</span> <span class='ocrx_word' id='word_1_193' title='bbox 551 2212 729 2267; x_wconf 90' lang='lat' dir='ltr'>donec</span> <span class='ocrx_word' id='word_1_194' title='bbox 760 2212 811 2264; x_wconf 91' lang='lat' dir='ltr'>in</span> <span class='ocrx_word' id='word_1_195' title='bbox 846 2220 1092 2281; x_wconf 90' lang='lat' dir='ltr'>tempore</span> <span class='ocrx_word' id='word_1_196' title='bbox 1125 2212 1315 2281; x_wconf 67' lang='lat' dir='ltr'>gratia:</span> <span class='ocrx_word' id='word_1_197' title='bbox 1340 2220 1595 2283; x_wconf 87' lang='lat' dir='ltr'>purgaret</span> <span class='ocrx_word' id='word_1_198' title='bbox 1620 2212 1741 2265; x_wconf 91' lang='lat' dir='ltr'>illos</span> <span class='ocrx_word' id='word_1_199' title='bbox 1772 2211 1842 2265; x_wconf 90' lang='lat' dir='ltr'>ab</span> 
     </span>
    </p>
   </div>
   <div class='ocr_carea' id='block_1_25' title="bbox 239 2299 1841 2369">
    <p class='ocr_par' dir='ltr' id='par_1_25' title="bbox 239 2299 1841 2369">
     <span class='ocr_line' id='line_1_25' title="bbox 239 2299 1841 2369; baseline 0 -17"><span class='ocrx_word' id='word_1_200' title='bbox 239 2299 343 2353; x_wconf 89' lang='lat' dir='ltr'>eis.</span> <span class='ocrx_word' id='word_1_201' title='bbox 399 2300 686 2369; x_wconf 88' lang='lat' dir='ltr'>Proposuit</span> <span class='ocrx_word' id='word_1_202' title='bbox 724 2300 884 2354; x_wconf 88' lang='lat' dir='ltr'>etiam</span> <span class='ocrx_word' id='word_1_203' title='bbox 932 2302 1076 2353; x_wconf 90' lang='lat' dir='ltr'>Deus</span> <span class='ocrx_word' id='word_1_204' title='bbox 1126 2300 1397 2353; x_wconf 87' lang='lat' dir='ltr'>Christum</span> <span class='ocrx_word' id='word_1_205' title='bbox 1436 2300 1841 2369; x_wconf 90' lang='lat' dir='ltr'>pr0pitiatorem</span> 
     </span>
    </p>
   </div>
   <div class='ocr_carea' id='block_1_26' title="bbox 240 2386 1839 2458">
    <p class='ocr_par' dir='ltr' id='par_1_26' title="bbox 240 2386 1839 2458">
     <span class='ocr_line' id='line_1_26' title="bbox 240 2386 1839 2458; baseline 0.001 -17"><span class='ocrx_word' id='word_1_206' title='bbox 240 2389 313 2441; x_wconf 87' lang='lat' dir='ltr'>ad</span> <span class='ocrx_word' id='word_1_207' title='bbox 345 2389 728 2442; x_wconf 87' lang='lat' dir='ltr'>ostensionem</span> <span class='ocrx_word' id='word_1_208' title='bbox 751 2389 1020 2458; x_wconf 71' lang='lat' dir='ltr'>justitice,</span> <span class='ocrx_word' id='word_1_209' title='bbox 1057 2388 1109 2441; x_wconf 91' lang='lat' dir='ltr'>id</span> <span class='ocrx_word' id='word_1_210' title='bbox 1140 2396 1241 2453; x_wconf 89' lang='lat' dir='ltr'>est,</span> <span class='ocrx_word' id='word_1_211' title='bbox 1270 2386 1671 2455; x_wconf 81' lang='lat' dir='ltr'>justiﬁcationis</span> <span class='ocrx_word' id='word_1_212' title='bbox 1701 2389 1839 2457; x_wconf 84' lang='lat' dir='ltr'>ejus,</span> 
     </span>
    </p>
   </div>
   <div class='ocr_carea' id='block_1_27' title="bbox 238 2476 1845 2547">
    <p class='ocr_par' dir='ltr' id='par_1_27' title="bbox 238 2476 1845 2547">
     <span class='ocr_line' id='line_1_27' title="bbox 238 2476 1845 2547; baseline 0 -18"><span class='ocrx_word' id='word_1_213' title='bbox 238 2476 479 2540; x_wconf 83' lang='lat' dir='ltr'>scilicet,</span> <span class='ocrx_word' id='word_1_214' title='bbox 539 2484 593 2529; x_wconf 92' lang='lat' dir='ltr'>ut</span> <span class='ocrx_word' id='word_1_215' title='bbox 652 2478 711 2530; x_wconf 85' lang='lat' dir='ltr'>in</span> <span class='ocrx_word' id='word_1_216' title='bbox 754 2478 853 2531; x_wconf 86' lang='lat' dir='ltr'>hoc</span> <span class='ocrx_word' id='word_1_217' title='bbox 900 2481 1147 2547; x_wconf 87' lang='lat' dir='ltr'>tempore</span> <span class='ocrx_word' id='word_1_218' title='bbox 1193 2476 1381 2546; x_wconf 69' lang='lat' dir='ltr'>gratia:</span> <span class='ocrx_word' id='word_1_219' title='bbox 1421 2476 1672 2530; x_wconf 91' lang='lat' dir='ltr'>omnibus</span> <span class='ocrx_word' id='word_1_220' title='bbox 1718 2476 1845 2529; x_wconf 89' lang='lat' dir='ltr'>satis</span> 
     </span>
    </p>
   </div>
   <div class='ocr_carea' id='block_1_28' title="bbox 236 2563 1841 2634">
    <p class='ocr_par' dir='ltr' id='par_1_28' title="bbox 236 2563 1841 2634">
     <span class='ocr_line' id='line_1_28' title="bbox 236 2563 1841 2634; baseline -0.001 -16"><span class='ocrx_word' id='word_1_221' title='bbox 236 2574 523 2618; x_wconf 88' lang='lat' dir='ltr'>ostensum</span> <span class='ocrx_word' id='word_1_222' title='bbox 553 2571 699 2618; x_wconf 88' lang='lat' dir='ltr'>esset</span> <span class='ocrx_word' id='word_1_223' title='bbox 749 2584 761 2629; x_wconf 89' lang='lat'><strong>;</strong></span> <span class='ocrx_word' id='word_1_224' title='bbox 815 2580 938 2619; x_wconf 90' lang='lat' dir='ltr'>cum</span> <span class='ocrx_word' id='word_1_225' title='bbox 992 2580 1168 2634; x_wconf 89' lang='lat' dir='ltr'>neque</span> <span class='ocrx_word' id='word_1_226' title='bbox 1216 2563 1471 2617; x_wconf 88' lang='lat' dir='ltr'>naturalis</span> <span class='ocrx_word' id='word_1_227' title='bbox 1520 2563 1841 2628; x_wconf 88' lang='lat' dir='ltr'>intellectus,</span> 
     </span>
    </p>
   </div>
   <div class='ocr_carea' id='block_1_29' title="bbox 240 2652 1847 2723">
    <p class='ocr_par' dir='ltr' id='par_1_29' title="bbox 240 2652 1847 2723">
     <span class='ocr_line' id='line_1_29' title="bbox 240 2652 1847 2723; baseline 0 -17"><span class='ocrx_word' id='word_1_228' title='bbox 240 2670 428 2723; x_wconf 88' lang='lat' dir='ltr'>neque</span> <span class='ocrx_word' id='word_1_229' title='bbox 475 2653 560 2707; x_wconf 89' lang='lat' dir='ltr'>lex</span> <span class='ocrx_word' id='word_1_230' title='bbox 607 2652 730 2705; x_wconf 87' lang='lat' dir='ltr'>data</span> <span class='ocrx_word' id='word_1_231' title='bbox 786 2669 817 2705; x_wconf 92' lang='lat' dir='ltr'>a</span> <span class='ocrx_word' id='word_1_232' title='bbox 854 2652 1072 2707; x_wconf 90' lang='lat' dir='ltr'>vinculo</span> <span class='ocrx_word' id='word_1_233' title='bbox 1118 2652 1329 2722; x_wconf 86' lang='lat' dir='ltr'>peccati</span> <span class='ocrx_word' id='word_1_234' title='bbox 1375 2652 1650 2717; x_wconf 88' lang='lat' dir='ltr'>liberaret,</span> <span class='ocrx_word' id='word_1_235' title='bbox 1701 2652 1847 2722; x_wconf 90' lang='lat' dir='ltr'>quod</span> 
     </span>
    </p>
   </div>
   <div class='ocr_carea' id='block_1_30' title="bbox 242 2739 1846 2810">
    <p class='ocr_par' dir='ltr' id='par_1_30' title="bbox 242 2739 1846 2810">
     <span class='ocr_line' id='line_1_30' title="bbox 242 2739 1846 2810; baseline -0.001 -15"><span class='ocrx_word' id='word_1_236' title='bbox 242 2742 398 2795; x_wconf 89' lang='lat' dir='ltr'>solus</span> <span class='ocrx_word' id='word_1_237' title='bbox 430 2743 577 2795; x_wconf 92' lang='lat' dir='ltr'>Deus</span> <span class='ocrx_word' id='word_1_238' title='bbox 615 2739 909 2808; x_wconf 84' lang='lat' dir='ltr'>justiﬁcare</span> <span class='ocrx_word' id='word_1_239' title='bbox 954 2749 1157 2810; x_wconf 90' lang='lat' dir='ltr'>posset.</span> <span class='ocrx_word' id='word_1_240' title='bbox 1206 2741 1339 2807; x_wconf 91' lang='lat' dir='ltr'>Hoc,</span> <span class='ocrx_word' id='word_1_241' title='bbox 1387 2740 1628 2810; x_wconf 89' lang='lat' dir='ltr'>inquam,</span> <span class='ocrx_word' id='word_1_242' title='bbox 1660 2748 1846 2794; x_wconf 89' lang='lat' dir='ltr'>osten-</span> 
     </span>
    </p>
   </div>
   <div class='ocr_carea' id='block_1_31' title="bbox 240 2828 1849 2900">
    <p class='ocr_par' dir='ltr' id='par_1_31' title="bbox 240 2828 1849 2900">
     <span class='ocr_line' id='line_1_31' title="bbox 240 2828 1849 2900; baseline -0.001 -17"><span class='ocrx_word' id='word_1_243' title='bbox 240 2830 470 2884; x_wconf 89' lang='lat' dir='ltr'>deretur</span> <span class='ocrx_word' id='word_1_244' title='bbox 491 2834 555 2884; x_wconf 90' lang='lat' dir='ltr'>ut</span> <span class='ocrx_word' id='word_1_245' title='bbox 575 2830 649 2884; x_wconf 87' lang='lat' dir='ltr'>sit</span> <span class='ocrx_word' id='word_1_246' title='bbox 670 2831 815 2883; x_wconf 90' lang='lat' dir='ltr'>Deus</span> <span class='ocrx_word' id='word_1_247' title='bbox 836 2830 1177 2900; x_wconf 82' lang='lat' dir='ltr'>ipsejustus,</span> <span class='ocrx_word' id='word_1_248' title='bbox 1201 2829 1255 2881; x_wconf 89' lang='lat' dir='ltr'>id</span> <span class='ocrx_word' id='word_1_249' title='bbox 1286 2836 1387 2891; x_wconf 90' lang='lat' dir='ltr'>est,</span> <span class='ocrx_word' id='word_1_250' title='bbox 1421 2845 1583 2882; x_wconf 86' lang='lat' dir='ltr'>verax</span> <span class='ocrx_word' id='word_1_251' title='bbox 1614 2828 1668 2881; x_wconf 90' lang='lat' dir='ltr'>in</span> <span class='ocrx_word' id='word_1_252' title='bbox 1700 2844 1849 2883; x_wconf 91' lang='lat' dir='ltr'>com-</span> 
     </span>
    </p>
   </div>
   <div class='ocr_carea' id='block_1_32' title="bbox 243 2917 1851 2988">
    <p class='ocr_par' dir='ltr' id='par_1_32' title="bbox 243 2917 1851 2988">
     <span class='ocr_line' id='line_1_32' title="bbox 243 2917 1851 2988; baseline 0.001 -18"><span class='ocrx_word' id='word_1_253' title='bbox 243 2918 493 2987; x_wconf 88' lang='lat' dir='ltr'>pletione</span> <span class='ocrx_word' id='word_1_254' title='bbox 522 2918 916 2988; x_wconf 88' lang='lat' dir='ltr'>promissorum</span> <span class='ocrx_word' id='word_1_255' title='bbox 951 2936 965 2982; x_wconf 90' lang='lat'><strong>;</strong></span> <span class='ocrx_word' id='word_1_256' title='bbox 997 2921 1052 2971; x_wconf 87' lang='lat' dir='ltr'>et</span> <span class='ocrx_word' id='word_1_257' title='bbox 1082 2926 1139 2971; x_wconf 89' lang='lat' dir='ltr'>ut</span> <span class='ocrx_word' id='word_1_258' title='bbox 1168 2917 1236 2971; x_wconf 90' lang='lat' dir='ltr'>sit</span> <span class='ocrx_word' id='word_1_259' title='bbox 1265 2917 1598 2986; x_wconf 81' lang='lat' dir='ltr'>justiﬁcans</span> <span class='ocrx_word' id='word_1_260' title='bbox 1629 2932 1851 2971; x_wconf 90' lang='lat' dir='ltr'>omnem</span> 
     </span>
    </p>
   </div>
   <div class='ocr_carea' id='block_1_33' title="bbox 242 3003 1849 3077">
    <p class='ocr_par' dir='ltr' id='par_1_33' title="bbox 242 3003 1849 3077">
     <span class='ocr_line' id='line_1_33' title="bbox 242 3003 1849 3077; baseline -0.001 -17"><span class='ocrx_word' id='word_1_261' title='bbox 242 3022 381 3060; x_wconf 85' lang='lat' dir='ltr'>eum</span> <span class='ocrx_word' id='word_1_262' title='bbox 410 3022 443 3059; x_wconf 90' lang='lat' dir='ltr'>a</span> <span class='ocrx_word' id='word_1_263' title='bbox 472 3005 710 3075; x_wconf 89' lang='lat' dir='ltr'>peccatis</span> <span class='ocrx_word' id='word_1_264' title='bbox 725 3007 819 3077; x_wconf 91' lang='lat' dir='ltr'>qui</span> <span class='ocrx_word' id='word_1_265' title='bbox 848 3010 931 3059; x_wconf 83' lang='lat' dir='ltr'>est</span> <span class='ocrx_word' id='word_1_266' title='bbox 953 3021 1026 3060; x_wconf 76' lang='lat' dir='ltr'>ex</span> <span class='ocrx_word' id='word_1_267' title='bbox 1042 3006 1149 3073; x_wconf 85' lang='lat' dir='ltr'>ﬁde</span> <span class='ocrx_word' id='word_1_268' title='bbox 1169 3007 1299 3060; x_wconf 86' lang='lat' dir='ltr'>Jesu</span> <span class='ocrx_word' id='word_1_269' title='bbox 1323 3004 1549 3059; x_wconf 85' lang='lat' dir='ltr'>Christi.</span> <span class='ocrx_word' id='word_1_270' title='bbox 1592 3003 1849 3071; x_wconf 85' lang='lat' dir='ltr'>Quando-</span> 
     </span>
    </p>
   </div>
   <div class='ocr_carea' id='block_1_34' title="bbox 242 3093 1847 3165">
    <p class='ocr_par' dir='ltr' id='par_1_34' title="bbox 242 3093 1847 3165">
     <span class='ocr_line' id='line_1_34' title="bbox 242 3093 1847 3165; baseline 0 -18"><span class='ocrx_word' id='word_1_271' title='bbox 242 3094 471 3165; x_wconf 86' lang='lat' dir='ltr'>quidem</span> <span class='ocrx_word' id='word_1_272' title='bbox 501 3095 579 3163; x_wconf 92' lang='lat' dir='ltr'>(ut</span> <span class='ocrx_word' id='word_1_273' title='bbox 609 3109 773 3164; x_wconf 87' lang='lat' dir='ltr'>supra</span> <span class='ocrx_word' id='word_1_274' title='bbox 818 3094 1103 3163; x_wconf 89' lang='lat' dir='ltr'>probatum</span> <span class='ocrx_word' id='word_1_275' title='bbox 1152 3094 1255 3160; x_wconf 91' lang='lat' dir='ltr'>est)</span> <span class='ocrx_word' id='word_1_276' title='bbox 1294 3093 1469 3147; x_wconf 89' lang='lat' dir='ltr'>omnis</span> <span class='ocrx_word' id='word_1_277' title='bbox 1512 3093 1721 3161; x_wconf 90' lang='lat' dir='ltr'>justitia</span> <span class='ocrx_word' id='word_1_278' title='bbox 1749 3110 1847 3164; x_wconf 89' lang='lat' dir='ltr'>per</span> 
     </span>
    </p>
   </div>
   <div class='ocr_carea' id='block_1_35' title="bbox 242 3180 1844 3253">
    <p class='ocr_par' dir='ltr' id='par_1_35' title="bbox 242 3180 1844 3253">
     <span class='ocr_line' id='line_1_35' title="bbox 242 3180 1844 3253; baseline 0.001 -20"><span class='ocrx_word' id='word_1_279' title='bbox 242 3181 413 3236; x_wconf 85' lang='lat' dir='ltr'>ﬁdem</span> <span class='ocrx_word' id='word_1_280' title='bbox 444 3190 546 3250; x_wconf 90' lang='lat' dir='ltr'>est,</span> <span class='ocrx_word' id='word_1_281' title='bbox 581 3191 631 3235; x_wconf 87' lang='lat' dir='ltr'>et</span> <span class='ocrx_word' id='word_1_282' title='bbox 663 3182 716 3235; x_wconf 92' lang='lat' dir='ltr'>in</span> <span class='ocrx_word' id='word_1_283' title='bbox 747 3198 956 3236; x_wconf 90' lang='lat' dir='ltr'>omnes.</span> <span class='ocrx_word' id='word_1_284' title='bbox 989 3182 1112 3235; x_wconf 89' lang='lat' dir='ltr'>Non</span> <span class='ocrx_word' id='word_1_285' title='bbox 1161 3181 1304 3235; x_wconf 90' lang='lat' dir='ltr'>enim</span> <span class='ocrx_word' id='word_1_286' title='bbox 1353 3180 1705 3253; x_wconf 91' lang='lat' dir='ltr'>distinguitur</span> <span class='ocrx_word' id='word_1_287' title='bbox 1745 3182 1844 3235; x_wconf 84' lang='lat' dir='ltr'>Ju-</span> 
     </span>
    </p>
   </div>
   <div class='ocr_carea' id='block_1_36' title="bbox 240 3269 1840 3341">
    <p class='ocr_par' dir='ltr' id='par_1_36' title="bbox 240 3269 1840 3341">
     <span class='ocr_line' id='line_1_36' title="bbox 240 3269 1840 3341; baseline 0.001 -18"><span class='ocrx_word' id='word_1_288' title='bbox 240 3271 395 3325; x_wconf 72' lang='lat' dir='ltr'>dams</span> <span class='ocrx_word' id='word_1_289' title='bbox 425 3287 455 3322; x_wconf 89' lang='lat' dir='ltr'>a</span> <span class='ocrx_word' id='word_1_290' title='bbox 487 3270 693 3340; x_wconf 90' lang='lat' dir='ltr'>gentili,</span> <span class='ocrx_word' id='word_1_291' title='bbox 729 3286 852 3325; x_wconf 91' lang='lat' dir='ltr'>cum</span> <span class='ocrx_word' id='word_1_292' title='bbox 883 3286 1072 3324; x_wconf 91' lang='lat' dir='ltr'>omnes</span> <span class='ocrx_word' id='word_1_293' title='bbox 1094 3286 1247 3339; x_wconf 72' lang='lat' dir='ltr'>aeque</span> <span class='ocrx_word' id='word_1_294' title='bbox 1290 3269 1630 3339; x_wconf 82' lang='lat' dir='ltr'>peccaverint</span> <span class='ocrx_word' id='word_1_295' title='bbox 1655 3288 1668 3335; x_wconf 84' lang='lat'><strong>;</strong></span> <span class='ocrx_word' id='word_1_296' title='bbox 1690 3285 1840 3341; x_wconf 91' lang='lat' dir='ltr'>ergo,</span> 
     </span>
    </p>
   </div>
   <div class='ocr_carea' id='block_1_37' title="bbox 244 3357 1844 3428">
    <p class='ocr_par' dir='ltr' id='par_1_37' title="bbox 244 3357 1844 3428">
     <span class='ocr_line' id='line_1_37' title="bbox 244 3357 1844 3428; baseline 0 -17"><span class='ocrx_word' id='word_1_297' title='bbox 244 3374 275 3412; x_wconf 93' lang='grc' dir='ltr'>ο</span> <span class='ocrx_word' id='word_1_298' title='bbox 312 3358 528 3423; x_wconf 66' lang='lat' dir='ltr'>Judaee,</span> <span class='ocrx_word' id='word_1_299' title='bbox 563 3358 653 3413; x_wconf 88' lang='lat' dir='ltr'>ubi</span> <span class='ocrx_word' id='word_1_300' title='bbox 685 3363 766 3412; x_wconf 88' lang='lat' dir='ltr'>est</span> <span class='ocrx_word' id='word_1_301' title='bbox 801 3366 898 3412; x_wconf 83' lang='lat' dir='ltr'>tua</span> <span class='ocrx_word' id='word_1_302' title='bbox 918 3359 1182 3428; x_wconf 83' lang='lat' dir='ltr'>gloriatio</span> <span class='ocrx_word' id='word_1_303' title='bbox 1204 3358 1230 3410; x_wconf 74' lang='lat' dir='ltr'>‘l</span> <span class='ocrx_word' id='word_1_304' title='bbox 1255 3358 1379 3411; x_wconf 91' lang='lat' dir='ltr'>Non</span> <span class='ocrx_word' id='word_1_305' title='bbox 1404 3357 1496 3410; x_wconf 91' lang='lat' dir='ltr'>tibi</span> <span class='ocrx_word' id='word_1_306' title='bbox 1522 3357 1844 3428; x_wconf 87' lang='lat' dir='ltr'>relinquitur</span> 
     </span>
    </p>
   </div>
   <div class='ocr_carea' id='block_1_38' title="bbox 244 3446 1843 3518">
    <p class='ocr_par' dir='ltr' id='par_1_38' title="bbox 244 3446 1843 3518">
     <span class='ocr_line' id='line_1_38' title="bbox 244 3446 1843 3518; baseline -0.001 -18"><span class='ocrx_word' id='word_1_307' title='bbox 244 3447 393 3500; x_wconf 90' lang='lat' dir='ltr'>unde</span> <span class='ocrx_word' id='word_1_308' title='bbox 417 3447 530 3514; x_wconf 87' lang='lat' dir='ltr'>jam</span> <span class='ocrx_word' id='word_1_309' title='bbox 564 3446 817 3518; x_wconf 88' lang='lat' dir='ltr'>glorieris</span> <span class='ocrx_word' id='word_1_310' title='bbox 848 3446 900 3499; x_wconf 92' lang='lat' dir='ltr'>in</span> <span class='ocrx_word' id='word_1_311' title='bbox 936 3446 1079 3517; x_wconf 89' lang='lat' dir='ltr'>lege,</span> <span class='ocrx_word' id='word_1_312' title='bbox 1112 3462 1234 3501; x_wconf 91' lang='lat' dir='ltr'>cum</span> <span class='ocrx_word' id='word_1_313' title='bbox 1264 3462 1365 3516; x_wconf 89' lang='lat' dir='ltr'>per</span> <span class='ocrx_word' id='word_1_314' title='bbox 1397 3446 1576 3516; x_wconf 87' lang='lat' dir='ltr'>legem</span> <span class='ocrx_word' id='word_1_315' title='bbox 1608 3446 1753 3499; x_wconf 90' lang='lat' dir='ltr'>nulla</span> <span class='ocrx_word' id='word_1_316' title='bbox 1776 3446 1843 3499; x_wconf 89' lang='lat' dir='ltr'>sit</span> 
     </span>
    </p>
   </div>
   <div class='ocr_carea' id='block_1_39' title="bbox 234 3533 1835 3603">
    <p class='ocr_par' dir='ltr' id='par_1_39' title="bbox 234 3533 1835 3603">
     <span class='ocr_line' id='line_1_39' title="bbox 234 3533 1835 3603; baseline 0.001 -15"><span class='ocrx_word' id='word_1_317' title='bbox 234 3534 576 3601; x_wconf 83' lang='lat' dir='ltr'>justiticatio,</span> <span class='ocrx_word' id='word_1_318' title='bbox 608 3535 704 3588; x_wconf 89' lang='lat' dir='ltr'>sed</span> <span class='ocrx_word' id='word_1_319' title='bbox 737 3534 912 3588; x_wconf 88' lang='lat' dir='ltr'>omnis</span> <span class='ocrx_word' id='word_1_320' title='bbox 942 3550 1041 3603; x_wconf 90' lang='lat' dir='ltr'>per</span> <span class='ocrx_word' id='word_1_321' title='bbox 1059 3533 1239 3588; x_wconf 81' lang='lat' dir='ltr'>fidem.</span> <span class='ocrx_word' id='word_1_322' title='bbox 1272 3535 1560 3603; x_wconf 89' lang='lat' dir='ltr'>Propterea</span> <span class='ocrx_word' id='word_1_323' title='bbox 1581 3535 1835 3599; x_wconf 71' lang='lat' dir='ltr'>exclusa,</span> 
     </span>
    </p>
   </div>
   <div class='ocr_carea' id='block_1_40' title="bbox 239 3622 1839 3694">
    <p class='ocr_par' dir='ltr' id='par_1_40' title="bbox 239 3622 1839 3694">
     <span class='ocr_line' id='line_1_40' title="bbox 239 3622 1839 3694; baseline -0.001 -17"><span class='ocrx_word' id='word_1_324' title='bbox 239 3624 291 3677; x_wconf 91' lang='lat' dir='ltr'>id</span> <span class='ocrx_word' id='word_1_325' title='bbox 323 3631 412 3677; x_wconf 88' lang='lat' dir='ltr'>est</span> <span class='ocrx_word' id='word_1_326' title='bbox 442 3623 622 3676; x_wconf 90' lang='lat' dir='ltr'>ablata</span> <span class='ocrx_word' id='word_1_327' title='bbox 654 3628 735 3677; x_wconf 87' lang='lat' dir='ltr'>est</span> <span class='ocrx_word' id='word_1_328' title='bbox 771 3630 863 3676; x_wconf 92' lang='lat' dir='ltr'>tua</span> <span class='ocrx_word' id='word_1_329' title='bbox 893 3622 1167 3694; x_wconf 86' lang='lat' dir='ltr'>gloriatio,</span> <span class='ocrx_word' id='word_1_330' title='bbox 1189 3639 1293 3693; x_wconf 88' lang='lat' dir='ltr'>qua</span> <span class='ocrx_word' id='word_1_331' title='bbox 1321 3639 1420 3691; x_wconf 91' lang='lat' dir='ltr'>per</span> <span class='ocrx_word' id='word_1_332' title='bbox 1438 3622 1617 3694; x_wconf 89' lang='lat' dir='ltr'>legem</span> <span class='ocrx_word' id='word_1_333' title='bbox 1639 3630 1690 3676; x_wconf 92' lang='lat' dir='ltr'>te</span> <span class='ocrx_word' id='word_1_334' title='bbox 1703 3640 1839 3692; x_wconf 65' lang='lat' dir='ltr'>pra:-</span> 
     </span>
    </p>
   </div>
   <div class='ocr_carea' id='block_1_41' title="bbox 240 3709 1844 3782">
    <p class='ocr_par' dir='ltr' id='par_1_41' title="bbox 240 3709 1844 3782">
     <span class='ocr_line' id='line_1_41' title="bbox 240 3709 1844 3782; baseline -0.001 -17"><span class='ocrx_word' id='word_1_335' title='bbox 240 3711 463 3765; x_wconf 88' lang='lat' dir='ltr'>ferebas</span> <span class='ocrx_word' id='word_1_336' title='bbox 494 3710 701 3781; x_wconf 86' lang='lat' dir='ltr'>gentili.</span> <span class='ocrx_word' id='word_1_337' title='bbox 737 3710 846 3764; x_wconf 87' lang='lat' dir='ltr'>Sed</span> <span class='ocrx_word' id='word_1_338' title='bbox 865 3727 965 3781; x_wconf 85' lang='lat' dir='ltr'>per</span> <span class='ocrx_word' id='word_1_339' title='bbox 985 3728 1152 3782; x_wconf 87' lang='lat' dir='ltr'>quam</span> <span class='ocrx_word' id='word_1_340' title='bbox 1178 3712 1349 3781; x_wconf 88' lang='lat' dir='ltr'>legem</span> <span class='ocrx_word' id='word_1_341' title='bbox 1371 3710 1593 3765; x_wconf 89' lang='lat' dir='ltr'>exclusa</span> <span class='ocrx_word' id='word_1_342' title='bbox 1614 3718 1696 3764; x_wconf 90' lang='lat' dir='ltr'>est</span> <span class='ocrx_word' id='word_1_343' title='bbox 1726 3709 1844 3782; x_wconf 91' lang='lat' dir='ltr'>glo-</span> 
     </span>
    </p>
   </div>
   <div class='ocr_carea' id='block_1_42' title="bbox 237 3797 1839 3868">
    <p class='ocr_par' dir='ltr' id='par_1_42' title="bbox 237 3797 1839 3868">
     <span class='ocr_line' id='line_1_42' title="bbox 237 3797 1839 3868; baseline 0 -15"><span class='ocrx_word' id='word_1_344' title='bbox 237 3798 477 3854; x_wconf 88' lang='lat' dir='ltr'>rificatio</span> <span class='ocrx_word' id='word_1_345' title='bbox 517 3806 621 3852; x_wconf 65' lang='lat' dir='ltr'>tute</span> <span class='ocrx_word' id='word_1_346' title='bbox 650 3797 826 3868; x_wconf 78' lang='lat' dir='ltr'>legis?</span> <span class='ocrx_word' id='word_1_347' title='bbox 857 3801 937 3851; x_wconf 83' lang='lat' dir='ltr'>An</span> <span class='ocrx_word' id='word_1_348' title='bbox 970 3815 1068 3867; x_wconf 92' lang='lat' dir='ltr'>per</span> <span class='ocrx_word' id='word_1_349' title='bbox 1098 3798 1328 3852; x_wconf 91' lang='lat' dir='ltr'>similem</span> <span class='ocrx_word' id='word_1_350' title='bbox 1346 3798 1523 3867; x_wconf 90' lang='lat' dir='ltr'>legem</span> <span class='ocrx_word' id='word_1_351' title='bbox 1552 3801 1839 3867; x_wconf 83' lang='lat' dir='ltr'>factorum</span> 
     </span>
    </p>
   </div>
   <div class='ocr_carea' id='block_1_43' title="bbox 238 3886 1835 3957">
    <p class='ocr_par' dir='ltr' id='par_1_43' title="bbox 238 3886 1835 3957">
     <span class='ocr_line' id='line_1_43' title="bbox 238 3886 1835 3957; baseline -0.001 -16"><span class='ocrx_word' id='word_1_352' title='bbox 238 3889 427 3941; x_wconf 87' lang='lat' dir='ltr'>ablata</span> <span class='ocrx_word' id='word_1_353' title='bbox 459 3888 577 3941; x_wconf 82' lang='lat' dir='ltr'>est?</span> <span class='ocrx_word' id='word_1_354' title='bbox 607 3887 709 3941; x_wconf 86' lang='lat' dir='ltr'>Lex</span> <span class='ocrx_word' id='word_1_355' title='bbox 744 3894 893 3940; x_wconf 86' lang='lat' dir='ltr'>vetus</span> <span class='ocrx_word' id='word_1_356' title='bbox 925 3895 1036 3940; x_wconf 90' lang='lat' dir='ltr'>erat</span> <span class='ocrx_word' id='word_1_357' title='bbox 1065 3886 1151 3940; x_wconf 85' lang='lat' dir='ltr'>lex</span> <span class='ocrx_word' id='word_1_358' title='bbox 1184 3886 1441 3941; x_wconf 85' lang='lat' dir='ltr'>factorum</span> <span class='ocrx_word' id='word_1_359' title='bbox 1480 3905 1493 3952; x_wconf 90' lang='lat'><strong>;</strong></span> <span class='ocrx_word' id='word_1_360' title='bbox 1524 3887 1648 3957; x_wconf 86' lang='lat' dir='ltr'>quia</span> <span class='ocrx_word' id='word_1_361' title='bbox 1679 3886 1835 3941; x_wconf 89' lang='lat' dir='ltr'>simi-</span> 
     </span>
    </p>
   </div>
   <div class='ocr_carea' id='block_1_44' title="bbox 238 3974 1834 4044">
    <p class='ocr_par' dir='ltr' id='par_1_44' title="bbox 238 3974 1834 4044">
     <span class='ocr_line' id='line_1_44' title="bbox 238 3974 1834 4044; baseline -0.001 -15"><span class='ocrx_word' id='word_1_362' title='bbox 238 3976 365 4031; x_wconf 88' lang='lat' dir='ltr'>liter</span> <span class='ocrx_word' id='word_1_363' title='bbox 397 3991 625 4029; x_wconf 87' lang='lat' dir='ltr'>necesse</span> <span class='ocrx_word' id='word_1_364' title='bbox 655 3983 771 4029; x_wconf 89' lang='lat' dir='ltr'>erat</span> <span class='ocrx_word' id='word_1_365' title='bbox 801 3975 853 4027; x_wconf 93' lang='lat' dir='ltr'>in</span> <span class='ocrx_word' id='word_1_366' title='bbox 884 3989 950 4029; x_wconf 90' lang='lat' dir='ltr'>ea</span> <span class='ocrx_word' id='word_1_367' title='bbox 980 3975 1194 4044; x_wconf 89' lang='lat' dir='ltr'>operari</span> <span class='ocrx_word' id='word_1_368' title='bbox 1219 3974 1569 4039; x_wconf 90' lang='lat' dir='ltr'>immolando,</span> <span class='ocrx_word' id='word_1_369' title='bbox 1606 3982 1834 4029; x_wconf 65' lang='lat' dir='ltr'>caeteros</span> 
     </span>
    </p>
   </div>
   <div class='ocr_carea' id='block_1_45' title="bbox 236 4062 1833 4134">
    <p class='ocr_par' dir='ltr' id='par_1_45' title="bbox 236 4062 1833 4134">
     <span class='ocr_line' id='line_1_45' title="bbox 236 4062 1833 4134; baseline 0.001 -17"><span class='ocrx_word' id='word_1_370' title='bbox 236 4066 379 4118; x_wconf 90' lang='lat' dir='ltr'>ritus</span> <span class='ocrx_word' id='word_1_371' title='bbox 412 4063 661 4118; x_wconf 89' lang='lat' dir='ltr'>carnales</span> <span class='ocrx_word' id='word_1_372' title='bbox 712 4064 1075 4129; x_wconf 81' lang='lat' dir='ltr'>observando,</span> <span class='ocrx_word' id='word_1_373' title='bbox 1110 4063 1256 4117; x_wconf 89' lang='lat' dir='ltr'>velut</span> <span class='ocrx_word' id='word_1_374' title='bbox 1286 4062 1340 4116; x_wconf 90' lang='lat' dir='ltr'>in</span> <span class='ocrx_word' id='word_1_375' title='bbox 1386 4078 1521 4134; x_wconf 91' lang='lat' dir='ltr'>agro</span> <span class='ocrx_word' id='word_1_376' title='bbox 1551 4071 1641 4116; x_wconf 91' lang='lat' dir='ltr'>aut</span> <span class='ocrx_word' id='word_1_377' title='bbox 1673 4062 1833 4118; x_wconf 72' lang='lat'><strong>24</strong></span> 
     </span>
    </p>
   </div>
   <div class='ocr_carea' id='block_1_46' title="bbox 237 4150 1833 4225">
    <p class='ocr_par' dir='ltr' id='par_1_46' title="bbox 237 4150 1833 4225">
     <span class='ocr_line' id='line_1_46' title="bbox 237 4150 1833 4225; baseline -0.001 -18"><span class='ocrx_word' id='word_1_378' title='bbox 237 4154 419 4207; x_wconf 86' lang='lat' dir='ltr'>vinea.</span> <span class='ocrx_word' id='word_1_379' title='bbox 456 4150 594 4218; x_wconf 89' lang='lat' dir='ltr'>Quia</span> <span class='ocrx_word' id='word_1_380' title='bbox 622 4152 666 4225; x_wconf 85' lang='lat' dir='ltr'>si</span> <span class='ocrx_word' id='word_1_381' title='bbox 688 4152 832 4205; x_wconf 88' lang='lat' dir='ltr'>Deus</span> <span class='ocrx_word' id='word_1_382' title='bbox 850 4151 973 4206; x_wconf 85' lang='lat' dir='ltr'>huic</span> <span class='ocrx_word' id='word_1_383' title='bbox 1000 4151 1110 4223; x_wconf 86' lang='lat' dir='ltr'>legi</span> <span class='ocrx_word' id='word_1_384' title='bbox 1132 4150 1398 4206; x_wconf 82' lang='lat' dir='ltr'>factorum</span> <span class='ocrx_word' id='word_1_385' title='bbox 1421 4150 1579 4204; x_wconf 89' lang='lat' dir='ltr'>aliam</span> <span class='ocrx_word' id='word_1_386' title='bbox 1602 4151 1833 4205; x_wconf 90' lang='lat' dir='ltr'>similem</span> 
     </span>
    </p>
   </div>
   <div class='ocr_carea' id='block_1_47' title="bbox 235 4239 1831 4313">
    <p class='ocr_par' dir='ltr' id='par_1_47' title="bbox 235 4239 1831 4313">
     <span class='ocr_line' id='line_1_47' title="bbox 235 4239 1831 4313; baseline -0.001 -18"><span class='ocrx_word' id='word_1_387' title='bbox 235 4242 423 4313; x_wconf 88' lang='lat' dir='ltr'>legem</span> <span class='ocrx_word' id='word_1_388' title='bbox 456 4240 925 4309; x_wconf 90' lang='lat' dir='ltr'>superinduceret,</span> <span class='ocrx_word' id='word_1_389' title='bbox 958 4239 1236 4293; x_wconf 88' lang='lat' dir='ltr'>videretur</span> <span class='ocrx_word' id='word_1_390' title='bbox 1266 4240 1627 4309; x_wconf 88' lang='lat' dir='ltr'>incongruum</span> <span class='ocrx_word' id='word_1_391' title='bbox 1660 4248 1711 4293; x_wconf 88' lang='lat' dir='ltr'>et</span> <span class='ocrx_word' id='word_1_392' title='bbox 1743 4240 1831 4293; x_wconf 90' lang='lat' dir='ltr'>in-</span> 
     </span>
    </p>
   </div>
   <div class='ocr_carea' id='block_1_48' title="bbox 1950 357 3532 437">
    <p class='ocr_par' dir='ltr' id='par_1_48' title="bbox 1950 357 3532 437">
     <span class='ocr_line' id='line_1_48' title="bbox 1950 357 3532 437; baseline 0.009 -28"><span class='ocrx_word' id='word_1_393' title='bbox 1950 357 2059 411; x_wconf 91' lang='lat' dir='ltr'>lum</span> <span class='ocrx_word' id='word_1_394' title='bbox 2091 360 2424 428; x_wconf 73' lang='lat' dir='ltr'>Iudaeorum,</span> <span class='ocrx_word' id='word_1_395' title='bbox 2459 367 2571 419; x_wconf 82' lang='lat' dir='ltr'>imo</span> <span class='ocrx_word' id='word_1_396' title='bbox 2602 364 2763 418; x_wconf 88' lang='lat' dir='ltr'>etiam</span> <span class='ocrx_word' id='word_1_397' title='bbox 2792 368 3050 435; x_wconf 87' lang='lat' dir='ltr'>gentium</span> <span class='ocrx_word' id='word_1_398' title='bbox 3082 369 3229 422; x_wconf 91' lang='lat' dir='ltr'>Deus</span> <span class='ocrx_word' id='word_1_399' title='bbox 3258 377 3357 423; x_wconf 90' lang='lat' dir='ltr'>est.</span> <span class='ocrx_word' id='word_1_400' title='bbox 3391 369 3532 437; x_wconf 87' lang='lat' dir='ltr'>Quia</span> 
     </span>
    </p>
   </div>
   <div class='ocr_carea' id='block_1_49' title="bbox 1940 447 3534 523">
    <p class='ocr_par' dir='ltr' id='par_1_49' title="bbox 1940 447 3534 523">
     <span class='ocr_line' id='line_1_49' title="bbox 1940 447 3534 523; baseline 0.008 -23"><span class='ocrx_word' id='word_1_401' title='bbox 1940 447 1983 501; x_wconf 92' lang='lat' dir='ltr'>si</span> <span class='ocrx_word' id='word_1_402' title='bbox 2017 464 2170 519; x_wconf 70' lang='lat' dir='ltr'>aeque</span> <span class='ocrx_word' id='word_1_403' title='bbox 2200 454 2433 523; x_wconf 89' lang='lat' dir='ltr'>gentiles</span> <span class='ocrx_word' id='word_1_404' title='bbox 2476 454 2678 508; x_wconf 85' lang='lat' dir='ltr'>creavit</span> <span class='ocrx_word' id='word_1_405' title='bbox 2713 462 2769 507; x_wconf 93' lang='lat' dir='ltr'>ut</span> <span class='ocrx_word' id='word_1_406' title='bbox 2815 456 3052 521; x_wconf 65' lang='lat' dir='ltr'>Iudaeos,</span> <span class='ocrx_word' id='word_1_407' title='bbox 3103 466 3313 512; x_wconf 88' lang='lat' dir='ltr'>constat</span> <span class='ocrx_word' id='word_1_408' title='bbox 3364 460 3534 513; x_wconf 90' lang='lat' dir='ltr'>Deum</span> 
     </span>
    </p>
   </div>
   <div class='ocr_carea' id='block_1_50' title="bbox 1939 542 3535 615">
    <p class='ocr_par' dir='ltr' id='par_1_50' title="bbox 1939 542 3535 615">
     <span class='ocr_line' id='line_1_50' title="bbox 1939 542 3535 615; baseline 0.008 -25"><span class='ocrx_word' id='word_1_409' title='bbox 1939 546 2194 609; x_wconf 89' lang='lat' dir='ltr'>utrosque</span> <span class='ocrx_word' id='word_1_410' title='bbox 2227 543 2365 597; x_wconf 85' lang='lat' dir='ltr'>velle</span> <span class='ocrx_word' id='word_1_411' title='bbox 2394 542 2669 613; x_wconf 57' lang='lat' dir='ltr'>aequaliter</span> <span class='ocrx_word' id='word_1_412' title='bbox 2716 542 2945 597; x_wconf 91' lang='lat' dir='ltr'>salvare.</span> <span class='ocrx_word' id='word_1_413' title='bbox 2980 546 3121 599; x_wconf 87' lang='lat' dir='ltr'>Vere</span> <span class='ocrx_word' id='word_1_414' title='bbox 3152 546 3242 615; x_wconf 91' lang='lat' dir='ltr'>qui</span> <span class='ocrx_word' id='word_1_415' title='bbox 3272 546 3419 601; x_wconf 89' lang='lat' dir='ltr'>Deus</span> <span class='ocrx_word' id='word_1_416' title='bbox 3453 554 3535 602; x_wconf 88' lang='lat' dir='ltr'>est</span> 
     </span>
    </p>
   </div>
   <div class='ocr_carea' id='block_1_51' title="bbox 1938 629 3535 705">
    <p class='ocr_par' dir='ltr' id='par_1_51' title="bbox 1938 629 3535 705">
     <span class='ocr_line' id='line_1_51' title="bbox 1938 629 3535 705; baseline 0.006 -24"><span class='ocrx_word' id='word_1_417' title='bbox 1938 629 1963 681; x_wconf 85' lang='grc'><strong>,1</strong></span> <span class='ocrx_word' id='word_1_418' title='bbox 1972 631 2270 699; x_wconf 71' lang='grc' dir='ltr'>υάὲΕΟΙῚΠΠ,</span> <span class='ocrx_word' id='word_1_419' title='bbox 2290 640 2371 685; x_wconf 91' lang='lat' dir='ltr'>est</span> <span class='ocrx_word' id='word_1_420' title='bbox 2387 633 2532 685; x_wconf 92' lang='lat' dir='ltr'>Deus</span> <span class='ocrx_word' id='word_1_421' title='bbox 2552 632 2793 701; x_wconf 89' lang='lat' dir='ltr'>gentium</span> <span class='ocrx_word' id='word_1_422' title='bbox 2819 650 2831 697; x_wconf 85' lang='lat'><strong>;</strong></span> <span class='ocrx_word' id='word_1_423' title='bbox 2858 635 3123 701; x_wconf 85' lang='lat' dir='ltr'>quoniam</span> <span class='ocrx_word' id='word_1_424' title='bbox 3146 634 3366 705; x_wconf 87' lang='lat' dir='ltr'>quidem</span> <span class='ocrx_word' id='word_1_425' title='bbox 3384 652 3535 691; x_wconf 89' lang='lat' dir='ltr'>unus</span> 
     </span>
    </p>
   </div>
   <div class='ocr_carea' id='block_1_52' title="bbox 1938 719 3529 792">
    <p class='ocr_par' dir='ltr' id='par_1_52' title="bbox 1938 719 3529 792">
     <span class='ocr_line' id='line_1_52' title="bbox 1938 719 3529 792; baseline 0.003 -18"><span class='ocrx_word' id='word_1_426' title='bbox 1938 723 2023 774; x_wconf 86' lang='lat' dir='ltr'>est</span> <span class='ocrx_word' id='word_1_427' title='bbox 2050 721 2195 774; x_wconf 89' lang='lat' dir='ltr'>Deus</span> <span class='ocrx_word' id='word_1_428' title='bbox 2236 721 2494 774; x_wconf 89' lang='lat' dir='ltr'>omnium.</span> <span class='ocrx_word' id='word_1_429' title='bbox 2547 719 2682 788; x_wconf 84' lang='lat' dir='ltr'>Quia</span> <span class='ocrx_word' id='word_1_430' title='bbox 2731 721 2775 773; x_wconf 92' lang='lat' dir='ltr'>si</span> <span class='ocrx_word' id='word_1_431' title='bbox 2814 737 2952 774; x_wconf 91' lang='lat' dir='ltr'>unus</span> <span class='ocrx_word' id='word_1_432' title='bbox 2997 728 3201 775; x_wconf 90' lang='lat' dir='ltr'>tantum</span> <span class='ocrx_word' id='word_1_433' title='bbox 3250 730 3332 777; x_wconf 90' lang='lat' dir='ltr'>est</span> <span class='ocrx_word' id='word_1_434' title='bbox 3363 724 3529 792; x_wconf 90' lang='lat' dir='ltr'>Deus,</span> 
     </span>
    </p>
   </div>
   <div class='ocr_carea' id='block_1_53' title="bbox 1938 810 3528 881">
    <p class='ocr_par' dir='ltr' id='par_1_53' title="bbox 1938 810 3528 881">
     <span class='ocr_line' id='line_1_53' title="bbox 1938 810 3528 881; baseline 0.003 -20"><span class='ocrx_word' id='word_1_435' title='bbox 1938 815 2152 861; x_wconf 88' lang='lat' dir='ltr'>constat</span> <span class='ocrx_word' id='word_1_436' title='bbox 2202 810 2452 863; x_wconf 89' lang='lat' dir='ltr'>eumdem</span> <span class='ocrx_word' id='word_1_437' title='bbox 2502 825 2622 862; x_wconf 89' lang='lat' dir='ltr'>esse</span> <span class='ocrx_word' id='word_1_438' title='bbox 2672 810 2842 863; x_wconf 91' lang='lat' dir='ltr'>Deum</span> <span class='ocrx_word' id='word_1_439' title='bbox 2875 810 3118 881; x_wconf 89' lang='lat' dir='ltr'>gentium</span> <span class='ocrx_word' id='word_1_440' title='bbox 3148 827 3308 881; x_wconf 91' lang='lat' dir='ltr'>quem</span> <span class='ocrx_word' id='word_1_441' title='bbox 3341 819 3391 865; x_wconf 91' lang='lat' dir='ltr'>et</span> <span class='ocrx_word' id='word_1_442' title='bbox 3429 812 3528 865; x_wconf 87' lang='lat' dir='ltr'>Ju-</span> 
     </span>
    </p>
   </div>
   <div class='ocr_carea' id='block_1_54' title="bbox 1938 896 3533 969">
    <p class='ocr_par' dir='ltr' id='par_1_54' title="bbox 1938 896 3533 969">
     <span class='ocr_line' id='line_1_54' title="bbox 1938 896 3533 969; baseline 0.004 -20"><span class='ocrx_word' id='word_1_443' title='bbox 1938 896 2201 951; x_wconf 69' lang='lat' dir='ltr'>daeorum.</span> <span class='ocrx_word' id='word_1_444' title='bbox 2237 898 2688 968; x_wconf 84' lang='lat' dir='ltr'>Quandoquidem</span> <span class='ocrx_word' id='word_1_445' title='bbox 2720 915 2867 952; x_wconf 90' lang='lat' dir='ltr'>unus</span> <span class='ocrx_word' id='word_1_446' title='bbox 2884 899 3125 969; x_wconf 89' lang='lat' dir='ltr'>gentium</span> <span class='ocrx_word' id='word_1_447' title='bbox 3149 907 3199 954; x_wconf 91' lang='lat' dir='ltr'>et</span> <span class='ocrx_word' id='word_1_448' title='bbox 3219 900 3533 955; x_wconf 71' lang='lat' dir='ltr'>Judzeorum</span> 
     </span>
    </p>
   </div>
   <div class='ocr_carea' id='block_1_55' title="bbox 1939 985 3531 1061">
    <p class='ocr_par' dir='ltr' id='par_1_55' title="bbox 1939 985 3531 1061">
     <span class='ocr_line' id='line_1_55' title="bbox 1939 985 3531 1061; baseline 0.003 -22"><span class='ocrx_word' id='word_1_449' title='bbox 1939 993 2021 1039; x_wconf 89' lang='lat' dir='ltr'>est</span> <span class='ocrx_word' id='word_1_450' title='bbox 2052 985 2295 1051; x_wconf 88' lang='lat' dir='ltr'>Creator,</span> <span class='ocrx_word' id='word_1_451' title='bbox 2330 994 2541 1041; x_wconf 88' lang='lat' dir='ltr'>constat</span> <span class='ocrx_word' id='word_1_452' title='bbox 2573 987 2716 1057; x_wconf 90' lang='lat' dir='ltr'>quod</span> <span class='ocrx_word' id='word_1_453' title='bbox 2746 987 2833 1041; x_wconf 90' lang='lat' dir='ltr'>hic</span> <span class='ocrx_word' id='word_1_454' title='bbox 2856 1003 2994 1041; x_wconf 91' lang='lat' dir='ltr'>unus</span> <span class='ocrx_word' id='word_1_455' title='bbox 3025 987 3169 1042; x_wconf 90' lang='lat' dir='ltr'>idem</span> <span class='ocrx_word' id='word_1_456' title='bbox 3192 993 3296 1057; x_wconf 83' lang='lat' dir='ltr'>est,</span> <span class='ocrx_word' id='word_1_457' title='bbox 3322 991 3415 1061; x_wconf 86' lang='lat' dir='ltr'>qui</span> <span class='ocrx_word' id='word_1_458' title='bbox 3427 992 3531 1061; x_wconf 88' lang='lat' dir='ltr'>ju-</span> 
     </span>
    </p>
   </div>
   <div class='ocr_carea' id='block_1_56' title="bbox 1937 1075 3533 1145">
    <p class='ocr_par' dir='ltr' id='par_1_56' title="bbox 1937 1075 3533 1145">
     <span class='ocr_line' id='line_1_56' title="bbox 1937 1075 3533 1145; baseline 0.004 -17"><span class='ocrx_word' id='word_1_459' title='bbox 1937 1075 2207 1142; x_wconf 85' lang='lat' dir='ltr'>stiﬁcavit</span> <span class='ocrx_word' id='word_1_460' title='bbox 2238 1076 2748 1143; x_wconf 81' lang='lat' dir='ltr'>circumcisionem,</span> <span class='ocrx_word' id='word_1_461' title='bbox 2782 1075 2836 1128; x_wconf 91' lang='lat' dir='ltr'>id</span> <span class='ocrx_word' id='word_1_462' title='bbox 2866 1084 2947 1129; x_wconf 91' lang='lat' dir='ltr'>est</span> <span class='ocrx_word' id='word_1_463' title='bbox 2976 1077 3192 1131; x_wconf 72' lang='lat' dir='ltr'>Iudaeos</span> <span class='ocrx_word' id='word_1_464' title='bbox 3224 1093 3297 1132; x_wconf 73' lang='lat' dir='ltr'>ex</span> <span class='ocrx_word' id='word_1_465' title='bbox 3326 1079 3452 1145; x_wconf 84' lang='lat' dir='ltr'>ﬁde,</span> <span class='ocrx_word' id='word_1_466' title='bbox 3480 1087 3533 1134; x_wconf 90' lang='lat' dir='ltr'>et</span> 
     </span>
    </p>
   </div>
   <div class='ocr_carea' id='block_1_57' title="bbox 1940 1161 3534 1236">
    <p class='ocr_par' dir='ltr' id='par_1_57' title="bbox 1940 1161 3534 1236">
     <span class='ocr_line' id='line_1_57' title="bbox 1940 1161 3534 1236; baseline 0.003 -20"><span class='ocrx_word' id='word_1_467' title='bbox 1940 1178 2049 1216; x_wconf 92' lang='lat' dir='ltr'>non</span> <span class='ocrx_word' id='word_1_468' title='bbox 2069 1180 2169 1232; x_wconf 88' lang='lat' dir='ltr'>per</span> <span class='ocrx_word' id='word_1_469' title='bbox 2190 1162 2387 1232; x_wconf 86' lang='lat' dir='ltr'>legem,</span> <span class='ocrx_word' id='word_1_470' title='bbox 2425 1168 2478 1217; x_wconf 87' lang='lat' dir='ltr'>et</span> <span class='ocrx_word' id='word_1_471' title='bbox 2513 1164 2603 1233; x_wconf 91' lang='lat' dir='ltr'>qui</span> <span class='ocrx_word' id='word_1_472' title='bbox 2631 1161 2946 1231; x_wconf 87' lang='lat' dir='ltr'>justificavit</span> <span class='ocrx_word' id='word_1_473' title='bbox 2972 1167 3338 1236; x_wconf 68' lang='lat' dir='ltr'>prteputium,</span> <span class='ocrx_word' id='word_1_474' title='bbox 3374 1166 3425 1221; x_wconf 90' lang='lat' dir='ltr'>id</span> <span class='ocrx_word' id='word_1_475' title='bbox 3450 1176 3534 1221; x_wconf 89' lang='lat' dir='ltr'>est</span> 
     </span>
    </p>
   </div>
   <div class='ocr_carea' id='block_1_58' title="bbox 1941 1252 3530 1323">
    <p class='ocr_par' dir='ltr' id='par_1_58' title="bbox 1941 1252 3530 1323">
     <span class='ocr_line' id='line_1_58' title="bbox 1941 1252 3530 1323; baseline 0.003 -18"><span class='ocrx_word' id='word_1_476' title='bbox 1941 1252 2176 1323; x_wconf 88' lang='lat' dir='ltr'>gentiles</span> <span class='ocrx_word' id='word_1_477' title='bbox 2209 1252 2456 1305; x_wconf 89' lang='lat' dir='ltr'>similiter</span> <span class='ocrx_word' id='word_1_478' title='bbox 2484 1268 2585 1322; x_wconf 85' lang='lat' dir='ltr'>per</span> <span class='ocrx_word' id='word_1_479' title='bbox 2631 1253 2818 1320; x_wconf 84' lang='lat' dir='ltr'>ﬁdem.</span> <span class='ocrx_word' id='word_1_480' title='bbox 2862 1253 2929 1306; x_wconf 83' lang='lat' dir='ltr'>Ili</span> <span class='ocrx_word' id='word_1_481' title='bbox 2961 1253 3051 1323; x_wconf 89' lang='lat' dir='ltr'>qui</span> <span class='ocrx_word' id='word_1_482' title='bbox 3092 1254 3418 1309; x_wconf 88' lang='lat' dir='ltr'>insidiantur</span> <span class='ocrx_word' id='word_1_483' title='bbox 3447 1256 3530 1309; x_wconf 91' lang='lat' dir='ltr'>lit-</span> 
     </span>
    </p>
   </div>
   <div class='ocr_carea' id='block_1_59' title="bbox 1939 1339 3530 1412">
    <p class='ocr_par' dir='ltr' id='par_1_59' title="bbox 1939 1339 3530 1412">
     <span class='ocr_line' id='line_1_59' title="bbox 1939 1339 3530 1412; baseline 0.005 -21"><span class='ocrx_word' id='word_1_484' title='bbox 1939 1348 2085 1403; x_wconf 72' lang='lat' dir='ltr'>terar,</span> <span class='ocrx_word' id='word_1_485' title='bbox 2131 1339 2315 1394; x_wconf 88' lang='lat' dir='ltr'>dicunt</span> <span class='ocrx_word' id='word_1_486' title='bbox 2361 1339 2615 1409; x_wconf 90' lang='lat' dir='ltr'>quiddam</span> <span class='ocrx_word' id='word_1_487' title='bbox 2662 1341 2971 1409; x_wconf 80' lang='lat' dir='ltr'>expressius</span> <span class='ocrx_word' id='word_1_488' title='bbox 3020 1342 3214 1410; x_wconf 89' lang='lat' dir='ltr'>notari,</span> <span class='ocrx_word' id='word_1_489' title='bbox 3274 1359 3374 1412; x_wconf 90' lang='lat' dir='ltr'>per</span> <span class='ocrx_word' id='word_1_490' title='bbox 3427 1344 3530 1399; x_wconf 91' lang='lat' dir='ltr'>hoc</span> 
     </span>
    </p>
   </div>
   <div class='ocr_carea' id='block_1_60' title="bbox 1940 1426 3532 1498">
    <p class='ocr_par' dir='ltr' id='par_1_60' title="bbox 1940 1426 3532 1498">
     <span class='ocr_line' id='line_1_60' title="bbox 1940 1426 3532 1498; baseline 0.004 -18"><span class='ocrx_word' id='word_1_491' title='bbox 1940 1427 2082 1497; x_wconf 88' lang='lat' dir='ltr'>quod</span> <span class='ocrx_word' id='word_1_492' title='bbox 2115 1427 2189 1481; x_wconf 89' lang='lat' dir='ltr'>ait</span> <span class='ocrx_word' id='word_1_493' title='bbox 2218 1444 2281 1481; x_wconf 80' lang='lat' dir='ltr'>ex</span> <span class='ocrx_word' id='word_1_494' title='bbox 2314 1426 2439 1491; x_wconf 84' lang='lat' dir='ltr'>ﬁde,</span> <span class='ocrx_word' id='word_1_495' title='bbox 2476 1444 2635 1497; x_wconf 88' lang='lat' dir='ltr'>quam</span> <span class='ocrx_word' id='word_1_496' title='bbox 2666 1428 2757 1481; x_wconf 87' lang='lat' dir='ltr'>ubi</span> <span class='ocrx_word' id='word_1_497' title='bbox 2790 1428 2863 1481; x_wconf 91' lang='lat' dir='ltr'>ait</span> <span class='ocrx_word' id='word_1_498' title='bbox 2893 1445 2990 1498; x_wconf 91' lang='lat' dir='ltr'>per</span> <span class='ocrx_word' id='word_1_499' title='bbox 3018 1428 3197 1484; x_wconf 84' lang='lat' dir='ltr'>fidem.</span> <span class='ocrx_word' id='word_1_500' title='bbox 3232 1432 3354 1485; x_wconf 87' lang='lat' dir='ltr'>Vult</span> <span class='ocrx_word' id='word_1_501' title='bbox 3386 1432 3532 1486; x_wconf 80' lang='lat' dir='ltr'>enim</span> 
     </span>
    </p>
   </div>
   <div class='ocr_carea' id='block_1_61' title="bbox 1939 1515 3534 1591">
    <p class='ocr_par' dir='ltr' id='par_1_61' title="bbox 1939 1515 3534 1591">
     <span class='ocr_line' id='line_1_61' title="bbox 1939 1515 3534 1591; baseline 0.004 -22"><span class='ocrx_word' id='word_1_502' title='bbox 1939 1515 2230 1585; x_wconf 88' lang='lat' dir='ltr'>designare</span> <span class='ocrx_word' id='word_1_503' title='bbox 2282 1515 2469 1570; x_wconf 83' lang='lat' dir='ltr'>dicens</span> <span class='ocrx_word' id='word_1_504' title='bbox 2518 1532 2583 1569; x_wconf 88' lang='lat' dir='ltr'>ex</span> <span class='ocrx_word' id='word_1_505' title='bbox 2633 1516 2759 1583; x_wconf 82' lang='lat' dir='ltr'>fide,</span> <span class='ocrx_word' id='word_1_506' title='bbox 2794 1518 2939 1587; x_wconf 90' lang='lat' dir='ltr'>quod</span> <span class='ocrx_word' id='word_1_507' title='bbox 2990 1534 3090 1573; x_wconf 89' lang='lat' dir='ltr'>nec</span> <span class='ocrx_word' id='word_1_508' title='bbox 3122 1518 3279 1572; x_wconf 89' lang='lat' dir='ltr'>etiam</span> <span class='ocrx_word' id='word_1_509' title='bbox 3312 1520 3534 1591; x_wconf 91' lang='lat' dir='ltr'>aliquod</span> 
     </span>
    </p>
   </div>
   <div class='ocr_carea' id='block_1_62' title="bbox 1940 1602 3523 1671">
    <p class='ocr_par' dir='ltr' id='par_1_62' title="bbox 1940 1602 3523 1671">
     <span class='ocr_line' id='line_1_62' title="bbox 1940 1602 3523 1671; baseline 0.003 -14"><span class='ocrx_word' id='word_1_510' title='bbox 1940 1604 2150 1657; x_wconf 88' lang='lat' dir='ltr'>initium</span> <span class='ocrx_word' id='word_1_511' title='bbox 2188 1602 2589 1671; x_wconf 85' lang='lat' dir='ltr'>justiticationis</span> <span class='ocrx_word' id='word_1_512' title='bbox 2634 1605 2917 1659; x_wconf 89' lang='lat' dir='ltr'>habuerint</span> <span class='ocrx_word' id='word_1_513' title='bbox 2959 1606 3130 1660; x_wconf 65' lang='lat' dir='ltr'>Judaei</span> <span class='ocrx_word' id='word_1_514' title='bbox 3160 1608 3263 1661; x_wconf 89' lang='lat' dir='ltr'>nisi</span> <span class='ocrx_word' id='word_1_515' title='bbox 3297 1624 3359 1661; x_wconf 89' lang='lat' dir='ltr'>ex</span> <span class='ocrx_word' id='word_1_516' title='bbox 3394 1608 3523 1663; x_wconf 84' lang='lat' dir='ltr'>fide.</span> 
     </span>
    </p>
   </div>
   <div class='ocr_carea' id='block_1_63' title="bbox 1940 1692 3531 1763">
    <p class='ocr_par' dir='ltr' id='par_1_63' title="bbox 1940 1692 3531 1763">
     <span class='ocr_line' id='line_1_63' title="bbox 1940 1692 3531 1763; baseline 0.004 -16"><span class='ocrx_word' id='word_1_517' title='bbox 1940 1694 2018 1747; x_wconf 91' lang='lat' dir='ltr'>De</span> <span class='ocrx_word' id='word_1_518' title='bbox 2050 1693 2303 1763; x_wconf 88' lang='lat' dir='ltr'>gentibus</span> <span class='ocrx_word' id='word_1_519' title='bbox 2335 1708 2463 1746; x_wconf 90' lang='lat' dir='ltr'>vero</span> <span class='ocrx_word' id='word_1_520' title='bbox 2494 1692 2616 1763; x_wconf 91' lang='lat' dir='ltr'>quia</span> <span class='ocrx_word' id='word_1_521' title='bbox 2648 1693 2794 1747; x_wconf 90' lang='lat' dir='ltr'>nulla</span> <span class='ocrx_word' id='word_1_522' title='bbox 2842 1702 2956 1747; x_wconf 88' lang='lat' dir='ltr'>erat</span> <span class='ocrx_word' id='word_1_523' title='bbox 3002 1694 3267 1761; x_wconf 88' lang='lat' dir='ltr'>dubietas,</span> <span class='ocrx_word' id='word_1_524' title='bbox 3303 1712 3411 1750; x_wconf 91' lang='lat' dir='ltr'>non</span> <span class='ocrx_word' id='word_1_525' title='bbox 3452 1698 3531 1753; x_wconf 89' lang='lat' dir='ltr'>sic</span> 
     </span>
    </p>
   </div>
   <div class='ocr_carea' id='block_1_64' title="bbox 1939 1781 3532 1854">
    <p class='ocr_par' dir='ltr' id='par_1_64' title="bbox 1939 1781 3532 1854">
     <span class='ocr_line' id='line_1_64' title="bbox 1939 1781 3532 1854; baseline 0.003 -18"><span class='ocrx_word' id='word_1_526' title='bbox 1939 1782 2225 1851; x_wconf 88' lang='lat' dir='ltr'>expressit.</span> <span class='ocrx_word' id='word_1_527' title='bbox 2261 1782 2367 1835; x_wconf 89' lang='lat' dir='ltr'>Sed</span> <span class='ocrx_word' id='word_1_528' title='bbox 2399 1781 2733 1851; x_wconf 87' lang='lat' dir='ltr'>Augustinus</span> <span class='ocrx_word' id='word_1_529' title='bbox 2778 1782 2908 1837; x_wconf 87' lang='lat' dir='ltr'>dicit</span> <span class='ocrx_word' id='word_1_530' title='bbox 2953 1784 3299 1854; x_wconf 61' lang='lat' dir='ltr'>mquipollere</span> <span class='ocrx_word' id='word_1_531' title='bbox 3328 1800 3392 1839; x_wconf 87' lang='lat' dir='ltr'>ex</span> <span class='ocrx_word' id='word_1_532' title='bbox 3424 1785 3532 1841; x_wconf 86' lang='lat' dir='ltr'>fide</span> 
     </span>
    </p>
   </div>
   <div class='ocr_carea' id='block_1_65' title="bbox 1939 1869 3533 1944">
    <p class='ocr_par' dir='ltr' id='par_1_65' title="bbox 1939 1869 3533 1944">
     <span class='ocr_line' id='line_1_65' title="bbox 1939 1869 3533 1944; baseline 0.004 -21"><span class='ocrx_word' id='word_1_533' title='bbox 1939 1879 1991 1924; x_wconf 90' lang='lat' dir='ltr'>et</span> <span class='ocrx_word' id='word_1_534' title='bbox 2020 1886 2119 1939; x_wconf 90' lang='lat' dir='ltr'>per</span> <span class='ocrx_word' id='word_1_535' title='bbox 2150 1869 2328 1936; x_wconf 88' lang='lat' dir='ltr'>tidem,</span> <span class='ocrx_word' id='word_1_536' title='bbox 2365 1885 2486 1924; x_wconf 91' lang='lat' dir='ltr'>cum</span> <span class='ocrx_word' id='word_1_537' title='bbox 2509 1869 2636 1923; x_wconf 90' lang='lat' dir='ltr'>alibi</span> <span class='ocrx_word' id='word_1_538' title='bbox 2667 1870 2808 1924; x_wconf 90' lang='lat' dir='ltr'>dicat</span> <span class='ocrx_word' id='word_1_539' title='bbox 2850 1872 3141 1940; x_wconf 81' lang='lat' dir='ltr'>Apostolus</span> <span class='ocrx_word' id='word_1_540' title='bbox 3184 1872 3401 1927; x_wconf 75' lang='lat' dir='ltr'>Iudaeos</span> <span class='ocrx_word' id='word_1_541' title='bbox 3432 1891 3533 1944; x_wconf 89' lang='lat' dir='ltr'>per</span> 
     </span>
    </p>
   </div>
   <div class='ocr_carea' id='block_1_66' title="bbox 1940 1956 3530 2031">
    <p class='ocr_par' dir='ltr' id='par_1_66' title="bbox 1940 1956 3530 2031">
     <span class='ocr_line' id='line_1_66' title="bbox 1940 1956 3530 2031; baseline 0.003 -19"><span class='ocrx_word' id='word_1_542' title='bbox 1940 1958 2124 2023; x_wconf 89' lang='lat' dir='ltr'>fidem,</span> <span class='ocrx_word' id='word_1_543' title='bbox 2156 1958 2387 2027; x_wconf 89' lang='lat' dir='ltr'>gentiles</span> <span class='ocrx_word' id='word_1_544' title='bbox 2427 1973 2489 2011; x_wconf 86' lang='lat' dir='ltr'>ex</span> <span class='ocrx_word' id='word_1_545' title='bbox 2522 1956 2627 2012; x_wconf 85' lang='lat' dir='ltr'>ﬁde</span> <span class='ocrx_word' id='word_1_546' title='bbox 2663 1956 2976 2026; x_wconf 83' lang='lat' dir='ltr'>justiﬁcari.</span> <span class='ocrx_word' id='word_1_547' title='bbox 3034 1960 3103 2013; x_wconf 90' lang='lat' dir='ltr'>Et</span> <span class='ocrx_word' id='word_1_548' title='bbox 3142 1960 3267 2031; x_wconf 92' lang='lat' dir='ltr'>quia</span> <span class='ocrx_word' id='word_1_549' title='bbox 3297 1961 3530 2017; x_wconf 90' lang='lat' dir='ltr'>dicimus</span> 
     </span>
    </p>
   </div>
   <div class='ocr_carea' id='block_1_67' title="bbox 1940 2045 3525 2120">
    <p class='ocr_par' dir='ltr' id='par_1_67' title="bbox 1940 2045 3525 2120">
     <span class='ocr_line' id='line_1_67' title="bbox 1940 2045 3525 2120; baseline 0.003 -19"><span class='ocrx_word' id='word_1_550' title='bbox 1940 2064 2040 2115; x_wconf 87' lang='lat' dir='ltr'>per</span> <span class='ocrx_word' id='word_1_551' title='bbox 2061 2046 2222 2100; x_wconf 83' lang='lat' dir='ltr'>fidem</span> <span class='ocrx_word' id='word_1_552' title='bbox 2253 2046 2425 2100; x_wconf 90' lang='lat' dir='ltr'>solam</span> <span class='ocrx_word' id='word_1_553' title='bbox 2442 2045 2725 2114; x_wconf 86' lang='lat' dir='ltr'>justiticari</span> <span class='ocrx_word' id='word_1_554' title='bbox 2759 2047 2875 2101; x_wconf 89' lang='lat' dir='ltr'>sine</span> <span class='ocrx_word' id='word_1_555' title='bbox 2896 2048 3153 2117; x_wconf 89' lang='lat' dir='ltr'>operibus</span> <span class='ocrx_word' id='word_1_556' title='bbox 3193 2048 3353 2119; x_wconf 88' lang='lat' dir='ltr'>legis,</span> <span class='ocrx_word' id='word_1_557' title='bbox 3376 2066 3525 2120; x_wconf 83' lang='lat' dir='ltr'>ergo,</span> 
     </span>
    </p>
   </div>
   <div class='ocr_carea' id='block_1_68' title="bbox 1941 2135 3535 2208">
    <p class='ocr_par' dir='ltr' id='par_1_68' title="bbox 1941 2135 3535 2208">
     <span class='ocr_line' id='line_1_68' title="bbox 1941 2135 3535 2208; baseline 0.002 -19"><span class='ocrx_word' id='word_1_558' title='bbox 1941 2135 1995 2189; x_wconf 94' lang='lat' dir='ltr'>id</span> <span class='ocrx_word' id='word_1_559' title='bbox 2013 2144 2095 2189; x_wconf 88' lang='lat' dir='ltr'>est</span> <span class='ocrx_word' id='word_1_560' title='bbox 2108 2150 2176 2187; x_wconf 89' lang='lat' dir='ltr'>an</span> <span class='ocrx_word' id='word_1_561' title='bbox 2194 2142 2415 2204; x_wconf 89' lang='lat' dir='ltr'>pr0pter</span> <span class='ocrx_word' id='word_1_562' title='bbox 2428 2136 2530 2188; x_wconf 89' lang='lat' dir='ltr'>hoc</span> <span class='ocrx_word' id='word_1_563' title='bbox 2554 2135 2900 2190; x_wconf 86' lang='lat' dir='ltr'>destruimus</span> <span class='ocrx_word' id='word_1_564' title='bbox 2930 2137 3103 2206; x_wconf 85' lang='lat' dir='ltr'>legem</span> <span class='ocrx_word' id='word_1_565' title='bbox 3123 2154 3226 2208; x_wconf 78' lang='lat' dir='ltr'>per</span> <span class='ocrx_word' id='word_1_566' title='bbox 3246 2137 3413 2205; x_wconf 82' lang='lat' dir='ltr'>ﬁdem</span> <span class='ocrx_word' id='word_1_567' title='bbox 3452 2140 3535 2193; x_wconf 90' lang='lat' dir='ltr'>in-</span> 
     </span>
    </p>
   </div>
   <div class='ocr_carea' id='block_1_69' title="bbox 1943 2221 3537 2293">
    <p class='ocr_par' dir='ltr' id='par_1_69' title="bbox 1943 2221 3537 2293">
     <span class='ocr_line' id='line_1_69' title="bbox 1943 2221 3537 2293; baseline 0.003 -16"><span class='ocrx_word' id='word_1_568' title='bbox 1943 2222 2207 2277; x_wconf 82' lang='lat' dir='ltr'>ductam?</span> <span class='ocrx_word' id='word_1_569' title='bbox 2239 2222 2395 2277; x_wconf 87' lang='lat' dir='ltr'>Absit</span> <span class='ocrx_word' id='word_1_570' title='bbox 2426 2224 2530 2277; x_wconf 92' lang='lat' dir='ltr'>hoc</span> <span class='ocrx_word' id='word_1_571' title='bbox 2556 2230 2611 2275; x_wconf 94' lang='lat' dir='ltr'>ut</span> <span class='ocrx_word' id='word_1_572' title='bbox 2643 2221 2777 2277; x_wconf 83' lang='lat' dir='ltr'>fides</span> <span class='ocrx_word' id='word_1_573' title='bbox 2799 2223 2974 2293; x_wconf 81' lang='lat' dir='ltr'>legem</span> <span class='ocrx_word' id='word_1_574' title='bbox 3001 2224 3244 2279; x_wconf 87' lang='lat' dir='ltr'>destruat</span> <span class='ocrx_word' id='word_1_575' title='bbox 3270 2224 3414 2281; x_wconf 85' lang='lat' dir='ltr'>lNos</span> <span class='ocrx_word' id='word_1_576' title='bbox 3433 2227 3537 2280; x_wconf 86' lang='lat' dir='ltr'>uti-</span> 
     </span>
    </p>
   </div>
   <div class='ocr_carea' id='block_1_70' title="bbox 1944 2311 3534 2381">
    <p class='ocr_par' dir='ltr' id='par_1_70' title="bbox 1944 2311 3534 2381">
     <span class='ocr_line' id='line_1_70' title="bbox 1944 2311 3534 2381; baseline 0.003 -17"><span class='ocrx_word' id='word_1_577' title='bbox 1944 2328 2049 2381; x_wconf 89' lang='lat' dir='ltr'>que</span> <span class='ocrx_word' id='word_1_578' title='bbox 2080 2327 2187 2365; x_wconf 92' lang='lat' dir='ltr'>non</span> <span class='ocrx_word' id='word_1_579' title='bbox 2219 2311 2565 2377; x_wconf 89' lang='lat' dir='ltr'>destruimus,</span> <span class='ocrx_word' id='word_1_580' title='bbox 2591 2312 2686 2365; x_wconf 90' lang='lat' dir='ltr'>sed</span> <span class='ocrx_word' id='word_1_581' title='bbox 2701 2311 2879 2381; x_wconf 90' lang='lat' dir='ltr'>potius</span> <span class='ocrx_word' id='word_1_582' title='bbox 2896 2314 3227 2381; x_wconf 85' lang='lat' dir='ltr'>statuimus,</span> <span class='ocrx_word' id='word_1_583' title='bbox 3249 2314 3302 2367; x_wconf 91' lang='lat' dir='ltr'>id</span> <span class='ocrx_word' id='word_1_584' title='bbox 3317 2323 3399 2368; x_wconf 89' lang='lat' dir='ltr'>est</span> <span class='ocrx_word' id='word_1_585' title='bbox 3419 2324 3534 2369; x_wconf 91' lang='lat' dir='ltr'>sta-</span> 
     </span>
    </p>
   </div>
   <div class='ocr_carea' id='block_1_71' title="bbox 1946 2399 3535 2472">
    <p class='ocr_par' dir='ltr' id='par_1_71' title="bbox 1946 2399 3535 2472">
     <span class='ocr_line' id='line_1_71' title="bbox 1946 2399 3535 2472; baseline 0.003 -20"><span class='ocrx_word' id='word_1_586' title='bbox 1946 2400 2109 2453; x_wconf 90' lang='lat' dir='ltr'>bilem</span> <span class='ocrx_word' id='word_1_587' title='bbox 2141 2408 2193 2453; x_wconf 89' lang='lat' dir='ltr'>et</span> <span class='ocrx_word' id='word_1_588' title='bbox 2224 2400 2491 2453; x_wconf 84' lang='lat' dir='ltr'>valentem</span> <span class='ocrx_word' id='word_1_589' title='bbox 2542 2400 2962 2469; x_wconf 89' lang='lat' dir='ltr'>comprobamus</span> <span class='ocrx_word' id='word_1_590' title='bbox 2994 2399 3160 2456; x_wconf 82' lang='lat' dir='ltr'>fuisse</span> <span class='ocrx_word' id='word_1_591' title='bbox 3193 2403 3384 2472; x_wconf 88' lang='lat' dir='ltr'>legem.</span> <span class='ocrx_word' id='word_1_592' title='bbox 3418 2402 3535 2456; x_wconf 91' lang='lat' dir='ltr'>Nisi</span> 
     </span>
    </p>
   </div>
   <div class='ocr_carea' id='block_1_72' title="bbox 1945 2486 3535 2560">
    <p class='ocr_par' dir='ltr' id='par_1_72' title="bbox 1945 2486 3535 2560">
     <span class='ocr_line' id='line_1_72' title="bbox 1945 2486 3535 2560; baseline 0.002 -19"><span class='ocrx_word' id='word_1_593' title='bbox 1945 2488 2089 2541; x_wconf 90' lang='lat' dir='ltr'>enim</span> <span class='ocrx_word' id='word_1_594' title='bbox 2121 2486 2255 2541; x_wconf 79' lang='lat' dir='ltr'>fides</span> <span class='ocrx_word' id='word_1_595' title='bbox 2286 2496 2601 2558; x_wconf 90' lang='lat' dir='ltr'>sequeretur</span> <span class='ocrx_word' id='word_1_596' title='bbox 2630 2487 3102 2559; x_wconf 68' lang='lat' dir='ltr'>quzejustifiearet,</span> <span class='ocrx_word' id='word_1_597' title='bbox 3137 2506 3237 2560; x_wconf 90' lang='lat' dir='ltr'>pro</span> <span class='ocrx_word' id='word_1_598' title='bbox 3268 2498 3415 2544; x_wconf 90' lang='lat' dir='ltr'>certo</span> <span class='ocrx_word' id='word_1_599' title='bbox 3446 2490 3535 2544; x_wconf 87' lang='lat' dir='ltr'>lex</span> 
     </span>
    </p>
   </div>
   <div class='ocr_carea' id='block_1_73' title="bbox 1946 2576 3537 2649">
    <p class='ocr_par' dir='ltr' id='par_1_73' title="bbox 1946 2576 3537 2649">
     <span class='ocr_line' id='line_1_73' title="bbox 1946 2576 3537 2649; baseline 0.001 -18"><span class='ocrx_word' id='word_1_600' title='bbox 1946 2585 2102 2631; x_wconf 90' lang='lat' dir='ltr'>vetus</span> <span class='ocrx_word' id='word_1_601' title='bbox 2132 2576 2285 2630; x_wconf 89' lang='lat' dir='ltr'>irrita</span> <span class='ocrx_word' id='word_1_602' title='bbox 2313 2584 2457 2631; x_wconf 89' lang='lat' dir='ltr'>esset</span> <span class='ocrx_word' id='word_1_603' title='bbox 2489 2592 2501 2630; x_wconf 92' lang='lat'>:</span> <span class='ocrx_word' id='word_1_604' title='bbox 2536 2576 2661 2647; x_wconf 91' lang='lat' dir='ltr'>quia</span> <span class='ocrx_word' id='word_1_605' title='bbox 2691 2592 2866 2647; x_wconf 89' lang='lat' dir='ltr'>neque</span> <span class='ocrx_word' id='word_1_606' title='bbox 2897 2593 3007 2643; x_wconf 89' lang='lat' dir='ltr'>res,</span> <span class='ocrx_word' id='word_1_607' title='bbox 3040 2594 3219 2649; x_wconf 90' lang='lat' dir='ltr'>neque</span> <span class='ocrx_word' id='word_1_608' title='bbox 3244 2577 3414 2649; x_wconf 78' lang='lat' dir='ltr'>figura</span> <span class='ocrx_word' id='word_1_609' title='bbox 3444 2578 3537 2633; x_wconf 81' lang='lat' dir='ltr'>fie-</span> 
     </span>
    </p>
   </div>
   <div class='ocr_carea' id='block_1_74' title="bbox 1948 2664 3540 2737">
    <p class='ocr_par' dir='ltr' id='par_1_74' title="bbox 1948 2664 3540 2737">
     <span class='ocr_line' id='line_1_74' title="bbox 1948 2664 3540 2737; baseline 0.003 -20"><span class='ocrx_word' id='word_1_610' title='bbox 1948 2672 2049 2718; x_wconf 89' lang='lat' dir='ltr'>ret.</span> <span class='ocrx_word' id='word_1_611' title='bbox 2086 2664 2193 2718; x_wconf 90' lang='lat' dir='ltr'>Sed</span> <span class='ocrx_word' id='word_1_612' title='bbox 2224 2665 2383 2719; x_wconf 90' lang='lat' dir='ltr'>modo</span> <span class='ocrx_word' id='word_1_613' title='bbox 2432 2665 2616 2718; x_wconf 87' lang='lat' dir='ltr'>valens</span> <span class='ocrx_word' id='word_1_614' title='bbox 2659 2680 2782 2719; x_wconf 91' lang='lat' dir='ltr'>esse</span> <span class='ocrx_word' id='word_1_615' title='bbox 2822 2666 3102 2735; x_wconf 88' lang='lat' dir='ltr'>probatur,</span> <span class='ocrx_word' id='word_1_616' title='bbox 3137 2682 3236 2735; x_wconf 91' lang='lat' dir='ltr'>per</span> <span class='ocrx_word' id='word_1_617' title='bbox 3266 2666 3367 2720; x_wconf 91' lang='lat' dir='ltr'>hoc</span> <span class='ocrx_word' id='word_1_618' title='bbox 3396 2665 3540 2737; x_wconf 87' lang='lat' dir='ltr'>quod</span> 
     </span>
    </p>
   </div>
   <div class='ocr_carea' id='block_1_75' title="bbox 1946 2751 3528 2824">
    <p class='ocr_par' dir='ltr' id='par_1_75' title="bbox 1946 2751 3528 2824">
     <span class='ocr_line' id='line_1_75' title="bbox 1946 2751 3528 2824; baseline 0.003 -19"><span class='ocrx_word' id='word_1_619' title='bbox 1946 2751 2197 2824; x_wconf 85' lang='lat' dir='ltr'>figuravit</span> <span class='ocrx_word' id='word_1_620' title='bbox 2234 2753 2482 2824; x_wconf 91' lang='lat' dir='ltr'>gratiam,</span> <span class='ocrx_word' id='word_1_621' title='bbox 2529 2770 2650 2823; x_wconf 62' lang='lat' dir='ltr'>qua;</span> <span class='ocrx_word' id='word_1_622' title='bbox 2698 2754 2774 2807; x_wconf 92' lang='lat' dir='ltr'>sic</span> <span class='ocrx_word' id='word_1_623' title='bbox 2810 2753 3129 2821; x_wconf 88' lang='lat' dir='ltr'>justiticaret</span> <span class='ocrx_word' id='word_1_624' title='bbox 3189 2770 3288 2823; x_wconf 89' lang='lat' dir='ltr'>per</span> <span class='ocrx_word' id='word_1_625' title='bbox 3338 2752 3528 2809; x_wconf 88' lang='lat' dir='ltr'>fidem.</span> 
     </span>
    </p>
   </div>
   <div class='ocr_carea' id='block_1_76' title="bbox 1949 2841 3538 2912">
    <p class='ocr_par' dir='ltr' id='par_1_76' title="bbox 1949 2841 3538 2912">
     <span class='ocr_line' id='line_1_76' title="bbox 1949 2841 3538 2912; baseline 0.001 -15"><span class='ocrx_word' id='word_1_626' title='bbox 1949 2841 2071 2897; x_wconf 85' lang='lat' dir='ltr'>Vult</span> <span class='ocrx_word' id='word_1_627' title='bbox 2127 2842 2286 2895; x_wconf 88' lang='lat' dir='ltr'>etiam</span> <span class='ocrx_word' id='word_1_628' title='bbox 2362 2842 2712 2911; x_wconf 91' lang='lat' dir='ltr'>comprobare</span> <span class='ocrx_word' id='word_1_629' title='bbox 2786 2858 2883 2912; x_wconf 92' lang='lat' dir='ltr'>per</span> <span class='ocrx_word' id='word_1_630' title='bbox 2936 2842 3246 2912; x_wconf 88' lang='lat' dir='ltr'>exemplum</span> <span class='ocrx_word' id='word_1_631' title='bbox 3303 2843 3538 2899; x_wconf 66' lang='lat' dir='ltr'>Abrahae</span> 
     </span>
    </p>
   </div>
   <div class='ocr_carea' id='block_1_77' title="bbox 1885 2929 3536 3041">
    <p class='ocr_par' dir='ltr' id='par_1_77' title="bbox 1885 2929 3536 3041">
     <span class='ocr_line' id='line_1_77' title="bbox 1885 2929 3536 3041; baseline 0.002 -58"><span class='ocrx_word' id='word_1_632' title='bbox 1885 2930 2094 3041; x_wconf 80' lang='lat' dir='ltr'>Cquod</span> <span class='ocrx_word' id='word_1_633' title='bbox 2126 2930 2210 2985; x_wconf 86' lang='lat' dir='ltr'>lex</span> <span class='ocrx_word' id='word_1_634' title='bbox 2234 2930 2529 2997; x_wconf 84' lang='lat' dir='ltr'>justiﬁcare</span> <span class='ocrx_word' id='word_1_635' title='bbox 2577 2946 2685 2985; x_wconf 92' lang='lat' dir='ltr'>non</span> <span class='ocrx_word' id='word_1_636' title='bbox 2718 2931 2908 3000; x_wconf 90' lang='lat' dir='ltr'>possit,</span> <span class='ocrx_word' id='word_1_637' title='bbox 2944 2938 2995 2985; x_wconf 92' lang='lat' dir='ltr'>et</span> <span class='ocrx_word' id='word_1_638' title='bbox 3024 2931 3092 2984; x_wconf 93' lang='lat' dir='ltr'>ad</span> <span class='ocrx_word' id='word_1_639' title='bbox 3123 2933 3228 2986; x_wconf 88' lang='lat' dir='ltr'>hoc</span> <span class='ocrx_word' id='word_1_640' title='bbox 3257 2929 3391 2986; x_wconf 86' lang='lat' dir='ltr'>fides</span> <span class='ocrx_word' id='word_1_641' title='bbox 3422 2932 3536 2986; x_wconf 90' lang='lat' dir='ltr'>sola</span> 
     </span>
     <span class='ocr_line' id='line_1_78' title="bbox 1950 3017 3501 3041; baseline 0.002 -2"><span class='ocrx_word' id='word_1_642' title='bbox 1950 3017 2170 3041; x_wconf 69' lang='lat' dir='ltr'>-_-m-:_.</span> <span class='ocrx_word' id='word_1_643' title='bbox 2233 3018 2314 3041; x_wconf 63' lang='lat'>__-=</span> <span class='ocrx_word' id='word_1_644' title='bbox 2347 3018 2661 3041; x_wconf 38' lang='lat'>__:._____-‘</span> <span class='ocrx_word' id='word_1_645' title='bbox 2694 3019 2869 3041; x_wconf 52' lang='grc' dir='ltr'>ιηηΔ</span> <span class='ocrx_word' id='word_1_646' title='bbox 2910 3018 3329 3041; x_wconf 61' lang='grc' dir='ltr'>,ε..---..,-ι-ξ--ε-</span> <span class='ocrx_word' id='word_1_647' title='bbox 3365 3020 3501 3041; x_wconf 49' lang='grc' dir='ltr'>μμ-</span> 
     </span>
    </p>
   </div>
   <div class='ocr_carea' id='block_1_78' title="bbox 1948 3017 3538 3090">
    <p class='ocr_par' dir='ltr' id='par_1_78' title="bbox 1948 3017 3538 3090">
     <span class='ocr_line' id='line_1_79' title="bbox 1948 3017 3538 3090; baseline 0.003 -19"><span class='ocrx_word' id='word_1_648' title='bbox 1948 3017 2191 3085; x_wconf 75' lang='lat' dir='ltr'>sufﬁciat,</span> <span class='ocrx_word' id='word_1_649' title='bbox 2227 3018 2317 3089; x_wconf 88' lang='lat' dir='ltr'>qui</span> <span class='ocrx_word' id='word_1_650' title='bbox 2347 3018 2664 3089; x_wconf 88' lang='lat' dir='ltr'>priusquam</span> <span class='ocrx_word' id='word_1_651' title='bbox 2693 3019 2873 3090; x_wconf 89' lang='lat' dir='ltr'>legem</span> <span class='ocrx_word' id='word_1_652' title='bbox 2906 3018 3332 3074; x_wconf 89' lang='lat' dir='ltr'>circumcisionis</span> <span class='ocrx_word' id='word_1_653' title='bbox 3365 3020 3538 3076; x_wconf 88' lang='lat' dir='ltr'>habe-</span> 
     </span>
    </p>
   </div>
   <div class='ocr_carea' id='block_1_79' title="bbox 1946 3104 3272 3176">
    <p class='ocr_par' dir='ltr' id='par_1_79' title="bbox 1946 3104 3272 3176">
     <span class='ocr_line' id='line_1_80' title="bbox 1946 3104 3272 3176; baseline 0.001 -15"><span class='ocrx_word' id='word_1_654' title='bbox 1946 3114 2043 3172; x_wconf 85' lang='lat' dir='ltr'>ret,</span> <span class='ocrx_word' id='word_1_655' title='bbox 2075 3122 2173 3176; x_wconf 90' lang='lat' dir='ltr'>per</span> <span class='ocrx_word' id='word_1_656' title='bbox 2194 3104 2356 3161; x_wconf 82' lang='lat' dir='ltr'>fidem</span> <span class='ocrx_word' id='word_1_657' title='bbox 2387 3107 2557 3162; x_wconf 91' lang='lat' dir='ltr'>solam</span> <span class='ocrx_word' id='word_1_658' title='bbox 2582 3105 2899 3175; x_wconf 89' lang='lat' dir='ltr'>justiticatus</span> <span class='ocrx_word' id='word_1_659' title='bbox 2930 3116 3030 3173; x_wconf 90' lang='lat' dir='ltr'>est,</span> <span class='ocrx_word' id='word_1_660' title='bbox 3065 3107 3272 3164; x_wconf 91' lang='lat' dir='ltr'>dicens.</span> 
     </span>
    </p>
   </div>
   <div class='ocr_carea' id='block_1_80' title="bbox 2549 3300 2908 3360">
    <p class='ocr_par' dir='ltr' id='par_1_80' title="bbox 2549 3300 2908 3360">
     <span class='ocr_line' id='line_1_81' title="bbox 2549 3300 2908 3360; baseline 0 -3"><span class='ocrx_word' id='word_1_661' title='bbox 2549 3300 2773 3360; x_wconf 74' lang='lat' dir='ltr'>CAPUT</span> <span class='ocrx_word' id='word_1_662' title='bbox 2813 3304 2908 3358; x_wconf 92' lang='lat' dir='ltr'>IV.</span> 
     </span>
    </p>
   </div>
   <div class='ocr_carea' id='block_1_81' title="bbox 2021 3441 3539 3519">
    <p class='ocr_par' dir='ltr' id='par_1_81' title="bbox 2021 3441 3539 3519">
     <span class='ocr_line' id='line_1_82' title="bbox 2021 3441 3539 3519; baseline 0.007 -24"><span class='ocrx_word' id='word_1_663' title='bbox 2021 3465 2042 3495; x_wconf 71' lang='grc' dir='ltr'>ι</span> <span class='ocrx_word' id='word_1_664' title='bbox 2079 3441 2219 3511; x_wconf 90' lang='lat' dir='ltr'>Quid</span> <span class='ocrx_word' id='word_1_665' title='bbox 2252 3459 2386 3514; x_wconf 88' lang='lat' dir='ltr'>ergo</span> <span class='ocrx_word' id='word_1_666' title='bbox 2417 3444 2659 3499; x_wconf 91' lang='lat' dir='ltr'>dicemus</span> <span class='ocrx_word' id='word_1_667' title='bbox 2690 3443 2965 3500; x_wconf 91' lang='lat' dir='ltr'>invenisse</span> <span class='ocrx_word' id='word_1_668' title='bbox 3010 3446 3275 3502; x_wconf 83' lang='lat' dir='ltr'>Abraham</span> <span class='ocrx_word' id='word_1_669' title='bbox 3324 3455 3539 3519; x_wconf 88' lang='lat' dir='ltr'>patrem</span> 
     </span>
    </p>
   </div>
   <div class='ocr_carea' id='block_1_82' title="bbox 1948 3532 3534 3592">
    <p class='ocr_par' dir='ltr' id='par_1_82' title="bbox 1948 3532 3534 3592">
     <span class='ocr_line' id='line_1_83' title="bbox 1948 3532 3534 3592; baseline 0.007 -11"><span class='ocrx_word' id='word_1_670' title='bbox 1948 3552 1968 3581; x_wconf 74' lang='grc' dir='ltr'><strong>α</strong></span> <span class='ocrx_word' id='word_1_671' title='bbox 2004 3540 2251 3586; x_wconf 90' lang='lat' dir='ltr'>nostrum</span> <span class='ocrx_word' id='word_1_672' title='bbox 2276 3532 2573 3586; x_wconf 91' lang='lat' dir='ltr'>secundum</span> <span class='ocrx_word' id='word_1_673' title='bbox 2607 3548 2831 3587; x_wconf 90' lang='lat' dir='ltr'>carnem</span> <span class='ocrx_word' id='word_1_674' title='bbox 2850 3534 2876 3587; x_wconf 80' lang='lat'>?</span> <span class='ocrx_word' id='word_1_675' title='bbox 2909 3533 2965 3589; x_wconf 90' lang='lat' dir='ltr'>Si</span> <span class='ocrx_word' id='word_1_676' title='bbox 2994 3535 3139 3587; x_wconf 90' lang='lat' dir='ltr'>enim</span> <span class='ocrx_word' id='word_1_677' title='bbox 3167 3536 3437 3591; x_wconf 85' lang='lat' dir='ltr'>Abraham</span> <span class='ocrx_word' id='word_1_678' title='bbox 3469 3555 3534 3592; x_wconf 89' lang='lat' dir='ltr'>ex</span> 
     </span>
    </p>
   </div>
   <div class='ocr_carea' id='block_1_83' title="bbox 1947 3618 3534 3694">
    <p class='ocr_par' dir='ltr' id='par_1_83' title="bbox 1947 3618 3534 3694">
     <span class='ocr_line' id='line_1_84' title="bbox 1947 3618 3534 3694; baseline 0.007 -25"><span class='ocrx_word' id='word_1_679' title='bbox 1947 3642 1968 3669; x_wconf 75' lang='grc' dir='ltr'><strong>α</strong></span> <span class='ocrx_word' id='word_1_680' title='bbox 2005 3620 2264 3689; x_wconf 83' lang='lat' dir='ltr'>operibus</span> <span class='ocrx_word' id='word_1_681' title='bbox 2297 3620 2437 3691; x_wconf 90' lang='lat' dir='ltr'>legis</span> <span class='ocrx_word' id='word_1_682' title='bbox 2463 3618 2785 3688; x_wconf 84' lang='lat' dir='ltr'>justiticatus</span> <span class='ocrx_word' id='word_1_683' title='bbox 2816 3628 2917 3687; x_wconf 91' lang='lat' dir='ltr'>est,</span> <span class='ocrx_word' id='word_1_684' title='bbox 2950 3622 3115 3676; x_wconf 91' lang='lat' dir='ltr'>habet</span> <span class='ocrx_word' id='word_1_685' title='bbox 3146 3623 3398 3694; x_wconf 89' lang='lat' dir='ltr'>gloriam,</span> <span class='ocrx_word' id='word_1_686' title='bbox 3436 3625 3534 3680; x_wconf 89' lang='lat' dir='ltr'>sed</span> 
     </span>
    </p>
   </div>
   <div class='ocr_carea' id='block_1_84' title="bbox 1945 3707 3600 3781">
    <p class='ocr_par' dir='ltr' id='par_1_84' title="bbox 1945 3707 3600 3781">
     <span class='ocr_line' id='line_1_85' title="bbox 1945 3707 3600 3781; baseline 0.005 -20"><span class='ocrx_word' id='word_1_687' title='bbox 1945 3731 1965 3754; x_wconf 86' lang='lat'><strong>«</strong></span> <span class='ocrx_word' id='word_1_688' title='bbox 2003 3724 2113 3761; x_wconf 93' lang='lat' dir='ltr'>non</span> <span class='ocrx_word' id='word_1_689' title='bbox 2159 3708 2303 3778; x_wconf 91' lang='lat' dir='ltr'>apud</span> <span class='ocrx_word' id='word_1_690' title='bbox 2350 3708 2550 3763; x_wconf 90' lang='lat' dir='ltr'>Deum.</span> <span class='ocrx_word' id='word_1_691' title='bbox 2630 3707 2773 3775; x_wconf 91' lang='lat' dir='ltr'>Quid</span> <span class='ocrx_word' id='word_1_692' title='bbox 2823 3708 2965 3763; x_wconf 89' lang='lat' dir='ltr'>enim</span> <span class='ocrx_word' id='word_1_693' title='bbox 3027 3711 3303 3781; x_wconf 89' lang='lat' dir='ltr'>Scriptura</span> <span class='ocrx_word' id='word_1_694' title='bbox 3359 3713 3531 3769; x_wconf 80' lang='lat' dir='ltr'>dicit?</span> <span class='ocrx_word' id='word_1_695' title='bbox 3593 3720 3600 3738; x_wconf 88' lang='lat'><strong>‘</strong></span> 
     </span>
    </p>
   </div>
   <div class='ocr_carea' id='block_1_85' title="bbox 1944 3796 3529 3868">
    <p class='ocr_par' dir='ltr' id='par_1_85' title="bbox 1944 3796 3529 3868">
     <span class='ocr_line' id='line_1_86' title="bbox 1944 3796 3529 3868; baseline 0.008 -23"><span class='ocrx_word' id='word_1_696' title='bbox 1944 3820 1965 3844; x_wconf 82' lang='grc' dir='ltr'>α</span> <span class='ocrx_word' id='word_1_697' title='bbox 2004 3796 2245 3850; x_wconf 86' lang='lat' dir='ltr'>Credidit</span> <span class='ocrx_word' id='word_1_698' title='bbox 2274 3796 2547 3851; x_wconf 83' lang='lat' dir='ltr'>Abraham</span> <span class='ocrx_word' id='word_1_699' title='bbox 2594 3798 2730 3862; x_wconf 90' lang='lat' dir='ltr'>Deo,</span> <span class='ocrx_word' id='word_1_700' title='bbox 2783 3806 2836 3851; x_wconf 86' lang='lat' dir='ltr'>et</span> <span class='ocrx_word' id='word_1_701' title='bbox 2884 3806 3188 3868; x_wconf 89' lang='lat' dir='ltr'>reputatum</span> <span class='ocrx_word' id='word_1_702' title='bbox 3242 3809 3325 3855; x_wconf 92' lang='lat' dir='ltr'>est</span> <span class='ocrx_word' id='word_1_703' title='bbox 3354 3801 3430 3855; x_wconf 90' lang='lat' dir='ltr'>illi</span> <span class='ocrx_word' id='word_1_704' title='bbox 3460 3803 3529 3857; x_wconf 92' lang='lat' dir='ltr'>ad</span> 
     </span>
    </p>
   </div>
   <div class='ocr_carea' id='block_1_86' title="bbox 1943 3884 3523 3960">
    <p class='ocr_par' dir='ltr' id='par_1_86' title="bbox 1943 3884 3523 3960">
     <span class='ocr_line' id='line_1_87' title="bbox 1943 3884 3523 3960; baseline 0.008 -26"><span class='ocrx_word' id='word_1_705' title='bbox 1943 3907 1964 3934; x_wconf 84' lang='grc'><strong>«</strong></span> <span class='ocrx_word' id='word_1_706' title='bbox 1994 3884 2255 3952; x_wconf 83' lang='lat' dir='ltr'>justitiam</span> <span class='ocrx_word' id='word_1_707' title='bbox 2285 3886 2443 3953; x_wconf 84' lang='lat' dir='ltr'>(Gen.</span> <span class='ocrx_word' id='word_1_708' title='bbox 2478 3902 2574 3950; x_wconf 83' lang='lat' dir='ltr'>xv,</span> <span class='ocrx_word' id='word_1_709' title='bbox 2598 3888 2628 3938; x_wconf 89' lang='lat'><strong>6</strong></span> <span class='ocrx_word' id='word_1_710' title='bbox 2661 3905 2674 3950; x_wconf 89' lang='lat'><strong>;</strong></span> <span class='ocrx_word' id='word_1_711' title='bbox 2708 3886 2889 3940; x_wconf 85' lang='lat' dir='ltr'>Galat.</span> <span class='ocrx_word' id='word_1_712' title='bbox 2912 3902 2988 3954; x_wconf 83' lang='lat' dir='ltr'><strong>III,</strong></span> <span class='ocrx_word' id='word_1_713' title='bbox 3011 3891 3041 3941; x_wconf 91' lang='lat'><strong>6</strong></span> <span class='ocrx_word' id='word_1_714' title='bbox 3075 3906 3088 3951; x_wconf 88' lang='lat'><strong>;</strong></span> <span class='ocrx_word' id='word_1_715' title='bbox 3119 3890 3238 3944; x_wconf 87' lang='lat' dir='ltr'>Jac.</span> <span class='ocrx_word' id='word_1_716' title='bbox 3262 3906 3320 3953; x_wconf 87' lang='lat' dir='ltr'><strong>II,</strong></span> <span class='ocrx_word' id='word_1_717' title='bbox 3354 3892 3465 3960; x_wconf 78' lang='grc'>23).</span> <span class='ocrx_word' id='word_1_718' title='bbox 3503 3914 3523 3939; x_wconf 75' lang='grc' dir='ltr'>ι</span> 
     </span>
    </p>
   </div>
   <div class='ocr_carea' id='block_1_87' title="bbox 1942 3973 3528 4046">
    <p class='ocr_par' dir='ltr' id='par_1_87' title="bbox 1942 3973 3528 4046">
     <span class='ocr_line' id='line_1_88' title="bbox 1942 3973 3528 4046; baseline 0.006 -22"><span class='ocrx_word' id='word_1_719' title='bbox 1942 3994 1964 4023; x_wconf 82' lang='grc' dir='ltr'>ι</span> <span class='ocrx_word' id='word_1_720' title='bbox 1997 3973 2062 4027; x_wconf 91' lang='lat' dir='ltr'>Ei</span> <span class='ocrx_word' id='word_1_721' title='bbox 2091 3982 2267 4027; x_wconf 90' lang='lat' dir='ltr'>autem</span> <span class='ocrx_word' id='word_1_722' title='bbox 2298 3974 2388 4043; x_wconf 92' lang='lat' dir='ltr'>qui</span> <span class='ocrx_word' id='word_1_723' title='bbox 2416 3982 2670 4043; x_wconf 87' lang='lat' dir='ltr'>operatur</span> <span class='ocrx_word' id='word_1_724' title='bbox 2698 3990 2907 4029; x_wconf 90' lang='lat' dir='ltr'>merces</span> <span class='ocrx_word' id='word_1_725' title='bbox 2955 3991 3063 4031; x_wconf 89' lang='lat' dir='ltr'>non</span> <span class='ocrx_word' id='word_1_726' title='bbox 3104 3976 3399 4046; x_wconf 90' lang='lat' dir='ltr'>imputatur</span> <span class='ocrx_word' id='word_1_727' title='bbox 3440 3996 3528 4034; x_wconf 86' lang='lat' dir='ltr'>se-</span> 
     </span>
    </p>
   </div>
   <div class='ocr_carea' id='block_1_88' title="bbox 1939 4062 3525 4131">
    <p class='ocr_par' dir='ltr' id='par_1_88' title="bbox 1939 4062 3525 4131">
     <span class='ocr_line' id='line_1_89' title="bbox 1939 4062 3525 4131; baseline 0.005 -16"><span class='ocrx_word' id='word_1_728' title='bbox 1939 4084 1959 4108; x_wconf 89' lang='lat'><strong>«</strong></span> <span class='ocrx_word' id='word_1_729' title='bbox 1999 4062 2236 4116; x_wconf 92' lang='lat' dir='ltr'>cundum</span> <span class='ocrx_word' id='word_1_730' title='bbox 2268 4062 2513 4131; x_wconf 88' lang='lat' dir='ltr'>gratiam,</span> <span class='ocrx_word' id='word_1_731' title='bbox 2549 4063 2646 4116; x_wconf 89' lang='lat' dir='ltr'>sed</span> <span class='ocrx_word' id='word_1_732' title='bbox 2678 4063 2977 4118; x_wconf 90' lang='lat' dir='ltr'>secundum</span> <span class='ocrx_word' id='word_1_733' title='bbox 3007 4064 3267 4119; x_wconf 91' lang='lat' dir='ltr'>debitum.</span> <span class='ocrx_word' id='word_1_734' title='bbox 3303 4066 3365 4119; x_wconf 91' lang='lat' dir='ltr'>Ei</span> <span class='ocrx_word' id='word_1_735' title='bbox 3395 4084 3525 4123; x_wconf 89' lang='lat' dir='ltr'>vero</span> 
     </span>
    </p>
   </div>
   <div class='ocr_carea' id='block_1_89' title="bbox 1940 4148 3522 4226">
    <p class='ocr_par' dir='ltr' id='par_1_89' title="bbox 1940 4148 3522 4226">
     <span class='ocr_line' id='line_1_90' title="bbox 1940 4148 3522 4226; baseline 0.009 -30"><span class='ocrx_word' id='word_1_736' title='bbox 1940 4172 1961 4196; x_wconf 77' lang='grc' dir='ltr'>α</span> <span class='ocrx_word' id='word_1_737' title='bbox 2000 4148 2089 4220; x_wconf 90' lang='lat' dir='ltr'>qui</span> <span class='ocrx_word' id='word_1_738' title='bbox 2119 4166 2228 4204; x_wconf 90' lang='lat' dir='ltr'>non</span> <span class='ocrx_word' id='word_1_739' title='bbox 2257 4157 2528 4219; x_wconf 87' lang='lat' dir='ltr'>Operatur,</span> <span class='ocrx_word' id='word_1_740' title='bbox 2564 4151 2807 4206; x_wconf 88' lang='lat' dir='ltr'>credenti</span> <span class='ocrx_word' id='word_1_741' title='bbox 2850 4160 3029 4206; x_wconf 89' lang='lat' dir='ltr'>autem</span> <span class='ocrx_word' id='word_1_742' title='bbox 3077 4152 3130 4205; x_wconf 89' lang='lat' dir='ltr'>in</span> <span class='ocrx_word' id='word_1_743' title='bbox 3160 4170 3283 4207; x_wconf 90' lang='lat' dir='ltr'>eum</span> <span class='ocrx_word' id='word_1_744' title='bbox 3313 4156 3403 4226; x_wconf 90' lang='lat' dir='ltr'>qui</span> <span class='ocrx_word' id='word_1_745' title='bbox 3426 4156 3522 4225; x_wconf 92' lang='lat' dir='ltr'>ju-</span> 
     </span>
    </p>
   </div>
   <div class='ocr_carea' id='block_1_90' title="bbox 1940 4237 3523 4310">
    <p class='ocr_par' dir='ltr' id='par_1_90' title="bbox 1940 4237 3523 4310">
     <span class='ocr_line' id='line_1_91' title="bbox 1940 4237 3523 4310; baseline 0.003 -18"><span class='ocrx_word' id='word_1_746' title='bbox 1940 4262 1961 4285; x_wconf 72' lang='grc' dir='ltr'><strong><em>α</em></strong></span> <span class='ocrx_word' id='word_1_747' title='bbox 2001 4237 2198 4293; x_wconf 87' lang='lat' dir='ltr'>stiticat</span> <span class='ocrx_word' id='word_1_748' title='bbox 2228 4238 2469 4309; x_wconf 91' lang='lat' dir='ltr'>impium,</span> <span class='ocrx_word' id='word_1_749' title='bbox 2507 4247 2790 4308; x_wconf 86' lang='lat' dir='ltr'>reputatur</span> <span class='ocrx_word' id='word_1_750' title='bbox 2820 4237 2955 4294; x_wconf 84' lang='lat' dir='ltr'>fides</span> <span class='ocrx_word' id='word_1_751' title='bbox 3002 4241 3118 4309; x_wconf 90' lang='lat' dir='ltr'>ejus</span> <span class='ocrx_word' id='word_1_752' title='bbox 3166 4242 3234 4295; x_wconf 92' lang='lat' dir='ltr'>ad</span> <span class='ocrx_word' id='word_1_753' title='bbox 3258 4242 3523 4310; x_wconf 90' lang='lat' dir='ltr'>justitiam</span> 
     </span>
    </p>
   </div>
   <div class='ocr_carea' id='block_1_91' title="bbox 238 4326 3520 4399">
    <p class='ocr_par' dir='ltr' id='par_1_91' title="bbox 238 4326 3520 4399">
     <span class='ocr_line' id='line_1_92' title="bbox 238 4326 3520 4399; baseline 0.001 -16"><span class='ocrx_word' id='word_1_754' title='bbox 238 4328 524 4393; x_wconf 65' lang='lat' dir='ltr'>differens,</span> <span class='ocrx_word' id='word_1_755' title='bbox 558 4336 616 4381; x_wconf 90' lang='lat' dir='ltr'>ut</span> <span class='ocrx_word' id='word_1_756' title='bbox 646 4345 743 4397; x_wconf 91' lang='lat' dir='ltr'>per</span> <span class='ocrx_word' id='word_1_757' title='bbox 778 4328 1083 4383; x_wconf 82' lang='lat' dir='ltr'>factafacta</span> <span class='ocrx_word' id='word_1_758' title='bbox 1114 4328 1423 4397; x_wconf 89' lang='lat' dir='ltr'>repelleret.</span> <span class='ocrx_word' id='word_1_759' title='bbox 1460 4328 1586 4382; x_wconf 91' lang='lat' dir='ltr'>Ideo</span> <span class='ocrx_word' id='word_1_760' title='bbox 1617 4327 1687 4382; x_wconf 86' lang='lat' dir='ltr'>ait</span> <span class='ocrx_word' id='word_1_761' title='bbox 1719 4346 1832 4385; x_wconf 89' lang='lat' dir='ltr'>non</span> <span class='ocrx_word' id='word_1_762' title='bbox 1862 4334 1915 4392; x_wconf 90' lang='lat' dir='ltr'>D</span> <span class='ocrx_word' id='word_1_763' title='bbox 1942 4350 1963 4373; x_wconf 76' lang='grc' dir='ltr'>α</span> <span class='ocrx_word' id='word_1_764' title='bbox 2000 4326 2300 4380; x_wconf 90' lang='lat' dir='ltr'>secundum</span> <span class='ocrx_word' id='word_1_765' title='bbox 2331 4326 2669 4397; x_wconf 89' lang='lat' dir='ltr'>propositum</span> <span class='ocrx_word' id='word_1_766' title='bbox 2700 4328 2888 4399; x_wconf 78' lang='lat' dir='ltr'>gratiae</span> <span class='ocrx_word' id='word_1_767' title='bbox 2918 4327 3018 4382; x_wconf 91' lang='lat' dir='ltr'>Dei</span> <span class='ocrx_word' id='word_1_768' title='bbox 3050 4346 3063 4394; x_wconf 90' lang='lat'><strong>;</strong></span> <span class='ocrx_word' id='word_1_769' title='bbox 3099 4328 3235 4384; x_wconf 91' lang='lat' dir='ltr'>sicut</span> <span class='ocrx_word' id='word_1_770' title='bbox 3263 4338 3315 4384; x_wconf 90' lang='lat' dir='ltr'>et</span> <span class='ocrx_word' id='word_1_771' title='bbox 3346 4332 3520 4387; x_wconf 90' lang='lat' dir='ltr'>David</span> 
     </span>
    </p>
   </div>
   <div class='ocr_carea' id='block_1_92' title="bbox 237 4415 1833 4487">
    <p class='ocr_par' dir='ltr' id='par_1_92' title="bbox 237 4415 1833 4487">
     <span class='ocr_line' id='line_1_93' title="bbox 237 4415 1833 4487; baseline 0 -16"><span class='ocrx_word' id='word_1_772' title='bbox 237 4434 337 4487; x_wconf 90' lang='lat' dir='ltr'>per</span> <span class='ocrx_word' id='word_1_773' title='bbox 368 4417 551 4487; x_wconf 90' lang='lat' dir='ltr'>legem</span> <span class='ocrx_word' id='word_1_774' title='bbox 583 4415 840 4471; x_wconf 83' lang='lat' dir='ltr'>factorum</span> <span class='ocrx_word' id='word_1_775' title='bbox 873 4415 1095 4471; x_wconf 89' lang='lat' dir='ltr'>exclusa</span> <span class='ocrx_word' id='word_1_776' title='bbox 1125 4424 1205 4470; x_wconf 90' lang='lat' dir='ltr'>est</span> <span class='ocrx_word' id='word_1_777' title='bbox 1235 4415 1407 4485; x_wconf 85' lang='lat' dir='ltr'>gloria</span> <span class='ocrx_word' id='word_1_778' title='bbox 1438 4422 1529 4468; x_wconf 91' lang='lat' dir='ltr'>tua</span> <span class='ocrx_word' id='word_1_779' title='bbox 1562 4434 1575 4481; x_wconf 90' lang='lat'><strong>;</strong></span> <span class='ocrx_word' id='word_1_780' title='bbox 1609 4416 1703 4470; x_wconf 87' lang='lat' dir='ltr'>sed</span> <span class='ocrx_word' id='word_1_781' title='bbox 1734 4434 1833 4487; x_wconf 87' lang='lat' dir='ltr'>per</span> 
     </span>
    </p>
   </div>
   <div class='ocr_carea' id='block_1_93' title="bbox 242 4502 1831 4577">
    <p class='ocr_par' dir='ltr' id='par_1_93' title="bbox 242 4502 1831 4577">
     <span class='ocr_line' id='line_1_94' title="bbox 242 4502 1831 4577; baseline -0.001 -17"><span class='ocrx_word' id='word_1_782' title='bbox 242 4507 421 4577; x_wconf 88' lang='lat' dir='ltr'>legem</span> <span class='ocrx_word' id='word_1_783' title='bbox 468 4505 620 4572; x_wconf 82' lang='lat' dir='ltr'>ﬁdei,</span> <span class='ocrx_word' id='word_1_784' title='bbox 661 4503 714 4557; x_wconf 91' lang='lat' dir='ltr'>id</span> <span class='ocrx_word' id='word_1_785' title='bbox 764 4513 845 4558; x_wconf 90' lang='lat' dir='ltr'>est</span> <span class='ocrx_word' id='word_1_786' title='bbox 888 4520 984 4573; x_wconf 90' lang='lat' dir='ltr'>per</span> <span class='ocrx_word' id='word_1_787' title='bbox 1025 4503 1184 4558; x_wconf 82' lang='lat' dir='ltr'>fidem</span> <span class='ocrx_word' id='word_1_788' title='bbox 1224 4502 1628 4571; x_wconf 81' lang='lat' dir='ltr'>justiﬁcantem,</span> <span class='ocrx_word' id='word_1_789' title='bbox 1681 4505 1831 4572; x_wconf 91' lang='lat' dir='ltr'>cujus</span> 
     </span>
    </p>
   </div>
   <div class='ocr_carea' id='block_1_94' title="bbox 238 4590 1835 4663">
    <p class='ocr_par' dir='ltr' id='par_1_94' title="bbox 238 4590 1835 4663">
     <span class='ocr_line' id='line_1_95' title="bbox 238 4590 1835 4663; baseline 0 -17"><span class='ocrx_word' id='word_1_790' title='bbox 238 4593 366 4648; x_wconf 83' lang='lat' dir='ltr'>ﬁdei</span> <span class='ocrx_word' id='word_1_791' title='bbox 399 4592 484 4647; x_wconf 84' lang='lat' dir='ltr'>lex</span> <span class='ocrx_word' id='word_1_792' title='bbox 516 4600 595 4646; x_wconf 89' lang='lat' dir='ltr'>est</span> <span class='ocrx_word' id='word_1_793' title='bbox 627 4592 1007 4663; x_wconf 80' lang='lat' dir='ltr'>Evangelium.</span> <span class='ocrx_word' id='word_1_794' title='bbox 1044 4593 1183 4647; x_wconf 89' lang='lat' dir='ltr'>Vere</span> <span class='ocrx_word' id='word_1_795' title='bbox 1216 4608 1313 4662; x_wconf 89' lang='lat' dir='ltr'>per</span> <span class='ocrx_word' id='word_1_796' title='bbox 1343 4590 1506 4646; x_wconf 84' lang='lat' dir='ltr'>fidem</span> <span class='ocrx_word' id='word_1_797' title='bbox 1535 4592 1835 4647; x_wconf 88' lang='lat' dir='ltr'>excluditur</span> 
     </span>
    </p>
   </div>
   <div class='ocr_carea' id='block_1_95' title="bbox 238 4679 1832 4753">
    <p class='ocr_par' dir='ltr' id='par_1_95' title="bbox 238 4679 1832 4753">
     <span class='ocr_line' id='line_1_96' title="bbox 238 4679 1832 4753; baseline 0 -18"><span class='ocrx_word' id='word_1_798' title='bbox 238 4682 494 4753; x_wconf 89' lang='lat' dir='ltr'>gloriatio</span> <span class='ocrx_word' id='word_1_799' title='bbox 545 4689 635 4733; x_wconf 91' lang='lat' dir='ltr'>tua</span> <span class='ocrx_word' id='word_1_800' title='bbox 668 4696 679 4733; x_wconf 89' lang='lat'>:</span> <span class='ocrx_word' id='word_1_801' title='bbox 712 4697 835 4734; x_wconf 91' lang='lat' dir='ltr'>nam</span> <span class='ocrx_word' id='word_1_802' title='bbox 874 4679 1009 4734; x_wconf 86' lang='lat' dir='ltr'>ﬁdes</span> <span class='ocrx_word' id='word_1_803' title='bbox 1053 4680 1166 4735; x_wconf 92' lang='lat' dir='ltr'>sola</span> <span class='ocrx_word' id='word_1_804' title='bbox 1202 4679 1479 4747; x_wconf 88' lang='lat' dir='ltr'>justificat,</span> <span class='ocrx_word' id='word_1_805' title='bbox 1525 4681 1641 4735; x_wconf 90' lang='lat' dir='ltr'>sine</span> <span class='ocrx_word' id='word_1_806' title='bbox 1684 4681 1832 4735; x_wconf 89' lang='lat' dir='ltr'>omni</span> 
     </span>
    </p>
   </div>
   <div class='ocr_carea' id='block_1_96' title="bbox 240 4768 1831 4840">
    <p class='ocr_par' dir='ltr' id='par_1_96' title="bbox 240 4768 1831 4840">
     <span class='ocr_line' id='line_1_97' title="bbox 240 4768 1831 4840; baseline 0 -16"><span class='ocrx_word' id='word_1_807' title='bbox 240 4786 408 4840; x_wconf 87' lang='lat' dir='ltr'>Opere</span> <span class='ocrx_word' id='word_1_808' title='bbox 438 4768 598 4839; x_wconf 90' lang='lat' dir='ltr'>legis.</span> <span class='ocrx_word' id='word_1_809' title='bbox 630 4769 696 4822; x_wconf 84' lang='lat' dir='ltr'>Et</span> <span class='ocrx_word' id='word_1_810' title='bbox 726 4769 852 4824; x_wconf 90' lang='lat' dir='ltr'>huic</span> <span class='ocrx_word' id='word_1_811' title='bbox 901 4769 1022 4823; x_wconf 91' lang='lat' dir='ltr'>loco</span> <span class='ocrx_word' id='word_1_812' title='bbox 1068 4769 1258 4823; x_wconf 90' lang='lat' dir='ltr'>inserit</span> <span class='ocrx_word' id='word_1_813' title='bbox 1301 4769 1693 4837; x_wconf 88' lang='lat' dir='ltr'>auctoritatem,</span> <span class='ocrx_word' id='word_1_814' title='bbox 1744 4770 1831 4824; x_wconf 89' lang='lat' dir='ltr'>di-</span> 
     </span>
    </p>
   </div>
   <div class='ocr_carea' id='block_1_97' title="bbox 238 4856 1831 4930">
    <p class='ocr_par' dir='ltr' id='par_1_97' title="bbox 238 4856 1831 4930">
     <span class='ocr_line' id='line_1_98' title="bbox 238 4856 1831 4930; baseline 0 -18"><span class='ocrx_word' id='word_1_815' title='bbox 238 4873 371 4913; x_wconf 86' lang='lat' dir='ltr'>cens</span> <span class='ocrx_word' id='word_1_816' title='bbox 411 4873 423 4911; x_wconf 89' lang='lat'>:</span> <span class='ocrx_word' id='word_1_817' title='bbox 454 4857 577 4930; x_wconf 87' lang='lat' dir='ltr'>Ego</span> <span class='ocrx_word' id='word_1_818' title='bbox 598 4865 649 4911; x_wconf 88' lang='lat' dir='ltr'>et</span> <span class='ocrx_word' id='word_1_819' title='bbox 655 4858 789 4925; x_wconf 92' lang='lat' dir='ltr'>justi</span> <span class='ocrx_word' id='word_1_820' title='bbox 808 4873 1018 4912; x_wconf 88' lang='lat' dir='ltr'>mecum</span> <span class='ocrx_word' id='word_1_821' title='bbox 1044 4856 1393 4912; x_wconf 81' lang='lat' dir='ltr'>arbitramur</span> <span class='ocrx_word' id='word_1_822' title='bbox 1406 4858 1715 4926; x_wconf 84' lang='lat' dir='ltr'>justiﬁeari</span> <span class='ocrx_word' id='word_1_823' title='bbox 1738 4859 1831 4913; x_wconf 87' lang='lat' dir='ltr'>ho-</span> 
     </span>
    </p>
   </div>
   <div class='ocr_carea' id='block_1_98' title="bbox 238 4945 1831 5017">
    <p class='ocr_par' dir='ltr' id='par_1_98' title="bbox 238 4945 1831 5017">
     <span class='ocr_line' id='line_1_99' title="bbox 238 4945 1831 5017; baseline 0 -17"><span class='ocrx_word' id='word_1_824' title='bbox 238 4948 457 5002; x_wconf 84' lang='lat' dir='ltr'>minem</span> <span class='ocrx_word' id='word_1_825' title='bbox 486 4964 585 5017; x_wconf 90' lang='lat' dir='ltr'>per</span> <span class='ocrx_word' id='word_1_826' title='bbox 614 4946 785 5001; x_wconf 92' lang='lat' dir='ltr'>solam</span> <span class='ocrx_word' id='word_1_827' title='bbox 813 4945 982 5013; x_wconf 82' lang='lat' dir='ltr'>ﬁdem</span> <span class='ocrx_word' id='word_1_828' title='bbox 1013 4948 1136 5000; x_wconf 85' lang='lat' dir='ltr'>sine</span> <span class='ocrx_word' id='word_1_829' title='bbox 1175 4946 1429 5016; x_wconf 88' lang='lat' dir='ltr'>operibus</span> <span class='ocrx_word' id='word_1_830' title='bbox 1462 4946 1617 5014; x_wconf 88' lang='lat' dir='ltr'>legis,</span> <span class='ocrx_word' id='word_1_831' title='bbox 1647 4945 1702 4999; x_wconf 91' lang='lat' dir='ltr'>id</span> <span class='ocrx_word' id='word_1_832' title='bbox 1752 4954 1831 5000; x_wconf 92' lang='lat' dir='ltr'>est</span> 
     </span>
    </p>
   </div>
   <div class='ocr_carea' id='block_1_99' title="bbox 236 5033 1829 5105">
    <p class='ocr_par' dir='ltr' id='par_1_99' title="bbox 236 5033 1829 5105">
     <span class='ocr_line' id='line_1_100' title="bbox 236 5033 1829 5105; baseline 0 -16"><span class='ocrx_word' id='word_1_833' title='bbox 236 5034 365 5089; x_wconf 89' lang='lat' dir='ltr'>licet</span> <span class='ocrx_word' id='word_1_834' title='bbox 398 5035 547 5089; x_wconf 89' lang='lat' dir='ltr'>nulla</span> <span class='ocrx_word' id='word_1_835' title='bbox 579 5033 959 5105; x_wconf 61' lang='lat' dir='ltr'>princesserint</span> <span class='ocrx_word' id='word_1_836' title='bbox 1012 5050 1178 5103; x_wconf 89' lang='lat' dir='ltr'>opera</span> <span class='ocrx_word' id='word_1_837' title='bbox 1207 5033 1366 5105; x_wconf 90' lang='lat' dir='ltr'>legis,</span> <span class='ocrx_word' id='word_1_838' title='bbox 1402 5033 1515 5088; x_wconf 91' lang='lat' dir='ltr'>sola</span> <span class='ocrx_word' id='word_1_839' title='bbox 1556 5042 1732 5089; x_wconf 89' lang='lat' dir='ltr'>tamen</span> <span class='ocrx_word' id='word_1_840' title='bbox 1762 5034 1829 5089; x_wconf 83' lang='lat' dir='ltr'>fi-</span> 
     </span>
    </p>
   </div>
   <div class='ocr_carea' id='block_1_100' title="bbox 237 5121 1416 5190">
    <p class='ocr_par' dir='ltr' id='par_1_100' title="bbox 237 5121 1416 5190">
     <span class='ocr_line' id='line_1_101' title="bbox 237 5121 1416 5190; baseline -0.002 -13"><span class='ocrx_word' id='word_1_841' title='bbox 237 5124 336 5178; x_wconf 89' lang='lat' dir='ltr'>des</span> <span class='ocrx_word' id='word_1_842' title='bbox 370 5122 562 5178; x_wconf 76' lang='lat' dir='ltr'>sufficit</span> <span class='ocrx_word' id='word_1_843' title='bbox 592 5124 661 5176; x_wconf 92' lang='lat' dir='ltr'>ad</span> <span class='ocrx_word' id='word_1_844' title='bbox 692 5122 924 5177; x_wconf 91' lang='lat' dir='ltr'>hominis</span> <span class='ocrx_word' id='word_1_845' title='bbox 951 5121 1416 5190; x_wconf 85' lang='lat' dir='ltr'>justificationem.</span> 
     </span>
    </p>
   </div>
   <div class='ocr_carea' id='block_1_101' title="bbox 308 5208 1828 5279">
    <p class='ocr_par' dir='ltr' id='par_1_101' title="bbox 308 5208 1828 5279">
     <span class='ocr_line' id='line_1_102' title="bbox 308 5208 1828 5279; baseline -0.004 -13"><span class='ocrx_word' id='word_1_846' title='bbox 308 5211 532 5266; x_wconf 88' lang='lat' dir='ltr'>Diceret</span> <span class='ocrx_word' id='word_1_847' title='bbox 578 5211 796 5265; x_wconf 74' lang='lat' dir='ltr'>Judaeus</span> <span class='ocrx_word' id='word_1_848' title='bbox 832 5228 843 5263; x_wconf 93' lang='lat'>:</span> <span class='ocrx_word' id='word_1_849' title='bbox 879 5210 1130 5265; x_wconf 88' lang='lat' dir='ltr'>Concedo</span> <span class='ocrx_word' id='word_1_850' title='bbox 1180 5226 1279 5279; x_wconf 86' lang='lat' dir='ltr'>per</span> <span class='ocrx_word' id='word_1_851' title='bbox 1328 5209 1490 5264; x_wconf 85' lang='lat' dir='ltr'>fidem</span> <span class='ocrx_word' id='word_1_852' title='bbox 1527 5208 1828 5277; x_wconf 84' lang='lat' dir='ltr'>justiﬁcari,</span> 
     </span>
    </p>
   </div>
   <div class='ocr_carea' id='block_1_102' title="bbox 240 5298 1833 5354">
    <p class='ocr_par' dir='ltr' id='par_1_102' title="bbox 240 5298 1833 5354">
     <span class='ocr_line' id='line_1_103' title="bbox 240 5298 1833 5354; baseline -0.001 -2"><span class='ocrx_word' id='word_1_853' title='bbox 240 5300 338 5353; x_wconf 89' lang='lat' dir='ltr'>sed</span> <span class='ocrx_word' id='word_1_854' title='bbox 374 5300 519 5354; x_wconf 90' lang='lat' dir='ltr'>solos</span> <span class='ocrx_word' id='word_1_855' title='bbox 548 5300 786 5353; x_wconf 66' lang='lat' dir='ltr'>Judteos.</span> <span class='ocrx_word' id='word_1_856' title='bbox 815 5299 1010 5353; x_wconf 91' lang='lat' dir='ltr'>Contra</span> <span class='ocrx_word' id='word_1_857' title='bbox 1041 5299 1144 5353; x_wconf 87' lang='lat' dir='ltr'>hoc</span> <span class='ocrx_word' id='word_1_858' title='bbox 1175 5298 1372 5352; x_wconf 92' lang='lat' dir='ltr'>Paulus</span> <span class='ocrx_word' id='word_1_859' title='bbox 1407 5316 1419 5352; x_wconf 93' lang='lat'><strong>:</strong></span> <span class='ocrx_word' id='word_1_860' title='bbox 1454 5299 1575 5352; x_wconf 88' lang='lat' dir='ltr'>Non</span> <span class='ocrx_word' id='word_1_861' title='bbox 1605 5306 1687 5352; x_wconf 92' lang='lat' dir='ltr'>est</span> <span class='ocrx_word' id='word_1_862' title='bbox 1714 5314 1833 5352; x_wconf 91' lang='lat' dir='ltr'>cre-</span> 
     </span>
    </p>
   </div>
   <div class='ocr_carea' id='block_1_103' title="bbox 240 5385 1827 5460">
    <p class='ocr_par' dir='ltr' id='par_1_103' title="bbox 240 5385 1827 5460">
     <span class='ocr_line' id='line_1_104' title="bbox 240 5385 1827 5460; baseline -0.001 -18"><span class='ocrx_word' id='word_1_863' title='bbox 240 5389 479 5442; x_wconf 89' lang='lat' dir='ltr'>dendum</span> <span class='ocrx_word' id='word_1_864' title='bbox 498 5390 640 5460; x_wconf 86' lang='lat' dir='ltr'>quod</span> <span class='ocrx_word' id='word_1_865' title='bbox 664 5389 811 5443; x_wconf 90' lang='lat' dir='ltr'>Deus</span> <span class='ocrx_word' id='word_1_866' title='bbox 837 5387 1053 5442; x_wconf 58' lang='lat' dir='ltr'>Iudaeos</span> <span class='ocrx_word' id='word_1_867' title='bbox 1079 5386 1223 5441; x_wconf 90' lang='lat' dir='ltr'>solos</span> <span class='ocrx_word' id='word_1_868' title='bbox 1246 5404 1344 5456; x_wconf 90' lang='lat' dir='ltr'>per</span> <span class='ocrx_word' id='word_1_869' title='bbox 1364 5387 1527 5441; x_wconf 84' lang='lat' dir='ltr'>fidem</span> <span class='ocrx_word' id='word_1_870' title='bbox 1551 5385 1827 5455; x_wconf 84' lang='lat' dir='ltr'>justiticet.</span> 
     </span>
    </p>
   </div>
   <div class='ocr_carea' id='block_1_104' title="bbox 242 5475 1832 5534">
    <p class='ocr_par' dir='ltr' id='par_1_104' title="bbox 242 5475 1832 5534">
     <span class='ocr_line' id='line_1_105' title="bbox 242 5475 1832 5534; baseline 0 -3"><span class='ocrx_word' id='word_1_871' title='bbox 242 5479 328 5532; x_wconf 77' lang='lat' dir='ltr'>An</span> <span class='ocrx_word' id='word_1_872' title='bbox 362 5477 505 5532; x_wconf 90' lang='lat' dir='ltr'>enim</span> <span class='ocrx_word' id='word_1_873' title='bbox 516 5478 664 5534; x_wconf 87' lang='lat' dir='ltr'>Deus</span> <span class='ocrx_word' id='word_1_874' title='bbox 678 5485 891 5532; x_wconf 88' lang='lat' dir='ltr'>creator</span> <span class='ocrx_word' id='word_1_875' title='bbox 907 5484 989 5532; x_wconf 91' lang='lat' dir='ltr'>est</span> <span class='ocrx_word' id='word_1_876' title='bbox 1010 5480 1238 5533; x_wconf 84' lang='lat' dir='ltr'>tantum</span> <span class='ocrx_word' id='word_1_877' title='bbox 1249 5477 1569 5533; x_wconf 63' lang='lat' dir='ltr'>Iudaeorum</span> <span class='ocrx_word' id='word_1_878' title='bbox 1591 5475 1619 5530; x_wconf 87' lang='lat'><strong>?</strong></span> <span class='ocrx_word' id='word_1_879' title='bbox 1638 5476 1832 5531; x_wconf 87' lang='lat' dir='ltr'>Nonne</span> 
     </span>
    </p>
   </div>
   <div class='ocr_carea' id='block_1_105' title="bbox 457 5598 917 5657">
    <p class='ocr_par' dir='ltr' id='par_1_105' title="bbox 457 5598 917 5657">
     <span class='ocr_line' id='line_1_106' title="bbox 457 5598 917 5657; baseline 0 -2"><span class='ocrx_word' id='word_1_880' title='bbox 457 5602 694 5657; x_wconf 72' lang='lat' dir='ltr'>PATROL.</span> <span class='ocrx_word' id='word_1_881' title='bbox 738 5598 917 5657; x_wconf 89' lang='lat' dir='ltr'><strong>CLIII.</strong></span> 
     </span>
    </p>
   </div>
   <div class='ocr_carea' id='block_1_106' title="bbox 1940 4414 3524 4490">
    <p class='ocr_par' dir='ltr' id='par_1_106' title="bbox 1940 4414 3524 4490">
     <span class='ocr_line' id='line_1_107' title="bbox 1940 4414 3524 4490; baseline 0.005 -22"><span class='ocrx_word' id='word_1_882' title='bbox 1940 4438 1961 4462; x_wconf 73' lang='grc' dir='ltr'>α</span> <span class='ocrx_word' id='word_1_883' title='bbox 1998 4414 2128 4470; x_wconf 90' lang='lat' dir='ltr'>dicit</span> <span class='ocrx_word' id='word_1_884' title='bbox 2159 4414 2547 4469; x_wconf 87' lang='lat' dir='ltr'>beatitudinem</span> <span class='ocrx_word' id='word_1_885' title='bbox 2590 4416 2842 4482; x_wconf 89' lang='lat' dir='ltr'>hominis,</span> <span class='ocrx_word' id='word_1_886' title='bbox 2876 4416 2963 4471; x_wconf 91' lang='lat' dir='ltr'>cui</span> <span class='ocrx_word' id='word_1_887' title='bbox 2995 4417 3140 4472; x_wconf 91' lang='lat' dir='ltr'>Deus</span> <span class='ocrx_word' id='word_1_888' title='bbox 3170 4427 3394 4490; x_wconf 90' lang='lat' dir='ltr'>accepto</span> <span class='ocrx_word' id='word_1_889' title='bbox 3419 4419 3524 4475; x_wconf 86' lang='lat' dir='ltr'>fert</span> 
     </span>
    </p>
   </div>
   <div class='ocr_carea' id='block_1_107' title="bbox 1940 4503 3521 4575">
    <p class='ocr_par' dir='ltr' id='par_1_107' title="bbox 1940 4503 3521 4575">
     <span class='ocr_line' id='line_1_108' title="bbox 1940 4503 3521 4575; baseline 0.005 -19"><span class='ocrx_word' id='word_1_890' title='bbox 1940 4523 1962 4552; x_wconf 80' lang='grc'>»</span> <span class='ocrx_word' id='word_1_891' title='bbox 1992 4503 2257 4571; x_wconf 89' lang='lat' dir='ltr'>justitiam</span> <span class='ocrx_word' id='word_1_892' title='bbox 2287 4503 2401 4559; x_wconf 89' lang='lat' dir='ltr'>sive</span> <span class='ocrx_word' id='word_1_893' title='bbox 2431 4504 2689 4573; x_wconf 91' lang='lat' dir='ltr'>operibus</span> <span class='ocrx_word' id='word_1_894' title='bbox 2723 4522 2735 4557; x_wconf 92' lang='lat'><strong>:</strong></span> <span class='ocrx_word' id='word_1_895' title='bbox 2773 4526 2794 4551; x_wconf 75' lang='grc' dir='ltr'><strong>α</strong></span> <span class='ocrx_word' id='word_1_896' title='bbox 2832 4504 2978 4559; x_wconf 88' lang='lat' dir='ltr'>Beati</span> <span class='ocrx_word' id='word_1_897' title='bbox 3012 4521 3245 4575; x_wconf 89' lang='lat' dir='ltr'>quorum</span> <span class='ocrx_word' id='word_1_898' title='bbox 3277 4507 3521 4564; x_wconf 69' lang='lat' dir='ltr'>remissae</span> 
     </span>
    </p>
   </div>
   <div class='ocr_carea' id='block_1_108' title="bbox 1939 4591 3519 4665">
    <p class='ocr_par' dir='ltr' id='par_1_108' title="bbox 1939 4591 3519 4665">
     <span class='ocr_line' id='line_1_109' title="bbox 1939 4591 3519 4665; baseline 0.006 -23"><span class='ocrx_word' id='word_1_899' title='bbox 1939 4613 1961 4641; x_wconf 73' lang='grc' dir='ltr'><strong><em>ι</em></strong></span> <span class='ocrx_word' id='word_1_900' title='bbox 1998 4600 2122 4645; x_wconf 90' lang='lat' dir='ltr'>sunt</span> <span class='ocrx_word' id='word_1_901' title='bbox 2184 4591 2494 4663; x_wconf 90' lang='lat' dir='ltr'>iniquitates</span> <span class='ocrx_word' id='word_1_902' title='bbox 2550 4600 2603 4647; x_wconf 88' lang='lat' dir='ltr'>et</span> <span class='ocrx_word' id='word_1_903' title='bbox 2650 4608 2881 4663; x_wconf 88' lang='lat' dir='ltr'>quorum</span> <span class='ocrx_word' id='word_1_904' title='bbox 2931 4600 3065 4647; x_wconf 90' lang='lat' dir='ltr'>tecta</span> <span class='ocrx_word' id='word_1_905' title='bbox 3112 4603 3233 4648; x_wconf 91' lang='lat' dir='ltr'>sunt</span> <span class='ocrx_word' id='word_1_906' title='bbox 3276 4605 3519 4665; x_wconf 88' lang='lat' dir='ltr'>peccata.</span> 
     </span>
    </p>
   </div>
   <div class='ocr_carea' id='block_1_109' title="bbox 1938 4679 3521 4753">
    <p class='ocr_par' dir='ltr' id='par_1_109' title="bbox 1938 4679 3521 4753">
     <span class='ocr_line' id='line_1_110' title="bbox 1938 4679 3521 4753; baseline 0.008 -25"><span class='ocrx_word' id='word_1_907' title='bbox 1938 4704 1958 4727; x_wconf 72' lang='grc' dir='ltr'><strong>οι</strong></span> <span class='ocrx_word' id='word_1_908' title='bbox 1998 4681 2188 4734; x_wconf 90' lang='lat' dir='ltr'>Beatus</span> <span class='ocrx_word' id='word_1_909' title='bbox 2219 4680 2301 4733; x_wconf 86' lang='lat' dir='ltr'>vir</span> <span class='ocrx_word' id='word_1_910' title='bbox 2332 4680 2416 4735; x_wconf 91' lang='lat' dir='ltr'>cui</span> <span class='ocrx_word' id='word_1_911' title='bbox 2447 4696 2556 4734; x_wconf 93' lang='lat' dir='ltr'>non</span> <span class='ocrx_word' id='word_1_912' title='bbox 2602 4679 2883 4750; x_wconf 88' lang='lat' dir='ltr'>imputavit</span> <span class='ocrx_word' id='word_1_913' title='bbox 2924 4682 3189 4735; x_wconf 91' lang='lat' dir='ltr'>Dominus</span> <span class='ocrx_word' id='word_1_914' title='bbox 3236 4693 3521 4753; x_wconf 90' lang='lat' dir='ltr'>peccatum</span> 
     </span>
    </p>
   </div>
   <div class='ocr_carea' id='block_1_110' title="bbox 1938 4769 3524 4841">
    <p class='ocr_par' dir='ltr' id='par_1_110' title="bbox 1938 4769 3524 4841">
     <span class='ocr_line' id='line_1_111' title="bbox 1938 4769 3524 4841; baseline 0.007 -23"><span class='ocrx_word' id='word_1_915' title='bbox 1938 4789 1959 4818; x_wconf 72' lang='grc' dir='ltr'>ι</span> <span class='ocrx_word' id='word_1_916' title='bbox 1995 4769 2169 4837; x_wconf 86' lang='lat' dir='ltr'>(Psal.</span> <span class='ocrx_word' id='word_1_917' title='bbox 2207 4784 2369 4834; x_wconf 79' lang='lat' dir='ltr'>xxxi,</span> <span class='ocrx_word' id='word_1_918' title='bbox 2405 4771 2477 4837; x_wconf 84' lang='grc'>1).</span> <span class='ocrx_word' id='word_1_919' title='bbox 2520 4789 2540 4818; x_wconf 74' lang='grc' dir='ltr'><strong>ιν</strong></span> <span class='ocrx_word' id='word_1_920' title='bbox 2577 4769 2858 4824; x_wconf 88' lang='lat' dir='ltr'>Beatitudo</span> <span class='ocrx_word' id='word_1_921' title='bbox 2890 4786 3025 4841; x_wconf 86' lang='lat' dir='ltr'>ergo</span> <span class='ocrx_word' id='word_1_922' title='bbox 3056 4770 3172 4826; x_wconf 73' lang='lat' dir='ltr'>haec</span> <span class='ocrx_word' id='word_1_923' title='bbox 3203 4771 3256 4826; x_wconf 94' lang='lat' dir='ltr'>in</span> <span class='ocrx_word' id='word_1_924' title='bbox 3287 4772 3524 4830; x_wconf 90' lang='lat' dir='ltr'>circum-</span> 
     </span>
    </p>
   </div>
   <div class='ocr_carea' id='block_1_111' title="bbox 1940 4856 3523 4930">
    <p class='ocr_par' dir='ltr' id='par_1_111' title="bbox 1940 4856 3523 4930">
     <span class='ocr_line' id='line_1_112' title="bbox 1940 4856 3523 4930; baseline 0.005 -19"><span class='ocrx_word' id='word_1_925' title='bbox 1940 4879 1960 4902; x_wconf 84' lang='grc' dir='ltr'>α</span> <span class='ocrx_word' id='word_1_926' title='bbox 1997 4856 2202 4911; x_wconf 87' lang='lat' dir='ltr'>cisione</span> <span class='ocrx_word' id='word_1_927' title='bbox 2234 4865 2439 4911; x_wconf 92' lang='lat' dir='ltr'>tantum</span> <span class='ocrx_word' id='word_1_928' title='bbox 2468 4865 2669 4921; x_wconf 89' lang='lat' dir='ltr'>manet,</span> <span class='ocrx_word' id='word_1_929' title='bbox 2703 4872 2773 4911; x_wconf 89' lang='lat' dir='ltr'>an</span> <span class='ocrx_word' id='word_1_930' title='bbox 2804 4857 2962 4912; x_wconf 92' lang='lat' dir='ltr'>etiam</span> <span class='ocrx_word' id='word_1_931' title='bbox 2988 4858 3041 4912; x_wconf 91' lang='lat' dir='ltr'>in</span> <span class='ocrx_word' id='word_1_932' title='bbox 3088 4861 3391 4930; x_wconf 72' lang='lat' dir='ltr'>praeputio?</span> <span class='ocrx_word' id='word_1_933' title='bbox 3422 4864 3523 4919; x_wconf 91' lang='lat' dir='ltr'>Di-</span> 
     </span>
    </p>
   </div>
   <div class='ocr_carea' id='block_1_112' title="bbox 1938 4943 3525 5016">
    <p class='ocr_par' dir='ltr' id='par_1_112' title="bbox 1938 4943 3525 5016">
     <span class='ocr_line' id='line_1_113' title="bbox 1938 4943 3525 5016; baseline 0.009 -21"><span class='ocrx_word' id='word_1_934' title='bbox 1938 4966 1960 4995; x_wconf 70' lang='grc' dir='ltr'><strong>α</strong></span> <span class='ocrx_word' id='word_1_935' title='bbox 1996 4943 2169 4999; x_wconf 88' lang='lat' dir='ltr'>cimus</span> <span class='ocrx_word' id='word_1_936' title='bbox 2200 4944 2343 4999; x_wconf 89' lang='lat' dir='ltr'>enim</span> <span class='ocrx_word' id='word_1_937' title='bbox 2398 4945 2520 5016; x_wconf 91' lang='lat' dir='ltr'>quia</span> <span class='ocrx_word' id='word_1_938' title='bbox 2569 4954 2816 5016; x_wconf 89' lang='lat' dir='ltr'>reputata</span> <span class='ocrx_word' id='word_1_939' title='bbox 2866 4954 2948 5001; x_wconf 90' lang='lat' dir='ltr'>est</span> <span class='ocrx_word' id='word_1_940' title='bbox 2992 4947 3227 5004; x_wconf 66' lang='lat' dir='ltr'>Abrahae</span> <span class='ocrx_word' id='word_1_941' title='bbox 3270 4949 3405 5007; x_wconf 90' lang='lat' dir='ltr'>tides</span> <span class='ocrx_word' id='word_1_942' title='bbox 3453 4954 3525 5009; x_wconf 89' lang='lat' dir='ltr'>ad</span> 
     </span>
    </p>
   </div>
   <div class='ocr_carea' id='block_1_113' title="bbox 1938 5031 3525 5106">
    <p class='ocr_par' dir='ltr' id='par_1_113' title="bbox 1938 5031 3525 5106">
     <span class='ocr_line' id='line_1_114' title="bbox 1938 5031 3525 5106; baseline 0.011 -26"><span class='ocrx_word' id='word_1_943' title='bbox 1938 5056 1958 5079; x_wconf 80' lang='grc' dir='ltr'>α</span> <span class='ocrx_word' id='word_1_944' title='bbox 1988 5031 2266 5101; x_wconf 85' lang='lat' dir='ltr'>justitiam.</span> <span class='ocrx_word' id='word_1_945' title='bbox 2302 5031 2587 5101; x_wconf 90' lang='lat' dir='ltr'>Quomodo</span> <span class='ocrx_word' id='word_1_946' title='bbox 2617 5050 2752 5106; x_wconf 82' lang='lat' dir='ltr'>ergo</span> <span class='ocrx_word' id='word_1_947' title='bbox 2782 5042 3028 5105; x_wconf 89' lang='lat' dir='ltr'>reputata</span> <span class='ocrx_word' id='word_1_948' title='bbox 3059 5046 3168 5104; x_wconf 91' lang='lat' dir='ltr'>est,</span> <span class='ocrx_word' id='word_1_949' title='bbox 3204 5036 3257 5093; x_wconf 93' lang='lat' dir='ltr'>in</span> <span class='ocrx_word' id='word_1_950' title='bbox 3288 5040 3525 5096; x_wconf 89' lang='lat' dir='ltr'>circum-</span> 
     </span>
    </p>
   </div>
   <div class='ocr_carea' id='block_1_114' title="bbox 1934 5120 3517 5197">
    <p class='ocr_par' dir='ltr' id='par_1_114' title="bbox 1934 5120 3517 5197">
     <span class='ocr_line' id='line_1_115' title="bbox 1934 5120 3517 5197; baseline 0.011 -28"><span class='ocrx_word' id='word_1_951' title='bbox 1934 5142 1958 5169; x_wconf 75' lang='grc' dir='ltr'><strong><em>α</em></strong></span> <span class='ocrx_word' id='word_1_952' title='bbox 1991 5120 2215 5185; x_wconf 88' lang='lat' dir='ltr'>cisione,</span> <span class='ocrx_word' id='word_1_953' title='bbox 2253 5136 2322 5174; x_wconf 92' lang='lat' dir='ltr'>an</span> <span class='ocrx_word' id='word_1_954' title='bbox 2370 5121 2424 5174; x_wconf 93' lang='lat' dir='ltr'>in</span> <span class='ocrx_word' id='word_1_955' title='bbox 2472 5122 2782 5192; x_wconf 68' lang='lat' dir='ltr'>przrputio?</span> <span class='ocrx_word' id='word_1_956' title='bbox 2822 5124 2945 5177; x_wconf 91' lang='lat' dir='ltr'>Non</span> <span class='ocrx_word' id='word_1_957' title='bbox 2992 5125 3047 5179; x_wconf 89' lang='lat' dir='ltr'>in</span> <span class='ocrx_word' id='word_1_958' title='bbox 3084 5126 3517 5197; x_wconf 90' lang='lat' dir='ltr'>circumcisione,</span> 
     </span>
    </p>
   </div>
   <div class='ocr_carea' id='block_1_115' title="bbox 1935 5210 3525 5283">
    <p class='ocr_par' dir='ltr' id='par_1_115' title="bbox 1935 5210 3525 5283">
     <span class='ocr_line' id='line_1_116' title="bbox 1935 5210 3525 5283; baseline 0.006 -21"><span class='ocrx_word' id='word_1_959' title='bbox 1935 5231 1956 5256; x_wconf 79' lang='grc' dir='ltr'>α</span> <span class='ocrx_word' id='word_1_960' title='bbox 1995 5210 2090 5263; x_wconf 90' lang='lat' dir='ltr'>sed</span> <span class='ocrx_word' id='word_1_961' title='bbox 2123 5210 2176 5262; x_wconf 93' lang='lat' dir='ltr'>in</span> <span class='ocrx_word' id='word_1_962' title='bbox 2208 5210 2489 5279; x_wconf 66' lang='lat' dir='ltr'>praeputio.</span> <span class='ocrx_word' id='word_1_963' title='bbox 2526 5212 2591 5265; x_wconf 86' lang='lat' dir='ltr'>Et</span> <span class='ocrx_word' id='word_1_964' title='bbox 2622 5211 2837 5282; x_wconf 89' lang='lat' dir='ltr'>signum</span> <span class='ocrx_word' id='word_1_965' title='bbox 2860 5214 3070 5283; x_wconf 87' lang='lat' dir='ltr'>accepit</span> <span class='ocrx_word' id='word_1_966' title='bbox 3096 5214 3525 5271; x_wconf 89' lang='lat' dir='ltr'>circumcisionis</span> 
     </span>
    </p>
   </div>
   <div class='ocr_carea' id='block_1_116' title="bbox 1936 5297 3530 5379">
    <p class='ocr_par' dir='ltr' id='par_1_116' title="bbox 1936 5297 3530 5379">
     <span class='ocr_line' id='line_1_117' title="bbox 1936 5297 3530 5379; baseline 0.006 -30"><span class='ocrx_word' id='word_1_967' title='bbox 1936 5318 1958 5348; x_wconf 76' lang='grc' dir='ltr'>ι</span> <span class='ocrx_word' id='word_1_968' title='bbox 1994 5297 2337 5379; x_wconf 83' lang='lat' dir='ltr'>signaculum</span> <span class='ocrx_word' id='word_1_969' title='bbox 2362 5298 2582 5366; x_wconf 63' lang='lat' dir='ltr'>justitia:</span> <span class='ocrx_word' id='word_1_970' title='bbox 2612 5298 2734 5354; x_wconf 86' lang='lat' dir='ltr'>fidei</span> <span class='ocrx_word' id='word_1_971' title='bbox 2778 5318 2899 5371; x_wconf 66' lang='lat' dir='ltr'>quae</span> <span class='ocrx_word' id='word_1_972' title='bbox 2948 5309 3031 5356; x_wconf 89' lang='lat' dir='ltr'>est</span> <span class='ocrx_word' id='word_1_973' title='bbox 3072 5302 3126 5356; x_wconf 90' lang='lat' dir='ltr'>in</span> <span class='ocrx_word' id='word_1_974' title='bbox 3154 5305 3437 5373; x_wconf 71' lang='lat' dir='ltr'>praeputio,</span> <span class='ocrx_word' id='word_1_975' title='bbox 3472 5312 3530 5360; x_wconf 90' lang='lat' dir='ltr'>ut</span> 
     </span>
    </p>
   </div>
   <div class='ocr_carea' id='block_1_117' title="bbox 1937 5386 3529 5462">
    <p class='ocr_par' dir='ltr' id='par_1_117' title="bbox 1937 5386 3529 5462">
     <span class='ocr_line' id='line_1_118' title="bbox 1937 5386 3529 5462; baseline 0.006 -25"><span class='ocrx_word' id='word_1_976' title='bbox 1937 5408 1957 5436; x_wconf 82' lang='grc' dir='ltr'><strong><em>α</em></strong></span> <span class='ocrx_word' id='word_1_977' title='bbox 1996 5386 2063 5439; x_wconf 91' lang='lat' dir='ltr'>sit</span> <span class='ocrx_word' id='word_1_978' title='bbox 2093 5394 2245 5456; x_wconf 89' lang='lat' dir='ltr'>pater</span> <span class='ocrx_word' id='word_1_979' title='bbox 2274 5387 2513 5441; x_wconf 91' lang='lat' dir='ltr'>omnium</span> <span class='ocrx_word' id='word_1_980' title='bbox 2546 5388 2880 5443; x_wconf 90' lang='lat' dir='ltr'>credentium</span> <span class='ocrx_word' id='word_1_981' title='bbox 2926 5406 3027 5461; x_wconf 91' lang='lat' dir='ltr'>per</span> <span class='ocrx_word' id='word_1_982' title='bbox 3073 5392 3389 5462; x_wconf 67' lang='lat' dir='ltr'>praeputium</span> <span class='ocrx_word' id='word_1_983' title='bbox 3412 5435 3424 5459; x_wconf 94' lang='lat'>,</span> <span class='ocrx_word' id='word_1_984' title='bbox 3470 5401 3529 5447; x_wconf 88' lang='lat' dir='ltr'>ut</span> 
     </span>
    </p>
   </div>
   <div class='ocr_carea' id='block_1_118' title="bbox 1936 5475 3529 5554">
    <p class='ocr_par' dir='ltr' id='par_1_118' title="bbox 1936 5475 3529 5554">
     <span class='ocr_line' id='line_1_119' title="bbox 1936 5475 3529 5554; baseline 0.007 -28"><span class='ocrx_word' id='word_1_985' title='bbox 1936 5496 1959 5526; x_wconf 73' lang='grc' dir='ltr'><strong>α</strong></span> <span class='ocrx_word' id='word_1_986' title='bbox 1998 5482 2273 5547; x_wconf 90' lang='lat' dir='ltr'>reputetur</span> <span class='ocrx_word' id='word_1_987' title='bbox 2316 5483 2370 5530; x_wconf 88' lang='lat' dir='ltr'>et</span> <span class='ocrx_word' id='word_1_988' title='bbox 2417 5475 2521 5531; x_wconf 89' lang='lat' dir='ltr'>illis</span> <span class='ocrx_word' id='word_1_989' title='bbox 2561 5476 2629 5531; x_wconf 88' lang='lat' dir='ltr'>ad</span> <span class='ocrx_word' id='word_1_990' title='bbox 2674 5477 2955 5545; x_wconf 89' lang='lat' dir='ltr'>justitiam.</span> <span class='ocrx_word' id='word_1_991' title='bbox 3005 5480 3073 5533; x_wconf 88' lang='lat' dir='ltr'>Et</span> <span class='ocrx_word' id='word_1_992' title='bbox 3122 5480 3187 5533; x_wconf 93' lang='lat' dir='ltr'>sit</span> <span class='ocrx_word' id='word_1_993' title='bbox 3218 5478 3405 5551; x_wconf 83' lang='lat' dir='ltr'>[alias,</span> <span class='ocrx_word' id='word_1_994' title='bbox 3452 5480 3529 5554; x_wconf 91' lang='lat' dir='ltr'>ut]</span> 
     </span>
    </p>
   </div>
   <div class='ocr_carea' id='block_1_119' title="bbox 3285 5608 3319 5663">
    <p class='ocr_par' dir='ltr' id='par_1_119' title="bbox 3285 5608 3319 5663">
     <span class='ocr_line' id='line_1_120' title="bbox 3285 5608 3319 5663; baseline 0 0"><span class='ocrx_word' id='word_1_995' title='bbox 3285 5608 3319 5663; x_wconf 74' lang='grc'><strong>2</strong></span> 
     </span>
    </p>
   </div>
  </div>
