3960 6036
412 61 478 114 43
960 61 1016 116 S.
1058 60 1410 116 BRUNONIS
1451 60 2094 119 CARTHUSIANORUM
2132 58 2613 118 INSTITUTORIS
2653 60 2803 117 OPP.
2847 61 3022 116 PARS
3063 61 3128 114 ΙΙ.

3621 58 3706 115 44

416 204 438 234 α
473 190 631 254 pater
661 180 1104 251 circumcisionis,
1138 200 1245 238 non
1275 183 1359 238 his
1390 191 1598 238 tantum
1646 183 1737 254 qui
1781 191 1904 238 sunt
1934 200 1999 238 ex
2020 189 2072 246 Α
2101 184 2240 256 legis
2261 182 2567 253 justiﬁcari,
2602 183 2699 238 sed
2730 182 2863 238 ﬁdes
2887 182 3176 253 justiﬁcat,
3212 190 3346 238 teste
3376 183 3690 254 Scriptura.

415 293 436 318 α
475 271 906 338 circumcisione,
959 273 1056 326 sed
1103 280 1155 326 et
1203 271 1285 325 his
1334 271 1424 343 qui
1473 279 1743 326 sectantur
1772 272 1998 343 vestigia

414 381 434 409 ι
472 358 618 426 ﬁdei,
653 377 773 431 quae
801 368 880 415 est
911 361 966 414 in
1012 361 1270 431 praeputio
1317 361 1484 431 patris
1530 360 1699 414 nostri
1729 361 1986 415 Abrahae.

413 469 435 499 ι
470 450 592 503 Non
623 449 766 503 enim
801 466 902 520 per
947 449 1124 520 legem
1156 449 1450 518 promissio
1498 449 1749 516 Abrahae,
1785 457 1875 503 aut
1904 465 1996 503 se-

413 559 436 588 ι
470 537 601 591 mini
627 538 760 606 ejus,
793 545 852 592 ut
882 539 1057 592 haares
1071 545 1216 592 esset
1243 537 1450 602 mundi,
1485 538 1582 592 sed
1610 554 1710 607 per
1732 537 1995 605 justitiam

413 650 432 674 «
470 625 614 680 ﬁdei.
650 625 706 681 Si
732 626 875 680 enim
906 626 998 698 qui
1029 643 1093 681 ex
1126 627 1246 698 lege
1273 625 1426 682 25
1450 626 1694 680 heredes
1717 633 1861 692 sunt,
1882 625 1996 680 exi-

411 735 432 765 α
468 714 648 769 nauita
670 721 752 769 est
800 714 956 780 ﬁdes,
1010 714 1214 769 abolita
1261 722 1341 768 est
1370 713 1677 784 promissio.
1712 715 1821 768 Lex
1850 714 1994 768 enim

408 827 428 851 «
453 803 583 857 iram
601 810 872 872 operatur.
883 803 984 858 Ubi
998 803 1140 857 enim
1153 819 1260 858 non
1275 811 1357 857 est
1370 802 1990 872 lex,nec'praevaricatio.

408 913 430 942 α
467 891 596 946 Ideo
623 907 688 946 ex
719 889 826 946 ﬁde
856 900 912 945 ut
959 892 1255 946 secundum
1305 890 1534 963 gratiam
1565 889 1719 944 ﬁrma
1758 891 1825 944 sit
1869 907 1996 960 pro-

406 1004 428 1028 α
462 981 651 1036 missio
682 980 826 1035 omni
861 980 1054 1035 semini
1088 998 1098 1035 :
1135 995 1243 1034 non
1265 979 1314 1033 ei
1347 979 1436 1050 qui
1469 979 1670 1052 exlege
1693 987 1776 1034 est
1796 979 1990 1044 solum,

407 1090 429 1120 ι
466 1070 563 1124 sed
593 1078 645 1125 et
674 1069 724 1124 ei
754 1069 844 1140 qui
890 1086 954 1123 ex
985 1067 1092 1123 ﬁde
1149 1076 1231 1123 est
1279 1069 1530 1134 Abrahae,
1596 1068 1688 1138 qui
1716 1075 1874 1138 pater
1911 1075 1995 1122 est

403 1181 423 1205 α
463 1157 700 1213 omnium
731 1165 972 1212 nostrum
1008 1175 1019 1210 :
1053 1157 1190 1212 sicut
1220 1156 1483 1226 scriptum
1514 1164 1597 1210 est
1631 1171 1642 1210 :
1682 1179 1703 1202 α
1739 1155 1875 1224 Quia
1907 1171 1992 1226 pa-

405 1268 426 1292 α
461 1253 599 1300 trem
640 1246 932 1300 multarum
966 1245 1209 1316 gentium
1237 1245 1394 1315 posui
1432 1252 1482 1298 te
1515 1245 1675 1312 (Gen.
1698 1259 1837 1312 xvu,
1860 1247 1932 1312 5),
1968 1269 1988 1292 ››

401 1358 421 1382 α
459 1343 581 1389 ante
614 1335 785 1389 Deum
828 1334 911 1390 cui
952 1333 1232 1388 credidisti
1269 1350 1281 1385 :
1316 1333 1406 1404 qui
1444 1331 1676 1388 viviﬁcat
1722 1340 1987 1398 mortuos,

406 1443 425 1475 ι
466 1431 518 1478 et
546 1432 705 1479 vocat
735 1439 799 1477 ea
831 1439 953 1493 qum
982 1438 1090 1477 non
1123 1430 1265 1489 sunt,
1302 1430 1557 1492 tanquam
1590 1438 1652 1475 ea
1681 1437 1800 1492 quae
1834 1429 1986 1474 sunt:

2111 274 2251 341 Quid
2283 275 2435 327 enim
2480 273 2772 344 Scriptura
2808 273 2984 328 dicit?
3012 274 3127 328 Hoc
3149 272 3372 337 scilicet,
3407 272 3699 327 Abraham

2099 362 2343 418 credidit
2362 363 2489 428 Deo,
2506 366 2560 416 et
2578 361 2709 416 illud
2738 362 2966 416 credere
2985 365 3312 433 reputatum
3327 362 3476 416 estei
3506 361 3578 416 ad
3588 362 3696 432 ju-

2099 451 2343 517 stiliam,
2373 450 2435 504 id
2481 459 2557 504 est
2591 466 2690 520 per
2718 448 2882 505 ﬁdem
2912 467 3016 521 qua
3045 451 3163 505 Deo
3207 449 3455 519 credidit,
3489 449 3698 504 meruit

2093 537 2396 607 justiﬁcari.
2455 541 2796 609 Reputatum
2839 543 2942 603 est,
2993 538 3118 594 ideo
3147 538 3294 605 dicit,
3331 538 3456 609 quia
3483 537 3690 593 multo-

2098 627 2198 680 ties
2254 634 2307 681 et
2372 626 2606 681 diversis
2672 627 3007 697 temporibus
3070 626 3373 697 repromisit
3443 627 3546 681 hoc
3610 625 3694 680 illi

2095 715 2262 780 Deus,
2297 723 2349 769 et
2377 715 2520 769 nulla
2563 716 2681 770 vice
2721 715 2995 769 Abraham
3025 715 3306 781 hasitavit,
3332 715 3439 769 sed
3470 730 3689 784 semper

2095 803 2344 858 credidit.
2379 802 2519 871 Quia
2547 804 2680 858 dixit
2709 803 2777 858 de
2809 804 3103 871 Abraham,
3137 820 3259 858 eum
3294 803 3496 858 scilicet
3521 802 3681 871 justi-

2096 890 2316 946 ﬁcatum
2344 907 2444 961 per
2474 891 2654 958 ﬁdem,
2687 901 2739 946 et
2766 908 2874 946 non
2922 909 3022 962 per
3068 908 3230 962 opera
3274 891 3430 963 legis,
3466 891 3688 961 adaptat

2093 980 2346 1035 omnibus
2375 981 2562 1034 dicens
2599 998 2610 1033 :
2645 981 2765 1035 Non
2799 981 2900 1036 soli
2929 981 3160 1035 Abrahae
3188 981 3293 1035 hoc
3325 978 3400 1045 lit,
3426 979 3558 1032 nihil
3589 979 3690 1033 sci-

2094 1068 2221 1124 licet
2254 1067 2662 1137 justiﬁcationis
2707 1069 2946 1124 invenire
2995 1086 3061 1124 ex
3090 1069 3348 1140 operibus
3393 1067 3552 1140 legis,
3587 1067 3686 1121 sed

2095 1157 2253 1211 etiam
2273 1157 2421 1212 omni
2445 1160 2499 1212 ei
2512 1159 2608 1230 qui
2630 1162 2920 1229 operatur,
2947 1158 2999 1212 id
3021 1166 3102 1212 est
3125 1157 3215 1228 qui
3236 1158 3415 1228 legem
3428 1171 3680 1226 operum,

2093 1245 2146 1300 id
2175 1254 2257 1301 est
2300 1254 2560 1310 veterem,
2615 1255 2666 1301 et
2708 1262 2815 1301 non
2856 1247 3085 1317 gratiam
3131 1245 3370 1318 sequitur
3404 1261 3416 1299 :
3448 1245 3539 1299 illi
3567 1261 3684 1300 non

2093 1339 2458 1404 amputatur
2485 1351 2698 1390 merces
2730 1336 3039 1391 secundum
3066 1336 3332 1406 gratiam,
3368 1334 3423 1387 id
3463 1341 3546 1388 est
3575 1333 3679 1388 iste

2095 1423 2287 1492 quaerit
2308 1423 2647 1478 remunerari
2677 1439 2786 1478 non
2815 1440 2915 1493 per
2943 1424 3174 1496 gratiam
3207 1423 3326 1490 Dei,
3358 1422 3455 1477 sed
3472 1437 3681 1476 secun-

400 1535 421 1559 α
460 1511 565 1580 Qui
595 1519 781 1567 contra
812 1527 965 1580 spem
996 1510 1049 1563 in
1083 1527 1233 1580 spem
1293 1510 1538 1575 credidit,
1572 1517 1629 1605 ut
1658 1508 1807 1563 ﬁeret
1834 1517 1992 1605 pater
2013 1546 2064 1605 B
2093 1512 2222 1565 dam
2252 1512 2520 1577 debitum,
2554 1512 2609 1566 id
2631 1513 3020 1567 estsecundum
3053 1511 3198 1582 quod
3229 1510 3431 1565 meritis
3453 1525 3680 1579 operum

395 1621 418 1650 «
458 1601 756 1654 multarum
786 1599 1025 1671 gentium
1059 1598 1356 1653 secundum
1387 1599 1530 1667 quod
1564 1597 1767 1651 dictum
1796 1605 1878 1650 est
1909 1597 1988 1651 ei:

399 1709 421 1739 ι
455 1688 544 1744 Sic
576 1689 678 1743 erit
709 1703 894 1742 semen
922 1695 1090 1752 tuum,
1126 1687 1261 1740 sicut
1291 1686 1464 1740 stellae
1485 1685 1625 1752 cmli,
1653 1693 1704 1739 et
1735 1693 1992 1756 tanquam

396 1799 417 1825 ιι
460 1792 626 1830 arena
654 1775 823 1830 maris
853 1775 1012 1846 (Gen.
1047 1791 1169 1838 xm,
1208 1775 1316 1843 15).
1359 1797 1380 1820 ιι
1431 1775 1496 1827 Et
1538 1789 1646 1828 non
1691 1772 1991 1828 inﬁrmatus

397 1888 418 1913 ιι
462 1873 543 1919 est
572 1863 628 1918 in
676 1862 804 1930 ﬁde,
862 1879 964 1918 nec
997 1861 1358 1918 consideravit
1389 1877 1585 1932 corpus
1616 1878 1774 1915 suum
1805 1877 1990 1915 emor-

406 1977 426 2001 «
463 1961 610 2007 tuum
645 1971 657 2005 :
691 1968 814 2006 cum
838 1952 952 2020 jam
997 1950 1111 2005 fere
1161 1958 1377 2005 centum
1426 1957 1572 2003 esset
1620 1965 1906 2015 annorum,
1941 1957 1992 2003 et

410 2064 432 2092 α
469 2049 767 2096 emortuam
797 2039 1016 2094 vulvam
1048 2039 1214 2093 Sarae.
1264 2040 1324 2092 In
1371 2037 1800 2108 repromissione
1832 2036 1991 2091 etiam

409 2153 431 2180 ι
468 2129 568 2184 Dei
615 2145 725 2184 non
754 2127 1022 2182 haesitavit
1069 2125 1382 2191 difﬁdentia,
1431 2127 1526 2180 sed
1557 2126 1894 2182 confortatus
1925 2142 1991 2179 ex

414 2238 435 2270 ι
467 2217 572 2272 ﬁde
627 2218 764 2271 dans
813 2215 1042 2288 gloriam
1093 2216 1230 2279 Deo,
1274 2214 1587 2284 plenissime
1641 2214 1820 2268 sciens
1867 2213 1991 2284 quia

407 2328 430 2358 α
466 2321 803 2378 quascunque
833 2303 1081 2374 promisit
1107 2304 1275 2367 Deus,
1317 2310 1511 2372 potens
1560 2310 1642 2356 est
1687 2309 1738 2356 et
1786 2301 1988 2367 facere,

409 2419 429 2443 ι(
468 2395 590 2449 ideo
637 2401 690 2448 et
737 2400 1038 2463 reputatum
1079 2399 1160 2445 est
1205 2390 1282 2443 illi
1315 2391 1384 2444 ad
1431 2389 1709 2458 justitiam.
1757 2391 1878 2444 Non
1911 2398 1992 2444 est

411 2504 432 2534 ε
469 2491 650 2538 autem
682 2481 942 2551 scriptum
991 2487 1199 2533 tantum
1245 2485 1470 2549 propter
1515 2477 1710 2546 ipsum,
1753 2478 1880 2549 quia
1910 2495 1991 2532 re-

410 2593 432 2622 ι
467 2578 713 2642 putatum
761 2577 842 2624 est
888 2569 963 2621 illi
991 2567 1357 2636 adjustitiam,
1392 2566 1489 2620 sed
1519 2575 1570 2620 et
1615 2575 1839 2636 propter
1869 2582 1986 2630 nos,

413 2680 435 2709 κ
471 2660 667 2731 quibus
697 2657 1030 2729 reputabitur
1069 2655 1414 2711 credentibus
1453 2654 1507 2708 in
1539 2670 1688 2709 eum.
1730 2653 1836 2721 Qui
1866 2671 1991 2707 sus—

407 2773 419 2796 ι
467 2749 646 2805 citavit
699 2749 883 2802 Jesum
961 2744 1233 2799 Christum
1304 2742 1593 2797 Dominum
1663 2750 1908 2796 nostrum
1963 2759 1992 2796 a

409 2859 432 2888 α
466 2835 712 2892 mortuis.
746 2834 846 2903 Qui
876 2833 1106 2887 traditus
1127 2839 1208 2886 est
1237 2840 1458 2902 propter
1486 2830 1682 2886 delicta
1710 2838 1915 2897 nostra,
1941 2837 1994 2885 et

409 2949 430 2974 ιι
467 2923 763 2981 resurrexit
792 2930 1010 2994 propter
1032 2919 1469 2990 justiﬁcationem
1499 2927 1767 2975 nostram.
1817 2942 1838 2966 η

1026 3139 1319 3179 EXPOSITIO
1333 3163 1346 3178 .

471 3288 741 3361 Quoniam
762 3285 979 3358 quidem
1011 3300 1076 3338 ex
1105 3282 1360 3354 operibus
1388 3279 1527 3353 legis
1558 3279 1703 3334 nulla
1729 3279 1992 3349 justiﬁca-

398 3384 493 3449 tio,
530 3381 628 3435 sed
657 3375 931 3448 perﬁdem
955 3381 1179 3437 tantum,
1205 3387 1329 3441 ergo
1351 3370 1751 3441 quiddicemus
1776 3369 1802 3422 ἱ)
1828 3370 1992 3424 Abra-

402 3473 533 3527 ham
560 3471 783 3539 patrem
813 3467 1074 3520 nostrum
1097 3460 1175 3514 sic
1206 3458 1449 3531 gentium
1480 3467 1536 3512 ut
1564 3457 1876 3512 Judmorum
1909 3472 1992 3511 se-

399 3558 636 3616 cundum
666 3552 827 3607 ﬁdem
851 3548 1123 3604 invenisse
1139 3546 1448 3603 secundum
1469 3545 1780 3613 carnem,id
1802 3552 1883 3599 est
1905 3561 1993 3600 se-

399 3646 636 3704 cundum
667 3639 898 3698 carnalis
926 3637 1066 3707 legis
1097 3633 1498 3690 observantiam
1519 3632 1546 3686 ?
1578 3632 1676 3687 Vel
1703 3633 1777 3686 ita
1810 3650 1822 3686 :
1850 3633 1991 3701 Quid

402 3737 650 3791 dice-mus
671 3728 952 3784 invenisse
982 3741 1047 3780 ex
1064 3723 1242 3778 carnis
1271 3721 1680 3777 circumcisione
1711 3721 1991 3776 Abraham

402 3825 630 3896 patrem
659 3819 938 3878 nostrum,
974 3812 1026 3866 id
1058 3819 1138 3866 est
1168 3810 1502 3878 Judaeorum,
1535 3809 1832 3864 secundum
1864 3824 1989 3863 car—

403 3926 551 3978 nem,
583 3904 637 3960 id
667 3911 749 3960 est
779 3900 1077 3957 secundum
1106 3898 1464 3970 propaginem
1493 3897 1672 3952 carnis
1705 3915 1718 3962 ;
1754 3896 1843 3967 qui
1875 3912 1991 3951 om-

405 3999 554 4054 nium
595 3990 930 4050 credentium
976 3996 1133 4059 pater
1163 3994 1244 4041 est
1275 3986 1573 4040 secundum
1603 3984 1990 4039 institutionem

402 4085 570 4142 ﬁdei?
604 4081 817 4137 Nullam
850 4077 1036 4148 utique
1055 4073 1500 4145 justiﬁcationem
1531 4089 1595 4128 ex
1625 4073 1882 4143 operibus
1912 4071 1990 4126 le-

398 4176 483 4249 gis
515 4170 716 4227 invenit
744 4167 1014 4222 Abraham
1047 4182 1059 4218 :
1096 4163 1241 4234 quod
1261 4163 1336 4216 ita
1361 4162 1570 4232 probat,
1594 4177 1694 4249 per
1715 4160 1987 4230 quoddam

2094 1615 2312 1654 suorum
2335 1600 2579 1655 debetur.
2616 1602 2682 1655 Ei
2705 1617 2830 1656 vero
2851 1601 2946 1672 qui
2965 1616 3079 1654 non
3101 1604 3385 1672 operatur,
3410 1598 3463 1652 id
3485 1604 3567 1652 est
3587 1597 3681 1667 qui

2091 1687 2268 1759 legem
2283 1703 2510 1758 Operum
2532 1704 2638 1743 non
2662 1689 2918 1760 sequitur,
2965 1689 3060 1744 sed
3079 1689 3333 1744 credenti
3353 1689 3415 1742 in
3437 1705 3566 1743 eum
3584 1689 3682 1760 qui

2084 1777 2644 1847 justiﬁcatimpium,
2671 1777 2726 1831 id
2745 1786 2827 1832 est
2849 1777 2940 1848 qui
2963 1793 3026 1832 ex
3048 1777 3232 1846 impio,
3260 1777 3305 1830 si
3325 1776 3575 1842 credidit,
3595 1776 3679 1830 fa-

2093 1864 2164 1918 cit
2186 1865 2413 1933 justum,
2456 1866 2612 1933 ﬁdes,
2643 1865 2883 1936 inquam,
2919 1867 3038 1935 ejus
3072 1865 3344 1920 credentis
3374 1869 3684 1937 reputatur

2092 1952 2170 2006 illi
2204 1954 2276 2008 ad
2317 1956 2649 2024 justitiam:
2682 1954 2808 2024 quia
2831 1952 3156 2022 justiticatur
3202 1953 3319 2008 sine
3367 1953 3513 2007 omni
3559 1969 3682 2008 me-

2091 2041 2194 2095 rito
2228 2059 2240 2094 :
2271 2058 2367 2111 per
2396 2043 2569 2096 solam
2598 2041 2758 2097 ﬁdem
2786 2086 2798 2107 ,
2838 2042 2976 2097 sicut
3007 2057 3174 2112 supra
3203 2049 3480 2096 ostensum
3515 2049 3597 2096 est
3627 2041 3684 2095 in

2092 2131 2384 2184 Abraham.
2418 2131 2515 2185 Vel
2545 2131 2698 2184 aliter
2732 2145 2744 2183 :
2777 2131 2921 2185 Licet
2949 2130 3179 2184 dixerim
3201 2146 3299 2199 per
3317 2128 3478 2184 ﬁdem
3509 2129 3682 2184 solam

2094 2219 2210 2273 sine
2241 2219 2362 2288 lege
2386 2217 2691 2287 justiﬁcari,
2747 2226 2929 2273 tamen
2969 2219 3022 2273 ei
3049 2220 3143 2289 qui
3173 2221 3463 2284 operatur,
3511 2217 3564 2271 id
3595 2225 3680 2272 est

2093 2307 2181 2377 qui
2217 2314 2429 2376 tempus
2458 2307 2622 2361 habet
2658 2306 2934 2377 operandi,
2969 2321 3076 2360 non
3106 2314 3188 2360 est
3218 2305 3516 2360 vacandum
3547 2305 3677 2370 otio,

2092 2395 2188 2449 sed
2219 2395 2357 2449 bene
2386 2395 2666 2464 Operando
2697 2394 3028 2450 credendum
3069 2402 3150 2448 est
3196 2393 3435 2448 venienti
3467 2393 3684 2465 gratia}.

2091 2484 2212 2538 Non
2243 2483 2384 2538 enim
2416 2483 2612 2537 talibus
2640 2482 2729 2554 qui
2760 2490 2970 2537 aitatem
3001 2481 3260 2551 operandi
3290 2483 3486 2536 habent
3515 2482 3687 2552 impu-

2093 2578 2236 2626 tatur
2263 2587 2476 2627 merces
2507 2590 2519 2637 ;
2555 2571 2651 2625 sed
2681 2570 2737 2624 ﬁt
2768 2570 3071 2635 retributio,
3105 2585 3211 2624 non
3241 2569 3421 2642 gratia
3450 2577 3677 2636 tantum,

2094 2660 2188 2714 sed
2202 2660 2499 2715 secundum
2520 2659 2842 2724 debitum,id
2864 2666 2945 2712 est
2965 2659 3044 2713 sic
3065 2659 3264 2712 debent
3283 2658 3498 2726 mereri,
3522 2658 3680 2713 26

2093 2755 2150 2819 ut
2180 2764 2278 2818 per
2304 2747 2557 2803 meritum
2599 2747 2851 2814 adjuvent
2889 2746 3140 2816 gratiam.
3187 2746 3252 2800 Ei
3281 2762 3405 2801 vero
3435 2747 3530 2818 qui
3565 2763 3682 2801 non

2095 2840 2383 2907 cperatur,
2418 2836 2472 2889 id
2501 2843 2584 2889 est
2615 2835 2708 2906 qui
2736 2850 2846 2889 non
2889 2834 3049 2888 habet
3077 2841 3291 2904 tempus
3333 2833 3598 2904 operandi
3627 2840 3687 2887 ut

2024 2921 2060 2958 υ
2091 2923 2249 2993 pueri
2279 2923 2457 2977 statim
2487 2922 2801 2988 morientes,
2832 2922 2929 2976 sed
2958 2923 3199 2977 credenti
3219 2922 3276 2976 in
3305 2938 3428 2977 eum
3461 2921 3552 2992 qui
3585 2937 3684 2992 per

2092 3010 2255 3065 ﬁdem
2280 3009 2537 3080 justiﬁcat
2565 3010 2810 3081 impium,
2841 3010 2916 3063 illi
2941 3015 3244 3082 reputatur
3271 3010 3409 3078 ﬁdes
3459 3011 3580 3078 ejus
3611 3011 3683 3065 ad

2082 3100 2397 3170 justitiam,
2430 3099 2483 3153 id
2513 3107 2594 3154 est
2625 3099 2742 3154 sola
2772 3097 2907 3153 ﬁdes
2939 3098 3131 3154 sufﬁcit
3159 3099 3225 3152 ad
3241 3096 3682 3167 justiﬁcationem

2093 3186 2228 3255 ejus,
2261 3187 2347 3242 cui
2376 3195 2560 3242 tenera
2591 3195 2722 3241 mtas
2753 3202 2920 3257 opera
2950 3185 3193 3259 negavit.

2164 3275 2313 3330 Sicut
2369 3275 2615 3345 superius
2657 3275 2905 3346 probavit
2948 3291 3044 3346 per
3089 3273 3392 3344 exemplum
3423 3272 3678 3340 Abrahae,

2092 3379 2308 3419 omnem
2338 3365 2650 3420 credentem
2675 3362 2963 3432 justiﬁcari
2993 3379 3092 3434 per
3119 3362 3301 3430 ﬁdem,
3335 3362 3410 3416 ita
3437 3361 3527 3417 hic
3550 3376 3680 3431 pro-

2091 3452 2217 3507 bare
2246 3452 2432 3522 incipit
2461 3467 2559 3522 per
2607 3450 2971 3506 auctoritatem
3002 3450 3192 3515 David,
3218 3466 3454 3516 omnem,
3475 3447 3674 3518 justiﬁ-

2092 3540 2353 3596 cationem
2387 3556 2510 3594 esse
2540 3556 2603 3593 ex
2639 3539 2834 3611 gratia.
2869 3539 3018 3595 Sicut
3066 3537 3208 3592 enim
3239 3537 3374 3593 ﬁdes
3420 3554 3520 3609 per
3548 3554 3680 3608 gra-

2090 3628 2237 3695 tiam,
2264 3628 2336 3682 ita
2380 3627 2586 3697 justitia
2617 3643 2682 3682 ex
2723 3627 2838 3682 sola
2884 3627 3056 3699 gratia
3085 3626 3186 3681 Dei
3235 3627 3483 3681 habetur.
3519 3627 3680 3681 Unde

2092 3717 2170 3772 sic
2201 3716 2275 3770 ait
2309 3733 2322 3770 :
2360 3738 2380 3765 κ
2416 3715 2577 3770 Fides
2630 3723 2909 3785 reputatur
2938 3715 3084 3770 omni
3129 3713 3374 3770 credenti
3423 3714 3489 3767 ad
3515 3713 3676 3782 justi-

2092 3805 2219 3858 tiam
2246 3821 2257 3859 :
2284 3828 2305 3852 ››
2323 3820 2442 3874 qua:
2458 3802 2666 3872 justitia
2685 3803 3089 3858 estsecundu—m
3106 3804 3459 3874 propositum
3477 3805 3681 3872 gratim

2092 3895 2210 3958 Dei,
2244 3892 2299 3946 id
2330 3899 2412 3946 est
2441 3891 2617 3945 omnis
2654 3889 2966 3959 justiﬁcatio
3013 3889 3071 3944 ﬁt
3111 3907 3211 3960 per
3245 3890 3473 3962 gratiam
3522 3889 3623 3944 Dei
3664 3907 3678 3943 :

2091 3997 2210 4052 quas
2223 3979 2397 4052 gratia
2427 3979 2706 4050 proposita
2735 3986 2787 4033 et
2809 3987 3110 4048 praeparata
3127 3987 3209 4033 est
3229 3978 3376 4033 omni
3396 3978 3670 4033 credenti.

2087 4068 2298 4122 Iustitia
2327 4068 2511 4138 utique
2540 4067 2597 4121 ﬁt
2625 4083 2724 4138 per
2780 4067 3016 4139 gratiam
3044 4066 3163 4135 Dei,
3213 4067 3362 4121 sicut
3405 4082 3516 4120 non
3575 4081 3680 4137 ego

2091 4156 2261 4221 solus,
2299 4156 2396 4210 sed
2425 4161 2480 4211 et
2511 4155 2686 4211 David
2707 4156 2844 4210 dicit
2869 4171 2886 4206 :
2918 4155 3040 4218 hoc,
3069 4154 3272 4210 scilicet
3301 4154 3416 4222 ejus
3434 4154 3679 4209 hominis

401 4241 808 4318 inconveniens.
841 4256 982 4310 Vere
1014 4253 1283 4306 Abraham
1305 4266 1411 4304 non
1436 4257 1516 4304 est
1540 4248 1866 4318 justiﬁcatus
1887 4247 2056 4317 perD
2094 4259 2216 4298 esse
2246 4243 2678 4308 beatitudinem,
2713 4243 2766 4297 id
2806 4250 2888 4297 est
2922 4242 3044 4298 vitae
3073 4243 3231 4310 hujus
3257 4241 3594 4306 munditiam,
3628 4247 3683 4296 et

403 4352 604 4422 legem.
627 4348 766 4401 Nam
785 4346 836 4400 si
845 4341 1200 4414 justiﬁcatus
1221 4355 1342 4394 esse
1363 4338 1620 4392 credatur
1640 4352 1713 4391 ea:
1734 4336 1988 4407 operibus

409 4440 562 4511 legis,
587 4433 751 4492 habet
783 4429 1006 4504 quidem
1033 4429 1272 4500 gloriam
1303 4426 1446 4496 apud
1477 4425 1742 4484 homines,
1765 4423 1858 4478 sed
1875 4441 1989 4480 non

405 4526 555 4600 apud
585 4526 759 4579 Deum
780 4518 1056 4591 gloriosus
1070 4523 1170 4584 est,
1198 4514 1324 4586 quia
1347 4529 1448 4569 nec
1471 4513 1525 4566 in
1553 4519 1844 4582 conspectu
1875 4511 1991 4580 ejus

397 4599 717 4685 justiﬁcatus
757 4615 854 4675 est,
903 4605 1047 4677 quod
1078 4602 1412 4674 impossibile
1444 4609 1525 4656 est
1569 4607 1625 4654 ut
1647 4599 1872 4670 quilibet
1896 4599 1990 4668 ju-

405 4701 664 4758 stiﬁcatus
693 4695 838 4767 apud
895 4695 1069 4748 Deum
1108 4693 1175 4746 sit
1213 4689 1560 4762 ingloriosus.
1623 4687 1718 4742 Vel
1774 4687 1892 4742 ita:
1947 4686 1992 4741 si

405 4791 684 4847 Abraham
721 4783 1078 4856 justi/iectus
1111 4785 1195 4835 est
1225 4795 1290 4833 ex
1320 4778 1462 4848 lege,
1498 4775 1660 4830 habet
1693 4775 1816 4830 inde
1847 4774 1992 4830 refe-

405 4879 634 4935 rendam
662 4873 894 4945 gloriam
925 4868 1128 4924 meritis
1166 4867 1296 4930 suis,
1331 4867 1425 4921 sed
1464 4880 1580 4919 non
1612 4863 1762 4934 apud
1794 4864 1988 4930 Deum,

407 4967 464 5023 id
493 4975 573 5022 est
603 4979 710 5019 non
741 4977 862 5017 esse
885 4961 988 5014 hoc
1019 4954 1362 5012 referendum
1385 4953 1569 5024 gratiae
1595 4951 1695 5006 Dei
1727 4969 1739 5005 :
1773 4951 1871 5006 sed
1899 4952 1992 5006 de-

405 5069 606 5128 rogare
635 5049 825 5122 gratiaa
858 5047 976 5116 Dei,
1011 5053 1064 5099 et
1107 5044 1460 5113 derogantem
1482 5038 1769 5108 justiﬁcari
1804 5039 1896 5111 qui
1917 5040 1993 5092 in-

401 5127 576 5214 justus
604 5149 704 5208 est,
740 5135 898 5192 simul
931 5150 1054 5188 esse
1085 5147 1192 5186 non
1224 5137 1474 5201 possunt.
1515 5128 1770 5183 Probavit
1798 5144 1895 5198 per
1915 5127 1994 5182 le—

406 5248 531 5304 gem
560 5245 670 5284 non
697 5241 860 5298 posse
881 5219 1184 5292 justiﬁcari,
1234 5234 1334 5289 per
1363 5217 1700 5288 praemissum
1730 5216 1991 5271 inconve-

408 5321 565 5376 niens
611 5315 804 5388 probat
841 5327 940 5383 per
983 5308 1151 5375 ﬁdem.
1182 5305 1488 5376 justiﬁcari,
1528 5322 1628 5377 per
1677 5311 1992 5376 sequentem

407 5406 802 5474 auctoritatem,
853 5400 1041 5456 dicens
1075 5415 1088 5453 :
1123 5394 1462 5472 Impossibile
1511 5402 1593 5452 est
1624 5410 1690 5452 ex
1735 5392 1994 5466 operibus

2091 4332 2144 4386 in
2175 4332 2351 4388 futuro
2382 4333 2544 4388 vitam
2582 4340 2838 4387 aeternam
2871 4350 2884 4398 ;
2919 4332 3012 4386 cui
3042 4331 3187 4386 Deus
3235 4334 3478 4401 accepto,
3515 4329 3568 4383 id
3598 4337 3680 4384 est

2090 4421 2408 4492 acceptabili
2437 4422 2552 4476 Deo
2587 4436 2598 4475 :
2634 4419 2718 4474 vel
2747 4421 2843 4476 cui
2863 4421 3005 4474 Deus
3033 4422 3277 4490 accepto,
3309 4418 3364 4470 id
3395 4425 3477 4472 est
3506 4417 3680 4490 gratis

2092 4510 2207 4564 sine
2238 4509 2431 4565 merito
2453 4512 2568 4580 fert
2571 4509 2886 4579 justitiam,
2911 4506 2966 4560 id
2986 4514 3240 4577 estquem
3256 4507 3402 4561 Deus
3419 4521 3483 4560 ex
3504 4505 3681 4578 gratia

2086 4597 2362 4667 justiﬁcat,
2395 4600 2517 4653 sine
2549 4597 2801 4668 aperibus
2821 4594 3262 4664 justiﬁcationem
3308 4593 3679 4665 promerenti-

2095 4687 2215 4741 bus.
2249 4687 2363 4741 Hoc
2391 4685 2572 4756 utique
2601 4685 2674 4742 ait
2713 4685 2887 4739 David
2917 4683 2992 4738 ita
3031 4683 3220 4739 dicens
3251 4683 3482 4753 (Psalm.
3515 4696 3677 4746 xxxx,

2095 4777 2149 4844 1)
2183 4792 2195 4828 :
2219 4776 2380 4831 Beati
2398 4781 2522 4828 sunt
2541 4773 2618 4827 illi
2638 4789 2872 4844 quorum
2895 4772 3234 4843 iniquitates
3258 4770 3504 4825 remissa:
3516 4774 3676 4824 sunt.

2091 4864 2212 4918 Non
2243 4863 2562 4917 determinat
2592 4877 2687 4932 per
2708 4876 2886 4932 quem,
2921 4859 3016 4914 sed
3039 4874 3272 4930 sequens
3290 4873 3484 4912 versus
3506 4857 3681 4911 innuit

2092 4969 2123 5006 a
2150 4952 2382 5006 Domino
2414 4952 2510 5005 has
2539 4948 2754 5005 remitti.
2788 4949 2870 5002 Illi
2896 4948 3079 5019 utique
3107 4955 3229 5002 sunt
3257 4948 3404 5002 beati
3429 4962 3439 5000 :
3465 4947 3681 5017 iniqui-

2097 5044 2242 5095 tates
2274 5055 2528 5111 quorum,
2561 5037 2616 5090 id
2649 5044 2729 5091 est
2760 5036 2816 5090 in
2847 5036 3040 5108 quibus
3068 5035 3331 5090 naturalis
3363 5033 3536 5088 fomes
3557 5048 3676 5103 pec-

2094 5128 2196 5183 cati
2225 5127 2490 5181 remissus
2520 5133 2568 5180 et
2597 5125 2904 5180 debilitatus
2935 5132 3037 5189 est,
3069 5124 3215 5195 quod
3236 5124 3349 5191 jam
3398 5122 3454 5175 in
3497 5129 3676 5176 actum

2095 5211 2324 5266 transire
2347 5226 2454 5265 non
2486 5216 2683 5280 potest,
2719 5209 2764 5263 si
2794 5209 2959 5265 velint
2987 5207 3061 5262 uti
3091 5208 3264 5262 libero
3295 5205 3512 5260 arbitrio
3542 5221 3677 5260 con?

2094 5299 2310 5356 fortato.
2344 5298 2453 5354 Sed
2497 5297 2621 5369 quia
2665 5297 2956 5352 remissum
3005 5312 3128 5351 esse
3177 5294 3421 5349 fomitem
3469 5293 3674 5364 peccati

2092 5404 2202 5444 non
2231 5386 2497 5444 sufﬁceret
2525 5385 2592 5441 ad
2624 5385 2873 5454 salutem,
2910 5383 3014 5440 nisi
3041 5381 3316 5455 praeterita
3361 5381 3570 5453 peccati
3598 5381 3679 5435 di-
