3946 6034
188 101 260 154 45
848 96 1226 154 EXPOSITIO
1264 97 1338 152 IN
1373 95 1752 152 EPISTOLAS
1791 95 2014 150 PAULI.
2048 126 2117 135 —
2148 95 2218 150 IN
2254 95 2474 151 EPIST.
2523 97 2616 151 AD
2665 95 2834 152 ROM.
3419 98 3486 151 46

197 222 571 288 mitterentur,
604 222 752 277 addit
786 237 798 277 :
841 226 912 279 Et
936 222 1076 278 beati
1118 230 1242 277 sunt
1272 222 1366 288 illi,
1401 226 1632 294 peccata
1661 237 1798 292 quo—
1820 221 1875 281 Α
1903 222 2059 277 sione
2088 220 2288 287 carnis,
2323 221 2377 275 id
2407 229 2489 276 est
2517 221 2738 289 Judaeis,
2772 221 2868 277 sed
2910 220 3070 277 etiam
3101 220 3352 276 omnibus
3403 222 3490 278 his

199 329 339 367 rum
385 312 610 366 actualia
661 316 810 368 tecta
857 312 1074 387 suntin
1105 312 1392 382 baptismo.
1417 311 1586 367 Tecta
1631 310 1754 364 ideo
1791 327 1803 362 :

199 401 336 472 quia
372 403 521 456 Deus
545 402 657 470 jam
715 416 826 456 non
873 401 1018 455 videt
1064 401 1135 454 ad
1192 399 1544 471 puniendum.
1603 401 1806 453 Beatus

197 489 374 543 etiam
399 491 484 544 vir
514 489 603 544 ille
623 492 717 545 cui
747 491 1016 545 Dominus
1036 506 1150 545 non
1173 491 1479 561 imputavit
1509 491 1807 559 peccatum

199 578 500 650 originale.
552 578 648 633 Hic
677 594 786 633 non
814 578 1041 632 multum
1071 578 1280 633 videtur
1310 593 1478 650 agere
1517 577 1583 632 de
1611 576 1804 648 gratia.

200 666 506 722 Sciendum
557 675 737 722 tamen
767 675 849 721 est
897 668 1044 738 quod
1087 675 1228 721 totus
1276 667 1518 737 psalmus
1565 673 1810 720 versatur

199 756 358 811 circa
386 755 913 810 commendationem
957 755 1146 828 gratiae
1177 755 1296 821 Dei,
1330 763 1382 810 et
1408 755 1600 824 probat
1630 753 1807 807 nemi—

200 861 334 898 nem
358 861 521 914 posse
546 843 828 913 justificari
849 843 952 897 nisi
982 861 1081 914 per
1110 845 1357 914 gratiam.
1393 841 1662 910 Quoniam
1691 842 1808 913 qui-

203 933 336 987 dem
383 933 458 986 ita
503 933 704 1005 legitur
748 933 804 986 in
844 933 1065 986 David:
1101 935 1238 1003 Ergo
1289 948 1388 1001 per
1435 931 1809 986 auctoritatem

202 1022 350 1077 hanc
380 1029 594 1077 constat
625 1022 766 1092 quod
798 1021 1102 1088 beatitudo,
1138 1021 1193 1074 id
1224 1029 1306 1074 est
1329 1019 1642 1089 justificatio
1674 1019 1805 1088 (sic-

203 1117 264 1163 ut
296 1110 508 1166 dictum
539 1113 641 1179 est)
670 1112 737 1179 ﬁt
766 1126 867 1181 per
893 1111 1158 1181 gratiam.
1195 1109 1300 1163 Sed
1323 1125 1445 1164 cum
1477 1108 1555 1163 sic
1586 1107 1696 1176 ﬁat,
1730 1107 1810 1162 vi-

203 1199 438 1253 deamus
451 1215 516 1252 an
530 1200 644 1253 haec
657 1199 932 1253 beatitudo
949 1202 1178 1254 maneat
1205 1201 1265 1253 in
1289 1198 1738 1263 circumcisione,
1754 1194 1810 1249 id

203 1295 286 1342 est
317 1288 377 1340 in
405 1288 605 1342 Judzeis
637 1296 840 1341 tantum
866 1303 877 1340 :
913 1305 988 1342 an
1039 1287 1174 1342 sicut
1205 1287 1258 1340 in
1287 1287 1506 1354 Judaeis,
1541 1284 1619 1340 sic
1648 1284 1810 1339 etiam

204 1377 266 1430 in
312 1377 616 1447 praeputio,
650 1376 702 1430 id
734 1385 816 1430 est
844 1376 898 1429 in
932 1375 1244 1448 gentilibus.
1277 1375 1402 1429 Vult
1432 1374 1629 1428 iterum
1676 1389 1810 1443 pro-

205 1465 345 1518 bare
377 1481 479 1534 per
509 1465 784 1518 Abraham
815 1465 925 1535 qui,
960 1465 1277 1534 priusquam
1308 1463 1808 1526 circumcideretur,

1904 310 1997 379 qui
2021 314 2319 365 sectantur
2363 311 2602 381 vestigia
2626 310 2756 378 ﬁdei
2784 312 3037 376 Abrahae,
3073 310 3320 380 exemplo
3351 311 3495 365 illius

1905 401 2044 454 bene
2087 399 2361 470 operando
2391 415 2489 470 per
2517 398 2700 466 ﬁdem,
2735 416 2856 470 quae
2902 398 3037 454 fides
3083 407 3166 454 est
3213 398 3398 453 habita
3440 399 3497 453 in

1906 497 2149 559 tempore
2179 489 2446 559 praeputii,
2474 488 2639 558 patris
2669 489 2840 543 nostri
2868 489 3122 543 Abrahae.
3158 489 3296 543 Vere
3327 488 3502 542 Abra-

1906 578 2030 630 ham
2059 585 2216 647 pater
2244 576 2345 632 erit
2374 576 2616 631 omnium
2646 577 2999 642 credentium,
3033 593 3143 634 non
3188 593 3288 647 per
3316 577 3499 649 legem

1907 667 2004 720 sed
2033 683 2134 736 per
2163 664 2345 721 fidem.
2378 667 2513 719 Nam
2544 666 2700 734 hujus
2730 666 2809 720 rei
2832 666 3146 737 promissio,
3181 665 3407 731 scilicet,
3443 673 3498 720 ut

1907 763 2053 809 esset
2082 756 2257 810 haeres
2287 755 2491 820 mundi,
2519 755 2662 825 quod
2691 755 2834 809 idem
2856 762 2939 809 est
2969 755 3114 825 quod
3137 770 3259 809 esse
3289 762 3496 824 patrem

1908 844 2147 898 omnium
2191 843 2432 913 gentium
2468 858 2479 896 :
2511 845 2647 908 haec,
2681 843 2920 914 inquam,
2952 843 3241 912 promissio
3270 859 3384 898 non
3416 851 3499 898 est

1907 932 2052 987 facta
2078 949 2178 1004 per
2210 934 2404 1002 legem,
2425 932 2478 986 id
2491 941 2571 986 est
2592 932 2786 986 merito
2807 931 2964 1002 legis,
2989 932 3086 986 sed
3118 932 3309 987 merito
3333 932 3494 988 fidei:

1911 1021 2054 1093 quod
2085 1021 2130 1074 si
2161 1036 2268 1075 non
2301 1029 2381 1076 est
2424 1021 2750 1092 promissum
2780 1037 2880 1092 per
2907 1021 3107 1093 legem,
3139 1037 3241 1077 nec
3285 1020 3501 1090 impleri

1909 1111 2071 1164 debet
2117 1127 2216 1181 per
2267 1110 2486 1181 legem;
2519 1110 2661 1181 quod
2706 1109 2785 1165 sic
2829 1109 2948 1164 ait:
2986 1109 3238 1164 Promisit
3282 1110 3502 1180 quidem

1909 1201 2054 1254 Deus
2088 1201 2323 1255 Abrahae
2342 1207 2427 1253 aut
2448 1201 2655 1254 semini
2675 1200 2815 1269 ejus,
2840 1198 2893 1252 id
2915 1206 2997 1253 est
3013 1198 3247 1265 Christo,
3273 1203 3340 1254 ut
3355 1203 3502 1254 esset

1912 1288 2086 1343 hteres
2118 1289 2357 1353 mundi;
2389 1287 2482 1341 ubi
2510 1287 2714 1343 dictum
2746 1294 2827 1342 est
2853 1305 2864 1340 :
2890 1287 3040 1341 Dabo
3060 1295 3253 1359 gentes
3274 1287 3502 1342 haeredi-

1911 1384 2074 1431 tatem
2105 1384 2248 1430 tuam
2280 1377 2440 1444 (Gen.
2474 1375 2636 1444 δίνη),
2672 1384 2774 1431 etc.
2808 1376 2943 1440 IIoc,
2976 1375 3212 1446 inquam,
3246 1391 3353 1431 non
3383 1390 3506 1446 pro-

1911 1465 2057 1518 misit
2083 1481 2181 1535 per
2207 1465 2408 1537 legem,
2440 1464 2535 1520 sed
2560 1481 2662 1536 per
2680 1465 2976 1534 justitiam
3005 1465 3155 1532 fidei,
3188 1464 3243 1518 id
3273 1473 3356 1518 est
3385 1480 3505 1535 quae

207 1569 310 1623 per
339 1551 506 1607 fidem
545 1551 864 1620 justificatus
892 1552 1008 1620 fuit,
1043 1552 1122 1607 sic
1165 1552 1398 1625 gentiles
1444 1567 1542 1622 per
1585 1550 1884 1638 gratiamB
1906 1553 2110 1622 justitia
2153 1569 2216 1608 ex
2260 1552 2366 1607 fide
2419 1552 2682 1623 sequitur,
2717 1569 2880 1624 quam
2930 1551 3093 1607 fidem
3139 1559 3193 1607 et
3243 1552 3505 1621 justitiam

203 1640 517 1711 justificari,
551 1649 606 1694 ut
637 1641 874 1707 Iudaeos,
894 1642 1112 1696 dicens:
1134 1642 1260 1696 Ideo
1293 1657 1478 1711 quaero
1507 1655 1577 1693 an
1606 1642 1668 1694 in
1697 1640 1808 1693 cir-

210 1731 562 1786 cumcisione
585 1730 780 1796 solum,
807 1748 883 1784 an
912 1732 972 1785 in
992 1732 1269 1802 prreputio
1288 1737 1506 1784 maneat
1523 1730 1639 1782 haec
1653 1726 1810 1796 justi-

214 1818 398 1874 ficatio
424 1834 436 1872 :
463 1818 591 1890 quia
604 1834 704 1872 nos
721 1819 960 1874 dicimus
977 1820 1118 1890 quod
1137 1818 1274 1887 ﬁdes
1294 1817 1526 1872 Abrahae
1546 1819 1811 1888 reputate

215 1912 296 1962 est
329 1907 380 1961 ei
413 1908 486 1962 ad
504 1907 802 1978 justitiam
832 1906 886 1960 id
914 1916 997 1962 est
1025 1908 1170 1978 quod
1202 1907 1476 1960 Abraham
1521 1921 1620 1975 per
1649 1903 1810 1957 fidem

208 1995 542 2064 justificatus
598 1995 666 2049 sit
701 2010 712 2048 :
745 2003 798 2050 et
839 2011 959 2051 cum
1006 2012 1106 2066 per
1152 1994 1315 2049 fidem
1353 1993 1672 2063 justificatus
1721 1993 1806 2060 sit,

214 2101 344 2156 ergo
388 2083 680 2138 dicendum
711 2091 878 2138 restat
924 2084 1212 2154 quomodo,
1247 2083 1299 2136 id
1330 2090 1412 2137 est
1441 2083 1494 2136 in
1531 2098 1638 2153 quo
1671 2088 1812 2135 statu

213 2177 482 2244 reputata
514 2176 601 2227 est
627 2172 676 2226 ei
707 2173 842 2240 ﬁdes
871 2172 943 2227 ad
961 2174 1272 2242 justitiam,
1324 2187 1393 2226 an
1423 2172 1485 2225 in
1515 2170 1813 2226 circumci-

214 2262 393 2327 sione,
411 2276 480 2315 an
495 2261 810 2332 priusquam
823 2261 1322 2328 circumcideretur,
1342 2261 1470 2324 dum
1484 2260 1658 2314 adhuc
1670 2264 1815 2339 esset

213 2349 268 2402 in
287 2349 577 2419 praeputio,
602 2349 654 2402 id
677 2358 759 2403 est
778 2349 832 2402 in
850 2349 1149 2422 gentilitate
1170 2349 1197 2402 ‘P
1227 2349 1424 2417 Quer
1446 2348 1500 2401 in
1523 2364 1628 2418 quo
1649 2354 1812 2412 statu,

215 2438 314 2492 sed
345 2437 530 2508 palam
570 2445 652 2492 est
681 2438 806 2508 quia
840 2438 894 2491 in
942 2437 1370 2493 circumcisionis
1419 2446 1663 2507 tempore
1706 2451 1815 2489 non

217 2534 301 2580 est
337 2524 666 2593 justificatus
696 2542 795 2595 per
825 2525 1006 2595 fidem,
1044 2527 1140 2580 sed
1175 2526 1302 2580 dum
1354 2525 1530 2580 adhuc
1576 2531 1837 2592 maneret.

217 2613 272 2668 in
303 2616 588 2684 prmputio.
622 2613 760 2681 Quia
791 2614 837 2667 si
865 2615 1140 2668 Abraham
1192 2613 1598 2670 incircumcisus
1641 2613 1817 2666 adhuc

217 2719 318 2773 per
362 2701 529 2756 fidem
571 2701 892 2771 justiﬁcatus
939 2711 1038 2768 est,
1075 2718 1245 2774 quare
1293 2701 1540 2756 similiter
1587 2700 1818 2772 gentiles

217 2790 584 2847 incircumcisi
613 2807 720 2846 non
740 2790 1104 2860 justiﬁcentur
1132 2791 1177 2845 si
1203 2791 1366 2846 fidem
1398 2791 1678 2844 habeant?
1708 2788 1819 2860 Ορ-

216 2888 448 2950 poneret
479 2880 675 2934 iterum
703 2881 921 2936 Judaeus
953 2898 966 2933 :
1001 2880 1058 2934 Si
1098 2879 1439 2936 circumcisio
1469 2878 1603 2932 nihil
1633 2879 1698 2932 ad
1722 2879 1817 2947 ju-

217 2967 593 3023 stiﬁcationem
617 2968 848 3023 Abrahae
878 2968 1096 3039 profuit,
1134 2966 1303 3040 quare
1333 2975 1625 3039 postquam
1649 2967 1815 3035 justi-

217 3055 410 3112 ﬁcatus
440 3065 523 3110 est
553 3072 612 3111 se
661 3057 1042 3112 circumcidit?
1089 3056 1423 3127 Opportune,
1473 3056 1716 3126 inquam,
1760 3063 1820 3109 ut

217 3146 504 3200 veritatem
561 3145 644 3199 rei
700 3163 857 3216 quam
905 3145 1144 3200 habebat
1200 3146 1469 3200 occultam
1510 3145 1566 3198 in
1614 3143 1814 3210 anima,

221 3232 475 3306 figuraret
530 3233 586 3287 in
639 3248 805 3288 carne
840 3249 851 3287 :
884 3233 1168 3288 intendens
1233 3233 1407 3306 magis
1453 3233 1650 3288 docere
1705 3232 1817 3287 cir-

223 3322 612 3377 cumcisionem
641 3322 820 3377 cordis
861 3337 1026 3392 quam
1057 3322 1250 3387 carnis,
1285 3321 1430 3392 quod
1459 3319 1818 3391 tequipollen—

218 3419 295 3465 ter
325 3411 417 3464 ait.
451 3410 517 3464 Et
550 3411 675 3466 licet
704 3411 978 3464 Abraham
1005 3410 1060 3463 in
1079 3410 1344 3480 praeputio
1366 3408 1692 3478 justificatus
1723 3408 1814 3473 sit,

222 3507 405 3553 tamen
425 3505 617 3569 postea
638 3502 856 3571 accepit
873 3499 926 3551 in
948 3514 1113 3552 carne
1129 3499 1355 3569 signum
1372 3497 1819 3553 circumcisio-nis

221 3595 275 3641 et
297 3586 704 3655 justifieationis
737 3587 953 3656 habitae,
983 3603 1093 3641 non
1126 3595 1183 3641 ut
1212 3603 1310 3656 per
1347 3584 1820 3642 circumcisionem

214 3674 615 3743 justificaretur,
652 3675 748 3729 sed
776 3683 834 3729 ut
861 3675 941 3730 sic
969 3675 1346 3729 ostenderetur
1368 3675 1566 3743 justus.
1593 3673 1819 3744 Signum

222 3764 343 3818 dico
373 3779 485 3817 non
513 3771 764 3833 apertum
794 3764 1065 3828 omnibus,
1117 3764 1215 3818 sed
1260 3765 1638 3833 signaculum,
1673 3761 1820 3833 quod

224 3851 484 3923 quiddam
527 3853 798 3907 occultum
848 3852 1150 3906 contineret
1184 3867 1195 3905 :
1229 3867 1260 3905 a
1292 3850 1639 3904 similitudine
1682 3865 1820 3904 cerae

224 3942 308 3996 cui
356 3940 677 4010 imprimitur
722 3940 977 4013 sigillum,
1013 3957 1132 4010 quae
1182 3940 1236 3993 in
1283 3956 1342 3995 se
1390 3939 1630 3995 continet
1674 3937 1820 4008 quod

225 4038 380 4084 extra
409 4045 517 4083 non
557 4037 798 4100 apparet.
850 4029 938 4084 Sic
985 4029 1325 4084 circumcisio
1374 4027 1552 4083 carnis
1601 4027 1819 4097 signum

226 4119 446 4188 quidem
497 4125 608 4172 erat
646 4117 912 4171 interioris
947 4117 1184 4186 justitia,
1218 4117 1364 4188 quod
1390 4116 1478 4171 vix
1525 4115 1692 4186 aliqui
1719 4115 1818 4168 Ju-

225 4206 325 4260 daei
375 4221 506 4260 sane
564 4206 933 4260 attendebant.
994 4206 1346 4276 Signaculum
1401 4205 1523 4260 dico
1569 4205 1818 4275 justitia

1913 1643 2040 1697 fidei
2068 1650 2281 1712 oportet
2311 1642 2514 1696 habere
2563 1657 2773 1720 omnes,
2808 1641 2900 1712 qui
2930 1658 2989 1696 se
3017 1641 3205 1696 volunt
3235 1656 3504 1696 annume-

1911 1731 2021 1785 rari
2053 1731 2106 1784 in
2139 1730 2509 1785 haereditatem
2551 1729 2747 1784 Christi
2781 1747 2794 1783 :
2826 1729 3101 1784 Abraham
3133 1737 3313 1784 autem
3343 1729 3508 1784 ﬁdem

1910 1819 1965 1873 in
1998 1835 2056 1874 se
2089 1819 2290 1882 habuit,
2327 1825 2379 1873 et
2403 1817 2664 1886 justitiam
2703 1833 2867 1888 quam
2896 1825 3111 1888 oportet
3141 1817 3338 1872 imitari
3367 1817 3508 1872 filios

1912 1909 2048 1976 ejus.
2083 1908 2222 1962 Vere
2271 1923 2369 1977 per
2412 1906 2591 1977 legem
2633 1922 2743 1960 non
2773 1905 2830 1960 fit
2859 1905 3149 1976 promissio
3184 1924 3196 1960 :
3231 1905 3353 1977 quia
3396 1907 3445 1960 si
3474 1906 3512 1961 ii

1913 2004 2117 2050 tantum
2145 1996 2240 2068 qui
2261 2002 2384 2049 sunt
2404 2012 2477 2050 ea:
2510 1996 2642 2066 lege,
2669 1995 2725 2049 id
2746 2003 2826 2049 est
2845 1995 3035 2063 Judaei,
3079 1999 3219 2050 sunt
3263 1995 3510 2050 haeredes

1912 2083 2286 2155 promissionis
2317 2083 2569 2151 Abrahae,
2603 2099 2738 2155 ergo
2766 2083 2903 2152 ﬁdes
2935 2083 3133 2138 Christi
3162 2088 3244 2139 est
3300 2084 3509 2139 exina-

1914 2175 2060 2242 nita,
2094 2173 2148 2226 id
2179 2180 2262 2226 est
2290 2172 2466 2226 inanis
2513 2179 2613 2237 est,
2648 2179 2701 2226 et
2731 2171 2932 2226 frustra
2980 2172 3262 2242 recepistis
3310 2187 3446 2239 eam,
3479 2187 3513 2227 ο

1913 2261 2106 2327 Judaei,
2142 2260 2187 2314 si
2235 2261 2322 2315 lex
2361 2259 2654 2315 sufficiebat
2701 2260 2876 2326 vobis,
2910 2267 2967 2314 ut
2996 2260 3244 2315 haeredes
3274 2259 3466 2314 essetis
3501 2274 3514 2312 :

1915 2350 2060 2421 quod
2106 2349 2402 2403 maximum
2446 2347 2835 2404 inconveniens
2881 2347 3138 2417 judicatis
3185 2347 3410 2418 vosipsi,
3461 2355 3521 2402 ut

1915 2438 2052 2492 fides
2097 2437 2292 2492 Christi
2337 2436 2536 2491 frustra
2595 2436 2681 2491 sit.
2735 2438 2849 2492 Nec
2896 2437 2999 2492 hoc
3053 2437 3229 2492 solum
3277 2445 3376 2503 est,
3421 2436 3518 2491 sed

1918 2526 2080 2580 etiam
2112 2526 2156 2580 si
2185 2521 2356 2580 Judaei
2386 2526 2562 2580 solum
2607 2525 2857 2580 hteredes
2903 2533 3045 2594 sunt,
3081 2526 3160 2581 sic
3201 2526 3430 2592 abolita,
3465 2524 3521 2579 id

1918 2623 2000 2669 est
2030 2614 2226 2680 deleta,
2262 2618 2346 2669 est
2374 2614 2672 2686 promissio
2701 2621 2753 2668 et
2784 2612 2920 2668 falsa
2946 2629 2957 2667 :
2984 2615 3130 2684 quod
3160 2614 3361 2670 dictum
3392 2620 3476 2668 est
3504 2630 3518 2667 :

1917 2705 1978 2756 In
2035 2702 2241 2757 semine
2297 2711 2388 2757 tuo
2447 2702 2842 2757 benedicentur
2890 2718 3082 2757 omnes
3127 2709 3321 2775 gentes
3354 2703 3516 2772 (Gen.

1918 2793 2083 2861 xvn),
2114 2807 2238 2847 cum
2267 2790 2322 2844 in
2354 2790 2485 2846 solis
2513 2790 2716 2845 Iudaeis
2748 2792 2861 2846 haec
2890 2790 3196 2847 benedictio
3226 2790 3341 2845 fiat.
3382 2792 3522 2847 Vere

1919 2879 2011 2950 qui
2032 2895 2098 2933 ex
2127 2879 2251 2952 lege
2285 2887 2408 2934 sunt
2442 2886 2669 2947 tantum,
2690 2894 2799 2934 non
2828 2887 3106 2934 merentur
3128 2878 3522 2934 haereditatem.

1916 2970 2056 3022 Nam
2081 2969 2176 3023 lex
2205 2972 2475 3040 Operatur
2496 2975 2548 3022 et
2561 2975 2799 3022 meretur
2821 2967 3161 3023 solummodo
3182 2968 3332 3023 iram
3355 2984 3368 3021 :
3393 2967 3522 3039 quia

1919 3057 1966 3110 si
1994 3055 2088 3127 qui
2116 3057 2215 3110 sub
2245 3056 2368 3128 lege
2389 3057 2527 3112 bene
2559 3056 2765 3127 operati
2795 3064 2938 3123 sunt,
2964 3073 3061 3127 per
3089 3055 3253 3113 fidem
3283 3057 3388 3112 hoc
3404 3055 3519 3126 fuit,

1918 3153 2108 3199 etnon
2149 3162 2250 3215 per
2297 3144 2496 3216 legem.
2553 3146 2690 3200 Vere
2740 3145 2826 3200 lex
2874 3152 3130 3215 operatur
3174 3145 3351 3212 iram;
3398 3160 3526 3200 nam

1916 3233 2442 3304 przevaricationem,
2479 3240 2531 3287 et
2564 3249 2694 3288 vere
2741 3233 3240 3303 praevaricationem
3275 3249 3286 3288 :
3320 3249 3448 3288 nam
3475 3232 3523 3288 si

1918 3322 2013 3376 ubi
2042 3338 2157 3376 non
2189 3326 2274 3377 est
2307 3323 2420 3390 lex,
2445 3338 2559 3376 non
2589 3326 2673 3376 est
2695 3323 3115 3393 praevaricatio,
3141 3331 3192 3377 et
3215 3323 3522 3394 ubicunque

1918 3417 2001 3464 est
2028 3409 2422 3479 prazvaricatio,
2457 3405 2530 3462 ibi
2559 3409 2645 3464 lex
2675 3419 2775 3464 est.
2826 3411 3057 3481 Propter
3087 3410 3400 3481 supradicta
3430 3409 3523 3482 qui

1919 3514 1982 3552 ex
2011 3497 2134 3567 lege
2165 3506 2308 3563 sunt,
2343 3497 2587 3552 haeredes
2617 3513 2726 3552 non
2759 3506 2917 3552 erunt
2953 3513 2964 3551 :
2997 3499 3096 3553 sed
3143 3499 3264 3554 ideo
3313 3499 3405 3569 qui
3448 3514 3523 3553 ea:

1917 3585 2027 3655 ﬁde
2055 3594 2195 3655 sunt,
2238 3586 2485 3641 haeredes
2517 3593 2693 3654 erunt,
2730 3589 2794 3641 ut
2843 3587 3140 3658 promissio
3171 3585 3310 3641 facta
3339 3594 3393 3640 et
3419 3585 3522 3640 im-

1916 3675 2116 3744 plenda
2138 3677 2448 3731 secundum
2478 3677 2723 3746 gratiam
2739 3676 2908 3744 ﬁrma
2937 3677 3011 3731 sit
3033 3677 3188 3730 omni
3216 3675 3439 3741 semini,
3464 3674 3518 3729 id

1919 3772 2021 3830 est,
2054 3764 2202 3818 omni
2230 3764 2460 3819 imitanti
2486 3765 2763 3819 Abraham
2789 3781 2887 3834 per
2914 3761 3079 3818 fidem
3109 3781 3121 3818 :
3165 3779 3282 3818 non
3324 3764 3378 3819 ei
3421 3781 3516 3821 so-

1921 3854 2040 3909 lum
2068 3854 2165 3925 qui
2194 3869 2266 3908 ea:
2303 3855 2420 3923 lege
2450 3857 2554 3918 est,
2575 3853 2630 3906 id
2662 3860 2744 3907 est
2764 3853 2969 3919 Iudaeo,
2993 3852 3090 3908 sed
3120 3853 3281 3907 etiam
3303 3852 3450 3906 omni
3465 3853 3520 3909 ei

1917 3942 2012 4013 qui
2032 3945 2116 3996 est
2146 3957 2219 3996 ex
2238 3941 2345 4009 ﬁde
2365 3942 2615 4006 Abrahae,
2648 3940 2702 3994 id
2724 3947 2823 4005 est,
2848 3939 2939 4012 qui
2957 3957 3058 4010 per
3079 3939 3244 3996 fidem
3277 3940 3520 4011 sequitur

1917 4029 2193 4084 Abraham
2220 4044 2230 4082 :
2257 4031 2354 4101 qui
2371 4029 2648 4084 Abraham
2667 4032 2751 4085 est
2769 4033 2936 4101 pater
2951 4031 3207 4084 omnium
3230 4033 3515 4099 nostrum,

1918 4125 2026 4171 tam
2055 4117 2338 4190 gentilium
2367 4133 2530 4189 quam
2578 4117 2907 4184 Judaaorum,
2941 4118 3238 4173 secundum
3286 4115 3516 4172 formam

1916 4205 2042 4261 fidei
2083 4214 2136 4261 et
2182 4206 2416 4275 iustitiae.
2474 4207 2633 4261 Pater
2686 4206 2871 4277 utique
2919 4205 3158 4260 omnium
3226 4213 3328 4272 est,
3380 4206 3518 4262 sicut

224 4295 372 4362 ﬁdei,
391 4295 446 4348 id
466 4303 546 4348 est
560 4293 958 4362 justificationis
980 4295 1174 4349 habitae
1197 4294 1350 4350 2'7
1385 4311 1482 4364 per
1496 4293 1812 4363 ﬁdem,quae
1839 4287 1890 4345 D
1916 4295 2175 4365 scriptum
2203 4303 2285 4349 est
2315 4295 2369 4348 in
2399 4294 2621 4350 Genesi.
2655 4294 2793 4349 Illud
2831 4293 2958 4366 quia
2989 4294 3058 4349 ad
3087 4294 3336 4350 ordinem
3365 4294 3513 4351 litte-

227 4381 362 4437 fides
383 4391 436 4437 et
465 4400 586 4454 qua:
611 4383 815 4450 justitia
843 4387 928 4438 est
957 4383 1018 4436 in
1045 4383 1345 4455 prteputio,
1364 4382 1417 4436 id
1449 4390 1531 4435 est
1560 4382 1810 4438 conside-

1913 4400 1988 4438 rae
2035 4383 2102 4438 de
2161 4399 2268 4454 qua
2315 4390 2586 4453 sumptum
2643 4391 2745 4449 est,
2795 4382 3015 4453 reSpicit
3048 4401 3060 4436 :
3094 4383 3218 4452 hoc,
3269 4383 3509 4454 inquam,

227 4479 380 4524 ratur
406 4471 462 4524 in
492 4471 766 4524 Abraham
813 4478 1058 4541 tempore
1106 4470 1368 4540 praeputii,
1401 4477 1452 4524 et
1480 4469 1812 4525 convenien-
1913 4471 2172 4542 scriptum
2232 4479 2315 4526 est
2347 4487 2358 4524 :
2390 4472 2510 4542 Ego
2555 4471 2797 4542 disposui
2845 4479 2917 4540 te,
2951 4471 3241 4538 Abraham,
3275 4470 3513 4526 futurum

227 4567 309 4613 ter
337 4559 392 4612 in
422 4575 487 4613 eo
532 4568 670 4614 statu
698 4559 972 4613 Abraham
1011 4558 1336 4628 justificatus
1366 4566 1466 4623 est,
1499 4562 1565 4613 ut
1612 4558 1684 4611 ita
1713 4559 1810 4623 sit,

225 4653 406 4719 pater,
436 4647 492 4702 id
519 4657 601 4702 est
633 4648 904 4703 institutor
933 4648 1230 4703 secundum
1258 4647 1487 4702 formam
1527 4647 1672 4712 fidei,
1701 4635 1816 4702 'non

227 4736 400 4790 solum
429 4736 756 4802 Iudaeorum,
791 4737 888 4792 sed
919 4744 970 4791 et
999 4738 1252 4791 omnium
1298 4735 1694 4802 credentium;
1726 4735 1813 4802 sit,

225 4824 461 4895 inquam,
495 4833 650 4895 pater
681 4824 806 4880 fidei
854 4825 1092 4879 omnium
1115 4841 1216 4896 per
1252 4826 1620 4895 praeputium,
1651 4823 1708 4878 id
1736 4831 1818 4878 est

228 4929 327 4983 per
355 4912 516 4967 fidem
547 4913 601 4966 in
634 4921 876 4984 tempore
904 4913 1149 4983 praeputii
1171 4913 1426 4966 habitam.
1461 4914 1527 4966 Et
1558 4912 1818 4982 quemad-

228 5002 448 5055 modum
477 5001 573 5067 illi,
609 5001 687 5057 sic
717 5004 835 5057 illis
867 5001 1116 5056 omnibus
1149 5001 1493 5056 credentibus
1524 5005 1820 5072 reputetur

229 5089 452 5145 credere
482 5107 640 5144 suum
670 5092 742 5146 ad
761 5091 1080 5161 justitiam.
1115 5091 1182 5144 Et
1212 5090 1350 5144 sicut
1366 5090 1638 5144 Abraham
1668 5097 1822 5159 pater

232 5186 311 5233 est
341 5177 486 5245 fidei,
521 5178 588 5232 ita
616 5181 693 5234 sit
720 5185 907 5250 pater,
931 5179 987 5234 id
1017 5186 1098 5233 est
1127 5179 1413 5244 institutor,
1441 5179 1822 5234 circumcisio-

230 5270 338 5332 nis,
375 5268 429 5321 id
457 5276 540 5322 est
579 5266 994 5336 justificationis,
1031 5284 1149 5338 quas
1191 5283 1257 5322 ex
1287 5267 1393 5322 fide
1442 5266 1812 5339 consequitur.

233 5355 310 5410 Sit
329 5363 489 5427 pater
503 5355 626 5412 dico
645 5372 762 5413 non
793 5357 878 5412 his
903 5361 1131 5413 tantum
1155 5357 1252 5428 qui
1270 5360 1408 5412 sunt
1429 5372 1502 5413 ea:
1526 5357 1825 5413 circumci-

1910 4567 2121 4630 patrem
2191 4560 2492 4615 secundum
2565 4560 2952 4614 institutionem
3025 4558 3151 4614 fidei
3220 4559 3510 4614 multarum

1915 4648 2160 4721 gentium
2192 4663 2203 4702 :
2236 4656 2290 4703 te
2319 4647 2439 4704 dico
2470 4664 2570 4719 per
2593 4648 2858 4717 justitiam
2890 4647 3094 4704 factum
3137 4655 3262 4703 ante
3312 4649 3507 4717 Deum,

1910 4737 1968 4791 id
1999 4745 2096 4803 est,
2130 4737 2186 4790 in
2218 4737 2556 4808 beneplacito
2586 4738 2685 4792 Dei
2715 4737 2802 4793 cui
2830 4736 3131 4793 credidisti.

1988 4825 2125 4880 Hinc
2153 4833 2453 4897 sequuntur
2481 4826 2650 4881 verba
2678 4825 2830 4880 Pauli
2861 4843 2874 4880 :
2921 4827 3025 4894 Qui
3066 4826 3213 4880 Deus
3259 4829 3511 4884 mortuos

1915 4921 2141 4984 peccato
2173 4914 2356 4970 vivere
2385 4914 2532 4981 facit,
2551 4914 2876 4984 justificatos
2904 4930 3003 4985 per
3031 4913 3190 4969 fidem
3219 4930 3230 4969 :
3263 4931 3366 4971 nec
3394 4923 3514 4971 tan-

1916 5009 2029 5056 tum
2059 5001 2310 5070 vivificat,
2345 5003 2443 5058 sed
2473 5003 2633 5057 etiam
2661 5020 2760 5074 per
2794 5003 3021 5074 gratiam
3074 5007 3234 5059 vocat
3282 5021 3349 5060 ea
3393 5020 3516 5076 qua

1920 5107 2036 5146 non
2065 5095 2221 5155 sunt,
2253 5091 2308 5146 id
2338 5100 2421 5146 est
2449 5093 2700 5164 gentiles,
2735 5093 2826 5164 qui
2871 5100 3090 5163 propter
3138 5108 3246 5148 non
3276 5093 3518 5148 habitam

1921 5180 2101 5252 legem
2118 5179 2250 5233 nihil
2271 5197 2392 5235 esse
2415 5181 2699 5236 videntur:
2737 5185 3009 5253 tanquam
3040 5197 3107 5237 ea
3134 5199 3255 5253 qua:
3291 5185 3447 5249 sunt,
3473 5180 3529 5235 id

1924 5276 2022 5331 est,
2059 5269 2521 5339 quemadmodum
2552 5277 2710 5325 vocat
2751 5269 2970 5325 Judaos
3003 5269 3095 5340 qui
3124 5285 3182 5324 se
3213 5269 3360 5323 solos
3407 5282 3532 5323 esse

1928 5372 2028 5427 per
2058 5356 2240 5428 legem
2268 5357 2590 5430 gloriantur.
2626 5357 2879 5414 Probavit
2921 5357 3171 5430 superius
3212 5372 3314 5426 per
3355 5355 3534 5412 Abra-
