3960 6036
399 113 468 166 47
931 111 987 165 S.
1029 109 1383 166 BRUNONIS
1431 106 2076 165 CABTHUSIANORUM
2120 108 2602 166 INSTlTUTORIS
2642 110 2794 166 OPP.
2854 113 3028 171 PARS
3087 118 3153 173 II.
3620 125 3690 178 48

396 239 522 293 ham
554 252 773 292 omnem
814 234 1254 305 justiﬁcationem
1286 253 1408 292 esse
1439 252 1505 291 ex
1536 235 1642 291 ﬁde
1676 252 1687 289 :
1720 244 1778 290 ut
1808 244 1989 289 autem
2018 236 2071 295 Α
2093 243 2251 300 serat,
2287 252 2406 305 quae
2435 236 2503 290 de
2552 252 2616 290 eo
2663 236 2793 292 dixit
2841 239 3060 311 adaptat
3109 259 3221 298 sua:
3264 243 3567 312 intentioni,
3604 246 3693 301 di-

398 327 449 380 in
479 326 812 397 plenitudine
841 324 965 380 fidei
996 324 1238 396 perfecte
1268 326 1539 380 imitemur
1569 326 1862 392 Abraham,
1898 326 1992 379 de-

397 415 647 470 terminat
678 415 981 485 qualitatem
1012 414 1137 469 fidei
1166 415 1398 470 Abrahze
1432 432 1444 470 ε
1478 422 1533 468 ut
1564 415 1698 469 sicut
1739 429 1992 485 quaecun-

402 520 507 575 que
538 504 837 559 secundum
866 504 1042 557 visum
1072 504 1348 558 hominum
1377 503 1732 574 impossibilia
1762 502 1994 557 credidit

396 593 498 647 sibi
544 610 643 664 per
685 595 855 647 Deum
901 592 1135 663 impleri,
1173 593 1251 647 sic
1282 600 1333 647 et
1363 608 1463 646 nos
1510 593 1578 647 de
1609 591 1849 663 potentia
1893 591 1993 645 Dei

397 698 505 737 non
537 681 866 747 haesitemus,
895 690 1231 751 opponentes
1276 681 1322 736 ei
1353 682 1528 753 legem
1577 688 1799 735 naturze.
1836 680 1990 735 Unde

398 771 477 827 sic
499 771 572 825 ait
599 772 862 825 :Abrahae
886 770 1043 826 28
1067 771 1270 825 dictum
1302 778 1383 824 est
1419 785 1429 821 :
1466 772 1658 825 Posuit
1692 774 1745 825 te
1768 773 1991 841 patrem

397 860 716 915 multarum
747 862 1004 931 gentium
1037 879 1054 913 :
1085 861 1183 931 qui
1202 858 1474 911 Abraham
1496 857 1758 923 credidit,
1791 861 1991 913 contra

397 966 553 1020 spem
610 952 673 1004 in
729 965 901 1021 spem,
951 956 1135 1018 posset
1190 947 1374 1001 dicere
1425 955 1611 1001 contra
1654 946 1986 1017 Opinionem.

397 1038 535 1109 Spes
565 1038 780 1093 Domini
811 1045 957 1092 certa
1005 1037 1335 1106 exspectatio
1382 1036 1460 1090 rei
1510 1036 1704 1091 futura:
1749 1036 1986 1100 dicitur;

368 1129 492 1183 sed
524 1144 762 1199 congrue
794 1126 922 1180 dixit
956 1130 1159 1181 contra
1208 1142 1381 1197 spem,
1417 1124 1542 1195 quia
1576 1125 1872 1179 secundum
1904 1124 1986 1179 le-

393 1234 520 1289 gem
570 1224 768 1269 natura:
821 1215 936 1269 visa
984 1213 1287 1270 annositate
1340 1230 1433 1267 sua
1464 1222 1515 1267 et
1545 1214 1820 1268 sterilitate
1850 1229 1987 1267 uxo-

391 1307 487 1375 ris,
523 1304 825 1360 certissime
872 1304 1125 1374 sperabat
1174 1319 1282 1356 non
1308 1303 1417 1371 jam
1450 1319 1506 1356 se
1552 1302 1853 1355 habiturum
1894 1318 1987 1356 se-

389 1410 514 1449 men
542 1410 553 1447 :
587 1393 684 1448 sed
714 1400 903 1448 contra
935 1408 1109 1461 spem,
1135 1407 1299 1461 quam
1329 1389 1433 1443 sibi
1461 1391 1545 1444 lex
1577 1400 1781 1444 natura:
1812 1390 1990 1461 porri-

392 1484 571 1555 gebat,
606 1481 835 1538 credidit
865 1480 918 1533 in
964 1496 1134 1550 spem,
1171 1496 1347 1550 quam,
1383 1479 1553 1533 fracto
1594 1480 1714 1547 jure
1762 1487 1982 1544 naturae,

2093 339 2223 378 cens
2258 338 2268 375 :
2305 322 2444 390 Quia
2476 324 2552 379 sic
2601 326 2831 381 credidit
2879 330 3172 392 Abraham.
3206 332 3330 387 ideo
3362 334 3689 401 justiﬁcatus

2092 420 2191 466 est.
2229 413 2340 467 Hoc
2371 420 2550 467 tamen
2581 414 2648 468 de
2676 415 2950 471 Abraham
2982 435 3097 474 non
3139 420 3222 475 hic
3252 424 3529 493 scriptum
3564 428 3691 478 tan-

2095 502 2377 557 tummodo
2403 505 2635 573 propter
2664 505 2849 575 ipsum
2882 507 3173 571 Abraham,
3199 508 3267 563 de
3291 518 3432 563 tanta
3456 509 3561 565 ﬁde
3583 512 3691 566 lau-

2092 589 2347 643 dandum.
2381 591 2515 655 Hoc,
2550 591 2773 659 scilicet,
2805 595 2937 665 quia
2986 602 3313 668 reputatum
3342 604 3428 653 est
3477 601 3569 654 illi
3616 602 3688 655 ad

2088 678 2377 748 justitiam
2407 699 2423 735 :
2457 679 2553 735 sed
2585 682 2761 736 etiam
2792 682 3054 753 scriptum
3082 691 3310 758 propter
3337 705 3460 755 nos,
3493 688 3549 741 in
3582 688 3687 743 fide

2090 767 2321 821 Abrahze
2350 768 2783 836 conformandos,
2832 774 3030 843 quibus
3072 775 3420 830 credentibus
3466 777 3687 832 credere

2089 865 2329 910 nostrum
2364 857 2523 927 (sicut
2552 858 2604 911 in
2647 859 2740 913 illo
2773 859 3040 931 videmus)
3088 863 3244 917 nobis
3288 865 3360 919 ad
3393 866 3687 935 justitiam

2088 947 2463 1015 reputabitur.
2495 948 2855 1003 Credentibus
2887 949 3009 1004 dico
3030 953 3091 1005 in
3124 968 3251 1006 eum
3272 956 3367 1024 qui
3387 956 3683 1009 suscitavit

2093 1032 2376 1089 Christum
2398 1037 2586 1090 Jesum
2605 1037 2904 1092 Dominum
2925 1044 3183 1094 nostrum
3206 1044 3514 1108 emortuis,
3535 1042 3686 1097 idest

2086 1121 2223 1177 sicut
2253 1123 2543 1191 Abraham,
2579 1125 2724 1195 quod
2756 1134 2943 1180 contra
2973 1136 3221 1183 naturam
3255 1139 3389 1198 erat,
3415 1146 3444 1183 a
3476 1131 3591 1185 Deo
3623 1146 3683 1185 se

2088 1219 2433 1281 accepturum
2466 1213 2691 1267 credidit
2716 1233 2728 1279 ;
2763 1214 2839 1269 sic
2866 1232 3041 1287 neque
3071 1233 3171 1271 nos
3218 1218 3528 1273 lizesitemus
3558 1235 3684 1274 cre-

2086 1300 2216 1354 dere
2248 1308 2298 1354 et
2341 1300 2603 1368 conﬁteri,
2639 1303 2761 1357 licet
2805 1313 2989 1358 contra
3027 1306 3117 1373 jus
3166 1316 3369 1361 naturae
3418 1307 3485 1361 sit
3530 1308 3685 1361 Chri-

2086 1396 2229 1441 stum
2276 1390 2577 1444 surrexisse
2608 1406 2639 1444 a
2667 1393 2911 1447 mortuis.
2946 1392 3047 1461 Qui
3075 1394 3217 1448 enim
3249 1404 3440 1450 auctor
3469 1403 3549 1449 est
3583 1412 3683 1449 na-

2088 1483 2237 1544 tume,
2274 1477 2410 1533 sicut
2455 1478 2651 1548 placuit
2698 1481 2869 1549 potuit
2916 1496 3038 1536 eam
3088 1482 3378 1537 invertere.
3418 1484 3544 1539 Haec
3574 1484 3683 1539 duo

390 1570 775 1642 omnipotentia
821 1568 920 1623 Dei
968 1568 1316 1638 suggerebat.
1369 1567 1611 1621 Credidit
1652 1567 1834 1638 utique
1883 1568 2057 1652 hocB
2090 1582 2209 1635 quae
2239 1575 2540 1637 sequuntur
2574 1582 2584 1619 :
2620 1569 2867 1624 traditus
2898 1575 2981 1624 est
3011 1571 3083 1625 ad
3111 1576 3371 1637 mortem,
3402 1576 3456 1627 et
3486 1589 3682 1628 resur-

390 1667 456 1717 ut
484 1663 645 1729 ﬁeret
672 1664 837 1731 pater
865 1658 1183 1711 multarum
1212 1658 1468 1726 gentium
1500 1676 1517 1711 :
1549 1656 1617 1710 de
1649 1672 1755 1726 quo
1785 1672 1984 1710 secun-

387 1750 515 1803 dum
546 1749 823 1802 hominem
871 1746 1001 1800 satis
1049 1745 1330 1815 ambigere
1375 1753 1577 1814 posset,
1613 1760 1734 1799 cum
1780 1744 1985 1798 videret

383 1854 443 1893 se
491 1837 651 1891 unius
699 1842 900 1889 tantum
950 1832 1043 1886 ﬁlii
1090 1841 1515 1903 procreatorem.
1570 1833 1849 1899 Credidit,
1894 1833 1983 1885 in-

387 1943 565 1998 quam,
599 1924 729 1979 illud
760 1932 929 1978 totum
962 1923 1102 1995 quod
1132 1923 1349 1976 dictum
1382 1926 1466 1976 est
1496 1922 1565 1987 ei,
1602 1921 1655 1975 id
1686 1929 1767 1976 est
1797 1921 1981 1976 credi-

386 2017 463 2070 dit
494 2031 551 2069 se
600 2022 812 2084 patrem
863 2011 1100 2065 futurum
1150 2010 1459 2074 multorum,
1513 2026 1622 2063 non
1665 2010 1839 2063 solum
1888 2026 1980 2064 se—

384 2104 618 2159 cundum
649 2100 1011 2172 propaginem
1041 2098 1239 2163 carnis,
1265 2098 1360 2152 sed
1390 2098 1687 2152 secundum
1718 2098 1980 2152 imitatum

385 2192 616 2247 formam
647 2190 792 2244 ﬁdei.
828 2190 958 2254 Hoc,
993 2188 1234 2257 inquam,
1269 2186 1470 2241 dictum
1510 2194 1591 2240 est
1621 2187 1669 2241 ei
1704 2202 1715 2239 :
1748 2188 1837 2242 Sic
1871 2191 1979 2242 erit

384 2297 576 2337 semen
607 2283 787 2346 tuum,
823 2277 1112 2341 Abraham,
1154 2298 1174 2325 α
1210 2276 1347 2329 sicut
1379 2275 1547 2329 stellae
1585 2275 1725 2341 cceli,
1763 2283 1814 2329 et
1843 2276 1980 2330 sicut

383 2384 550 2424 arena
572 2368 737 2421 maris
760 2367 917 2435 (Gen.
952 2382 1045 2429 xv,
1072 2368 1147 2433 5).
1180 2388 1200 2411 n
1229 2365 1329 2418 Per
1351 2364 1538 2417 stellas
1560 2364 1701 2428 cceli,
1728 2364 1978 2433 spiritua-

385 2458 466 2513 les
499 2457 639 2512 ﬁlios
670 2455 921 2518 Abraha‘,
957 2454 1075 2508 luce
1105 2452 1361 2507 virtutum
1392 2452 1733 2521 conspicuos,
1772 2451 1979 2524 signiﬁ-

383 2556 486 2602 cat.
523 2548 621 2601 Per
640 2560 855 2599 arenam
888 2542 1070 2606 maris,
1123 2540 1481 2595 infructuosos
1528 2540 1774 2595 carnales
1814 2539 1973 2596 ﬁlios.

383 2635 471 2691 Sic
498 2634 825 2705 promissum
858 2639 938 2686 est
968 2630 1219 2695 Abrahae,
1256 2637 1307 2684 et
1339 2637 1561 2698 accepta
1589 2630 1693 2683 hac
1739 2630 1975 2699 promis-

383 2726 535 2779 sione
566 2722 804 2793 quandiu
836 2718 1202 2784 differebatur,
1235 2726 1522 2789 propterea
1554 2734 1665 2772 non
1696 2722 1780 2772 est
1806 2718 1975 2785 inﬁr-

382 2817 573 2868 matus
606 2814 666 2866 in
694 2811 801 2879 ﬁde
826 2829 842 2864 :
865 2816 919 2862 ut
950 2807 1128 2861 minus
1157 2807 1402 2861 crederet
1430 2805 1597 2859 ﬁrma:
1626 2806 1976 2876 promissioni

381 2901 483 2955 sibi
508 2900 659 2955 facta:
684 2917 698 2965 ;
732 2906 895 2968 utque
927 2896 1111 2949 ﬁrmus
1141 2895 1195 2948 in
1226 2893 1332 2948 ﬁde
1361 2895 1646 2964 promissae
1672 2895 1751 2948 rei
1781 2895 1974 2964 perdu-

380 2997 548 3058 raret,
582 3005 695 3043 non
728 2985 1103 3042 consideravit
1126 2999 1326 3055 corpus
1357 3000 1519 3037 suum
1547 2987 1883 3051 emortuum,
1917 2983 1972 3037 id

381 3086 464 3134 est
484 3093 591 3132 non
612 3075 860 3147 pensavit
880 3072 1181 3128 naturalem
1195 3070 1467 3127 defectum
1490 3072 1788 3142 generandi
1809 3087 1972 3141 posse

379 3167 667 3222 immutare
697 3164 1029 3219 voluntatem
1060 3161 1178 3225 Dei,
1212 3176 1342 3215 cum
1391 3164 1531 3215 esset
1574 3163 1695 3230 fere
1741 3164 1973 3214 centum

378 3272 683 3317 annorum,
718 3261 769 3307 et
799 3260 1009 3321 tempus
1036 3248 1337 3321 generandi
1360 3249 1470 3317 jam
1503 3248 1555 3301 in
1588 3264 1653 3302 eo
1684 3248 1973 3317 praeteriis-

382 3352 483 3399 set.
518 3344 585 3397 Et
607 3358 715 3396 non
738 3338 1099 3396 consideravit
1124 3339 1342 3391 vulvam
1371 3338 1523 3391 Sara:
1548 3341 1884 3403 emortuam,
1916 3336 1973 3391 id

380 3440 463 3488 est
520 3429 778 3503 genitalia
824 3427 1006 3482 uxoris
1054 3424 1339 3489 defecisse,
1386 3433 1437 3479 et
1496 3423 1623 3479 vitio
1681 3424 1972 3479 sterilitatis

380 3530 431 3577 et
462 3535 729 3575 annorum
774 3515 1108 3587 antiquitate.
1158 3514 1279 3568 Non
1309 3521 1389 3568 est
1419 3512 1715 3566 inﬁrmatus
1767 3514 1823 3566 in
1868 3512 1973 3567 ﬁde

375 3610 561 3681 prima:
609 3605 987 3679 promissionis
1021 3619 1031 3656 :
1064 3603 1117 3656 in
1159 3601 1580 3672 repromissione
1629 3601 1789 3655 etiam
1850 3601 1966 3667 Dei,

379 3699 505 3770 quia
534 3699 680 3751 Deus
710 3694 984 3749 multoties
1011 3692 1156 3746 idem
1186 3691 1288 3761 ipsi
1320 3690 1653 3760 repromisit.
1689 3690 1750 3743 In
1782 3706 1971 3761 repro-

378 3786 647 3840 missione
690 3782 873 3852 utique
903 3781 1014 3846 illa,
1048 3796 1149 3851 qua
1184 3780 1348 3841 Deus,
1380 3777 1695 3848 priusquam
1728 3776 1972 3831 ﬁniretur

378 3890 571 3937 annus,
606 3888 663 3925 se
693 3871 942 3924 daturum
973 3868 1139 3921 filium
1180 3865 1538 3935 promittebat,
1573 3866 1627 3919 in
1658 3867 1760 3920 hac
1788 3866 1970 3936 utique

377 3979 494 4019 non
524 3960 802 4016 hresitavit
837 3956 1175 4027 difﬁdentia.
1210 3954 1484 4009 Hzesitavit
1532 3954 1749 4025 quidem
1791 3953 1971 4008 admi-

380 4050 553 4106 rando
584 4056 636 4104 et
667 4046 996 4103 revolvendo
1024 4059 1209 4098 secum
1256 4042 1573 4113 mysterium
1604 4043 1699 4109 rei,
1735 4043 1831 4097 sed
1863 4058 1971 4096 non

376 4136 639 4194 htesitavit
672 4152 769 4207 per
798 4132 1168 4199 difﬁdentiam,
1202 4139 1259 4185 ut
1288 4130 1555 4185 difﬁderet
1596 4147 1703 4185 non
1735 4131 1969 4203 implen-

378 4228 507 4283 dum
535 4226 638 4280 sibi
666 4232 836 4280 totum
867 4222 1012 4294 quod
1043 4222 1187 4275 Deus
1216 4220 1555 4290 promiserat,
1597 4220 1691 4275 sed
1739 4224 1968 4291 confor-

383 4320 538 4372 tatus
570 4318 653 4370 est
680 4314 806 4382 ﬁde.
840 4312 974 4366 Cum
1004 4309 1145 4364 enim
1176 4316 1360 4378 posset
1404 4308 1637 4377 objicere
1667 4325 1779 4363 rem
1813 4310 1969 4363 toties
1990 4300 2043 4359 D

380 4404 723 4476 promissam,
758 4402 849 4456 diu
878 4399 1193 4454 sustinendo
1229 4413 1239 4451 :
1274 4397 1505 4451 Dubium
1548 4413 1635 4451 me
1683 4412 1837 4452 mora
1887 4396 1969 4450 fa-

380 4493 470 4559 cit,
528 4490 714 4546 fortior
766 4489 821 4543 in
869 4487 1185 4544 credulitate
1244 4486 1321 4539 rei
1366 4485 1646 4555 promissae
1690 4484 1967 4539 surrexit:

382 4581 525 4636 dans
557 4578 682 4633 inde
712 4578 951 4650 gloriam
985 4578 1090 4631 Deo
1123 4595 1139 4629 :
1172 4573 1303 4627 nihil
1335 4573 1539 4627 meritis
1587 4573 1699 4627 suis
1728 4573 1796 4627 de
1828 4573 1970 4627 bono

378 4670 538 4738 hujus
569 4665 943 4738 promissionis
974 4663 1256 4718 ascribens
1291 4677 1302 4715 :
1338 4662 1433 4717 sed
1463 4662 1516 4715 in
1547 4662 1797 4716 omnibus
1844 4662 1969 4733 glo—

379 4756 592 4813 riﬁcans
624 4757 816 4819 Deum,
839 4755 1021 4808 sciens
1053 4752 1155 4807 hoc
1182 4752 1527 4822 plenissime,
1554 4750 1669 4804 sine
1692 4750 1837 4805 omni
1861 4750 1971 4805 hm-

377 4845 624 4900 sitatione
652 4859 662 4897 :
682 4845 814 4915 quia
834 4858 1174 4914 quaecunque
1192 4842 1455 4911 promisit
1490 4839 1653 4902 Deus,
1668 4844 1866 4910 potens
1884 4842 1971 4893 est

377 4935 551 4990 etiam
580 4936 787 5004 facere,
814 4932 969 5000 juxta
998 4945 1213 4985 omnem
1255 4928 1476 4981 modum
1507 4943 1666 4998 quem
1700 4926 1965 4996 promisit.

376 5024 444 5077 Et
474 5022 597 5077 ideo
628 5020 753 5092 quia
782 5021 959 5076 sciens
1007 5017 1292 5088 promissis
1323 5016 1422 5070 Dei
1452 5014 1765 5086 plenissime
1806 5014 1969 5069 ﬁdem

378 5110 641 5178 adhibuit,
674 5126 783 5164 non
830 5108 1003 5163 solum
1051 5105 1379 5176 completum
1411 5112 1491 5158 est
1523 5103 1571 5157 ei
1619 5102 1964 5173 promissum,

379 5199 507 5271 quia
539 5198 615 5253 sic
644 5196 890 5261 credidit,
926 5196 1023 5251 sed
1050 5196 1212 5250 etiam
1258 5196 1583 5264 reputatum
1640 5195 1723 5246 est
1769 5192 1858 5246 illi
1897 5190 1969 5245 ad

370 5288 685 5360 justitiam,
721 5286 773 5340 id
806 5292 888 5341 est
917 5284 1105 5339 merito
1154 5290 1312 5337 tanta!
1354 5279 1479 5334 ﬁdei
1527 5279 1723 5333 meruit
1765 5278 1968 5346 justifi-

376 5376 510 5433 cari.
546 5374 681 5446 Quia
709 5375 873 5429 modo
902 5372 1034 5429 satis
1063 5370 1284 5425 modum
1316 5367 1440 5424 ﬁdei
1480 5368 1712 5423 Abrahae
1742 5382 1967 5437 expres-

2088 1656 2241 1709 rexit
2265 1660 2495 1725 prepter
2511 1658 3006 1725 justiﬁcationem,
3042 1660 3111 1713 ad
3140 1660 3518 1729 probationem
3552 1678 3684 1731 prte-

2084 1742 2376 1797 missorum
2408 1746 2717 1799 necessaria
2761 1762 2869 1800 non
2899 1756 3068 1813 erant,
3104 1749 3200 1802 sed
3249 1749 3317 1802 ad
3366 1749 3681 1805 instructio-

2084 1847 2207 1885 nem
2258 1833 2623 1887 Romanorum
2670 1834 2802 1888 vidit
2832 1851 2893 1889 ea
2939 1844 3261 1906 opportuna,
3294 1844 3346 1890 et
3376 1837 3499 1892 ideo
3544 1839 3680 1892 sub-

2076 1919 2251 1987 junxit
2285 1938 2297 1972 :
2335 1922 2436 1988 Qui
2470 1922 2716 1977 traditus
2749 1927 2833 1977 est
2866 1943 2883 1978 :
2913 1940 3022 1978 non
3051 1925 3376 1979 determinat
3423 1927 3490 1979 ad
3521 1926 3670 1998 quid,

2083 2008 2178 2061 sed
2211 2008 2341 2062 satis
2372 2017 2515 2078 patet
2546 2011 2673 2081 quia
2703 2011 2771 2065 ad
2804 2021 3054 2067 mortem.
3090 2014 3156 2067 Et
3189 2014 3291 2069 hoc
3318 2020 3552 2085 propter
3579 2016 3681 2071 de-

2085 2096 2219 2151 licta
2252 2102 2466 2161 nostra,
2500 2098 2553 2151 id
2584 2107 2683 2165 est,
2720 2108 2775 2153 ut
2805 2117 2906 2154 nos
2953 2101 3238 2156 mundaret
3269 2119 3298 2155 a
3330 2103 3541 2158 delictis
3572 2120 3679 2159 no-

2082 2184 2225 2249 stris,
2260 2185 2350 2255 qui
2380 2186 2541 2240 etiam
2574 2191 2895 2243 resurrexit
2930 2194 3165 2262 propter
3203 2192 3678 2263 justiﬁcationem

2080 2278 2352 2337 nostram,
2388 2274 2441 2328 id
2470 2283 2571 2341 est,
2605 2284 2661 2329 ut
2691 2293 2791 2331 nos
2823 2278 3107 2333 mundatos
3135 2295 3163 2332 a
3194 2280 3405 2335 delictis
3454 2281 3674 2349 nostris,

2080 2378 2175 2430 per
2206 2362 2523 2431 positionem
2571 2364 2827 2419 virtutum
2853 2366 3027 2433 justos
3072 2367 3330 2423 efficeret.
3366 2368 3524 2424 29
3552 2370 3676 2424 Non

2077 2448 2219 2519 ideo,
2254 2452 2344 2515 ait,
2380 2459 2626 2506 mortuus
2658 2462 2739 2507 est
2766 2463 2988 2524 propter
3017 2455 3214 2511 delicta
3243 2465 3449 2523 nostra,
3486 2474 3676 2511 resur-

2079 2539 2211 2592 rexit
2249 2548 2470 2609 prOpter
2493 2540 2949 2608 justiﬁcationem,
2986 2543 3113 2614 quin
3158 2562 3309 2599 mors
3339 2546 3455 2614 ejus
3504 2561 3673 2601 causa

2079 2626 2144 2680 sit
2175 2635 2371 2682 nostrae
2394 2628 2633 2695 justitize,
2666 2638 2719 2685 et
2750 2632 3075 2686 resurrectio
3122 2649 3289 2687 causa
3333 2634 3672 2689 remissionis

2077 2724 2444 2785 peccatorum.
2482 2717 2590 2771 Sed
2621 2718 2741 2772 ideo
2774 2720 2846 2772 ait
2875 2720 3187 2785 resurrexit,
3220 2731 3445 2792 propter
3480 2722 3677 2791 justiﬁ-

2076 2803 2363 2868 cationem,
2394 2813 2449 2858 ut
2477 2807 2789 2861 ostenderet
2820 2809 3273 2863 resurrectionem
3295 2811 3412 2878 ejus
3444 2811 3523 2866 sic
3552 2827 3675 2866 esse

2078 2907 2300 2948 causam
2346 2901 2543 2947 nostrae
2583 2894 3006 2963 justificationis,
3039 2905 3095 2951 ut
3144 2906 3287 2952 esset
3334 2898 3549 2969 signum
3594 2900 3676 2955 rei

2075 2984 2268 3037 futurae
2326 2981 2381 3034 in
2423 2982 2579 3036 nobis
2631 2997 2641 3035 :
2694 2983 2924 3053 duplicis
2981 2985 3186 3040 scilicet
3240 2987 3672 3042 resurrectionis.

2074 3068 2250 3121 Prima
2281 3077 2381 3134 est,
2417 3086 2522 3140 qua
2552 3070 2605 3123 in
2640 3071 2909 3141 baptismo
2941 3088 2972 3127 a
3000 3082 3175 3128 morte
3222 3074 3428 3144 peccati
3478 3092 3675 3130 resur-

2072 3157 2269 3229 gimus,
2301 3158 2368 3211 ad
2418 3158 2705 3213 vivendum
2736 3160 2789 3212 in
2827 3161 3054 3229 justitia.
3086 3164 3209 3216 Haec
3253 3170 3427 3217 autem
3481 3180 3673 3218 resur-

2072 3245 2242 3301 rectio
2289 3246 2503 3313 ammte,
2538 3264 2657 3318 quae
2702 3248 2853 3318 prius
2897 3258 3108 3304 mortua
3151 3250 3205 3303 in
3234 3250 3491 3321 peccatis,
3524 3268 3669 3307 nunc

2072 3342 2255 3389 autem
2284 3335 2581 3390 confortato
2629 3336 2802 3391 libero
2851 3338 3073 3393 arbitrio
3116 3347 3293 3409 potest
3322 3339 3492 3393 obniti
3524 3341 3673 3395 omni

2072 3423 2231 3478 malae
2260 3424 2615 3495 suggestioni,
2650 3426 2933 3495 Deumque
2967 3427 3268 3499 cognoscit.
3306 3428 3553 3483 Secunda
3582 3446 3668 3485 re-

2073 3512 2334 3567 surrectio
2365 3520 2447 3566 est
2476 3514 2658 3567 futura
2688 3514 2986 3569 secundum
3018 3530 3213 3585 corpus
3248 3531 3259 3569 :
3296 3517 3532 3588 quando,
3566 3518 3667 3571 im-

2072 3600 2423 3669 passibilitate
2453 3608 2505 3654 et
2532 3600 2935 3657 immortalitate
2971 3612 3263 3674 resumpta,
3301 3606 3668 3677 conregnabi-

2070 3704 2192 3741 mus
2224 3688 2457 3751 Christo,
2491 3689 2535 3743 si
2566 3690 2735 3759 prima
2764 3692 3091 3747 resurrectio
3136 3692 3345 3765 integre
3375 3693 3538 3748 fuerit
3567 3710 3666 3751 cu—

2072 3776 2285 3843 stodita,
2316 3794 2437 3848 quae
2467 3779 2789 3834 resurrectio
2830 3780 3029 3834 Christi
3060 3788 3113 3834 et
3146 3782 3512 3848 Pentecostes,
3547 3800 3667 3855 quae

2071 3865 2138 3919 de
2169 3865 2361 3919 eadem
2390 3867 2789 3922 resurrectione
2820 3869 3038 3938 pendet,
3061 3868 3185 3925 ideo
3215 3871 3377 3924 variis
3409 3874 3669 3942 tempori-

2072 3953 2173 4007 bus
2230 3954 2592 4020 celebrantur,
2642 3956 2767 4026 quia
2815 3957 2993 4011 adhuc
3042 3966 3266 4011 ventura
3314 3959 3665 4031 praesignant,

2070 4058 2172 4097 nec
2222 4042 2393 4098 solum
2441 4044 2509 4098 de
2556 4044 2842 4114 praeteritis
2890 4053 3077 4117 agunt,
3113 4055 3170 4101 ut
3207 4046 3405 4102 festum
3452 4048 3669 4105 Nativi-

2070 4131 2213 4186 tatis.

2706 4204 2929 4259 CAPUT
2959 4205 3023 4259 V.

2148 4328 2168 4357 ei
2203 4307 2484 4363 Justiﬁcati
2532 4307 2697 4379 igitur
2743 4325 2807 4363 ex
2853 4308 2981 4378 ﬁde,
3029 4326 3217 4381 pacem
3262 4312 3558 4367 habeamus
3596 4315 3666 4370 ad

2076 4420 2096 4443 α
2135 4398 2305 4451 Deum
2334 4413 2435 4467 per
2480 4397 2768 4451 Dominum
2818 4406 3065 4453 nostrum
3107 4401 3290 4455 Jesum
3340 4401 3614 4457 Christum
3648 4422 3662 4458 :

2076 4506 2097 4535 κ
2132 4501 2229 4554 per
2276 4502 2435 4556 quem
2481 4485 2745 4540 habemus
2794 4502 3075 4542 accessum
3123 4505 3220 4557 per
3265 4488 3425 4544 ﬁdem
3455 4490 3510 4544 in
3541 4507 3665 4563 gra-

2075 4594 2095 4622 «
2133 4572 2259 4627 tiam
2311 4573 2467 4627 istam
2511 4574 2565 4626 in
2613 4590 2719 4645 qua
2770 4582 2990 4641 stamus,
3026 4584 3078 4630 et
3121 4577 3419 4648 gloriamur
3464 4579 3517 4632 in
3565 4595 3664 4650 spe

2076 4682 2097 4710 ε
2130 4661 2322 4733 gloriae
2353 4660 2585 4715 ﬁliorum
2615 4662 2735 4716 Dei.
2768 4664 2888 4718 Non
2938 4663 3112 4719 solum
3143 4674 3340 4731 autem,
3374 4666 3471 4721 sed
3503 4667 3662 4720 etiam

2074 4772 2095 4795 α
2130 4749 2430 4819 gloriamur
2456 4750 2511 4803 in
2540 4750 2976 4805 tribulationibus
3009 4767 3020 4805 :
3053 4752 3287 4808 scientes
3316 4753 3461 4825 quod
3492 4754 3661 4809 tribu-

2074 4860 2096 4887 ι
2133 4838 2259 4892 latio
2288 4838 2599 4907 patientiam
2638 4847 2911 4909 operatur,
2945 4840 3205 4909 patientia
3245 4849 3422 4897 autem
3452 4843 3662 4913 proba-

2074 4926 2353 4989 «tionem,
2404 4926 2651 4996 probatio
2695 4944 2827 4982 vero
2889 4944 3061 4998 spem.
3109 4929 3246 5000 Spes
3312 4939 3491 4985 autem
3553 4948 3663 4987 non

2074 5038 2094 5061 «ε
2129 5012 2405 5068 confundit
2440 5029 2452 5066 :
2484 5014 2609 5084 quia
2655 5015 2883 5070 charitas
2932 5016 3031 5071 Dei
3059 5016 3257 5073 diffusa
3286 5027 3367 5073 est
3394 5020 3447 5072 in
3478 5020 3662 5075 cordi-

2073 5125 2094 5148 α
2133 5101 2230 5155 bus
2261 5101 2481 5167 nostris,
2515 5118 2613 5172 per
2660 5102 2917 5173 Spiritum
2966 5114 3212 5161 sanctum
3244 5106 3333 5177 qui
3376 5107 3531 5161 datus
3579 5116 3663 5162 est

2074 5210 2095 5240 ι
2132 5189 2306 5245 nobis.
2339 5190 2407 5245 Ut
2454 5190 2583 5261 quid
2614 5192 2759 5246 enim
2806 5192 3071 5260 Christus,
3104 5211 3226 5250 cum
3258 5196 3435 5251 adhuc
3465 5194 3663 5251 inﬁrmi

2072 5301 2093 5325 α
2130 5295 2394 5347 essemus,
2438 5279 2738 5334 secundum
2786 5289 2998 5352 tempus
3040 5299 3141 5353 pro
3190 5284 3370 5353 impiis
3417 5293 3662 5339 mortuus

2074 5390 2095 5417 ε
2133 5368 2257 5424 est?
2288 5367 2385 5423 Vix
2411 5367 2555 5423 enim
2583 5384 2684 5440 pro
2723 5369 2870 5439 justo
2916 5370 3037 5442 quis
3081 5371 3329 5428 moritur.
3379 5373 3517 5428 Nam
3561 5389 3663 5444 pro
