3960 6036
262 195 342 248 49
924 187 1300 250 EXPOSITlO
1340 186 1414 244 IN
1454 187 1834 244 EPISTOLAS
1884 190 2108 246 PAULI.
2143 191 2316 245 -ΙΝ
2349 191 2567 247 EPIST.
2620 192 2713 245 AD
2763 189 2930 246 ROM.
3502 197 3570 250 50

275 341 300 363 σι
354 317 497 373 bono
528 317 748 373 forsitan
780 318 902 390 quis
933 318 1131 374 audeat
1150 315 1289 372 mori
1310 314 1337 369 ?
1388 314 1745 370 Commendat
1774 330 1876 369 au-
1896 318 1951 378 Α
1982 314 2213 370 Paulus:
2244 318 2353 372 Per
2396 332 2576 390 quem,
2633 316 2927 384 Christum,
2978 315 3139 372 etiam
3178 333 3486 386 accessum,
3517 318 3574 374 id

274 429 297 451 α
355 415 465 461 tem
495 407 818 463 charitatem
851 423 1005 461 suam
1052 407 1200 460 Deus
1230 405 1283 458 in
1314 404 1489 468 nobis,
1524 403 1797 474 quoniam,
1831 403 1883 473 si

273 515 301 543 ι
354 510 479 549 cum
507 496 684 550 adhuc
713 504 1029 566 peccatores
1050 510 1295 549 essemus
1317 494 1616 548 secundum
1636 500 1873 563 tempus,

273 606 297 627 α
354 582 600 636 Christus
630 599 731 654 pro
757 584 917 639 nobis
953 592 1201 639 mortuus
1234 590 1334 648 est,
1366 582 1534 635 multo
1563 582 1728 653 igitur
1756 598 1875 635 ma-

270 695 294 716 a
349 672 435 741 gis
468 688 612 727 nunc
654 672 933 741 justilicati
964 673 1018 726 in
1063 671 1326 743 sanguine
1357 671 1548 741 ipsius,
1599 670 1733 724 salvi
1768 670 1874 725 eri-

273 778 296 810 l
347 776 473 813 mus
504 761 572 813 ab
602 760 684 815 ira
712 777 811 831 per
838 761 1034 831 ipsum.
1068 761 1123 815 Si
1154 760 1298 814 enim
1337 775 1460 815 cum
1493 758 1695 814 inimici
1717 776 1872 814 esse-

270 871 294 894 η
346 864 488 913 mus,
537 849 872 903 reconciliati
922 866 1106 903 sumus
1154 850 1269 902 Deo
1336 864 1433 917 per
1477 856 1709 902 mortem
1752 848 1873 902 Filii

267 959 289 982 ε
343 938 485 1004 ejus,
518 937 687 991 multo
718 937 891 1010 magis
910 936 1240 992 reconciliati
1272 936 1409 991 salvi
1443 936 1643 991 erimus
1675 937 1727 989 in
1760 938 1871 991 vita

267 1048 289 1070 ε
344 1025 540 1096 ipsius.
574 1027 693 1080 Non
715 1026 891 1080 solum
911 1034 1109 1091 autem,
1136 1026 1234 1080 sed
1266 1034 1318 1079 et
1348 1025 1651 1097 gloriamur
1679 1025 1732 1078 in
1758 1027 1871 1080 Deo

265 1137 289 1159 α
340 1130 443 1183 per
474 1113 759 1167 Dominum
791 1122 1036 1169 nostrum
1056 1116 1241 1169 Jesum
1265 1114 1557 1179 Christum,
1592 1131 1688 1184 per
1710 1130 1871 1184 quem

267 1226 289 1247 α
342 1219 490 1257 nunc
522 1203 1016 1257 reconciliationem
1048 1203 1382 1273 accepimus.
1416 1204 1705 1272 Propterea
1734 1203 1871 1257 sicut

267 1313 289 1334 ιι
342 1306 446 1359 per
480 1307 643 1344 unum
692 1292 966 1345 hominem
1015 1299 1296 1361 peccatum
1337 1290 1391 1344 in
1423 1291 1562 1345 hunc
1608 1292 1870 1345 mundum

338 1379 581 1443 intravit,
628 1388 681 1433 et
723 1396 821 1450 per
863 1388 1146 1450 peccatum
1197 1396 1367 1445 mors;
1400 1387 1451 1434 et
1482 1379 1549 1432 ita
1594 1379 1649 1432 in
1679 1396 1869 1434 omnes

337 1467 594 1522 homines
640 1484 791 1522 mors
834 1468 1163 1538 pertransiit,
1210 1468 1264 1521 in
1312 1483 1418 1539 quo
1451 1483 1641 1522 omnes
1668 1484 1867 1538 pecca-

334 1564 552 1610 verunt.
607 1557 789 1627 Usque
837 1557 906 1610 ad
964 1556 1143 1628 legem
1193 1556 1335 1610 enim
1364 1564 1641 1626 peccatum
1673 1557 1867 1610 eratin

330 1645 562 1699 mundo.
616 1646 899 1700 Peccatum
947 1653 1126 1699 autem
1175 1662 1282 1699 non
1331 1644 1709 1715 imputabatur,
1746 1662 1866 1699 cum

334 1733 426 1787 lex
455 1749 564 1787 non
596 1742 738 1788 esset
764 1749 775 1787 :
812 1734 908 1789 sed
941 1734 1187 1805 regnavit
1210 1750 1355 1788 mors
1386 1734 1456 1787 ab
1487 1734 1658 1788 Adam
1690 1750 1862 1805 usque

262 1844 284 1866 α
335 1822 406 1875 ad
436 1823 681 1892 Moysen,
726 1823 883 1877 etiam
917 1823 970 1876 in
1001 1839 1096 1878 eos
1126 1823 1217 1894 qui
1246 1839 1354 1877 non
1399 1830 1758 1893 peccaverunt
1808 1823 1864 1875 in

262 1932 285 1955 ει
336 1910 750 1965 similitudinem
773 1912 1235 1982 prmvaricationis
1266 1912 1417 1977 AdEP,
1451 1912 1543 1983 qui
1575 1919 1655 1965 est
1687 1910 1862 1966 forma

258 2022 281 2043 υ
331 1997 517 2052 futuri.
554 2000 663 2055 Sed
708 2016 816 2053 non
859 2000 996 2055 sicut
1026 2000 1303 2065 delictum,
1356 2000 1430 2055 ita
1457 2009 1509 2055 et
1539 2002 1766 2055 donum.
1808 2000 1863 2054 Si

255 2111 276 2133 η
328 2087 479 2141 enim
509 2087 651 2141 illius
681 2088 877 2144 delicto
906 2088 1056 2142 multi
1090 2090 1282 2143 mortui
1309 2098 1453 2153 sunt,
1488 2088 1654 2143 multo
1684 2088 1861 2161 magis

256 2199 278 2222 ιι
329 2176 510 2245 gratia
535 2177 637 2231 Dei
681 2184 732 2231 et
763 2177 961 2231 donum
995 2178 1047 2230 in
1077 2178 1252 2249 gratia
1288 2178 1444 2232 unius
1474 2178 1706 2232 hominis
1733 2180 1860 2232 Jesu

256 2285 277 2311 ι
328 2264 533 2318 Christi
589 2265 643 2318 in
692 2265 877 2335 plures
929 2265 1225 2337 [homines]
1272 2266 1606 2321 abundavit:
1642 2273 1693 2320 et
1751 2282 1859 2320 non

257 2378 278 2399 «ι
328 2352 470 2408 sicut
520 2370 620 2423 per
662 2370 827 2407 unum
859 2363 1141 2424 peccatum
1183 2354 1496 2426 [delictum]
1528 2373 1540 2408 :
1574 2355 1643 2407 ita
1676 2362 1725 2409 et
1754 2355 1856 2409 do-

259 2462 281 2489 ι
330 2458 488 2497 num.
522 2443 659 2496 Nam
701 2442 965 2510 judicium
999 2459 1064 2498 ex
1097 2458 1203 2497 uno
1236 2443 1289 2496 in
1324 2443 1854 2508 condemnationem,

256 2551 277 2575 ε
325 2531 509 2601 gratia
538 2540 716 2585 autem
748 2547 813 2585 ex
844 2531 1024 2585 multis
1054 2531 1263 2586 delictis
1289 2532 1344 2585 in
1378 2531 1846 2599 justiticationem.

258 2641 278 2663 α
328 2618 386 2671 Si
418 2618 563 2672 enim
592 2622 644 2672 in
678 2620 838 2673 unius
868 2620 1065 2674 delicto
1096 2636 1243 2673 mors
1266 2619 1513 2692 regnavit
1540 2636 1636 2690 per
1666 2636 1851 2685 unum,

255 2729 277 2749 α
323 2706 502 2761 multo
534 2708 710 2779 magis
756 2708 1139 2762 abundantiam
1172 2708 1361 2778 gratiae
1391 2716 1442 2762 et
1474 2708 1781 2763 donationis
1802 2716 1855 2762 et

253 2817 275 2839 κ
316 2795 543 2861 justitia:
586 2796 930 2866 accipientes,
964 2796 1019 2849 in
1050 2797 1155 2850 vita
1202 2797 1506 2867 regnahunt
1536 2813 1635 2867 per
1664 2813 1849 2863 unum,

254 2906 275 2928 σε
319 2884 509 2936 Jesum
528 2884 820 2937 Christum.
854 2884 1018 2955 Igitur
1048 2884 1183 2939 sicut
1213 2901 1313 2954 per
1340 2884 1496 2938 unius
1526 2884 1779 2940 delictum
1800 2884 1853 2938 in

256 2994 276 3015 ιε
323 2988 520 3025 omnes
576 2972 827 3026 homines
876 2973 929 3025 in
977 2972 1504 3038 condemnationem,
1560 2973 1638 3028 sic
1668 2980 1720 3027 et
1758 2990 1852 3042 per

255 3082 277 3108 ι
321 3060 488 3113 unius
511 3060 773 3129 justitiam
804 3061 857 3114 in
908 3076 1098 3115 omnes
1145 3062 1393 3116 homines
1424 3062 1476 3115 in
1500 3061 1848 3129 justiticatio-

257 3170 277 3195 α
321 3165 449 3202 nem
511 3149 651 3203 vitae.
710 3149 859 3204 Sicut
914 3149 1057 3203 enim
1096 3166 1195 3219 per
1238 3150 1661 3204 inobedientiam
1692 3150 1848 3204 unius

257 3260 277 3285 ε
322 3237 582 3305 hominis,
625 3245 943 3307 peccatores
992 3238 1268 3292 constituti
1318 3246 1443 3292 sunt
1489 3239 1661 3303 multi,
1694 3238 1763 3293 ita
1797 3246 1848 3293 et

254 3346 274 3369 «ι
320 3341 422 3395 per
452 3325 612 3379 unius
642 3324 928 3397 [hominis]
957 3326 1322 3381 obedientiam
1348 3326 1479 3395 justi
1509 3327 1845 3381 constituen-

254 3435 276 3462 ι
322 3423 407 3467 tur
460 3413 635 3469 multi.
695 3414 802 3469 Lex
861 3422 1039 3468 autem
1088 3414 1424 3479 subintravit,
1460 3423 1515 3468 ut
1546 3416 1845 3470 abundaret

252 3528 269 3549 α
316 3502 599 3568 delictum;
650 3503 740 3556 ubi
782 3510 959 3557 autem
998 3503 1293 3557 abundavit
1339 3504 1614 3570 delictum,
1676 3521 1843 3575 supe—

252 3612 273 3639 ι
317 3591 638 3644 rabundavit
684 3600 734 3646 et
763 3592 959 3662 gratia,
991 3600 1049 3645 ut
1085 3592 1220 3647 sicut
1270 3592 1515 3662 regnavit
1559 3601 1843 3663 peccatum

250 3703 271 3724 α
317 3678 371 3731 in
403 3688 655 3742 mortem,
689 3679 761 3733 ita
801 3688 851 3734 et
887 3680 1061 3750 gratia
1120 3688 1314 3751 regnet
1343 3697 1443 3750 per
1483 3680 1748 3749 justitiam
1788 3682 1843 3734 in

250 3788 272 3815 ι
315 3767 483 3821 vitam
530 3776 808 3836 mternam,
856 3784 951 3838 per
978 3768 1162 3823 Jesum
1222 3768 1490 3823 Christum
1550 3769 1839 3823 Dominum

252 3878 272 3902 ε
316 3864 586 3911 nostrum.
626 3880 646 3903 ιν

265 1400 287 1427 ι

262 1490 286 1511 π

259 1578 283 1601 α

260 1666 282 1689 tr

262 1754 285 1781 α

878 3943 1194 3981 εκροειτιο.

313 4033 771 4106 Quandoquidem
822 4033 1145 4089 sufﬁcienter
1192 4050 1255 4088 ex
1290 4032 1661 4103 superioribus
1701 4050 1835 4105 pro-

246 4122 425 4175 batum
456 4131 539 4176 est
560 4139 777 4177 omnem
793 4122 1232 4190 justificationem
1263 4138 1384 4176 esse
1409 4138 1473 4175 ex
1507 4119 1631 4187 ﬁde;
1656 4123 1838 4192 igitur

232 4210 541 4279 justiﬁcati
571 4228 645 4266 ex
674 4212 799 4279 ﬁde,
823 4210 1122 4266 habeamus
1153 4228 1366 4283 pacem,
1417 4209 1469 4263 id
1498 4219 1580 4267 est
1607 4227 1835 4267 concor—

242 4299 383 4352 diam
443 4300 584 4353 inter
639 4315 790 4354 nos:
844 4308 897 4353 ut
952 4316 1128 4370 neque
1187 4300 1405 4355 Iudaeus
1460 4301 1669 4373 gentili,
1730 4316 1832 4355 nec

1981 412 2064 459 est
2089 405 2327 476 primum
2361 407 2591 476 gradum
2634 405 2887 460 veniendi
2918 405 2984 459 ad
3013 406 3154 461 hanc
3183 406 3434 478 gratiam,
3468 409 3577 463 ha-

1975 494 2163 549 bemus
2191 510 2202 547 :
2235 510 2398 566 quam
2430 495 2664 566 gratiam
2682 494 3069 565 consequimur
3085 510 3185 563 per
3214 494 3404 565 ﬁdem,
3439 496 3578 552 sicut

1966 581 2432 650 justificationem,
2486 583 2609 654 quia
2640 592 2692 637 et
2721 582 2857 637 ﬁdes
2884 582 3166 651 justificat;
3199 591 3251 638 et
3279 583 3413 639 ﬁdes
3447 602 3581 658 gra-

1975 672 2105 725 tiam
2138 673 2273 727 hanc
2307 673 2399 726 dat
2428 674 2489 727 in
2521 689 2630 744 qua
2651 672 2831 744 gratia
2860 688 2958 726 nos
2993 676 3232 738 stamus,
3266 672 3320 727 id
3350 682 3431 727 est
3461 690 3583 744 per-

1976 775 2311 814 severamus.
2364 761 2496 815 Adae
2546 761 2766 832 quidem
2816 761 2983 814 multa
3032 760 3204 832 gratia
3249 761 3440 817 collata
3472 771 3572 832 est,

1975 850 2071 902 sed
2101 849 2154 902 in
2187 866 2251 904 ea
2282 865 2390 904 non
2421 850 2585 904 stetit.
2621 851 2688 903 Et
2710 850 2901 903 stando
2931 849 2983 902 in
3018 850 3117 905 hac
3150 850 3327 921 gratia
3356 852 3571 922 gloria-

1973 954 2105 992 mur
2126 940 2186 992 in
2208 955 2303 1009 spe
2333 939 2526 1009 gloria:
2548 938 2881 1007 ﬁliorum,_id
2912 946 2993 992 est
3022 954 3087 992 ex
3119 954 3185 992 eo
3216 938 3343 1010 quia
3373 939 3570 993 certis-

1971 1026 2106 1080 sime
2139 1043 2422 1096 speramus
2455 1043 2553 1081 nos
2583 1027 2861 1081 habituros
2895 1027 3133 1099 gloriam
3164 1043 3325 1098 quam
3371 1028 3569 1082 habent

1970 1114 2062 1168 ﬁlii
2096 1117 2212 1180 Dei;
2256 1133 2367 1171 non
2398 1118 2581 1171 solum
2613 1120 2825 1177 autem,
2889 1132 2984 1186 spe
3027 1116 3185 1183 hujus
3224 1116 3435 1186 gloriae,
3467 1117 3564 1172 sed

1969 1205 2145 1258 etiam
2165 1205 2479 1272 gloriamur
2498 1205 2561 1258 in
2586 1205 3062 1260 tribulationibus.
3088 1205 3215 1259 Hmc
3231 1212 3312 1259 est
3329 1205 3560 1259 maxima

1969 1291 2159 1357 virtus,
2220 1292 2276 1345 in
2325 1293 2429 1347 hoc
2495 1293 2738 1364 gaudere
2797 1292 2942 1363 quod
2974 1292 3213 1347 naturale
3246 1300 3326 1347 est
3358 1292 3554 1347 formi-

1969 1380 2098 1434 dare
2135 1398 2147 1433 :
2182 1380 2302 1435 ideo
2340 1380 2394 1433 in
2426 1380 2863 1435 tribulationibus
2886 1381 3198 1452 gloriamur,
3234 1380 3361 1451 quia
3381 1383 3561 1437 scien-

1970 1472 2053 1523 tes
2110 1485 2299 1523 sumus
2327 1470 2468 1541 quod
2499 1470 2791 1525 tribulatio
2819 1470 3165 1541 patientiam
3196 1474 3480 1540 operatur,
3506 1470 3561 1525 id

1968 1565 2049 1610 est
2080 1557 2205 1628 quia
2234 1574 2361 1611 usus
2392 1565 2442 1611 et
2465 1558 2801 1613 consuetudo
2833 1557 3238 1611 tribulationum
3268 1558 3433 1612 nutrit
3462 1574 3560 1629 pa-

1896 1645 2230 1734 Btientiam.
2284 1647 2575 1701 Patientia
2623 1651 2816 1700 autem
2865 1653 3118 1715 operatur
3146 1647 3555 1718 probationem,

1966 1733 2020 1787 id
2051 1741 2131 1787 est
2159 1734 2559 1804 purgationem;
2608 1734 2730 1805 quia
2771 1734 2906 1788 sicut
2939 1750 3132 1788 aurum
3164 1744 3428 1807 purgatur
3458 1752 3559 1807 per

1963 1822 2167 1894 ignem,
2211 1823 2288 1877 sic
2319 1823 2463 1894 quod
2494 1823 2549 1875 in
2580 1823 2697 1876 istis
2726 1824 3072 1895 purgandum
3106 1832 3187 1877 est
3218 1823 3345 1895 igne
3377 1824 3553 1878 tribu-

1963 1910 2179 1965 lationis
2211 1911 2530 1982 excoquitur
2562 1930 2574 1965 :
2609 1912 2750 1965 unde
2783 1927 2877 1965 eos
2906 1911 2996 1981 qui
3026 1911 3078 1964 in
3110 1911 3450 1966 tribulatione
3479 1912 3558 1968 vi-

1963 2006 2067 2052 tam
2099 1997 2306 2064 finiunt,
2342 2008 2557 2055 sanctos
2590 1999 2705 2054 sine
2737 1999 2919 2070 aliqua
2948 1999 3282 2054 hiesitatione
3313 1999 3549 2055 confidi-

1960 2104 2101 2152 mus,
2125 2088 2252 2159 quia
2281 2088 2541 2159 quidquid
2572 2088 2719 2158 prius
2735 2096 3117 2158 peccaverunt,
3152 2088 3296 2159 ignis
3322 2088 3555 2143 tribula-

1960 2176 2123 2230 tionis
2174 2183 2344 2231 totum
2391 2177 2619 2231 excoxit.
2671 2178 2781 2231 Eos
2829 2192 2959 2231 vero
3009 2176 3099 2247 qui
3128 2176 3181 2229 in
3213 2191 3349 2246 pace
3393 2176 3552 2231 vitam

1960 2263 2164 2329 finiunt,
2241 2273 2713 2336 quantumcunque
2742 2264 3083 2319 laudabiliter
3111 2265 3341 2320 vixerint
3371 2266 3555 2335 (nemo

1959 2353 2104 2407 enim
2180 2353 2296 2408 sine
2370 2355 2532 2408 sorde
2612 2354 2716 2423 est)
2749 2353 2865 2407 sine
2953 2362 3098 2408 certa
3168 2354 3555 2409 miraculorum

1959 2441 2299 2508 ostensione,
2335 2442 2390 2495 in
2437 2442 2686 2512 catalogo
2736 2450 3047 2497 sanctorum
3086 2458 3194 2497 non
3224 2458 3553 2497 annumera-

1956 2546 2096 2584 mus.
2156 2531 2417 2587 Probalio
2472 2548 2597 2586 vero
2684 2538 2943 2600 operatur
2997 2547 3191 2602 spem;
3250 2530 3553 2585 certissime

1958 2618 2101 2672 enim
2134 2635 2356 2688 sperare
2407 2627 2598 2689 potest,
2652 2619 2741 2689 qui
2775 2618 3104 2673 sufﬁcienter
3147 2626 3408 2691 purgatus
3434 2627 3542 2673 est.

1955 2707 2085 2776 Spes
2106 2712 2300 2762 autem
2323 2707 2400 2762 sic
2420 2716 2542 2776 post
2565 2706 2946 2779 purgationem
2972 2706 3150 2760 habita
3167 2723 3283 2761 non
3312 2710 3556 2777 confun-

1955 2795 2056 2859 dit,
2091 2795 2145 2848 id
2177 2803 2274 2859 est,
2300 2810 2408 2849 non
2429 2795 2556 2849 facit
2577 2796 2902 2851 erubescere
2924 2812 3018 2851 eos
3041 2796 3132 2867 qui
3153 2804 3391 2865 sperant,
3419 2811 3555 2866 quos

1955 2882 2154 2938 faceret
2176 2883 2530 2938 confusibiles
2561 2884 2606 2937 si
2639 2884 2909 2955 inexpleta
2931 2892 3094 2939 esset.
3132 2886 3274 2939 Vere
3299 2900 3425 2954 spes
3446 2900 3555 2939 non

1954 2972 2253 3040 confundit,
2307 2972 2403 3026 sed
2456 2972 2783 3042 implebitur,
2846 2973 2990 3043 quod
3032 2980 3235 3027 certum
3283 2973 3548 3027 habemus

1949 3076 2049 3129 per
2095 3060 2350 3130 Spiritum
2375 3068 2619 3115 sanctum
2670 3062 2758 3131 qui
2808 3061 2966 3114 datus
2996 3068 3072 3115 est
3108 3060 3282 3115 nobis.
3318 3060 3547 3131 Spiritus

1949 3149 2090 3202 enim
2122 3157 2359 3215 sanctus,
2386 3150 2501 3217 jam
2534 3165 2632 3204 nos
2664 3166 2728 3203 ex
2760 3158 2912 3219 parte
2952 3148 3228 3215 deificans,
3263 3150 3547 3204 certitudi-

1947 3253 2072 3290 nem
2100 3238 2189 3291 dat
2223 3255 2235 3291 :
2272 3238 2398 3308 quia
2428 3254 2527 3292 nos
2576 3238 2822 3308 plenarie
2849 3237 3227 3293 deificabimur
3256 3237 3311 3291 in
3343 3237 3544 3305 futuro,

1946 3325 2227 3379 illuminati
2260 3327 2559 3380 secundum
2588 3326 2822 3380 animam
2851 3327 3042 3395 majori
3076 3326 3387 3398 cognitione
3420 3326 3538 3395 Dei,

1946 3422 1999 3468 et
2026 3414 2325 3468 secundum
2356 3430 2556 3484 corpus
2588 3415 3026 3485 incorruptibiles
3054 3414 3238 3468 futuri.
3274 3414 3409 3482 Quia
3428 3414 3541 3484 Spi-

1945 3502 2078 3556 ritus
2130 3511 2346 3557 sanctus
2403 3503 2562 3556 datus
2601 3503 2669 3556 sit
2716 3503 2872 3557 nobis
2914 3510 3141 3573 apparet
3171 3519 3237 3556 ex
3269 3519 3352 3567 eo,
3400 3505 3533 3574 quia

1943 3591 2194 3646 charitas
2216 3593 2308 3649 Dei
2326 3591 2529 3661 diffusa
2543 3594 2696 3647 estin
2710 3592 2966 3647 cordibus
2987 3592 3219 3656 nostris,
3246 3590 3299 3644 id
3314 3598 3394 3644 est
3415 3590 3543 3661 quia

1942 3679 2160 3734 dilectio
2172 3679 2269 3734 Dei
2290 3678 2612 3750 ampliﬁcata
2640 3688 2721 3733 est
2734 3679 2786 3732 in
2803 3679 3058 3734 cordibus
3079 3678 3298 3744 nostris,
3316 3678 3439 3749 quia
3452 3694 3545 3749 pa-

1942 3767 2042 3821 rati
2060 3784 2247 3822 sumus
2271 3784 2367 3839 pro
2385 3784 2450 3823 eo
2472 3776 2523 3823 et
2544 3768 2651 3838 pati
2673 3775 2725 3823 et
2746 3768 2903 3823 mori.
2927 3768 3023 3821 Vel
3044 3767 3200 3822 aliter
3231 3784 3242 3822 :
3281 3784 3409 3835 vere
3433 3783 3541 3822 non

1939 3855 2239 3923 confundit,
2290 3857 2387 3911 sed
2434 3857 2781 3926 implebitur:
2817 3857 2961 3928 quod
3001 3864 3145 3927 patet
3186 3872 3251 3911 ex
3292 3872 3378 3921 eo,
3410 3857 3541 3929 quia

1939 3944 2193 4000 eharitas
2218 3946 2318 4000 Dei
2338 3945 2545 4016 diffusa
2572 3950 2676 4014 est,
2704 3945 2756 3999 id
2774 3954 2874 4008 est,
2893 3945 3019 4016 quia
3044 3946 3191 3999 Deus
3228 3945 3445 3999 abunde
3474 3945 3549 3999 di-

1936 4032 2057 4105 ligit
2088 4050 2206 4098 nos,
2242 4042 2293 4088 et
2324 4035 2450 4105 quia
2480 4035 2710 4089 charitas
2742 4033 2842 4088 Dei
2861 4034 2997 4088 adeo
3026 4032 3231 4088 ferveat
3252 4050 3383 4105 erga
3415 4049 3538 4090 nos.

1937 4123 2050 4176 Hoc
2100 4122 2363 4177 sentimus
2392 4122 2446 4175 in
2498 4122 2757 4177 cordibus
2814 4122 3015 4177 nostris
3073 4121 3387 4176 illuminatis
3433 4138 3537 4193 per

1934 4211 2213 4283 Spiritum
2262 4216 2525 4266 sanctum
2597 4213 2693 4283 qui
2752 4211 2918 4265 datus
2975 4215 3057 4265 est
3099 4210 3276 4265 nobis.
3336 4210 3535 4265 Probat

1935 4300 2079 4369 quod
2125 4315 2250 4369 spes
2281 4300 2442 4369 (sicut
2489 4299 2692 4355 dictum
2723 4300 2828 4367 est)
2860 4298 3168 4368 impleatur,
3202 4298 3433 4353 diversis
3463 4299 3531 4354 de

243 4388 663 4459 gentilisJudaeo
719 4388 774 4441 in
828 4389 927 4442 hac
956 4403 1092 4443 nova
1133 4388 1310 4460 gratia
1341 4406 1400 4443 se
1432 4389 1699 4458 prmferat.
1764 4378 1905 4445 UtD
1936 4387 2157 4443 causis:
2233 4395 2345 4441 tum
2422 4388 2544 4459 quia
2620 4388 2665 4442 si
2735 4403 2843 4442 non
2919 4386 3251 4457 impleretur,
3328 4385 3531 4442 frustra

239 4484 411 4530 autem
436 4478 613 4549 magis
642 4493 738 4532 eos
769 4485 821 4531 et
848 4493 877 4529 a
898 4477 1166 4532 discordia
1198 4477 1488 4546 deterreat,
1523 4485 1575 4532 et
1606 4479 1674 4532 ad
1705 4494 1833 4533 con-

242 4565 486 4619 cordiam
516 4565 754 4630 inducat,
815 4566 924 4620 ait:
963 4567 1265 4620 Habeamus
1309 4583 1503 4637 pacem
1525 4567 1597 4621 ad
1636 4570 1828 4621 Deum.

242 4653 294 4707 Si
324 4653 469 4707 enim
508 4653 646 4708 inter
700 4670 801 4708 nos
857 4653 1135 4709 discordes
1201 4653 1480 4719 fuerimus,
1533 4655 1599 4709 ad
1658 4656 1831 4709 Deum

239 4742 419 4812 utique
448 4758 640 4812 pacem
671 4758 777 4796 non
820 4742 1099 4797 habemus.
1147 4742 1457 4796 Habeamus
1487 4742 1609 4798 dico
1641 4759 1830 4813 pacem

237 4847 335 4902 per
365 4832 668 4885 Dominum
701 4830 856 4886 30
902 4834 1160 4886 nostrum
1179 4833 1368 4886 Jesum
1401 4831 1706 4897 Christum,
1743 4831 1829 4886 cui

237 4917 287 4971 in
318 4919 569 4972 omnibus
618 4919 837 4974 obedire
885 4920 1178 4973 debemus:
1230 4919 1321 4989 qui
1374 4919 1515 4973 tradi
1563 4920 1727 4973 voluit
1759 4920 1825 4973 ad

238 5015 466 5061 mortem
489 5016 711 5077 propter
732 5008 933 5063 delicta
953 5015 1157 5072 nostra,
1183 5016 1287 5063 etc.
1312 5011 1420 5063 Per
1449 5025 1613 5079 quem
1644 5008 1828 5062 Chris-

238 5103 344 5149 tum
379 5112 487 5150 non
518 5096 694 5150 solum
750 5097 943 5151 delicta
970 5096 1198 5151 dimissa
1228 5104 1371 5163 sunt,
1408 5096 1513 5150 vita
1544 5105 1595 5151 et
1619 5096 1827 5165 justitia

236 5185 374 5251 data,
429 5184 526 5237 sed
578 5184 737 5238 etiam
783 5184 1048 5240 habemus
1098 5188 1346 5254 gratiam
1398 5186 1585 5249 istam,
1643 5185 1697 5239 id
1745 5192 1828 5239 est

237 5280 335 5325 tam
388 5273 762 5341 excellentem,
823 5282 876 5327 ut
925 5274 1198 5344 depellere
1260 5274 1483 5328 morbos
1534 5273 1824 5345 facereque

236 5360 506 5415 miracula.
570 5360 679 5415 Sed
730 5378 799 5416 ne
854 5362 1026 5417 Judaei
1077 5361 1428 5432 opinarentur
1456 5378 1553 5432 per
1574 5362 1824 5417 meritum

236 5449 369 5520 legis
416 5448 651 5521 aliquem
683 5450 913 5522 gradum
942 5450 1140 5507 habere
1182 5450 1235 5503 in
1267 5451 1407 5506 hanc
1451 5449 1696 5522 gratiam,
1753 5451 1827 5505 ait

1934 4476 2082 4531 Deus
2158 4476 2320 4531 homo
2412 4484 2557 4530 esset
2633 4475 2821 4541 factus,
2898 4483 3129 4529 mortem
3229 4482 3526 4547 gustasset,

1932 4564 2036 4618 nisi
2093 4582 2245 4635 spem
2277 4565 2708 4620 consummando
2766 4564 2908 4635 quod
2965 4572 3202 4633 coeperat
3248 4563 3337 4633 pie
3367 4562 3533 4633 perfi-

1932 4661 2098 4707 ceret.
2159 4655 2294 4707 Tum
2335 4654 2493 4708 etiam
2525 4653 2669 4719 ideo,
2722 4652 2767 4707 si
2812 4669 2933 4708 cum
2975 4652 3123 4721 impii
3168 4667 3413 4705 essemus
3475 4659 3527 4706 et

1931 4742 2291 4796 damnationis
2368 4742 2622 4795 meritum
2697 4748 2843 4796 esset
2921 4741 2975 4794 in
3050 4739 3207 4794 nobis
3293 4747 3521 4805 tantum,

1930 4831 2059 4902 quid
2156 4830 2338 4886 facere
2439 4830 2605 4885 voluit
2685 4837 2739 4883 ut
2829 4845 2925 4900 pro
3026 4828 3216 4893 nobis,
3321 4828 3521 4899 impiis,

1929 4919 2297 4973 difﬁcultatem
2345 4918 2535 4973 mortis
2583 4918 2820 4983 subiret,
2870 4934 2976 4971 non
3025 4925 3107 4971 est
3135 4916 3523 4987 ambigendum

1928 5007 2056 5077 quin
2079 5024 2197 5069 nos,
2225 5008 2335 5075 jam
2378 5007 2700 5075 justiticatos
2748 5014 2800 5060 et
2840 5007 2951 5075 jam
2985 5004 3236 5060 meritum
3271 5005 3523 5060 salvatio-

1926 5095 2010 5148 nis
2055 5096 2475 5165 praztendentes,
2527 5095 2706 5149 salvos
2762 5093 2970 5149 faciat:
3033 5093 3177 5164 quod
3237 5091 3393 5149 facile
3443 5101 3523 5147 est

1926 5184 1995 5248 ei,
2050 5184 2170 5255 quia
2221 5201 2326 5238 non
2378 5191 2592 5254 Oportet
2641 5200 2762 5237 eum
2793 5182 3031 5253 amplius
3057 5182 3217 5236 mori.
3254 5182 3409 5237 Unde
3440 5181 3519 5235 sic

1925 5272 1999 5326 ait
2028 5290 2040 5326 :
2080 5274 2214 5343 Vere
2245 5290 2371 5343 spes
2396 5287 2504 5326 non
2550 5271 2848 5338 confundit,
2898 5270 2997 5325 sed
3027 5269 3357 5339 implebitur,
3392 5268 3517 5339 quia

1923 5361 2027 5416 nisi
2059 5361 2194 5416 sicut
2220 5377 2503 5432 speramus
2526 5366 2996 5417 consummaretur
3028 5376 3041 5411 :
3080 5360 3143 5413 Ut
3174 5358 3304 5427 quid
3339 5356 3521 5412 Chris-

1927 5453 2019 5506 tus
2075 5454 2334 5507 mortuus
2403 5454 2487 5506 est
2549 5450 2726 5518 justus
2788 5464 2891 5520 pro
2956 5445 3187 5517 impiis?
3247 5444 3344 5500 Vel
3400 5444 3518 5503 vice
