3960 6036
427 211 488 265 51
967 207 1024 263 S.
1065 204 1422 262 BRUNONIS
1461 201 2107 261 CARTHUSIANORUM
2145 200 2629 259 lNSTlTUTORIS
2667 200 2819 258 OPP.
2867 204 3041 260 PARS
3084 205 3156 259 ΙΙ.
3643 208 3714 261 52

427 333 739 407 impiorum,
787 332 912 405 quia
956 330 1108 403 impii
1150 330 1292 387 mori
1340 331 1603 387 deberent
1648 346 1750 402 pro
1795 336 2020 401 peccato
2040 330 2093 393 Α
2120 330 2183 384 in
2212 328 2491 384 mundum
2513 327 2683 395 hunc,
2714 328 2770 383 id
2799 335 2900 396 est,
2931 329 3070 386 adeo
3098 329 3355 386 miserum
3385 345 3486 401 per
3506 344 3711 401 pecca-

429 440 544 489 suo,
596 422 684 478 vel
730 437 892 478 causa
946 420 1235 492 impiorum
1295 419 1756 477 redimendorum.
1798 418 2016 474 Diceret

427 511 624 584 aliquis
651 510 777 582 quia
822 516 1070 565 mortuus
1100 516 1202 575 est,
1236 508 1362 565 ideo
1403 525 1513 565 non
1540 515 1738 579 potest.
1770 509 2016 562 Mortuus

428 601 553 658 dico
594 598 905 656 secundum
954 602 1175 671 tempus
1207 615 1221 652 :
1255 596 1343 652 die
1387 597 1532 653 enim
1570 596 1729 653 tertia
1760 595 2012 650 surrexit.

430 690 636 745 Iterum
691 685 1087 742 adversarius:
1146 685 1298 757 impii
1336 685 1556 757 quidem
1613 684 1858 751 fueratis,
1919 683 2018 739 sed

424 778 536 847 jam
636 785 876 847 tempore
965 774 1157 829 mortis
1245 774 1361 843 ejus
1427 771 1750 843 justificati:
1829 773 2018 844 impiis

428 866 551 922 dico
597 865 673 920 ita
715 880 845 920 cum
893 863 1075 919 adhuc
1125 871 1369 933 tempore
1413 862 1604 917 mortis
1648 877 1762 917 suae
1801 861 2020 929 inﬁrmi

429 970 692 1024 essemus,
726 953 782 1007 id
830 959 931 1020 est,
966 952 1022 1006 in
1063 951 1338 1023 impietate
1383 951 1817 1022 perduraremus.
1850 949 2019 1003 Frus-

427 1051 507 1098 tra
544 1043 725 1112 justus
771 1044 1028 1097 mortuus
1078 1044 1162 1096 est
1203 1057 1304 1112 pro
1346 1040 1558 1110 impiis,
1611 1039 1658 1092 si
1695 1035 2021 1108 justificatos

433 1131 643 1187 salvare
690 1129 917 1185 deserit.
972 1129 1096 1184 Non
1156 1136 1239 1183 est
1284 1127 1616 1184 credendum
1673 1126 1819 1197 quod
1861 1126 2020 1180 inex-

427 1220 632 1291 pletum
704 1218 952 1288 dimittat,
1028 1232 1130 1287 pro
1206 1231 1316 1286 quo
1388 1222 1596 1270 tantam
1649 1213 2022 1269 difﬁcultatem

429 1307 609 1363 subiit.
641 1306 861 1363 Diceret
897 1304 1094 1377 aliquis
1125 1321 1138 1357 :
1172 1303 1363 1359 Fuitne
1392 1303 1528 1358 adeo
1568 1317 1829 1375 magnum
1864 1301 2012 1359 31

427 1395 571 1452 mori
623 1411 725 1467 pro
781 1394 1005 1466 impiis?
1060 1394 1136 1449 Ita
1204 1392 1448 1464 inquam.
1509 1393 1609 1448 Via:
1666 1392 1819 1447 enim
1875 1392 2018 1464 quis,

425 1485 482 1540 id
512 1492 595 1540 est
623 1484 838 1555 aliquis,
859 1483 949 1539 vel
988 1489 1162 1537 morte
1201 1481 1419 1554 dignus,
1455 1479 1541 1536 vel
1571 1481 1677 1536 cito
1704 1479 2017 1549 moriturus,

426 1574 674 1631 moritur
691 1589 791 1645 pro
821 1574 991 1642 iusto,
1025 1570 1081 1625 id
1110 1577 1210 1641 est,
1261 1569 1350 1625 vel
1395 1569 1515 1626 vice
1544 1570 1634 1625 vel
1680 1584 1848 1625 causa
1866 1568 2018 1638 justi.

2118 424 2229 471 tum
2250 415 2473 483 factum,
2494 424 2546 471 et
2565 424 2962 489 consequenter
2978 435 3081 490 per
3098 423 3397 491 peccatum
3425 419 3585 474 unius
3605 419 3712 474 ho-

2116 504 2278 560 minis
2319 505 2541 561 intravit
2581 522 2763 572 mors,
2812 513 2865 561 et
2902 494 3204 577 corpdralis
3246 515 3299 563 et
3328 507 3624 579 spiritualis
3655 508 3714 562 in

2119 593 2365 649 eumdem
2387 593 2662 649 hominem
2696 610 2708 648 :
2742 598 2799 651 et
2828 596 2913 651 ita
2931 595 2999 649 ab
3020 611 3085 651 eo
3102 598 3443 669 pertransiit
3473 614 3620 653 mors
3651 598 3716 652 in

2119 698 2310 738 omnes
2333 681 2607 738 homines.
2629 683 2697 737 Et
2725 683 2917 739 merito
2946 684 3014 738 ab
3046 699 3112 739 eo
3140 684 3197 738 in
3226 700 3436 756 omnes,
3470 686 3596 757 quia
3618 686 3708 742 hic

2119 770 2217 825 fuit
2244 773 2307 826 in
2336 787 2440 843 quo
2454 775 2828 843 peccaverunt
2860 788 3072 829 omnes.
3098 773 3158 826 In
3186 772 3382 828 lumbis
3414 772 3559 828 enim
3575 773 3710 829 Adae

2118 867 2231 915 tota
2258 859 2348 913 illa
2378 874 2563 915 massa
2590 860 2809 914 humani
2854 860 3076 933 generis
3106 870 3334 932 peccato
3381 862 3710 932 praevarica-

2120 948 2281 1003 tionis
2330 954 2582 1019 corrupta
2633 956 2735 1003 est.
2774 947 3010 1018 Quidam
3053 950 3380 1020 protendunt
3408 950 3551 1006 hunc
3580 967 3714 1006 ver-

2121 1052 2263 1103 sum,
2296 1052 2470 1108 usque
2500 1036 2569 1091 ad
2597 1036 2733 1091 illud
2760 1036 2924 1110 longe
2955 1037 3183 1093 inferius
3214 1055 3226 1095 :
3262 1038 3426 1111 igitur
3446 1039 3583 1095 sicut
3612 1055 3711 1109 per

2121 1125 2301 1191 unius,
2332 1133 2437 1181 etc.
2488 1124 2597 1180 Sed
2648 1125 2789 1181 sicut
2831 1126 3202 1196 exposuimus,
3238 1127 3367 1181 satis
3396 1127 3706 1183 abbreviari

2121 1220 2317 1284 potest.
2355 1214 2492 1268 Vere
2521 1229 2713 1269 omnes
2735 1223 3098 1285 peccaverunt
3130 1215 3185 1269 in
3203 1216 3397 1284 Adam,
3460 1216 3561 1271 etsi
3589 1224 3717 1271 ante

2121 1301 2303 1375 legem
2332 1300 2443 1357 fere
2472 1302 2540 1356 ab
2569 1303 2820 1358 omnibus
2858 1304 2964 1359 hoc
3013 1303 3375 1376 ignoraretur.
3409 1307 3717 1361 Peccatum

2122 1391 2276 1446 enim
2305 1394 2431 1446 erat
2452 1391 2515 1445 in
2538 1392 2744 1448 mundo
2766 1391 2835 1446 ab
2862 1392 3038 1447 Adam
3068 1408 3243 1465 usque
3272 1392 3345 1448 ad
3377 1394 3571 1463 legem.
3605 1393 3718 1449 Sed

2120 1480 2247 1535 licet
2274 1480 2350 1534 ita
2379 1487 2541 1547 esset,
2574 1486 2755 1535 tamen
2783 1481 2886 1536 hoc
2918 1485 3214 1553 peccatum
3244 1497 3360 1537 non
3388 1482 3715 1553 imputaba-

2125 1572 2238 1636 tur,
2261 1569 2317 1623 id
2344 1576 2444 1636 est,
2468 1584 2631 1624 nemo
2653 1584 2778 1624 reus
2799 1584 2900 1639 pro
2934 1568 3188 1641 originali
3231 1569 3575 1639 judicabatur
3589 1576 3716 1625 ante

426 1662 583 1719 Unde
613 1676 871 1733 magnum
927 1659 1055 1732 quid
1086 1674 1209 1714 esse
1240 1665 1451 1714 constat
1485 1658 1777 1725 Christum,
1813 1657 1905 1729 qui
1932 1673 2021 1712 re-
2041 1687 2094 1747 B
2123 1658 2367 1729 Moysen,
2410 1675 2540 1713 cum
2590 1658 2685 1713 lex
2707 1674 2822 1714 non
2850 1662 3017 1728 esset,
3052 1674 3191 1729 quae,
3225 1666 3513 1729 postquam
3542 1658 3711 1728 venit,

433 1758 619 1822 spectu
658 1749 881 1820 justitiae
928 1764 1040 1804 suae
1061 1762 1170 1802 non
1217 1746 1510 1801 moriturus
1552 1754 1688 1815 erat,
1738 1746 1879 1801 mori
1920 1762 2022 1817 pro

430 1838 650 1910 impiis?
678 1838 806 1893 Ideo
835 1837 959 1893 dico
980 1836 1069 1893 vix
1097 1836 1333 1908 aliquem
1362 1835 1503 1890 mori
1547 1851 1646 1906 pro
1671 1835 1815 1904 justo
1842 1850 1854 1889 :
1885 1853 2023 1890 nam

430 1928 675 2000 forsitan
703 1928 907 1999 aliquis
928 1925 1140 1981 audeat
1196 1926 1344 1980 mori
1360 1941 1465 1996 pro
1480 1925 1638 1980 bono.
1672 1923 1813 1993 Quia
1842 1923 1889 1977 si
1917 1924 2022 1978 du-

435 2016 607 2071 bietas
650 2022 733 2070 est
778 2023 964 2070 utrum
994 2014 1115 2086 quis
1142 2012 1406 2068 moriatur
1432 2027 1534 2083 pro
1563 2012 1728 2079 bono,
1760 2027 2024 2083 magnum

429 2104 530 2160 fuit
555 2103 698 2160 mori
724 2102 997 2159 Christum
1031 2102 1180 2173 pium
1207 2116 1305 2172 pro
1334 2100 1521 2171 impio.
1571 2100 1670 2156 Vix
1699 2100 1892 2172 aliquis
1920 2115 2021 2155 au-

430 2194 558 2249 deat
585 2192 722 2248 mori
750 2182 851 2264 pro
874 2192 1041 2261 justo;
1101 2191 1200 2245 sed
1247 2188 1495 2245 Christus
1539 2204 1642 2260 pro
1681 2189 1839 2245 nobis
1867 2204 2021 2243 mor-

430 2290 554 2338 tuus
585 2290 684 2351 est,
720 2289 771 2336 et
797 2296 895 2353 per
911 2282 1017 2336 hoc
1035 2279 1524 2335 commendabilem
1545 2278 1671 2334 facit
1689 2280 1834 2334 Deus
1859 2294 2020 2334 suam

426 2370 770 2429 charitatem
801 2372 863 2425 in
892 2370 1047 2427 nobis
1076 2388 1094 2425 :
1123 2370 1389 2442 quoniam
1418 2367 1466 2422 si
1494 2384 1623 2423 cum
1654 2368 1837 2424 adhuc
1885 2383 2024 2423 esse-

427 2476 557 2517 mus
583 2463 925 2533 peccatores,
975 2461 1231 2515 mortuus
1277 2461 1364 2513 est
1395 2456 1670 2526 Christus,
1739 2456 1886 2527 quod
1914 2464 2023 2511 tam

431 2548 648 2604 difficile
677 2555 729 2603 et
753 2546 1050 2603 indebitum
1079 2544 1194 2613 fuit,
1221 2547 1398 2614 justus
1414 2562 1515 2618 pro
1535 2546 1692 2602 nobis
1719 2544 2024 2616 peccatori-

432 2637 556 2704 bus;
589 2638 784 2709 igitur,
817 2636 870 2690 id
901 2642 984 2690 est
1029 2641 1338 2706 propterea,
1367 2636 1553 2689 multo
1581 2636 1763 2705 magis
1796 2633 2023 2689 creden-

434 2728 565 2784 dum
593 2732 677 2780 est
706 2724 848 2796 quod
869 2739 970 2778 nos
989 2723 1301 2795 justiﬁcati
1326 2739 1502 2788 nunc,
1536 2722 1625 2793 qui
1654 2721 1805 2792 prius
1832 2737 2025 2793 pecca-

431 2824 581 2872 tores
608 2829 843 2882 eramus,
875 2813 938 2867 in
955 2812 1233 2882 sanguine
1253 2813 1452 2883 ipsius,
1478 2810 1535 2865 id
1564 2818 1647 2865 est
1676 2826 1773 2880 per
1801 2809 2021 2866 effusio-

431 2920 561 2960 nem
571 2900 852 2974 sanguinis
868 2900 1002 2969 ejus,
1017 2901 1162 2955 salvi
1175 2900 1407 2965 erimus,
1422 2898 1635 2953 liberati
1646 2899 1712 2954 ab
1723 2900 1811 2953 ira
1822 2916 1924 2971 per
1938 2902 2025 2971 ip-

430 3010 579 3059 sum,
612 3007 772 3063 quem
800 2989 1029 3060 amplius
1057 3004 1169 3044 non
1195 2995 1404 3059 oportet
1434 3004 1464 3042 a
1492 2995 1631 3042 statu
1661 3004 1760 3043 suo
1801 2988 2018 3059 mutari,

429 3041 755 3149 utinqualndo
785 3041 1294 3145 prorpeceatoribus
1322 3079 1555 3127 mortem
1585 3072 1767 3127 subiit.
1800 3072 1869 3126 Et
1891 3041 2020 3143 quia
2043 3041 2089 3102 Ο

428 3181 718 3238 possemus
730 3160 1034 3233 justificari,
1058 3176 1160 3217 nec
1191 3169 1368 3216 tamen
1402 3176 1594 3232 pacem
1626 3161 1898 3232 perditam
1929 3176 2022 3216 re-

428 3269 694 3325 cuperare
722 3267 844 3308 cum
874 3252 1009 3318 Deo,
1028 3249 1101 3305 ait
1132 3266 1145 3305 :
1178 3251 1321 3305 Vere
1335 3248 1614 3318 justificati
1631 3249 1768 3305 salvi
1796 3249 2018 3316 erimus,

435 3343 565 3398 dum
590 3343 704 3412 jam
746 3338 1146 3410 justificationis
1175 3338 1432 3393 meritum
1461 3338 1873 3409 praetendimus,
1898 3338 2021 3410 quia

431 3448 562 3488 eum
581 3430 809 3486 inimici
827 3444 1095 3494 essemus,
1126 3434 1179 3483 et
1198 3427 1451 3483 meritum
1472 3427 1835 3483 damnationis
1856 3428 2021 3483 hahe-

423 3536 629 3586 remus,
654 3534 849 3575 sumus
869 3517 1224 3574 reconciliati
1245 3519 1353 3573 Deo
1366 3532 1469 3588 per
1488 3533 1602 3572 rem
1630 3524 1741 3571 tam
1769 3532 2015 3588 gravem,

427 3616 485 3665 ut
512 3611 754 3666 mortem
782 3608 917 3663 Filii
937 3608 1078 3669 eius.
1102 3605 1219 3660 Etsi
1237 3605 1390 3676 prius
1415 3605 1639 3671 inimici,
1660 3604 1822 3659 modo
1843 3612 2017 3659 morte

427 3697 548 3753 Filii
577 3696 694 3765 ejus
715 3710 902 3750 sumus
939 3693 1293 3761 reconciliati,
1344 3695 1525 3749 multo
1572 3695 1753 3764 magis
1781 3693 2017 3748 creden-

427 3786 557 3840 dum
587 3792 669 3839 est
697 3783 844 3855 quod
873 3798 975 3837 nos
996 3782 1371 3850 reconciliati,
1404 3789 1457 3836 et
1471 3782 1581 3850 jam
1612 3781 2015 3853 quodammodo

423 3873 653 3928 salutem
732 3870 1033 3943 promeriti,
1094 3871 1237 3925 salvi
1283 3872 1515 3926 erimus.
1571 3871 1640 3925 Et
1669 3871 1801 3925 satis
1828 3870 2019 3926 leviter

426 3961 659 4017 salvabit
705 3975 808 4015 nos
834 3977 847 4014 :
871 3959 995 4031 quia
1042 3961 1108 4015 in
1150 3961 1271 4015 vita
1310 3960 1509 4032 ipsius.
1561 3959 1685 4014 Non
1731 3958 1874 4015 enim
1899 3960 2013 4029 jam

426 4057 642 4122 oportet
684 4064 810 4104 eum
838 4047 999 4113 mori,
1053 4047 1194 4103 sicut
1223 4046 1392 4118 prius.
1435 4047 1904 4103 Considerandum
1933 4056 2015 4104 est

425 4138 695 4211 quomodo
725 4136 938 4209 singula
964 4136 1193 4207 singulis
1222 4144 1475 4207 Opponat.
1500 4137 1825 4192 Peccatores
1849 4137 2013 4207 justi-

423 4226 590 4293 ﬁcati,
614 4225 818 4281 inimici
874 4223 1228 4290 reconciliati,
1259 4240 1358 4295 per
1385 4232 1618 4280 mortem
1643 4225 1698 4279 in
1730 4225 1859 4292 vita,
1896 4242 2012 4282 non

2122 1754 2403 1817 peccatum
2434 1747 2537 1801 hoc
2564 1745 2835 1817 patefecit,
2868 1746 2954 1803 vel
2980 1746 3226 1802 dicamus
3255 1746 3309 1800 in
3344 1754 3474 1802 toto.
3508 1748 3714 1802 Pecca-

2120 1841 2234 1888 tum
2262 1835 2368 1890 hoc
2406 1834 2626 1906 quidem
2645 1842 2761 1889 erat
2787 1834 2839 1888 in
2861 1835 3067 1889 mundo
3090 1842 3216 1889 ante
3236 1835 3436 1907 legem,
3470 1836 3566 1889 sed
3588 1834 3714 1890 ideo

2122 1914 2490 1989 nesciebatur,
2567 1922 2693 1993 quia
2743 1922 2948 1977 nullum
2995 1930 3278 1993 peccatum
3333 1923 3711 1993 imputabatur,

2122 2027 2244 2067 cum
2273 2011 2360 2066 lex
2406 2027 2514 2066 non
2546 2018 2708 2066 esset.
2741 2012 2807 2065 Et
2834 2011 2960 2066 licet
2987 2018 3267 2081 peccatum
3308 2011 3572 2085 originale
3589 2020 3716 2067 ante

2120 2099 2303 2173 legem
2332 2116 2442 2155 non
2471 2100 2850 2171 imputaretur,
2884 2107 3065 2155 tamen
3093 2116 3195 2171 per
3222 2101 3328 2156 hoc
3357 2100 3490 2155 satis
3520 2101 3715 2172 digno-

2124 2189 2201 2244 sci
2232 2196 2410 2259 potest
2441 2189 2567 2260 quia
2598 2184 2744 2244 mors
2770 2188 3093 2259 corporalis,
3139 2205 3259 2260 quae
3288 2205 3449 2260 prima
3482 2189 3581 2243 fuit
3617 2204 3716 2260 pro

2123 2277 2398 2351 originali,
2449 2276 2541 2331 illa
2583 2277 2829 2348 regnavit
2865 2277 3241 2348 praemittendo
3270 2286 3395 2333 ante
3424 2294 3484 2333 se
3522 2294 3714 2334 omnes

2122 2366 2370 2421 miserias
2400 2382 2548 2431 suas,
2583 2366 2746 2433 sitim,
2780 2365 3000 2433 famem,
3043 2365 3246 2431 febres,
3280 2375 3333 2422 et
3360 2374 3574 2423 caetera.
3607 2371 3715 2424 Re-

2122 2456 2339 2527 gnavit,
2370 2455 2608 2527 inquam,
2641 2456 2709 2511 ab
2739 2456 2913 2511 Adam
2944 2472 3115 2528 usque
3143 2456 3214 2511 ad
3245 2457 3479 2528 Moysen,
3503 2472 3610 2512 non
3632 2472 3715 2512 so-

2122 2543 2234 2599 lum
2271 2544 2325 2598 in
2358 2560 2452 2599 eos
2482 2544 2574 2616 qui
2595 2543 2846 2616 originali
2875 2551 3100 2615 peccato
3132 2560 3231 2599 sua
3260 2553 3483 2615 peccata
3513 2546 3712 2615 adjun-

2125 2641 2335 2699 xerunt,
2388 2634 2485 2688 sed
2538 2634 2714 2689 etiam
2760 2633 2823 2687 in
2855 2649 2942 2689 eos
2970 2635 3067 2705 qui
3086 2650 3200 2689 non
3220 2639 3612 2705 peccaverunt.
3645 2635 3711 2690 In

2124 2722 2563 2778 similitudinem
2620 2723 3107 2794 praevaricationis
3138 2721 3288 2791 Adae,
3321 2722 3377 2776 id
3398 2733 3496 2788 est,
3532 2722 3623 2793 qui
3645 2740 3713 2778 ex

2122 2818 2280 2881 parte
2318 2800 2571 2866 sua'non
2614 2810 2862 2865 similiter
2911 2810 3253 2881 praevaricati
3282 2817 3424 2876 sunt,
3464 2811 3620 2868 32
3650 2819 3710 2866 ut

2122 2899 2314 2953 Adam.
2342 2899 2409 2953 Ili
2437 2906 2560 2953 sunt
2588 2899 2802 2969 parvuli
2824 2898 2913 2970 qui
2943 2915 3052 2954 non
3071 2899 3315 2954 habuere
3345 2907 3559 2970 tempus
3589 2916 3711 2971 pec-

2123 2987 2301 3053 candi,
2335 2988 2432 3043 sed
2463 2988 2804 3043 solummodo
2835 2988 2904 3042 de
2931 2987 3184 3060 originali
3227 2996 3352 3042 sunt
3378 2987 3569 3058 puniti.
3606 2990 3714 3056 Qui

2122 3075 2291 3129 Adam
2326 3080 2411 3131 est
2439 3080 2626 3147 forma
2671 3077 2860 3147 futuri
2908 3076 3059 3144 Adae,
3092 3076 3147 3130 id
3177 3083 3259 3131 est
3288 3076 3501 3131 Christi.
3535 3077 3712 3132 Adam

2122 3162 2296 3219 forma
2327 3164 2524 3219 Christi
2555 3163 2672 3232 fuit,
2706 3164 2851 3236 quia,
2888 3163 3024 3219 sicut
3060 3164 3150 3219 ille
3178 3172 3332 3235 pater
3360 3172 3441 3218 est
3470 3164 3711 3220 omnium

2122 3253 2423 3309 secundum
2470 3268 2715 3318 carnem,
2750 3253 2829 3308 sic
2868 3252 3117 3308 Christus
3161 3262 3317 3324 pater
3346 3252 3587 3308 fidelium
3615 3271 3711 3310 se-

2121 3341 2358 3397 cundum
2416 3340 2605 3397 fidem.
2660 3343 2724 3396 Et
2756 3341 2892 3397 sicut
2941 3358 3006 3397 ex
3035 3342 3205 3397 latere
3235 3342 3368 3398 Adae
3396 3343 3710 3399 dormientis

2120 3429 2345 3485 formata
2374 3438 2457 3486 est
2483 3432 2618 3499 Eva,
2647 3430 2726 3486 sic
2752 3447 2817 3485 ex
2840 3430 3008 3486 latere
3029 3430 3228 3486 Christi
3250 3431 3487 3501 soporati
3518 3448 3711 3488 somno

2119 3519 2310 3574 mortis
2338 3520 2394 3573 in
2425 3534 2588 3575 cruce
2609 3517 2871 3576 fabricata
2891 3528 2973 3575 est
3002 3519 3268 3575 Ecclesia.
3295 3521 3357 3574 Et
3386 3520 3510 3576 ideo
3541 3521 3711 3575 Adam

2118 3606 2295 3662 forma
2325 3607 2546 3674 Christi,
2579 3608 2707 3678 quia
2736 3610 2883 3664 Deus
2913 3609 3151 3664 decrev1t
3191 3624 3292 3678 per
3320 3625 3483 3663 unum
3517 3608 3709 3665 Chris-

2118 3703 2228 3750 tum
2274 3695 2587 3763 emendare,
2635 3698 2781 3768 quod
2821 3714 2922 3768 per
2979 3714 3145 3751 unum
3215 3698 3387 3751 Adam
3424 3706 3713 3767 peccatum

2118 3791 2218 3839 est.
2273 3784 2370 3839 Vel
2412 3784 2491 3840 sic
2536 3784 2781 3857 legamus
2810 3786 3110 3842 secundum
3137 3785 3485 3841 Ambrosium
3519 3804 3531 3842 :
3566 3788 3710 3842 Vere

2116 3889 2308 3928 omnes
2336 3882 2700 3944 peccaverunt
2726 3873 2783 3928 in
2830 3875 3022 3941 Adam;
3050 3892 3173 3929 nam
3212 3873 3479 3947 originale
3500 3890 3706 3944 pecca-

2115 3971 2225 4016 tum
2256 3962 2454 4017 eratin
2509 3963 2712 4018 mundo
2765 3979 2938 4033 usque
2997 3963 3067 4017 ad
3115 3963 3318 4033 legem.
3355 3962 3464 4018 Sed
3491 3962 3620 4018 licet
3650 3963 3705 4017 in

2114 4051 2319 4105 mundo
2367 4059 2530 4117 esset,
2581 4059 2760 4105 tamen
2804 4066 2911 4105 non
2940 4051 3305 4122 imputabatur
3344 4051 3476 4105 illud
3504 4066 3709 4121 pecca-

2116 4147 2248 4205 tum;
2282 4139 2409 4210 quia
2436 4139 2523 4194 lex
2552 4155 2662 4194 non
2694 4148 2840 4194 esset
2870 4156 2990 4211 qum
3020 4149 3303 4210 peccatum
3334 4141 3440 4195 hoc
3468 4139 3709 4194 insinua-

2113 4235 2195 4282 ret
2228 4245 2241 4281 :
2274 4228 2371 4283 sed
2421 4228 2547 4283 licet
2582 4227 2885 4284 nesciretur
2930 4229 3033 4284 hoc
3062 4237 3363 4299 peccatum,
3396 4236 3579 4283 tamen
3606 4244 3707 4299 pro

424 4318 608 4373 solum
638 4314 864 4370 salutem
895 4313 1131 4369 futuram
1161 4321 1559 4383 exspectamus,
1593 4314 1688 4369 sed
1717 4316 1892 4371 etiam
1915 4330 2011 4385 spe
2111 4331 2277 4385 paena
2323 4317 2484 4384 hujus
2512 4316 2722 4386 peccati
2775 4317 3020 4388 regnavit
3049 4333 3201 4373 mors
3230 4317 3300 4371 ab
3331 4317 3499 4372 Adam
3532 4333 3707 4388 usque

424 4412 478 4459 et
505 4403 707 4477 gaudio
734 4402 878 4481 illius
908 4402 1222 4473 gloriamur
1249 4403 1313 4457 in
1350 4403 1545 4469 Deum,
1579 4402 1738 4457 etiam
1768 4403 1894 4458 dum
1924 4404 2012 4459 hic
2031 4394 2084 4453 D
2111 4404 2181 4458 ad
2225 4405 2468 4475 Moysen,
2519 4420 2626 4460 non
2659 4404 2831 4460 solum
2860 4404 2915 4458 in
2945 4420 3040 4460 eos
3072 4406 3164 4477 qui
3191 4406 3259 4461 de
3289 4406 3587 4461 actualibus
3609 4422 3704 4460 re-

422 4508 648 4548 sumus:
682 4491 1000 4564 gloriamur,
1053 4490 1241 4562 inquit,
1289 4506 1392 4562 per
1420 4491 1723 4547 Dominum
1751 4496 2014 4548 nostrum
2112 4493 2215 4547 bus
2242 4500 2621 4563 peccaverunt,
2656 4493 2753 4549 sed
2783 4493 2944 4548 etiam
2974 4493 3031 4547 in
3076 4509 3172 4549 eos
3201 4494 3294 4566 qui
3339 4501 3706 4565 peccaverunt

416 4583 609 4638 Iesum
642 4579 945 4646 Christum,
967 4596 1069 4651 per
1098 4595 1263 4651 quem
1285 4595 1440 4635 nunc
1499 4579 1662 4649 paulo
1694 4586 1818 4635 ante
1848 4596 2011 4637 acce-
2110 4581 2166 4635 in
2209 4581 2615 4636 similitudinem
2657 4581 3124 4652 praevaricationis
3170 4584 3322 4648 Adae,
3379 4582 3433 4637 id
3483 4590 3566 4637 est
3610 4583 3705 4655 qui

420 4672 607 4743 pimus
636 4668 842 4724 inimici
870 4668 1396 4725 reconciliationem
1417 4668 1486 4722 ad
1516 4668 1716 4723 Deum.

490 4758 807 4829 Opponeret
852 4756 1049 4828 aliquis
1083 4774 1096 4811 :
1131 4756 1377 4811 Christus
1431 4755 1652 4827 quidem
1680 4756 1811 4811 satis
1833 4757 2009 4826 justus

415 4844 535 4911 fuit,
568 4845 664 4901 sed
693 4860 803 4900 non
850 4844 1065 4900 videtur
1085 4844 1290 4913 justitia
1320 4845 1437 4913 ejus
1470 4843 1745 4900 sufficiens
1793 4846 1862 4900 ad
1892 4845 2006 4900 sal-

416 4933 689 4989 vationem
718 4932 980 4989 omnium.
1014 4932 1171 5001 Quod
1202 4932 1494 5003 Apostolus
1522 4933 1735 5002 probat,
1768 4933 1956 4989 dicens
1989 4950 2002 4988 :

415 5022 551 5077 Cum
578 5037 675 5092 per
728 5021 888 5076 unius
931 5020 1353 5077 inohedientiam
1407 5020 1585 5075 omnis
1624 5021 1786 5076 homo
1817 5022 2004 5093 lapsus

411 5110 500 5176 sit,
547 5109 772 5182 dignum
820 5117 875 5164 et
921 5126 1074 5181 aeque
1122 5117 1490 5181 comparatum
1552 5108 1787 5176 videtur,
1817 5119 1874 5165 ut
1901 5127 2002 5182 per

403 5197 564 5253 unius
591 5198 956 5253 obedientiam
988 5198 1175 5268 lapsus
1197 5198 1416 5252 humani
1439 5197 1664 5269 generis
1694 5206 1995 5268 reparetur,

400 5303 502 5358 per
537 5287 721 5341 Jesum
753 5286 950 5341 solum.
988 5289 1291 5358 Propterea
1343 5284 1685 5340 reconciliari
1727 5286 1998 5356 potuimus

405 5376 474 5429 ad
506 5374 879 5441 salvationem,
900 5376 1051 5430 sicut
1080 5389 1182 5444 per
1209 5388 1392 5427 unum
1422 5372 1705 5428 hominem
1727 5377 1992 5444 intravit,

405 5478 517 5519 non
536 5463 840 5520 immissum
861 5478 895 5519 a
912 5464 1049 5530 Deo,
1073 5460 1171 5517 sed
1182 5460 1411 5535 quadam
1428 5460 1682 5520 violentia
1696 5468 1995 5537 peccatum

2109 4685 2207 4740 pro
2252 4670 2368 4724 sola
2416 4670 2764 4725 similitudine
2799 4688 2811 4726 :
2842 4670 2969 4742 quia
2999 4670 3214 4726 fuerunt
3245 4671 3338 4725 filii
3367 4671 3703 4742 prmvarica-

2107 4758 2241 4813 toris
2270 4759 2402 4813 Adae
2429 4758 2668 4814 damnati
2697 4767 2842 4813 sunt.
2878 4758 3128 4814 Ostendit
3151 4760 3398 4830 superius
3426 4759 3702 4814 Christum

2105 4863 2272 4901 unum
2296 4845 2652 4902 sufficientem
2674 4863 2797 4902 esse
2820 4846 2890 4902 ad
2910 4847 3264 4903 salvationem
3285 4847 3549 4914 omnium,
3574 4848 3699 4920 quia

2106 4934 2254 4989 solus
2270 4935 2444 4989 Adam
2476 4935 2749 4990 sufficiens
2788 4934 2884 4990 fuit
2928 4937 2999 4990 ad
3036 4936 3401 5006 perditionem
3430 4937 3693 4992 omnium.

2101 5023 2170 5077 Et
2216 5022 2355 5078 sicut
2404 5039 2695 5092 personam
2735 5023 2934 5078 Christi
2981 5040 3232 5094 persona;
3277 5024 3409 5080 Adae
3439 5024 3686 5089 contulit,

2101 5110 2179 5165 sic
2234 5126 2455 5167 causam
2511 5111 2726 5179 Christi,
2787 5111 2842 5166 id
2889 5119 2973 5167 est
3029 5112 3417 5178 obedientiam,
3469 5113 3695 5184 opponit

2099 5214 2279 5254 causae
2346 5198 2496 5265 Adae,
2557 5216 2678 5270 quae
2735 5208 2817 5254 est
2873 5200 3262 5267 inobedientia;
3326 5209 3378 5257 et
3437 5200 3690 5257 effectum

2098 5301 2280 5343 causae
2331 5287 2550 5355 Christi,
2600 5287 2656 5341 id
2706 5296 2787 5343 est
2828 5286 3270 5357 justificationem
3299 5289 3352 5342 in
3382 5289 3689 5359 praesenti:

2096 5384 2150 5430 et
2213 5376 2375 5433 vitam
2446 5383 2703 5431 aeternam
2771 5377 2827 5430 in
2896 5377 3097 5442 futuro,
3177 5377 3399 5448 opponit
3471 5376 3688 5435 effectui

2095 5462 2258 5533 illius,
2292 5464 2350 5522 id
2381 5472 2464 5522 est
2490 5464 2652 5522 morti
2673 5465 2975 5538 temporali,
3014 5473 3066 5523 et
3093 5473 3310 5522 aeterna
3334 5466 3691 5538 damnationi,
