3960 6036
246 209 312 261 53
900 205 1281 263 EXPOSITIO
1321 206 1395 261 IN
1430 204 1809 262 EPISTOLAS
1851 205 2071 260 PAULI.
2104 237 2171 245 —
2201 207 2274 261 IN
2310 206 2528 261 EPIST.
2573 208 2666 261 AD
2706 205 2874 262 ROM.
3465 208 3531 262 54

252 333 453 389 Probat
471 333 633 388 etiam
650 332 1093 405 gratiamChristi
1115 332 1279 404 longe
1301 331 1533 402 amplius
1568 330 1842 385 abundare
1863 332 1918 391 A
1946 338 2324 400 peccatorum,
2386 332 2577 403 quibus
2634 332 2869 385 naturali
2926 330 3133 386 ratione
3184 331 3331 401 (licet
3359 329 3528 384 multa

256 430 485 493 peccato
515 423 666 477 Adae.
701 423 835 477 Cum
866 422 1005 477 enim
1040 422 1109 475 ab
1139 422 1314 475 Adam
1345 419 1611 491 originale
1640 427 1849 473 tantum

260 511 661 577 contraximus,
707 511 882 583 gratia
928 510 1129 565 Christi
1187 525 1295 562 non
1342 509 1514 563 solum
1559 507 1845 579 originale,

257 600 357 653 sed
386 616 510 654 cum
532 616 595 654 eo
618 615 953 671 quaecunque
975 598 1207 654 actualia
1236 597 1439 651 dimisit
1471 596 1524 650 in
1556 596 1845 666 baptismo.

259 688 464 742 Littera
494 688 571 743 sic
595 688 839 760 jungitur
866 705 879 741 :
912 688 1085 741 Adam
1134 695 1287 741 vetus
1338 686 1512 740 forma
1560 684 1655 739 fuit
1686 683 1851 738 futuri

256 776 432 841 Adae;
466 776 562 830 sed
588 777 714 832 licet
744 792 852 830 una
896 791 1128 845 persona
1158 775 1250 828 uni
1280 782 1423 829 esset
1469 774 1732 843 opposita,
1766 780 1850 825 ta-

260 879 390 918 men
419 880 595 919 causae
634 872 756 919 sunt
786 863 1096 918 dissimiles.
1120 864 1237 918 Non
1262 862 1402 917 enim
1435 863 1583 915 sicut
1618 861 1713 914 fuit
1752 860 1850 915 de-

265 954 473 1007 lictum
494 953 647 1018 Ade,
680 955 763 1007 ita
796 960 876 1007 est
897 952 1056 1006 etiam
1078 951 1285 1007 donum
1308 951 1405 1004 Dei
1429 964 1547 1020 qua}
1564 948 1849 1019 estgratia.

264 1042 405 1096 Vere
436 1057 543 1095 non
574 1042 654 1096 sic
684 1040 782 1095 fuit
813 1042 1014 1095 donum
1054 1040 1270 1107 Christi,
1302 1046 1360 1093 ut
1388 1038 1640 1092 delictum
1672 1038 1803 1091 Adae
1837 1050 1849 1089 :

262 1144 391 1183 nam
428 1130 629 1183 donum
671 1129 874 1184 Christi
902 1128 1071 1182 multo
1101 1127 1279 1198 magis
1333 1126 1628 1181 abundavit
1689 1141 1854 1194 super

263 1217 523 1273 delictum
554 1218 704 1282 Adae,
740 1218 861 1289 quia
891 1216 1145 1272 delictum
1176 1232 1338 1269 unum
1372 1214 1467 1268 fuit
1511 1214 1655 1285 quod
1686 1228 1853 1269 voca-

261 1323 383 1359 mus
415 1306 682 1376 originale
708 1325 721 1370 ;
755 1306 1000 1360 Christus
1031 1312 1209 1359 autem
1240 1312 1293 1358 et
1321 1302 1589 1375 originale
1618 1310 1671 1355 et
1701 1317 1853 1371 quaa-

265 1410 485 1465 cunque
516 1394 751 1449 actualia
770 1394 991 1448 dimisit.
1018 1394 1083 1447 Et
1108 1393 1301 1462 probat
1335 1409 1348 1446 :
1382 1392 1521 1445 Vere
1545 1388 1857 1444 solusChri—

263 1491 383 1537 stus
414 1481 689 1538 sufﬁciens
719 1482 817 1536 fuit
845 1483 913 1536 ad
946 1479 1383 1550 justificationem
1413 1478 1679 1533 omnium.
1717 1478 1855 1531 Nam

264 1573 317 1625 si
339 1571 568 1635 delicto,
601 1571 655 1624 id
686 1579 768 1625 est
822 1586 922 1641 per
959 1570 1232 1635 delictum,
1268 1570 1441 1622 unius
1472 1567 1621 1627 Adae,
1676 1572 1727 1620 et
1757 1581 1857 1635 per

266 1675 437 1712 unum
465 1659 634 1730 (quod
680 1659 732 1712 in
772 1658 1123 1728 sequentibus
1160 1656 1373 1727 plenius
1430 1652 1850 1721 determinabit),
1879 1691 1930 1749 B

264 1747 320 1801 id
351 1755 435 1802 est
466 1765 564 1817 per
590 1747 1013 1801 inobedientiam
1048 1762 1059 1801 :
1095 1746 1140 1799 si
1168 1762 1268 1815 per
1310 1746 1432 1809 hoc,
1468 1742 1657 1815 inquit,
1693 1757 1858 1795 unum

266 1836 531 1892 delictum
606 1837 775 1906 (quod
820 1835 1083 1907 originale
1124 1832 1405 1901 vocamus)
1435 1832 1589 1886 multi
1638 1838 1860 1901 peccato

267 1926 473 1980 mortui
526 1932 668 1989 sunt,
721 1923 1107 1979 contrahentes
1150 1921 1283 1975 illud
1326 1920 1595 1992 originale
1625 1936 1654 1972 a
1684 1918 1860 1989 primo

268 2023 431 2085 patre
461 2013 638 2081 (multi
670 2028 778 2066 non
812 2012 935 2066 ideo
967 2011 1114 2075 dicit,
1151 2011 1279 2081 quin
1308 2025 1499 2064 omnes
1520 2010 1621 2062 hoc
1638 2014 1862 2077 peccato

266 2102 452 2173 pressi
480 2101 605 2167 sint,
631 2100 729 2155 sed
753 2116 859 2154 non
890 2115 1078 2154 omnes
1110 2099 1163 2152 in
1196 2114 1260 2153 eo
1280 2098 1644 2167 perdurantes
1662 2094 1863 2150 detenti

270 2198 418 2256 sunt,
450 2189 792 2259 deponentes
814 2187 947 2242 illud
977 2186 1243 2257 originale
1274 2202 1373 2255 per
1402 2193 1678 2255 acceptam
1701 2181 1863 2237 ﬁdem

268 2278 493 2346 Christi)
522 2296 533 2330 :
561 2278 625 2342 si,
658 2277 849 2347 inquit,
884 2292 983 2346 per
1009 2292 1173 2329 unum
1215 2274 1470 2330 delictum
1492 2273 1671 2335 unius,
1692 2272 1865 2326 multi

266 2369 486 2423 mortui
501 2370 656 2429 sunt,
683 2366 864 2421 multo
885 2365 1062 2434 magis
1084 2363 1383 2418 secundum
1405 2360 1721 2431 dignitatem
1740 2375 1865 2429 per-

268 2471 421 2509 sonae
453 2454 652 2508 Christi
682 2462 732 2507 et
762 2469 940 2507 causae
959 2496 974 2518 ,
1008 2451 1298 2506 abundavit
1334 2452 1521 2522 gratia
1552 2450 1669 2513 Dei,
1703 2448 1755 2501 id
1786 2453 1867 2501 est

271 2543 521 2598 remissio
571 2549 945 2612 peccatorum.
1003 2539 1312 2594 Abundavit
1356 2539 1517 2592 etiam
1548 2537 1778 2601 donum,
1812 2534 1866 2588 id

273 2641 357 2685 est
386 2630 762 2686 corroboratio
820 2645 915 2699 per
963 2628 1220 2698 Spiritum
1273 2635 1539 2681 sanctum.
1576 2626 1867 2695 Postquam

271 2720 416 2773 enim
464 2719 695 2773 remissa
742 2725 867 2771 sunt
912 2723 1166 2787 peccata,
1199 2714 1512 2769 necessaria
1561 2721 1685 2766 sunt
1714 2726 1869 2765 arma

272 2807 509 2878 Spiritus
588 2806 778 2869 sancti,
849 2804 1045 2876 quibus
1103 2803 1419 2857 resistamus
1449 2801 1667 2855 diabolo
1724 2799 1867 2854 male

274 2895 545 2949 suadenti.
581 2893 786 2959 Gratia,
816 2892 1007 2963 inquit,
1042 2900 1089 2945 et
1112 2891 1313 2945 donum
1346 2890 1646 2944 abundavit
1674 2890 1733 2943 in
1748 2905 1872 2959 gra-

277 2987 377 3049 tia,
426 2984 483 3036 id
525 2990 607 3036 est
648 2998 744 3052 per
794 2981 1022 3053 gratiam
1068 2979 1241 3034 unius
1293 2979 1554 3034 hominis.
1617 2977 1869 3048 Congrue

1948 426 2104 488 parte
2161 420 2455 490 debilitata)
2505 437 2791 491 possemus
2866 420 3144 474 resistere.
3226 418 3530 474 Videndum

1951 507 2112 560 etiam
2145 508 2305 579 quod,
2341 508 2463 564 licet
2494 510 2547 562 in
2571 516 2794 579 peccato
2824 509 2955 563 Adae
2975 508 3142 562 multa
3169 508 3528 563 consideren-

1953 602 2057 665 tur,
2092 605 2147 649 ut
2176 597 2453 666 superbia,
2486 598 2633 668 gula,
2666 606 2848 652 tamen
2886 613 3052 651 unum
3099 597 3276 651 solum
3300 596 3527 650 dicitur:

1951 684 2073 754 quia
2127 685 2492 740 inobedientia
2521 686 2733 756 probat,
2767 686 2909 755 quod
2941 685 3116 757 gratia
3152 684 3531 753 justiﬁcaverit

1952 787 2025 826 ex
2053 774 2254 827 multis
2286 774 2526 840 delictis,
2562 774 2748 829 dicens
2784 788 2795 826 :
2832 774 2971 827 Vere
3001 790 3098 844 per
3118 773 3354 845 gratiam
3375 772 3535 827 Chri-

1953 859 2021 913 sti
2043 859 2403 927 justiﬁcantur
2430 862 2677 916 homines
2708 878 2772 916 ex
2803 861 2984 915 multis
3012 861 3242 916 delictis.
3276 862 3415 914 Nam
3445 875 3536 916 ac-

1952 956 2105 1017 cepta
2157 948 2359 1016 justitia
2425 949 2591 1021 (quod
2668 950 2841 1018 majus
2890 952 2993 1019 est)
3055 950 3363 1021 regnabant
3410 964 3535 1003 cum

1955 1036 2168 1091 Christo
2198 1037 2251 1089 in
2279 1038 2383 1090 vita
2412 1046 2637 1103 aeterna,
2664 1038 2807 1109 quod
2855 1038 3265 1108 aequipollenter
3294 1038 3386 1091 ait.
3419 1037 3534 1092 Ho-

1954 1125 2129 1178 mines
2163 1125 2492 1195 accipientes
2536 1126 2920 1180 abundantiam
2961 1126 3149 1198 gratiae
3181 1126 3314 1195 ejus,
3350 1126 3403 1179 id
3434 1134 3533 1193 est,

1956 1214 2322 1268 abundantem
2355 1215 2752 1281 remissionem,
2789 1215 2915 1286 quia
2945 1230 3052 1269 non
3084 1214 3261 1268 solum
3291 1214 3537 1285 origina-

1955 1300 2041 1367 lis,
2078 1302 2174 1356 sed
2240 1303 2401 1356 etiam
2450 1303 2687 1357 omnium
2745 1303 3148 1368 actualium;et
3196 1305 3538 1373 accipientes

1957 1389 2369 1445 abundantiam
2401 1392 2741 1457 donationis,
2766 1392 2822 1445 id
2853 1399 2953 1459 est,
2986 1392 3129 1446 dona
3160 1390 3391 1461 Spiritus
3411 1407 3541 1444 san-

1958 1478 2028 1532 cti
2060 1478 2130 1532 ad
2161 1477 2613 1534 confortationem
2633 1481 2688 1533 in
2718 1481 2859 1535 bono
2889 1480 3251 1534 abundantem
3277 1498 3291 1545 ;
3326 1487 3378 1535 et
3405 1478 3545 1535 acci-

1957 1567 2171 1636 pientes
2200 1568 2586 1623 abundantiam
2600 1570 2871 1639 justitia,
2908 1569 2960 1622 id
3000 1577 3100 1635 est,
3146 1569 3307 1637 justas
3351 1584 3543 1639 opera-

1959 1653 2120 1709 tionis
2174 1672 2186 1709 :
2250 1656 2376 1726 quia
2430 1666 2718 1728 postquam
2765 1657 2990 1710 dimissa
3047 1665 3172 1710 sunt
3216 1664 3437 1727 peccata
3494 1663 3547 1711 et

1960 1743 2187 1813 Spiritus
2219 1752 2440 1799 sanctus
2483 1746 2821 1809 corroborat,
2858 1746 2936 1800 sic
2966 1746 3183 1799 demum
3234 1745 3361 1800 licet
3407 1745 3546 1799 bene

1960 1831 2180 1901 operari
2214 1848 2225 1885 :
2258 1833 2394 1897 hzec,
2450 1833 2692 1904 inquam,
2736 1834 3063 1903 accipientes
3121 1834 3547 1903 conregnabunt

1962 1921 2077 1975 Deo
2098 1920 2260 1989 positi
2286 1922 2349 1974 in
2372 1923 2488 1975 vita
2518 1928 2740 1985 aeterna,
2776 1937 2895 1991 quae
2924 1920 3123 1990 omnia,
3149 1930 3201 1975 et
3222 1921 3471 1993 gratiam,
3498 1928 3551 1976 et

1963 2008 2334 2073 donationem,
2368 2016 2419 2064 et
2442 2025 2691 2080 regnum,
2725 2009 2992 2079 accipient
3028 2026 3130 2081 per
3158 2026 3334 2064 unum
3359 2011 3549 2065 Iesum

1966 2096 2275 2152 Christum.
2310 2098 2375 2151 Et
2407 2113 2532 2152 vere
2562 2114 2663 2167 per
2692 2098 2835 2153 hunc
2862 2114 3025 2151 unum
3053 2112 3065 2150 :
3091 2098 3221 2169 quia.
3257 2099 3307 2152 si
3334 2098 3391 2151 in
3411 2097 3555 2152 deli-

1963 2193 2049 2239 cto
2077 2185 2236 2239 unius
2265 2185 2398 2239 Adae
2444 2185 2592 2256 quod
2625 2200 2783 2240 causa
2833 2185 2929 2239 fuit
2976 2185 3316 2256 perditionis,
3350 2201 3552 2258 regna-

1963 2274 2037 2327 vit
2066 2288 2231 2338 mors,
2266 2281 2319 2327 et
2347 2273 2661 2343 temporalis
2710 2282 2760 2328 et
2805 2282 3007 2328 aeterna
3050 2290 3153 2345 per
3199 2290 3380 2329 unum
3409 2274 3556 2329 deli-

1964 2365 2138 2427 ctum,
2175 2361 2229 2415 id
2284 2369 2382 2425 est,
2436 2378 2535 2431 per
2564 2361 3008 2425 inobedientiam,
3042 2361 3209 2416 multo
3239 2361 3417 2433 magis
3463 2377 3556 2416 se-

1966 2449 2201 2503 cundum
2233 2448 2550 2520 dignitatem
2610 2466 2889 2519 persona,
2936 2466 3112 2504 causae
3146 2456 3197 2504 et
3226 2448 3468 2515 affectus,
3502 2448 3558 2504 hi

1968 2538 2056 2607 qui
2088 2545 2210 2591 sunt
2238 2537 2566 2608 accipientes
2615 2538 2999 2592 abundantiam
3030 2538 3248 2609 gratiae,
3302 2537 3553 2592 donatio-

1966 2626 2053 2680 nis
2083 2634 2134 2680 et
2152 2626 2403 2694 justitiae,
2439 2626 2742 2697 regnabunt
2772 2626 2826 2680 in
2857 2626 2963 2681 vita
3001 2643 3098 2696 per
3151 2644 3316 2681 unum
3368 2627 3556 2681 Jesum

1970 2714 2264 2770 Christum.
2316 2714 2585 2784 Quoniam
2645 2716 2864 2787 quidem
2915 2724 2965 2770 et
2996 2715 3288 2770 similitudo
3347 2722 3428 2770 est
3461 2716 3555 2781 ibi,

1970 2803 2096 2873 quia
2124 2804 2299 2857 Adam
2332 2820 2492 2871 unus,
2546 2804 2791 2858 Christus
2849 2821 2989 2858 unus
3024 2819 3035 2857 :
3071 2812 3120 2859 et
3152 2804 3429 2872 majoritas
3468 2819 3562 2858 se-

1970 2892 2206 2947 cundum
2234 2892 2573 2962 dignitatem,
2607 2910 2725 2964 quae
2756 2892 2898 2948 dicta
2946 2901 3029 2947 est
3060 2911 3072 2947 :
3103 2892 3266 2963 igitur
3303 2908 3335 2947 a
3376 2892 3558 2960 simili,

1972 2989 2023 3035 et
2056 2997 2086 3033 a
2113 2981 2304 3049 majori
2353 2982 2550 3036 inferre
2599 2998 2842 3052 possum,
2898 2981 3041 3052 quod
3090 2984 3239 3038 sicut
3266 2998 3368 3053 per
3413 2982 3560 3037 deli-

273 3073 347 3125 ait
405 3087 505 3142 per
549 3070 779 3142 gratiam
813 3086 824 3124 :
873 3069 1001 3139 quia
1056 3068 1513 3138 quemadmodum
1572 3064 1870 3120 contractio
1895 3043 1941 3103 0
1973 3072 2130 3123 ctum
2159 3072 2333 3125 unius
2354 3071 2484 3123 Adae
2506 3069 2781 3141 (delictum
2812 3070 2956 3125 dicto
2985 3070 3255 3124 transiens
3287 3070 3339 3123 in
3371 3086 3561 3125 omnes

274 3159 558 3231 originalis
588 3158 686 3212 fuit
714 3173 813 3227 per
833 3156 1236 3219 necessitatem,
1264 3157 1341 3210 sic
1371 3154 1595 3209 salvatio
1628 3154 1770 3207 facta
1791 3160 1875 3207 est
1974 3157 2242 3227 homines)
2270 3166 2486 3213 ventum
2520 3168 2601 3213 est
2629 3158 2685 3212 in
2715 3159 3242 3223 condemnationem,
3273 3159 3353 3214 sic
3382 3166 3434 3212 et
3463 3173 3558 3229 per

276 3265 377 3319 per
415 3247 673 3317 gratiam,
706 3246 760 3299 id
792 3254 873 3299 est
903 3261 1000 3314 per
1028 3244 1383 3299 voluntatem.
1406 3244 1580 3296 Nemo
1609 3243 1751 3295 enim
1770 3240 1874 3295 nisi
1968 3246 2232 3313 justitiam
2264 3246 2421 3300 unius
2461 3247 2657 3301 Christi
2688 3254 3053 3301 transeuntem
3074 3250 3136 3302 in
3156 3234 3350 3304 omnizs
3383 3246 3561 3302 homi-

282 3353 347 3391 ex
377 3336 655 3390 voluntate
687 3333 946 3389 salvetur.
982 3333 1149 3398 Sicut,
1179 3332 1369 3403 inquit,
1428 3330 1684 3385 delictum
1714 3330 1872 3382 unius

277 3424 534 3479 diﬂ‘usum
565 3432 644 3477 est
676 3422 729 3475 in
778 3421 998 3485 multos,
1024 3421 1102 3476 sic
1138 3436 1293 3491 aeque
1350 3425 1727 3488 comparatum
1756 3424 1867 3485 est,

278 3513 425 3583 quod
446 3511 628 3583 gratia
656 3510 815 3564 unius
846 3509 1080 3564 hominis
1108 3509 1413 3563 abundavit
1436 3508 1497 3562 in
1518 3508 1727 3579 plures.
1750 3505 1872 3559 Non

275 3601 404 3655 dicit
443 3600 499 3653 in
527 3600 715 3669 plures
747 3598 981 3670 gratiam
1029 3596 1369 3661 abundasse,
1404 3611 1560 3666 quam
1592 3594 1869 3658 delictum,

278 3689 377 3744 sed
407 3691 471 3743 in
503 3689 715 3759 plures,
751 3686 805 3740 id
836 3693 917 3741 est
972 3685 1023 3738 in
1056 3684 1273 3739 multos.
1314 3684 1433 3738 Non
1492 3683 1635 3737 enim
1682 3696 1874 3736 omnes

277 3776 475 3831 salvati
506 3784 649 3839 sunt,
693 3775 819 3845 quia
875 3773 1184 3828 noluerunt.
1246 3772 1415 3827 Unius
1459 3770 1693 3825 hominis
1728 3770 1871 3833 dico,

280 3866 373 3938 qui
403 3864 539 3918 nihil
569 3863 748 3917 nimus
779 3862 951 3932 potuit
980 3877 1140 3932 quam
1171 3860 1338 3915 voluit
1372 3875 1383 3912 :
1414 3875 1540 3913 nam
1562 3861 1692 3914 Jesu
1717 3858 1873 3913 Chri-

277 3956 377 4018 sti,
403 3953 458 4007 id
491 3960 573 4006 est
601 3951 881 4005 salvatoris
912 3957 962 4005 et
992 3949 1159 4021 regis.
1203 3948 1351 4003 Sicut
1373 3964 1564 4003 causas
1595 3946 1789 4001 Christi
1824 3954 1876 4001 et

278 4042 412 4097 Adae
432 4038 837 4104 diversificavit,
864 4039 943 4094 sic
966 4036 1190 4093 effectus
1225 4052 1508 4091 causarum
1548 4035 1875 4105 opponendo

279 4128 565 4200 distinguit
602 4127 828 4182 dicens:
866 4126 1015 4181 Sicut
1043 4126 1245 4181 donum
1269 4123 1468 4178 Christi
1490 4123 1593 4177 tale
1628 4138 1735 4177 non
1756 4122 1873 4187 fuit,

280 4218 440 4289 quale
492 4216 744 4272 delictum
795 4215 960 4280 Adin;
1009 4214 1087 4269 sic
1145 4213 1306 4267 etiam
1344 4229 1459 4267 non
1500 4213 1651 4266 sicut
1692 4209 1747 4263 fit
1774 4227 1878 4281 per

278 4323 465 4361 unum
491 4308 789 4376 peccatum
810 4303 943 4357 Adae
962 4346 977 4367 ,
1011 4303 1096 4356 ita
1127 4299 1182 4354 ﬁt
1211 4317 1308 4371 per
1338 4301 1549 4354 donum
1580 4297 1797 4364 Christi,
1823 4297 1876 4352 id

1972 3350 2072 3388 nes
2102 3334 2400 3387 secundum
2431 3335 2724 3403 potentiam
2776 3335 3045 3406 (Christus
3094 3336 3236 3389 enim
3285 3333 3562 3388 sufﬁciens

1972 3421 2203 3491 pretium
2238 3437 2336 3491 pro
2358 3423 2604 3476 omnibus
2636 3423 2826 3489 dedit),
2859 3440 2959 3492 per
2986 3423 3163 3488 unius,
3197 3422 3386 3492 inquit,
3405 3422 3561 3490 justi-

1972 3510 2098 3563 tiam
2132 3517 2351 3563 ventum
2374 3517 2455 3563 est
2476 3511 2535 3564 in
2549 3511 3021 3580 justiﬁcationem
3039 3512 3187 3564 vitea.
3214 3510 3462 3563 Ostendit
3480 3525 3562 3563 sa-

1971 3598 2039 3651 tis
2070 3598 2320 3667 superius
2361 3598 2503 3669 quod
2534 3599 2780 3653 Christus
2811 3606 3003 3668 potens
3052 3606 3214 3662 esset,
3251 3605 3302 3651 et
3332 3605 3551 3652 restau-

1974 3702 2096 3741 rare
2126 3686 2396 3741 suﬂicerct
2445 3686 2707 3758 quidquid
2762 3686 2972 3757 lapsum
3032 3686 3203 3740 fuerat
3234 3702 3333 3755 per
3362 3686 3555 3752 Adam,

1975 3774 2071 3830 sed
2102 3790 2210 3828 non
2238 3775 2691 3829 determinaverat
2713 3774 2841 3845 quid
2858 3774 2910 3827 in
2942 3776 3043 3829 hac
3061 3774 3404 3844 reparatione
3432 3790 3561 3846 age-

1974 3871 2072 3929 ret,
2108 3879 2203 3917 seu
2232 3879 2332 3933 per
2367 3863 2682 3932 potentiam,
2724 3878 2819 3916 seu
2850 3878 2948 3932 per
2991 3862 3263 3928 meritum,
3298 3862 3442 3933 quod
3470 3862 3559 3919 hic

1975 3951 2315 4016 determinat,
2340 3951 2528 4006 dicens
2555 3966 2566 4003 :
2593 3950 2731 4019 Quia
2753 3950 3205 4021 quemadmodum
3230 3951 3397 4004 Adam
3420 3951 3561 4005 male

1974 4039 2232 4094 merendo
2263 4056 2359 4109 per
2393 4039 2817 4094 inobedientiam
2851 4054 3042 4093 omnes
3079 4038 3451 4109 prazcipitavit,
3484 4039 3562 4093 sic

1976 4127 2222 4181 Christus
2241 4127 2385 4197 bene.
2399 4127 2659 4181 merendo
2679 4144 2779 4197 per
2799 4126 3161 4181 obedientiam
3190 4142 3381 4181 omnes
3402 4126 3563 4181 rede-

1976 4215 2089 4268 mit.
2106 4215 2303 4269 Littera
2326 4215 2402 4269 sic
2417 4215 2694 4286 jungitur:
2725 4216 2859 4270 Vere
2876 4231 2976 4285 per
2995 4214 3250 4269 delictum
3271 4213 3429 4269 unius
3452 4229 3562 4269 om-

1976 4319 2072 4356 nes
2102 4303 2511 4357 condemnatur.
2534 4303 2671 4356 Nam
2713 4319 2813 4373 per
2844 4303 3279 4357 inobedientiam
3310 4311 3363 4357 et
3420 4302 3562 4358 sicut

279 4402 363 4449 est
381 4392 608 4448 effectus
625 4390 834 4461 peccati
857 4391 987 4444 Adae
1004 4388 1253 4461 etgratiae
1279 4387 1477 4443 Christi
1495 4386 1695 4441 diversi
1714 4393 1867 4440 sunt:
1894 4395 1944 4452 1)
1973 4406 2071 4460 per
2128 4390 2544 4444 inobedientiam
2576 4392 2748 4445 unius
2779 4389 3023 4444 hominis
3070 4391 3368 4446 constituti
3423 4394 3561 4446 sunt

280 4482 411 4554 quia
458 4488 743 4551 peccatum
808 4478 960 4534 33
1014 4477 1262 4547 simplex,
1295 4476 1499 4530 donum
1545 4490 1676 4529 vero
1735 4474 1875 4528 mul-

280 4569 475 4641 tiplex.
506 4570 574 4623 Et
603 4569 708 4622 hoc
740 4567 935 4637 probat
967 4566 1156 4621 dicens
1191 4582 1204 4619 :
1238 4565 1373 4619 Vere
1417 4562 1639 4618 effectus
1665 4561 1877 4633 peccati

280 4659 437 4725 Adae,
473 4664 525 4711 et
552 4654 777 4711 effectus
808 4654 998 4727 gratias
1032 4654 1130 4707 Dei
1167 4668 1277 4707 non
1308 4660 1429 4706 sunt
1475 4651 1700 4705 similes.
1735 4652 1877 4706 Nam

277 4746 588 4818 judicium,
622 4744 675 4798 id
706 4752 788 4798 est
804 4744 943 4812 justa
976 4741 1241 4797 sententia
1288 4740 1387 4795 Dei
1428 4738 1485 4793 tit
1514 4742 1577 4794 in
1608 4739 1876 4795 condem-

284 4837 604 4897 nationem,
663 4832 718 4885 id
777 4839 859 4886 est
910 4830 1241 4885 condemnat
1294 4828 1433 4882 ﬁlios
1464 4828 1595 4883 Adaa
1642 4844 1715 4882 ea:
1762 4841 1876 4880 uno

284 4923 508 4985 delicto,
553 4921 606 4974 id
653 4927 737 4975 est
794 4918 1133 4974 solummodo
1190 4925 1410 4988 prepter
1438 4914 1745 4987 originale;
1781 4914 1878 4968 sed

282 5012 475 5081 gratia
505 5008 705 5063 Christi
736 5007 792 5060 tit
831 5008 890 5061 in
906 5006 1401 5077 justiﬁcat-ionem,
1432 5004 1485 5057 id
1517 5011 1597 5057 est
1621 5002 1879 5071 justiticat

286 5099 431 5153 ﬁlios
464 5113 597 5152 suos
626 5113 699 5152 ex
728 5097 928 5151 multis
979 5094 1211 5160 delictis,
1242 5093 1297 5147 id
1328 5100 1410 5147 est
1449 5091 1527 5147 sic
1552 5092 1619 5146 de
1658 5090 1879 5146 actuali-

286 5189 392 5241 bus
421 5195 481 5241 ut
510 5187 577 5240 de
608 5184 875 5256 originali.

356 5275 668 5328 Notandum
699 5280 781 5327 est
829 5272 973 5343 quod
1017 5271 1150 5325 illud
1187 5270 1424 5341 primum
1466 5275 1750 5339 peccatum
1779 5268 1879 5321 de-

286 5362 521 5417 bilitavit
551 5361 769 5432 quidem
801 5370 1043 5415 naturam
1077 5368 1330 5423 nostram,
1366 5366 1417 5412 et
1448 5356 1762 5427 proniorem
1795 5355 1881 5409 fe-

284 5452 357 5511 cit
400 5451 453 5505 in
503 5465 723 5520 casum,
760 5449 855 5505 sed
888 5458 1067 5504 tamen
1125 5463 1233 5504 non
1273 5447 1371 5501 fuit
1403 5461 1567 5505 causa
1596 5444 1883 5501 actualium

1972 4479 2145 4533 multi
2197 4482 2533 4549 peccatores,
2565 4478 2693 4548 quia
2721 4493 2829 4533 non
2858 4494 3048 4533 omnes
3096 4487 3481 4533 remanserunt
3503 4479 3557 4533 in

1974 4574 2221 4638 peccato,
2256 4569 2339 4621 ita
2377 4570 2432 4621 et
2461 4583 2564 4637 per
2605 4566 2973 4622 obedientiam
3005 4568 3196 4622 unius.
3231 4567 3430 4621 Christi
3463 4569 3562 4623 hoc

1973 4663 2399 4726 promerentem,
2422 4657 2851 4710 constituentur
2868 4656 3039 4709 multi
3058 4657 3226 4726 justi.
3246 4655 3392 4708 Multi
3415 4655 3559 4720 ideo,

1976 4744 2100 4813 quia
2132 4759 2237 4797 non
2261 4758 2451 4797 omnes
2466 4742 2750 4810 justiticari
2767 4743 3068 4796 voluerunt.
3085 4743 3219 4797 Cum
3238 4743 3400 4797 modo
3417 4742 3565 4797 dicat

1977 4831 2248 4887 Christum
2291 4830 2581 4899 justiﬁcare
2626 4830 2925 4885 hominesa
2971 4830 3227 4900 peccatis,
3254 4830 3383 4885 dicit
3419 4831 3565 4901 quod

1979 4920 2142 4974 etiam
2161 4928 2591 4990 transgressores
2627 4919 2767 4991 legis
2789 4934 2820 4972 a
2840 4918 3288 4988 praevaricatione
3310 4916 3562 4988 acceptae

1978 5006 2407 5079 legisjustificat.
2425 5008 2491 5061 Et
2514 5008 2614 5062 hoc
2643 5008 2767 5062 ideo
2796 5006 3015 5061 adducit
3044 5014 3101 5059 ut
3130 5008 3562 5076 comprobetJu-

1976 5095 2126 5150 dmos
2143 5096 2313 5165 magis
2326 5096 2587 5150 obnoxios
2604 5112 2725 5150 esse
2745 5095 3232 5166 gratiaaDei,quam
3245 5096 3401 5149 etiam
3422 5111 3563 5167 gen-

1978 5184 2121 5249 tiles,
2155 5184 2348 5255 quibus
2378 5200 2436 5238 se
2467 5184 2815 5253 praeferebant
2847 5183 2901 5236 in
2922 5185 3023 5238 hac
3044 5199 3185 5239 nova
3205 5184 3378 5254 gratia
3403 5200 3414 5237 :
3436 5183 3563 5253 quia

1981 5272 2211 5345 gentiles
2241 5272 2307 5326 de
2331 5272 2561 5326 naturali
2584 5272 2757 5326 solum
2780 5272 2860 5327 rei
2882 5281 3057 5337 erant,
3081 5272 3250 5326 Judaei
3274 5287 3402 5325 vero
3425 5279 3476 5324 et
3498 5271 3567 5326 de

1984 5360 2239 5415 naturalis
2266 5369 2319 5414 et
2356 5361 2569 5430 scriptae
2611 5360 2749 5431 legis
2788 5360 3238 5430 praevaricatione
3267 5358 3347 5413 rei
3378 5367 3559 5414 erant.

1988 5450 2180 5507 Littera
2211 5449 2288 5506 sic
2319 5449 2602 5521 jungitur:
2639 5449 2959 5507 Obedientia
3017 5447 3212 5503 Christi
3260 5447 3456 5503 multos
3479 5448 3573 5518 ju-
