3960 6036
364 212 431 263 55
917 204 971 259 S.
1013 202 1369 260 BRUNONIS
1408 203 2056 262 CARTHUSIANORUM
2094 203 2579 263 INSTITUTORIS
2618 205 2769 260 OPP.
2814 207 2988 262 PARS
3028 208 3093 261 II.
3579 209 3647 259 56

370 331 621 388 stificavit
652 348 665 385 :
698 331 782 385 lex
806 336 983 385 autem
1014 329 1271 384 delictum
1318 330 1599 385 abundare
1639 329 1763 385 fecit
1797 347 1810 383 :
1844 330 1951 394 lex,
1977 333 2029 391 Α
2063 354 2083 379 α
2111 330 2419 386 minabitur.
2454 329 2610 398 Quod
2650 331 2792 385 enim
2836 339 3082 387 mortuus
3109 339 3190 387 est
3221 338 3475 402 peccato,
3508 346 3651 385 mor-

366 420 557 492 inquit,
594 418 948 483 subintravit,
984 418 1110 488 quia
1140 426 1424 488 peccatum
1458 418 1610 489 prius
1641 418 1955 473 intraverat.

372 511 618 565 Intravit
638 510 733 563 lea:
762 508 829 561 ad
852 507 955 562 hoc
971 511 1033 561 ut
1055 506 1369 562 abundaret
1388 507 1678 573 delictum,
1704 523 1812 561 non
1834 508 1961 578 quia

374 599 461 654 lex
491 598 629 651 mala
661 604 824 661 esset,
859 596 955 650 sed
988 595 1109 666 quia
1139 596 1240 649 sub
1269 595 1357 649 illa
1389 604 1539 649 erant
1566 611 1702 666 quos
1741 612 1866 651 reos
1885 595 1964 649 fa-

373 694 543 752 ceret,
568 685 725 741 34
741 684 1004 753 jubendo,
1034 699 1141 738 non
1159 684 1483 751 adjuvando.
1511 684 1616 737 Lex
1648 684 1819 737 tribus
1848 699 1963 738 mo-

377 775 463 829 dis
496 774 795 829 habebatur
823 773 878 826 in
900 780 1143 842 tempore
1173 788 1290 826 suo.
1316 772 1650 841 Quibusdam
1680 773 1821 827 enim
1853 780 1965 827 erat

378 863 721 918 solummodo
751 862 804 915 in
849 861 1066 933 signum
1087 902 1100 929 ,
1132 869 1189 914 ut
1231 861 1463 915 Abrahae
1498 878 1510 913 :
1543 862 1633 931 qui
1678 861 1964 916 circumci-

375 968 468 1006 sus
500 960 614 1017 est,
649 966 758 1005 non
798 958 852 1003 ut
909 966 1008 1019 per
1056 949 1157 1003 hoc
1204 948 1603 1017 justiﬁcaretur,
1638 950 1734 1003 sed
1763 950 1817 1003 in
1848 950 1964 1019 sig-

378 1056 508 1094 num
550 1038 949 1108 justiticationis
988 1038 1100 1105 jam
1158 1046 1395 1107 acceptae
1452 1054 1551 1107 per
1599 1038 1779 1091 ﬁdem.
1832 1038 1966 1091 Aliis

385 1127 471 1182 lex
503 1135 616 1182 erat
646 1127 982 1198 paedagogus
1016 1141 1026 1179 :
1060 1133 1115 1179 ut
1155 1126 1614 1196 quemadmodum
1645 1142 1867 1196 puerum
1898 1142 1967 1180 ne

381 1216 668 1271 insolescat
698 1215 950 1287 vagando
996 1215 1285 1286 paedagogi
1342 1224 1555 1270 coercet
1584 1214 1857 1281 custodia;
1890 1214 1968 1270 sic

382 1305 469 1359 lex
519 1304 772 1359 minando
815 1318 1033 1374 poenam
1081 1303 1370 1358 coercebat
1413 1303 1679 1373 quosdam
1735 1303 1804 1356 ab
1849 1313 1969 1357 actu

380 1392 612 1463 peccati.
654 1392 786 1447 Aliis
817 1400 998 1446 autem
1030 1400 1141 1446 erat
1170 1391 1255 1445 lex
1294 1407 1454 1445 causa
1482 1392 1964 1461 praevaricationis.

378 1482 440 1535 In
469 1481 553 1535 his
586 1489 765 1535 autem
796 1480 1008 1534 duobus
1052 1480 1246 1551 quibus
1276 1480 1360 1534 lex
1396 1480 1449 1532 in
1480 1480 1695 1550 signum
1748 1480 1970 1547 justitia:

381 1569 467 1624 vel
500 1569 835 1641 paedagogus
865 1576 977 1621 erat
999 1568 1131 1621 nihil
1161 1569 1487 1638 operabatur
1523 1584 1533 1621 :
1570 1568 1697 1639 quia
1724 1568 1814 1639 qui
1838 1568 1972 1636 justi

384 1664 539 1712 erant
570 1666 627 1712 ut
672 1658 966 1724 Abraham,
999 1673 1096 1727 per
1144 1654 1306 1711 ﬁdem
1364 1658 1468 1712 hoc
1524 1666 1680 1712 erant
1733 1672 1843 1711 non
1872 1672 1972 1727 per

382 1746 603 1819 legem;
639 1746 730 1817 qui
759 1761 889 1800 vero
921 1762 980 1799 se
1010 1746 1203 1800 timore
1252 1746 1577 1801 coercebant
1602 1762 1633 1799 a
1662 1745 1827 1811 malo,
1860 1760 1969 1799 non

384 1835 491 1890 hoc
516 1851 615 1905 per
637 1834 836 1906 legem,
872 1834 969 1888 sed
1008 1850 1103 1904 per
1130 1834 1331 1888 donum
1390 1834 1622 1904 Spiritus
1672 1835 1862 1897 sancti,
1917 1833 1971 1887 id

384 1932 468 1981 est
504 1939 604 1993 per
652 1922 896 1993 spiritum
945 1922 1154 1977 timoris
1210 1922 1500 1977 faciebant.
1534 1922 1670 1976 Aliis
1730 1937 1858 1977 vero
1886 1922 1972 1976 lex

386 2028 551 2069 causa
581 2019 699 2066 erat
731 2010 934 2077 delicti,
969 2011 1091 2081 quia
1145 2011 1624 2081 prazvaricationis.
1658 2012 1761 2065 Per
1790 2011 1971 2082 legem

387 2101 643 2155 delictum
671 2098 983 2164 abundavit,
1019 2099 1116 2153 sed
1148 2114 1247 2168 per
1275 2099 1501 2170 gratiam
1520 2107 1839 2153 evacuatum
1869 2107 1969 2153 est.

392 2190 706 2259 Ubicunque
737 2187 881 2241 enim
910 2187 1216 2241 abundavit
1267 2186 1561 2251 delictum,
1607 2186 1692 2241 vel
1720 2187 1818 2240 sub
1848 2186 1972 2258 lege

384 2276 472 2331 vel
518 2284 668 2330 extra
714 2275 913 2346 legem,
963 2275 1039 2330 ibi
1075 2276 1264 2346 gratia
1294 2275 1599 2329 abundavit
1633 2292 1802 2346 super
1832 2274 1973 2328 deli-

383 2372 525 2419 ctum
553 2379 564 2417 :
600 2363 724 2434 quia
753 2379 860 2417 non
892 2362 1067 2416 solum
1101 2362 1305 2417 remisit
1334 2370 1558 2433 peccata
1582 2405 1595 2428 ,
1629 2363 1726 2417 sed
1757 2371 1808 2416 et
1833 2364 1977 2431 juste

390 2452 608 2525 operari
638 2450 928 2507 concessit.
953 2450 1087 2519 Quia
1118 2451 1312 2505 iterum
1342 2451 1507 2521 aliqui
1537 2452 1790 2505 errabant
1813 2468 1877 2505 ex
1910 2467 1976 2505 eo

389 2542 533 2613 quod
564 2540 767 2594 dictum
816 2547 898 2593 est
944 2539 1178 2611 gratiam
1227 2539 1699 2609 superabundasse
1734 2539 1824 2593 ubi
1883 2538 1980 2592 fuit

390 2630 665 2694 delictum,
699 2628 944 2683 dicentes
976 2644 1033 2682 se
1063 2628 1281 2699 impune
1312 2636 1618 2698 opportune
1649 2627 1811 2681 etiam
1842 2644 1979 2697 pec-

390 2734 535 2783 care,
581 2717 709 2789 quia
734 2716 915 2789 gratia
956 2715 1053 2771 Dei
1102 2716 1281 2769 omnia
1334 2716 1647 2783 dimitteret,
1695 2725 1748 2769 et
1777 2724 1979 2786 quanto

390 2806 567 2877 plura,
618 2813 766 2859 tanto
823 2804 1115 2877 gloriosior
1170 2812 1335 2871 esset,
1389 2803 1713 2857 determinat
1762 2804 1980 2875 quidem

390 2894 586 2949 Paulus
619 2892 852 2965 gratiam
902 2892 1021 2960 Dei,
1056 2900 1319 2964 quotquot
1347 2899 1572 2962 peccata
1602 2892 1730 2959 sint,
1774 2892 1829 2945 in
1879 2892 1981 2945 ba-

391 2982 589 3053 ptismo
644 2981 822 3037 omnia
877 2981 1168 3049 dimittere,
1229 2981 1325 3034 sed
1381 2988 1668 3052 postquam
1707 2980 1984 3048 justiticati

392 3079 536 3136 sunt,
569 3070 613 3125 si
644 3072 838 3125 iterum
868 3078 1116 3140 peccant,
1152 3085 1260 3145 non
1318 3070 1453 3123 sicut
1483 3069 1633 3140 prius
1662 3085 1727 3124 ex
1788 3070 1979 3140 gratia,

392 3158 491 3214 sed
519 3159 711 3214 merito
742 3158 1071 3229 pmnitentiee
1102 3158 1437 3212 dimittentur
1453 3168 1697 3228 peccata.
1719 3156 1872 3213 Unde
1904 3157 1984 3213 sic

394 3248 466 3301 ait
500 3263 511 3300 :
547 3247 728 3302 Gratia
750 3248 933 3318 utique
964 3246 1063 3300 Dei
1086 3246 1383 3301 abundavit
1414 3246 1513 3301 hac
1536 3246 1658 3317 lege
1692 3262 1701 3299 :
1741 3249 1805 3303 Ut
1837 3248 1986 3301 sicut

392 3340 693 3409 peccatum
738 3344 860 3390 ante
909 3333 1350 3403 justiﬁcationem
1412 3337 1682 3406 regnabat
1735 3333 1984 3389 ducendo

396 3426 461 3479 in
490 3430 749 3491 mortem,
771 3425 856 3479 ita
877 3428 933 3479 et
960 3424 1171 3495 gratia,
1195 3431 1482 3494 postquam
1512 3423 1721 3477 remisit
1742 3432 1981 3493 peccata,

397 3518 597 3583 regnet
633 3530 734 3585 per
762 3520 1043 3583 acceptam
1064 3513 1364 3582 justitiam
1396 3513 1534 3567 bene
1567 3520 1947 3567 conservatam
1970 3553 1982 3576 ,

400 3602 580 3657 eundo
632 3603 696 3656 in
728 3603 900 3657 vitam
945 3606 1223 3656 aeternam
1254 3620 1271 3655 :
1303 3617 1413 3655 non
1452 3602 1564 3668 jam
1596 3600 1827 3670 amplius
1872 3615 1988 3653 res-

398 3690 651 3761 piciendo
683 3691 751 3745 ad
774 3690 1128 3762 iniquitatem.
1160 3693 1364 3761 Regnet
1388 3690 1531 3753 dico,
1562 3705 1663 3759 per
1684 3690 1988 3743 Dominum

398 3792 659 3843 nostrum
688 3789 877 3842 Jesum
911 3787 1215 3853 Christum,
1251 3786 1360 3857 qui,
1396 3793 1681 3856 postquam
1719 3783 1986 3853 justiﬁca-

401 3874 475 3930 vit
502 3891 601 3944 per
630 3875 883 3948 gratiam,
916 3875 1009 3929 dat
1037 3874 1202 3929 vitam
1247 3882 1523 3935 aeternam.

1041 4017 1265 4073 CAPUT
1312 4016 1381 4069 VI
1395 4057 1407 4069 .

481 4167 502 4189 α
539 4143 682 4211 Quid
710 4158 844 4214 ergo
874 4142 1117 4197 dicemus
1145 4143 1171 4196 ξ)
1202 4139 1540 4196 Manebimus
1570 4140 1625 4193 in
1656 4148 1901 4210 peccato,
1935 4147 1994 4193 ut

409 4231 634 4303 «gratia
663 4231 939 4286 abundet?
969 4229 1154 4285 Absit!
1191 4228 1297 4297 Qui
1353 4229 1497 4283 enim
1556 4229 1748 4282 mortui
1808 4245 1993 4282 sumus

408 4341 430 4370 α
464 4328 709 4390 peccato,
731 4320 1004 4390 quomodo
1021 4319 1198 4373 adhuc
1218 4318 1461 4373 vivemus
1492 4317 1543 4369 in
1566 4316 1695 4371 illo?
1727 4320 1809 4371 An
1840 4317 1998 4387 igno-

2064 442 2085 470 ¢
2124 428 2247 473 tuus
2278 428 2359 473 est
2381 420 2547 473 semel
2576 436 2588 474 :
2623 420 2768 490 quod
2798 428 2977 475 autem
3006 421 3154 485 vivit,
3189 420 3319 475 vivit
3341 421 3477 474 Deo.
3503 421 3577 472 lta
3597 426 3651 473 et

2065 530 2087 559 ι
2125 524 2222 562 vos
2253 508 2555 562 existimate
2589 524 2684 561 vos
2715 516 2962 563 mortuos
2995 510 3213 580 quidem
3246 524 3368 563 esse
3399 514 3645 578 peccato,

2066 620 2086 643 α
2126 596 2369 651 viventes
2399 604 2577 650 autem
2612 598 2727 651 Deo
2754 596 2811 649 in
2832 597 3047 651 Christo
3068 600 3216 652 Jesu.
3249 598 3372 650 Non
3402 611 3535 668 ergo
3566 611 3651 649 re-

2067 707 2089 735 α
2116 693 2243 755 gnet
2274 694 2557 755 peccatum
2596 685 2649 738 in
2672 693 2853 740 vestro
2886 686 3099 741 mortali
3150 702 3396 756 corpore,
3431 692 3488 739 ut
3516 684 3652 738 obe-

2070 796 2091 823 ι
2120 774 2282 827 diatis
2314 773 2772 843 concupiscentiis
2803 776 2936 842 ejus.
2973 775 3080 829 Sed
3128 790 3305 844 neque
3354 772 3654 827 exhibeatis

2069 883 2091 911 ι
2129 862 2378 916 membra
2407 871 2589 916 vestra
2618 878 2768 916 arma
2814 862 3108 934 iniquitatis
3133 870 3355 933 peccato
3390 880 3401 916 :
3435 862 3531 916 sed
3562 878 3654 916 ex-

2072 972 2091 1000 α
2128 951 2309 1005 hibete
2342 967 2439 1005 vos
2473 952 2608 1017 Deo,
2642 959 2897 1022 tanquam
2931 968 2994 1006 ex
3040 951 3267 1006 mortuis
3309 951 3569 1013 viventes,
3605 957 3657 1004 et

2071 1060 2092 1088 α
2130 1040 2375 1093 membra
2406 1048 2585 1093 vestra
2616 1055 2761 1093 arma
2785 1040 3007 1108 justitia:
3035 1040 3170 1094 Deo.
3204 1040 3489 1094 Peccatum
3513 1037 3655 1092 enim

2072 1148 2093 1177 α
2129 1128 2285 1182 vobis
2316 1144 2423 1182 non
2456 1128 2850 1183 dominabitur.
2899 1129 3013 1182 Nos
3044 1129 3186 1183 enim
3220 1128 3319 1181 sub
3348 1128 3471 1199 lege
3503 1126 3654 1191 estis,

2073 1236 2094 1265 ‹
2132 1216 2230 1269 sed
2271 1216 2371 1269 sub
2403 1217 2594 1287 gratia.
2630 1216 2772 1285 Quid
2794 1232 2928 1288 ergo
2948 1216 2974 1269 ἱ)
3005 1216 3375 1281 Peccabimus,
3408 1215 3659 1285 quoniam

2073 1324 2096 1354 ι
2137 1320 2247 1358 non
2299 1321 2483 1358 sumus
2540 1306 2639 1359 sub
2699 1305 2849 1377 lege,
2911 1306 3006 1359 sed
3046 1306 3145 1359 sub
3200 1304 3418 1377 gratia?
3467 1299 3655 1357 Absit!

2077 1415 2097 1438 α
2136 1396 2217 1447 An
2249 1393 2471 1448 nescitis
2525 1394 2779 1464 quoniam
2812 1394 2897 1448 cui
2945 1393 3210 1448 exhibetis
3240 1408 3337 1447 vos
3375 1407 3565 1446 servos
3594 1391 3659 1444 ad

2083 1507 2103 1528 η
2142 1481 2526 1548 obediendum,
2564 1482 2704 1536 servi
2753 1483 2883 1536 estis
2947 1483 3063 1551 ejus
3102 1482 3185 1537 cui
3233 1481 3510 1545 obedistis,
3548 1479 3660 1534 sive

2079 1595 2098 1618 α
2138 1571 2348 1641 peccati
2383 1571 2450 1624 ad
2480 1579 2732 1636 mortem,
2760 1571 2873 1626 sive
2894 1570 3219 1625 obeditionis
3246 1571 3311 1624 ad
3354 1569 3616 1637 justitiam
3638 1568 3666 1621 ?

1990 1688 2042 1746 B
2076 1684 2096 1708 «
2133 1660 2351 1715 Gratias
2383 1669 2562 1713 autem
2594 1660 2748 1727 Deo,
2803 1660 2946 1730 quod
3002 1659 3176 1713 fuistis
3232 1659 3376 1713 servi
3431 1656 3662 1728 peccati,

2077 1771 2099 1799 ι
2134 1749 2401 1803 obedistis
2432 1756 2614 1803 autem
2646 1765 2708 1802 ex
2733 1749 2900 1803 corde
2928 1748 2983 1801 in
3015 1764 3137 1802 eam
3180 1747 3408 1802 formam
3452 1746 3664 1801 doctri-

2076 1861 2096 1884 α
2137 1854 2243 1903 nae,
2277 1838 2331 1891 in
2366 1853 2470 1907 qua
2501 1837 2680 1891 traditi
2710 1837 2860 1891 estis.
2895 1836 3125 1891 Liberali
3145 1845 3325 1890 autem
3355 1852 3386 1889 a
3415 1843 3659 1905 peccato,

2079 1950 2099 1973 «ι
2136 1925 2282 1981 servi
2313 1925 2438 1980 facti
2478 1925 2609 1979 estis
2634 1925 2876 1993 justitia.
2920 1927 3227 1979 Humanum
3256 1925 3399 1990 dico,
3441 1931 3668 1993 propter

2079 2036 2100 2065 ι
2137 2014 2508 2069 infirmitatem
2540 2014 2723 2069 carnis
2753 2022 2967 2069 vestrae.
3002 2014 3148 2069 Sicut
3172 2013 3315 2067 enim
3340 2013 3491 2068 35
3518 2011 3669 2066 exhi-

2079 2126 2100 2150 ει
2139 2103 2327 2157 buistis
2359 2103 2600 2157 membra
2632 2111 2814 2157 vestra
2846 2102 3051 2157 servire
3096 2101 3450 2156 immunditiae
3480 2108 3529 2155 et
3558 2100 3667 2154 ini-

2082 2210 2102 2235 α
2138 2186 2329 2258 quitati
2358 2187 2429 2241 ad
2459 2186 2831 2257 iniquitatem,
2865 2187 2935 2240 ita
2967 2202 3108 2241 nunc
3140 2186 3389 2240 exhibete
3419 2185 3669 2239 membra

2082 2298 2103 2325 ι
2140 2284 2323 2330 vestra
2377 2275 2586 2329 servire
2620 2275 2840 2342 justitia;
2884 2275 2937 2328 in
2992 2273 3491 2329 sanctificationem.
3535 2273 3666 2327 Cum

2084 2386 2103 2412 α
2140 2364 2283 2417 enim
2314 2363 2455 2417 servi
2485 2364 2676 2417 essetis
2725 2364 2954 2434 peccati,
3001 2362 3154 2416 liberi
3196 2362 3372 2416 fuistis
3423 2361 3663 2430 justitia}.

2085 2475 2105 2498 α
2142 2450 2316 2520 Quem
2348 2468 2484 2523 ergo
2517 2450 2753 2506 fructum
2781 2452 3045 2505 habuistis
3075 2459 3199 2505 tunc
3229 2450 3284 2503 in
3314 2450 3438 2515 illis,
3472 2450 3526 2502 in
3550 2448 3669 2519 qui-

2084 2564 2104 2587 u
2140 2541 2241 2594 bus
2271 2556 2417 2595 nunc
2447 2540 2809 2595 erubescitis?
2837 2541 2977 2593 Nam
3009 2538 3130 2592 finis
3160 2539 3372 2593 illorum
3396 2553 3545 2591 mors
3562 2544 3663 2591 est.

2086 2653 2107 2677 α
2138 2631 2295 2684 Nunc
2325 2645 2454 2683 vero
2500 2629 2710 2683 liberati
2761 2643 2794 2681 a
2842 2636 3086 2698 peccato,
3121 2628 3265 2682 servi
3309 2636 3487 2681 autem
3547 2625 3669 2680 facti

2086 2741 2107 2764 α
2140 2720 2273 2781 Deo,
2300 2718 2509 2771 habetis
2543 2717 2773 2771 fructum
2804 2724 3045 2771 vestrum
3078 2717 3132 2771 in
3162 2714 3665 2777 sanctiﬁcationem,

2088 2828 2108 2856 α
2148 2806 2310 2861 tinem
2344 2822 2474 2860 vero
2506 2807 2668 2861 vitam
2726 2814 3007 2860 aeternam.
3041 2804 3316 2875 Stipendia
3370 2803 3514 2858 enim
3544 2818 3672 2872 pec-

2088 2916 2110 2945 α
2145 2895 2268 2961 cati,
2302 2911 2471 2950 mors.
2500 2894 2685 2949 Gratia
2706 2902 2887 2948 autem
2911 2894 3028 2959 Dei,
3061 2894 3170 2948 vita
3190 2901 3409 2959 eterna,
3432 2892 3486 2945 in
3508 2890 3670 2945 Chri-

2090 3008 2110 3034 ι
2148 2992 2231 3039 sto
2262 2985 2391 3037 Jesu
2421 2983 2652 3037 Domino
2711 2989 2917 3037 nostro.
2952 3003 2974 3031 ι

2644 3086 2959 3125 EXPOSITIO.

2156 3160 2611 3231 Quandoquidem
2640 3160 2819 3230 gratia
2851 3174 3086 3231 regnare
3108 3158 3267 3212 debet
3287 3173 3384 3229 per
3406 3156 3672 3226 justitiam

2084 3258 2457 3305 conservatam
2490 3265 2726 3318 semper,
2768 3248 2943 3302 donec
2973 3248 3152 3302 veniat
3194 3247 3247 3299 in
3304 3246 3467 3300 vitam
3512 3255 3674 3299 arter-

2084 3354 2233 3405 nam,
2267 3354 2392 3409 ergo
2449 3338 2581 3409 quid
2628 3338 2875 3392 dicemus
2911 3340 2933 3391 ?
2970 3336 3425 3391 Permanebimus
3478 3333 3674 3387 iterum

2084 3434 2144 3483 in
2174 3432 2407 3499 peccato
2422 3427 2737 3496 justi/icati
2764 3426 2874 3494 jam
2904 3441 3004 3494 per
3045 3425 3305 3494 gratiam,
3337 3428 3400 3477 ut
3432 3423 3676 3477 abundet

2086 3513 2291 3583 gratia,
2327 3511 2521 3564 iterum
2545 3510 2870 3563 remittendo
2900 3509 3067 3580 gratis
3097 3524 3216 3579 quae
3235 3508 3427 3561 iterum
3456 3505 3682 3576 deliqui-

2087 3599 2254 3653 mus?
2294 3600 2449 3653 Absit
2480 3599 2602 3663 hoc,
2636 3605 2691 3651 ut
2720 3606 2827 3651 tam
2874 3613 3131 3667 perversa
3163 3594 3459 3650 intentione
3489 3610 3679 3649 rever-

2089 3696 2265 3742 tamur
2294 3687 2348 3740 in
2376 3695 2654 3757 peccatum
2682 3686 2693 3741 l
2746 3687 2844 3741 Hic
2873 3685 3057 3755 incipit
3085 3684 3230 3755 loqui
3258 3685 3326 3737 de
3356 3683 3556 3753 duplici
3588 3700 3677 3737 re-

2089 3776 2443 3832 surrectione.
2478 3776 2658 3829 Prima
2685 3790 2790 3845 qua
2826 3775 3122 3829 secundum
3152 3772 3385 3825 animam
3412 3770 3678 3840 justifica-

2088 3882 2211 3919 mur
2238 3866 2291 3918 in
2322 3864 2664 3934 baptismate,
2709 3863 2853 3934 quod
2894 3863 3161 3932 baptisma
3201 3861 3544 3915 consecravit
3574 3876 3679 3914 no-

2091 3956 2174 4009 bis
2203 3954 2449 4009 Christus
2478 3953 2531 4006 in
2562 3961 2732 4007 morte
2764 3967 2882 4017 sua,
2918 3950 3193 4015 fundendo
3228 3966 3418 4019 aquam
3477 3948 3679 4002 remis-

2092 4043 2261 4097 sionis
2288 4043 2357 4096 de
2388 4042 2557 4096 latere
2587 4056 2685 4095 suo
2710 4059 2723 4105 ;
2756 4040 3037 4093 insinuans
3059 4054 3159 4092 nos
3191 4038 3394 4092 debere
3414 4036 3680 4092 commori

2094 4131 2195 4186 sibi
2227 4132 2281 4185 in
2312 4131 2577 4201 baptismo
2616 4147 2627 4184 :
2654 4138 2709 4183 ut
2738 4128 3197 4199 quemadmodum
3228 4128 3316 4181 ille
3339 4127 3507 4181 semel
3531 4140 3681 4180 mor-

2095 4228 2217 4273 tuus
2245 4220 2315 4273 ad
2346 4228 2498 4274 actus
2530 4218 2730 4272 veteris
2760 4216 2993 4271 hominis
3026 4231 3133 4269 non
3163 4224 3244 4269 est
3290 4231 3565 4278 reversus,
3601 4215 3681 4269 sic

2097 4316 2146 4362 et
2178 4323 2275 4362 nos
2306 4307 2472 4361 semel
2499 4305 2769 4375 justificati
2802 4305 2855 4357 in
2878 4303 3166 4373 baptismo,
3199 4318 3413 4357 omnem
3435 4311 3680 4357 vetusta-

408 4432 429 4456 ιι
469 4408 613 4474 ratis,
647 4407 862 4470 fratres,
897 4407 1026 4478 quia
1065 4407 1372 4477 quicunque
1422 4406 1674 4475 baptizati
1721 4422 1907 4459 sumus
1940 4406 1994 4460 in
2017 4391 2067 4449 D
2096 4404 2204 4451 tem
2235 4396 2440 4466 peccati
2496 4395 2697 4448 ibidem
2738 4392 3124 4448 interficientes
3151 4434 3163 4456 ,
3222 4390 3677 4445 resurrectionem

408 4519 429 4543 «
467 4496 681 4551 Christo
708 4497 857 4564 Jesu,
890 4496 944 4548 in
974 4502 1149 4550 morte
1168 4495 1337 4565 ipsius
1356 4494 1608 4564 baptizati
1627 4511 1833 4548 sumus.
1858 4495 1995 4549 Con-

410 4609 431 4633 ε
468 4584 663 4655 sepulti
686 4584 827 4638 enim
843 4600 1030 4637 sumus
1054 4598 1179 4639 cum
1201 4584 1292 4637 illo
1309 4600 1408 4654 per
1427 4583 1754 4653 baptismum
1772 4582 1827 4636 in
1846 4598 1994 4637 mor-

409 4695 433 4724 ι
468 4681 594 4739 tem,
630 4681 687 4726 ut
716 4672 989 4743 quomodo
1020 4672 1263 4725 Christus
1305 4670 1537 4726 surrexit
1568 4687 1599 4725 a
1630 4671 1858 4725 mortuis
1895 4687 1995 4741 per

416 4784 437 4811 α
468 4761 700 4834 gloriam
730 4760 922 4826 Patris,
956 4760 1029 4813 ita
1061 4768 1113 4813 et
1141 4775 1241 4814 nos
1272 4760 1325 4813 in
1352 4760 1585 4813 novitate
1644 4759 1766 4813 vitae
1796 4759 1993 4812 ambu-

414 4872 436 4900 ι
472 4850 666 4904 lemus.
701 4848 757 4902 Si
789 4848 933 4903 enim
972 4846 1316 4919 complantati
1342 4846 1465 4902 facti
1522 4863 1707 4900 sumus
1740 4846 1994 4899 similitu-

414 4961 435 4985 ιι
472 4937 585 4991 dini
617 4937 809 4991 mortis
842 4938 978 5005 ejus,
1010 4936 1168 4991 simul
1200 4945 1251 4990 et
1306 4934 1723 4990 resurrectionis
1770 4934 1993 4989 erimus.

415 5050 436 5075 α
473 5028 588 5081 Hoc
620 5026 873 5093 scientes,
907 5025 1036 5096 quia
1065 5033 1217 5080 vetus
1245 5026 1407 5079 homo
1444 5032 1631 5079 noster
1678 5022 1839 5077 simul
1869 5038 1998 5078 cru-

412 5136 435 5165 ¢
471 5114 661 5170 cifixus
686 5122 785 5177 est,
819 5122 875 5167 ut
904 5113 1210 5168 destruatur
1241 5125 1440 5184 corpus
1484 5111 1694 5183 peccati
1715 5155 1727 5173 .
1762 5119 1813 5165 et
1858 5111 2000 5165 ultra

415 5225 436 5253 ι
472 5220 581 5258 non
613 5203 914 5257 serviamus
962 5211 1207 5272 peccato.
1258 5202 1363 5270 Qui
1405 5202 1549 5255 enim
1605 5208 1848 5255 mortuus
1896 5206 1997 5263 est,

416 5316 437 5340 ν
467 5290 795 5361 justiﬁcatus
828 5300 905 5345 est
937 5307 965 5343 a
996 5298 1239 5360 peccato.
1274 5289 1328 5342 Si
1358 5297 1540 5341 autem
1572 5289 1766 5342 mortui
1815 5303 2001 5342 sumus

413 5401 435 5430 ι
472 5396 594 5435 cum
625 5380 861 5446 Christo,
896 5378 1174 5433 credimus
1204 5376 1325 5446 quia
1376 5376 1531 5428 simul
1572 5376 1729 5429 etiam
1760 5377 2003 5431 vivemus

414 5492 435 5516 α
473 5485 597 5523 cum
627 5468 841 5523 Christo
876 5483 887 5520 ε
921 5467 1155 5522 scientes
1186 5463 1329 5535 quod
1348 5463 1591 5517 Christus
1626 5480 1917 5535 resurgens
1939 5482 2003 5519 ex

414 5580 435 5605 «
474 5556 721 5623 mortuis,
746 5556 862 5624 jam
894 5570 1003 5610 non
1036 5552 1283 5619 moritur,
1316 5566 1464 5605 mors
1495 5550 1571 5605 illi
1600 5551 1742 5607 ultra
1771 5567 1881 5606 non
1908 5552 2005 5608 do-

2101 4486 2294 4539 animae
2324 4484 2419 4552 (ibi
2460 4484 2601 4538 enim
2630 4482 2920 4551 justiticata
2960 4480 3215 4552 resurgit)
3264 4478 3633 4534 custodiamus
3672 4494 3682 4531 :

2092 4574 2420 4627 ambulando
2450 4573 2505 4625 in
2536 4573 2769 4625 novitate
2800 4570 2940 4633 vitae,
2968 4568 3113 4639 quia,
3146 4568 3191 4621 si
3224 4566 3681 4622 resurrectionem

2093 4663 2285 4717 anima:
2316 4662 2368 4715 in
2393 4661 2599 4729 justitia
2648 4658 3189 4721 conservaverimus,
3227 4656 3461 4710 futuram
3493 4671 3683 4708 resur-

2096 4751 2386 4806 rectionem
2423 4764 2715 4818 corporum
2749 4762 2872 4802 cum
2912 4746 3157 4811 Christo,
3191 4745 3243 4798 in
3284 4744 3685 4813 incorruptione

2096 4838 2341 4909 profecto
2387 4836 2731 4890 habebimus.
2780 4836 3137 4889 Revertamur
3186 4834 3255 4887 ad
3304 4833 3551 4896 litteram,
3595 4831 3687 4885 ubi

2097 4928 2287 4997 probat
2319 4941 2425 4980 non
2470 4926 2668 4979 debere
2722 4923 2923 4977 reverti
2978 4923 3045 4976 ad
3100 4930 3398 4992 peccatum,
3449 4920 3685 4973 dicens:

2098 5016 2235 5070 Vere
2268 5014 2437 5069 semel
2460 5012 2767 5082 justiticatis
2816 5028 2921 5065 non
2962 5019 3043 5065 est
3091 5010 3314 5065 ulterius
3352 5024 3687 5079 permanen-

2099 5105 2223 5158 dum
2256 5104 2311 5157 in
2341 5111 2583 5172 peccato.
2610 5103 2743 5154 Nam
2776 5116 2876 5154 nos
2922 5102 3015 5171 qui
3061 5100 3114 5152 in
3147 5099 3417 5168 baptismo
3480 5099 3691 5151 mortui

2099 5210 2293 5248 sumus
2323 5195 2568 5262 peccato,
2615 5190 2667 5242 id
2716 5196 2797 5243 est
2828 5190 2897 5242 ad
2954 5188 3057 5242 hoc
3104 5204 3172 5241 ne
3218 5187 3359 5240 ultra
3399 5201 3693 5255 operemur

2100 5289 2381 5351 peccatum
2420 5294 2430 5331 :
2466 5278 2665 5331 mortui
2694 5278 2814 5332 dico
2846 5277 3146 5331 secundum
3189 5276 3494 5344 depositam
3533 5281 3692 5327 vetu-

2101 5378 2295 5425 statem
2326 5368 2553 5440 peccati,
2581 5366 2872 5440 quomodo,
2898 5366 2949 5419 id
2983 5374 3063 5418 est
3095 5380 3201 5434 qua
3232 5365 3439 5417 ratione
3472 5378 3571 5415 uos
3604 5363 3695 5432 qui

2102 5461 2180 5515 sic
2220 5458 2543 5515 commortui
2598 5472 2785 5511 sumus
2813 5455 3024 5509 Christo
3059 5495 3072 5522 ,
3114 5452 3295 5507 adhuc
3341 5453 3607 5518 vivemus,
3642 5449 3694 5502 id
3726 5472 3734 5477 -

2101 5558 2183 5604 est
2215 5547 2684 5619 perseverabimus
2723 5545 2786 5599 in
2824 5545 2920 5600 illo
2968 5542 3240 5613 peccato?
3292 5542 3359 5595 Et
3403 5556 3531 5596 vere
3588 5554 3697 5593 non
