3960 6036
229 200 305 253 57
867 193 1246 250 EXPOSITIO
1294 197 1367 251 IN
1412 197 1792 253 EPlSTOLAS
1842 198 2063 254 PAULI.
2106 229 2174 239 —
2219 198 2290 252 IN
2329 199 2543 253 EPIST.
2583 201 2676 255 AD
2716 200 2885 257 ROM.
3461 208 3529 261 58

231 320 471 391 amplius
490 320 687 385 ,vivere
718 319 927 374 debetis
942 321 1006 375 in
1036 329 1265 391 peccato
1285 323 1405 389 illo,
1430 323 1557 394 quia
1578 340 1653 378 an
1678 325 1834 395 igno-
1853 327 1903 386 Α
1934 339 2230 394 possumus
2250 339 2360 379 non
2378 324 2583 380 servire
2605 335 2852 397 peccato.
2876 330 3017 385 Nam
3038 327 3131 383 ille
3153 330 3247 399 qui
3270 332 3531 387 mortuus

234 412 385 466 ratis
408 426 503 464 vos
518 412 832 482 quicunque
856 410 1131 482 baptizati
1148 427 1343 466 sumus
1358 413 1419 466 in
1442 413 1658 467 Christo
1680 415 1829 479 Jesu,

238 500 299 553 id
331 506 415 552 est
463 515 562 569 per
600 498 988 553 institutionem
1039 499 1255 563 Christi,
1302 499 1387 554 vel
1425 516 1521 570 per
1562 501 1845 555 Christum

235 596 652 643 consecrantem
682 587 840 641 nobis
868 587 1158 657 baptisma.
1194 589 1306 643 Nos
1326 589 1507 660 utique
1540 590 1831 662 baptizati,

228 677 289 731 id
324 684 405 731 est
437 676 603 729 abluti
632 692 660 728 a
692 676 926 746 peccatis
972 693 1167 732 sumus
1195 678 1257 731 in
1289 683 1525 733 mortem
1558 681 1756 750 ipsius,
1780 679 1835 733 id

234 774 326 819 est
353 765 409 817 in
439 764 846 819 similitudinem
885 766 1075 819 mortis
1125 767 1259 835 ejus,
1293 774 1349 820 ut
1380 767 1516 821 sicut
1546 767 1634 821 ille
1666 767 1833 822 semel

231 862 483 907 mortuus
534 861 615 907 est
663 861 713 907 et
761 870 977 924 semper
1016 855 1162 920 vivit,
1218 855 1291 909 ita
1342 863 1393 909 et
1432 871 1531 909 nos
1582 856 1749 910 semel
1780 856 1833 909 in

234 942 518 1012 baptismo
578 942 815 1012 peccatis
875 943 1192 1010 moriamur,
1262 944 1410 997 etin
1452 942 1834 1013 justificatione

233 1048 465 1101 semper
494 1031 756 1085 vivamus.
792 1030 940 1086 Sicut
971 1033 1216 1102 probavit
1257 1032 1402 1104 quod
1434 1032 1600 1087 semel
1637 1031 1834 1102 justifi-

234 1120 349 1174 cati
376 1120 571 1173 iterum
620 1136 849 1190 peccare
880 1136 989 1175 non
1033 1121 1314 1186 debemus,
1347 1121 1424 1175 sic
1456 1122 1615 1176 etiam
1643 1121 1835 1191 probat

233 1208 383 1279 quod
416 1224 448 1261 a
478 1217 704 1278 peccato
752 1225 852 1263 nos
899 1209 1037 1263 bene
1075 1210 1350 1264 continere
1396 1226 1702 1280 possumus,
1755 1210 1834 1262 di-

236 1312 375 1351 cens
409 1315 422 1351 :
456 1298 594 1351 Vere
622 1296 893 1366 justificati
931 1306 1253 1368 potestatem
1285 1299 1566 1367 habemus,
1602 1299 1646 1351 si
1677 1298 1834 1353 volu—

234 1401 385 1453 mus,
420 1401 529 1439 non
558 1386 841 1455 peccandi.
866 1387 1005 1441 Nam
1028 1402 1126 1441 nos
1152 1389 1469 1460 consepulti
1489 1404 1702 1452 sumus,
1727 1404 1835 1442 non

235 1474 419 1527 solum
451 1474 647 1528 mortui
686 1490 815 1529 cum
858 1476 1094 1540 Christo,
1150 1478 1213 1531 in
1250 1481 1488 1532 mortem
1513 1493 1616 1547 per
1644 1477 1833 1548 bapti-

236 1580 451 1628 smum,
500 1562 643 1634 quod
692 1565 1155 1634 quemadmoium
1205 1565 1453 1619 Christus
1503 1566 1558 1619 in
1588 1566 1835 1636 sepulcro

236 1652 452 1721 positus
502 1659 823 1721 potestatem
872 1669 979 1707 non
1031 1653 1218 1708 habuit
1266 1654 1562 1709 secundum
1612 1670 1833 1709 carnem

238 1756 464 1794 manum
498 1740 584 1794 vel
613 1741 810 1810 pedem
842 1743 1134 1797 extendere
1164 1742 1232 1796 ad
1263 1751 1417 1798 actus
1440 1743 1639 1797 veteris
1665 1742 1837 1797 homi-

240 1829 348 1893 nis,
382 1830 461 1883 sic
490 1838 542 1883 et
589 1829 765 1896 nobis,
814 1831 858 1884 si
889 1830 1154 1895 volumus,
1196 1831 1251 1884 in
1294 1830 1564 1900 baptismo
1595 1839 1838 1901 potesta-

242 1928 352 1971 tem
386 1918 537 1973 dedit
576 1918 691 1987 jam
740 1918 969 1989 amplius
1009 1935 1116 1973 non
1165 1919 1471 1974 revertendi
1501 1920 1570 1973 ad
1601 1927 1838 1974 vetusta-

240 2015 353 2061 tem
410 2007 640 2076 peccati.
690 2007 774 2062 Ad
822 2008 925 2062 hoc
964 2008 1147 2079 utique
1193 2008 1495 2078 consepulti
1536 2025 1739 2073 sumus,
1775 2013 1837 2063 ut

247 2096 521 2167 quomodo
557 2096 809 2151 Christus
836 2098 1095 2152 surrexit
1125 2114 1159 2150 a
1188 2097 1448 2165 mortuis,
1468 2113 1575 2151 non
1606 2097 1837 2167 amplius

243 2191 628 2254 resumpturus
667 2193 845 2240 actum
895 2185 1235 2240 mortalitatis
1279 2185 1531 2255 (surrexit
1560 2186 1704 2251 dico,
1738 2203 1839 2259 per

238 2274 485 2344 gloriam
520 2275 730 2339 Patris,
764 2274 819 2327 id
851 2282 931 2327 est
960 2290 1061 2344 per
1090 2274 1326 2328 Verbum
1357 2274 1459 2328 sibi
1490 2275 1716 2341 unitum,
1753 2275 1838 2330 vel

241 2369 475 2432 propter
502 2360 952 2431 magnificandam
983 2362 1215 2434 gloriam
1246 2362 1460 2431 Patris),
1492 2365 1576 2418 ita
1604 2379 1704 2419 nos
1734 2380 1836 2436 po-

238 2452 341 2504 siti
373 2451 439 2503 in
468 2452 720 2505 novitate
744 2452 892 2518 vitae,
930 2450 985 2503 id
1022 2459 1104 2504 est
1135 2450 1189 2503 in
1220 2452 1611 2506 resurrectione
1643 2452 1838 2507 animae

238 2554 337 2607 per
384 2537 716 2608 baptismum
758 2538 1083 2606 justiﬁcat'ce,
1126 2539 1477 2594 ambulemus
1506 2538 1837 2610 proficiendo

242 2626 293 2679 in
325 2635 551 2696 accepta
583 2626 841 2681 novitate.
878 2628 1017 2681 Vere
1046 2627 1100 2680 in
1130 2627 1364 2683 novitate
1396 2628 1517 2682 vitae
1546 2644 1836 2698 possumus

240 2714 546 2769 ambulare.
596 2715 733 2768 Nam
779 2730 879 2769 nos
927 2732 1114 2769 sumus
1164 2715 1368 2770 similes
1427 2716 1836 2771 resurrectionis

241 2805 380 2872 ejus,
415 2804 561 2874 quia,
615 2804 1073 2874 quemadmodum
1119 2804 1360 2857 Christus
1409 2820 1703 2877 resurgens
1734 2821 1835 2860 no-

240 2909 341 2947 vus
373 2894 536 2946 homo
566 2891 678 2958 fuit,
729 2893 803 2945 ita
834 2900 886 2946 et
934 2908 1034 2946 nos
1082 2908 1181 2962 per
1213 2893 1540 2962 baptismum
1571 2902 1835 2947 vetustate

240 2981 451 3052 peccati
484 2981 751 3051 deposita,
802 2981 854 3034 in
886 2980 1123 3035 novitate
1155 2980 1422 3035 bonorum
1453 2997 1677 3052 operum
1709 2982 1834 3037 novi

241 3069 495 3123 homines
525 3069 714 3123 simus.
749 3070 816 3123 Et
856 3085 982 3124 vere
1014 3068 1216 3123 similes
1264 3069 1677 3124 resurrectionis
1726 3068 1833 3124 eri-

241 3174 381 3219 mus,
405 3160 457 3212 si
490 3160 867 3229 complantati
888 3175 1086 3213 sumus
1110 3177 1128 3224 ;
1163 3172 1265 3211 uec
1286 3173 1387 3227 per
1416 3174 1515 3212 nos
1536 3159 1639 3212 hoc
1658 3164 1837 3227 potest

243 3245 382 3314 ﬁeri,
417 3247 513 3300 sed
544 3262 641 3317 per
661 3247 886 3317 gratiam
906 3246 1005 3300 Dei
1023 3247 1167 3316 facti
1191 3245 1539 3317 complantati
1558 3246 1836 3300 similitu-

241 3334 365 3390 dini
396 3336 595 3390 mortis
625 3339 764 3406 ejus,
796 3335 851 3388 id
882 3343 963 3389 est
994 3334 1037 3387 si
1068 3334 1387 3390 commortui
1408 3334 1667 3388 fuerimus
1685 3333 1839 3387 Chri-

240 3432 344 3488 sto,
378 3440 441 3477 ea
478 3423 631 3478 36
663 3423 1030 3489 similitudine,
1062 3432 1118 3477 ut
1148 3424 1288 3479 sicut
1328 3424 1417 3477 ille
1447 3422 1615 3477 semel
1661 3423 1836 3492 depo-

242 3512 359 3565 sitis
389 3512 621 3566 miseriis
648 3512 846 3567 veteris
877 3511 1129 3577 hominis,
1164 3513 1230 3567 ad
1264 3512 1385 3565 illas
1407 3511 1543 3565 ultra
1567 3526 1673 3565 non
1695 3511 1836 3565 red-

238 3600 315 3667 iit,
352 3601 431 3654 sic
464 3608 515 3654 et
544 3616 665 3666 nos,
711 3600 764 3653 in
804 3601 1072 3670 baptismo
1101 3600 1269 3655 semel
1299 3600 1546 3670 deposita
1577 3608 1837 3655 vetustate

240 3689 475 3758 peccati,
528 3688 597 3743 ad
643 3688 773 3742 illud
818 3689 953 3742 ultra
1004 3705 1113 3743 non
1165 3688 1563 3759 regrediamur.
1606 3689 1661 3743 Si
1692 3689 1836 3743 enim

242 3777 317 3831 sic
349 3777 694 3847 complantati
744 3794 931 3831 sumus
976 3777 1309 3831 similitudini
1353 3777 1542 3832 mortis
1575 3778 1710 3845 ejus,
1752 3779 1835 3831 si-

240 3867 363 3919 mul
386 3868 559 3920 etiam
586 3865 777 3919 merito
804 3865 1006 3919 unitate
1038 3866 1227 3919 mortis
1250 3868 1463 3921 erimus
1484 3864 1837 3935 complantati

239 3953 579 4008 similitudini
608 3955 1040 4009 resurrectionis
1071 3955 1221 4022 ejus,
1255 3954 1309 4006 in
1340 3953 1579 4008 novitate
1606 3969 1835 4024 operum

242 4042 608 4113 proficientes.
642 4042 1004 4111 Complantati
1036 4042 1102 4095 ab
1132 4042 1223 4095 illa
1255 4041 1605 4096 similitudine
1634 4041 1835 4096 dictum

242 4139 342 4195 est,
377 4146 484 4201 qua
514 4147 696 4185 ramus
724 4130 880 4185 bonae
926 4128 1156 4195 arboris,
1208 4137 1399 4184 trunco
1438 4129 1595 4184 malae
1623 4129 1835 4184 arboris

240 4219 517 4285 inseritur,
554 4218 865 4289 fructusque
897 4233 1069 4273 novos
1107 4217 1309 4271 ibidem
1340 4217 1507 4285 facit;
1540 4217 1617 4273 sic
1648 4225 1701 4272 et
1730 4234 1835 4273 n0-

244 4309 383 4362 vitas
405 4305 805 4376 justificationis
836 4307 1037 4361 inserta
1070 4315 1261 4361 trunco
1289 4314 1489 4361 nostrae
1532 4306 1830 4373 vetustatis,

1938 417 2022 467 est
2058 413 2113 466 in
2144 412 2436 483 baptismo,
2467 430 2494 466 a
2525 424 2751 484 peccato
2781 417 3043 472 liberatus
3065 426 3166 473 est.
3189 418 3305 473 Nec
3326 418 3429 473 hoc
3450 434 3531 473 so-

1936 500 2068 567 lum,
2105 502 2200 555 sed
2233 501 2396 556 etiam
2417 503 2777 573 justiﬁeatus
2807 524 2841 561 a
2868 511 3125 578 peccato.

2006 591 2296 661 Postquam
2327 591 2395 644 de
2424 591 2595 661 prima
2626 595 3045 662 resurrectione,
3072 612 3191 667 quae
3210 604 3291 651 est
3312 595 3530 665 animae,

1936 677 2261 732 sufficienter
2328 679 2558 748 edocuit,
2626 682 2896 752 quomodo
2962 691 3107 738 esset
3166 685 3528 751 observanda,

1936 767 2213 839 subjungit
2244 768 2312 821 de
2361 769 2619 834 secunda,
2655 770 2844 825 dicens
2880 789 2892 825 :
2924 772 3037 826 Nos
3085 788 3205 827 eam
3254 773 3532 827 habituros

1934 854 2124 909 merito
2172 855 2361 925 primze
2402 856 2541 911 bene
2574 858 2893 913 custoditize.
2931 860 3105 930 thue
3136 860 3312 932 magis
3344 860 3531 931 capia-

1935 959 2057 997 mur
2105 959 2289 997 amore
2338 945 2474 1013 ejus,
2554 946 2704 1015 ponit
2764 948 3289 1003 commendationem
3336 948 3529 1019 ipsius,

1936 1032 2189 1101 aperiens
2240 1049 2401 1104 quam
2451 1034 2614 1105 digna
2658 1035 2725 1088 sit
2774 1044 2825 1089 et
2873 1052 3035 1107 quam
3078 1037 3242 1103 utilis,
3293 1037 3530 1093 dicens:

1938 1120 2059 1173 Non
2094 1120 2269 1175 solum
2309 1122 2505 1175 mortui
2533 1131 2755 1192 peccato
2777 1123 3153 1191 justificamur,
3190 1142 3311 1195 quae
3336 1125 3533 1194 justiti-

1936 1209 2073 1264 catio
2107 1217 2189 1263 est
2220 1210 2397 1280 prima
2429 1211 2771 1277 resurrectio,
2809 1213 2906 1267 sed
2936 1213 3092 1267 etiam
3125 1216 3173 1269 si
3204 1215 3417 1269 mortui
3446 1232 3535 1269 su-

1934 1314 2061 1353 mus
2090 1307 2331 1368 peccato,
2375 1299 2479 1354 hoc
2536 1307 2616 1354 est
2644 1316 2773 1355 cum
2802 1301 3034 1367 Christo,
3070 1309 3147 1371 ut,
3179 1303 3533 1374 quemadmo-

1936 1386 2067 1440 dum
2098 1387 2340 1441 Christus
2381 1387 2551 1442 semel
2601 1397 2860 1453 mortuus,
2906 1406 3181 1461 nunquam
3210 1390 3278 1445 ad
3308 1391 3531 1461 deposi-

1937 1483 2045 1529 tam
2087 1483 2404 1530 vetustatem
2457 1476 2629 1541 rediit,
2673 1478 2751 1533 sic
2798 1486 2850 1533 et
2897 1494 2997 1533 nos
3030 1479 3196 1533 semel
3225 1495 3323 1549 per
3350 1479 3531 1550 bapti-

1938 1580 2113 1618 smum
2146 1565 2201 1617 in
2231 1572 2458 1634 peccato
2491 1566 2706 1630 mortui,
2740 1582 2849 1620 non
2880 1575 3219 1621 revertamur
3245 1568 3313 1621 ad
3335 1584 3530 1638 pecca-

1938 1660 2069 1715 tum,
2108 1652 2394 1707 credimus
2427 1653 2612 1724 utique
2657 1662 2709 1707 et
2758 1670 2858 1709 nos
2890 1654 3051 1709 etiam
3078 1657 3322 1711 vivemus
3353 1656 3407 1709 in
3437 1672 3530 1710 se-

1938 1741 2113 1793 cunda
2149 1741 2548 1795 resurrectione
2579 1743 2768 1808 simul,
2815 1742 2867 1795 id
2900 1752 2982 1797 est
3012 1743 3135 1798 facti
3166 1744 3530 1814 impassibiles

1940 1836 1991 1882 et
2024 1828 2363 1883 immortales
2388 1847 2400 1894 ;
2434 1846 2612 1901 neque
2643 1831 2744 1884 hoc
2774 1830 2900 1884 alibi
2931 1832 3033 1885 nisi
3064 1849 3191 1887 cum
3212 1832 3447 1897 Christo,
3475 1832 3529 1887 id

1940 1924 2021 1970 est
2052 1916 2106 1970 in
2139 1917 2312 1971 oculis
2344 1917 2458 1985 ejus
2507 1919 2748 1972 vivemus
2795 1919 2954 1989 positi
2984 1919 3437 1989 incorruptibiles.
3474 1920 3529 1974 Si

1940 2005 2136 2059 mortui
2171 2022 2357 2059 sumus
2389 2022 2509 2061 cum
2532 2006 2766 2071 Christo,
2798 2006 3042 2077 profecto
3080 2008 3352 2063 credimus
3384 2008 3529 2078 quod

1938 2093 2186 2149 vivemus
2220 2110 2343 2149 cum
2376 2094 2606 2160 Christo,
2655 2097 2895 2150 scientes
2935 2096 3039 2153 hoc
3087 2098 3227 2168 quod
3274 2096 3529 2151 Christus

1938 2200 2175 2253 surgens
2206 2201 2239 2238 a
2270 2185 2510 2239 mortuis
2530 2187 2656 2255 jam
2685 2201 2797 2240 non
2825 2187 3087 2249 moritur,
3122 2185 3177 2239 id
3196 2192 3277 2239 est
3291 2185 3399 2253 jam
3421 2201 3530 2239 non

1938 2271 2166 2326 ulterius
2213 2280 2445 2326 mortem
2491 2272 2765 2343 gustabit;
2799 2272 2925 2343 quia
2969 2273 3137 2328 semel
3186 2281 3428 2327 mortuus
3458 2272 3529 2327 ad

1932 2359 2378 2429 justiticationem
2427 2360 2668 2414 omnium
2718 2359 2989 2416 sufficiens
3031 2361 3145 2415 fuit.
3196 2363 3309 2417 Nec
3353 2361 3527 2416 solum

1938 2464 2048 2502 non
2078 2449 2326 2518 moritur,
2364 2449 2460 2503 sed
2491 2450 2652 2503 etiam
2684 2466 2833 2505 mors
2854 2466 2969 2505 non
2990 2451 3079 2505 illi
3096 2451 3252 2504 ultra
3272 2450 3527 2506 domina-

1938 2538 2110 2592 bitur.
2146 2536 2392 2591 Dominia
2422 2538 2608 2592 mortis
2639 2546 2799 2591 sunt:
2825 2538 3036 2603 Fames,
3062 2538 3314 2605 esuries,,
3347 2537 3529 2592 febres

1938 2633 1989 2680 et
2031 2642 2367 2696 quaecunque
2416 2625 2668 2680 miseriae.
2716 2627 2886 2696 Caput
2926 2627 3088 2681 etiam
3139 2635 3191 2681 et
3240 2626 3529 2697 completio

1938 2713 2178 2768 omnium
2221 2714 2585 2781 miseriarum,
2620 2730 2789 2768 mors.
2824 2714 2930 2769 Sed
2961 2731 3061 2770 nec
3092 2730 3259 2779 mors,
3292 2730 3394 2769 nec
3423 2714 3529 2767 mi-

1938 2802 2097 2857 serim
2146 2818 2264 2873 quae
2312 2810 2437 2855 sunt
2464 2802 2782 2872 praenuntiae
2829 2802 3051 2869 mortis,
3109 2802 3530 2857 dominabuntur

1936 2890 2165 2960 amplius
2214 2890 2424 2945 Christo
2476 2890 2645 2945 semel
2692 2899 2929 2946 mortuo.
2975 2892 3117 2946 Vere
3148 2891 3390 2945 Christus
3414 2892 3527 2960 jam

1938 2994 2045 3033 non
2076 2979 2321 3033 moritur.
2354 2981 2492 3033 Nam
2524 2980 2628 3035 hoc
2657 2979 2798 3052 quod
2827 2984 3084 3035 mortuus
3101 2985 3187 3035 est
3202 2984 3452 3053 peccato,
3475 2980 3529 3033 id

1935 3076 2017 3121 est
2045 3068 2111 3121 ad
2142 3067 2568 3123 destructionem
2600 3068 2824 3139 peccati,
2856 3072 3112 3124 mortuus
3143 3074 3227 3124 est
3257 3070 3449 3135 semet,
3474 3068 3529 3123 id

1937 3164 2018 3211 est
2048 3157 2218 3212 semel
2247 3157 2384 3211 mori
2415 3156 2644 3212 suffecit.

2006 3246 2072 3299 Et
2119 3244 2242 3299 ideo
2276 3246 2443 3299 semel
2490 3246 2753 3300 commori
2797 3246 2872 3300 illi
2914 3246 2967 3300 in
2995 3246 3266 3317 baptismo
3298 3245 3529 3300 sufficiat

1936 3333 2114 3399 nobis,
2148 3334 2549 3403 perseverando
2581 3334 2636 3387 in
2664 3342 2889 3405 accepta
2902 3334 3302 3403 justificatione.
3328 3335 3530 3389 Probat

1937 3422 2097 3475 etiam
2146 3422 2290 3493 quod
2338 3437 2482 3476 mors
2531 3422 2674 3476 ultra
2719 3439 2826 3477 non
2870 3424 3235 3477 dominabitur
3289 3423 3523 3478 Christo.

1935 3511 2075 3564 Nam
2107 3510 2209 3564 hoc
2240 3511 2381 3582 quod
2412 3512 2549 3565 vivit
2576 3511 2711 3565 vivit
2741 3512 2863 3565 Deo.
2901 3511 2955 3563 id
2986 3519 3065 3564 est
3096 3510 3205 3565 vita
3237 3511 3374 3577 Dei;
3404 3512 3527 3582 quia

1937 3598 1983 3652 si
2014 3598 2471 3668 quemadmodum
2505 3599 2650 3653 Deus
2681 3598 2810 3651 vivit
2837 3597 3164 3653 :eternaliter
3191 3606 3243 3652 et
3260 3598 3375 3653 sine
3398 3613 3527 3653 cor-

1936 3686 2207 3756 ruptione,
2254 3685 2499 3755 profecto
2547 3685 2755 3740 nullum
2795 3686 3091 3740 dominium
3141 3685 3196 3739 in
3246 3702 3311 3740 eo
3341 3686 3528 3739 mortis

1936 3775 2053 3829 erit.
2089 3774 2246 3842 Quod
2276 3774 2407 3828 dixit
2436 3774 2491 3828 in
2519 3781 2631 3829 toto
2680 3774 2882 3829 debere
2910 3774 3173 3829 commori
3201 3774 3436 3841 Christo,
3471 3782 3530 3828 ut

1936 3862 1985 3917 ei
2015 3863 2384 3926 convivemus,
2430 3862 2648 3933 adaptat
2680 3863 2841 3918 modo
2872 3862 3151 3929 Romanis,
3186 3878 3413 3933 quorum
3445 3862 3531 3917 hic

1934 3950 2251 4006 intendebat
2282 3950 2641 4015 instructioni,
2676 3952 2864 4007 dicens
2900 3969 2912 4005 :
2940 3950 3394 4023 Quandoquidem
3425 3967 3527 4005 ne-

1935 4056 2090 4095 cesse
2132 4046 2215 4093 est
2256 4039 2520 4093 commori
2571 4039 2799 4104 Christo,
2836 4040 2879 4093 si
2914 4040 3161 4094 volumus
3191 4039 3376 4094 vivere
3405 4055 3528 4094 cum

1935 4144 2033 4195 eo;
2084 4130 2188 4192 ita,
2250 4127 2305 4181 id
2363 4135 2445 4181 est
2499 4128 2600 4182 hac
2658 4126 2859 4181 ratione
2904 4128 3079 4182 edocti
3126 4143 3236 4190 vos,
3272 4127 3522 4196 Romani,

1936 4218 2267 4271 existimate
2300 4232 2389 4271 vos
2420 4216 2642 4287 quidem
2672 4232 2787 4270 esse
2818 4220 3068 4271 mortuos
3095 4220 3344 4287 peccato,
3365 4215 3419 4269 id
3447 4224 3530 4270 est

1935 4305 2139 4359 credite
2171 4320 2267 4359 vos
2296 4311 2542 4358 mortuos
2573 4320 2695 4358 esse
2726 4304 2780 4357 in
2809 4303 3098 4373 baptismo,
3142 4320 3209 4358 ne
3239 4303 3381 4358 ultra
3409 4320 3528 4358 ma-

246 4396 513 4451 exstincto
551 4411 745 4467 sapore
776 4395 966 4457 veteri,
1000 4394 1203 4449 fructus
1235 4394 1399 4450 faciat
1430 4394 1646 4449 inserta:
1674 4396 1833 4449 novi-
1856 4393 1909 4452 D
1937 4410 2067 4446 num
2097 4392 2389 4463 porrigetis
2418 4392 2485 4446 ad
2514 4400 2691 4447 actum
2720 4391 2925 4462 peccati
2950 4411 2963 4458 ;
3000 4392 3143 4463 quod
3163 4392 3207 4446 si
3240 4392 3310 4446 ita
3332 4392 3530 4447 mortui

244 4485 389 4539 tatis.
426 4485 640 4539 Similes
686 4484 870 4555 utique
917 4483 1107 4539 mortis
1147 4483 1344 4537 Christi
1375 4483 1635 4537 debemus
1668 4482 1787 4537 fieri
1820 4497 1832 4537 :

242 4574 495 4628 Scientes
518 4574 618 4627 hoc
632 4574 761 4645 quia
782 4576 940 4627 vetus
960 4574 1119 4627 homo
1141 4575 1333 4627 noster
1353 4572 1525 4626 simul
1542 4588 1671 4626 cum
1687 4570 1837 4626 Chri-

246 4666 329 4716 sto
362 4663 571 4730 afﬁxus
588 4666 673 4715 est
694 4664 852 4717 cruci
878 4678 890 4714 :
916 4660 982 4713 ad
1004 4661 1127 4728 hoc,
1156 4664 1220 4715 ut
1241 4660 1575 4714 destruatur
1596 4661 1657 4713 in
1678 4659 1834 4713 nobis

247 4767 449 4820 corpus
478 4751 729 4820 peccati;
752 4750 821 4803 ita
853 4750 1163 4802 destruatur
1191 4763 1389 4818 corpus
1410 4755 1656 4802 nostrum
1686 4748 1741 4801 in
1772 4763 1836 4803 eo

243 4838 390 4909 quod
420 4838 698 4907 peccabat,
732 4842 796 4891 ut
829 4839 984 4891 ultra
1007 4852 1119 4891 non
1136 4837 1448 4891 serviamus
1466 4841 1713 4907 peccato,
1740 4836 1835 4890 sed

246 4926 531 4997 imperium
563 4926 858 4978 habeamus
904 4942 1070 4995 super
1108 4932 1414 4994 peccatum.
1448 4923 1711 4978 Dominus
1739 4926 1835 4978 Je-

243 5031 336 5068 sus
367 5013 512 5067 aliud
544 5029 717 5085 genus
748 5013 936 5067 mortis
968 5014 1011 5066 si
1033 5013 1195 5067 vellet
1249 5013 1452 5083 eligere
1500 5020 1705 5081 posset,
1740 5012 1837 5065 sed

242 5119 351 5157 non
384 5103 501 5155 sine
532 5101 791 5171 mysterio
841 5102 987 5156 cruci
1017 5100 1162 5173 aﬂigi
1193 5101 1371 5173 magis
1403 5101 1587 5168 voluit,
1624 5100 1835 5172 signiti—

240 5208 373 5246 caus
406 5190 583 5255 nobis,
618 5198 673 5243 ut
705 5190 1154 5261 quemadmodum
1186 5205 1380 5243 manus
1411 5198 1462 5243 et
1492 5190 1678 5259 pedes,
1713 5205 1836 5243 sen-

240 5297 333 5333 sus
366 5278 575 5333 scilicet
615 5280 885 5333 humanos
930 5278 1117 5332 atiixos
1170 5278 1378 5345 habuit,
1413 5278 1491 5332 sic
1520 5286 1573 5332 et
1602 5294 1701 5332 nos
1728 5293 1836 5331 non

242 5368 416 5421 solum
449 5384 637 5437 opera,
664 5368 761 5422 sed
793 5368 953 5422 etiam
986 5383 1181 5421 sensus
1202 5366 1391 5421 aﬁixos
1420 5366 1733 5431 habeamus,
1768 5382 1836 5420 ne

241 5456 553 5528 cogitemus
588 5456 674 5511 vel
706 5472 993 5529 operemur
1023 5456 1187 5510 mala.
1226 5456 1288 5509 Et
1320 5455 1460 5511 bene
1490 5454 1754 5510 debemus
1784 5462 1837 5511 et

1936 4482 2085 4546 estis,
2149 4480 2449 4535 existimate
2502 4481 2658 4535 etiam
2714 4496 2812 4535 vos
2868 4481 3112 4536 viventes
3170 4482 3297 4544 Deo,
3345 4480 3401 4535 id
3449 4489 3531 4535 est

1936 4570 1988 4623 in
2019 4578 2237 4639 accepta
2262 4569 2647 4637 justiﬁcatione
2678 4569 2873 4623 animae
2924 4569 3168 4624 viventes
3193 4578 3245 4624 et
3274 4571 3378 4625 hoc
3407 4586 3529 4624 me-

1938 4658 2036 4713 rito
2067 4659 2121 4712 in
2152 4658 2501 4729 corruptione
2531 4673 2823 4729 corporum
2849 4658 3086 4713 victuros
3121 4673 3133 4712 :
3168 4666 3221 4712 et
3238 4659 3341 4713 hoc
3357 4666 3529 4713 totum

1936 4749 1999 4803 in
2035 4747 2252 4802 Christo
2280 4749 2430 4811 Jesu,
2464 4746 2516 4800 id
2549 4756 2630 4801 est
2651 4764 2749 4817 per
2771 4747 3041 4801 Christum
3061 4747 3267 4813 Jesum,
3297 4747 3387 4818 qui
3405 4755 3457 4801 et
3475 4747 3528 4801 in

1936 4835 2191 4905 praesenti
2234 4834 2511 4903 justiticat,
2558 4842 2612 4888 et.
2655 4835 2710 4889 in
2745 4833 3127 4904 justificatione
3195 4851 3529 4905 permanen-

1936 4922 2079 4977 tibus
2110 4924 2271 4977 vitam
2302 4931 2554 4977 aeternam
2601 4930 2885 4993 praeparat.
2934 4922 3091 4991 Quod
3121 4923 3330 4978 dixerat
3361 4941 3527 4995 supe-

1937 5011 2070 5076 rius,
2105 5028 2204 5065 nos
2250 5020 2491 5066 mortuos
2536 5028 2658 5066 esse
2706 5019 2948 5081 peccato,
2992 5019 3044 5066 et
3085 5012 3375 5067 vivendum
3408 5030 3530 5069 esse

1941 5099 2091 5155 3'7
2116 5101 2251 5165 Deo,
2276 5101 2466 5154 videns
2484 5100 2757 5154 hominem
2788 5101 2937 5154 nullo
2960 5100 3121 5155 modo
3152 5118 3314 5171 posse
3344 5101 3396 5154 in
3428 5103 3531 5156 hac

1936 5188 2044 5243 vita
2076 5205 2133 5242 se
2166 5188 2421 5244 cohibere
2453 5205 2483 5243 a
2523 5188 2844 5257 venialibus,
2896 5189 3217 5243 determinat
3247 5191 3299 5243 in
3333 5190 3530 5261 quibus

1936 5278 2171 5346 peccatis
2220 5278 2358 5332 mori
2401 5278 2699 5332 debeamus
2730 5285 2783 5331 et
2812 5278 3081 5348 possimus
3117 5293 3127 5331 :
3162 5277 3337 5333 sciens
3367 5277 3529 5331 fomi—

1936 5373 2044 5419 tem
2074 5366 2283 5436 peccati
2315 5367 2632 5421 naturaliter
2660 5367 2840 5422 inesse
2871 5367 3083 5438 cuique.
3130 5367 3235 5421 Sed
3258 5381 3370 5434 jam
3402 5382 3533 5421 con-

1938 5454 2131 5513 fortato
2161 5454 2331 5515 libero
2369 5455 2615 5524 arbitrio,
2665 5472 2956 5531 possumus
2999 5471 3256 5515 coercere
3288 5453 3528 5515 fomitem
