3960 6036
426 284 495 338 59
986 286 1043 341 S.
1084 285 1435 344 BRUNONIS
1474 286 2123 346 CARTHUSIANORUM
2158 284 2640 343 INSTITUTORIS
2679 285 2831 343 OPP.
2874 284 3049 341 PARS
3085 285 3151 340 II.
3641 284 3711 337 60

428 406 657 480 peccati,
692 423 761 466 ne
805 416 1126 481 prorumpat
1170 409 1226 465 in
1270 417 1464 466 actum.
1517 411 1585 465 Et
1621 410 1727 468 hoc
1771 411 2094 473 determi—A
2122 407 2225 464 cati
2255 406 2580 473 efﬁciemini,
2627 421 2730 462 nec
2772 406 2934 476 hujus
2983 403 3252 461 servitutis
3301 404 3510 461 vincula
3556 421 3713 461 rum-

432 512 588 563 nans,
622 496 696 551 ait
730 512 743 551 :
775 495 1004 566 Quando
1046 497 1266 570 quidem
1295 498 1540 554 viventes
1569 498 1700 554 estis
1729 500 1864 565 Deo,
1899 515 2024 571 ergo

429 589 747 658 peccatum,
793 584 849 640 id
886 594 988 653 est,
1037 586 1297 641 naturalis
1328 585 1501 642 fomes
1527 587 1760 657 peccati,
1793 604 1909 642 non
1938 604 2026 643 re-

436 678 571 744 gnet
601 674 663 728 in
711 673 882 729 vobis.
926 675 1174 747 Regnare
1222 675 1431 746 peccati
1474 683 1574 741 est,
1610 676 2021 744 consentiendo,

334 778 337 785 ε
433 761 666 832 agendo,
703 769 756 816 et
785 762 839 816 in
868 778 1034 834 opere
1054 764 1261 834 peccati
1282 763 1711 820 consuescendo.
1732 763 2023 820 Peccatum

432 850 620 920 utique
661 864 771 904 non
817 859 1007 922 regnet
1052 853 1116 907 in
1164 867 1392 925 corpore
1422 856 1624 920 vestro,
1658 852 1714 907 id
1743 860 1843 920 est,
1877 853 2023 925 quod

426 938 541 1007 jam
568 946 808 993 vestrum
840 948 941 1007 est,
976 947 1027 995 et
1066 956 1166 1011 per
1201 940 1649 996 confortationem
1678 940 1837 996 liberi
1868 941 2021 996 arbi-

432 1026 521 1080 trii
552 1026 855 1095 subjectum
903 1027 1141 1083 dominio
1190 1029 1435 1083 rationis.
1479 1029 1718 1101 Corpore
1744 1029 1867 1085 dico
1896 1029 2023 1086 licet

425 1112 739 1183 justiﬁcato,
777 1123 953 1170 tamen
976 1115 1151 1172 adhuc
1180 1118 1431 1184 mortali,
1462 1124 1514 1171 et
1545 1116 1673 1189 (nisi
1705 1117 1910 1173 ratione
1940 1134 2022 1173 re-

429 1206 611 1274 gatur)
640 1218 816 1273 prono
841 1204 898 1258 in
944 1220 1081 1276 opus
1129 1205 1359 1276 peccati.
1406 1203 1588 1274 Quare
1618 1205 1908 1261 videndum
1939 1213 2020 1261 est

431 1307 499 1346 ne
532 1292 934 1348 consentientes
963 1292 1275 1348 mortalitati
1300 1301 1493 1348 vestrae
1522 1310 1632 1350 non
1660 1294 1850 1349 vivatis
1879 1296 2015 1351 Deo.

424 1380 547 1435 Non
578 1380 759 1452 itaque
805 1389 999 1452 regnet
1045 1389 1329 1453 peccatum
1358 1387 1423 1438 ut
1452 1383 1720 1439 obediatis
1746 1386 2016 1457 concupi-

428 1469 662 1524 scentiis
711 1470 853 1539 ejus,
891 1469 1097 1526 scilicet
1141 1470 1371 1542 peccati,
1421 1471 1473 1525 id
1504 1479 1584 1527 est
1615 1479 1672 1526 ut
1702 1471 1848 1544 quod
1877 1472 2017 1529 male

425 1557 617 1612 suadet
680 1556 967 1613 infirmitas
1014 1559 1192 1614 carnis
1235 1567 1450 1627 vestra},
1507 1575 1675 1631 opere
1723 1559 2018 1632 perﬁciatis

427 1661 529 1701 nec
561 1646 737 1701 solum
766 1662 874 1702 non
893 1647 1160 1703 obediatis
1182 1664 1369 1719 opere,
1394 1649 1489 1705 sed
1509 1666 1687 1723 neque
1704 1649 2017 1706 exhibeatis

2120 513 2253 569 pere
2284 496 2510 568 potestis
2558 495 2805 550 libertate
2858 494 3093 565 perdita.
3140 494 3269 549 Ideo
3310 494 3508 550 bonum
3541 502 3624 549 est
3650 501 3709 549 ut

2122 582 2265 638 servi
2309 580 2436 638 facti
2478 580 2720 650 justitia),
2771 596 2805 635 a
2848 579 3023 651 gratia
3069 594 3178 634 non
3225 578 3527 646 declinetis,
3583 578 3707 650 quia

2122 671 2262 726 servi
2294 669 2419 726 facti
2448 669 2657 741 peccati
2685 685 2792 724 non
2823 668 3049 740 potestis
3078 675 3255 723 vestro
3278 668 3396 737 jure
3413 666 3608 723 reverti
3636 665 3707 721 ad

2122 759 2370 833 gratiam.
2407 760 2535 841 ideo
2564 758 2619 812 in
2642 757 2848 828 justitia
2875 757 3180 829 perdurate,
3214 771 3314 811 nec
3343 763 3567 828 propter
3594 756 3700 811 hoc

2121 848 2316 914 solum,
2359 848 2454 903 sed
2502 848 2663 903 etiam
2690 846 2814 902 ideo
2864 845 2991 918 quia
3032 862 3155 901 cum
3184 844 3311 902 olim
3332 846 3467 919 jugo
3495 842 3711 916 peccati

2120 937 2388 1009 deposito,
2444 936 2571 992 facti
2630 935 2761 992 estis
2818 935 2966 990 servi
3014 934 3253 1004 justitiae,
3313 934 3360 988 si
3413 934 3606 989 iterum
3635 932 3708 987 ad

2121 1026 2382 1082 vomitum
2449 1025 2649 1081 veteris
2715 1023 2987 1080 servitutis
3060 1022 3384 1089 relabimini,
3441 1021 3519 1077 rei
3575 1021 3709 1077 estis

2120 1113 2482 1169 instabilitatis
2530 1121 2581 1169 et
2621 1113 2780 1182 justas
2826 1111 3175 1184 perditionis;
3235 1110 3378 1183 quod
3434 1110 3512 1166 sic
3557 1110 3630 1164 ait
3690 1125 3705 1166 :

2117 1203 2240 1258 Non
2269 1203 2444 1258 solum
2476 1218 2576 1273 pro
2621 1217 2686 1256 eo
2735 1201 2878 1273 quod
2906 1201 3251 1272 praemissum
3290 1208 3371 1254 est
3407 1199 3709 1270 perdurare

2119 1291 2329 1347 debetis
2359 1291 2413 1345 in
2436 1290 2659 1361 justitia,
2694 1290 2789 1345 sed
2819 1290 2977 1345 etiam
3007 1305 3108 1361 pro
3139 1304 3204 1345 eo
3232 1287 3377 1360 quod
3405 1287 3660 1359 .sequitur
3692 1301 3705 1340 :

2118 1380 2271 1437 Unde
2298 1380 2511 1453 gratias
2540 1396 2639 1451 ago
2654 1380 2761 1435 Deo
2780 1394 2922 1445 meo,
2948 1378 3039 1448 qui
3058 1393 3155 1433 vos
3176 1377 3347 1452 gratis
3368 1377 3484 1432 sine
3516 1374 3708 1431 merito

2117 1478 2297 1525 vestro
2326 1485 2356 1522 a
2376 1469 2511 1539 jugo
2540 1467 2746 1539 peccati
2766 1466 3042 1522 liberavit.
3629 1473 3641 1486 '

2193 1557 2348 1614 3S
2365 1557 2495 1612 Inde
2526 1555 2709 1627 utique
2738 1555 2942 1627 gratias
2968 1570 3103 1628 ago;
3131 1556 3260 1628 quia
3289 1570 3380 1610 vos
3397 1551 3704 1625 aliquando

2118 1647 2312 1719 fuistis
2324 1647 2467 1701 servi
2483 1645 2721 1717 peccati,
2739 1642 2836 1699 sed
2849 1643 2959 1712 jam
2977 1643 3253 1709 obedistis,
3269 1658 3370 1697 nec
3390 1639 3582 1706 coacti,
3607 1646 3706 1700 sed

424 1734 496 1788 ita
525 1743 580 1789 ut
609 1742 797 1806 parata
844 1743 896 1791 et
943 1744 1249 1807 Opportuna
1286 1754 1384 1807 per
1428 1753 1757 1793 consensum
1806 1737 2015 1794 faciatis
2036 1767 2088 1826 Β
2119 1751 2192 1790 ex
2220 1734 2403 1802 corde,
2435 1733 2491 1787 id
2521 1740 2603 1788 est
2631 1732 2851 1803 propria
2874 1731 3144 1787 voluntate
3162 1731 3338 1787 eundo
3368 1735 3432 1789 in
3459 1737 3706 1805 formam

424 1824 673 1879 membra
708 1828 894 1879 vestra
921 1829 1170 1897 peccato.
1204 1824 1339 1894 Quia
1370 1826 1508 1882 sicut
1546 1842 1647 1882 nec
1681 1826 1913 1897 operari,
1938 1828 2017 1883 sic

422 1926 524 1967 nec
570 1911 714 1967 malo
749 1912 1058 1968 consentire
1103 1913 1333 1969 debetis.
1387 1914 1629 1969 Membra
1666 1923 1845 1970 vestra
1891 1915 2014 1971 dico

425 2007 550 2057 tunc
580 1999 724 2055 facta
752 2018 913 2056 arma
944 2002 1288 2075 iniquitatis,
1323 2003 1370 2056 si
1401 2001 1601 2058 fuerint
1628 2003 1866 2058 exhibita
1893 2020 2017 2074 pec-

423 2097 560 2144 cato.
593 2089 650 2145 Si
699 2089 844 2144 enim
891 2098 1117 2160 peccato
1164 2090 1571 2157 consenseritis,
1603 2098 1729 2146 tunc
1758 2090 2014 2163 iniquitas

421 2183 668 2231 armatur
696 2176 957 2231 membris
986 2176 1198 2243 vestris,
1233 2185 1289 2231 ut
1318 2194 1418 2248 per
1445 2178 1560 2233 haec
1590 2192 1744 2233 arma
1767 2177 2015 2250 perﬁciat

420 2264 566 2336 quod
592 2264 734 2319 male
761 2264 925 2336 cupit.
953 2264 1132 2321 Nolite
1154 2280 1251 2321 vos
1275 2265 1530 2322 exhibere
1550 2266 1768 2334 delicto,
1794 2267 1890 2323 sed
1912 2284 2011 2324 ex-

420 2353 599 2409 hibete
628 2368 720 2409 vos
749 2355 879 2417 Deo,
913 2353 967 2407 id
997 2361 1099 2420 est,
1130 2362 1433 2425 praeparate
1455 2370 1552 2410 vos
1573 2355 1714 2411 bene
1734 2356 2011 2426 operando

419 2441 648 2497 idoneos
673 2444 802 2499 Deo.
833 2442 899 2497 Et
926 2443 1129 2511 justum
1159 2451 1259 2511 est,
1296 2458 1393 2498 vos
1412 2442 1537 2499 dico
1559 2442 1731 2499 factos
1762 2446 2011 2501 viventes

418 2530 473 2585 in
496 2531 701 2600 justitia
727 2535 999 2604 tanquam
1029 2547 1104 2587 ea:
1132 2532 1407 2599 mortuis;
1437 2531 1636 2587 mortui
1666 2532 1805 2587 enim
1843 2533 2010 2588 eratis

417 2619 473 2674 in
500 2628 743 2690 peccato.
776 2620 893 2675 Nec
939 2619 1115 2675 solum
1161 2628 1284 2676 actu
1314 2620 1563 2675 exhibete
1603 2636 1701 2676 vos
1741 2621 1876 2687 Deo,
1912 2620 2009 2676 sed

418 2708 581 2763 etiam
628 2709 876 2763 membra
924 2712 1112 2765 vestra
1156 2708 1211 2762 in
1254 2724 1527 2764 consensu
1556 2716 1608 2764 et
1639 2708 2008 2767 exhortatione

418 2795 683 2851 bonorum
731 2804 1032 2868 praeparate
1079 2798 1207 2853 Deo.
1240 2797 1478 2852 Membra
1509 2805 1692 2853 vestra
1720 2797 1841 2853 dico
1871 2796 2008 2853 facta

419 2892 545 2940 tunc
571 2901 733 2941 arma
750 2885 1018 2955 justitia.
1045 2884 1141 2939 His
1162 2885 1304 2940 enim
1332 2885 1496 2940 armis
1516 2884 1761 2957 perﬁciet
1776 2885 2002 2955 justitia,

418 2973 561 3045 quod
593 2973 732 3028 bene
779 2973 967 3028 suadet
1015 2981 1069 3029 et
1110 2973 1277 3044 cupit.
1325 2974 1548 3029 Debetis
1590 2974 1776 3046 utique
1820 2982 1873 3029 et
1900 2991 1984 3046 po-

420 3061 573 3116 testis
602 3061 857 3117 exhibere
886 3077 985 3118 vos
1014 3062 1148 3117 Deo.
1172 3063 1314 3118 Nam
1330 3067 1646 3134 peccatum,
1670 3062 1770 3117 etsi
1790 3070 2004 3117 natura-

419 3149 546 3204 liter
572 3150 641 3203 sit
670 3149 724 3203 in
744 3149 921 3216 vobis,
946 3158 1256 3207 nontamen
1279 3151 1663 3207 dominabitur
1685 3152 1748 3206 in
1769 3152 1935 3219 vobis,
1961 3153 2007 3206 si

418 3237 720 3293 confortato
750 3238 924 3293 libero
954 3238 1199 3306 arbitrio,
1233 3238 1408 3293 velitis
1438 3238 1532 3305 uti,
1568 3239 1666 3294 sed
1700 3239 1882 3310 potius
1912 3256 2009 3295 vos

416 3325 825 3381 dominabimini
854 3326 957 3397 ipsi
1004 3335 1247 3397 peccato,
1297 3342 1365 3382 ne
1395 3326 1588 3383 habeat
1618 3335 1825 3383 actum.
1870 3330 2006 3384 Vere

414 3422 703 3486 peccatum
731 3430 840 3471 non
864 3414 1230 3470 dominabitur
1257 3415 1312 3470 in
1340 3415 1497 3472 vobis
1532 3431 1544 3470 :
1576 3433 1691 3473 non
1715 3416 1824 3486 jam
1853 3419 2008 3474 enim

416 3504 552 3562 estis
584 3505 685 3559 sub
716 3505 849 3576 lege,
884 3521 1005 3575 qua:
1035 3520 1159 3559 reos
1194 3503 1425 3560 faciebat
1439 3504 1701 3574 jubendo,
1725 3522 1832 3561 non
1855 3506 2010 3575 adju-

414 3592 634 3660 vando;
669 3593 765 3649 sed
796 3595 934 3648 estis
966 3594 1067 3650 sub
1094 3594 1299 3665 gratia,
1324 3610 1446 3665 quas
1467 3593 1683 3649 dimittit
1700 3602 1921 3665 peccata
1955 3601 2008 3648 et

413 3680 629 3751 adjuvat
657 3680 875 3751 operari
903 3681 1065 3737 bona.

486 3768 627 3837 Quia
657 3770 853 3825 iterum
886 3784 1075 3826 errare
1106 3785 1170 3825 ex
1203 3785 1268 3825 eo
1318 3770 1585 3842 quosdam
1629 3769 1809 3835 sentit,
1861 3769 2007 3842 quod

412 3856 617 3911 dixerat
644 3872 744 3927 per
774 3859 1002 3929 gratiam
1032 3858 1216 3913 omnia
1260 3857 1482 3926 dimitti,
1510 3865 1562 3912 et
1587 3858 1692 3913 hac
1721 3856 1916 3914 ﬁducia
1946 3874 2006 3914 se

411 3961 655 4017 peccare,
702 3946 825 4016 quia
872 3945 1050 4016 gratia
1090 3954 1279 4016 parata
1321 3954 1454 4014 erat,
1505 3954 1559 4001 et
1604 3945 1881 4003 sufﬁciens
1910 3963 2004 4002 re-

410 4033 594 4089 laxare
624 4033 826 4101 omnia,
878 4043 1061 4089 contra
1103 4034 1185 4090 sic
1231 4034 1372 4090 male
1419 4043 1706 4106 operantes
1748 4034 1877 4091 dicit
1905 4036 2005 4091 hac

410 4121 709 4178 intentione
748 4138 859 4178 non
908 4138 1032 4178 esse
1071 4123 1432 4193 peccandum,
1466 4123 1589 4195 quia
1618 4123 1794 4197 gratia
1822 4124 2005 4179 omnia

414 4211 635 4283 quidem
682 4210 918 4279 dimittit,
970 4211 1066 4267 sed
1116 4212 1162 4266 si
1207 4211 1400 4283 aliquis
1447 4212 1725 4282 peccando
1765 4228 1824 4268 se
1869 4212 2003 4267 sub-

414 4298 625 4355 duxerit
654 4298 865 4371 gratiae,
911 4298 1087 4355 factus
1117 4315 1309 4355 servus
1339 4300 1569 4370 peccati,
1601 4301 1875 4371 quomodo
1904 4301 2003 4356 scit

412 4387 459 4442 si
506 4388 577 4442 ad
633 4387 861 4461 gratiam
917 4388 1117 4444 reverti
1172 4388 1384 4459 poterit,
1426 4404 1548 4443 cum
1591 4387 1703 4457 jam
1743 4389 1845 4444 sub
1867 4389 2001 4461 jugo

2122 1824 2412 1889 doctrinae,
2436 1822 2489 1877 id
2506 1829 2605 1888 est,
2626 1821 2683 1874 in
2710 1820 3012 1876 doctrinam
3033 1837 3155 1892 qua:
3170 1836 3268 1876 vos
3285 1820 3410 1876 fecit
3438 1823 3554 1878 Deo
3574 1839 3706 1879 con-

2116 1912 2339 1967 formes.
2393 1911 2584 1983 Imago
2633 1909 2778 1964 enim
2823 1909 2924 1964 Dei
2969 1908 3273 1963 deformata
3327 1917 3380 1964 et
3434 1920 3706 1967 excaecata

2118 2000 2293 2056 fuerat
2332 1999 2388 2052 in
2435 1998 2627 2064 vobis;
2660 1998 2757 2052 sed
2783 2014 2881 2067 per
2918 1996 3328 2052 instructionem
3355 2014 3535 2054 meam
3563 2000 3705 2055 ima-

2120 2089 2301 2162 ginem
2334 2086 2433 2143 Dei
2471 2086 2523 2140 in
2574 2085 2728 2141 vobis
2756 2084 3067 2141 reformavi.
3100 2085 3353 2141 Formam
3382 2087 3503 2144 dico
3532 2088 3700 2159 illam,

2114 2178 2169 2232 id
2199 2185 2300 2243 est,
2351 2184 2461 2231 tam
2512 2174 2867 2230 excellentem
2905 2174 3042 2229 sicut
3083 2174 3517 2232 reformationem
3564 2177 3704 2232 ima-

2119 2265 2262 2338 ginis
2292 2264 2392 2319 Dei
2416 2282 2430 2331 ;
2463 2265 2527 2319 in
2556 2280 2722 2337 quam
2750 2262 2973 2318 formam
3000 2264 3200 2320 traditi
3219 2265 3353 2321 estis
3369 2281 3470 2336 per
3491 2265 3703 2321 miseri-

2120 2354 2360 2409 cordiam
2390 2352 2490 2407 Dei
2529 2361 2580 2407 et
2628 2351 2928 2407 doctrinam
2975 2359 3244 2407 nostram.
3299 2353 3402 2408 Per
3430 2369 3527 2409 vos
3557 2355 3703 2410 enim

2118 2440 2507 2497 insufﬁcientes
2564 2440 2728 2495 eratis
2780 2439 3087 2495 reformari.
3152 2439 3295 2495 Olim
3338 2440 3513 2496 fuistis
3557 2445 3703 2500 servi

2119 2530 2349 2602 peccati,
2384 2529 2483 2584 sed
2508 2544 2650 2585 nunc
2677 2529 2899 2585 liberati
2915 2547 2948 2584 a
2965 2534 3214 2600 peccato,
3237 2532 3381 2601 facti
3400 2533 3535 2587 estis
3556 2532 3699 2587 servi

2109 2620 2395 2691 justitiaz;
2426 2625 2477 2672 et
2506 2617 2628 2672 ideo
2650 2616 2816 2673 nolite
2836 2617 3063 2671 ulterius
3093 2617 3268 2691 redigi
3299 2618 3353 2672 in
3387 2618 3703 2675 servitutem

2112 2707 2345 2778 peccati.
2386 2707 2455 2761 Et
2484 2705 2639 2760 vobis
2669 2705 2822 2761 factis
2840 2705 2951 2775 jam
2981 2706 3154 2760 servis
3176 2706 3395 2775 justitia:
3428 2707 3549 2765 dico
3598 2707 3702 2764 hu-

2113 2812 2371 2862 manum,
2403 2795 2460 2849 id
2494 2804 2593 2861 est,
2645 2794 2901 2866 praecipio
2931 2795 3086 2850 vobis
3115 2795 3367 2866 quiddam
3398 2796 3529 2851 satis
3555 2796 3695 2865 leve,

2114 2885 2181 2938 ad
2214 2884 2359 2955 quod
2406 2883 2714 2939 humanitas
2744 2891 2924 2939 vestra
2952 2883 3084 2938 satis
3113 2892 3288 2954 potest
3317 2882 3591 2941 sufﬁcere.
3630 2885 3702 2940 Et

2119 2972 2243 3037 hoc,
2270 2972 2399 3044 quia
2420 2971 2698 3043 spirituale
2719 2979 2800 3027 est
2821 2971 3071 3041 arduum,
3095 2987 3202 3028 non
3232 2973 3489 3044 praecipio
3509 2972 3663 3029 vobis
3680 2991 3699 3028 :

2116 3060 2255 3117 facio
2272 3065 2500 3133 propter
2510 3062 2911 3130 inﬁrmitatem
2926 3063 3117 3116 carnis
3134 3066 3350 3127 vestrae,
3374 3061 3428 3116 id
3450 3069 3550 3132 est,
3574 3061 3700 3134 quia

2038 3120 2083 3181 Ο
2118 3150 2230 3205 scio
2274 3165 2371 3204 vos
2400 3150 2575 3204 adhuc
2613 3148 2925 3205 carnalitate
2970 3149 3163 3219 premi,
3216 3165 3316 3205 nec
3346 3150 3478 3205 satis
3508 3149 3698 3208 ﬁrmos

2115 3237 2168 3291 in
2202 3237 2589 3309 spiritualibus,
2640 3238 2953 3293 humanum
2995 3238 3179 3309 utique
3221 3238 3361 3294 dico.
3407 3239 3547 3294 Nam
3590 3241 3698 3298 hoc

2111 3326 2407 3382 humanum
2438 3334 2537 3393 est,
2562 3327 2712 3382 sicut
2741 3325 3076 3382 exhibuistis
3102 3326 3349 3382 membra
3366 3331 3553 3384 vestra
3582 3346 3700 3386 ser-

2109 3418 2227 3471 uire
2256 3416 2654 3482 immunditiis,
2688 3414 2742 3469 id
2763 3421 2843 3469 est
2870 3414 3111 3481 luxuriat,
3141 3414 3299 3487 gulae,
3323 3415 3551 3483 libidini,
3586 3434 3697 3473 ser-

2109 3505 2225 3559 vire
2256 3504 2413 3558 etiam
2444 3504 2763 3576 iniquitati,
2795 3502 2850 3557 id
2881 3509 2981 3570 est,
3006 3518 3151 3558 omni
3169 3504 3437 3559 contrario
3456 3506 3693 3578 aequitati

2107 3592 2179 3647 ad
2216 3592 2698 3647 consummandam
2747 3592 3129 3665 iniquitatem,
3180 3592 3373 3648 saltem
3413 3595 3499 3649 ita
3538 3612 3693 3653 nunc

2105 3679 2295 3735 ﬁdeles
2323 3680 2448 3736 facti
2477 3680 2733 3737 exhibete
2753 3680 3003 3736 membra
3026 3684 3207 3737 uestra
3228 3683 3694 3753 servirejustitiw

2106 3768 2285 3823 eundo
2315 3769 2378 3824 in
2417 3770 2949 3839 sanctiﬁcationem,
2990 3769 3046 3823 id
3094 3778 3175 3824 est
3216 3768 3270 3823 in
3302 3770 3692 3841 plenitudinem

2097 3857 2337 3926 justitia}.
2361 3858 2477 3913 Hoc
2503 3857 2687 3929 utique
2717 3857 2849 3912 satis
2879 3858 3172 3912 humanum
3203 3865 3304 3928 est,
3348 3866 3404 3913 ut
3434 3867 3693 3930 quantum

2106 3945 2350 4001 servistis
2395 3946 2633 4012 diabolo,
2683 3953 2887 4000 tantum
2938 3945 3185 4001 serviatis
3229 3948 3361 4012 Deo,
3409 3946 3495 4002 cui
3522 3947 3691 4003 multo

2103 4034 2278 4107 magis
2318 4034 2449 4089 estis
2491 4034 2728 4089 obnoxii.
2762 4034 2903 4089 Vere
2933 4033 3060 4105 quia
3089 4034 3230 4089 servi
3260 4034 3380 4090 facti
3409 4035 3538 4090 estis
3567 4035 3688 4102 Dei,

2103 4122 2305 4177 servire
2335 4123 2542 4178 debetis
2565 4122 2803 4191 justitiaa.
2836 4123 2977 4178 Nam
2994 4138 3122 4180 cum
3142 4123 3293 4193 prius
3322 4125 3516 4179 essetis
3543 4125 3692 4180 servi

2098 4212 2338 4283 peccati,
2373 4208 2534 4266 liberi
2562 4218 2689 4265 tunc
2716 4211 2911 4281 fuistis
2929 4210 3195 4281 justitiw,
3228 4210 3284 4266 id
3305 4218 3405 4277 est,
3439 4219 3690 4282 expertes

2104 4297 2175 4351 ab
2212 4298 2361 4353 omni
2408 4298 2633 4367 justitia,
2668 4296 2898 4352 ﬁdeliter
2947 4298 3249 4354 servientes
3288 4307 3532 4370 peccato.
3579 4299 3690 4356 Sed

2104 4402 2247 4442 nunc
2276 4385 2401 4441 facti
2442 4386 2587 4441 servi
2625 4385 2864 4455 justitiaa,
2916 4385 3079 4457 longe
3110 4385 3322 4441 ﬁdelius
3353 4387 3555 4443 servire
3584 4388 3685 4443 de-

413 4476 619 4547 peccati
641 4475 840 4547 ligatus
870 4476 983 4531 sit?
1014 4475 1468 4549 Quandoquidem
1494 4476 1594 4531 sub
1622 4478 1797 4549 gratia
1814 4494 2003 4533 sumus
2022 4472 2074 4532 D
2104 4474 2243 4530 betis
2271 4475 2407 4530 Deo.
2441 4472 2890 4546 Quandoquidem
2919 4489 3106 4529 amore
3126 4474 3333 4546 peccati
3355 4473 3559 4531 fecistis
3587 4491 3688 4531 vos

411 4581 533 4636 quae
564 4562 899 4620 sufﬁcienter
924 4573 1117 4637 purgat
1144 4565 1326 4621 omnia
1356 4583 1369 4620 :
1404 4582 1529 4638 ergo
1550 4567 1682 4639 quid
1708 4566 2001 4623 dicemus?

412 4655 496 4709 An
526 4653 650 4709 ideo
679 4652 825 4709 licite
853 4655 1227 4726 peccabimus,
1261 4657 1527 4726 quoniam
1557 4672 1672 4711 non
1689 4672 1885 4711 sumus
1902 4657 2002 4711 sub

412 4742 550 4812 lege.
586 4758 709 4813 qua:
732 4741 976 4811 jubendo
1004 4750 1198 4814 gravat
1226 4749 1280 4798 et
1308 4758 1415 4798 non
1438 4742 1674 4812 adjuvat,
1698 4744 1793 4799 sed
1815 4758 2002 4797 sumus

411 4829 510 4885 sub
536 4832 746 4901 gratia,
778 4846 898 4901 qua?
929 4837 980 4885 et
1012 4838 1237 4900 peccata
1265 4831 1505 4896 remittit,
1537 4838 1589 4886 et
1620 4830 1759 4886 bene
1789 4829 2002 4901 operari

407 4916 675 4985 adjuvat?
702 4918 858 4973 Absit
880 4916 892 4973 l
927 4919 1059 4984 Hoc,
1093 4918 1284 4990 inquit,
1305 4919 1501 4975 abesse
1517 4918 1697 4981 debet.
1725 4926 1781 4973 ut
1800 4933 2000 4989 pecce-

408 5016 530 5056 mus
558 5000 758 5057 ﬁducia
778 5001 972 5075 gratise
998 5021 1011 5069 ;
1046 5002 1171 5075 quia
1193 5018 1261 5058 an
1284 5004 1520 5059 nescitis
1546 5004 1688 5075 quod
1716 4998 1862 5059 serui
1881 5005 2000 5075 ejus

405 5092 542 5147 estis
575 5090 669 5147 cui
699 5091 1037 5147 exhibuistis
1068 5107 1157 5147 vos
1179 5093 1250 5147 ad
1267 5091 1631 5147 obediendum
1651 5091 1679 5145 7
1708 5090 1860 5146 Servi
1877 5091 2000 5146 dico

405 5176 533 5236 facti
562 5180 655 5235 cui
685 5180 962 5246 obedistis,
997 5179 1053 5235 id
1083 5187 1181 5246 est,
1215 5179 1269 5234 in
1301 5196 1362 5235 ea
1392 5180 1525 5235 hora
1554 5195 1657 5250 qua
1678 5179 1783 5234 cito
1804 5179 1998 5234 obedi-

405 5266 522 5321 stis.
554 5266 686 5335 Ejus
713 5267 856 5323 servi
886 5267 1007 5324 dico
1031 5287 1045 5334 ;
1069 5270 1183 5324 sive
1214 5269 1431 5340 peccati
1459 5266 1545 5322 cui
1574 5265 1856 5329 obedistis,
1900 5267 1998 5321 du-

404 5354 576 5409 centis
603 5354 677 5411 ad
707 5360 966 5421 mortem,
996 5355 1050 5410 id
1071 5364 1152 5410 est
1173 5356 1242 5409 ad
1265 5354 1695 5419 damnationem;
1716 5355 1829 5409 sive
1852 5354 1996 5409 servi

401 5443 533 5498 estis
560 5445 910 5512 obeditionis,
944 5444 1000 5498 id
1028 5451 1109 5498 est
1131 5443 1351 5511 justitia:
1380 5441 1627 5497 ducentis
1657 5458 1753 5497 vos
1782 5442 1854 5497 ad
1878 5458 1996 5497 ma-

396 5529 572 5604 jorem
595 5534 931 5605 justitiam;
963 5531 1091 5607 quia
1110 5530 1417 5591 obediendo
1433 5538 1679 5607 peccato,
1702 5531 1845 5589 servi
1866 5546 1998 5607 pec-

2108 4570 2358 4634 expertes
2385 4562 2548 4617 totius
2571 4562 2827 4631 justitia}:
2861 4579 2990 4635 ergo
3005 4579 3168 4635 quem
3188 4566 3463 4634 fructum,
3497 4563 3550 4617 id
3582 4572 3684 4630 est,

2101 4651 2230 4722 quid
2258 4651 2497 4705 utilitatis
2528 4650 2802 4707 habuistis
2832 4654 2969 4707 tunc
3013 4660 3137 4705 ante
3175 4652 3588 4707 conversionem
3620 4652 3687 4708 de

2099 4740 2219 4795 illis
2246 4740 2309 4793 in
2329 4741 2524 4812 quibus
2554 4755 2708 4794 nunc
2737 4746 2859 4809 post
2879 4738 3290 4795 conversionem
3313 4741 3637 4795 erubescitis
3658 4741 3688 4795 τ

2100 4827 2228 4883 Ideo
2256 4828 2335 4883 sic
2379 4827 2767 4901 interrogando
2810 4827 3078 4883 invehitur
3120 4828 3175 4882 in
3217 4842 3332 4893 eos,
3373 4836 3492 4882 uta
3521 4828 3691 4884 servi-

2099 4922 2207 4970 tute
2263 4915 2472 4987 peccati
2526 4916 2703 4986 magis
2733 4916 3023 4971 deterreat.
3073 4917 3154 4971 De
3195 4916 3476 4987 temporali
3507 4915 3685 4971 fructu

2096 5003 2307 5074 peccati
2365 5004 2489 5058 ideo
2538 5003 2711 5058 solum
2760 5004 3020 5075 requiro:
3056 5020 3178 5058 nan:
3230 5003 3297 5059 de
3344 5002 3449 5059 ﬁne
3493 5020 3685 5060 eorum

2098 5091 2228 5146 satis
2254 5099 2462 5147 constat
2507 5092 2640 5160 ﬁnis
2677 5093 2909 5149 illorum
2940 5097 3023 5148 est
3064 5109 3232 5162 mors,
3265 5091 3321 5147 id
3359 5100 3459 5159 est,
3492 5092 3546 5147 in
3577 5091 3684 5149 ﬁne

2099 5179 2222 5234 vitae
2272 5179 2523 5235 absorbet
2570 5180 2702 5234 istos
2753 5188 2959 5235 aeterna
3004 5180 3300 5236 damnatio.
3350 5180 3507 5236 Servi
3556 5180 3683 5237 facti

2097 5268 2303 5339 peccati
2348 5268 2557 5323 nullum
2607 5267 2840 5324 fructum
2900 5268 3182 5333 habuistis,
3235 5268 3332 5324 sed
3382 5286 3538 5325 nunc
3583 5285 3683 5341 per

2094 5357 2323 5429 gratiam
2355 5358 2579 5413 liberati
2606 5375 2639 5412 a
2664 5361 2913 5428 peccato,
2948 5358 3093 5413 servi
3122 5361 3315 5412 autem
3354 5360 3501 5428 facti
3548 5358 3678 5423 Deo,

2096 5445 2308 5501 habetis
2338 5450 2594 5517 fructum
2628 5451 2897 5512 vestrum,
2950 5445 3005 5499 id
3053 5453 3154 5515 est,
3187 5443 3295 5500 ﬁde
3321 5453 3572 5515 suscepta
3603 5446 3685 5500 di-

2092 5550 2259 5609 gnum
2283 5551 2296 5589 :
2316 5532 2549 5590 fructum
2572 5534 2694 5593 dico
2715 5534 3025 5593 tendentem
3045 5535 3109 5591 in
3144 5534 3678 5607 sanctiﬁcationem.
