3960 6036
264 264 321 315 61
908 259 1291 317 EXPOSITIO
1331 260 1405 315 IN
1442 257 1825 315 EPISTOLAS
1865 258 2086 314 PAULI.
2128 289 2197 299 -—
2236 258 2310 313 IN
2348 258 2565 313 EPIST.
2610 258 2704 313 AD
2744 256 2913 313 ROM.
3494 257 3560 310 62

260 385 317 439 id
352 392 454 451 est,
490 386 543 439 in
572 384 968 456 plenitudinem
994 386 1238 454 justitiae.
1286 385 1441 456 Impii
1485 393 1715 440 mortem
1772 384 1865 438 ha-
1886 386 1938 445 Α
1973 406 1993 430 α
2030 382 2230 437 malum
2258 384 2362 439 hoc
2392 399 2518 455 ago.
2554 382 2610 438 Si
2641 390 2818 437 autem
2864 382 3009 453 quod
3055 381 3182 436 nolo
3225 378 3357 435 illud
3399 377 3561 445 facio,

271 474 421 537 beut,
460 474 561 528 sed
591 490 689 529 vos
717 475 929 528 habetis
974 476 1148 543 ﬁnem
1194 476 1371 530 vitam
1400 478 1696 528 aeternam.
1731 474 1869 527 Vere

271 578 423 617 mors
458 570 537 617 est
567 561 690 616 ﬁnis
741 562 983 617 illorum:
1027 579 1153 616 nam
1202 580 1351 620 mors
1400 570 1481 617 est
1519 561 1868 633 stipendium

267 653 512 721 peccati,
547 651 599 704 id
632 660 731 716 est,
766 660 1051 721 peccatum
1101 652 1371 705 ministrat
1408 652 1551 705 hanc
1580 650 1794 720 stipem,
1816 648 1870 702 id

268 748 351 793 est
384 748 634 793 mortem.
670 739 1008 809 Stipendium
1037 740 1253 804 dicitur,
1291 741 1394 795 hoc
1425 740 1571 811 quod
1602 738 1865 802 tribunus,

273 827 362 880 vel
395 836 615 897 praetor,
651 837 877 898 pensata
911 830 1169 884 mercede
1211 828 1416 895 militis,
1448 828 1718 881 ministrat
1736 826 1785 880 ei
1816 826 1871 879 in

266 916 532 970 exercitu.
566 918 711 971 Mors
743 917 968 972 habetur
996 934 1061 971 ex
1110 925 1353 988 peccato,
1406 916 1500 970 sed
1515 918 1629 970 vita
1652 919 1870 969 (eterna

270 1005 507 1058 habetur
534 1023 634 1077 per
663 1007 907 1075 gratiam
940 1007 1057 1061 Dei.
1106 1006 1249 1061 Licet
1280 1006 1424 1060 enim
1455 1004 1671 1075 aliquod
1702 1003 1869 1057 meri-

267 1100 385 1145 tum
418 1093 485 1146 sit
515 1094 606 1158 ibi,
667 1094 841 1163 prima
891 1102 1072 1149 tamen
1126 1093 1437 1163 justificatio
1492 1093 1591 1147 fuit
1649 1109 1713 1146 ex
1756 1092 1871 1147 sola

267 1181 467 1251 gratia.
518 1184 579 1236 Et
639 1183 867 1238 directio
923 1183 1044 1237 vita?
1110 1200 1231 1254 qua:
1286 1182 1545 1253 sequitur,
1580 1190 1631 1236 et
1679 1181 1868 1235 eadem

269 1270 447 1339 gratia
496 1270 660 1342 longe
692 1272 921 1341 amplius
982 1288 1143 1342 quam
1200 1270 1460 1325 meruerit
1515 1278 1867 1335 remunerat;

274 1358 448 1428 gratia
509 1359 599 1412 dat
628 1358 795 1413 vitam
828 1367 1127 1425 {etet-nam;
1162 1369 1213 1414 et
1248 1362 1347 1415 hoc
1376 1362 1434 1414 in
1470 1358 1688 1414 Christo
1718 1360 1865 1425 Iesu,

270 1455 327 1509 id
384 1465 468 1511 est
523 1474 621 1527 per
674 1458 856 1513 Jesum
918 1459 1188 1513 Christum
1241 1458 1534 1514 Dominum
1602 1465 1867 1512 nostrum.

901 1600 1127 1657 CAPUT
1152 1602 1265 1655 VII.

349 1726 371 1749 α
410 1706 494 1759 An
542 1704 825 1777 ignoratis,
870 1706 1069 1761 fratres
1121 1707 1441 1777 (scientibus
1499 1706 1642 1761 enim
1689 1705 1941 1801 legemB

273 1814 296 1837 α
333 1791 553 1863 loquor)
599 1794 729 1865 quia
777 1795 861 1849 lex
902 1796 954 1849 in
1002 1796 1221 1850 homine
1278 1796 1607 1862 dominatur,
1667 1802 1867 1865 quanto

274 1903 295 1925 ει
334 1888 581 1950 tempore
612 1882 783 1936 vivit?
808 1885 943 1937 Nam
974 1901 1094 1954 qua:
1136 1884 1237 1937 sub
1267 1884 1383 1939 viro
1415 1892 1495 1939 est
1552 1884 1763 1945 mulier,
1799 1883 1872 1937 vi-

274 1988 297 2014 ι
336 1976 497 2022 vente
532 1970 648 2024 viro
704 1971 927 2043 alligata
957 1980 1039 2026 est
1095 1971 1222 2044 legi,
1286 1972 1331 2025 si
1388 1981 1565 2027 autem
1624 1979 1870 2026 mortuus

278 2078 299 2101 α
349 2055 508 2110 fuerit
540 2058 618 2111 vir
649 2060 783 2127 ejus,
841 2060 1012 2114 saluta
1045 2068 1125 2114 est
1174 2076 1205 2114 a
1236 2060 1359 2133 lege
1408 2060 1523 2114 viri.
1594 2060 1764 2132 Igitur
1787 2058 1869 2113 vi-

274 2166 295 2189 α
347 2153 508 2199 vente
559 2146 674 2201 viro
720 2147 954 2220 [marito]
1004 2149 1282 2203 vocabitur
1325 2149 1587 2216 adultera,
1639 2148 1684 2201 si
1713 2147 1872 2202 fuerit

277 2258 299 2286 ι
338 2250 463 2292 cum
494 2237 599 2290 alio
628 2236 741 2291 viro
790 2257 803 2302 ;
839 2237 882 2290 si
913 2245 1093 2291 autem
1124 2247 1363 2292 mortuus
1394 2237 1551 2291 fuerit
1597 2237 1678 2291 vir
1733 2237 1867 2305 ejus,

276 2350 297 2377 ι
338 2328 573 2381 liberata
617 2333 699 2379 est
731 2341 762 2379 a
800 2326 921 2397 lege
954 2327 1069 2391 viri,
1130 2335 1186 2381 ut
1230 2343 1339 2381 non
1396 2326 1463 2380 sit
1510 2326 1769 2390 adultera,
1827 2325 1873 2378 si

277 2439 299 2466 ε
348 2432 474 2470 cum
506 2414 615 2468 alio
658 2413 817 2467 fuerit
864 2415 998 2470 viro.
1032 2416 1237 2486 Itaque,
1298 2415 1496 2469 fratres
1542 2414 1667 2479 mei,
1694 2422 1742 2468 et
1775 2429 1872 2468 vos

277 2526 300 2554 κ
348 2502 656 2558 mortificati
688 2503 818 2557 estis
842 2503 949 2573 legi
981 2520 1077 2574 per
1107 2520 1306 2575 corpus
1355 2504 1554 2558 Christi
1608 2518 1619 2556 :
1669 2513 1726 2557 ut
1756 2502 1872 2556 sitis

276 2615 299 2641 ι
341 2608 441 2647 vos
484 2592 706 2646 alterius
743 2592 833 2663 qui
864 2609 928 2646 ex
964 2594 1187 2647 mortuis
1230 2593 1543 2659 resurrexit,
1580 2600 1636 2645 ut
1678 2591 1871 2646 fructi-

277 2703 299 2729 ι
342 2679 515 2735 ﬁcetis
546 2682 679 2734 Deo.
716 2680 845 2734 Cum
860 2681 1004 2733 enim
1029 2698 1274 2735 essemus
1292 2681 1346 2734 in
1377 2697 1555 2749 carne,
1588 2680 1873 2750 passiones

277 2791 301 2819 ι
353 2776 705 2839 peccatorum
747 2786 867 2839 quae
920 2786 1017 2839 per
1072 2769 1253 2841 legem
1302 2777 1453 2823 erant
1511 2769 1873 2839 operabantur

277 2878 299 2905 ι
339 2857 394 2910 in
426 2856 684 2911 membris
722 2858 917 2911 nostris
968 2866 1022 2911 ut
1083 2856 1469 2913 fructificarent
1499 2857 1676 2911 morti.
1716 2857 1872 2913 39

278 2966 300 2994 ι
341 2946 500 3000 Nunc
556 2954 734 2999 autem
784 2945 944 3000 soluti
982 2962 1168 3000 sumus
1200 2962 1231 3000 a
1274 2946 1396 3018 lege
1418 2946 1626 3011 mortis,
1669 2945 1722 2999 in
1766 2961 1874 3017 qua

279 3055 300 3081 α
341 3033 738 3101 detinebamur,
787 3034 861 3087 ita
916 3043 972 3088 ut
1000 3034 1301 3089 serviamus
1324 3034 1378 3088 in
1435 3034 1669 3089 novitate
1715 3034 1874 3104 spiri-

1972 493 1995 522 ι
2024 473 2138 540 jam
2170 488 2277 526 non
2308 488 2412 543 ego
2433 487 2633 541 operor
2663 472 2812 537 illud,
2856 471 2953 525 sed
2986 471 3128 542 quod
3160 469 3364 523 habitat
3391 467 3447 521 in
3475 482 3563 521 me

1972 584 1993 607 κ
2021 568 2326 630 peccatum.
2350 560 2570 614 Invenio
2605 560 2965 631 igiturlegem
2983 558 3184 613 volenti
3204 556 3335 611 mihi
3376 556 3565 611 facere

1973 670 1994 698 α
2033 650 2254 714 bonum,
2287 649 2539 720 quoniam
2589 648 2718 701 mihi
2767 648 2966 701 malum
3017 646 3243 715 adjacet.
3291 644 3563 700 Condele-

1973 759 1993 788 α
2029 746 2148 793 ctor
2178 738 2319 791 enim
2350 736 2459 809 legi
2480 736 2574 791 Dei
2594 737 2892 791 secundum
2914 736 3229 790 interiorem
3259 734 3562 788 hominem.

1973 848 1994 875 α
2032 826 2202 880 Video
2232 834 2410 880 autem
2441 825 2599 879 aliam
2629 825 2807 897 legem
2850 824 2903 878 in
2951 824 3209 879 membris
3261 822 3417 889 meis,
3480 836 3563 875 re-

1972 937 1994 958 ι
2028 923 2362 986 pugnantem
2409 914 2517 986 legi
2565 914 2756 967 mentis
2785 929 2939 978 meas,
2995 921 3046 967 et
3077 912 3442 982 captivantem
3473 924 3562 964 me

1974 1025 1994 1046 ι
2030 1002 2321 1073 [captivum
2366 1018 2449 1057 me
2473 1001 2778 1073 ducentem]
2828 1002 2881 1055 in
2911 1001 3034 1073 lege
3084 1000 3293 1071 peccati
3333 1014 3451 1069 qua:
3484 1004 3566 1052 est

1975 1114 1995 1137 ιι
2040 1091 2093 1144 in
2127 1091 2388 1145 membris
2416 1090 2572 1144 meis.
2610 1089 2796 1145 Infelix
2828 1106 2933 1162 ego
2954 1091 3136 1153 homo,
3164 1088 3284 1159 quis
3306 1103 3394 1141 me
3423 1086 3564 1141 libe-

1976 1202 1997 1229 α
2036 1180 2172 1233 rabit
2204 1179 2271 1234 de
2313 1195 2543 1249 corpore
2574 1179 2761 1233 mortis
2818 1179 2973 1248 hujus
3004 1180 3031 1231 ‘P
3077 1176 3262 1232 Gratia
3314 1175 3430 1240 Dei,
3467 1191 3564 1245 per

1975 1290 1996 1317 α
2030 1269 2217 1323 Jesum
2269 1268 2541 1322 Christum
2594 1267 2881 1321 Dominum
2926 1274 3191 1321 nostrum.
3245 1264 3413 1337 Igitur
3460 1278 3564 1332 ego

1975 1380 1995 1403 α
2033 1357 2149 1427 ipse
2179 1365 2359 1412 mente
2391 1356 2570 1411 servio
2600 1356 2709 1428 legi
2740 1355 2858 1424 Dei,
2892 1371 3053 1410 carne
3095 1362 3275 1409 autem
3306 1351 3414 1423 legi
3436 1366 3564 1422 pec-

1975 1468 1995 1493 α
2034 1444 2154 1502 cati.
2195 1467 2215 1495 ι

2610 1601 2924 1641 ΕΧΡΟΒΙἸΊΟ.

2042 1710 2177 1778 Quia
2208 1709 2459 1781 superius
2487 1710 2618 1763 satis
2650 1710 2974 1780 probaverat
3013 1708 3213 1763 debere
3242 1723 3337 1763 eos
3369 1706 3565 1776 subjici

1970 1799 2182 1871 gratiae,
2217 1807 2269 1853 et
2316 1798 2662 1853 serviendum
2691 1814 2812 1853 esse
2844 1799 2976 1863 Deo,
3010 1814 3079 1851 ne
3112 1796 3275 1850 modo
3312 1795 3365 1848 in
3404 1795 3564 1867 lega-

1968 1888 2109 1940 libus
2125 1895 2377 1957 putarent
2406 1903 2463 1941 se
2485 1887 2686 1940 debere
2720 1886 2926 1939 servire
2948 1886 3063 1938 Deo
3084 1885 3389 1954 (peccatum
3419 1883 3564 1937 enim

1970 1992 2093 2031 esse
2138 1975 2454 2043 credebant,
2506 1975 2550 2029 si
2580 1975 2735 2029 etiam
2766 1975 2821 2028 iu
2852 1982 3098 2043 tempore
3145 1972 3334 2043 gratiae
3364 1970 3562 2044 legalia

1970 2064 2466 2135 praetermitterent)
2516 2064 2709 2133 probat
2755 2064 2951 2116 Paulus
2997 2078 3107 2115 non
3156 2061 3383 2115 ulterius
3441 2076 3560 2115 ser-

1969 2152 2225 2207 viendum
2255 2167 2377 2206 esse
2406 2152 2462 2204 in
2491 2151 2780 2223 legalibus,
2816 2167 2933 2221 qum
2962 2151 3007 2204 si
3046 2150 3325 2215 deserunt,
3351 2164 3459 2203 non
3482 2154 3565 2202 est

1970 2248 2253 2311 peccatum
2289 2258 2303 2307 ;
2338 2240 2382 2293 si
2416 2239 2635 2305 faciunt,
2666 2240 2747 2294 rei
2799 2247 2938 2293 sunt.
2970 2240 3093 2293 Non
3139 2238 3282 2293 enim
3329 2236 3563 2291 tenenda

1973 2337 2054 2384 est
2084 2330 2296 2394 umbra,
2328 2336 2616 2401 postquam
2648 2328 2793 2383 venit
2821 2328 3035 2393 veritas,
3060 2334 3112 2381 et
3142 2342 3263 2381 cum
3295 2325 3565 2381 carnalem

1972 2418 2151 2490 legem
2185 2417 2435 2487 expellat,
2472 2416 2729 2486 spirituali
2758 2416 2867 2488 legi
2898 2416 3083 2486 alligat
3104 2430 3218 2470 eos.
3253 2414 3455 2468 Littera
3483 2414 3563 2469 sic

1967 2506 2214 2577 jungitur
2254 2523 2265 2557 :
2302 2507 2404 2559 Per
2434 2505 2707 2559 Christum
2754 2506 2934 2559 Jesum
2968 2512 3047 2559 est
3078 2503 3185 2559 vita
3206 2511 3409 2557 mterna
3438 2510 3563 2557 tan-

1974 2604 2104 2649 tum.
2137 2596 2273 2648 Nam
2303 2610 2402 2663 per
2420 2593 2601 2664 legem
2620 2609 2754 2658 non;
2782 2593 2909 2663 quia
2925 2610 3001 2647 an
3030 2594 3307 2662 ignoratis
3326 2594 3560 2662 fratres,

1974 2691 2030 2736 ut
2058 2682 2236 2755 magis
2268 2681 2463 2736 excitet
2484 2681 2551 2735 ad
2582 2681 2916 2735 intellectum
2965 2681 3125 2749 hujus
3156 2680 3253 2746 rei,
3290 2688 3342 2733 et
3372 2679 3566 2733 fratres

1973 2779 2147 2833 vocat,
2184 2771 2571 2842 etinterrogat.
2598 2770 2711 2823 Nec
2736 2770 2987 2840 ignorare
3010 2768 3221 2823 debetis
3240 2768 3567 2836 (scientibus

1974 2861 2128 2915 enim
2161 2860 2333 2931 logem
2358 2859 2568 2930 loquor)
2588 2858 2734 2929 quia,
2765 2858 2809 2911 si
2841 2858 2980 2912 bene
3010 2857 3288 2922 consultis,
3315 2857 3459 2910 idem
3489 2855 3570 2909 in-

1974 2948 2220 3002 venietis.
2246 2946 2607 3019 Anignoratis
2621 2946 2743 3001 dico
2765 2949 2895 3018 quia
2917 2948 3010 3001 lea:
3034 2962 3369 3017 quaecunque
3389 2944 3567 3016 posita

1976 3038 2063 3103 sit,
2097 3037 2427 3093 dominatur
2456 3038 2518 3091 in
2550 3037 2791 3101 homine,
2827 3051 2934 3089 non
2965 3052 3201 3105 semper,
3239 3035 3336 3090 sed
3358 3037 3566 3107 quanto

279 3146 299 3167 α
344 3130 451 3187 tus,
484 3131 535 3176 et
552 3122 733 3176 nonin
751 3131 1014 3178 vetustate
1036 3123 1245 3178 litterae.
1265 3122 1403 3191 Quid
1435 3138 1565 3193 ergo
1603 3122 1876 3177 dicemus?
1900 3098 1945 3157 Ο
1978 3130 2223 3197 tempore
2253 3127 2389 3180 vivit
2420 3125 2507 3178 lex
2536 3125 2590 3179 in
2618 3140 2683 3179 eo
2714 3124 2949 3189 homine,
2992 3124 3078 3179 vel
3137 3126 3300 3178 homo
3355 3122 3457 3176 sub
3505 3138 3568 3177 ea

280 3231 301 3259 ι
344 3211 454 3264 Lex
486 3219 770 3281 peccatum
802 3220 883 3266 est
912 3212 939 3265 ἲ)
968 3212 1121 3266 Absit
1156 3211 1167 3266 l
1204 3212 1311 3265 Sed
1342 3220 1622 3281 peccatum
1652 3227 1759 3265 non
1778 3226 1875 3266 co-

280 3322 300 3343 α
345 3298 533 3369 gnovi,
568 3298 671 3351 nisi
701 3314 798 3368 per
827 3299 1027 3370 legem.
1076 3300 1216 3353 Nam
1248 3298 1742 3369 concupiscentiam
1776 3314 1877 3352 ne-

279 3407 300 3435 ι
340 3386 617 3449 sciebam,
679 3386 781 3439 nisi
834 3386 921 3441 lex
978 3387 1180 3441 diceret
1216 3405 1227 3439 :
1269 3408 1289 3436 α
1341 3387 1464 3441 Non
1519 3386 1878 3457 concupisces

282 3498 301 3519 α
342 3473 547 3543 (Exod.
582 3489 681 3541 xx,
722 3478 823 3541 l7;
861 3477 1020 3530 Deut.
1049 3492 1100 3539 v,
1140 3474 1244 3545 I9).
1287 3496 1308 3524 υ
1363 3474 1666 3530 Occasione
1698 3482 1877 3529 autem

280 3584 301 3611 ι
342 3571 609 3632 accepta,
656 3571 941 3633 peccatum
989 3580 1088 3633 per
1137 3564 1451 3617 mandatum
1483 3571 1761 3633 operatum
1798 3571 1879 3616 est

278 3683 299 3703 α
343 3651 401 3709 in
433 3668 520 3705 me
550 3668 766 3707 omnem
816 3651 1334 3721 concupiscentiam.
1395 3652 1522 3706 Sine
1552 3651 1675 3729 lege
1735 3652 1876 3705 enim

279 3768 299 3796 ι
344 3752 634 3815 peccatum
665 3747 932 3794 mortuum
965 3748 1102 3794 erat.
1126 3741 1244 3811 Ego
1276 3748 1453 3794 autem
1484 3740 1731 3796 vivebam
1762 3741 1879 3795 sine

281 3860 302 3880 ι(
346 3835 471 3904 lege
501 3830 814 3900 aliquando.
835 3829 942 3883 Sed
972 3845 1093 3883 cum
1127 3828 1365 3883 venisset
1395 3829 1726 3894 mandatum,
1760 3844 1883 3899 pec-

282 3949 302 3967 u
342 3930 527 3977 catum
558 3918 768 3972 revixit.
804 3918 922 3987 Ego
953 3924 1127 3971 autem
1169 3924 1417 3971 mortuus
1451 3934 1587 3982 sum,
1613 3925 1664 3971 et
1685 3918 1879 3972 inven-

285 4035 303 4057 α
346 4019 462 4063 tum
492 4016 573 4062 est
602 4007 731 4059 mihi
769 4006 1080 4059 mandatum
1115 4006 1261 4075 quod
1293 4013 1407 4060 erat
1461 4006 1528 4059 ad
1560 4007 1743 4069 vitam,
1779 4007 1881 4061 hoc

282 4125 301 4146 α
345 4114 471 4153 esse
502 4096 572 4150 ad
602 4103 852 4149 mortem.
886 4094 1022 4147 Nam
1045 4102 1325 4163 peccatum
1347 4093 1634 4149 occasione
1657 4102 1881 4164 accepta

284 4210 303 4235 ε
342 4203 447 4256 per
478 4184 787 4237 mandatum
846 4181 1058 4236 seduxit
1101 4198 1205 4245 me,
1240 4189 1292 4235 et
1340 4198 1435 4251 per
1482 4182 1614 4235 illud
1661 4182 1879 4237 occidit.

282 4298 304 4323 ι
345 4277 532 4344 Itaque
561 4273 645 4325 lex
691 4271 905 4341 quidem
941 4278 1148 4335 sancta,
1184 4278 1235 4323 et
1266 4269 1578 4324 mandatum
1611 4279 1879 4337 sanctum,

282 4388 303 4409 α
346 4370 398 4415 et
451 4362 675 4429 justum,
740 4366 791 4413 et
856 4359 1053 4411 bonum
1101 4360 1143 4427 (I
1186 4359 1319 4412 Tim.
1356 4374 1391 4425 ι,
1428 4362 1501 4427 8).
1544 4357 1699 4426 Quod
1748 4375 1882 4431 ergo

1974 3215 2098 3284 lege
2126 3214 2154 3267 ‘?
2185 3214 2341 3269 Velut
2371 3214 2415 3267 si
2446 3214 2501 3267 in
2532 3213 2771 3284 qualibet
2800 3214 2934 3267 urbe
2964 3212 3260 3283 praeceptio
3282 3212 3463 3283 aliqua
3476 3227 3569 3282 po-

1976 3312 2211 3368 neretur,
2246 3319 2417 3373 usque
2464 3303 2533 3356 ad
2560 3303 2949 3357 determinatos
2973 3302 3274 3373 annos,qui
3303 3302 3445 3355 intra
3464 3301 3567 3355 bos

1976 3408 2149 3446 annos
2178 3399 2507 3461 praeceptum
2523 3390 2760 3461 positum
2794 3407 2901 3445 non
2932 3390 3251 3458 attenderet,
3284 3406 3404 3444 reus
3426 3396 3570 3444 esset

1978 3479 2431 3551 transgressionis
2463 3478 2651 3549 posita?
2689 3479 2847 3550 legis.
2898 3478 3001 3547 Qui
3035 3495 3163 3533 vero
3192 3478 3355 3533 finitis
3381 3479 3566 3533 deter-

1977 3568 2195 3622 minatis
2224 3568 2378 3621 annis
2411 3566 2609 3623 faceret
2656 3576 2840 3622 contra
2895 3567 3124 3636 positam
3179 3567 3378 3637 legem,
3440 3582 3568 3620 reus

1977 3656 2103 3711 inde
2134 3672 2242 3711 non
2270 3664 2435 3720 esset,
2470 3656 2597 3726 quia
2627 3663 2839 3725 tempus
2869 3655 3111 3723 ejusdem
3143 3654 3281 3726 legis
3304 3656 3412 3721 jam
3435 3670 3570 3724 prae-

1979 3746 2214 3800 tet-isset.
2250 3745 2340 3800 Sic
2369 3745 2437 3799 de
2466 3744 2589 3815 lege
2626 3744 2956 3810 Judteorum,
3004 3743 3095 3815 qui
3119 3752 3365 3813 tempore
3394 3742 3569 3813 Moysi

1980 3850 2150 3904 usque
2180 3833 2248 3887 ad
2278 3842 2490 3903 tempus
2522 3832 2723 3888 Christi
2752 3849 2873 3887 eam
2911 3847 3018 3887 non
3076 3836 3392 3887 observaret
3442 3846 3570 3885 reus

1980 3930 2145 3976 esset.
2183 3922 2287 3975 Sed
2320 3929 2603 3992 postquam
2633 3922 2777 3976 venit
2809 3921 2996 3993 gratia,
3024 3921 3137 3989 jam
3185 3928 3398 3990 tempus
3453 3919 3570 3987 ejus

1980 4010 2120 4082 legis
2149 4009 2427 4079 praeteriit,
2462 4017 2514 4064 et
2544 4010 2623 4065 sic
2652 4026 2775 4064 reus
2816 4026 2923 4065 non
2954 4017 3036 4063 est
3066 4010 3155 4081 qui
3185 4025 3303 4064 eam
3344 4007 3568 4063 deserit.

1988 4100 2120 4153 Vere
2151 4099 2237 4153 lex
2258 4098 2431 4168 posita
2478 4098 2804 4163 dominatur,
2856 4098 3094 4168 quandiu
3120 4099 3282 4151 homo
3322 4096 3451 4152 vivit
3471 4096 3573 4149 sub

1983 4187 2126 4260 lege,
2163 4186 2247 4241 vel
2275 4187 2360 4241 lex
2391 4186 2445 4240 in
2468 4186 2705 4241 homine.
2730 4187 2871 4241 Nam
2902 4187 2985 4240 lex
3006 4186 3308 4257 conjugalis
3325 4185 3429 4239 ista
3449 4193 3532 4239 est
3558 4203 3571 4239 :

1984 4276 2184 4331 Mulier
2215 4291 2335 4346 qua:
2363 4279 2446 4329 est
2478 4276 2578 4329 sub
2623 4277 2761 4342 viro,
2813 4274 3039 4328 maritali
3087 4274 3249 4329 modo
3288 4273 3571 4343 fmderata,

1986 4364 2075 4417 illa
2106 4364 2345 4434 alligata
2367 4367 2449 4418 est
2484 4364 2589 4433 legi
2611 4362 2731 4428 viri,
2776 4362 2988 4417 vivente
3032 4363 3183 4427 viro;
3225 4363 3321 4418 sed
3348 4364 3399 4418 si
3426 4378 3575 4416 mor-

285 4473 305 4499 a
343 4451 548 4502 bonum
581 4456 681 4516 est,
717 4447 845 4500 mihi
867 4446 1065 4501 factum
1096 4454 1176 4501 est
1202 4446 1389 4500 mors?
1405 4446 1559 4500 Absit
1585 4446 1595 4501 l
1622 4447 1728 4501 Sed
1749 4464 1880 4517 pec-
1903 4451 1954 4509 D
1987 4456 2117 4507 tuus
2156 4452 2332 4522 fuerit
2380 4452 2466 4506 vir
2486 4453 2628 4522 ejus,
2660 4452 2847 4507 soluta
2872 4456 2957 4506 est
2996 4452 3206 4507 mulier
3234 4468 3269 4505 a
3300 4452 3415 4521 lege
3444 4452 3573 4506 viri.

288 4561 309 4587 ι
345 4546 546 4601 catum,
582 4544 636 4589 ut
655 4544 913 4606 appareat
931 4545 1236 4605 peccatum,
1260 4552 1359 4606 per
1381 4535 1578 4590 bonum
1604 4545 1884 4607 operatum

288 4649 309 4676 ε
350 4636 431 4679 est
461 4626 591 4678 mihi
629 4633 880 4689 mortem;
935 4632 991 4677 ut
1036 4623 1127 4678 fiat
1166 4641 1335 4695 supra
1384 4626 1603 4681 modum
1650 4642 1884 4695 peccans

290 4737 310 4763 ι
360 4723 644 4785 peccatum
676 4730 775 4783 per
817 4713 1150 4769 mandatum.
1187 4714 1396 4767 Scimus
1442 4715 1584 4768 enim
1618 4715 1741 4786 quia
1798 4714 1885 4769 lex

291 4826 312 4852 ι
352 4802 613 4873 spiritalis
636 4810 737 4855 est.
768 4803 888 4872 Ego
918 4809 1095 4855 autem
1146 4803 1382 4857 carnalis
1437 4820 1575 4869 sum,
1609 4804 1884 4857 venunda-

292 4914 313 4940 ε
353 4902 438 4944 tus
472 4892 568 4944 sub
600 4898 845 4961 peccato.
891 4888 1049 4956 Quod
1079 4890 1223 4944 enim
1252 4907 1453 4961 operor
1477 4908 1585 4946 non
1617 4892 1880 4963 intelligo.

291 5003 313 5021 α
352 4980 476 5033 Non
506 4980 649 5033 enim
682 4979 827 5049 quod
882 4979 1003 5032 volo
1033 4978 1277 5051 [bonum]
1309 4981 1409 5034 hoc
1440 4997 1564 5052 ago,
1598 4981 1695 5034 sed
1741 4980 1885 5051 quod

286 5092 306 5111 α
348 5068 437 5121 odi
470 5067 715 5138 [malum]
763 5066 889 5119 illud
937 5067 1096 5121 facio.
1130 5068 1183 5121 Si
1222 5076 1398 5122 autem
1431 5069 1574 5138 quod
1597 5069 1722 5123 nolo
1754 5069 1885 5123 illud

287 5180 305 5198 ιι
349 5154 506 5217 facio,
532 5155 813 5210 consentio
844 5154 953 5225 legi
983 5155 1235 5225 quoniam
1279 5156 1418 5209 bona
1460 5165 1559 5211 est.
1596 5158 1750 5211 Nunc
1782 5172 1884 5211 au-

286 5266 306 5289 α
348 5253 458 5297 tem
483 5244 596 5310 jam
626 5259 733 5297 non
757 5258 860 5314 ego
891 5258 1090 5312 operor
1118 5244 1269 5311 illud,
1304 5245 1399 5298 sed
1432 5246 1573 5315 quod
1610 5245 1810 5299 habitat
1830 5245 1883 5298 in

288 5354 309 5381 ι
349 5348 435 5385 me
469 5341 769 5401 peccatum.
824 5332 946 5386 Scio
976 5332 1119 5385 enim
1172 5334 1297 5403 quia
1328 5348 1435 5387 non
1460 5333 1663 5386 habitat
1691 5333 1744 5386 in
1774 5350 1882 5403 me,

288 5442 308 5463 κ
348 5420 453 5475 hoc
484 5429 564 5473 est
594 5420 645 5472 in
681 5436 845 5474 carne
894 5438 1011 5475 mea
1060 5422 1281 5474 bonum.
1328 5422 1461 5473 Nam
1492 5421 1630 5475 velle
1677 5422 1886 5489 adjacet

290 5531 311 5558 α
349 5508 502 5573 mihi,
534 5508 794 5578 perlicere
843 5518 1020 5563 autem
1064 5510 1261 5563 bonum
1320 5525 1429 5563 non
1486 5510 1721 5565 invenio.
1764 5512 1885 5564 Non

290 5618 310 5644 ιι
360 5596 506 5650 enim
538 5597 683 5667 quod
706 5596 828 5653 volo
859 5597 1080 5665 bonum,
1112 5599 1217 5653 hoc
1248 5598 1422 5665 facio;
1458 5598 1555 5654 sed
1585 5598 1730 5670 quod
1759 5598 1886 5655 nolo

1988 4538 2436 4610 Quandoquidem
2468 4539 2663 4593 mulier
2718 4539 2930 4594 vivente
2960 4539 3075 4593 viro
3121 4539 3337 4611 alligata
3392 4546 3473 4593 est
3504 4539 3573 4593 ei.

1987 4630 2167 4699 Igitur
2194 4628 2237 4681 si
2261 4629 2479 4683 vivente
2509 4630 2625 4683 viro
2656 4643 2773 4693 suo,
2810 4627 3066 4684 habuerit
3117 4644 3236 4683 rem
3279 4642 3409 4683 cum
3463 4628 3575 4683 alio

1986 4719 2120 4782 viro,
2140 4716 2424 4771 vocabitur
2440 4716 2721 4770 adultera.
2743 4714 2849 4770 Sed
2868 4717 2917 4771 si
2938 4718 3025 4771 vir
3045 4718 3166 4788 ejus
3184 4719 3441 4772 mortuus
3460 4718 3581 4786 fue-

1986 4805 2083 4869 rit,
2123 4805 2361 4859 liberata
2391 4808 2474 4859 est
2506 4820 2540 4858 a
2572 4805 2686 4874 lege
2718 4804 2844 4869 viri,
2893 4807 2978 4859 ita
2997 4808 3061 4859 ut
3087 4806 3139 4859 si
3167 4806 3346 4875 fuerit
3367 4806 3577 4875 juncta

1986 4909 2113 4948 cum
2138 4894 2251 4947 alio
2272 4893 2407 4958 viro,
2419 4894 2543 4964 jam
2574 4909 2685 4947 non
2699 4892 2997 4961 judicetur
3014 4892 3298 4947 adultera.
3316 4895 3383 4946 Et
3395 4894 3499 4958 ita,
3525 4892 3580 4947 id

1985 4989 2068 5034 est
2098 4980 2259 5033 simili
2291 4980 2495 5034 ratione
2516 4983 2729 5051 fratres
2746 4979 2908 5035 40
2932 4982 3043 5035 mei
3064 4996 3154 5036 vos
3180 4981 3315 5036 estis
3338 4982 3576 5049 mortiﬁ-

1985 5069 2101 5123 cati
2141 5068 2311 5123 veteri
2346 5070 2469 5139 tegi,
2505 5085 2623 5139 quze
2649 5069 2773 5123 data
2804 5068 2901 5122 fuit
2932 5068 3272 5123 solummodo
3304 5086 3475 5140 usque
3511 5069 3579 5123 ad

1984 5157 2277 5211 adventum
2298 5156 2514 5210 Christi.
2540 5156 2839 5212 Mortificati
2863 5157 2985 5212 dico
3009 5174 3111 5229 per
3127 5174 3327 5229 corpus
3348 5157 3577 5221 Christi,

1985 5245 2037 5298 id
2069 5254 2149 5299 est
2198 5261 2295 5314 per
2354 5244 2621 5299 Christum
2667 5245 3065 5312 advenientem,
3128 5247 3217 5317 qui
3259 5262 3475 5315 corpus,
3528 5245 3582 5301 id

1986 5341 2066 5387 est
2097 5333 2295 5387 veritas
2325 5333 2495 5403 ipsius
2527 5333 2664 5404 legis
2713 5332 2828 5401 fuit,
2891 5342 2943 5388 et
2983 5335 3135 5402 cujus
3189 5333 3433 5404 corporis
3492 5332 3578 5388 lex

1986 5422 2179 5475 umbra
2212 5421 2326 5475 fuit.
2358 5423 2473 5476 Nec
2500 5421 2808 5477 mortiﬁcati
2840 5430 2896 5475 ut
2927 5422 3073 5477 vidui
3105 5421 3446 5486 remaneatis,
3485 5422 3583 5479 sed

1985 5514 2049 5565 ut
2080 5510 2276 5565 amodo
2307 5511 2435 5565 sitis
2465 5512 2723 5579 alterius,
2754 5513 2876 5580 eius
2907 5512 3124 5566 scilicet
3145 5512 3239 5581 qui
3261 5511 3585 5567 resurrexit

1985 5614 2058 5655 ea:
2085 5600 2345 5664 mortuis,
2365 5614 2465 5668 per
2486 5600 2632 5668 quod
2652 5598 2781 5654 satis
2813 5598 3259 5655 commendabilis
3289 5606 3371 5657 est
3402 5599 3577 5660 vobis.
