3960 6036
372 193 437 242 63
912 188 968 243 S.
1010 180 1367 241 BRUNONIS
1407 178 2057 236 CARTHUSIANORUM
2096 176 2574 234 lNSTlTUTORIS
2614 178 2766 233 OPP.
2810 177 3004 232 PARS.
3050 177 3114 231 II.
3593 188 3660 239 64

366 310 677 368 Resurrexit
702 311 769 365 ad
796 312 899 367 hoc
928 316 995 367 ut
1027 326 1126 381 per
1157 324 1280 363 eum
1311 305 1794 377 fructiﬁcaremus
1824 306 1950 369 Deo,
1975 305 2024 365 A
2056 319 2124 357 ne
2146 303 2347 356 malum
2375 301 2559 369 habui,
2591 301 2715 358 licet
2748 317 2856 357 non
2880 301 3041 372 culpa
3090 302 3249 375 legis,
3305 306 3451 377 quod
3495 308 3665 379 aequi-

365 399 421 455 id
449 409 530 455 est
558 417 657 471 per
678 400 909 473 gratiam
931 400 998 453 ad
1028 401 1291 452 honorem
1316 395 1435 448 Dei.
1459 395 1526 447 Et
1546 394 1706 448 modo
1736 394 1958 447 tandem

366 489 601 544 fructum
632 489 813 544 facere
844 490 967 543 licet
989 488 1089 542 sub
1107 485 1299 558 gratia,
1321 482 1446 554 quia
1477 500 1605 537 cum
1627 498 1875 537 essemus
1898 483 1959 536 in

368 594 559 642 carne,
595 577 648 631 id
686 585 770 631 est
808 576 1011 631 detenti
1032 576 1085 628 in
1124 572 1461 639 carnalitate,
1508 578 1634 624 tunc
1666 570 1959 641 passiones

370 670 745 737 peccatorum,
773 665 826 719 id
849 674 930 719 est
950 664 1093 718 mala
1115 660 1406 726 desideria,
1430 676 1550 731 qua:
1580 658 1703 713 licet
1736 674 1964 713 sensua-

371 754 438 808 lis
467 755 629 808 homo
660 753 957 821 affectaret,
992 750 1268 806 rationalis
1317 757 1494 802 tamen
1526 747 1809 817 passiones
1837 762 1960 800 esse

363 842 661 911 judicabat,
691 859 811 914 quae
857 841 1142 912 passiones
1191 842 1357 894 erant
1379 845 1519 890 notae
1561 852 1663 908 per
1716 838 1892 907 legem
1910 845 1964 890 et

367 939 725 1001 augmentatze
764 947 863 1001 per
911 930 1164 984 delictum
1224 924 1699 997 prazvaricationis,
1761 940 1960 995 opera-

365 1024 574 1074 bantur
602 1023 664 1075 in
686 1020 946 1075 membris
970 1018 1200 1081 nostris,
1237 1019 1302 1070 ut
1320 1015 1742 1085 fructiﬁcarent
1766 1014 1959 1078 morti,

368 1107 422 1163 id
453 1116 534 1161 est
562 1116 618 1161 ut
650 1107 890 1162 facerent
923 1106 1158 1161 fructum
1209 1103 1591 1157 damnationis.
1644 1101 1751 1155 Sed
1807 1117 1961 1155 nunc

366 1204 653 1267 postquam
684 1196 828 1251 venit
856 1194 1051 1266 gratia,
1084 1209 1280 1248 sumus
1336 1191 1509 1246 soluti
1539 1208 1572 1243 a
1606 1191 1718 1261 lege
1767 1189 1957 1253 veteri,

368 1302 489 1357 qua:
520 1294 633 1340 erat
666 1285 824 1339 nobis
856 1285 941 1338 lex
970 1284 1189 1349 mortis,
1252 1284 1316 1335 in
1365 1297 1472 1353 qua
1528 1287 1699 1334 morte
1753 1278 1963 1349 peccati

368 1374 776 1440 detinebamur,
804 1388 904 1427 nec
926 1371 1191 1440 adjutorio
1214 1370 1352 1441 legis
1374 1384 1599 1438 surgere
1630 1375 1958 1437 poteramus.

369 1462 559 1525 Soluti,
593 1462 783 1533 inquit,
819 1476 1059 1515 sumusa
1090 1459 1211 1529 lege
1245 1457 1451 1513 carnali
1483 1475 1494 1510 :
1533 1456 1621 1521 ita,
1656 1456 1708 1510 id
1732 1464 1961 1525 estpro—

366 1558 484 1620 pter
512 1552 633 1613 hoc,
664 1554 727 1605 ut
762 1550 958 1605 amodo
1001 1550 1311 1603 serviamus
1331 1548 1394 1600 in
1434 1548 1682 1601 novitate
1702 1545 1958 1616 spiritus,

368 1638 421 1691 id
459 1646 542 1692 est
586 1638 938 1709 spiritualiter
995 1643 1321 1691 renovantes
1379 1650 1480 1688 nos
1538 1633 1777 1704 quotidie
1823 1633 1962 1687 bene

372 1727 587 1797 agendo
621 1745 633 1780 :
669 1727 817 1795 juxta
868 1725 999 1779 illud
1044 1742 1056 1778 :
1096 1746 1117 1775 α
1152 1722 1505 1779 Renovamini
1546 1721 1736 1792 spiritu
1768 1720 1961 1774 mentis

366 1823 562 1869 vestrm
591 1816 809 1886 (Ephes.
845 1829 922 1881 iv,
957 1814 1063 1883 23),
1106 1834 1128 1861 »
1165 1816 1219 1867 et
1250 1828 1363 1868 non
1394 1810 1624 1881 amplius
1663 1808 1961 1863 serviamus

363 1905 425 1958 in
457 1907 739 1959 vetustate
773 1904 1004 1965 litterte,
1041 1900 1382 1955 adhaerentes
1410 1898 1626 1952 litterali
1644 1896 1959 1966 intellectui,

360 1999 417 2045 ut
445 1999 683 2046 vetustas
710 1990 1010 2046 consuevit.
1598 2040 1601 2041 ,

437 2080 577 2147 Quia
605 2080 812 2134 dixerat
869 2077 1120 2148 superius
1168 2076 1385 2131 Judaaos
1437 2074 1787 2129 mortificatos
1841 2089 1962 2128 esse

366 2168 538 2224 veteri
569 2168 697 2238 legi,
730 2183 832 2222 nec
863 2183 985 2221 esse
1016 2165 1398 2221 revertendum
1432 2165 1498 2218 ad
1530 2180 1667 2228 eam,
1689 2162 1815 2233 quia
1842 2179 1962 2232 pas-

371 2258 555 2312 siones
576 2264 925 2327 peccatorum
958 2263 1106 2310 erant
1126 2271 1225 2325 per
1252 2254 1450 2325 legem,
1485 2261 1537 2307 et
1566 2268 1666 2322 per
1695 2267 1815 2307 eam
1845 2250 1961 2304 fru-

367 2345 673 2401 ctiﬁcabant
725 2344 903 2409 morti,
964 2343 1332 2414 appellaverat
1389 2341 1548 2395 etiam
1606 2356 1726 2395 eam
1783 2339 1962 2411 legem

366 2434 576 2499 mortis,
610 2450 678 2489 ne
707 2433 847 2488 male
868 2433 1218 2503 opinarentur
1268 2430 1440 2485 Judaei
1494 2429 1719 2483 Paulum
1750 2429 1853 2482 hoc
1884 2428 1964 2480 in-

375 2522 643 2595 telligere,
675 2530 731 2576 ut
762 2522 847 2576 lex
879 2528 1024 2576 esset
1071 2536 1232 2574 causa
1263 2518 1469 2589 peccati
1526 2517 1789 2581 efficiens,
1815 2525 1867 2571 et
1895 2516 1961 2570 ad

364 2611 700 2682 peccandum
730 2609 1082 2680 compellens,
1143 2608 1336 2677 probat
1391 2608 1589 2677 legem,
1632 2613 1887 2676 quantum
1909 2604 1963 2657 in

369 2715 435 2753 ea
465 2707 569 2767 est,
594 2715 716 2754 esse
746 2699 961 2753 bonam.
994 2696 1133 2765 Quia
1178 2711 1306 2751 vero
1354 2695 1525 2749 Judmi
1574 2694 1805 2763 amplius
1863 2694 1964 2747 sub

365 2786 489 2857 lege
518 2794 829 2857 peccarent,
862 2786 965 2840 hoc
1016 2793 1267 2854 corrupta
1307 2791 1500 2837 natura
1556 2782 1805 2846 faciebat,
1856 2797 1964 2836 non

363 2875 469 2930 lex.
505 2875 701 2929 Littera
749 2874 827 2929 sic
850 2873 1099 2945 jungitur
1133 2888 1144 2926 :
1179 2871 1634 2941 Quandoquidem
1661 2886 1760 2940 per
1785 2870 1963 2941 legem

366 2962 830 3019 fructificahamus
861 2962 1039 3027 morti,
1074 2978 1197 3032 ergo
1229 2959 1361 3032 quid
1400 2960 1688 3015 dicemus?
1711 2958 1964 3012 Dicemus

366 3053 509 3123 quod
541 3053 636 3107 lea:
665 3056 747 3107 est
766 3054 1079 3122 peccatum,
1099 3048 1153 3102 id
1178 3058 1259 3103 est
1291 3064 1454 3104 causa
1473 3047 1682 3117 peccati
1696 3045 1955 3110 efﬁciens,

363 3148 415 3195 et
444 3140 781 3209 compellens
811 3138 879 3192 ad
910 3137 1285 3207 peccandum?
1317 3138 1473 3192 Absit
1538 3136 1642 3190 hoc
1670 3142 1726 3189 ut
1782 3135 1958 3206 legem

361 3228 606 3283 dicamus
642 3243 765 3282 esse
796 3233 1100 3297 peccatum,
1151 3225 1293 3297 quod
1345 3225 1392 3279 si
1422 3223 1749 3289 diceremus,
1802 3231 1855 3277 et
1884 3223 1962 3277 le-

368 3333 495 3388 gem
518 3332 639 3371 esse
696 3315 949 3383 injustam
1007 3315 1380 3385 probaremus,
1428 3314 1671 3367 etDeum
1717 3312 1960 3365 datorem

362 3404 502 3476 legis
548 3405 615 3459 de
662 3404 915 3473 injustitia
965 3419 1343 3475 argueremns,
1377 3401 1468 3472 qui
1498 3401 1677 3473 legem
1720 3400 1960 3454 dedisset

362 3493 780 3564 compellentem
811 3493 881 3546 ad
920 3500 1222 3562 peccatum.
1270 3491 1375 3544 Per
1418 3491 1595 3560 legem
1645 3488 1828 3559 utique
1853 3503 1958 3543 non

362 3590 445 3637 est
490 3590 788 3652 peccatum,
848 3580 944 3634 sed
993 3580 1191 3634 bonum
1226 3598 1239 3632 :
1273 3578 1509 3649 cognitio
1552 3577 1695 3631 enim
1725 3576 1955 3646 peccati.

367 3672 487 3725 Non
520 3673 678 3725 enim
717 3670 943 3739 cognovi
975 3672 1269 3739 peccatum
1302 3668 1417 3721 nisi
1450 3681 1551 3736 per
1582 3667 1777 3735 legem.
1828 3667 1965 3719 Ante

364 3758 543 3830 legem
571 3758 755 3828 utique
785 3757 883 3810 fuit
904 3756 1142 3828 cognitio
1172 3754 1400 3825 peccati,
1452 3770 1572 3809 cum
1605 3753 1873 3823 pincerna
1904 3761 1957 3807 et

367 3846 539 3917 pistor
586 3844 887 3899 Pharaonis
940 3859 1108 3899 causa
1156 3842 1361 3913 peccati
1400 3843 1454 3895 in
1502 3857 1779 3897 carcerem
1808 3840 1959 3894 missi

362 3942 504 3988 sunt.
539 3934 645 3988 Sed
676 3950 774 4002 per
802 3933 981 4005 legem
1029 3931 1159 3986 dicit
1197 3931 1471 4001 cognitum
1506 3946 1628 3985 esse
1653 3938 1954 3999 peccatum,

363 4021 491 4093 quia
520 4020 785 4093 originale
817 4020 930 4075 fere
963 4020 1033 4074 ab
1055 4020 1305 4073 omnibus
1343 4026 1466 4072 ante
1511 4018 1693 4090 legem
1730 4018 1956 4089 ignora-

365 4110 542 4174 batur,
579 4118 631 4164 et
660 4108 894 4164 actualia
923 4108 1089 4163 multa
1119 4107 1498 4161 nesciebantur
1527 4123 1649 4161 esse
1677 4114 1957 4176 peccatum

363 4208 421 4254 ut
451 4198 885 4271 concupiscentia
915 4197 983 4252 de
1014 4213 1118 4268 qua
1147 4196 1364 4261 subdit;
1415 4211 1577 4266 poena
1607 4195 1765 4249 etiam
1794 4194 1959 4249 infer-

362 4287 516 4353 nalis,
551 4304 671 4357 qum
712 4286 957 4357 sequitur
982 4286 1049 4339 de
1104 4284 1362 4355 peccatis,
1413 4300 1519 4338 non
1562 4284 1631 4337 ita
1662 4283 1953 4349 sciebatur,

364 4391 468 4430 nec
516 4375 770 4430 meritum
830 4374 1064 4429 futurum
1112 4388 1220 4427 non
1273 4372 1644 4443 peccantibus.
1694 4365 2027 4425 PutabantD

365 4462 508 4517 enim
539 4479 728 4517 omnes
758 4463 811 4516 in
843 4461 1057 4515 inferno
1102 4476 1508 4531 permansuros,
1559 4460 1685 4515 licet
1717 4460 1816 4514 sub
1839 4460 1956 4513 dis-

365 4550 714 4605 similitudine
742 4566 1050 4621 poenarum.
1088 4550 1195 4604 Sed
1226 4566 1325 4619 per
1348 4550 1529 4620 legem
1558 4550 1835 4618 cognitum
1876 4557 1959 4603 est

364 4638 653 4712 originale,
686 4638 899 4709 cognita
932 4645 1057 4691 sunt
1094 4637 1255 4691 etiam
1297 4637 1462 4690 multa
1520 4637 1766 4701 actualia,
1810 4636 1957 4706 prius

368 4727 661 4799 incOgnita.
696 4728 812 4782 Nec
842 4727 1002 4781 etiam
1035 4742 1096 4781 ea
1127 4742 1246 4797 qua?
1304 4726 1525 4796 cognita
1580 4734 1752 4787 erant,
1812 4734 1957 4778 tanta

366 4831 489 4869 esse
518 4815 897 4869 credebantur.
929 4814 1155 4884 Cognita
1176 4822 1255 4868 est
1285 4814 1447 4868 etiam
1479 4813 1655 4867 futura
1683 4813 1958 4868 damnatio

363 4919 461 4974 pro
490 4903 743 4974 peccatis,
771 4911 823 4958 et
850 4903 973 4958 ideo
1003 4903 1077 4957 ait
1102 4918 1113 4955 :
1148 4904 1251 4957 Per
1286 4902 1463 4973 legem
1495 4902 1727 4973 cognovi
1757 4917 1956 4971 pecca-

360 5000 493 5057 tum,
527 5000 580 5047 et
599 4992 885 5064 originale,
917 5001 969 5045 et
1008 4992 1237 5047 actualia
1275 5000 1470 5061 quanta
1501 4998 1671 5056 erant,
1705 5005 1956 5059 pmnam-

364 5098 469 5152 quc
498 5096 600 5151 pro
632 5081 697 5134 iis
728 5079 978 5135 futuram.
1016 5081 1150 5135 Vere
1179 5097 1279 5151 per
1308 5080 1485 5149 legem
1511 5078 1956 5151 cognovipecca-

363 5178 493 5225 tum.
528 5171 668 5225 Nam
699 5170 819 5237 hoc,
852 5170 1056 5225 scilicet
1084 5170 1625 5241 concupiscentiam,
1651 5183 1813 5237 quam
1835 5183 1957 5221 esse

363 5266 642 5329 peccatum
676 5258 1005 5322 nesciebam,
1039 5259 1153 5313 nisi
1178 5260 1271 5313 lea:
1295 5258 1369 5311 ita
1398 5257 1651 5311 diceret:
1685 5257 1802 5311 Non
1822 5271 1955 5310 con—

363 5350 631 5419 cupisces.
667 5348 772 5402 Lex
806 5347 1018 5417 quidem
1042 5346 1178 5399 bona
1199 5352 1299 5411 est,
1334 5345 1461 5415 quia
1478 5345 1569 5398 dat
1589 5342 1955 5415 cognitionem

364 5436 569 5508 peccati
604 5454 617 5500 ;
651 5436 747 5489 sed
778 5443 960 5489 tamen
989 5433 1284 5504 perlegam
1314 5432 1446 5487 nihil
1468 5433 1688 5502 bonum,
1714 5431 1808 5485 sed
1833 5446 1953 5485 om-

2059 392 2328 463 pollenter
2356 391 2426 444 ait
2457 406 2467 443 :
2503 390 2651 445 Licet
2689 391 2776 445 lex
2822 391 2964 445 bona
2999 391 3083 455 sit,
3121 400 3299 447 tamen
3342 400 3661 466 peccatum,

2058 481 2114 535 id
2145 488 2227 535 est
2282 487 2538 549 corrupta
2588 488 2801 541 natura,
2858 478 2944 533 vel
3002 480 3249 535 diabolus
3292 482 3664 550 instimulans,

2061 573 2355 642 operatum
2377 573 2460 623 est
2485 569 2547 622 in
2566 585 2653 623 me
2676 568 3194 640 concupiscentiam
3240 586 3485 639 omnem,
3510 572 3563 626 id
3581 580 3665 628 est

2062 658 2358 725 voluntate,
2394 664 2538 722 actu,
2573 657 2964 711 consuetudine
2994 659 3277 727 peccandi.
3305 660 3437 727 Hoc,
3472 660 3662 732 inquit,

2062 755 2343 817 operatum
2366 753 2447 800 est
2466 750 2762 817 peccatum
2784 750 3014 816 accepta
3052 750 3342 803 occasione
3362 764 3465 821 per
3493 766 3662 804 man-

2062 836 2281 890 datum.
2316 834 2369 887 id
2399 842 2493 906 est,
2510 849 2609 902 per
2637 833 2817 904 legem
2845 832 3155 887 mandatam
3207 835 3537 890 hominibus.
3558 840 3665 892 Ac-

2063 932 2236 993 cepta,
2272 922 2359 985 ait,
2400 922 2705 986 occasione,
2739 921 2792 975 id
2824 930 2903 976 est
2932 923 3335 993 opportunitate
3395 941 3458 979 ex
3490 925 3612 996 lege
3644 945 3659 990 ;

2061 1020 2172 1065 tum
2204 1012 2326 1082 quia
2356 1010 2618 1081 fragilitas
2656 1011 2895 1064 humana
2937 1011 3115 1082 magis
3160 1012 3415 1067 tendebat
3445 1013 3499 1067 in
3519 1014 3661 1072 veti-

2063 1108 2194 1163 tum,
2234 1108 2343 1153 tum
2377 1100 2503 1170 quia
2526 1098 2776 1153 diabolus
2807 1098 3119 1165 ferventius,
3155 1110 3372 1171 accepta
3394 1101 3538 1174 lege,
3572 1101 3661 1155 in-

2062 1188 2297 1243 sultabat
2326 1188 2553 1254 homini,
2579 1188 2770 1242 videns
2798 1188 2976 1259 legem
3009 1188 3191 1242 datam
3224 1188 3339 1244 fore
3371 1190 3662 1262 quemdam

2061 1278 2294 1349 gradum
2317 1276 2521 1332 homini
2539 1276 2800 1331 redeundi
2824 1276 2976 1331 41
3001 1277 3070 1330 ad
3092 1277 3465 1344 salvationem,
3500 1295 3660 1350 quem

2061 1366 2210 1437 prius
2241 1366 2422 1437 quieto
2469 1366 2591 1433 jure
2633 1364 2921 1435 possidens
2976 1364 3278 1436 inquietare
3324 1367 3658 1438 negligebat.

2134 1455 2444 1510 Notandum
2476 1453 2639 1507 etiam
2671 1454 2815 1525 quod
2846 1461 3128 1524 peccatum
3171 1463 3478 1525 corruptam
3505 1463 3662 1511 vocat

2062 1550 2329 1597 naturam.
2393 1544 2529 1597 Sunt
2584 1543 2728 1596 enim
2787 1542 2837 1595 in
2902 1557 3229 1613 unoquoque
3287 1551 3339 1597 et
3394 1544 3656 1598 sensualis

1984 1632 2227 1719 Bhomo
2277 1639 2327 1686 et
2389 1630 2699 1702 spiritualis.
2782 1630 3063 1685 Sensualis
3120 1632 3313 1686 dicitur
3374 1649 3501 1703 pars
3570 1632 3662 1687 illa

2065 1722 2276 1785 animae,
2310 1736 2432 1776 cum
2465 1736 2695 1790 corpore
2742 1736 2864 1791 qua}
2918 1718 3189 1774 sensificat
3247 1736 3465 1792 corpus,
3518 1729 3570 1776 et
3591 1722 3661 1775 ita

2062 1810 2328 1881 premitur
2400 1810 2546 1863 molo
2618 1809 2816 1873 carnis,
2877 1816 2933 1861 ut
3000 1825 3095 1878 per
3167 1808 3411 1881 singulos
3468 1826 3661 1864 sensus

2064 1899 2405 1971 congaudent
2435 1896 2714 1967 voluptati,
2753 1896 2986 1967 diligens
3033 1897 3217 1951 suavia
3250 1906 3430 1969 gustu,
3457 1913 3660 1953 canora

2063 1987 2264 2051 auditu,
2355 1985 2697 2041 delertabilia
2769 1985 2910 2049 visu,
2968 1986 3206 2055 jucunda
3273 1994 3437 2053 tactu,
3520 1987 3660 2042 bene

2066 2074 2363 2146 fragrantia
2392 2074 2641 2129 odoratu.
2677 2074 2776 2127 Illa
2825 2090 2952 2128 vero
2983 2090 3109 2144 pars
3149 2074 3341 2128 animm
3383 2090 3502 2146 quin
3550 2091 3658 2130 non

2063 2166 2133 2219 ita
2161 2164 2420 2235 premitur
2451 2178 2636 2232 carne,
2662 2170 2713 2216 et
2749 2163 2837 2218 hic
2858 2162 3053 2217 dicitur
3073 2162 3659 2229 rationalitas,contra-

2063 2254 2191 2309 dicit
2222 2252 2573 2317 sensualitati,
2609 2260 2661 2306 et
2688 2250 3002 2305 naturaliter
3046 2251 3246 2321 appetit
3278 2252 3419 2322 quod
3454 2253 3654 2307 bonum

2066 2351 2164 2397 est.
2199 2343 2340 2397 Vere
2369 2348 2649 2411 peccatum
2695 2348 2972 2411 operatum
3005 2348 3086 2393 est
3108 2339 3161 2392 in
3182 2356 3268 2393 me
3302 2340 3524 2408 malum,
3558 2357 3660 2411 per

2064 2431 2393 2484 mandatum.
2420 2430 2559 2484 Nam
2581 2430 2710 2483 dum
2740 2445 2887 2483 cram
2917 2429 3039 2483 sine
3064 2429 3199 2497 lege,
3223 2434 3511 2484 mortuum
3531 2434 3657 2497 erat

2063 2524 2378 2585 peccatum,
2412 2518 2466 2571 id
2497 2526 2579 2571 est
2626 2525 2878 2588 corrupta
2921 2525 3107 2570 natura
3156 2517 3453 2571 secundum
3509 2518 3653 2588 quod

2065 2608 2243 2661 minus
2321 2607 2741 2677 impugnabatur
2786 2625 2815 2662 a
2873 2609 3109 2678 diabolo,
3171 2610 3349 2665 minus
3408 2606 3659 2677 cupiebat

2066 2704 2368 2767 peccatum,
2403 2697 2524 2766 quia
2553 2712 2661 2749 non
2692 2705 2810 2751 erat
2839 2698 3188 2769 prohibitum.
3222 2700 3504 2753 Peccatum
3527 2704 3653 2750 tunc

2066 2794 2334 2839 mortuum
2357 2793 2492 2852 erat,
2514 2801 2610 2855 ego
2639 2790 2831 2841 autem
2854 2788 3120 2853 vivebam,
3145 2788 3199 2842 id
3217 2795 3298 2842 est
3317 2785 3501 2840 vivere
3523 2783 3654 2837 mihi

2062 2873 2285 2928 videbar
2311 2888 2433 2927 cum
2472 2889 2649 2926 essem
2706 2874 3009 2946 aliquando
3057 2879 3178 2932 sine
3239 2877 3391 2947 lege;
3448 2872 3575 2943 quia
3603 2880 3654 2925 et

2065 2962 2243 3015 minus
2274 2962 2698 3033 cognoscebam,
2748 2979 2849 3017 nec
2878 2964 2948 3017 ita
3009 2963 3460 3035 concupiscebam
3516 2976 3650 3031 pec-

2063 3060 2255 3115 catum,
2294 3066 2395 3104 nec
2424 3050 2672 3105 diabolus
2701 3051 2837 3105 adeo
2879 3052 3275 3108 inardescebat.
3310 3054 3445 3105 Ante
3470 3050 3647 3121 legem

2061 3148 2329 3193 mortuum
2366 3146 2476 3192 erat
2505 3147 2819 3209 peccatum;
2852 3142 2946 3195 sed
2977 3157 3107 3197 cum
3142 3143 3385 3196 venisset
3404 3138 3647 3194 manda-

2065 3233 2205 3295 tum,
2242 3227 2385 3298 quod
2414 3236 2687 3282 mortuum
2717 3237 2831 3283 erat
2878 3231 3089 3285 revixit
3118 3234 3434 3302 peccatum,
3485 3227 3539 3281 id
3571 3235 3653 3281 est

2061 3324 2319 3386 corrupta
2367 3324 2556 3370 natura
2586 3317 2731 3372 vires
2770 3318 3079 3388 resumpsit,
3112 3318 3289 3389 magis
3345 3315 3650 3371 stimulante

2061 3405 2299 3467 diabolo,
2333 3413 2384 3459 et
2415 3413 2467 3457 ut
2490 3412 2571 3458 est
2618 3406 2801 3459 vitium
2842 3407 3092 3461 humanae
3140 3404 3447 3478 fragilitatis
3476 3403 3649 3475 magis

2062 3493 2498 3562 concupiscendo
2554 3494 2856 3548 interdicta.
2935 3495 3145 3550 Revixit
3192 3495 3353 3559 ideo;
3413 3493 3538 3564 quia
3594 3493 3649 3545 in

2060 3581 2328 3652 principio
2357 3581 2577 3643 vixerat,
2614 3590 2665 3635 et
2694 3582 2971 3653 cognitum
3006 3582 3177 3638 fuerat
3206 3581 3491 3653 originale,
3524 3596 3648 3636 cum

2061 3670 2236 3726 adhuc
2266 3685 2459 3724 recens
2490 3677 2624 3723 erat.
2660 3671 2920 3725 Veniente
2967 3672 3221 3726 mandato
3279 3670 3470 3725 revixit
3513 3685 3647 3740 pec-

2061 3767 2269 3816 catum:
2313 3774 2406 3829 ego
2452 3762 2647 3813 autem
2676 3775 2803 3813 sum
2858 3763 3138 3826 mortuus,
3189 3775 3298 3813 non
3348 3758 3522 3812 solum
3581 3757 3649 3811 de

2058 3847 2349 3917 prioribus,
2394 3846 2491 3901 sed
2535 3846 2696 3901 etiam
2728 3847 2797 3901 de
2839 3847 3278 3917 praevaricatione
3334 3847 3472 3901 datae
3510 3845 3650 3915 legis

2060 3952 2182 3990 reus
2213 3935 2405 3991 factus.
2460 3936 2527 3989 Et
2574 3935 3011 4006 quandoquidem
3064 3951 3163 4006 per
3219 3935 3396 4007 legem
3456 3934 3648 3989 revixit

2060 4034 2365 4093 peccatum,
2398 4031 2450 4077 et
2480 4039 2584 4093 ego
2615 4031 2859 4078 mortuus
2908 4040 3047 4089 sum,
3108 4023 3271 4095 igitur
3309 4023 3647 4078 mandatum

2058 4113 2199 4184 quod
2215 4117 2337 4168 erat
2360 4112 2490 4166 mihi
2537 4112 2719 4165 datum
2758 4114 2830 4167 ad
2861 4114 3037 4167 vitam
3058 4112 3355 4167 secundum
3389 4110 3647 4166 intentio-

2058 4217 2182 4256 nem
2214 4200 2439 4267 datoris,
2473 4201 2574 4256 hoc
2605 4200 2934 4265 mandatum,
2958 4216 3066 4254 non
3092 4201 3205 4269 jam
3236 4200 3305 4255 ad
3334 4200 3517 4266 vitam,
3553 4200 3651 4255 sed

2061 4289 2333 4343 inversum
2365 4291 2661 4344 inventum
2682 4294 2765 4344 est
2797 4289 2939 4344 mihi
2987 4305 3100 4343 esse
3128 4288 3200 4343 ad
3242 4293 3499 4343 mortem.
3523 4288 3643 4342 Non

2058 4378 2179 4447 quia
2200 4393 2286 4431 me
2306 4377 2649 4447 compelleret
2673 4377 2741 4431 ad
2761 4384 3061 4447 peccatum,
3097 4377 3193 4430 sed
3217 4376 3337 4447 quia
3359 4391 3519 4431 causa
3531 4378 3646 4447 fuit

2058 4466 2174 4520 sine
2207 4482 2313 4536 qua
2343 4481 2445 4520 nec
2476 4482 2601 4519 reus
2642 4482 2819 4520 essem
2865 4464 3343 4536 praevaricationis,
3372 4472 3424 4519 et
3478 4479 3645 4519 causa

2057 4570 2157 4623 pro
2188 4569 2297 4623 qua
2352 4554 2601 4607 diabolus
2660 4554 2834 4625 magis
2883 4555 3197 4626 insurgeret
3250 4561 3441 4608 contra
3500 4553 3645 4623 quod

2058 4642 2141 4696 lex
2191 4657 2295 4695 non
2355 4641 2667 4709 adjuvabat,
2728 4642 2824 4696 sed
2880 4642 3245 4712 praecipiendo
3294 4640 3641 4710 impediebat.

2059 4730 2311 4801 Congrue
2343 4729 2470 4784 dicit
2501 4730 2776 4785 inventum
2809 4738 2891 4783 est
2920 4730 2988 4784 ad
3037 4737 3294 4793 mortem;
3340 4745 3448 4782 non
3502 4729 3644 4782 enim

2057 4819 2291 4889 positum
2309 4826 2421 4872 erat
2450 4818 2765 4871 mandatum
2811 4818 2879 4871 ad
2928 4826 3175 4873 mortem.
3240 4817 3436 4871 Probat
3486 4833 3645 4870 man-

2058 4908 2244 4961 datum
2276 4923 2398 4960 esse
2426 4906 2527 4960 sibi
2548 4907 2612 4959 ad
2658 4914 2908 4971 mortem,
2948 4923 3055 4961 non
3100 4914 3273 4959 tamen
3297 4904 3450 4975 culpa
3481 4905 3639 4976 legis,

2059 4996 2157 5049 sed
2203 4994 2332 5048 vitio
2368 4982 2651 5064 corrupta:
2700 5003 2904 5048 natura»
2960 4993 3357 5065 compellentis,
3408 4993 3641 5048 dicens:

2060 5084 2196 5137 Vere
2228 5083 2535 5136 mandatum
2566 5082 2840 5137 inventum
2864 5092 2945 5137 est
2967 5084 3095 5137 mibi
3117 5083 3185 5137 ad
3210 5089 3459 5145 mortem,
3484 5099 3640 5145 nam,

2056 5175 2371 5242 peccatum,
2404 5171 2459 5224 id
2488 5179 2571 5225 est
2616 5180 2869 5242 corrupta
2916 5171 3242 5225 sensualitas
3273 5186 3367 5224 seu
3399 5170 3646 5225 diabolus

2059 5265 2286 5331 accepta
2317 5262 2634 5326 occasione,
2669 5277 2764 5315 seu
2801 5260 2927 5331 quia
2957 5259 3141 5313 suasio
3172 5258 3549 5313 delectationis
3579 5260 3646 5312 ad

2058 5349 2392 5418 peccandum
2423 5349 2791 5404 vehementior
2831 5356 2928 5415 est,
2988 5364 3109 5402 cum
3150 5347 3305 5402 adest
3333 5347 3641 5417 prohibitio,

2058 5453 2153 5492 seu
2182 5438 2303 5510 quia
2333 5437 2577 5493 diabolus
2616 5437 2890 5495 ardentius
2935 5435 3304 5492 incumbebat.
3340 5436 3429 5491 Sic
3459 5436 3643 5509 utique
