3960 6036
223 132 283 183 65
861 122 1238 179 EXPOSITIO
1278 89 1767 180 IN‘EPISTOLAS
1809 124 2032 180 pxuu.
2065 154 2131 164 —
2164 124 2234 177 1N
2273 123 2488 178 EPIST.
2531 123 2625 179 AD
2664 124 2832 181 non.
3442 131 3509 183 66

217 259 427 322 accepta
457 248 849 321 opportunitate
879 266 981 321 per
1009 249 1365 317 mandatum,
1428 250 1657 305 seduxit
1697 267 1803 315 me,
1832 253 1885 311 Α
1914 249 2058 321 lege,
2092 248 2217 303 inde
2247 256 2475 319 apparet
2505 250 2651 320 quod
2681 250 2767 305 lex
2794 258 2846 305 et
2877 250 3011 306 ratio
3060 249 3219 305 simul
3248 251 3503 319 sentiant,

215 339 635 396 utconsentirem
646 346 871 408 peccato
890 357 903 403 ;
924 342 979 393 et
1008 356 1108 409 per
1137 340 1282 394 illud
1311 339 1576 394 seducere
1606 338 1811 395 occidit

218 446 317 495 me,
348 427 727 499 praecipitando
751 427 803 480 in
826 434 1004 482 actum
1026 428 1255 498 peccati.
1282 429 1348 481 Et
1371 427 1812 498 quandoquidem

220 517 522 572 mandatum
552 523 667 569 erat
696 515 764 569 ad
794 516 978 581 vitam,
1014 532 1079 570 ex
1111 516 1271 586 culpa
1302 516 1511 586 peccati
1542 516 1813 571 inversum

222 616 297 661 est
328 606 393 660 ad
416 613 661 660 mortem.
686 604 869 674 Igitur
894 606 988 659 lea:
1018 610 1221 660 sancta
1244 613 1343 674 est,
1366 606 1418 659 id
1440 614 1522 660 est
1538 614 1815 676 praecepta

218 694 349 766 legis
373 702 553 748 sancta
583 701 726 757 sunt,
746 697 802 748 et
821 693 1181 760 mandatum,
1205 693 1258 747 id
1294 702 1374 748 est
1396 711 1532 765 opus
1570 710 1816 765 praecep-

220 792 405 849 torum,
440 791 495 835 ut
513 782 781 850 jejunare,
814 782 947 836 dare
996 781 1420 853 eleemosynam,
1454 784 1575 850 hoc,
1620 783 1811 854 inquit,

218 871 520 925 mandatum
554 874 838 935 sanctum,
872 870 927 923 id
960 878 1040 924 est
1070 870 1333 925 sancitum
1366 879 1417 925 et
1461 870 1730 925 firmatum
1761 873 1816 926 in

216 960 346 1014 bono
368 968 467 1013 est.
494 960 589 1012 Est
610 959 769 1013 etiam
794 960 1009 1027 justum
1036 960 1343 1030 aequitatem
1362 976 1587 1014 servans
1604 961 1671 1015 ad
1690 977 1815 1031 pro-

218 1049 432 1102 ximum.
474 1047 571 1100 Est
602 1047 763 1100 etiam
789 1048 1021 1111 bonum,
1045 1048 1098 1101 id
1128 1056 1209 1101 est
1232 1048 1360 1102 utile
1390 1048 1633 1118 implenti
1663 1049 1812 1107 illud.

220 1137 369 1191 Modo
398 1135 731 1191 sufficienter
762 1136 1009 1204 probavit
1040 1136 1221 1208 legem
1251 1153 1373 1191 esse
1423 1138 1618 1191 bonam
1649 1138 1701 1191 in
1733 1155 1811 1192 se.

307 1226 410 1279 Sed
439 1225 645 1280 diceret
676 1224 895 1278 Iudaeus
930 1242 942 1278 :
976 1225 1097 1279 Non
1153 1241 1286 1280 curo
1334 1241 1402 1279 an
1436 1226 1519 1281 lex
1556 1226 1693 1281 bona
1724 1226 1812 1291 sit,

218 1331 330 1369 cum
360 1313 427 1366 sit
458 1313 592 1366 mihi
624 1328 786 1367 causa
814 1312 1195 1368 damnationis.
1231 1313 1349 1380 Quo
1399 1323 1587 1369 contra
1620 1316 1815 1369 Paulus

216 1402 394 1473 probat
427 1418 532 1471 per
586 1401 767 1472 legem
826 1401 1099 1455 neminem
1152 1402 1422 1466 damnari,
1485 1403 1581 1457 sed
1637 1404 1815 1473 potius

216 1490 425 1545 enutriri
454 1490 511 1543 in
541 1489 707 1543 bono.
751 1490 1014 1560 Corrupta
1053 1507 1180 1545 vero
1239 1499 1427 1545 natura
1486 1492 1619 1560 haec,
1654 1509 1813 1548 causa

1914 337 2039 393 licet
2068 337 2361 392 carnalitas
2406 338 2716 407 praevaleat.
2779 342 2919 411 Ago,
2977 340 3165 411 inquit,
3199 340 3332 394 illud
3362 342 3507 412 quod

1913 427 2021 491 odi,
2059 427 2112 480 id
2143 434 2223 481 est
2254 426 2385 480 illud
2417 428 2561 496 quod
2593 428 2735 482 nolo.
2771 429 2831 483 Si
2858 432 3051 483 autem
3080 428 3356 483 rationalis
3382 431 3511 485 nolo

1912 515 2061 570 illud
2087 516 2227 587 quod
2259 515 2489 569 carnalis
2517 518 2686 585 facio,
2712 532 2837 571 ecce
2860 517 2972 585 jam
2994 520 3286 573 consentio
3304 518 3431 587 tegi,
3456 518 3511 571 id

1914 611 2015 667 est,
2050 603 2192 657 idem
2224 604 2411 658 volens
2441 605 2593 659 testis
2624 621 2741 659 sum
2795 605 2903 677 legi
2932 606 3000 660 de
3052 606 3154 661 hoc
3182 606 3324 679 quod
3371 606 3513 662 bona

1914 695 2017 747 est.
2050 690 2500 763 Quandoquidem
2532 709 2635 764 ego
2674 693 2949 748 rationalis
3004 694 3129 748 nolo
3185 694 3318 748 illud
3365 694 3511 767 quod

1915 780 2148 834 carnalis
2179 780 2319 835 facio
2352 780 2511 849 (Illud
2540 797 2683 837 nunc
2744 782 3004 836 illativum
3059 783 3182 851 est),
3240 784 3382 853 Ergo
3412 799 3510 853 ego

1916 868 2188 922 rationalis
2208 872 2330 940 jam
2353 886 2467 925 non
2518 886 2716 939 operor
2772 871 2917 925 illud
2975 872 3121 941 quod
3178 887 3265 926 me
3295 871 3512 926 nolente

1915 965 2172 1026 operatur
2201 972 2349 1021 caro,
2385 959 2479 1012 sed
2507 963 2822 1029 peccatum,
2856 959 2911 1012 id
2942 968 3043 1027 est,
3076 959 3251 1014 fomes
3278 960 3509 1031 peccati,

1917 1046 2057 1117 quod
2087 1054 2366 1115 peccatum
2424 1047 2664 1112 habitat,
2698 1047 2750 1100 id
2801 1055 2901 1112 est,
2937 1048 3156 1103 assidue
3210 1056 3515 1104 remoratur

1916 1136 1977 1187 in
2005 1150 2093 1188 me
2132 1133 2356 1188 carnali.
2417 1136 2485 1187 Et
2540 1151 2664 1189 vere
2704 1144 2981 1204 peccatum
3036 1136 3237 1190 habitat
3293 1137 3348 1191 ni
3399 1153 3507 1203 me,

1917 1221 2043 1290 quia
2126 1222 2325 1276 bonum
2382 1238 2489 1276 non
2572 1222 2775 1276 habitat
2882 1223 2935 1276 in
3010 1240 3116 1279 me.
3192 1223 3351 1293 Quod
3433 1225 3514 1281 sic

1916 1310 1987 1363 ait
2022 1325 2033 1362 :
2068 1311 2189 1365 Scio
2214 1311 2438 1381 quidem
2467 1312 2599 1381 quia
2629 1311 2833 1366 bonum
2891 1328 3005 1367 non
3036 1311 3254 1367 habitat
3284 1316 3348 1368 in
3394 1331 3508 1379 me,

1915 1399 2019 1454 hoc
2051 1398 2198 1469 quod
2226 1399 2348 1453 dico
2378 1398 2431 1451 in
2477 1415 2561 1453 me
2618 1407 2718 1465 est,
2776 1399 2835 1454 id
2892 1403 2977 1455 est
3024 1401 3087 1455 in
3134 1416 3305 1457 carne
3359 1418 3507 1469 mea,

1915 1487 1968 1540 id
1992 1495 2074 1541 est
2104 1487 2157 1540 in
2187 1504 2272 1541 me
2303 1487 2521 1542 carnali.
2566 1489 2632 1541 Et
2688 1487 2791 1542 hoc
2846 1488 3042 1558 probat
3074 1506 3086 1542 :
3120 1489 3261 1545 Vere
3307 1490 3512 1545 bonum

218 1590 289 1634 est
318 1578 653 1648 compellens
682 1579 745 1632 ad
779 1588 1077 1648 peccatum.
1112 1579 1266 1634 Unde
1316 1580 1394 1635 sic
1425 1581 1499 1635 ait
1533 1596 1543 1634 :
1579 1580 1809 1648 Quando
1840 1606 1891 1664 Β
1915 1592 2022 1630 non
2045 1576 2247 1629 habitat
2266 1576 2321 1629 in
2344 1591 2508 1630 carne
2530 1592 2671 1642 mea,
2696 1591 2821 1630 nam
2844 1593 3019 1648 neque
3041 1594 3139 1648 per
3156 1578 3508 1646 voluntatem,

217 1667 421 1739 quidem
448 1667 764 1721 mandatum
804 1675 1046 1722 sanctum
1079 1676 1181 1733 est,
1229 1685 1356 1738 ergo
1404 1669 1536 1723 illud
1581 1670 1722 1741 quod
1752 1670 1807 1723 in

215 1773 267 1809 se
283 1758 483 1812 bonum
509 1760 591 1810 est
607 1755 757 1810 credi
774 1755 937 1810 debet
959 1759 1103 1827 quod
1125 1758 1263 1812 mihi
1282 1760 1503 1827 factum
1520 1763 1603 1813 est
1634 1775 1802 1823 mors,

216 1844 263 1897 id
293 1851 369 1897 est
398 1859 566 1898 causa
598 1844 931 1913 compellens
959 1861 1045 1898 me
1073 1845 1143 1898 ad
1189 1854 1416 1900 mortem
1437 1846 1463 1899 ε)
1496 1848 1647 1901 Absit
1680 1848 1802 1913 hoc,

216 1940 265 1984 ut
291 1931 419 1984 illud
483 1932 630 2001 quod
692 1932 891 1985 bonum
950 1940 1032 1987 est
1091 1932 1156 1985 sit
1211 1949 1375 1988 causa
1429 1951 1549 2005 qua)
1605 1935 1805 1988 malum

217 2019 394 2074 eflieiat
420 2019 432 2073 l
470 2020 785 2074 Mandatum
817 2020 999 2091 utique
1030 2022 1176 2091 quod
1225 2022 1425 2076 bonum
1456 2030 1556 2088 est,
1585 2040 1692 2077 non
1724 2032 1806 2078 est

214 2108 331 2160 mihi
362 2107 562 2162 factum
595 2124 782 2173 mors;
825 2109 919 2163 sed
974 2114 1289 2180 peccatum,
1322 2110 1376 2163 id
1425 2119 1505 2165 est
1549 2119 1806 2182 corrupta

214 2204 441 2250 natura:
508 2196 592 2250 vel
649 2196 899 2250 diabolus
957 2197 1298 2252 instimulans
1355 2208 1684 2269 peceatum:
1732 2201 1806 2254 ita

217 2285 328 2339 dico
358 2289 420 2339 ut
448 2289 745 2356 appareat,
780 2285 833 2338 id
865 2293 965 2352 est,
1026 2294 1084 2339 ut
1138 2295 1504 2357 cognoscatur
1534 2305 1657 2343 esse
1686 2306 1807 2361 pec-

218 2378 397 2427 catum
420 2394 437 2439 ;
462 2373 598 2426 illud
618 2377 911 2445 operatum
935 2378 1019 2429 est
1040 2375 1183 2429 mihi
1203 2379 1441 2431 mortem
1462 2394 1562 2448 per
1578 2378 1802 2444 bonum,

214 2461 261 2514 id
289 2469 367 2515 cst
396 2469 629 2531 accepta
651 2462 940 2517 occasione
961 2479 991 2516 a
1020 2463 1143 2533 lege
1173 2482 1297 2535 quae
1319 2464 1461 2519 bona
1492 2474 1590 2527 est.
1627 2467 1808 2538 coegit

215 2566 291 2603 me
318 2550 499 2621 magis
530 2566 779 2620 peccare,
832 2552 1182 2621 praevaricari
1240 2552 1400 2607 etiam
1458 2554 1603 2624 quod
1660 2554 1808 2624 prius

210 2652 309 2691 non
338 2646 481 2691 erat.
526 2638 823 2707 Operatum
852 2647 951 2705 est,
975 2638 1121 2707 dicit,
1154 2640 1227 2693 ita
1243 2658 1339 2710 per
1370 2642 1568 2695 bonum
1602 2647 1668 2697 ut
1682 2658 1810 2714 pec-

214 2730 392 2779 catum
422 2727 842 2797 ﬁat;peccans
872 2745 1014 2782 nunc
1071 2728 1125 2781 in
1173 2728 1295 2801 lege
1339 2747 1513 2801 supra
1568 2731 1805 2801 priorem

214 2814 445 2879 modum,
475 2815 531 2868 id
550 2822 631 2868 est
654 2815 964 2885 priusquam
986 2816 1070 2870 lex
1083 2817 1305 2871 daretur
1328 2836 1428 2889 per
1446 2819 1805 2888 mandatum,

211 2901 258 2955 id
286 2911 363 2957 est
383 2920 483 2973 per
513 2902 675 2958 42
700 2904 1199 2973 prmvaricationem
1224 2906 1459 2959 mandati
1488 2907 1663 2977 magis
1682 2924 1809 2979 pec-

214 3007 357 3045 cans.
380 2992 525 3045 Vere
539 2991 625 3045 lex
644 3008 752 3046 non
775 3000 856 3047 est
875 3001 1102 3063 operata
1114 3002 1367 3063 mortem,
1389 2995 1485 3049 sed
1498 3005 1801 3066 peccatum.

215 3078 336 3132 Nam
364 3097 466 3134 nos
501 3080 704 3135 scimus
724 3081 793 3134 ab
816 3081 1131 3135 auctoritate
1159 3082 1265 3137 vim
1297 3083 1550 3138 habente.
1587 3086 1805 3141 Scimus

216 3169 388 3239 utique
416 3170 554 3240 quia
586 3170 681 3223 lex
702 3173 786 3224 est
818 3171 1157 3240 spiritualis,
1191 3171 1246 3224 id
1290 3180 1389 3237 est,
1425 3172 1509 3227 vel
1542 3173 1667 3227 data
1708 3190 1807 3243 per

224 3255 471 3325 Spiritum
506 3266 776 3323 sanctum,
832 3258 919 3313 vel
970 3258 1210 3313 nutriens
1256 3259 1503 3330 spiritum
1551 3261 1801 3327 hominis,

217 3360 428 3413 quorum
461 3344 698 3400 alterum
747 3345 792 3399 si
840 3346 927 3414 sit,
962 3355 1172 3401 constat
1222 3348 1347 3418 quia
1394 3364 1501 3402 non
1532 3357 1612 3403 est
1642 3365 1805 3405 causa

217 3433 413 3487 mortis.
450 3434 563 3487 Lex
591 3433 774 3504 utique
806 3443 887 3489 est
917 3435 1235 3505 spiritualis,
1267 3437 1362 3491 sed
1395 3454 1490 3507 ego
1520 3454 1646 3492 sum
1675 3456 1805 3493 car-

214 3523 372 3589 nalis,
396 3521 451 3575 id
475 3530 561 3575 est
582 3522 868 3577 adhaerens
889 3523 1189 3578 carnalitati
1211 3542 1224 3591 ;
1248 3526 1621 3591 venundatus,
1646 3543 1806 3597 quem

216 3609 410 3678 primus
434 3626 641 3680 parens
656 3627 755 3681 pro
777 3619 939 3683 gustu
959 3612 1106 3682 pomi
1128 3614 1459 3668 venundedit
1485 3629 1495 3667 :
1529 3630 1630 3669 nec
1660 3615 1730 3669 ita
1752 3623 1807 3669 ut

214 3698 305 3751 sim
334 3699 512 3753 solum
544 3699 597 3752 in
629 3707 869 3769 peccato,
905 3701 1001 3754 sed
1023 3701 1184 3754 etiam
1203 3702 1302 3756 sub
1316 3706 1547 3773 peccato
1570 3724 1587 3770 ;
1611 3703 1737 3774 quia
1756 3711 1809 3757 et

214 3785 251 3839 si
279 3787 418 3853 volo,
456 3795 511 3841 et
540 3788 632 3841 diu
661 3787 872 3852 laboro,
907 3806 1005 3859 per
1021 3805 1108 3843 me
1127 3798 1306 3843 tamen
1328 3807 1552 3862 surgere
1569 3808 1803 3863 nequeo.

278 3876 371 3930 llic
401 3875 591 3946 incipit
621 3876 904 3931 ostendere
939 3877 1083 3947 quod
1112 3877 1205 3933 lex
1235 3885 1287 3933 et
1340 3879 1614 3934 rationalis
1644 3880 1807 3936 homo

213 3962 261 4015 in
289 3965 568 4019 voluntate
599 3965 729 4020 boni
783 3967 1165 4032 Consentiam;
1202 3967 1298 4023 sed
1353 3974 1531 4023 tamen
1587 3969 1655 4022 ab
1713 3968 1807 4023 illo

215 4054 382 4119 tertio,
421 4054 475 4107 id
509 4061 591 4108 est
620 4069 655 4107 a
684 4063 937 4125 corrupta
992 4063 1188 4109 natura
1234 4064 1573 4126 superantur.
1608 4057 1676 4112 Et
1704 4059 1808 4113 hoc

216 4139 277 4194 de
308 4142 665 4196 rationalitate
696 4143 838 4213 quod
870 4144 1008 4197 bona
1042 4144 1112 4197 sit
1165 4151 1218 4199 et
1268 4145 1469 4198 bonum
1522 4145 1648 4200 velit
1679 4162 1807 4201 con-

216 4230 493 4284 venienter
522 4231 734 4300 probat.
772 4231 916 4286 Sicut
947 4231 1087 4287 enim
1109 4232 1154 4286 si
1174 4232 1260 4287 lex
1281 4232 1425 4287 mala
1456 4242 1621 4300 esset,
1654 4235 1810 4290 dator

1913 1681 2087 1735 neque
2144 1681 2241 1734 per
2296 1673 2493 1720 actum.
2556 1665 2657 1719 Per
2713 1664 3041 1719 voluntatem
3128 1666 3346 1738 quidem
3404 1683 3514 1723 non

1906 1753 2132 1807 habitat.
2166 1754 2306 1807 Nam
2338 1754 2478 1807 velle
2510 1753 2710 1806 bonum
2748 1754 2974 1823 adjacet
3024 1755 3167 1809 mihi
3197 1755 3422 1821 carnali,
3458 1756 3512 1810 id

1908 1849 1989 1896 est
2020 1841 2427 1912 quodammodo
2460 1842 2797 1911 approximat
2829 1842 2979 1897 carni
3005 1858 3016 1896 :
3043 1859 3203 1897 nemo
3234 1844 3377 1898 enim
3408 1852 3514 1898 tam

1910 1930 2105 2000 impius
2137 1930 2265 2001 quia
2292 1930 2582 2001 aliquando
2643 1930 2830 1984 saltem
2891 1932 3091 1985 bonum
3148 1932 3295 1987 velit.
3354 1932 3514 2001 Quod

1907 2018 1953 2071 si
1982 2019 2207 2087 adjacet,
2232 2034 2366 2090 ergo
2398 2034 2505 2072 non
2536 2018 2741 2073 habitat
2770 2018 2825 2072 in
2842 2035 2948 2084 me,
2972 2019 3111 2074 velle
3129 2020 3328 2075 bonum
3360 2021 3510 2090 adja-

1906 2115 2009 2162 cet.
2043 2108 2148 2162 Sed
2170 2108 2439 2179 perﬁcere
2462 2108 2666 2162 bonum
2688 2108 2819 2161 illud
2839 2108 3001 2162 nullo
3019 2109 3177 2164 modo
3209 2111 3434 2166 invenio
3455 2110 3510 2164 in

1906 2211 2072 2250 carne
2103 2211 2243 2250 mea.
2272 2196 2410 2250 Vere
2436 2194 2696 2266 perficere
2726 2196 2927 2251 bonum
2955 2212 3064 2250 non
3085 2204 3167 2251 est
3196 2197 3253 2251 in
3280 2214 3367 2252 me
3397 2214 3512 2253 car-

1905 2284 2036 2338 nali.
2052 2285 2192 2339 .Vam
2214 2300 2317 2354 ego
2335 2284 2568 2339 carnalis
2590 2301 2705 2339 non
2725 2285 2873 2354 facio
2899 2285 2999 2339 hoc
3017 2287 3220 2340 bonum
3232 2286 3374 2357 quod
3394 2287 3513 2343 volo

1906 2372 2207 2427 rationalis.
2240 2372 2345 2427 Sed
2373 2389 2472 2443 ago
2502 2372 2735 2427 carnalis
2768 2373 2868 2428 hoc
2920 2374 3153 2439 malum,
3189 2375 3331 2445 quod
3382 2376 3511 2431 nolo

1907 2461 2205 2515 rationalis.
2241 2461 2337 2515 Vel
2368 2461 2525 2515 aliter
2558 2479 2569 2514 :
2606 2462 2747 2516 Vere
2769 2460 3034 2531 perficere
3075 2462 3277 2517 bonum
3303 2479 3370 2518 ex
3400 2472 3511 2519 toto

1908 2565 2017 2604 non
2045 2549 2263 2603 invenio
2295 2549 2349 2602 in
2382 2565 2489 2603 me.
2522 2550 2659 2603 Nam
2691 2549 2848 2603 etiam
2880 2550 2983 2604 hoc
3004 2550 3205 2605 bonum
3234 2566 3343 2606 non
3371 2551 3513 2607 facio

1908 2638 2053 2709 quod
2088 2638 2289 2692 bonum
2319 2654 2442 2692 esse
2472 2653 2765 2708 cognosco,
2791 2647 2844 2693 et
2867 2639 2989 2694 ideo
3011 2638 3194 2695 facere
3215 2640 3358 2695 volo.
3390 2641 3513 2696 Non

1909 2726 2053 2782 enim
2091 2726 2270 2781 omnia
2306 2726 2451 2780 bona
2483 2727 2615 2779 mihi
2646 2735 2774 2781 nota
2804 2735 2945 2781 sunt.
2988 2728 3068 2781 De
3099 2744 3165 2783 eo
3212 2729 3357 2799 quod
3386 2729 3515 2784 dixit

1908 2815 2160 2885 superius
2185 2815 2253 2868 ad
2273 2814 2417 2869 aliud
2442 2815 2786 2884 probandum
2803 2834 2815 2869 :
2831 2832 2938 2870 non
2953 2816 3095 2887 quod
3118 2816 3240 2871 volo
3260 2817 3365 2873 hoc
3384 2834 3507 2889 ago,

1910 2904 2107 2958 iterum
2133 2904 2237 2959 hoc
2257 2920 2358 2973 per
2378 2904 2519 2957 aliud
2546 2903 2795 2974 probato,
2820 2903 2983 2958 infert
3002 2904 3189 2960 dicens
3223 2905 3511 2973 :Quando-

1908 2992 2127 3064 quidem
2154 3008 2258 3062 ego
2283 2992 2564 3047 rationalis
2581 2994 2710 3048 nolo
2731 2994 2949 3047 malum
2969 2994 3110 3065 quod
3133 3010 3233 3064 ago
3255 2995 3510 3063 carnalis,

1907 3097 2043 3151 ergo
2074 3098 2166 3152 ego
2197 3081 2480 3135 rationalis
2510 3098 2621 3137 non
2647 3098 2843 3153 cperor
2867 3082 3013 3137 illud
3030 3081 3250 3149 malum,
3275 3083 3370 3139 sed
3388 3101 3516 3156 pec-

1905 3174 2118 3235 catum,
2135 3169 2189 3223 id
2203 3177 2286 3224 est
2300 3170 2578 3240 corruptio
2599 3178 2800 3224 natura:
2815 3188 2827 3224 :
2842 3170 2985 3243 quod
2997 3180 3282 3240 peccatum
3294 3172 3511 3228 habitat

1905 3259 1968 3313 in
1998 3275 2087 3313 me
2116 3258 2337 3324 carnali,
2370 3265 2629 3328 operatur
2656 3258 2789 3314 illud
2819 3259 3041 3313 malum.
3092 3260 3304 3330 Repetit
3332 3261 3511 3316 locum

1907 3346 2048 3399 unde
2065 3344 2282 3410 inferat,
2316 3347 2365 3399 si
2386 3346 2527 3416 quod
2552 3347 2679 3401 nolo
2701 3346 2847 3401 illud
2869 3348 3036 3416 facio.
3058 3345 3510 3419 Quandoquidem

1908 3450 2012 3504 ego
2044 3432 2322 3487 rationalis
2343 3432 2470 3487 nolo
2490 3432 2709 3501 malum,
2737 3433 2823 3487 lex
2844 3442 3021 3488 autem
3040 3434 3202 3503 (sicut
3221 3436 3508 3505 probatum

1908 3525 2011 3592 est)
2032 3521 2235 3575 malum
2258 3520 2505 3575 similiter
2524 3537 2633 3575 non
2655 3521 2785 3587 vult,
2814 3522 2992 3592 Igitur
3006 3538 3110 3592 ego
3128 3523 3399 3578 rationalis
3420 3528 3510 3580 in-

1908 3612 2068 3665 venio
2102 3611 2275 3680 legem
2306 3625 2429 3664 esse
2460 3609 2679 3675 bonam,
2715 3608 2769 3663 id
2799 3618 2881 3663 est
2896 3610 3081 3664 utilem
3098 3610 3229 3663 mihi
3260 3611 3510 3666 rationali

1908 3698 2107 3753 volenti
2139 3696 2319 3753 facere
2350 3697 2572 3752 bonum.
2599 3698 2707 3752 Lex
2763 3696 2965 3752 bonum
3023 3698 3249 3765 docens,
3281 3706 3334 3753 et
3372 3700 3510 3755 ratio

1909 3786 2112 3840 bonum
2143 3786 2353 3852 volens,
2375 3786 2767 3842 consentiendo
2797 3786 2850 3840 in
2873 3786 3013 3841 bono
3031 3802 3090 3841 se
3106 3786 3339 3843 invicem
3360 3788 3511 3844 inve-

1909 3875 2080 3928 niunt.
2096 3876 2311 3932 Valenti
2330 3879 2520 3945 facere
2540 3876 2741 3931 bonum
2765 3883 2937 3931 etnon
2950 3874 3189 3941 facienti,
3211 3876 3349 3932 bene
3360 3877 3502 3942 dico,

1910 3964 2176 4035 quoniam
2204 3964 2422 4018 malum
2452 3963 2792 4019 carnalitatis
2810 3964 3033 4035 adjacet
3055 3964 3198 4020 mihi
3218 3965 3467 4020 rationali
3493 3984 3506 4020 :

1910 4059 1962 4106 et
1992 4060 2274 4122 propterea
2306 4052 2506 4106 bonum
2538 4052 2682 4122 quod
2714 4052 2837 4108 volo
2868 4052 3134 4123 perﬁcere
3165 4070 3399 4125 nequeo.

1980 4140 2122 4194 Nota
2139 4139 2394 4210 quoniam
2414 4139 2613 4195 Paulus
2630 4138 2914 4212 figurative
2941 4140 3043 4195 sub
3068 4157 3305 4211 persona
3325 4159 3420 4197 sua
3441 4142 3511 4198 de

1910 4228 2159 4284 omnibus
2181 4228 2435 4299 loquitur,
2462 4244 2743 4283 assumens
2762 4229 2865 4282 sibi
2886 4245 3199 4299 personam,
3224 4247 3369 4288 nunc
3387 4240 3510 4289 ante

216 4315 343 4387 legis
371 4317 500 4372 inde
534 4319 947 4388 vituperaretur,
1005 4320 1083 4375 sic
1113 4321 1273 4375 etiam
1306 4322 1352 4375 si
1382 4323 1641 4376 naturalis
1671 4322 1805 4378 ratio
1824 4317 1876 4376 D
1905 4317 2064 4373 43
2101 4316 2282 4388 legem
2312 4333 2456 4371 nunc
2487 4317 2542 4370 in
2571 4316 2719 4389 lege.
2762 4318 2903 4371 Vere
2950 4317 3152 4372 bonum
3206 4318 3423 4377 invenio
3453 4321 3508 4376 in

218 4406 600 4461 adversaretur
630 4409 791 4473 bono,
820 4410 964 4477 juste
1012 4410 1102 4480 qui
1146 4410 1414 4465 rationem
1456 4411 1681 4465 dederat
1737 4412 1804 4467 de

218 4492 351 4548 malo
380 4494 610 4549 rationis
639 4496 1073 4552 calumniaretur.
1110 4498 1249 4553 Vere
1271 4500 1374 4552 sub
1405 4508 1630 4569 peccato
1664 4517 1801 4555 sum.

220 4582 350 4636 Nam
380 4583 526 4653 quod
558 4600 661 4654 ego
692 4600 906 4656 cperor,
937 4586 1050 4640 sive
1080 4586 1399 4642 dimittendo
1430 4587 1631 4642 bonum
1662 4588 1806 4660 quod

219 4669 391 4739 utique
422 4680 507 4725 est
561 4672 770 4741 operari
815 4674 1037 4741 malum,
1099 4675 1214 4730 sive
1272 4674 1520 4732 faciendo
1580 4677 1804 4744 malum,

219 4758 375 4826 quod,
409 4758 651 4829 inquam,
686 4776 885 4830 Operor
914 4778 1017 4834 ego
1067 4764 1357 4830 sensualis,
1419 4766 1672 4837 intelligo
1702 4782 1807 4839 ego

218 4846 491 4900 rationalis
520 4864 637 4901 non
668 4864 790 4903 esse
821 4852 1181 4919 Operandum.
1224 4853 1363 4907 Vere
1394 4868 1594 4922 operor
1623 4854 1808 4909 dimit-

218 4934 373 4987 tendo
403 4934 627 5000 bonum,
662 4937 805 5007 quod
834 4938 1078 5009 intelligo
1108 4956 1214 4995 non
1272 4956 1395 4995 esse
1441 4942 1799 5011 operandum.

222 5021 331 5075 Non
364 5025 519 5077 enim
551 5041 649 5095 ago
680 5026 778 5080 hoc
808 5026 1012 5081 bonum
1042 5030 1182 5099 quod
1212 5045 1317 5101 ego
1347 5030 1623 5085 rationalis
1651 5032 1808 5098 volo;

216 5116 261 5162 et
290 5125 417 5165 vere
448 5126 649 5180 operor
675 5112 922 5168 faciendo
950 5115 1151 5169 malum
1205 5117 1352 5187 quod
1409 5118 1654 5191 intelligo
1704 5134 1812 5173 non

218 5212 333 5251 esse
364 5200 721 5269 operandum.
755 5202 891 5256 Nam
922 5220 1026 5274 ego
1056 5205 1284 5259 carnalis
1312 5207 1462 5277 facio
1495 5208 1641 5261 illud
1670 5206 1813 5279 quod

218 5300 315 5357 ego
346 5288 626 5343 rationalis
656 5288 772 5345 odi.
814 5291 880 5344 Et
910 5308 1052 5347 nunc
1110 5293 1235 5364 quia
1290 5294 1377 5349 lex
1434 5295 1731 5367 spiritualis
1762 5306 1819 5352 et

219 5369 353 5426 bona
383 5381 487 5439 est,
516 5374 853 5430 rationalitas
908 5393 1035 5432 vero
1088 5394 1212 5434 mea
1267 5379 1465 5436 bonum
1522 5380 1635 5435 vult
1689 5396 1813 5436 cum

1904 4422 2009 4461 me.
2044 4407 2185 4461 Nam
2215 4421 2320 4476 ego
2350 4406 2704 4461 condelector
2734 4407 2839 4477 legi
2869 4407 2967 4462 Dei
2997 4427 3014 4461 :
3046 4408 3174 4479 quia
3203 4416 3255 4463 et
3282 4408 3375 4463 illa
3405 4410 3507 4466 bo-

1904 4511 2032 4549 num
2062 4493 2175 4549 vult
2204 4502 2255 4548 et
2284 4509 2388 4565 ego
2419 4510 2538 4549 cum
2562 4510 2645 4548 ea.
2669 4493 3030 4550 Condelector
3045 4496 3168 4551 dico
3195 4498 3507 4554 secundum

1904 4584 2239 4639 interiorem
2272 4584 2579 4649 hominem,
2616 4582 2744 4654 quia
2774 4582 2997 4638 interior
3038 4584 3199 4639 homo
3228 4585 3509 4642 rationalis

1906 4671 2021 4727 vult
2050 4671 2270 4742 quidem
2326 4672 2579 4726 bonum:
2642 4671 2743 4726 etsi
2800 4680 3031 4743 nequeat
3084 4673 3318 4743 operari.
3370 4674 3505 4730 Cum

1908 4760 2071 4815 modo
2092 4760 2285 4815 dixerit
2316 4760 2463 4831 quod
2484 4760 2571 4815 lex
2618 4767 2670 4814 et
2717 4759 3055 4814 rationalitas
3085 4760 3286 4815 bonum
3317 4762 3504 4832 velint,

1909 4849 2144 4905 ostendit
2172 4856 2459 4919 utrumque
2494 4848 2743 4919 superari
2771 4864 2801 4902 a
2844 4848 3017 4916 tertio,
3053 4848 3107 4903 id
3139 4858 3221 4905 est
3248 4865 3282 4905 a
3311 4866 3507 4906 cama-

1908 4938 2075 5004 litate,
2111 4937 2255 5008 quod
2286 4937 2503 4992 tertium
2532 4936 2768 4992 ostendit
2816 4936 3184 5007 superandum
3240 4955 3363 4995 esse
3409 4956 3509 5011 per

1910 5026 2161 5097 gratiam,
2195 5033 2247 5080 et
2276 5027 2379 5081 hoc
2410 5026 2540 5079 satis
2570 5025 2763 5080 idonee
2811 5024 2949 5083 facit.
2982 5027 3117 5080 Cum
3148 5028 3292 5082 enim
3322 5028 3505 5101 legem

1911 5114 2155 5169 ostendat
2184 5113 2416 5184 deprimi
2447 5130 2547 5185 per
2576 5113 2971 5182 carnalitatem,
2998 5130 3101 5171 nec
3129 5131 3224 5171 eos
3282 5117 3373 5187 qui
3403 5118 3505 5172 sub

1912 5200 2034 5272 lege
2065 5200 2279 5257 fuerunt
2307 5202 2599 5273 quidquam
2647 5203 2773 5258 boni
2830 5202 3047 5270 fecisse,
3104 5205 3211 5258 nisi
3247 5220 3346 5276 per
3371 5220 3489 5276 gra-

1912 5290 2062 5359 tiam,
2094 5307 2191 5362 per
2218 5291 2322 5346 hoc
2350 5291 2512 5361 plane
2541 5291 2760 5347 Iudaeos
2787 5291 3025 5347 insinuat
3081 5293 3284 5348 debere
3316 5293 3508 5361 subjici

1912 5378 2126 5449 penitus
2154 5378 2339 5449 gratia:
2371 5380 2491 5446 Dei,
2550 5388 2603 5435 et
2658 5396 2767 5435 non
2822 5380 3053 5452 amplius
3107 5380 3237 5452 legi.
3272 5382 3374 5435 Per
3402 5382 3508 5438 hoc
