3960 6036
343 56 409 109 67
897 58 953 112 S.
1006 55 1357 112 BRUNONIS
1404 48 2052 112 CARTHUSIANORUM
2095 50 2581 110 INSTITUTORIS
2622 54 2778 111 OPP.
2828 57 3005 113 PARS
3057 57 3121 111 II.
3596 59 3662 110 68

355 179 550 235 iterum
581 181 728 253 quod
758 180 1198 251 rationalitatem,
1234 182 1335 236 etsi
1374 181 1577 236 bonum
1608 180 1790 246 vellet,
1826 194 1953 234 suc-
1975 180 2024 238 A
2057 178 2155 232 Dei
2184 179 2309 233 data
2339 196 2437 251 per
2468 183 2651 235 Jesum
2682 180 2949 236 Christum
3006 197 3095 235 me
3154 180 3433 246 liberavit,
3490 182 3671 252 igitur

356 269 612 325 cubuisse
642 278 823 325 tamen
853 270 1159 325 carnalitati
1206 270 1354 335 dicit,
1411 270 1663 343 gentiles,
1698 285 1766 324 ne
1809 285 1866 323 se
1896 268 1965 322 de
2064 283 2158 337 ego
2186 268 2300 339 ipse
2331 270 2424 340 qui
2455 279 2577 324 ante
2608 270 2839 341 gratiam
2866 270 3142 339 subjectus
3163 285 3313 324 eram
3335 269 3662 335 carnalitati,

354 357 527 413 libero
551 359 775 413 arbitrio
806 358 1051 425 efferant,
1085 359 1363 429 deprimit,
1397 367 1448 413 et
1498 359 1575 414 sic
1612 374 1802 413 omnes
1832 373 1964 429 gra-
2058 356 2169 424 jam
2201 358 2343 427 quod
2377 359 2580 413 bonum
2602 359 2850 413 volebam
2877 366 3074 429 potens
3096 358 3327 429 Operari,
3353 374 3460 412 non
3493 358 3667 412 solum

356 447 443 502 tiae
472 447 572 502 Dei
602 447 833 516 subjicit.
882 448 1029 503 Licet
1077 448 1376 503 secundum
1426 448 1734 502 interiorem
1766 446 1966 502 conde-

357 534 529 590 lector
550 536 657 605 legi
677 536 793 602 Dei,
818 540 1009 591 tamen
1034 536 1188 592 video
1210 537 1385 591 aliam
1411 537 1584 607 legem
1614 537 1677 590 in
1702 536 1965 590 membris

359 625 520 690 meis,
554 624 607 677 id
638 632 719 679 est
749 624 802 678 in
860 625 1177 681 carnalitate
1229 641 1368 680 mea.
1406 626 1608 696 Legem
1658 624 1780 678 ideo
1812 623 1959 692 dicit,

359 713 486 783 quia
517 713 975 784 quemadmodum
1006 714 1145 769 ratio
1176 714 1341 768 dictat
1387 728 1553 783 agere
1585 712 1730 783 quod
1763 712 1965 766 bonum

357 809 457 869 est,
490 802 566 856 sic
597 788 915 857 sensualitas
947 804 1093 873 quod
1124 802 1325 856 malum
1375 810 1458 856 est
1492 816 1504 855 :
1567 801 1743 873 legem
1788 816 1966 854 mem-

363 890 587 945 brorum
620 890 740 945 dico
772 896 1181 963 repugnantem
1216 892 1319 962 legi
1367 891 1575 946 mentis
1611 906 1767 955 meae,
1798 889 1852 943 id
1884 899 1965 946 est

361 978 521 1034 bonis
552 995 671 1050 quae
693 980 826 1034 ratio
878 980 1087 1034 suadet.
1148 980 1263 1034 Nec
1319 978 1495 1033 solum
1551 986 1963 1048 repugnantem,

362 1069 458 1122 sed
490 1069 649 1123 etiam
667 1070 953 1140 captivum
970 1068 1271 1124 ducentem
1292 1084 1379 1122 me
1401 1069 1463 1121 in
1506 1069 1679 1137 legem
1702 1068 1920 1137 peccati
1950 1072 1967 1107 ε

362 1164 419 1210 ut
448 1171 643 1226 cperer
687 1172 748 1211 ea
797 1173 917 1227 quae
962 1165 1212 1227 corrupta
1260 1156 1585 1210 sensualitas
1614 1155 1815 1219 dictat;
1849 1170 1970 1226 qua:

371 1244 456 1299 lex
487 1245 700 1314 peccati
730 1250 814 1301 est
842 1246 903 1299 in
933 1246 1197 1300 membris
1245 1246 1404 1310 meis,
1441 1244 1494 1297 id
1529 1251 1609 1297 est
1637 1249 1691 1298 in
1736 1242 1968 1314 singulis

370 1334 619 1388 sensibus
651 1333 873 1388 diffusa.
912 1334 980 1387 Et
1012 1333 1453 1404 quandoquidem
1485 1331 1571 1386 lex
1600 1331 1969 1386 membrorum

369 1422 639 1493 captivum
697 1438 783 1477 me
840 1422 985 1477 ducit
1030 1422 1084 1475 in
1142 1429 1444 1491 peccatum,
1504 1437 1631 1492 ergo
1690 1419 1970 1475 rationalis

2064 445 2207 512 volo,
2242 447 2337 500 sed
2368 447 2529 501 etiam
2558 449 2734 503 servio
2764 452 2954 503 mente
2978 489 2992 515 ,
3027 447 3080 501 id
3112 456 3193 502 est
3223 454 3541 517 potestatem
3564 447 3669 501 ha—

2064 534 2169 589 beo
2198 536 2497 590 secundum
2530 536 2672 606 quod
2706 536 2842 590 ratio
2876 537 3131 590 admonet
3169 536 3307 589 bene
3336 534 3499 591 44
3531 551 3667 604 ope-

2066 624 2240 678 rando
2264 623 2472 679 servire
2499 626 2605 696 legi
2628 627 2745 680 Dei.
2769 624 2966 680 Necita
2989 632 3167 679 tamen
3191 632 3247 677 ut
3268 623 3439 679 fomes
3460 622 3669 694 peccati

2066 712 2281 781 penitus
2311 712 2366 765 in
2389 730 2474 768 me
2505 714 2811 769 destructus
2843 714 2931 779 sit,
2966 715 3060 769 sed
3118 721 3444 784 potestatem
3494 713 3668 767 habeo

2069 801 2274 855 servire
2305 804 2486 867 carni,
2548 802 2601 855 id
2653 810 2734 856 est
2782 802 3076 857 secundum
3137 802 3507 857 earnalitatem
3562 803 3673 871 legi

2067 893 2304 960 peccati.
2340 890 2396 944 In
2428 890 2532 945 hoc
2573 891 2737 944 etiam
2792 891 3087 944 maximum
3137 898 3287 944 notat
3331 890 3667 958 miraculum,

2068 978 2211 1048 quod
2241 976 2414 1033 fomes
2444 979 2667 1049 peccati,
2703 987 2889 1034 contra
2920 995 3080 1050 quem
3135 978 3267 1032 nihil
3320 979 3471 1049 prius
3516 986 3672 1049 pote-

2070 1074 2153 1120 rat
2183 1067 2341 1133 ratio,
2378 1084 2521 1123 nunc
2551 1068 2822 1136 subjaceat
2852 1067 3063 1135 rationi,
3097 1068 3143 1120 si
3174 1068 3300 1123 velit
3344 1068 3524 1122 homo.

2664 1280 2887 1335 CAPUT
2934 1281 3074 1336 VIII.

2147 1444 2167 1467 α
2205 1420 2350 1474 Nihil
2382 1435 2516 1491 ergo
2546 1436 2689 1476 nunc
2718 1422 3079 1476 damnationis
3138 1429 3219 1476 est
3265 1421 3350 1475 his
3397 1421 3489 1492 qui
3546 1427 3670 1475 sunt

366 1527 485 1564 sum
517 1512 730 1581 infelix
754 1511 916 1582 :quia
946 1526 1066 1563 sum
1097 1510 1273 1576 homo,
1303 1510 1357 1563 id
1387 1518 1471 1564 est
1501 1510 1628 1580 quia
1659 1508 1969 1563 carnalitate
1991 1534 2043 1594 B
2078 1530 2099 1558 ι(
2134 1508 2190 1562 in
2220 1509 2434 1564 Christo
2462 1511 2610 1577 Jesu,
2646 1510 2738 1580 qui
2768 1526 2878 1564 non
2926 1511 3221 1565 secundum
3281 1525 3501 1564 carnem
3558 1525 3675 1563 am-

366 1599 677 1669 deprimor;
711 1607 761 1654 et
792 1616 881 1654 me
903 1598 1176 1653 infelicem
1205 1600 1328 1669 quis
1361 1599 1615 1653 liberabit
1649 1597 1713 1653 de
1743 1613 1969 1668 corpore

364 1689 565 1761 mortis
586 1688 754 1758 hujus
780 1687 873 1742 ?id
888 1694 969 1742 est
998 1688 1066 1741 de
1089 1694 1259 1742 morte
1292 1694 1662 1757 peccatorum,
1699 1702 1819 1756 quae
1846 1690 1971 1739 sunt

363 1776 417 1830 in
448 1792 679 1847 corpore
710 1791 831 1830 meo
865 1794 877 1829 :
912 1776 999 1831 vel
1020 1776 1087 1829 de
1120 1791 1357 1846 corpore
1404 1775 1609 1839 mortis,
1672 1774 1725 1829 id
1757 1781 1841 1828 est
1901 1774 1971 1829 de

365 1871 480 1920 tota
507 1866 610 1921 hac
640 1880 825 1919 massa
854 1872 1200 1935 peccatorum
1234 1880 1353 1934 quae
1382 1863 1584 1919 ducunt
1615 1863 1683 1916 ad
1713 1870 1967 1916 mortem.

370 1953 478 2008 Lex
507 1969 615 2008 non
646 1960 827 2023 potest
854 1952 1086 2006 liberare
1117 1968 1206 2007 me
1230 1952 1471 2006 Judaeum
1499 1970 1512 2017 ;
1564 1966 1673 2005 non
1709 1951 1848 2004 ratio
1878 1965 1974 2004 na-

371 2040 558 2096 turalis
588 2057 676 2095 me
706 2041 1004 2112 gentilem;
1038 2056 1160 2096 cum
1188 2040 1304 2095 hanc
1329 2039 1383 2093 in
1438 2047 1671 2109 utroque
1699 2037 1969 2105 deﬁciant,

369 2130 483 2185 scio
513 2129 892 2184 liberationem
922 2144 1121 2194 meam,
1155 2129 1401 2198 gratiam
1430 2129 1531 2183 Dei
1558 2128 1738 2181 datam
1764 2143 1866 2199 per
1887 2128 1973 2183 Je-

366 2235 494 2273 sum
519 2216 803 2273 Christum
832 2218 1127 2272 Dominum
1149 2220 1432 2273 nostrum.
1458 2214 1556 2269 Illa
1574 2214 1821 2285 profecto
1840 2214 1974 2269 libe-

365 2306 638 2371 rabitme,
673 2313 725 2360 et
783 2305 908 2359 ideo
967 2321 1065 2360 vos
1122 2304 1294 2360 Judaei
1345 2304 1536 2374 gratia:
1582 2302 1807 2370 efﬁcaci,
1864 2319 1975 2358 non

363 2394 473 2465 legi
505 2395 811 2465 impotenti,
844 2409 940 2448 vos
989 2393 1180 2448 iterum
1211 2393 1445 2465 gentiles
1493 2393 1683 2464 gratiae
1735 2392 1833 2447 Dei
1864 2408 1974 2446 non

364 2482 559 2536 rationi
588 2481 901 2549 debilitatae,
964 2480 1313 2549 subjicimini.
1376 2480 1840 2535 Considerandum
1893 2487 1976 2533 est

368 2571 513 2642 quod
542 2570 740 2640 duplex
772 2569 914 2624 velle
971 2570 1169 2624 bonum
1203 2569 1270 2624 sit
1326 2569 1381 2623 in
1434 2568 1673 2623 homine.
1731 2568 1973 2622 Alterum

366 2659 665 2715 secundum
721 2658 1021 2712 naturalem
1105 2658 1388 2724 rationem,
1449 2674 1570 2727 quae
1625 2656 1973 2726 corruptione

364 2747 575 2819 peccati
604 2747 889 2817 depressa,
922 2747 1125 2800 bonum
1158 2745 1303 2816 quod
1334 2746 1442 2799 vult
1472 2744 1688 2815 Operari
1718 2760 1825 2799 non
1856 2744 1973 2798 suf-

366 2835 500 2891 ﬁcit.
540 2835 782 2890 Alterum
812 2835 954 2890 velle
977 2834 1278 2889 secundum
1303 2833 1715 2904 inspirationem
1739 2832 1967 2902 Spiritus

368 2924 541 2980 sancti
567 2940 665 2995 per
694 2940 859 2995 quem
888 2923 1061 2979 fomes
1123 2923 1333 2993 peccati
1391 2921 1727 2992 deprimitur,
1762 2929 1816 2975 ut
1864 2922 1968 2976 bo—

365 3029 495 3068 num
523 3012 740 3083 operari
771 3011 1063 3083 possimus.
1097 3010 1248 3066 Velle
1295 3017 1473 3065 autem
1505 3009 1765 3064 naturalis
1795 3009 1967 3065 ratio—

364 3102 449 3156 nis
479 3102 582 3156 hoc
611 3108 745 3166 erat,
778 3101 847 3155 de
878 3116 986 3171 quo
1034 3100 1284 3171 superius
1331 3098 1544 3154 dicebat
1577 3113 1589 3150 :
1652 3098 1773 3153 Non
1828 3097 1971 3171 quod

367 3191 487 3247 volo
528 3189 732 3245 bonum
791 3190 889 3245 hoc
919 3206 1039 3260 ago.

444 3278 665 3333 Dixerat
722 3277 975 3347 superius
1017 3276 1323 3332 interiorem
1352 3276 1629 3331 hominem
1685 3283 1736 3330 et
1790 3274 1970 3347 legem

373 3366 737 3422 condelectari
768 3366 822 3420 in
853 3366 995 3421 bono
1028 3365 1145 3420 sola
1174 3364 1467 3432 voluntate,
1510 3381 1621 3420 non
1666 3372 1809 3431 actu,
1845 3364 1973 3435 quia

369 3462 555 3510 contra
584 3456 701 3510 haec
729 3453 837 3509 duo
867 3453 1235 3510 invalescebat
1292 3454 1464 3510 fomes
1518 3453 1748 3524 peccati,
1794 3453 1972 3523 legem

372 3551 425 3597 et
453 3542 716 3598 rationem
748 3559 1065 3615 expugnans
1099 3560 1111 3595 :
1145 3543 1242 3597 sed
1272 3552 1561 3614 postquam
1617 3542 1762 3596 Deus
1792 3550 1973 3595 osten-

373 3631 450 3685 dit
481 3640 772 3702 utrumque
802 3632 1003 3685 bonum
1034 3631 1174 3702 legis
1206 3638 1260 3684 et
1289 3631 1515 3684 rationis
1544 3630 1600 3683 in
1627 3628 1846 3684 homine
1872 3629 1973 3682 de-

371 3718 549 3785 ﬁcere,
583 3720 729 3774 dedit
756 3718 824 3772 ad
854 3719 1103 3773 ultimum
1160 3718 1394 3790 gratiam
1440 3734 1615 3783 suam,
1675 3733 1794 3789 qum
1835 3716 1974 3770 libe-

371 3823 491 3860 rum
539 3807 815 3861 arbitrium
864 3806 1223 3871 confortavit;
1256 3814 1314 3860 ut
1364 3806 1473 3874 jam
1532 3806 1577 3860 si
1630 3806 1759 3860 velit
1815 3805 1977 3859 homo

371 3895 573 3950 bonum
604 3895 775 3965 possit
797 3895 1033 3965 operari,
1059 3903 1111 3949 et
1138 3895 1277 3950 bene
1300 3910 1555 3949 coercere
1584 3894 1826 3949 fomitem
1856 3910 1980 3963 pec-

372 3984 494 4039 cati.
530 3983 671 4052 Quia
701 3991 881 4039 autem
912 3983 1183 4038 hominem
1212 3984 1553 4053 redemptum
1586 4000 1684 4054 per
1721 3983 1974 4055 gratiam,

371 4074 520 4129 Deus
575 4089 686 4128 non
736 4073 949 4143 penitus
981 4089 1013 4128 a
1080 4072 1263 4127 fomite
1315 4072 1525 4143 peccati
1580 4072 1781 4137 divisit,
1843 4087 1979 4126 cau—

373 4178 431 4216 sa
461 4162 577 4217 haac
606 4161 720 4227 fuit,
754 4161 882 4232 quia
910 4160 1128 4232 reliquit
1170 4162 1422 4216 meritum
1479 4160 1708 4215 homini.
1750 4160 1806 4214 Si
1836 4160 1981 4214 enim

2078 1619 2100 1647 ι
2135 1597 2339 1652 bulant.
2373 1599 2479 1652 Lex
2513 1597 2656 1651 enim
2687 1598 2907 1668 spiritus
2964 1598 3087 1653 vita:
3116 1598 3171 1651 in
3203 1598 3416 1653 Christo
3442 1599 3567 1652 Jesu
3599 1597 3670 1651 li-

2078 1706 2100 1736 α
2134 1685 2345 1740 beravit
2374 1703 2461 1741 me
2490 1703 2520 1740 a
2550 1687 2672 1759 lege
2702 1687 2911 1757 peccati
2943 1694 2991 1741 et
3024 1687 3237 1741 mortis.
3276 1688 3415 1741 Nam
3438 1687 3579 1757 quod
3600 1686 3673 1739 im

2078 1796 2098 1820 α
2134 1774 2396 1845 possibile
2423 1782 2537 1829 erat
2558 1774 2686 1845 legi,
2707 1775 2760 1828 in
2792 1791 2897 1845 quo
2922 1774 3297 1829 infirmabatur
3316 1791 3413 1845 per
3432 1791 3670 1830 carnem.

2078 1885 2100 1913 α
2138 1865 2285 1918 Deus
2317 1863 2509 1918 Filium
2541 1881 2697 1917 suum
2732 1864 2953 1919 mittens
2982 1864 3035 1917 in
3061 1864 3464 1918 similitudinem
3496 1863 3677 1919 carnis

2079 1976 2100 2000 «
2134 1952 2367 2023 peccati,
2402 1960 2451 2006 et
2485 1953 2553 2007 de
2581 1960 2808 2022 peccato
2841 1953 3113 2007 damnavit
3160 1961 3442 2023 peccatum
3474 1953 3527 2006 in
3555 1968 3678 2007 car-

2078 2062 2100 2091 α
2138 2057 2224 2105 ne,
2260 2049 2319 2094 ut
2367 2039 2676 2109 justiﬁcatio
2732 2040 2871 2111 legis
2923 2041 3240 2111 impleretur
3295 2041 3348 2094 in
3379 2040 3555 2109 nobis,
3587 2039 3680 2112 qui

2078 2154 2100 2177 α
2136 2145 2245 2183 non
2274 2129 2570 2182 secundum
2602 2144 2819 2183 carnem
2862 2129 3221 2194 ambulamus,
3255 2129 3351 2183 sed
3382 2129 3679 2184 secundum

2079 2239 2102 2269 «
2138 2217 2401 2288 spiritum.
2438 2217 2542 2285 Qui
2572 2217 2715 2271 enim
2757 2218 3051 2272 secundum
3098 2232 3320 2273 carnem
3364 2225 3523 2283 sunt,
3557 2234 3679 2288 quae

2078 2330 2098 2354 α
2135 2307 2309 2361 carnis
2342 2314 2465 2359 sunt
2496 2306 2758 2376 sapiunt:
2820 2306 2909 2377 qui
2965 2322 3097 2361 vero
3155 2306 3452 2362 secundum
3512 2305 3677 2377 spiri-

2081 2418 2101 2444 α
2137 2404 2247 2449 tum
2278 2403 2417 2460 sunt,
2456 2411 2575 2466 qua)
2606 2403 2729 2449 sunt
2789 2395 3011 2465 spiritus
3072 2395 3327 2449 sentiunt.
3382 2396 3519 2449 Nam
3549 2411 3681 2465 pru-

2079 2508 2099 2531 ιι
2136 2484 2317 2538 dentia
2348 2484 2525 2538 carnis
2554 2500 2704 2538 mors
2734 2491 2815 2538 est
2848 2500 2860 2537 :
2894 2483 3180 2554 prudentia
3226 2491 3405 2538 autem
3436 2483 3676 2553 spiritus,

2080 2596 2099 2619 ‹‹
2135 2572 2244 2627 vita
2275 2580 2328 2626 et
2360 2588 2482 2642 pax.
2518 2571 2784 2639 Quoniam
2818 2572 3084 2642 sapientia
3139 2572 3320 2627 carnis
3350 2572 3567 2626 inimica
3598 2578 3681 2626 est

2081 2682 2101 2710 κ
2135 2661 2250 2715 Deo
2282 2660 2413 2731 Legi
2443 2660 2585 2714 enim
2616 2660 2716 2715 Dei
2775 2677 2883 2715 non
2943 2668 3024 2714 est
3083 2661 3345 2729 subjecta,
3402 2675 3503 2715 nec
3533 2659 3677 2714 enim

2081 2771 2103 2797 α
2135 2756 2332 2819 potest.
2367 2747 2473 2816 Qui
2500 2757 2676 2803 autem
2707 2749 2760 2802 in
2791 2764 2956 2803 carne
2987 2757 3131 2815 sunt,
3164 2750 3279 2803 Deo
3323 2748 3539 2819 placere
3569 2764 3677 2803 non

2081 2859 2102 2888 α
2136 2845 2381 2907 possunt.
2444 2838 2553 2893 Vos
2610 2845 2791 2892 autem
2847 2838 2901 2891 in
2958 2853 3123 2893 carne
3180 2854 3287 2893 non
3317 2838 3463 2903 estis,
3498 2837 3594 2891 sed
3626 2838 3681 2891 in

2075 2950 2095 2973 ‹‹
2134 2926 2345 2997 spiritu,
2381 2926 2427 2980 si
2456 2933 2639 2981 tamen
2684 2926 2904 2996 spiritus
2948 2927 3051 2981 Dei
3100 2926 3303 2981 habitat
3331 2926 3385 2980 in
3417 2925 3589 2981 vobis.
3625 2925 3682 2981 Si

2074 3036 2095 3065 ι
2128 3022 2303 3069 autem
2334 3014 2455 3085 quis
2488 3014 2734 3085 spiritum
2787 3014 2987 3068 Christi
3045 3031 3154 3069 non
3210 3014 3393 3082 habet,
3457 3014 3541 3068 hic
3569 3029 3679 3067 non

2075 3124 2097 3153 «
2132 3110 2212 3157 est
2242 3104 2377 3172 ejus.
2410 3103 2465 3157 Si
2495 3112 2672 3159 autem
2703 3103 2949 3158 Christus
3004 3103 3058 3156 in
3116 3102 3270 3158 vobis
3327 3111 3427 3169 est,
3488 3118 3682 3172 corpus

2075 3212 2097 3241 ι
2132 3191 2349 3262 quidem
2397 3200 2665 3246 mortuum
2712 3200 2794 3245 est
2837 3199 3061 3261 propter
3106 3198 3413 3261 peccatum,
3461 3190 3681 3260 spiritus

2076 3302 2097 3327 α
2133 3296 2265 3335 vero
2294 3280 2423 3334 vivit
2452 3288 2679 3351 propter
2703 3279 3165 3348 justificationem.
3206 3279 3345 3347 Quia
3372 3279 3419 3333 si
3448 3278 3681 3349 Spiritus

2077 3366 2097 3414 ἃ
2135 3368 2250 3437 ejus
2282 3369 2372 3439 qui
2400 3368 2679 3423 suscitavit
2706 3370 2892 3422 Jesum
2925 3384 2958 3423 a
3003 3369 3231 3423 mortuis
3265 3367 3468 3422 habitat
3494 3368 3549 3420 in
3580 3382 3682 3422 vo-

2078 3478 2099 3505 α
2135 3456 2237 3521 bis,
2273 3456 2362 3527 qui
2392 3457 2672 3512 suscitavit
2702 3458 2887 3511 Jesum
2928 3457 3196 3511 Christum
3228 3472 3261 3510 a
3317 3455 3564 3521 mortuis,
3598 3454 3678 3509 vi-

2079 3566 2100 3594 ι
2137 3544 2388 3611 vificabit,
2424 3552 2475 3598 et
2505 3545 2755 3599 mortalia
2796 3560 3031 3616 corpora
3083 3552 3282 3606 vestra,
3339 3552 3562 3614 propter
3592 3544 3680 3597 in-

2079 3655 2099 3680 ‹‹
2134 3633 2466 3687 habitantem
2497 3634 2755 3703 Spiritum
2786 3634 2901 3702 ejus
2957 3634 3012 3687 in
3069 3633 3243 3689 vobis.
3306 3633 3457 3704 Ergo
3488 3630 3682 3685 fratres

2079 3746 2100 3769 α
2137 3721 2413 3776 debitores
2444 3738 2648 3791 sumus,
2683 3738 2791 3777 non
2823 3723 2974 3778 carni
3005 3729 3062 3776 ut
3121 3722 3418 3777 secundum
3458 3735 3682 3776 carnem

2082 3830 2102 3859 ι
2139 3809 2401 3865 vivamus.
2472 3810 2528 3865 Si
2594 3811 2737 3865 enim
2797 3810 3093 3866 secundum
3150 3826 3367 3864 carnem
3417 3808 3678 3875 vixeritis,

2083 3921 2103 3945 α
2140 3897 2467 3952 moriemini.
2501 3898 2561 3953 Si
2590 3907 2771 3954 autem
2833 3898 3026 3969 spiritu
3081 3897 3216 3953 facta
3246 3897 3423 3952 carnis
3452 3894 3683 3950 mortifi-

2084 4009 2104 4033 α
2142 3987 2412 4052 caveritis,
2492 3987 2705 4041 vivetis.
2769 3986 3090 4057 Quicunque
3144 3985 3287 4040 enim
3344 3984 3545 4055 Spiritu
3584 3982 3683 4038 Dei

2085 4097 2105 4121 α
2140 4083 2395 4145 aguntur,
2429 4074 2483 4129 hi
2516 4074 2609 4129 filii
2658 4083 2782 4129 sunt
2828 4075 2954 4130 Dei.
3018 4076 3141 4129 Non
3197 4073 3340 4129 enim
3397 4071 3682 4142 accepistis

2084 4186 2103 4208 «ι
2140 4164 2388 4232 spiritum
2419 4163 2692 4218 servitutis
2723 4164 2919 4218 iterum
2948 4163 3003 4216 in
3032 4162 3244 4230 timore,
3309 4161 3405 4217 sed
3463 4159 3683 4230 accepi-

371 4251 535 4305 homo
565 4250 681 4305 sala
709 4250 1032 4305 necessitate
1086 4250 1177 4321 qui
1208 4265 1316 4304 non
1365 4257 1567 4319 posset,
1629 4265 1736 4304 non
1766 4264 1968 4320 pecca-
1991 4242 2044 4301 D
2079 4272 2099 4300 ‹‹
2139 4252 2236 4305 stis
2267 4252 2512 4321 spiritum
2544 4251 2850 4321 adoptionis
2906 4250 3138 4305 filiorum
3169 4251 3286 4315 Dei,
3322 4250 3377 4303 in
3408 4264 3515 4320 quo
3565 4249 3682 4303 cla-

372 4346 472 4405 ret,
506 4354 614 4393 non
646 4346 791 4393 esset
819 4338 1069 4393 meritum
1102 4353 1209 4409 quo
1260 4338 1455 4393 salvari
1484 4338 1727 4393 deberet.
1790 4339 1857 4393 Ut
1884 4355 1977 4392 au-

371 4435 481 4483 tem
510 4427 664 4482 locus
693 4435 837 4481 esset
865 4426 1132 4493 merendi,
1168 4427 1409 4481 fomitem
1466 4427 1677 4497 peccati
1706 4426 1978 4482 reluctan-

374 4524 479 4571 tem
502 4515 721 4583 dimisit,
783 4515 1122 4570 debilitatum
1173 4523 1351 4570 tamen
1381 4522 1431 4570 et
1488 4515 1557 4583 (si
1614 4514 1743 4569 velit
1791 4515 1976 4585 homo)

342 4604 648 4659 subditum
678 4602 891 4659 rationi.
936 4603 1075 4672 Quia
1104 4603 1304 4659 iterum
1360 4604 1634 4658 hominem
1665 4619 1697 4657 a
1751 4612 1979 4673 peccato

374 4693 733 4764 redemptum,
784 4707 893 4747 non
950 4692 1006 4746 in
1065 4699 1211 4747 tanta
1300 4692 1559 4763 dignitate
1615 4692 1864 4757 restituit,
1925 4692 1980 4745 in

373 4790 573 4851 quanta
602 4781 776 4835 fuerat
807 4780 975 4835 Adam
1009 4796 1131 4836 cum
1163 4779 1379 4848 cecidit,
1431 4787 1633 4837 factum
1664 4788 1747 4834 est
1776 4797 1843 4835 ne
1874 4780 1977 4834 ite-

372 4885 493 4923 rum
522 4870 684 4923 homo
714 4869 782 4924 de
814 4869 990 4923 subita
1011 4876 1062 4924 et
1092 4877 1234 4923 tanta
1266 4868 1520 4924 felicitate
1579 4869 1967 4939 superbiendo,

372 4956 802 5027 irrcparabiliter
831 4958 1066 5013 caderet.
1103 4957 1285 5025 Quare
1302 4957 1368 5012 ad
1390 4958 1709 5012 memoriam
1740 4958 1970 5028 peccati,

373 5053 426 5099 et
456 5046 524 5099 ad
562 5046 861 5099 custodiam
912 5045 1227 5099 humilitatis
1285 5055 1588 5117 opportune
1644 5047 1836 5103 relicta
1892 5054 1974 5100 est

372 5149 535 5204 poena
564 5134 804 5204 peccati;
838 5142 891 5187 ut
923 5134 1085 5189 etiam
1108 5151 1207 5204 per
1222 5136 1325 5189 hoc
1348 5136 1663 5189 ostendatur
1692 5135 1774 5191 vis
1805 5134 1977 5189 sancti

381 5222 634 5292 Spiritus,
694 5222 961 5291 adjutorio
1017 5224 1167 5291 cujus
1224 5224 1499 5278 rationalis
1563 5225 1724 5278 homo
1779 5222 1979 5295 subigit

374 5310 477 5365 sibi
507 5311 780 5366 carnalem
816 5326 826 5364 :
861 5311 947 5367 cui
979 5312 1252 5381 subjectus
1283 5311 1397 5381 fuit,
1432 5312 1669 5384 quandiu
1700 5312 1815 5366 sine
1846 5328 1978 5384 gra-

373 5399 448 5454 tia
480 5398 597 5455 fuit.
633 5400 827 5456 Littera
859 5400 937 5456 sic
961 5401 1207 5473 jungitur
1238 5419 1250 5457 :
1304 5400 1761 5472 Quandoquidem
1802 5401 1981 5472 gratia

2082 4361 2103 4389 «
2140 4356 2331 4393 manus
2363 4357 2376 4392 :
2410 4340 2563 4393 Abba
2598 4339 2816 4410 (pater).
2852 4340 2975 4409 Ipse
3005 4339 3147 4394 enim
3180 4337 3409 4408 Spiritus
3440 4337 3685 4391 testimo-

2082 4452 2102 4475 u
2139 4428 2287 4482 nium
2316 4427 2489 4482 reddit
2537 4428 2746 4498 spiritui
2794 4436 2997 4491 nostro,
3036 4427 3180 4498 quod
3211 4443 3396 4482 sumus
3428 4425 3520 4479 ﬁlii
3562 4424 3683 4480 Dei.

2083 4540 2103 4565 ‹‹
2140 4516 2196 4570 Si
2225 4524 2405 4571 autem
2435 4515 2549 4582 filii,
2582 4524 2634 4571 et
2663 4517 2912 4571 haeredes
2957 4531 2967 4569 :
3000 4516 3249 4570 haeredes
3299 4514 3516 4585 quidem
3560 4513 3682 4579 Dei,

2082 4629 2103 4652 «ι
2141 4604 2453 4659 cohaeredes
2502 4612 2679 4659 autem
2711 4604 2909 4659 Christi
2943 4622 2955 4658 :
2991 4604 3035 4658 si
3074 4612 3255 4659 tamen
3303 4602 3680 4673 compatimur,

2084 4714 2105 4743 α
2142 4701 2198 4747 ut
2229 4701 2280 4747 et
2312 4692 2702 4765 glorificemur.
2734 4692 3000 4748 Existimo
3042 4693 3188 4747 enim
3237 4692 3382 4762 quod
3422 4707 3532 4745 non
3563 4698 3689 4744 sunt

2082 4803 2104 4829 α
2141 4781 2429 4853 condignae
2463 4782 2746 4851 passiones
2800 4782 2957 4848 hujus
3007 4780 3271 4851 temporis
3331 4779 3399 4833 ad
3446 4778 3686 4833 futuram

2083 4889 2105 4918 ι
2139 4869 2388 4941 gloriam,
2424 4886 2544 4940 quae
2576 4869 2903 4925 revelabitur
2930 4869 2983 4922 in
3032 4868 3209 4923 nobis.
3260 4869 3401 4921 Nam
3450 4882 3685 4937 exspec-

2084 4978 2105 5006 «
2143 4957 2273 5011 tatio
2302 4964 2562 5011 creaturae
2592 4956 2977 5012 revelationem
3000 4955 3235 5011 ﬁliorum
3260 4955 3359 5009 Dei
3383 4963 3681 5025 exspectat.

2084 5065 2107 5095 α
2142 5044 2375 5099 Vanitati
2425 5045 2568 5098 enim
2615 5045 2790 5099 omnis
2844 5052 3091 5099 creatura
3139 5044 3379 5112 subjecta
3430 5051 3529 5111 est,
3576 5059 3685 5097 non

2085 5154 2105 5179 ιι
2145 5132 2351 5198 volens,
2387 5132 2483 5186 sed
2514 5140 2737 5203 propter
2762 5148 2886 5187 eum
2918 5133 3010 5203 qui
3043 5131 3272 5201 subjecit
3299 5147 3420 5185 eam
3450 5131 3505 5183 in
3537 5146 3634 5201 spe
3668 5146 3681 5182 ε

2085 5243 2105 5267 «ι
2146 5221 2273 5291 quia
2321 5228 2373 5275 et
2422 5221 2541 5292 ipsa
2589 5228 2830 5276 creatura
2859 5221 3177 5275 liberabitur
3207 5235 3238 5274 a
3269 5219 3524 5274 servitute
3554 5234 3684 5273 cor-

2086 5331 2107 5356 α
2142 5309 2405 5379 ruptionis
2434 5309 2488 5364 in
2520 5310 2819 5365 libertatem
2841 5309 3032 5382 gloriae
3055 5308 3285 5363 ﬁliorum
3320 5308 3437 5362 Dei.
3474 5307 3687 5361 Scimus

2086 5416 2108 5446 α
2146 5398 2291 5452 enim
2323 5398 2466 5470 quod
2500 5398 2677 5454 omnis
2727 5405 2974 5455 creatura
3018 5396 3330 5469 ingemiscit
3378 5403 3431 5451 et
3456 5394 3691 5466 parturit
