3960 6036
228 110 295 165 69
869 107 1248 165 EXPOSITIO
1288 108 1361 163 IN
1399 106 1777 163 EPISTOLAS
1817 107 2046 161 PAULI.
2082 137 2151 146 —
2181 107 2252 161 IN
2290 107 2509 162 EPIST.
2558 108 2651 162 AD
2690 107 2859 164 ROM.
3441 112 3509 163 '70

234 258 255 279 α
292 250 468 305 usque
500 234 696 289 adhuc.
729 235 851 288 Non
882 234 1054 288 solum
1082 241 1260 288 autem
1305 234 1416 297 illa,
1469 233 1565 287 sed
1608 240 1657 287 et
1688 247 1819 287 nos-
1842 234 1895 291 A
1926 232 2173 301 provenit
2202 231 2305 287 vita
2336 240 2537 285 interna
2569 250 2581 285 :
2615 232 2751 287 Vitae
2797 231 2920 287 dico
2950 232 3146 288 habitae
3196 236 3256 288 in
3290 232 3509 292 Christo

230 344 251 372 ι
291 322 399 391 ipsi
446 322 710 392 primitias
741 323 962 392 spiritus
1003 323 1265 376 habentes
1296 341 1310 386 ;
1346 330 1397 377 et
1424 321 1527 391 ipsi
1558 321 1693 375 intra
1724 337 1823 375 nos

231 432 252 459 ι
286 411 595 483 gemimus,
630 412 980 482 adoptionem
1020 411 1256 465 filiorum
1288 410 1385 464 Dei
1413 418 1785 481 exspectantes
1807 451 1819 475 ,

227 522 248 545 α
289 500 715 571 redemptionem
772 501 1013 571 corporis
1074 500 1266 555 nostri.
1328 500 1434 569 Spe
1484 499 1626 553 enim
1687 499 1821 553 salvi

228 610 247 635 ι
290 588 420 643 facti
464 606 667 643 sumus.
732 590 868 659 Spes
911 598 1087 643 autem
1138 606 1259 660 quae
1305 588 1532 653 videtur,
1586 604 1693 642 non
1741 595 1823 641 est

232 697 253 724 ι
291 693 444 747 spes.
476 679 613 731 Nam
647 679 792 748 quod
823 678 969 732 videt
1013 678 1154 749 quis,
1204 677 1334 748 quid
1379 677 1606 747 sperat?
1638 676 1693 731 Si
1722 693 1820 729 au-

230 788 249 813 ε
292 773 404 819 tem
435 766 580 836 quod
626 782 732 819 non
780 766 1067 832 videmus,
1112 780 1437 836 speramus:
1469 782 1569 836 per
1614 765 1822 834 patien-

227 853 423 906 «tiam
473 862 876 923 exspectamus.
951 854 1208 909 Similiter
1262 862 1437 908 autem
1492 861 1545 908 et
1602 852 1821 922 spiritus

230 965 249 986 α
289 942 514 1009 adjuvat
547 942 912 997 inﬁrmitatem
964 952 1221 997 nostram.
1273 943 1409 995 Nam
1442 941 1569 1013 quid
1600 958 1821 996 oremus

224 1051 245 1079 ι
289 1030 433 1084 sicut
461 1040 693 1100 oportet,
746 1032 1020 1085 nescimus
1051 1050 1064 1095 ;
1098 1032 1192 1085 sed
1224 1032 1339 1101 ipse
1372 1031 1598 1101 Spiritus
1628 1038 1819 1100 postu-

229 1142 251 1163 α
291 1118 367 1172 lat
399 1135 498 1189 pro
528 1120 686 1173 nobis
735 1120 1029 1191 gemitibus
1079 1120 1556 1173 inenarrabilibus.
1592 1119 1696 1186 Qui
1720 1135 1819 1172 au-

229 1232 248 1250 -
291 1216 403 1261 tem
435 1216 700 1262 scrutatur
728 1209 915 1269 corda,
952 1208 1051 1263 scit
1081 1209 1226 1279 quod
1258 1208 1529 1262 desideret
1562 1208 1815 1277 Spiritus,

223 1316 245 1344 ι
288 1296 417 1366 quia
449 1297 749 1351 secundum
781 1298 957 1351 Deum
998 1297 1235 1366 postulat
1286 1312 1385 1366 pro
1422 1296 1647 1351 sanctis.
1693 1297 1817 1350 Sci-

226 1405 247 1431 ι
286 1401 412 1437 mus
469 1393 646 1438 autem
704 1386 960 1456 quoniam
1008 1386 1358 1457 diligentibus
1411 1386 1583 1439 Deum
1638 1384 1820 1440 omnia

223 1494 244 1522 ι
282 1481 653 1543 cooperantur
680 1474 735 1526 in
766 1474 987 1537 bonum,
1036 1474 1118 1527 his
1149 1474 1239 1544 qui
1271 1474 1570 1528 secundum
1614 1489 1816 1543 propo-

1923 323 2070 385 Jesu,
2108 320 2160 373 id
2190 328 2271 374 est
2316 338 2414 391 per
2462 320 2733 375 Christum
2775 323 2979 389 Jesum,
3036 320 3294 377 liberavit
3340 340 3428 379 me
3474 341 3510 379 a

1927 411 2042 477 lege
2069 411 2309 481 peccati,
2343 409 2397 463 id
2452 416 2534 464 est
2584 426 2615 463 a
2658 410 2843 465 fomite
2905 412 3134 480 peccati,
3196 416 3253 467 et
3301 428 3331 465 a
3384 412 3507 482 lege

1922 501 2137 565 mortis,
2188 498 2242 551 id
2288 506 2369 551 est
2420 498 2488 551 ab
2537 506 2658 553 actu
2708 498 2907 553 fomitis
2954 500 3185 569 peccati,
3249 517 3317 555 ne
3366 501 3513 572 quod

1921 586 2093 640 fomes
2124 586 2264 639 male
2298 586 2508 651 suadet,
2541 602 2820 656 operarer.
2856 589 2997 643 Vere
3028 588 3288 643 liberatus
3333 606 3449 644 sum
3481 606 3515 645 a

1919 674 2040 744 lege
2074 674 2281 744 peccati
2315 694 2327 740 ;
2363 692 2498 729 nam
2520 691 2617 745 per
2648 675 2839 729 Filium
2862 676 2979 730 Dei.
3010 678 3156 732 Deus
3189 678 3329 731 enim
3354 680 3514 734 misit

1924 764 2128 817 Filium
2162 780 2326 818 suum
2360 779 2371 817 :
2405 779 2513 817 non
2547 764 2691 833 quod
2722 764 2885 817 Filius
2918 764 3135 819 abesset
3162 765 3380 831 alicubi,
3416 767 3513 821 sed

1923 852 2045 921 quia
2076 852 2189 921 ipse
2222 860 2412 905 natura
2458 852 2742 905 invisibilis
2790 869 2889 922 per
2922 853 3126 907 unitam
3159 854 3259 907 sibi
3290 870 3512 909 carnem

1920 939 2091 994 factus
2122 948 2173 993 et
2204 940 2449 1007 visibilis,
2485 940 2681 993 missus
2730 940 2929 995 dicitur
2977 942 3273 996 secundum
3315 943 3510 1015 cogni-

1920 1028 2121 1081 tionem
2167 1036 2427 1081 nostram.
2479 1028 2619 1081 Misit
2662 1029 2847 1099 utique
2906 1031 3051 1083 Deus
3108 1030 3300 1083 Filium
3332 1048 3507 1099 suum,

1921 1132 2029 1169 non
2060 1116 2112 1168 in
2143 1131 2360 1171 carnem
2390 1116 2615 1186 peccati,
2648 1117 2743 1170 sed
2776 1120 2837 1172 in
2860 1119 3299 1174 similitudinem
3319 1122 3510 1176 carnis

1915 1206 2154 1274 peccati,
2189 1204 2240 1257 id
2274 1212 2354 1258 est
2386 1204 2440 1257 in
2469 1220 2692 1259 carnem
2743 1206 2975 1261 similem
3006 1207 3154 1262 carni
3186 1209 3498 1277 peccatrici.

1920 1292 2161 1345 Christus
2191 1292 2334 1346 enim
2364 1308 2580 1346 omnem
2631 1293 2812 1347 carnis
2842 1295 3125 1349 materiam
3154 1305 3345 1365 praeter
3372 1314 3507 1367 pec-

1918 1388 2098 1434 catum
2129 1380 2418 1446 sustinuit;
2465 1389 2517 1435 et
2564 1397 2661 1451 per
2709 1382 2933 1437 missum
2981 1384 3173 1437 Filium
3212 1386 3505 1441 damnavit

1917 1473 2232 1539 peccatum,
2266 1469 2319 1522 id
2378 1478 2459 1523 est
2508 1469 2748 1525 fomitem
2808 1472 3031 1541 peccati,
3098 1474 3239 1544 quod
3295 1476 3504 1530 eratin

220 1585 240 1607 «τ
281 1562 451 1614 situm
482 1562 658 1616 vocati
691 1570 814 1615 sunt
862 1562 1054 1617 sancti.
1105 1563 1245 1616 Nam
1275 1579 1412 1633 quos
1470 1562 1743 1632 praescivit
1764 1569 1886 1645 etB
1917 1572 2089 1611 carne
2128 1566 2332 1611 nostra.
2384 1560 2457 1612 De
2500 1564 2747 1629 peccato,
2810 1559 2863 1613 id
2920 1569 2999 1615 est
3050 1578 3150 1631 per
3196 1563 3383 1617 Filium
3414 1564 3502 1635 qui

226 1672 246 1696 ι
286 1650 694 1719 praedestinavit
741 1650 1051 1706 conformes
1097 1649 1214 1704 fieri
1263 1650 1531 1723 imagines
1562 1650 1679 1703 Filii
1710 1650 1812 1716 sui,

215 1760 238 1783 ιι
280 1747 339 1790 ut
369 1737 440 1791 sit
469 1738 585 1807 ipse
643 1739 1035 1811 primogenitus
1066 1739 1119 1792 in
1150 1739 1330 1792 multis
1360 1739 1633 1792 fratribus.
1671 1738 1816 1806 Quos

223 1847 245 1874 ι
283 1834 463 1880 autem
496 1827 919 1896 praedestinavit,
956 1829 1056 1882 hoc
1095 1836 1147 1881 et
1177 1828 1388 1882 vocavit
1420 1845 1433 1891 ;
1468 1836 1516 1881 et
1556 1843 1691 1897 quos
1724 1843 1815 1880 ve-

221 1938 241 1961 α
280 1914 442 1979 cavit,
476 1916 575 1969 hos
619 1924 670 1968 et
694 1914 1008 1983 justiticavit
1040 1933 1052 1968 :
1087 1933 1223 1986 quos
1266 1924 1444 1969 autem
1484 1914 1811 1984 justiﬁcavit,

220 2023 243 2050 ι
281 2003 404 2056 illos
436 2012 487 2056 et
516 2002 905 2075 magnilicavit.
941 2003 1083 2071 Quid
1115 2020 1250 2075 ergo
1280 2005 1523 2058 dicemus
1554 2004 1622 2057 ad
1653 2004 1769 2057 haec
1789 2002 1817 2055 ?

221 2111 243 2139 ι
285 2090 343 2144 Si
376 2091 522 2145 Deus
552 2108 651 2160 pro
696 2092 871 2157 nobis,
921 2092 1040 2162 quis
1089 2100 1278 2147 contra
1327 2092 1475 2147 nos?
1505 2092 1606 2160 Qui
1650 2091 1812 2145 etiam

219 2204 239 2227 ε
282 2180 508 2249 Proprio
536 2180 670 2234 Filio
719 2197 819 2234 suo
848 2197 952 2235 non
982 2181 1242 2251 pepercit,
1272 2181 1367 2235 sed
1392 2197 1487 2250 pro
1510 2180 1667 2235 nobis
1697 2196 1813 2235 om-

218 2289 239 2316 ι
279 2268 442 2321 nibus
508 2268 724 2321 tradidit
775 2269 942 2322 illum.
995 2269 1281 2337 Quomodo
1328 2285 1437 2323 non
1484 2270 1644 2323 etiam
1690 2284 1813 2324 cum

217 2378 239 2401 ιι
280 2355 376 2409 illo
410 2356 594 2410 omnia
626 2357 782 2411 nobis
815 2358 1082 2412 donavit?
1115 2358 1248 2425 Quis
1296 2358 1575 2413 accusabit
1607 2358 1810 2411 adver-

221 2466 242 2489 -
282 2460 379 2496 sus
430 2444 633 2499 electos
666 2445 763 2498 Dei
783 2445 810 2497 ‘?
841 2446 985 2499 Deus
1026 2446 1116 2517 qui
1140 2446 1416 2515 justiticat.
1448 2445 1579 2513 Quis
1609 2454 1690 2499 est
1721 2445 1812 2516 qui

221 2554 242 2579 ί
283 2532 658 2587 condemnet?
676 2534 1087 2588 ChristusJesus
1104 2535 1195 2604 qui
1208 2543 1450 2589 mortuus
1472 2543 1570 2601 est,
1587 2534 1695 2589 imo
1718 2533 1811 2604 qui

216 2645 235 2665 -
266 2620 431 2675 45
458 2630 506 2675 et
524 2622 939 2692 resurrexit,qui
954 2623 1111 2676 estad
1124 2624 1403 2677 dexteram
1418 2623 1810 2693 Dei.quietiam

218 2731 240 2757 ι
280 2709 595 2779 interpellat
626 2727 720 2780 pro
752 2711 925 2765 nobis.
978 2711 1109 2780 Quis
1163 2728 1295 2783 ergo
1342 2729 1444 2766 nos
1476 2712 1749 2782 separabit
1778 2727 1807 2765 a

216 2821 237 2844 ι
272 2798 543 2852 charitate
588 2798 828 2852 Christi?
865 2800 1158 2855 Tribulatio
1181 2802 1207 2854 ἱ)
1256 2802 1340 2853 An
1381 2800 1679 2872 angustia?
1726 2803 1811 2853 An

216 2906 238 2934 ς
274 2887 589 2955 persecutio
608 2886 635 2939 ‘2
664 2890 749 2940 An
796 2886 1013 2942 fames?
1044 2892 1128 2943 An
1176 2889 1391 2942 nuditas
1413 2890 1440 2943 ‘2
1471 2892 1555 2943 An
1586 2888 1807 2959 pericu-

216 2997 236 3017 ιι
276 2973 436 3027 lum?
482 2977 567 3027 An
622 2974 883 3046 gladius?
938 2976 1085 3031 Sicut
1131 2977 1394 3047 scripturn
1443 2984 1570 3031 est:
1610 2998 1631 3026 ‹
1668 2976 1809 3043 Quia

218 3079 238 3111 ι
274 3069 505 3131 propter
535 3070 585 3115 te
622 3062 1014 3119 mortiﬁcamur
1060 3073 1172 3119 tota
1204 3065 1310 3129 die,
1346 3064 1590 3119 aestimati
1623 3081 1809 3118 sumus

215 3170 237 3197 ι
273 3151 414 3203 sicut
461 3166 593 3205 oves
640 3151 930 3206 occisionis
981 3154 1154 3219 (Psal.
1191 3168 1347 3217 xuii,
1380 3154 1491 3221 23).
1532 3174 1553 3203 ι
1590 3154 1698 3207 Sed
1750 3153 1803 3205 in

215 3260 234 3282 ιι
270 3238 359 3290 his
402 3238 656 3292 omnibus
696 3255 1017 3310 superamus
1064 3250 1286 3312 propter
1327 3258 1449 3295 eum
1496 3242 1585 3313 qui
1624 3241 1809 3295 dilexit

217 3348 237 3370 (ι
276 3341 399 3379 nos.
435 3325 629 3380 Certus
671 3344 791 3381 sum
840 3328 981 3382 enim
1041 3330 1165 3400 quia
1213 3346 1388 3400 neque
1416 3345 1582 3398 mors,
1631 3346 1807 3400 neque

220 3438 240 3459 κ
279 3414 413 3479 vita,
446 3430 623 3484 neque
655 3416 857 3487 angeli,
893 3433 1068 3487 neque
1099 3417 1456 3487 principatus,
1490 3434 1666 3487 neque
1699 3417 1807 3471 vir-

218 3526 238 3547 -
280 3510 443 3569 tutes,
480 3519 656 3573 neque
700 3504 971 3569 instantia,
1024 3522 1198 3576 neque
1247 3505 1445 3571 futura,
1480 3522 1654 3576 neque
1701 3505 1807 3559 for-

218 3610 239 3639 ί
279 3590 476 3655 titudo,
510 3607 686 3661 neque
714 3592 957 3659 altitudo,
1007 3598 1191 3665 neque
1230 3594 1579 3664 profundum,
1632 3610 1807 3664 neque

217 3699 237 3727 ι
274 3687 527 3733 creatura
573 3679 679 3733 alia
710 3679 935 3752 [aliqua]
964 3682 1160 3750 poterit
1202 3698 1302 3736 nos
1334 3698 1580 3752 separare
1610 3698 1640 3735 a
1670 3685 1806 3737 cha-

215 3789 236 3811 ιι
271 3767 433 3821 ritate
467 3768 586 3833 Dei,
618 3784 739 3838 qum
769 3776 851 3823 est
881 3768 936 3822 in
956 3770 1168 3825 Christo
1195 3772 1323 3825 Jesu
1342 3771 1573 3826 Domino
1595 3779 1802 3826 nostro.

840 3962 1152 4003 EXPOSITIO.

279 4102 741 4175 Quandoquidem
785 4114 963 4161 mente
1007 4107 1213 4161 servire
1260 4124 1481 4177 possum
1528 4108 1651 4181 lege
1681 4109 1800 4175 Dei,

210 4194 355 4263 Ergo
384 4210 543 4247 nunc
568 4194 622 4246 in
645 4201 884 4265 tempore
916 4196 1106 4267 gratiae
1137 4196 1286 4251 nihil
1315 4197 1699 4253 damnationis
1725 4215 1805 4253 re-

1917 1644 2013 1698 fuit
2046 1645 2218 1698 hostia
2268 1662 2364 1715 pro
2412 1648 2649 1715 peccatis
2696 1648 2935 1702 omnium
2985 1650 3186 1704 oblata.
3250 1652 3403 1707 Unde
3452 1660 3506 1706 et

1917 1733 2160 1787 Christus
2217 1734 2391 1789 dictus
2452 1742 2533 1789 est
2592 1744 2896 1805 peccatum.
2958 1739 3142 1793 Hostia
3200 1739 3345 1794 enim
3404 1756 3503 1811 pro

1914 1830 2137 1891 peccato
2157 1822 2356 1886 oblata,
2390 1831 2671 1892 peccatum
2702 1824 2999 1893 dicebatur,
3026 1826 3111 1881 vel
3134 1844 3229 1897 pro
3249 1838 3499 1897 peccato.

1916 1910 2012 1963 Vel
2061 1910 2175 1964 ita:
2212 1911 2497 1966 Damnavit
2546 1921 2849 1981 peccatum,
2900 1914 2955 1968 id
3002 1923 3083 1968 est
3132 1916 3385 1971 Satanam
3429 1918 3499 1973 de

1914 2005 2133 2067 peccata
2168 2016 2180 2051 :
2213 2000 2357 2069 quod
2398 1999 2644 2053 diabolus
2694 2000 2817 2056 fecit
2848 2002 2901 2055 in
2933 2018 3095 2057 carne
3126 2005 3341 2059 Christi.
3374 2006 3503 2061 Dia-

1915 2086 2070 2140 bolus
2101 2088 2245 2141 enim
2271 2088 2359 2155 jus
2389 2088 2620 2142 habebat
2649 2090 2702 2142 in
2733 2105 2948 2144 omnem
2979 2092 3251 2147 hominem
3282 2104 3505 2165 propter

1913 2175 2178 2247 originale
2207 2184 2488 2245 peccatum
2523 2194 2535 2230 :
2572 2178 2638 2232 de
2670 2194 2778 2248 quo
2809 2178 2936 2250 quia
2965 2181 3208 2236 Christus
3235 2198 3362 2237 reus
3392 2200 3502 2239 non

1914 2262 2011 2317 fuit
2044 2268 2176 2331 (non
2206 2264 2350 2318 enim
2398 2265 2451 2318 in
2497 2267 2934 2336 concupiscentia
2982 2270 3157 2324 carnis
3184 2279 3343 2325 natus
3374 2276 3499 2343 est),

1913 2352 1965 2405 in
1998 2369 2120 2405 eum
2152 2352 2399 2407 diabolus
2435 2354 2735 2408 indebitum
2778 2357 2868 2424 jus
2900 2359 3178 2428 usurpavit
3210 2378 3223 2426 ;
3260 2360 3383 2415 ideo
3408 2361 3499 2429 jus

1913 2441 2057 2510 quod
2088 2456 2409 2497 concessum
2439 2443 2556 2512 ipse
2588 2452 2697 2497 erat
2727 2444 2781 2497 in
2811 2461 3020 2511 omnes,
3054 2448 3309 2516 perdidit,
3344 2457 3395 2504 et
3423 2450 3502 2505 sic

1913 2529 2041 2599 quia
2069 2529 2390 2584 inconcessa
2433 2532 2684 2601 captavit,
2738 2533 2879 2601 juste
2930 2550 3193 2590 concessa
3230 2538 3490 2607 perdidit.

1911 2618 2199 2672 Damnavit
2230 2619 2412 2690 utique
2443 2629 2729 2689 peccatum
2764 2638 2776 2673 :
2810 2622 2879 2675 ad
2911 2624 3032 2689 hoc,
3066 2629 3130 2679 ut
3160 2627 3499 2697 impleretur

1912 2709 1975 2760 in
2006 2706 2161 2761 nobis
2184 2708 2527 2777 justiﬁcatio
2561 2710 2715 2779 legis,
2737 2710 2789 2763 id
2808 2718 3065 2781 estquam
3090 2712 3175 2767 lex
3200 2714 3500 2785 praasigna-

1912 2794 2024 2858 bat,
2071 2802 2123 2848 et
2166 2794 2394 2864 implere
2442 2812 2549 2851 non
2598 2805 2801 2866 poterat
2843 2798 2898 2851 in
2928 2800 3085 2854 nobis
3120 2802 3188 2856 de
3219 2804 3448 2858 termino
3484 2822 3497 2858 :

1912 2884 2007 2953 qui
2040 2900 2151 2937 non
2181 2885 2537 2939 ambulamus
2557 2887 2866 2941 secundum
2895 2904 3125 2943 carnem
3158 2930 3171 2957 ,
3206 2890 3260 2943 id
3290 2899 3373 2946 est
3404 2908 3497 2947 se-

1912 2971 2127 3041 quendo
2155 2972 2429 3027 desideria
2461 2974 2670 3040 carnis;
2704 2976 2800 3030 sed
2824 2977 3165 3032 ambulamus
3189 2981 3499 3037 secundum

1911 3061 2197 3131 spiritum,
2258 3060 2313 3114 id
2373 3070 2453 3115 est
2511 3064 2811 3117 secundum
2870 3065 3015 3136 quod
3058 3067 3219 3122 dictat
3266 3069 3497 3139 Spiritus

1911 3156 2129 3203 sanctus
2158 3149 2244 3203 vel
2291 3150 2445 3205 ratio.
2498 3151 2797 3218 Damnavit,
2839 3154 2981 3221 dico,
3015 3164 3319 3225 peccatum,
3353 3159 3499 3229 quod

1912 3236 2116 3291 scilicet
2163 3237 2425 3292 damnare
2470 3248 2753 3309 peccatum
2799 3241 3135 3312 impossibile
3192 3253 3306 3299 erat
3352 3246 3488 3318 legi.

1909 3325 2017 3378 Lex
2048 3325 2193 3379 enim
2221 3326 2488 3396 impotens
2520 3336 2634 3383 erat
2662 3329 2893 3385 liberare
2910 3332 2977 3385 ab
2999 3332 3266 3405 originali,
3291 3334 3345 3388 in
3368 3352 3493 3406 quo,

1909 3413 1961 3466 id
1993 3422 2074 3466 est
2133 3413 2187 3466 in
2217 3414 2492 3484 implenda
2535 3416 2939 3487 justificatione,
2982 3420 3066 3474 lex
3114 3420 3493 3478 inﬁrmabatur

1908 3517 2008 3570 per
2038 3516 2276 3567 carnem,
2322 3503 2376 3556 id
2432 3512 2514 3557 est
2560 3504 2683 3575 quia
2730 3508 3101 3562 carnalitatem
3148 3512 3486 3567 sectabatur.

1908 3590 2051 3643 Vere
2062 3590 2376 3658 justificatio
2395 3607 2502 3645 non
2525 3591 2869 3662 impletur,iis
2888 3596 2978 3666 qui
2994 3598 3270 3652 ambulant
3292 3615 3493 3665 secun-

1908 3678 2037 3731 dum
2061 3694 2313 3743 carnem;
2339 3697 2473 3734 nam
2495 3680 2529 3733 ii
2553 3683 2650 3753 qui
2663 3690 2938 3737 sectantur
2958 3688 3386 3754 carnalitatem,
3408 3706 3493 3744 sa-

1906 3768 2075 3836 piunt
2086 3767 2159 3835 ,id
2174 3774 2255 3821 est
2272 3783 2524 3839 saporem
2540 3769 2737 3824 bonum
2755 3772 3056 3841 capiunt.in
3070 3774 3153 3827 his
3167 3793 3288 3847 quae
3304 3779 3494 3833 carnis

1906 3856 2278 3910 sunt.Amodo
2292 3856 2345 3909 in
2362 3858 2708 3927 sequentibus
2719 3860 2882 3931 longe
2897 3864 3299 3919 commendabit
3313 3865 3493 3938 legem

1907 3942 2235 4012 spiritualem
2264 3961 2364 4013 per
2404 3948 2733 4016 oppositum,
2782 3950 3140 4020 deprimendo
3173 3955 3479 4010 carnalem.

1978 4030 2118 4099 Quid
2146 4031 2271 4086 inde
2301 4033 2503 4089 diceret
2522 4036 2715 4107 aliquis
2746 4038 2790 4091 si
2812 4039 3023 4109 sapiunt
3051 4058 3113 4095 ea
3146 4060 3267 4113 qua)
3312 4044 3494 4099 carnis

1907 4121 2075 4174 sunt?
2104 4120 2306 4174 Malum
2334 4122 2518 4194 utique
2548 4126 2773 4180 multum
2802 4136 2884 4182 est
2912 4129 3033 4183 hoc.
3052 4130 3194 4185 Nam
3239 4133 3490 4201 pruden-

1907 4209 1988 4263 tia
2018 4210 2209 4263 carnis
2239 4214 2321 4265 est
2352 4227 2519 4277 mors,
2547 4213 2599 4267 id
2632 4222 2712 4268 est
2742 4231 2940 4271 vocare
2962 4217 3027 4271 iis
3058 4235 3180 4288 quas
3210 4235 3336 4275 caro
3366 4238 3489 4275 sua-

206 4281 397 4335 lictum
432 4290 513 4335 est
546 4282 629 4336 his
661 4284 755 4354 qui
800 4288 935 4338 sunt
966 4286 1026 4340 in
1073 4284 1291 4340 Christo
1327 4288 1475 4354 Jesu,
1513 4286 1566 4339 id
1599 4295 1681 4341 est
1712 4287 1802 4358 qui
1824 4292 1877 4351 D
1906 4296 2015 4361 det,
2050 4313 2199 4351 mors
2252 4298 2446 4354 anima:
2502 4310 2604 4355 est.
2656 4303 2750 4356 His
2780 4304 2871 4375 qui
2914 4281 3213 4375 sequuntur
3241 4308 3487 4378 spiritum

205 4370 259 4422 in
293 4369 401 4423 fide
430 4370 624 4424 Christi
676 4372 844 4425 renati
894 4381 1036 4426 sunt.
1096 4375 1219 4427 Non
1274 4375 1418 4445 quod
1474 4376 1637 4429 modo
1677 4376 1805 4430 boni

212 4458 339 4517 sint,
377 4458 539 4512 modo
570 4459 711 4514 male
743 4461 957 4531 agendo
1002 4477 1107 4515 non
1142 4462 1267 4528 sint,
1302 4463 1399 4516 sed
1431 4464 1557 4533 quia
1588 4463 1660 4517 ita
1683 4472 1805 4517 sunt

214 4546 268 4598 in
301 4547 519 4600 Christo
546 4548 695 4613 Jesu,
727 4550 867 4619 quod
888 4565 1002 4603 non
1032 4551 1327 4605 ambulant
1346 4552 1655 4607 secundum
1678 4570 1803 4607 car-

206 4651 359 4698 nem,
391 4634 447 4688 id
478 4644 557 4689 est
590 4652 695 4690 non
727 4636 1063 4692 delectantur
1092 4638 1145 4691 in
1175 4638 1352 4704 malis,
1388 4641 1643 4695 seclando
1674 4656 1803 4695 car-

206 4722 506 4776 nalitatem.
539 4724 832 4779 Ambulare
861 4741 1103 4798 congrue
1150 4732 1409 4783 removet.
1461 4728 1802 4799 lmpossibile

210 4811 358 4863 enim
417 4820 500 4865 est
559 4828 669 4867 non
716 4813 946 4868 invicem
996 4814 1177 4870 facere
1233 4834 1353 4887 quae
1411 4817 1588 4871 carnis
1643 4825 1791 4871 sunt.

208 4899 503 4968 Propterea
547 4917 655 4955 non
696 4901 845 4967 dixit,
906 4903 995 4973 qui
1044 4911 1168 4957 sunt
1216 4905 1510 4959 secundum
1560 4921 1796 4972 carnem,

205 4987 303 5039 sed
338 4986 430 5056 qui
459 4988 752 5054 ambulant,
788 4989 841 5043 id
872 4998 953 5045 est
983 4991 1073 5062 qui
1104 4992 1172 5046 de
1202 4992 1346 5047 malo
1378 5009 1485 5048 non
1516 4994 1797 5063 pcenitent,

203 5075 302 5128 sed
334 5076 749 5131 consuescendo
799 5076 1135 5133 delectantur
1195 5080 1248 5132 in
1306 5096 1389 5135 eo.
1453 5082 1595 5137 Vero
1650 5082 1800 5137 nihil

203 5164 591 5220 damnationis
613 5169 697 5220 est
728 5166 814 5220 his
844 5168 939 5238 qui
968 5172 1104 5222 sunt
1134 5171 1194 5223 in
1229 5167 1446 5226 Christo
1476 5172 1624 5225 Jesu.
1658 5172 1798 5224 Nam

207 5252 303 5305 lex
332 5253 594 5323 spiritus,
629 5254 684 5307 id
713 5262 795 5307 est
842 5254 927 5309 vel
971 5272 1129 5327 quam
1173 5256 1404 5326 Spiritus
1454 5266 1669 5313 sanctus
1709 5260 1796 5313 di-

202 5348 332 5407 ctat,
367 5341 453 5395 vel
485 5341 600 5411 ipsa
633 5341 990 5409 rationalitas,
1024 5344 1241 5415 spiritus
1268 5344 1391 5401 dico
1414 5346 1623 5401 datoris
1644 5349 1793 5415 vitae,

200 5427 255 5481 id
286 5436 371 5483 est
398 5429 491 5499 qui
520 5429 612 5484 dat
644 5429 731 5485 hic
780 5430 964 5487 vivere
1009 5432 1063 5486 in
1107 5432 1392 5490 virtutibus
1436 5435 1581 5490 unde
1633 5435 1796 5492 etiam

1904 4383 2217 4453 implebitur
2239 4386 2549 4453 justiticatio
2573 4389 2730 4461 legis.
2766 4391 2903 4445 Nam
2926 4393 3013 4463 qui
3036 4402 3159 4448 sunt
3188 4397 3485 4452 secundum

1905 4472 2183 4541 Spiritum,
2237 4476 2493 4542 sentiunt,
2542 4477 2596 4530 id
2642 4488 2723 4533 est
2771 4480 2987 4550 sapiunt
3035 4490 3086 4536 et
3115 4493 3391 4540 sectantur
3421 4502 3487 4541 ea

1904 4576 2021 4631 qum
2072 4568 2194 4615 sunt
2242 4563 2491 4632 Spiritus.
2544 4565 2705 4621 46
2751 4568 2816 4621 Et
2846 4569 2974 4640 quid
3004 4570 3127 4625 inde
3157 4572 3360 4629 diceret
3386 4575 3488 4628 ali-

1904 4648 2025 4718 quis
2051 4649 2078 4701 ‘?
2108 4650 2331 4705 Multum
2361 4653 2631 4723 equidem.
2656 4656 2797 4710 Nam
2825 4659 3129 4728 prudentia
3162 4665 3217 4716 et
3249 4664 3486 4733 spiritus
3514 4724 3523 4732 ,

1904 4739 2039 4805 vita,
2072 4736 2127 4791 id
2158 4746 2238 4792 est
2269 4739 2453 4795 vivere
2484 4742 2572 4797 hic
2618 4743 2672 4796 in
2723 4745 3030 4813 virtutibus,
3062 4752 3121 4803 et
3146 4756 3227 4803 est
3255 4768 3396 4821 pax,
3430 4752 3485 4806 id

1901 4833 1981 4879 est
2040 4827 2392 4897 tranquillitas
2448 4830 2630 4897 animi,
2688 4840 2741 4887 et
2799 4835 2950 4905 quies
3007 4837 3477 4896 atentationibus.

1899 4912 2021 4967 Non
2052 4914 2196 4968 enim
2225 4932 2414 4971 omnes
2461 4919 2553 4989 qui
2597 4920 2781 4976 vivunt
2835 4923 2890 4977 in
2934 4925 3240 4991 virtutibus,
3290 4944 3486 4999 pacem

1899 5001 2035 5056 hanc
2066 5002 2284 5072 habent,
2320 5006 2417 5060 sed
2466 5008 2758 5064 admodum
2807 5013 2967 5081 pauci
3002 5034 3014 5079 ;
3048 5014 3172 5071 ideo
3199 5019 3487 5086 prudentia

1900 5089 2078 5143 carnis
2091 5099 2141 5145 et
2160 5107 2325 5158 mors,
2349 5097 2615 5165 quoniam
2628 5100 2911 5170 sapientia
2932 5106 3122 5158 carnis
3141 5109 3225 5160 est
3244 5108 3481 5163 inimica

1898 5178 2025 5244 Deo,
2062 5180 2299 5248 quandiu
2344 5181 2647 5239 inimicatur
2688 5188 2821 5252 Deo,
2876 5189 3061 5246 vivere
3116 5195 3319 5264 nequit.
3372 5195 3481 5250 Sed

1898 5265 1991 5335 qui
2014 5265 2217 5321 bonum
2256 5271 2591 5327 carnalitatis
2622 5292 2733 5330 suae
2762 5277 2876 5331 Deo
2922 5280 3206 5349 praeponit,
3255 5298 3482 5354 regnum

1898 5353 1996 5407 Dei
2026 5356 2307 5427 (quantum
2336 5359 2390 5413 in
2419 5377 2478 5415 se
2525 5366 2627 5431 est)
2679 5364 2943 5432 diminuit,
2979 5368 3271 5436 subjiciens
3300 5353 3359 5424 se
3390 5386 3480 5425 re-

1896 5457 2007 5511 gno
2036 5445 2233 5500 carnis.
2267 5447 2407 5504 Vere
2438 5450 2705 5522 sapientia
2733 5454 2912 5509 carnis
2949 5464 3030 5511 est
3072 5456 3291 5513 inimica
3328 5459 3471 5515 Deo.
