3960 6036
433 122 494 174 71
992 118 1048 172 S.
1089 110 1442 172 BRUNONIS
1480 110 2127 167 CARTHUSIANORUM
2164 108 2645 168 INSTITUTORIS
2685 108 2837 167 OPP.
2881 110 3054 167 PARS
3094 112 3159 165 ll.
3647 114 3717 169 72

431 244 573 299 Nam
598 258 713 298 non
737 246 821 298 est
853 243 1107 313 subjecta
1140 242 1246 312 legi
1274 241 1391 306 Dei,
1427 238 1524 294 sed
1554 237 1785 307 imperio
1818 236 2018 292 carnis.
2042 240 2094 298 A
2124 236 2223 292 Dei
2255 236 2496 308 agimini,
2531 246 2583 291 et
2610 236 2794 292 vivere
2826 236 3036 303 vivetis,
3090 235 3218 307 quia
3264 235 3358 290 ﬁlii
3397 235 3497 292 Dei
3527 236 3703 292 eritis.

432 333 555 387 Non
586 340 667 386 est
723 331 986 400 subjecta,
1046 332 1178 403 quia
1222 344 1324 384 nec
1374 344 1491 383 esse
1534 330 1714 399 potest
1764 326 2022 393 subjecta,

433 420 669 493 quandiu
700 419 1015 476 carnalitati
1059 418 1318 474 adhaeret.
1354 416 1495 486 Quid
1529 416 1673 470 enim
1704 430 2026 469 enumerare

429 526 614 581 quaero
645 508 861 581 singula
892 508 1100 573 dicens,
1147 505 1430 577 prudentia
1461 504 1638 559 carnis
1684 512 1765 558 est
1794 519 1943 558 mors
1974 511 2027 557 et

431 598 651 654 inimica
684 598 799 652 Deo
821 599 848 653 ?
879 606 934 651 ut
954 596 1146 667 paucis
1168 594 1629 666 comprehendam
1663 610 1675 648 :
1709 593 2025 665 quicunque

429 692 565 743 sunt
596 689 659 742 in
692 702 882 749 carne,
911 685 963 739 id
997 693 1079 740 est
1106 684 1161 738 in
1190 683 1523 749 carnalitate,
1558 681 1796 754 quandiu
1828 680 1901 733 ibi
1922 680 2022 735 de-

429 776 682 841 tinentur,
716 777 823 830 Deo
848 776 1074 845 placere
1098 790 1211 828 non
1234 776 1487 844 possunt.
1524 770 1661 838 Quia
1691 770 1854 824 modo
1876 769 2028 823 dixe-

432 872 531 928 rat,
566 864 657 935 qui
688 864 743 917 in
772 879 933 918 carne
964 870 1087 917 sunt
1118 863 1233 915 Deo
1265 860 1480 931 placere
1511 867 1804 931 nequeunt,
1830 875 1898 913 ne
1927 874 2027 928 per

430 954 534 1008 hoc
591 954 883 1007 deterreret
938 952 1248 1015 Romanos,
1300 949 1390 1020 qui
1444 948 1593 1019 prius
1643 946 2024 1016 justiﬁcatione

430 1049 671 1111 accepta,
702 1041 771 1095 ad
801 1040 984 1111 aliqua
1014 1047 1237 1110 peccata
1270 1038 1469 1107 relapsi
1493 1036 1727 1102 fuerant,
1754 1036 2026 1092 demulcet

431 1146 526 1185 eos
557 1129 902 1194 blandiendo,
936 1137 1116 1182 tamen
1139 1144 1260 1199 quae
1307 1126 1552 1181 facienda
1600 1126 1706 1179 sint
1733 1125 1811 1179 eis
1840 1133 2025 1195 aperte

432 1218 733 1273 insinuans.
770 1216 873 1286 Qui
904 1217 957 1270 in
1007 1233 1173 1272 carne
1220 1224 1343 1269 sunt
1373 1216 1486 1269 Deo
1517 1215 1733 1285 placere
1764 1229 1873 1268 non
1902 1230 2024 1284 pos-

435 1315 576 1361 sunt.
612 1307 718 1361 Sed
738 1323 848 1373 vos,
874 1322 905 1361 ο
926 1305 1174 1371 Romani,
1196 1320 1311 1358 non
1323 1305 1447 1373 jam
1467 1305 1605 1358 estis
1631 1304 1688 1357 in
1707 1320 1897 1369 carne,
1922 1317 2024 1357 nec

427 1411 525 1451 vos
556 1395 609 1448 in
641 1410 805 1451 carne
836 1411 956 1449 esse
976 1393 1239 1462 intelligo,
1265 1393 1360 1447 sed
1390 1391 1523 1447 estis
1552 1394 1614 1446 in
1645 1393 1872 1464 spiritu.
1910 1392 2024 1447 Hac

430 1483 741 1539 conditione
772 1491 955 1537 tamen
1013 1498 1111 1537 vos
1156 1497 1277 1536 esse
1308 1480 1362 1533 in
1394 1480 1585 1550 spiritu
1625 1480 1939 1551 pronuntio,
1974 1481 2024 1535 si

434 1574 676 1644 Spiritus
707 1574 805 1627 Dei
834 1588 995 1642 quem
1052 1571 1105 1623 in
1137 1570 1403 1640 baptismo
1434 1568 1727 1639 accepistis
1778 1568 2015 1633 habitat,
2043 1597 2093 1655 Β

431 1661 487 1715 id
516 1669 598 1715 est
627 1668 946 1730 perseverat
975 1662 1037 1715 in
1070 1660 1235 1715 vobis.
1270 1660 1327 1714 Si
1357 1659 1479 1730 quis
1507 1663 1701 1713 autem
1735 1659 1865 1727 (non
1897 1658 2021 1712 dico

432 1750 500 1805 de
529 1750 705 1816 vobis,
738 1749 833 1803 sed
864 1748 1171 1820 quicunque
1200 1747 1288 1801 ille
1318 1746 1406 1817 sit)
1439 1746 1529 1817 qui
1560 1764 1674 1801 non
1708 1746 1868 1801 habet
1908 1747 2023 1817 Spi-

429 1841 610 1894 ritum
635 1837 861 1901 Christi,
890 1838 977 1891 hic
999 1854 1113 1892 non
1150 1840 1235 1891 est
1265 1838 1405 1907 ejus,
1440 1834 1646 1891 scilicet
1681 1835 1796 1900 Dei,
1847 1834 1903 1889 id
1942 1842 2024 1888 est

429 1943 538 1982 non
567 1927 731 1980 habet
760 1933 969 1995 partem
1000 1942 1120 1981 cum
1152 1926 1266 1979 Deo
1291 1925 1408 1980 .Hic
1438 1924 1595 1994 plane
1614 1923 1847 1978 ostendit
1878 1925 2021 1992 Apo-

433 2015 602 2070 stolus
639 2014 896 2084 Spiritum
939 2013 1017 2068 sic
1068 2029 1100 2067 a
1147 2012 1299 2078 Filio,
1352 2020 1407 2067 ut
1436 2028 1467 2066 a
1516 2013 1671 2066 Patre
1699 2011 2017 2081 procedere,

432 2100 522 2154 ubi
554 2099 626 2152 ait
672 2098 931 2167 Spiritum
963 2097 1081 2162 Dei,
1117 2105 1167 2151 et
1198 2096 1458 2167 Spiritum
1503 2095 1724 2164 Christi,
1781 2103 1833 2148 et
1878 2094 2022 2165 quod

428 2187 573 2242 idem
605 2187 673 2240 sit
705 2186 932 2257 Spiritus
963 2185 1082 2253 Dei,
1116 2194 1168 2239 et
1201 2185 1429 2255 Spiritus
1478 2184 1696 2239 Christi.
1730 2184 1788 2238 Si
1828 2187 2020 2238 autem

433 2276 709 2340 Christus,
746 2275 800 2328 id
829 2282 911 2329 est
932 2274 1164 2345 Spiritus
1183 2273 1393 2337 Christi,
1430 2277 1516 2328 est
1542 2275 1605 2328 in
1628 2272 1793 2336 vobis,
1819 2288 2020 2343 corpus

429 2365 653 2437 quidem
698 2368 949 2418 vestrum
998 2367 1287 2417 mortuum
1325 2366 1427 2426 est,
1480 2361 1537 2415 id
1581 2369 1662 2416 est
1708 2360 2021 2415 mortalitati

430 2453 605 2509 adhuc
639 2452 881 2521 subjacet
910 2456 1145 2524 prapter
1170 2455 1486 2523 peccatum,
1522 2450 1575 2503 id
1598 2457 1679 2504 est
1696 2449 1780 2505 vel
1799 2458 2021 2519 propter

426 2558 637 2613 pinnam
694 2540 920 2612 peccati,
981 2540 1067 2595 vel
1096 2548 1322 2610 prOpter
1369 2539 1689 2604 custodiam,
1722 2555 1790 2592 ne
1822 2539 2021 2592 iterum

424 2630 634 2685 cadetis
681 2646 778 2700 per
822 2628 1157 2694 elationem;
1198 2643 1395 2698 corpus
1456 2627 1674 2698 quidem
1717 2627 1891 2682 adhuc
1939 2634 2022 2680 est

429 2726 699 2773 mortuum
718 2734 729 2771 :
745 2716 843 2773 sed
856 2718 1095 2789 spiritus
1118 2724 1300 2771 vester
1310 2716 1425 2784 jam
1446 2718 1581 2771 vivit
1594 2719 1828 2786 propter
1838 2715 2019 2785 justi-

426 2807 769 2876 ﬁcationem,
804 2806 856 2859 id
914 2813 996 2859 est
1027 2821 1125 2875 per
1182 2820 1350 2874 opera
1389 2804 1609 2872 justitia:
1658 2820 1778 2874 quae
1806 2811 2021 2858 exercet

422 2893 755 2964 justificatus
786 2909 817 2948 a
847 2893 1103 2964 peccatis,
1137 2893 1229 2947 ubi
1278 2893 1397 2947 ait:
1441 2892 1496 2946 Si
1546 2892 1789 2946 Christus
1836 2899 1918 2946 est
1962 2892 2019 2944 in

428 2953 599 3050 vobis,
642 2982 813 3037 innuit
848 2953 1130 3037 Christum
1188 2989 1240 3036 et
1288 2981 1542 3051 Spiritum
1586 2989 1832 3035 sanctum
1874 2953 2087 3034 idemc

437 3087 558 3127 esse
587 3072 642 3125 in
674 3071 973 3126 substantia
1017 3070 1263 3125 Deitatis.
1294 3070 1409 3124 Nec
1440 3069 1616 3125 solum
1644 3086 1741 3139 per
1769 3068 2016 3138 spiritum

428 3160 764 3215 habitantem
795 3159 849 3213 in
897 3158 1072 3228 vobis,
1114 3158 1277 3213 vitam
1325 3158 1544 3228 spiritus
1595 3156 1881 3221 habebitis,
1917 3157 2013 3211 sed

426 3249 589 3304 etiam
603 3249 651 3303 si
672 3248 920 3319 Spiritus
941 3249 1063 3318 ejus
1085 3248 1180 3319 qui
1196 3247 1493 3302 suscitavit
1504 3247 1693 3301 Jesum
1705 3262 1737 3300 a
1749 3246 2011 3312 mortuis,

425 3354 526 3409 pro
557 3338 661 3392 hac
691 3351 860 3392 causa
891 3335 1014 3407 quia
1044 3334 1275 3405 Spiritus
1305 3342 1523 3390 sanctus
1553 3334 1608 3387 in
1639 3350 1704 3389 eo
1733 3334 2011 3388 habitavit.

424 3426 499 3491 Si,
534 3424 724 3496 inquit,
761 3424 906 3478 idem
934 3423 1160 3493 Spiritus
1191 3423 1409 3478 habitat
1434 3425 1491 3477 in
1522 3423 1688 3489 vobis,
1714 3422 2018 3490 viviﬁcabit

422 3515 596 3569 etiam
619 3513 889 3567 mortalia
906 3528 1138 3584 corpora
1162 3515 1369 3578 vestra,
1386 3511 1529 3566 facta
1548 3510 1872 3565 immortalia
1891 3526 2017 3580 pro-

420 3610 540 3673 pter
570 3601 818 3657 eamdem
841 3615 1084 3665 causam,
1109 3600 1316 3655 scilicet
1347 3604 1577 3671 pr0pter
1595 3598 2014 3654 inhabitantem

425 3692 700 3763 Spiritum
731 3692 853 3761 ejus
895 3691 957 3743 in
997 3689 1163 3743 vobis.
1188 3688 1255 3741 Et
1286 3687 1409 3758 quia
1441 3686 1519 3741 sic
1547 3688 1615 3741 de
1646 3686 1802 3741 vobis
1832 3686 2013 3741 facere

422 3778 613 3848 possit,
649 3786 699 3831 et
727 3777 976 3830 facturus
1034 3776 1101 3828 sit
1139 3774 1509 3846 prtesignavit,
1543 3774 1598 3828 in
1639 3790 1704 3829 eo
1734 3774 1876 3846 quod
1901 3775 2013 3843 jam

419 3866 721 3921 suscitavit
745 3866 934 3919 Iesum
960 3863 1247 3918 Christum
1269 3881 1302 3918 a
1322 3865 1581 3918 mortuis.

491 3953 630 4021 Quia
661 3952 706 4006 si
736 3951 999 4022 quaeritur
1051 3967 1218 4022 quare
1250 3950 1498 4005 Christus
1530 3958 1655 4005 ante
1703 3965 1893 4006 omnes
1923 3951 2011 4005 in-

414 4039 779 4111 corruptibilis
832 4038 1120 4095 suscitatus
1178 4038 1285 4093 sit?
1342 4039 1703 4110 respondetur
1732 4039 1855 4094 ideo
1887 4040 2011 4110 quia

418 4130 486 4184 de
517 4128 719 4199 Spiritu
753 4135 938 4183 sancto
970 4134 1265 4197 conceptus
1296 4127 1363 4181 sit
1396 4147 1409 4193 ;
1445 4128 1568 4199 quia
1592 4136 1872 4198 peccatum
1901 4144 2013 4184 non

418 4218 563 4283 fecit,
597 4225 649 4272 et
679 4216 807 4288 quia
836 4233 937 4287 per
984 4232 1109 4271 eum
1140 4216 1605 4287 incorruptionem
1634 4232 1825 4271 omnes
1856 4215 2010 4270 habi-

2128 324 2285 393 Quod
2314 326 2391 380 sic
2420 325 2494 379 ait
2528 340 2539 379 :
2576 326 2713 381 Vere
2762 325 2808 380 si
2843 324 3294 381 mortificaveritis
3326 342 3566 394 carnem,
3609 343 3711 396 per

2128 414 2375 484 spiritum
2408 414 2620 471 vivetis.
2664 417 2805 470 Nam
2859 416 3173 487 quicunque
3211 418 3461 486 aguntur
3488 416 3709 486 Spiritu

2123 504 2223 558 Dei
2244 504 2415 574 (quod
2444 511 2526 558 est
2556 504 2887 559 mortificare
2919 503 3058 559 facta
3089 504 3315 574 carnis),
3352 505 3412 558 hi
3440 508 3577 559 sunt
3599 504 3711 572 ﬁlii

2128 592 2248 661 Dei,
2283 600 2333 646 et
2362 593 2477 647 haec
2508 601 2589 647 est
2620 593 2727 649 vita
2756 601 2982 647 aeterna.

2198 681 2489 751 Postquam
2547 682 2674 735 satis
2742 680 3143 737 commendavit
3216 680 3395 752 legem
3470 681 3714 752 spiritus,

2127 769 2360 823 ostendit
2414 778 2608 841 quanta
2666 770 2861 824 utilitas
2933 770 3001 823 sit
3064 769 3221 824 nobis
3285 787 3381 840 per
3456 770 3715 841 Spiritum

2128 866 2391 927 sanctum,
2453 859 2598 929 quod
2653 858 2764 927 jam
2812 858 3011 929 partim
3055 874 3221 928 supra
3267 858 3519 913 ostendit.
3574 861 3715 913 Vere

2126 944 2219 1000 filii
2277 947 2426 1001 estis.
2488 949 2609 1002 Non
2656 950 2809 1003 enim
2858 948 2967 1015 jam
3025 947 3156 1002 estis
3214 947 3377 1013 servi,
3432 948 3577 1018 quod
3633 948 3717 1003 sic

2130 1036 2249 1089 ait:
2309 1037 2417 1089 Vos
2470 1036 2691 1107 quidem
2747 1038 3044 1108 accepistis
3099 1038 3383 1108 spiritum,
3448 1037 3544 1091 sed
3601 1052 3713 1091 non

2127 1124 2367 1194 spiritum
2396 1127 2692 1180 servitutis
2727 1143 2738 1178 :
2775 1133 2829 1179 ut
2859 1125 3088 1195 amplius
3129 1126 3269 1179 servi
3303 1125 3419 1179 sitis
3443 1166 3456 1192 ,
3509 1133 3559 1178 et
3589 1141 3712 1179 ser-

2126 1213 2282 1268 viatis
2312 1215 2523 1269 iterum
2569 1216 2631 1268 in
2682 1217 2902 1269 timore.
2954 1215 3093 1268 Dum
3128 1213 3271 1267 enim
3304 1214 3403 1267 sub
3435 1214 3559 1284 lege
3589 1230 3715 1268 era-

2127 1302 2214 1365 tis,
2250 1301 2411 1357 4'7
2447 1302 2640 1357 timore
2670 1319 2950 1373 pcenarum
2980 1318 3115 1373 quas
3146 1302 3229 1357 lex
3254 1302 3563 1357 minabatur
3594 1319 3712 1357 ser-

2126 1391 2355 1445 viebatis
2390 1409 2402 1444 :
2436 1392 2526 1462 qui
2573 1399 2754 1446 autem
2796 1392 2989 1447 timore
3034 1408 3211 1462 poena;
3256 1392 3437 1457 servit,
3490 1407 3709 1462 pmnam

2126 1480 2324 1547 evadit,
2379 1479 2608 1550 gloriam
2652 1497 2760 1535 non
2820 1488 3078 1535 meretur.
3137 1479 3395 1549 Spiritum
3438 1479 3712 1534 servitutis

2126 1568 2309 1637 utique
2337 1583 2445 1622 non
2482 1569 2788 1638 accepistis,
2816 1569 2912 1623 sed
2926 1569 3230 1639 accepistis
3255 1570 3523 1640 spiritum
3552 1568 3714 1639 adap-

2127 1658 2297 1711 tionis
2320 1658 2588 1724 ﬁliorum,
2624 1657 2676 1710 id
2710 1665 2789 1711 est
2818 1674 2916 1726 per
2946 1673 3107 1727 quem
3137 1656 3464 1726 adoptamini
3496 1656 3552 1709 in
3573 1654 3713 1711 filios

2123 1745 2239 1798 Dei.
2272 1746 2333 1798 In
2366 1763 2471 1816 quo
2510 1744 2699 1815 spiritu
2747 1745 2997 1810 docente,
3034 1761 3132 1800 nos
3169 1745 3487 1799 clamamus
3518 1761 3534 1795 :
3568 1744 3707 1799 Abba

2121 1836 2348 1904 (pater).
2364 1833 2521 1887 Abba
2535 1834 2817 1887 Hebraeum
2836 1842 2935 1898 est,
2955 1832 3268 1905 signiﬁcans
3289 1833 3341 1886 id
3364 1833 3506 1903 quod
3536 1841 3709 1903 pater,

2122 1922 2207 1975 vel
2234 1930 2384 1991 pater
2415 1920 2685 1977 Graecum.
2730 1922 2859 1976 Ideo
2904 1922 3177 1977 hebrazam
3209 1938 3398 1977 vocem
3428 1924 3623 1992 posuit,
3660 1931 3712 1977 et

2121 2026 2312 2065 vocem
2340 2010 2601 2080 gentium,
2628 2027 2724 2065 seu
2747 2026 2998 2081 graecam,
3037 2027 3131 2065 seu
3162 2010 3404 2075 latinam,
3437 2019 3493 2065 ut
3523 2019 3713 2066 osten-

2122 2098 2213 2151 dat
2268 2105 2551 2169 utrumque
2605 2099 2881 2169 populum,
2941 2099 3185 2154 Judaeum
3243 2108 3296 2153 et
3353 2099 3606 2170 gentilem
3656 2099 3710 2152 in

2122 2187 2355 2242 novitate
2401 2187 2622 2257 spiritus
2670 2188 2868 2242 debere
2929 2190 3136 2242 servire
3186 2190 3320 2257 Deo,
3368 2204 3474 2242 non
3511 2188 3624 2256 jam
3655 2187 3712 2241 in

2120 2282 2382 2330 vetustate
2412 2274 2620 2330 litterae.
2672 2276 2810 2329 Vere
2860 2275 2911 2328 in
2944 2275 3133 2345 spiritu
3183 2277 3536 2331 clamamus:
3567 2276 3712 2331 Abba

2121 2364 2349 2435 (pater).
2382 2364 2518 2417 Nam
2554 2366 2803 2436 Spiritus
2845 2371 3064 2419 sanctus
3096 2365 3279 2419 reddit
3324 2365 3710 2419 testimonium

2120 2452 2354 2524 spiritui
2370 2456 2582 2517 nostro,
2629 2452 2682 2505 id
2730 2461 2810 2507 est
2833 2452 2991 2507 docet
3032 2453 3294 2508 rationem
3341 2462 3577 2507 nostram
3605 2454 3711 2507 hoc

2120 2540 2260 2611 quod
2306 2557 2503 2595 sumus
2530 2541 2642 2609 ﬁlii
2688 2543 2807 2596 Dei.
2840 2541 2957 2595 Nisi
3007 2540 3149 2595 enim
3183 2540 3415 2611 Spiritus
3444 2542 3545 2595 hoc
3571 2540 3710 2594 insi—

2118 2636 2330 2693 nuaret,
2363 2629 2700 2685 nesciremus
2748 2644 2846 2683 nos
2892 2646 3014 2684 esse
3065 2628 3205 2684 filios
3240 2629 3359 2684 Dei.
3407 2631 3466 2685 Si
3512 2633 3708 2685 autem

2120 2733 2307 2770 sumus
2336 2718 2464 2785 ﬁlii,
2490 2717 2691 2771 erimus
2720 2719 2894 2773 etiam
2926 2717 3187 2773 heredes.
3220 2719 3362 2772 Ecce
3385 2718 3529 2789 quod
3560 2716 3709 2771 utili-

2121 2813 2260 2859 tates
2291 2814 2413 2859 sunt
2443 2806 2600 2860 nobis
2648 2822 2749 2876 per
2788 2806 3069 2876 Spiritum.
3105 2807 3262 2860 Prius
3292 2807 3613 2877 adoptamur
3651 2806 3706 2859 in

2119 2892 2278 2949 ﬁlios.
2313 2894 2521 2949 Dehinc
2568 2895 2889 2949 clamamus.
2943 2894 3202 2951 Haeredes
3229 2895 3388 2949 etiam
3422 2895 3707 2950 constitui-

2118 2999 2259 3052 mur,
2292 2998 2393 3037 nec
2436 2983 2556 3038 vilis
2605 2983 2954 3053 haereditatis,
2990 2984 3086 3038 sed
3136 2984 3380 3039 hwredes
3427 2985 3542 3049 Dei,
3580 2983 3708 3055 quia.

2118 3072 2264 3125 Deus
2318 3070 2604 3126 distribuet
2651 3072 2807 3126 nobis
2858 3071 3223 3126 hzereditatem
3272 3088 3462 3140 suam,
3522 3071 3575 3124 id
3624 3079 3708 3125 est

2116 3159 2278 3214 totius
2325 3160 2450 3214 boni
2528 3158 2921 3214 sufficientiam.
2989 3160 3044 3214 Si
3087 3159 3379 3231 quaerimus
3435 3159 3707 3229 quomodo

2116 3264 2303 3301 sumus
2333 3248 2579 3302 haeredes
2609 3248 2728 3314 Dei,
2763 3264 2887 3303 cum
2916 3262 3044 3303 usus
3063 3249 3259 3303 habeat
3291 3248 3561 3303 haeredem
3580 3263 3705 3301 esse

2114 3343 2291 3390 morte
2347 3336 2701 3391 decessoris?
2755 3337 3118 3407 respondetur
3161 3336 3285 3407 quia
3340 3338 3505 3401 Deus,
3566 3350 3701 3407 quo-

2116 3424 2409 3479 dammodo
2466 3425 2624 3480 nobis
2673 3425 2934 3480 morietur
2992 3426 3046 3478 in
3096 3424 3272 3479 futura
3335 3425 3699 3489 beatitudine,

2117 3514 2411 3568 secundum
2439 3514 2541 3568 hoc
2575 3514 2719 3584 quod
2762 3530 2905 3569 nunc
2934 3513 3180 3568 videmus
3229 3530 3350 3568 eum
3381 3530 3476 3584 per
3505 3529 3702 3582 specu-

2115 3601 2224 3654 lum
2280 3610 2333 3656 et
2363 3602 2417 3655 in
2444 3601 2755 3672 mnigmate,
2789 3610 2915 3657 tunc
2971 3610 3152 3656 autem
3199 3601 3335 3657 facie
3393 3602 3461 3656 ad
3509 3601 3703 3656 faciem

2116 3706 2303 3744 sumus
2322 3689 2510 3745 visuri.
2537 3691 2795 3745 Hmredes
2817 3691 3019 3745 erimus
3037 3691 3155 3756 Dei,
3180 3689 3489 3746 cohwredes
3512 3694 3703 3745 autem

2119 3776 2344 3842 Christi,
2379 3777 2505 3848 quia
2552 3778 2801 3833 eamdem
2830 3778 3202 3833 haereditatem
3242 3794 3405 3848 quam
3436 3777 3701 3842 Christus,

2110 3865 2164 3919 id
2195 3865 2751 3936 estincorruptionem
2770 3867 3066 3922 secundum
3091 3883 3313 3921 carnem
3335 3866 3496 3920 modo
3512 3874 3700 3919 nostro

2111 3954 2463 4025 accipiemus.
2499 3955 2750 4010 eredes
2783 3954 2911 4010 dicit
2952 3956 3059 4020 Dei,
3094 3955 3238 4009 velut
3261 3954 3377 4022 ejus
3408 3954 3562 4022 cujus
3613 3961 3695 4007 est

2116 4043 2420 4110 haereditas,
2471 4059 2698 4114 eamque
2756 4043 3044 4097 distribuit.
3100 4042 3414 4097 Cohercedes
3465 4042 3697 4107 Christi,

2112 4131 2259 4187 velut
2290 4132 2405 4200 ejus
2436 4132 2527 4203 qui
2582 4131 2862 4187 nobiscum
2893 4139 3099 4201 partem
3128 4130 3302 4201 capiet
3333 4130 3690 4186 hareditatis.

2113 4220 2437 4276 Cohaeredes
2466 4220 2665 4275 erimus
2724 4220 2942 4286 Christi,
3003 4221 3107 4273 hac
3165 4229 3345 4273 tamen
3391 4219 3700 4273 conditione

416 4306 521 4361 turi
545 4312 685 4373 sunt,
718 4305 946 4377 dignum
976 4304 1073 4359 fuit
1113 4311 1172 4359 ut
1220 4321 1409 4360 omnes
1440 4304 1495 4359 in
1526 4305 1648 4374 hoc,
1680 4312 1732 4359 et
1762 4312 2009 4374 tempore
2030 4307 2082 4367 D
2113 4307 2236 4362 dico
2269 4325 2281 4361 :
2307 4311 2355 4363 si
2383 4310 2766 4380 compatimur
2796 4308 3005 4363 Christo
3051 4324 3160 4362 non
3189 4308 3485 4362 intentione
3516 4307 3695 4362 laudis

416 4394 760 4465 praeveniret,
797 4402 849 4449 et
877 4393 998 4463 plus
1041 4394 1292 4448 omnibus
1320 4394 1609 4464 acciperet.
1659 4392 2009 4464 Quandoqui-

414 4483 541 4538 dem
571 4484 717 4537 Deus
748 4490 799 4537 et
822 4482 937 4550 jam
967 4481 1205 4536 animam
1232 4480 1545 4547 viviﬁcavit,
1580 4489 1628 4535 et
1654 4496 1854 4551 corpus
1870 4481 2009 4535 vivi-

418 4569 753 4641 ficabit,ergo
775 4574 986 4641 fratres
996 4571 1122 4640 jam
1138 4586 1253 4625 non
1265 4586 1458 4626 sumus
1474 4569 1745 4624 debitores
1764 4569 2009 4635 carni,id

414 4668 497 4714 est
521 4659 631 4728 jam
662 4658 793 4713 nihil
823 4658 1085 4713 debemus
1116 4658 1435 4723 carnalitati,
1470 4656 1566 4712 sed
1596 4655 1804 4727 spiritui
1836 4674 1850 4722 ;
1885 4656 2009 4726 quia

415 4763 513 4818 per
540 4748 785 4818 spiritum
816 4746 1067 4812 vivimus,
1102 4754 1152 4801 et
1180 4747 1357 4801 adhuc
1388 4743 1800 4801 viviﬁcabimur.
1830 4745 2009 4801 Debe-

421 4853 543 4890 mus
571 4836 787 4907 quidem
820 4835 969 4891 carni
1000 4851 1119 4906 quae
1146 4833 1449 4889 necessaria
1482 4840 1605 4886 sunt
1622 4832 1689 4899 ei,
1720 4839 1777 4885 ut
1807 4832 2008 4888 victum

415 4932 469 4979 et
498 4932 866 4996 tegumentum
902 4942 916 4990 ;
952 4923 1048 4978 sed
1077 4938 1187 4977 non
1202 4922 1272 4976 ita
1304 4922 1549 4976 vivamus
1579 4929 1868 4992 sequentes
1890 4936 2008 4976 car-

414 5013 713 5067 nalitatem.
736 5013 793 5069 Si
814 5014 968 5068 enim
996 5012 1308 5066 secundum
1340 5026 1571 5065 carnem
1594 5010 1872 5076 vixeritis,
1898 5025 2007 5064 non

414 5100 837 5166 viviﬁcabimini,
858 5100 956 5154 sed
972 5100 1318 5154 mariemim'.
1346 5099 1403 5153 Si
1425 5102 1616 5152 autem
1636 5100 1793 5168 facta
1815 5100 2007 5153 carnis

416 5194 640 5245 mortua
652 5190 923 5259 feceritis,
947 5204 1049 5258 per
1064 5188 1335 5257 spiritum
1366 5188 1586 5252 vivetis,
1611 5193 1664 5240 et
1695 5186 1783 5241 hic
1806 5202 2006 5241 secun-

413 5280 544 5333 dum
589 5277 847 5342 animam,
882 5283 934 5329 et
979 5275 1034 5328 in
1080 5274 1256 5329 futuro
1302 5274 1601 5330 secundum
1645 5275 1889 5344 corporis
1919 5275 2006 5328 in-

413 5366 840 5437 corruptionem.
875 5364 943 5417 Et
986 5361 1310 5419 mortiﬁcare
1359 5362 1570 5418 debetis
1602 5382 1615 5430 ;
1648 5378 1772 5417 nam
1806 5361 2007 5432 Spiritu

2111 4396 2197 4451 vel
2224 4396 2359 4451 lucri
2390 4396 2724 4466 temporalis,
2759 4397 2856 4451 sed
2893 4401 2956 4451 ut
2995 4397 3393 4468 gloriﬁce-mur,
3425 4395 3698 4450 desiderio

2111 4491 2317 4539 tantum
2347 4492 2565 4539 aiternm
2606 4484 2797 4555 gloriae
2844 4484 3087 4554 Compati
3117 4484 3300 4555 utique
3330 4484 3609 4548 debemus,
3644 4491 3701 4537 ut

2111 4572 2498 4645 gloriﬁcemur.
2532 4573 2672 4627 Nam
2693 4589 2798 4643 ego
2815 4572 3064 4628 existimo
3095 4574 3170 4641 (et
3200 4589 3389 4628 verum
3420 4572 3524 4641 est)
3555 4571 3701 4642 quod

2110 4677 2301 4716 omnes
2328 4663 2614 4733 passiones
2647 4661 2815 4733 hujus
2848 4664 3129 4733 temporis,
3162 4661 3217 4715 id
3246 4669 3327 4715 est
3346 4677 3464 4732 quae
3483 4668 3697 4730 tempo-

2109 4749 2251 4804 rales
2299 4757 2442 4815 sunt,
2488 4758 2537 4804 et
2589 4750 2765 4818 hujus,
2812 4749 2867 4804 id
2912 4757 2992 4803 est
3036 4758 3138 4802 tam
3182 4748 3364 4803 brevis
3410 4747 3693 4818 temporis,

2108 4854 2222 4893 non
2252 4842 2387 4892 sunt
2410 4838 2702 4908 condigna:
2730 4837 2803 4892 ad
2832 4837 3247 4908 promerendam
3276 4840 3538 4907 futuram
3581 4837 3699 4906 glo-

2110 4925 2275 4991 riam,
2309 4942 2429 4996 qua:
2458 4927 2799 4981 revelabitur
2814 4927 2875 4980 in
2898 4926 3069 4991 nobis,
3080 4924 3203 4996 quia
3226 4941 3325 4979 nec
3347 4940 3447 4979 nos
3482 4923 3587 4994 ipsi
3609 4924 3699 4995 qui

2107 5029 2226 5068 eam
2257 5013 2489 5067 habituri
2517 5030 2722 5081 sumus,
2753 5030 2911 5085 quam
2959 5014 3122 5084 digna
3165 5021 3218 5068 et
3264 5028 3466 5085 magna
3513 5012 3577 5066 sit
3609 5012 3700 5065 in-

2108 5101 2422 5172 telligimus.
2483 5104 2623 5157 Vere
2671 5102 2842 5175 gloria
2892 5103 3006 5157 haec
3061 5101 3385 5157 revelabitur
3418 5100 3473 5154 in
3502 5100 3687 5155 nobis.

2106 5190 2247 5245 Nam
2294 5191 2615 5261 expectatio
2664 5195 2964 5260 creaturae,
3021 5189 3076 5244 id
3106 5199 3187 5245 est
3217 5190 3381 5245 totius
3430 5188 3696 5244 Ecclesia:

2106 5282 2399 5348 exspectat
2422 5280 2825 5334 reuelationem
2853 5280 3104 5347 ﬁliorum
3133 5280 3249 5346 Dei,
3276 5286 3331 5331 ut
3361 5285 3411 5332 et
3432 5276 3534 5346 ipsi
3557 5277 3699 5331 inter

2107 5364 2245 5421 ﬁlios
2274 5365 2373 5422 Dei
2430 5367 2756 5423 revelantur.
2807 5365 2949 5435 Quia
2992 5366 3037 5422 si
3080 5366 3256 5423 omnis
3305 5364 3564 5422 Ecclesia
3593 5365 3697 5419 hoc
