3960 6036
185 193 248 244 73
787 189 1162 248 EXPOSITIO
1210 191 1284 246 IN
1320 188 1699 246 EPISTOLAS
1757 186 1979 243 PAULI.
2019 218 2089 228 —
2135 187 2207 243 IN
2259 187 2476 243 EPIST.
2539 189 2633 243 AD
2691 187 2861 244 ROM.
3406 195 3476 250 74

187 320 488 384 exspectat,
541 314 874 369 credendum
931 323 1013 370 est
1059 314 1290 370 futurum
1339 332 1462 370 esse
1507 314 1653 386 quod
1684 313 1857 371 ex-A
1885 327 2086 382 corpus
2137 320 2381 367 nostrum
2427 313 2590 367 modo
2627 313 2842 386 fragile,
2902 314 3050 369 nulla
3097 325 3475 388 corrumpetur

188 410 417 472 spectat.
471 404 819 474 Exspectatio
868 413 1166 474 exspectat,
1209 404 1570 476 frequentiam
1617 411 1780 458 notat.

187 491 506 545 Creaturam
555 501 716 548 vocat
761 493 1086 556 Ecclesiam,
1139 509 1265 547 nam
1317 495 1432 549 haec
1480 493 1786 563 specialiter

183 589 433 634 creatura
491 581 589 635 Dei
638 590 740 646 est,
792 597 949 652 quam
999 582 1163 636 etiam
1197 580 1547 650 justiﬁcando
1590 597 1784 637 novam

183 677 491 722 creaturam
550 669 723 724 fecit:
777 679 830 724 et
879 671 1006 740 quia
1045 686 1206 724 causa
1236 671 1353 738 ejus
1403 671 1541 725 bona
1601 671 1785 725 omnia

181 766 367 811 creata
398 766 542 820 sunt,
569 757 691 812 ideo
721 766 988 823 creatura,
1023 758 1076 811 id
1109 767 1192 812 est
1229 759 1479 814 Ecclesia
1510 767 1784 828 exSpectat

186 846 320 899 hanc
351 846 761 910 revelationem,
786 847 916 917 quia
938 847 1188 917 subjecta
1211 852 1298 902 est
1329 848 1597 913 vanitati,
1625 847 1680 901 id
1703 855 1785 902 est

186 934 424 988 miseriis
469 934 668 998 carnis,
715 952 834 1006 quae
866 951 1021 989 vanas
1054 945 1196 990 sunt.
1232 936 1285 990 Si
1317 937 1462 990 enim
1492 936 1654 991 modo
1685 953 1782 991 co-

188 1023 374 1086 medit,
425 1033 547 1093 post
593 1024 869 1078 modicum
920 1025 1110 1079 iterum
1143 1025 1380 1091 esuriet;
1413 1025 1458 1078 si
1491 1026 1643 1092 bibit,
1678 1025 1783 1080 ite-

182 1128 297 1164 rum
328 1112 489 1178 sitiet,
526 1119 575 1166 et
608 1113 687 1167 sic
714 1113 769 1166 in
807 1114 1040 1167 cmteris.
1075 1114 1142 1167 Et
1176 1114 1302 1184 quia
1333 1115 1448 1168 haec
1483 1114 1665 1168 omnia
1696 1114 1782 1168 vi-

190 1200 276 1253 det
335 1216 495 1266 vana,
557 1201 680 1255 ideo
739 1209 1015 1272 exspectat
1068 1202 1170 1256 hoc
1223 1201 1316 1256 ubi
1373 1202 1522 1256 nulla
1577 1202 1643 1256 sit
1681 1218 1783 1258 va-

189 1288 373 1342 rietas.

259 1377 517 1445 Subjecta
547 1377 768 1448 quidem
796 1385 878 1432 est
907 1378 1146 1442 vanitati,
1182 1379 1274 1432 sed
1299 1397 1413 1434 non
1431 1381 1636 1449 volens,
1661 1379 1785 1451 quia

187 1465 352 1519 nollet
395 1466 506 1536 pati
555 1467 670 1521 haec
713 1482 871 1532 vana,
924 1476 976 1521 et
1022 1467 1148 1522 licet
1179 1484 1287 1521 non
1335 1469 1553 1532 volens,
1591 1473 1784 1523 tamen

185 1560 420 1625 propter
442 1572 571 1609 eum
603 1555 832 1610 sustinet
860 1558 956 1628 qui
984 1557 1223 1627 subjecit
1255 1573 1379 1610 eam
1411 1557 1493 1610 his
1525 1557 1780 1623 miseriis,

186 1659 253 1696 ne
285 1644 479 1697 iterum
512 1645 879 1713 snperbiendo
904 1645 1129 1714 periret.
1171 1645 1415 1715 Subjecit
1447 1645 1570 1699 dico
1602 1647 1662 1701 in
1685 1662 1781 1716 spe
1810 1670 1863 1729 B

181 1732 438 1802 positam,
473 1741 527 1785 ut
559 1749 714 1802 spem
744 1733 963 1786 haberet
991 1733 1258 1788 evadendi
1291 1735 1431 1788 hanc
1458 1735 1780 1800 vanitatem;

187 1821 239 1874 in
270 1838 367 1892 spe
413 1821 536 1876 dico
581 1823 701 1882 hac,
735 1823 886 1894 quia,
931 1822 984 1875 id
1015 1830 1096 1876 est
1147 1823 1291 1892 quod
1320 1831 1376 1876 ut
1406 1823 1673 1888 Christus,
1708 1825 1786 1879 sic

189 1912 359 1965 etiam
402 1911 525 1980 ipsa
555 1914 823 1965 creatura
874 1911 1204 1965 liberabitur
1223 1929 1257 1965 a
1287 1914 1562 1966 servitute
1585 1928 1785 1968 corru-

183 1999 417 2070 ptio-nis,
442 1999 498 2052 id
530 2007 610 2052 est
628 1998 1022 2064 variabilitatis,
1058 1999 1437 2053 transferenda
1468 2016 1499 2054 a
1530 2000 1786 2055 servitute

189 2089 246 2140 in
273 2087 611 2150 liberta-tem,
639 2102 670 2140 a
691 2086 1038 2156 corruptione
1063 2089 1123 2142 in
1143 2089 1377 2158 gloriam
1393 2089 1642 2156 ﬁliorum
1664 2091 1782 2144 Dei.

189 2176 331 2229 Bene
361 2175 484 2229 dico
531 2192 645 2230 non
692 2177 882 2231 volens
921 2176 1174 2245 subjecta
1202 2182 1285 2230 est
1328 2197 1344 2231 :
1373 2194 1508 2231 nam
1539 2193 1640 2232 nos
1670 2179 1784 2232 sci-

185 2280 313 2317 mus
330 2263 474 2334 quod
495 2266 676 2318 omnis
693 2269 978 2328 creatura,
1006 2263 1061 2318 id
1079 2274 1160 2318 est
1177 2265 1442 2332 Ecclesia,
1464 2267 1788 2337 ingemiscit

187 2352 370 2405 animo
422 2356 476 2406 et
505 2355 782 2424 part-urit,
844 2353 898 2406 id
947 2362 1026 2406 est
1059 2353 1292 2408 maximo
1342 2363 1542 2409 conatu
1575 2355 1786 2409 laborat

187 2440 468 2510 operando
537 2441 992 2511 quemadmodum
1056 2443 1368 2512 parturiens
1433 2443 1668 2498 fructum
1718 2444 1786 2498 de

186 2529 375 2583 labore
408 2538 757 2598 exspectans.
801 2530 1025 2584 Parturit
1069 2530 1192 2585 dico
1221 2547 1395 2603 usque
1412 2532 1615 2598 adhuc,
1665 2532 1787 2603 quia

186 2631 215 2668 a
248 2617 431 2685 primo
464 2617 608 2684 justo
635 2633 854 2687 semper
901 2617 956 2670 in
987 2617 1172 2672 labore
1203 2617 1301 2671 fuit
1333 2619 1584 2674 Ecclesia
1613 2636 1786 2690 usque

184 2705 252 2758 ad
311 2706 417 2759 hoc
466 2714 698 2775 tempus.
747 2707 1008 2760 Creatura
1055 2707 1240 2777 utique
1300 2707 1626 2778 ingemiscit,
1673 2725 1788 2765 non

186 2795 371 2848 solum
419 2799 612 2848 autem
641 2796 744 2849 illa
784 2803 1053 2858 creatura,
1087 2797 1183 2850 sed
1229 2797 1402 2850 etiam
1429 2799 1663 2866 nosipsi,
1699 2797 1790 2868 qui

187 2890 348 2936 tanta:
379 2883 661 2954 dignitatis
712 2900 899 2936 sumus
930 2884 1074 2954 quod
1097 2884 1256 2938 etiam
1285 2885 1358 2937 dii
1388 2901 1510 2939 esse
1560 2894 1789 2955 reputa-

187 2987 309 3024 mur
346 2986 358 3023 :
391 2986 495 3024 nos
526 2971 648 3026 dico
679 2971 944 3026 habentes
977 2973 1269 3043 primitias
1293 2975 1552 3044 spiritus,
1589 2974 1714 3044 quia
1735 2973 1789 3027 in

188 3058 467 3128 primitiva
525 3059 773 3114 Ecclesia
830 3060 981 3130 prius
1037 3061 1289 3115 omnibus
1319 3069 1372 3114 et
1418 3062 1786 3116 abundantius

189 3148 455 3218 Spiritum
515 3157 762 3202 sanctum
821 3149 1150 3218 accepimus,
1212 3150 1576 3204 abundantius
1627 3151 1789 3205 etiam

189 3236 475 3306 prophetis
507 3237 597 3307 qui
628 3245 1028 3307 praecesserunt
1062 3255 1073 3291 :
1127 3253 1234 3292 non
1267 3239 1410 3291 enim
1443 3256 1661 3309 semper
1687 3256 1790 3309 per

191 3326 453 3395 Spiritum
485 3333 730 3380 sanctum
761 3326 1138 3396 loquebantur,
1162 3327 1290 3397 quia
1318 3327 1611 3398 aliquando
1642 3344 1791 3383 rece-

189 3414 352 3468 debat
412 3414 644 3484 Spiritus
703 3423 923 3470 sanctus
981 3414 1049 3467 ab
1101 3415 1200 3479 eis,
1237 3423 1288 3469 et
1317 3432 1440 3485 quae
1469 3414 1605 3469 falsa
1636 3424 1790 3470 erant

187 3502 566 3572 praedicebant
589 3520 601 3555 :
627 3502 787 3559 4S
811 3511 865 3556 ut
881 3503 1100 3557 Nathan
1124 3504 1452 3574 quandoque
1487 3512 1540 3558 et
1565 3504 1790 3575 quidam

186 3591 274 3643 alii
311 3609 324 3645 :
359 3591 459 3644 sed
509 3591 736 3660 apostoli
783 3607 1060 3662 nunquam
1104 3591 1298 3661 privati
1348 3600 1470 3645 sunt
1501 3592 1672 3646 semel
1702 3609 1791 3648 ac-

188 3688 352 3750 cepto
410 3679 612 3748 Spiritu
672 3688 876 3734 sancto.
946 3681 1168 3751 Nosipsi
1215 3680 1476 3734 habentes
1527 3680 1791 3750 primitias

190 3768 440 3838 spiritus,
497 3767 587 3837 qui
636 3768 776 3822 adeo
816 3769 969 3840 digni
999 3785 1203 3831 sumus,
1239 3768 1401 3822 etiam
1432 3769 1534 3838 ipsi
1565 3769 1728 3824 iidem
1760 3785 1793 3824 a

185 3857 304 3910 Deo
347 3855 574 3928 fragiles
618 3873 822 3921 sumus,
856 3857 1000 3927 quod
1031 3856 1302 3929 gemimus
1335 3858 1792 3927 quemadmodum

189 3954 467 3999 creatura.
497 3945 564 3998 Et
591 3960 660 3998 ne
680 3953 993 4014 putarentur
1019 3961 1239 4016 gemere
1270 3946 1648 4014 compassione
1672 3947 1795 4000 sub-

187 4033 453 4098 ditorum,
488 4040 541 4086 et
571 4048 677 4087 non
708 4048 808 4102 pro
840 4049 918 4101 se,
951 4033 1277 4088 determinat
1313 4049 1326 4086 :
1356 4035 1638 4089 Gemimus
1671 4035 1793 4090 dico

191 4123 354 4176 intra
389 4138 512 4184 nos,
546 4121 601 4174 id
632 4129 714 4175 est
739 4121 914 4190 pressi
942 4122 1332 4176 tentationibus
1365 4139 1486 4193 quae
1515 4138 1618 4176 nos
1657 4139 1793 4178 con-

188 4210 412 4263 turbant
459 4208 706 4263 interius.
742 4209 899 4263 Prius
930 4210 1052 4280 ipsi,
1087 4219 1215 4265 nota
1245 4218 1327 4265 est
1355 4210 1636 4282 dignitatis
1670 4229 1682 4264 :
1717 4211 1796 4266 al-

191 4306 374 4351 terum
433 4297 558 4367 ipsi,
608 4297 932 4368 fragilitatis.
978 4299 1082 4352 Per
1110 4299 1214 4353 hoc
1243 4299 1536 4368 Apostolus
1563 4299 1794 4354 multum

1885 400 2262 455 mutabilitate.
2297 402 2398 455 Per
2427 403 2528 456 hoc
2549 403 2691 473 quod
2709 403 2837 458 dicit
2859 409 3276 475 exspectantes,
3305 405 3484 462 innuit

1886 506 1944 543 se
1975 489 2043 543 de
2085 489 2265 543 futura
2309 490 2601 560 adoptione
2636 491 2800 562 loqui,
2852 508 2961 546 non
3009 493 3078 546 de
3113 495 3230 562 jam
3260 495 3468 550 habita.

1885 579 2018 633 Rem
2049 578 2191 632 enim
2218 580 2329 648 jam
2375 579 2608 632 habitam
2647 596 2755 634 non
2785 590 3186 651 exspectamus.
3228 583 3472 639 Creden-

1885 668 2015 722 dum
2071 676 2153 722 est
2199 668 2364 722 etiam
2410 668 2683 723 Christum
2731 669 3095 740 assumpsisse
3122 672 3245 727 ideo
3275 687 3476 744 corpus

1885 773 2004 811 cum
2052 757 2253 822 anima,
2295 765 2351 810 ut
2398 764 2682 828 utrumque
2730 757 2987 813 liberaret
3035 777 3064 812 a
3097 762 3470 831 corruptione.

1885 847 2022 900 Vere
2044 855 2439 916 exspectamus,
2472 847 2598 918 quia
2627 863 2778 917 spem
2812 849 3094 904 habemus.
3131 851 3268 921 Spes
3298 860 3478 907 autem

1881 934 1986 988 ista
2014 951 2274 1006 magnum
2320 935 2481 989 habet
2511 935 2778 1001 meritum,
2823 952 2946 990 nam
2978 938 3160 992 salvos
3197 955 3298 994 nos
3329 940 3476 996 facit.

1887 1021 2046 1091 Quod
2078 1023 2154 1078 sic
2184 1024 2277 1090 ait,
2310 1040 2422 1095 spe,
2457 1024 2510 1076 id
2541 1032 2623 1078 est
2652 1024 2844 1079 merito
2877 1026 3011 1095 spei,
3047 1027 3172 1098 quia
3203 1044 3319 1083 rem
3348 1030 3478 1085 invi—

1887 1111 2100 1166 sibilem
2130 1120 2182 1166 et
2213 1113 2375 1166 etiam
2405 1112 2811 1183 incogitabilem
2831 1123 3146 1171 constanter
3169 1133 3474 1187 speramus,

1886 1200 1986 1255 hoc
2018 1201 2210 1255 merito
2240 1202 2385 1255 salvi
2427 1218 2644 1266 sumus,
2680 1210 2731 1256 et
2759 1202 2813 1255 in
2857 1203 2961 1258 hac
2992 1220 3089 1274 spe
3118 1208 3263 1276 facti
3294 1224 3479 1262 sumus

1885 1289 1952 1343 ab
1995 1289 2118 1353 alio,
2170 1305 2279 1343 non
2326 1305 2355 1342 a
2404 1289 2580 1344 nobis.
2628 1291 2752 1344 Non
2799 1291 2943 1345 enim
2984 1292 3251 1366 fragilitas
3294 1305 3479 1351 nostra

1883 1377 1989 1430 nisi
2040 1378 2242 1447 Spiritu
2292 1387 2479 1433 sancto
2526 1378 2823 1433 confortata
2868 1389 3127 1450 speraret,
3180 1385 3306 1454 quia
3346 1401 3478 1440 nes-

1885 1466 2032 1534 ciret,
2069 1475 2119 1520 et
2165 1466 2243 1522 sic
2273 1482 2374 1521 nec
2406 1466 2650 1521 meritum
2711 1468 2896 1522 salutis
2925 1470 3184 1538 haberet;
3219 1489 3315 1543 spe
3346 1474 3481 1529 salvi

1885 1553 2007 1610 facti
2054 1571 2261 1622 sumus,
2313 1563 2518 1609 tantum
2548 1557 2800 1611 meritum
2832 1559 2994 1612 habet
3023 1576 3151 1614 vera
3193 1578 3348 1631 spes;
3382 1564 3479 1618 sed

1884 1643 1975 1697 illa
2003 1660 2146 1714 spes,
2180 1644 2236 1697 id
2283 1653 2366 1698 est
2394 1661 2484 1698 res
2533 1654 2750 1715 sperata
2779 1663 2900 1718 quae
2948 1649 3187 1717 videtur,
3210 1652 3336 1721 jam
3365 1667 3483 1708 non

1888 1736 1970 1786 est
2003 1749 2146 1802 spes,
2181 1748 2282 1786 nec
2313 1733 2429 1802 spei
2458 1734 2711 1787 meritum
2741 1734 2918 1789 habet.
2955 1737 3092 1807 Spes
3123 1738 3267 1792 enim
3308 1747 3390 1793 est
3411 1741 3480 1794 de

1886 1837 1946 1875 re
1977 1836 2094 1891 qua:
2126 1837 2234 1875 non
2264 1821 2478 1875 videtur
2504 1838 2515 1876 :
2549 1830 2604 1875 ut
2633 1822 2679 1874 si
2724 1838 3009 1892 speramus
3058 1825 3293 1897 aliquem
3324 1828 3482 1882 nobis

1887 1910 2136 1963 daturum
2184 1910 2492 1979 pecuniam,
2543 1910 2674 1963 illud
2723 1911 2869 1981 quod
2900 1928 3202 1982 speramus,
3237 1916 3479 1971 nondum

1883 1998 2156 2062 videmus,
2190 1998 2399 2053 scilicet
2442 2013 2543 2052 nos
2574 1999 2778 2053 habere
2833 2001 3140 2069 pecuniam.
3176 2004 3277 2057 etsi
3305 2021 3479 2075 pecu-

1887 2087 2033 2141 niam
2063 2087 2234 2156 ipsam
2266 2087 2567 2141 videamus.
2603 2087 2699 2142 Rei
2739 2096 2917 2141 autem
2950 2106 3070 2159 quae
3097 2091 3210 2159 jam
3255 2093 3482 2148 habetur

1885 2191 1994 2229 non
2025 2183 2107 2230 est
2138 2192 2282 2245 spes,
2319 2175 2413 2229 sed
2439 2175 2552 2243 jam
2599 2192 2728 2229 usus
2775 2177 3028 2232 habetur.
3063 2179 3205 2234 Vere
3254 2181 3332 2236 rei
3362 2200 3482 2254 quae

1887 2264 2101 2318 videtur
2130 2279 2239 2317 non
2270 2272 2352 2317 est
2411 2280 2556 2332 spes,
2604 2281 2743 2319 nam
2789 2266 2930 2336 quod
2967 2267 3117 2321 videt
3160 2271 3300 2340 quis,
3333 2272 3482 2327 illud

1887 2352 2154 2424 quomodo
2195 2352 2282 2406 vel
2332 2367 2501 2422 quare
2547 2357 2784 2424 sperat?
2810 2355 2932 2408 Non
2963 2363 3046 2409 est
3087 2357 3321 2427 amplius
3350 2376 3482 2432 spe-

1887 2441 2137 2509 randum,
2170 2441 2266 2494 sed
2315 2456 2380 2494 eo
2410 2441 2690 2495 utendum.
2739 2441 2835 2496 Rei
2866 2459 2986 2513 quae
3015 2443 3230 2498 videtur
3259 2463 3369 2501 non
3399 2457 3483 2505 est

1889 2529 2120 2584 dicenda
2150 2545 2297 2598 spes.
2331 2529 2426 2582 sed
2459 2530 2504 2582 si
2536 2529 2668 2582 illud
2701 2531 2846 2600 quod
2869 2547 2975 2585 non
3006 2532 3254 2589 videmus
3286 2552 3480 2606 spera-

1887 2634 2028 2685 mus,
2061 2617 2316 2671 meritum
2359 2617 2516 2685 hujus
2545 2618 2659 2687 spei
2703 2619 2986 2673 habemus.
3019 2622 3157 2675 Nam
3179 2629 3482 2696 exspecta-

1888 2723 2016 2761 mus
2065 2722 2181 2760 rem
2231 2712 2505 2775 speratam
2534 2723 2638 2777 per
2676 2709 3041 2778 patientiam,
3075 2709 3130 2764 id
3188 2720 3268 2766 est
3297 2713 3350 2767 in
3381 2731 3480 2770 ex-

1891 2795 2186 2864 spectando
2234 2794 2500 2864 patienter
2527 2794 2706 2848 omnia
2752 2795 3067 2867 toleramus,
3099 2799 3372 2858 desiderio
3403 2805 3482 2859 rei

1892 2898 2052 2953 quam
2085 2898 2388 2952 speramus.
2422 2884 2489 2936 Et
2531 2884 2646 2938 haec
2675 2900 2820 2953 spes,
2855 2902 2976 2956 quas
3006 2887 3138 2941 tanti
3170 2897 3251 2942 est
3280 2892 3478 2959 meriti,

1889 2987 1990 3040 per
2037 2971 2294 3040 Spiritum
2338 2979 2585 3025 sanctum
2611 2972 2859 3027 habetur.
2895 2974 3012 3029 Nec
3040 2976 3144 3031 hoc
3185 2978 3357 3032 solum
3390 2980 3484 3035 dat

1890 3059 2046 3113 nobis
2095 3059 2326 3129 Spiritus
2374 3068 2609 3125 sanctus,
2657 3061 2755 3114 sed
2803 3061 2963 3115 etiam
2993 3063 3283 3132 similiter,
3319 3067 3373 3121 id
3403 3075 3487 3123 est

1892 3147 2031 3203 sicut
2064 3164 2236 3218 spem,
2269 3155 2321 3201 et
2350 3165 2448 3218 per
2488 3165 2643 3218 spem
2689 3149 2996 3219 patientiam
3032 3170 3045 3206 :
3080 3152 3157 3208 sic
3187 3154 3332 3209 idem
3360 3158 3476 3228 spi-

1891 3237 2038 3291 ritus
2087 3237 2318 3306 adjuvat
2365 3240 2617 3291 nostram
2663 3238 3086 3306 inﬁrmitatem.
3139 3242 3288 3298 Sicut
3335 3245 3481 3301 enim

1892 3324 2091 3378 infirmi
2118 3324 2234 3378 sine
2253 3324 2455 3394 Spiritu
2478 3333 2663 3380 sancto
2693 3342 2940 3381 essemus
2969 3327 3024 3382 in
3057 3346 3171 3399 spe,
3207 3332 3287 3388 sic
3317 3333 3482 3389 etiam

1891 3412 2284 3466 infirmaremur
2312 3413 2365 3465 in
2395 3413 2656 3479 oratione,
2691 3415 2794 3467 nisi
2839 3416 3060 3471 doceret
3091 3434 3190 3473 nos
3221 3420 3476 3491 Spiritus.

1892 3503 2033 3556 Vere
2064 3501 2292 3570 Spiritus
2322 3500 2540 3568 adjuvat
2569 3518 2669 3556 nos
2700 3501 2966 3558 infirmos.
2986 3506 3127 3560 Nam
3145 3524 3245 3562 nos
3276 3513 3486 3568 scimus

1894 3591 2024 3661 quid
2071 3605 2311 3653 oremus,
2362 3589 2499 3644 sicut
2543 3590 2685 3645 scire
2737 3599 2949 3661 oportet
2997 3602 3048 3647 et
3069 3609 3247 3662 orare,
3282 3598 3486 3654 scimus

1895 3678 2113 3748 quidem
2141 3678 2414 3749 quomodo
2443 3694 2550 3733 non
2581 3688 2810 3749 oportet.
2835 3682 2947 3736 Nos
2973 3681 3156 3753 utique
3185 3685 3481 3758 nescimus,

1895 3767 1990 3821 sed
2037 3769 2159 3837 ipse
2207 3769 2454 3837 Spiritus
2498 3769 2774 3838 postulat,
2823 3768 2878 3823 id
2918 3777 3001 3824 est
3047 3772 3327 3841 postulare
3382 3793 3485 3832 nos

1895 3853 2021 3910 facit
2047 3864 2099 3909 et
2127 3855 2383 3910 insinuat.
2417 3857 2658 3910 Postulat
2687 3857 2810 3912 dico
2852 3874 2958 3930 pro
2988 3859 3164 3927 nobis,
3199 3861 3252 3916 id
3285 3871 3366 3918 est
3395 3866 3487 3921 vel

1895 3943 2014 3998 vice
2058 3945 2246 4009 nostri,
2305 3944 2393 4000 vel
2436 3960 2599 4000 causa
2629 3953 2828 4000 nostrae
2856 3947 3101 4002 utilitatis
3136 3967 3148 4004 :
3180 3953 3481 4022 gemitibus

1893 4033 2400 4088 inenarrabilibus.
2459 4033 2705 4088 Gemitus
2747 4034 2870 4089 ideo
2901 4035 3300 4095 inenarrabiles
3330 4041 3481 4109 dicit,

1897 4120 2020 4191 quia
2065 4121 2168 4190 ipsi
2218 4121 2678 4191 contemplatores
2725 4123 3002 4179 nescirent
3047 4127 3341 4198 explicare,
3384 4147 3488 4187 nec

1895 4217 2137 4279 possent,
2190 4217 2316 4279 quot
2361 4218 2414 4264 et
2458 4210 2672 4280 quantis
2712 4211 2999 4267 desideriis
3025 4222 3271 4272 aestuant.
3304 4218 3385 4272 Ex
3418 4236 3486 4276 eo

1897 4298 2042 4368 quod
2072 4297 2270 4351 dictum
2301 4306 2401 4363 est,
2436 4298 2670 4368 Spiritus
2709 4300 2963 4370 postulat,
3004 4303 3223 4373 quidam
3252 4305 3307 4360 in
3341 4323 3489 4364 erro-

191 4385 510 4440 consolatur
536 4386 858 4451 Ecclesiam,
892 4395 944 4440 et
973 4385 1162 4440 invitat
1193 4388 1262 4441 ad
1285 4387 1622 4457 patientiam,
1651 4389 1796 4459 quod
1818 4377 1870 4436 D
1901 4403 1990 4440 res
2035 4385 2173 4456 lapsi
2219 4394 2360 4455 sunt,
2394 4386 2639 4442 dicentes
2670 4388 2928 4458 Spiritum
2958 4390 3219 4448 minorem
3251 4395 3405 4452 Patre
3435 4405 3490 4454 et

192 4474 326 4529 dicit
348 4474 629 4544 apostolos
662 4475 854 4528 eadem
884 4474 1176 4547 fragilitate
1207 4477 1382 4545 premi
1405 4493 1510 4546 qua
1541 4493 1798 4546 premun-

191 4570 279 4617 tur
344 4562 566 4616 subditi.
621 4562 810 4617 Subdit
857 4562 1019 4617 etiam
1068 4580 1321 4636 magnam
1371 4564 1797 4620 consolationem

196 4667 359 4721 quam
392 4651 616 4716 habent,
649 4651 839 4706 dicens
874 4666 884 4704 :
922 4654 1204 4708 Gemimus
1237 4653 1796 4724 dico,e.rspectantes

197 4740 562 4811 ad0ptione~m
615 4740 869 4808 ﬁliorum
915 4742 1036 4807 Dei,
1087 4741 1144 4796 id
1193 4749 1275 4796 est
1304 4750 1362 4795 ut
1392 4743 1717 4812 adoptemur
1741 4743 1797 4796 in

197 4826 342 4882 ﬁlios
375 4827 495 4882 Dei.

269 4917 483 4986 Duplex
526 4915 804 4987 adoptatio
852 4924 973 4972 est:
1009 4917 1182 4987 prima
1231 4933 1333 4987 qua
1380 4919 1526 4972 Deus
1577 4925 1799 4988 peccata

193 5005 420 5058 dimittit
469 5011 521 5058 et
559 5003 856 5073 justiﬁcat;
894 5007 1131 5061 secunda
1161 5021 1270 5077 qua
1299 5006 1355 5059 in
1385 5015 1586 5061 aeterna
1618 5007 1796 5061 beati-

194 5094 388 5148 tudine
436 5101 660 5148 sanctos
703 5095 1021 5149 cohaeredes
1070 5094 1275 5149 faciens
1326 5094 1542 5163 Christi,
1577 5111 1673 5150 eos
1703 5111 1797 5150 re-

195 5189 472 5236 munerat.
522 5183 604 5236 De
651 5183 752 5237 hac
802 5190 982 5237 autem
1034 5183 1271 5238 secunda
1321 5183 1487 5237 innuit
1518 5199 1576 5238 se
1605 5183 1798 5238 Paulus

197 5271 534 5342 intelligere,
587 5286 708 5326 cum
756 5271 855 5324 ait:
904 5272 1273 5342 Adoptionem
1313 5271 1458 5340 dico,
1510 5272 1564 5326 id
1599 5280 1682 5327 est
1703 5289 1797 5328 re-

196 5361 585 5431 demptione-m
606 5360 850 5432 corporis
871 5361 1074 5427 nostri,
1099 5360 1154 5414 id
1175 5369 1256 5415 est
1284 5360 1340 5415 in
1369 5376 1476 5432 qua
1503 5361 1796 5433 adoptione

341 5509 590 5565 PATROL.
631 5509 810 5566 CLIII.

1901 4474 2053 4539 Filio,
2107 4474 2230 4545 quia
2292 4474 2383 4545 qui
2413 4475 2652 4545 postulat
2681 4476 2856 4532 minor
2882 4479 3200 4553 intelligitur
3229 4499 3294 4538 eo
3320 4501 3350 4538 a
3380 4503 3489 4558 quo

1899 4563 2137 4632 postulat
2163 4581 2175 4627 ;
2210 4563 2569 4618 curialitatem
2601 4565 2769 4629 Pauli,
2820 4575 3095 4623 vertentes
3124 4569 3179 4623 in
3209 4572 3487 4630 hieresim.

1902 4652 2049 4707 Sicut
2071 4652 2214 4706 enim
2265 4651 2356 4722 qui
2387 4652 2549 4707 modo
2581 4653 2854 4708 docuisset
2883 4656 3118 4727 aliquem
3150 4676 3258 4730 quo
3285 4678 3487 4734 genere

1899 4740 2176 4812 loquendi,
2213 4748 2264 4794 et
2294 4741 2489 4811 quibus
2520 4741 2702 4796 verbis
2731 4741 3041 4814 loqueretur
3069 4763 3191 4801 cum
3220 4749 3485 4822 principe,

1897 4829 1987 4883 ille
2041 4845 2142 4899 per
2195 4828 2346 4882 illum
2400 4829 2718 4884 instructum
2777 4832 3052 4888 diceretur
3102 4835 3251 4907 loqui
3309 4837 3488 4896 eidem

1898 4917 2168 4988 principi:
2221 4918 2298 4973 sic
2363 4918 2590 4989 Spiritus
2641 4927 2879 4986 sanctus,
2933 4922 3061 4993 quid
3109 4932 3161 4978 et
3215 4930 3490 4998 quomodo

1898 5006 2234 5076 postulemus
2280 5021 2380 5060 nos
2426 5006 2656 5071 instruit,
2683 5016 2732 5063 et
2762 5025 2862 5078 per
2889 5025 2991 5065 nos
3021 5010 3313 5070 instructos
3344 5017 3488 5075 dici-

1899 5104 1986 5149 tur
2007 5095 2301 5166 postulare,
2335 5111 2442 5149 non
2474 5095 2646 5150 aliter.

1971 5184 2126 5251 Quod
2160 5199 2325 5253 supra
2354 5184 2484 5237 dixit
2518 5201 2529 5240 :
2565 5184 2838 5240 nescimus
2885 5202 3039 5244 orare
3067 5191 3221 5247 sicut
3248 5200 3488 5267 Oportet,

1898 5273 2002 5326 hoc
2031 5273 2084 5326 in
2114 5272 2234 5342 ipso
2263 5281 2506 5342 apertum
2538 5281 2639 5339 est,
2665 5273 2755 5344 qui
2773 5284 2966 5330 contra
2987 5279 3214 5335 salutem
3245 5283 3493 5352 spiritum

1895 5360 2058 5419 49
2090 5361 2302 5418 Satanae
2326 5361 2498 5418 oravit
2515 5362 2713 5419 auferri
2742 5380 2848 5421 ase
2878 5365 3061 5423 datum
3093 5369 3193 5424 sibi
3223 5371 3292 5425 ob
3314 5381 3496 5431 custo-

3302 5523 3334 5575 3
