3960 6036
448 169 517 225 ’75
1010 167 1067 224 S.
1102 166 1454 225 BRUNONIS
1492 167 2140 225 CARTHUSIANORUM
2179 167 2661 225 INSTITUTORIS
2699 166 2851 225 OPP.
2894 166 3069 225 PARS
3107 168 3175 224 II.
3673 166 3746 220 76

445 294 591 349 diam
638 292 986 361 humilitatis;
1031 310 1100 349 ne
1147 293 1274 365 quia
1303 300 1490 365 raptus
1541 302 1657 348 erat
1703 293 1773 349 ad
1823 292 2111 354 tertiumA
2142 301 2195 348 et
2225 293 2371 365 quod
2401 293 2526 350 inde
2565 293 2769 349 habent
2817 293 2909 349 alii
2950 292 3045 349 filii
3096 292 3166 348 ab
3196 308 3262 348 eo
3310 292 3549 359 habent;
3580 292 3659 348 sic
3690 300 3745 348 et

445 382 663 449 cmlum,
713 390 764 438 et
803 382 1050 438 audierat
1097 399 1220 455 quae
1266 398 1374 438 non
1405 381 1600 438 licebat
1629 381 1834 438 homini
1873 382 2040 454 loqui,

447 472 753 544 superbiret
786 489 799 525 :
835 471 933 527 sed
961 488 1060 543 per
1080 471 1446 543 impellentem
1478 470 1843 542 fragilitatem,
1876 471 2045 542 pusil-

446 561 805 617 lanimitatem
836 561 1019 617 carnis
1049 560 1519 617 reminisceretur.
1562 560 1797 631 Spiritus
1828 567 2047 616 sanctus

443 664 665 721 sperare
718 648 998 717 nosfacit,
1044 664 1209 705 orare
1238 664 1341 705 nos
1372 649 1554 715 docet,
1589 656 1643 704 et
1671 647 1916 704 exaudiri
1942 662 2046 702 nos

448 738 591 795 facit.
625 738 784 807 Quod
813 738 893 795 sic
952 738 1067 793 ait:
1113 737 1347 809 Spiritus
1375 738 1632 809 postulat
1662 757 1680 792 :
1724 736 1813 792 ille
1852 741 2044 793 autem

444 828 541 900 qui
555 830 855 884 scrutatur
883 826 1071 893 corda,
1124 826 1179 882 id
1208 834 1294 881 est
1325 827 1491 892 Deus,
1535 825 1656 891 scit,
1690 825 1744 879 id
1776 833 1858 881 est
1886 841 2044 881 com-

441 917 554 988 plet
583 924 637 972 et
672 915 939 988 approbat
987 916 1129 989 quod
1175 915 1479 981 desiderat,
1530 914 1585 970 id
1613 922 1695 970 est
1723 913 2043 970 desiderare

442 1021 543 1061 nos
572 1004 699 1061 facit
745 1005 994 1077 Spiritus
1039 1012 1280 1059 sanctus.
1333 1003 1444 1059 Scit
1472 1003 1597 1058 ideo
1647 1004 1779 1075 quia
1807 1003 2042 1073 Spiritus

434 1095 693 1167 postulat
730 1094 1038 1150 secundum
1065 1094 1258 1159 Deum,
1293 1092 1347 1146 id
1376 1099 1461 1147 est
1487 1092 1649 1147 docet
1679 1106 1780 1146 nos
1810 1090 2041 1161 Spiritus

439 1183 717 1255 postulare
748 1182 892 1254 quod
922 1182 1097 1237 Deum
1139 1181 1343 1235 bonum
1374 1189 1456 1235 est
1484 1180 1808 1237 concedere.
1844 1182 2044 1237 Postu-

443 1274 527 1328 lat
556 1271 679 1328 dico
730 1287 833 1345 pro
873 1272 1109 1336 sanctis,
1143 1270 1199 1324 id
1228 1278 1311 1324 est
1340 1269 1426 1327 vel
1454 1270 1571 1324 vice
1602 1268 1689 1324 vel
1719 1284 1884 1324 causa
1915 1283 2043 1322 san-

441 1370 673 1419 ctorum.
732 1361 1039 1416 Scrutatur
1067 1358 1138 1413 ab
1169 1374 1235 1413 ea
1285 1357 1635 1413 similitudine
1680 1358 1882 1413 dictum
1934 1364 2035 1423 est,

436 1451 561 1525 quia
591 1447 1047 1522 quemadmodum
1080 1446 1189 1511 ille,
1224 1446 1315 1518 qui
1333 1446 1501 1501 multo
1524 1445 1784 1501 scrutinio
1815 1461 1928 1500 rem
1963 1444 2041 1498 in-

437 1538 692 1612 vestigat,
726 1535 921 1592 melius
951 1551 1069 1590 rem
1099 1534 1274 1605 ipsam
1322 1535 1624 1607 cognoscit;
1657 1535 1734 1589 sic
1762 1535 1909 1589 Deus
1929 1549 2039 1588 non

2146 382 2394 438 Christus
2438 383 2704 438 Dominus
2734 391 2815 438 est
2844 382 2899 437 in
2927 383 3027 439 hac
3057 383 3393 444 haereditate,
3427 390 3479 437 et
3518 381 3744 454 quicun-

2146 488 2252 542 que
2299 471 2506 543 aliquid
2570 471 2697 527 inde
2740 471 2959 539 habent,
3013 470 3081 525 ab
3111 487 3177 527 eo
3206 479 3258 527 et
3284 487 3387 542 per
3416 486 3540 526 eum
3571 478 3740 525 totum

2142 561 2363 615 habent.
2424 560 2635 616 Dicitur
2701 560 2862 615 etiam
2928 560 3327 632 primogenitus
3373 568 3736 625 mortuorum,

2144 649 2271 721 quia
2318 649 2527 720 primus
2573 649 2874 704 resurrexit
2903 664 2936 703 a
2983 648 3231 715 mortuis,
3263 649 3421 704 etiam
3454 648 3593 703 sicut
3617 664 3741 703 cum

2145 753 2212 793 eo
2258 737 2702 809 incorruptibiles
2758 736 3125 793 resurrexisse
3172 737 3466 793 credantur
3518 736 3739 807 quidam

2143 826 2335 883 sancti.
2393 826 2450 881 Si
2500 826 2592 897 qui
2641 834 2823 881 autem
2870 842 2969 897 per
3020 825 3290 881 Christum
3319 824 3562 881 suscitati
3592 833 3739 892 sunt,

2142 931 2251 970 non
2307 923 2657 971 surrexerunt
2724 930 2757 970 a
2805 914 3029 970 mortuis
3061 956 3077 983 ,
3126 914 3255 986 quia
3300 914 3497 997 iterum
3560 914 3739 969 mori-

2144 1003 2269 1059 turi.

2211 1093 2327 1148 Nec
2344 1092 2520 1148 solum
2548 1092 2844 1163 praescivit,
2880 1093 2978 1149 sed
3004 1110 3136 1165 quos
3153 1092 3605 1165 praedestinavit,
3638 1090 3739 1147 hos

2141 1182 2316 1237 etiam
2345 1183 2561 1237 vocavit
2591 1202 2608 1237 :
2640 1181 2784 1253 quia,
2799 1189 3090 1253 postquam
3117 1181 3395 1251 inspiravit
3423 1196 3539 1247 eos,
3572 1196 3740 1236 voca-

2141 1276 2287 1324 tores
2334 1269 2577 1324 adhibuit
2632 1270 2858 1325 interius
2888 1270 3226 1340 praeparatis,
3261 1284 3488 1340 quorum
3518 1270 3733 1325 vocatio

2139 1355 2340 1412 frustra
2386 1366 2550 1423 esset,
2604 1357 2709 1412 nisi
2756 1358 2975 1429 spiritus
3017 1367 3339 1429 operaretur
3381 1355 3627 1411 interius.
3663 1358 3736 1412 Et

2138 1463 2271 1517 quos
2294 1447 2524 1511 vocavit,
2550 1447 2648 1502 hos
2682 1449 2859 1502 etiam
2871 1447 3232 1517 justi/iacvit,
3258 1445 3582 1501 remittendo
3609 1461 3738 1515 pec-

2136 1543 2279 1601 cata,
2324 1534 2658 1589 infundendo
2687 1535 2931 1607 gratiam.
2982 1536 3124 1603 Quos
3166 1539 3359 1590 autem
3365 1535 3728 1604 justiﬁcavit,

441 1626 585 1700 quod
602 1624 896 1682 scrutando
914 1622 1144 1688 laboret,
1173 1623 1270 1678 sed
1304 1622 1462 1693 quasi
1492 1629 1761 1677 scrutator
1789 1629 1840 1676 et
1869 1621 2033 1693 longe
2052 1653 2106 1714 Β
2136 1624 2263 1679 illos
2280 1626 2455 1679 etiam
2474 1624 2856 1695 magniﬁcabit
2880 1624 2932 1677 in
2962 1623 3157 1690 futuro,
3190 1624 3408 1695 quando
3436 1638 3736 1693 conregna-

439 1716 637 1773 melius
687 1712 902 1769 occulta
940 1711 1187 1767 cordium
1238 1711 1407 1766 novit.
1440 1711 1561 1765 Non
1595 1709 1773 1765 solum
1802 1709 2031 1780 Spiritus

439 1820 593 1877 spem
615 1802 727 1871 dat,
760 1817 916 1857 orare
946 1799 1203 1865 insinuat,
1236 1798 1484 1854 exaudiri
1501 1798 1643 1864 facit,
1678 1798 1775 1853 sed
1806 1806 1858 1854 et
1879 1815 2031 1870 qua-

436 1908 651 1964 cunque
698 1905 958 1962 prospera
1006 1888 1093 1943 vel
1154 1887 1386 1943 adversa
1431 1887 1751 1960 contingant
1801 1887 2026 1953 sanctis,

435 1981 620 2038 omnia
666 1978 792 2034 facit
822 1978 911 2032 ille
936 1992 1059 2032 esse
1080 1976 1148 2030 ad
1170 1977 1395 2032 bonum.
1419 1975 1623 2031 Littera
1654 1976 1732 2031 sic
1746 1975 2025 2048 jungitur:

439 2069 608 2126 Orare
638 2069 787 2125 sicut
807 2069 1025 2138 oportet
1048 2081 1147 2135 per
1167 2080 1268 2120 nos
1283 2066 1586 2130 nescimus,
1612 2064 1716 2120 hoc
1736 2072 1913 2120 autem
1933 2080 2031 2135 per

439 2158 695 2231 Spiritum
742 2163 990 2210 sanctum
1034 2156 1261 2222 scimus,
1312 2156 1578 2226 quoniam
1620 2153 1765 2208 idem
1799 2153 2029 2223 Spiritus

433 2249 769 2320 cooperatur
790 2244 1001 2307 omnia,
1043 2259 1140 2298 seu
1162 2257 1443 2313 prospera.
1458 2258 1554 2297 seu
1577 2242 1829 2307 adversa;
1848 2242 1911 2296 in
1932 2242 2027 2298 bo-

430 2352 590 2401 num,
623 2334 680 2389 id
708 2340 791 2388 est
819 2332 888 2387 ad
919 2331 1200 2386 utilitatem
1231 2338 1561 2385 sanctorum.
1585 2330 1893 2386 Velomnia
1912 2345 2028 2385 coo-

428 2427 712 2498 perantur
736 2438 765 2475 a
799 2419 1001 2491 Spiritu
1032 2427 1219 2475 sancto
1250 2420 1314 2475 in
1342 2419 1568 2484 bonum,
1600 2426 1657 2472 ut
1687 2417 1907 2489 passive
1935 2417 2025 2472 di-

431 2528 649 2577 camus;
680 2509 768 2565 vel
795 2509 853 2564 in
900 2508 1077 2565 activo
1128 2523 1292 2562 sensu
1322 2509 1515 2563 omnia
1562 2510 1942 2578 cooperantur
1962 2508 2025 2560 in

434 2601 660 2665 bonum,
695 2606 747 2654 et
793 2597 987 2653 iterum
1028 2612 1129 2667 per
1159 2595 1419 2666 Spiritum
1447 2604 1715 2650 sanctum.
1748 2593 2027 2650 Sententia

425 2704 537 2745 non
566 2694 825 2752 mutatur,
874 2688 1253 2757 coeperantur
1280 2684 1403 2739 dico
1437 2683 1797 2754 diligentibus
1825 2684 2020 2748 Deum,

430 2794 536 2834 nec
565 2776 658 2850 qui
685 2775 849 2830 modo
889 2774 1139 2846 diligant,
1187 2773 1351 2828 modo
1379 2772 1659 2843 peccando
1687 2771 1894 2837 odiant,
1926 2770 2024 2825 sed

433 2866 540 2935 his,
572 2865 626 2920 id
657 2873 740 2920 est
767 2862 1078 2933 hujusmodi
1107 2862 1470 2933 diligentibus
1486 2863 1582 2932 qui
1635 2876 1667 2913 a
1696 2861 1811 2915 Deo
1842 2861 2025 2915 vocati

2138 1711 2269 1767 bunt
2320 1729 2523 1767 secum.
2565 1712 2663 1767 Vel
2698 1710 3072 1783 magnificavit
3118 1712 3418 1767 secundum
3449 1711 3731 1768 certitudi-

2129 1817 2254 1856 nem
2286 1800 2480 1857 futurae
2512 1801 2589 1856 rei
2634 1802 2782 1868 dicit,
2817 1810 2868 1856 et
2913 1802 3211 1857 secundum
3257 1801 3520 1873 quosdan,
3566 1800 3727 1857 50

2130 1889 2221 1960 qui
2236 1890 2351 1958 jam
2369 1906 2491 1945 cum
2514 1891 2627 1945 Deo
2648 1897 2901 1962 regnant,
2938 1898 3196 1961 quantum
3217 1890 3287 1944 ad
3308 1889 3532 1943 animas.
3550 1888 3729 1958 Quan-

2128 1978 2421 2049 doquidem
2476 1979 2625 2032 Deus
2671 1979 2874 2034 electos
2905 1994 3033 2033 suos
3062 1978 3353 2049 praescivit,
3386 1978 3723 2049 praeparavit,

2121 2064 2449 2136 justiﬁcavit,
2494 2074 2546 2122 et
2587 2067 2656 2121 ad
2695 2067 2941 2121 ultimum
2990 2065 3373 2139 magnificabit,
3424 2083 3549 2137 ergo
3591 2067 3726 2139 quid

2128 2153 2379 2210 dicemus
2410 2155 2481 2210 ad
2518 2156 2679 2211 haec?
2722 2157 2889 2211 Estne
2904 2156 3104 2227 aliquid
3132 2156 3277 2228 quod
3307 2156 3577 2211 contraire
3597 2170 3725 2226 pos-

2127 2243 2194 2295 sit
2225 2243 2349 2299 huic
2380 2244 2578 2300 divinae
2606 2244 2997 2315 dispositioni?
3024 2246 3226 2301 Contra
3255 2245 3359 2300 hoc
3385 2244 3569 2315 utique
3590 2243 3725 2298 nihil

2124 2340 2306 2402 potest
2335 2332 2465 2399 dici,
2488 2333 2616 2404 quia
2644 2334 2791 2388 Deus
2820 2342 2903 2389 est
2929 2350 3031 2405 pro
3078 2334 3257 2401 nobis,
3280 2342 3333 2389 et
3360 2336 3413 2389 si
3444 2336 3589 2389 Deus
3621 2349 3722 2406 pro

2125 2421 2303 2486 nobis,
2328 2423 2453 2494 quis
2482 2429 2658 2492 potest
2679 2438 2801 2477 esse
2822 2427 3020 2478 contra
3042 2438 3145 2478 nos
3178 2427 3200 2477 .9
3221 2421 3354 2490 Quis
3375 2430 3552 2493 potest
3572 2437 3724 2477 ever-

2125 2516 2255 2575 tere,
2292 2526 2360 2565 ne
2388 2509 2704 2581 perficiatur
2725 2510 2869 2582 quod
2898 2511 3045 2565 Deus
3075 2511 3143 2566 de
3189 2511 3348 2566 nobis
3379 2510 3721 2581 praeordina-

2123 2597 2218 2653 vit.
2254 2598 2392 2653 Vere
2423 2600 2568 2654 Deus
2599 2607 2680 2654 est
2725 2616 2824 2670 pro
2853 2599 3029 2654 nobis.
3062 2600 3199 2654 Nam
3229 2598 3347 2670 ipse
3376 2607 3459 2654 est
3488 2601 3586 2672 qui
3605 2616 3722 2655 non

2120 2683 2373 2754 pepercit
2395 2684 2571 2738 etiam
2604 2685 2744 2739 Filio
2774 2700 2892 2749 suo,
2916 2684 3011 2739 sed
3047 2684 3306 2751 tradidit,
3329 2684 3381 2738 id
3413 2692 3496 2739 est
3525 2683 3703 2755 dispo-

2124 2770 2227 2825 suit
2256 2769 2406 2825 illum
2437 2771 2760 2827 tradendum
2789 2773 2860 2827 ad
2879 2781 3113 2828 mortem
3130 2789 3232 2845 pro
3261 2774 3517 2829 omnibus
3530 2772 3719 2828 electis

2124 2859 2256 2914 suis.
2306 2861 2375 2915 Et
2423 2876 2547 2916 cum
2601 2877 2716 2916 rem
2776 2869 2886 2915 tam
2916 2860 3190 2918 difﬁcilem
3219 2860 3425 2928 fecerit,
3463 2862 3602 2917 sicut
3632 2870 3718 2917 est

430 2959 590 3021 sunt;
630 2953 701 3008 ad
729 2953 834 3008 hoc
854 2958 912 3006 ut
954 2950 1060 3005 sint
1081 2951 1300 3006 sancti:
1327 2956 1379 3004 et
1408 2948 1537 3020 quia
1564 2964 1676 3003 non
1704 2963 1896 3003 omnes
1918 2963 2019 3003 vo-
2059 3009 2097 3021 Α
2120 2947 2315 3002 Filium
2343 2965 2460 3019 prie
2488 2949 2740 3004 omnibus
2770 2948 2894 3004 ﬁliis
2917 2952 3142 3005 charum
3173 2950 3394 3005 tradere
3421 2951 3583 3006 morti
3614 2966 3713 3021 pro

427 3043 531 3100 cati
559 3041 739 3106 electi,
773 3039 1020 3111 adjungit
1051 3054 1064 3094 :

499 3132 695 3189 Vocati
709 3130 833 3186 dico
845 3127 1153 3185 secundum
1160 3128 1385 3199 praposi
1393 3130 1413 3180 t
1423 3144 1516 3182 um
1528 3124 1880 3196 praescientiaa
1898 3124 2016 3190 Dei,

431 3237 553 3294 quae
581 3219 732 3275 nullo
760 3218 926 3273 modo
972 3223 1150 3288 potest
1184 3214 1480 3269 immutari.
1533 3215 1670 3269 Vere
1719 3215 2018 3270 secundum

425 3308 761 3382 propositum
794 3306 969 3362 vocati
999 3311 1141 3372 sunt,
1176 3312 1228 3359 et
1248 3303 1429 3359 omnia
1459 3311 1819 3373 cooperantur
1839 3302 1944 3356 illis
1965 3302 2022 3356 in

427 3399 649 3455 bonum.
682 3398 822 3454 Nam
853 3396 999 3451 Deus
1028 3392 1297 3463 praescivit
1313 3408 1408 3446 eos
1440 3392 1510 3446 ab
1538 3398 1742 3447 aeterno
1763 3390 1866 3445 sibi
1894 3390 2019 3445 ido-

425 3503 560 3544 neos
616 3494 669 3541 et
722 3482 987 3540 electione
1046 3480 1263 3551 dignos.
1323 3481 1391 3534 Et
1447 3481 1580 3552 quia
1627 3479 1913 3551 praesciuit
1950 3478 2019 3533 ab

423 3585 649 3642 aeterno,
681 3570 1112 3647 praedestinavit
1131 3570 1304 3624 etiam
1344 3585 1455 3634 eos,
1498 3567 1552 3622 id
1583 3574 1666 3621 est
1694 3567 2021 3638 praeparavit

426 3666 483 3721 in
527 3673 772 3734 tempore
818 3673 1086 3731 congruo.
1138 3658 1267 3711 Haec
1311 3655 1636 3726 praeparatio
1678 3654 1775 3709 fuit
1817 3654 2018 3709 oblatio

427 3752 639 3827 gratiae,
676 3759 730 3805 et
771 3749 981 3803 interna
1029 3744 1309 3816 aspiratio.
1371 3744 1682 3810 Prwsciuit,
1723 3742 1914 3814 inquit,
1963 3746 2018 3798 et

426 3837 853 3914 prazdestinavit
875 3835 1003 3904 ﬁeri
1023 3836 1358 3904 conformes,
1382 3831 1437 3887 id
1461 3840 1543 3887 est
1574 3831 1874 3887 imitatores
1890 3832 2022 3885 ima-

428 3928 592 4001 ginis,
624 3926 679 3981 id
709 3933 790 3980 est
830 3921 1078 3995 puritatis
1105 3922 1216 3991 ﬁlii
1245 3921 1366 3991 ejus
1390 3940 1407 3975 :
1442 3920 1568 3991 quia
1596 3919 1649 3973 in
1680 3920 1785 3976 hoc
1816 3920 2018 3975 mundo

423 4034 524 4089 per
553 4015 842 4087 puritatem
874 4010 1048 4067 solam
1079 4008 1275 4063 imitari
1320 4008 1445 4063 licet
1476 4008 1667 4062 Filium
1700 4008 1821 4073 Dei,
1854 4024 2018 4079 quem

426 4108 483 4162 in
511 4104 693 4161 futuro
722 4119 819 4174 per
848 4101 1101 4169 majorem
1138 4097 1424 4170 puritatem
1469 4105 1523 4152 et
1548 4096 2017 4151 invariabilitatem

428 4194 778 4251 imitabuntur
825 4189 1016 4245 sancti.
1065 4189 1181 4243 Hoc
1222 4194 1399 4241 autem
1450 4186 1519 4240 de
1566 4184 1749 4240 divina
1778 4186 2018 4240 essentia

426 4284 546 4340 Filii
575 4282 825 4347 dicimus,
852 4278 975 4350 quia
997 4276 1043 4331 si
1072 4292 1169 4346 per
1197 4277 1301 4331 hoc
1321 4273 1517 4329 Filium
1537 4290 1570 4329 a
1586 4275 1746 4329 Patre
1767 4274 2017 4329 videmur

427 4368 818 4434 diversiﬁcare,
851 4365 980 4437 quia
1027 4365 1259 4419 dicimus
1290 4363 1582 4434 imaginem
1613 4362 1746 4430 Filii,
1784 4377 2018 4432 respon-

427 4461 618 4516 demus
676 4456 823 4529 quod
853 4454 909 4509 in
939 4452 1236 4508 substantia
1266 4451 1483 4522 quidem
1512 4466 1613 4521 per
1640 4449 1825 4505 omnia
1870 4450 2018 4505 idem

427 4556 571 4613 sunt,
621 4546 723 4601 sed
761 4544 815 4599 in
863 4541 1109 4614 personis
1151 4547 1233 4594 est
1279 4539 1533 4594 varietas.
1584 4539 1653 4592 Et
1682 4537 1736 4591 in
1766 4553 1831 4593 eo
1871 4538 2018 4609 quod

428 4638 583 4692 Pater
641 4634 760 4689 sine
800 4630 1089 4703 principio,
1143 4644 1251 4683 non
1297 4627 1363 4680 ab
1394 4626 1502 4681 alio
1536 4641 1547 4678 :
1584 4625 1749 4680 Filius
1775 4634 1955 4681 autem
1985 4641 2019 4681 a

423 4726 582 4781 Patre
610 4719 938 4795 principium
965 4718 1149 4781 habet,
1181 4716 1307 4770 licet
1328 4729 1546 4785 semper
1574 4712 1734 4767 fuerit
1763 4729 1885 4768 cum
1908 4714 2016 4768 Pa-

424 4822 527 4877 tre,
561 4820 614 4868 et
642 4812 720 4866 sic
748 4810 817 4864 ab
847 4808 971 4863 alio.
1006 4806 1061 4861 Si
1092 4811 1269 4858 autem
1302 4801 1598 4857 secundum
1627 4800 2018 4857 humanitatem

424 4904 493 4958 de
523 4900 737 4956 Christo
765 4896 855 4951 hic
882 4894 1117 4965 agimus,
1169 4905 1407 4960 congrue
1450 4889 1735 4959 sequentia
1778 4905 2016 4945 consen-

425 4991 579 5054 tiunt,
610 5003 731 5059 qua:
750 4983 1046 5040 secundum
1069 4994 1286 5036 carnem
1316 4978 1384 5032 de
1434 4976 1645 5032 Christo
1674 4978 2015 5035 solummodo

424 5083 613 5149 agunt,
647 5083 697 5129 et
726 5073 971 5128 dicemus
1007 5085 1018 5123 :
1069 5068 1249 5124 Simus
1297 5064 1607 5122 conformes
1637 5065 1891 5141 imaginis
1922 5065 2015 5121 lilii

425 5168 563 5237 ejus,
594 5171 649 5219 ut
678 5158 952 5233 quomodo
989 5157 1045 5211 in
1072 5155 1306 5211 novitate
1345 5154 1560 5225 spiritus
1589 5154 1900 5221 ambulavit,
1935 5154 2015 5210 sic

428 5265 481 5314 et
509 5269 612 5311 nos
649 5248 1008 5307 ambulemus.
1040 5246 1120 5300 Ita
1163 5253 1344 5299 tamen
1376 5242 1685 5298 conformes
1715 5242 2014 5298 secundum

423 5355 708 5413 utramque
739 5335 1060 5392 sententiam
1094 5348 1106 5387 :
1140 5337 1206 5388 ut
1233 5334 1350 5404 ipse
1372 5330 1540 5385 Filius
1566 5331 1641 5387 sit
1668 5331 2013 5402 primogeni-

428 5439 519 5490 tus
566 5434 631 5487 in
671 5426 874 5483 multis
921 5422 1216 5496 fratribus,
1243 5428 1300 5474 ut
1321 5418 1774 5490 quemadmodum
1803 5418 2012 5489 primo-

427 5520 645 5611 genitus
672 5515 839 5572 Filius
895 5509 1159 5568 Dominus
1214 5515 1298 5565 est
1358 5515 1602 5578 paterna
1655 5506 2008 5577 haereditatis,

2054 3009 2100 3069 Ο
2121 3036 2296 3105 nobis,
2330 3039 2615 3109 quomodo,
2651 3038 2704 3092 id
2735 3046 2817 3093 est
2846 3054 2955 3110 qua
2984 3039 3194 3094 ratione
3212 3055 3328 3094 non
3346 3040 3520 3094 etiam
3542 3039 3720 3094 dona-

2121 3125 2200 3179 bit
2240 3126 2395 3181 nobis
2443 3128 2634 3182 omnia
2670 3143 2791 3197 qua:
2834 3134 3063 3203 restant,
3113 3143 3237 3183 cum
3261 3128 3354 3183 illo
3386 3127 3521 3183 Filio
3550 3143 3717 3198 quem

2119 3212 2284 3285 longe
2325 3214 2634 3269 chariorem
2676 3214 2823 3269 omni
2872 3230 2932 3270 re
2982 3215 3187 3277 habuit.
3236 3232 3400 3287 quem
3452 3215 3611 3272 nobis
3659 3215 3719 3270 in

2120 3302 2346 3357 articulo
2393 3302 2583 3357 mortis
2626 3302 2823 3358 dedit?
2868 3303 2991 3359 Non
3040 3312 3121 3358 est
3150 3304 3501 3371 credendum,
3534 3312 3592 3359 ut
3621 3305 3716 3376 qui

2122 3389 2312 3443 Filium
2344 3390 2512 3456 dedit,
2547 3407 2667 3461 quae
2696 3390 2908 3446 minora
2936 3398 3059 3445 sunt
3088 3391 3222 3447 Filio
3243 3391 3400 3447 nobis
3416 3400 3717 3465 negaturus

2122 3477 2210 3532 sit.
2242 3478 2310 3532 Et
2339 3479 2781 3551 quandoquidem
2810 3480 2959 3535 Deus
2989 3495 3090 3535 nos
3119 3480 3260 3537 adeo
3292 3480 3501 3547 dilexit,
3534 3487 3592 3535 ut
3620 3480 3715 3535 Fi-

2120 3565 2252 3620 lium
2274 3566 2511 3622 traderet
2525 3583 2628 3638 pro
2652 3569 2829 3637 nobis,
2851 3570 2973 3639 quis
2996 3569 3112 3637 jam
3134 3570 3426 3625 accusabit
3450 3569 3719 3625 adversus

2120 3669 2221 3709 nos
2270 3656 2475 3710 electos
2526 3657 2676 3713 Dei?
2714 3659 2984 3712 Accusare
3031 3665 3114 3712 est
3160 3658 3425 3714 adversus
3455 3658 3712 3714 electum.

2121 3743 2396 3813 quomodo
2472 3742 2814 3799 subvertatur
2883 3745 3193 3815 disponere,
3253 3747 3714 3818 quemadmodum

2122 3831 2283 3886 Satan
2314 3830 2505 3887 videns
2533 3833 2635 3887 Job
2666 3833 2717 3887 in
2762 3833 2995 3889 terrenis
3027 3834 3326 3901 abundare,
3360 3834 3488 3907 quia
3544 3835 3596 3889 in
3628 3835 3717 3890 his

2119 3919 2328 3989 putavit
2355 3920 2457 3975 Job
2514 3929 2695 3976 mente
2736 3922 2987 3988 detineri,
3018 3924 3384 3994 pertractabat
3430 3924 3575 3995 quod
3620 3939 3715 3979 res

2120 4008 2237 4076 ejus
2266 4008 2609 4064 demoliendo
2638 4009 2903 4078 justitiam
2936 4012 3053 4079 ejus
3081 4028 3178 4082 per
3228 4012 3618 4084 impatientiam
3645 4013 3715 4069 de

2119 4096 2319 4152 damno
2336 4114 2511 4152 rerum
2532 4098 2839 4154 venientem
2856 4100 3193 4155 destrueret:
3226 4101 3325 4155 sed
3361 4102 3488 4173 quia
3509 4102 3715 4158 electus

2118 4191 2231 4239 erat
2259 4185 2380 4252 Job,
2414 4185 2577 4240 Satan
2606 4202 2715 4241 non
2749 4187 2943 4257 potuit.
2978 4187 3307 4259 Aprincipio
3333 4189 3475 4244 enim
3506 4206 3571 4244 ex
3603 4206 3714 4261 quo

2117 4272 2281 4327 dixit:
2315 4277 2512 4327 Ponam
2545 4275 2733 4330 sedem
2764 4291 2941 4331 meam
2970 4276 3039 4331 ad
3068 4276 3379 4349 aquilonem
3414 4278 3548 4349 (lsa.
3587 4294 3709 4343 xiv,

2039 4359 2093 4419 D
2126 4362 2233 4429 l3),
2266 4377 2483 4432 semper
2512 4362 2772 4418 laboravit
2812 4364 3091 4420 destruere
3138 4382 3372 4439 regnum
3403 4366 3620 4433 Christi,
3654 4367 3714 4422 in

2118 4464 2224 4519 quo
2253 4450 2431 4506 adhuc
2457 4451 2598 4507 male
2626 4461 2971 4523 perseverat.
2997 4454 3255 4509 Diabolus
3287 4454 3402 4511 vult
3429 4471 3708 4525 accusare,

2119 4537 2215 4592 sed
2247 4554 2357 4593 non
2400 4547 2595 4609 potest,
2646 4541 2792 4595 Deus
2840 4550 3020 4597 autem
3047 4551 3249 4614 potest,
3283 4544 3380 4599 sed
3411 4560 3519 4600 non
3548 4545 3664 4600 vult
3697 4562 3711 4600 :

2116 4626 2263 4682 Deus
2283 4626 2427 4681 enim
2458 4631 2542 4683 est
2585 4630 2683 4701 qui
2715 4630 3029 4699 justiﬁcat.
3093 4632 3237 4700 Quis_
3270 4637 3357 4688 est
3404 4633 3566 4689 etiam
3612 4650 3712 4706 qui

2118 4713 2451 4771 condemnet
2473 4717 2677 4773 electos
2709 4718 2850 4773 Dei?
2895 4718 3060 4774 Satan
3092 4720 3312 4791 quidem
3340 4722 3709 4779 condemnare

2116 4801 2247 4869 vult,
2273 4803 2370 4858 sed
2392 4819 2498 4858 non
2515 4813 2722 4875 potest;
2747 4806 2993 4862 Christus
3014 4807 3234 4879 quidem
3253 4818 3460 4881 posset,
3484 4810 3580 4866 sed
3596 4826 3709 4867 non

2116 4890 2263 4945 vult:
2295 4892 2439 4963 quod
2468 4909 2535 4948 ex
2548 4910 2614 4949 eo
2638 4894 2821 4965 palam
2852 4904 2954 4962 est,
2988 4898 3131 4968 quod
3151 4897 3405 4955 Christus
3423 4901 3582 4956 Jesus
3601 4907 3705 4967 est,

2115 4981 2211 5050 qui
2248 4985 2510 5036 mortuus
2534 4986 2619 5038 est
2660 5000 2763 5055 pro
2807 4986 2990 5041 nobis.
3046 4986 3164 5043 Nec
3201 4987 3305 5043 hoc
3351 4987 3547 5056 solum,
3591 4991 3706 5047 imo

2114 5069 2209 5139 qui
2229 5070 2403 5123 etiam
2426 5075 2783 5140 resurrexit,
2818 5080 2875 5127 ut
2892 5082 2945 5128 et
2971 5088 3070 5129 nos
3091 5090 3380 5148 resurgere
3402 5075 3578 5143 faciat;
3606 5080 3707 5149 qui

2114 5154 2279 5210 etiam
2308 5160 2393 5211 est
2423 5157 2495 5212 ad
2521 5158 2821 5216 dexteram
2850 5163 2970 5230 Dei,
2995 5162 3087 5217 ubi
3116 5170 3170 5219 et
3201 5179 3301 5220 nos
3331 5181 3514 5221 secum
3542 5166 3711 5222 collo-

2113 5243 2259 5299 cabit
2292 5261 2306 5299 :
2340 5245 2434 5317 qui
2464 5246 2639 5302 etiam
2685 5248 3021 5322 interpellat
3075 5268 3176 5324 pro
3204 5254 3383 5320 nobis,
3415 5254 3507 5309 ubi
3536 5262 3619 5310 est
3647 5255 3706 5311 in

2112 5330 2335 5387 dextera
2381 5333 2576 5401 Patris,
2631 5336 2724 5407 qui
2769 5337 2887 5393 haec
2932 5339 3116 5395 omnia
3160 5356 3259 5411 pro
3312 5342 3471 5398 nobis
3496 5342 3622 5399 fecit
3651 5352 3709 5400 et

2110 5414 2241 5475 facit
2274 5435 2286 5475 :
2320 5421 2653 5478 credendum
2683 5432 2766 5480 est
2793 5426 2939 5498 quod
2982 5443 3083 5482 nos
3111 5429 3437 5487 condemnet
3465 5432 3493 5487 ?
3522 5433 3704 5487 [nter-

2109 5507 2310 5579 pellare
2338 5509 2536 5567 dicitur
2564 5512 2828 5582 Christus,
2860 5529 2972 5571 non
3015 5516 3163 5587 quod
3189 5533 3325 5577 voce
3353 5518 3568 5589 clamet,
3603 5521 3707 5576 sed
