3960 6036
203 152 275 209 ’77
877 155 1257 213 EXPOSITIO
1300 156 1372 211 IN
1409 153 1791 212 EPISTOLAS
1830 156 2053 213 PAULI.
2086 187 2154 197 —
2186 158 2259 211 IN
2288 156 2503 212 EPIST.
2538 158 2631 212 AD
2672 154 2840 213 ROM.
3438 154 3507 210 ’78

206 287 493 349 assumpta
523 278 850 347 humanitas,
884 298 1003 352 quze
1031 281 1087 336 in
1119 282 1292 337 oculis
1324 282 1422 337 Dei
1454 289 1554 347 est,
1591 297 1807 352 semper
1828 285 1883 343 Α
1915 304 1937 333 α
1973 282 2146 337 dictus
2186 283 2239 337 in
2279 282 2473 338 saecula
2515 283 2588 349 (II
2634 283 2754 339 Cor.
2806 298 2887 349 x1,
2922 282 3033 353 31)·
3073 304 3095 333 ι
3148 285 3346 338 Amen.
3384 284 3509 338 Non

210 368 389 421 Deum
418 368 610 438 pulsat,
647 378 697 423 et
728 385 1027 425 memorem
1047 369 1190 436 facit,
1217 378 1272 425 ut
1292 370 1535 441 perﬁciat
1563 370 1696 425 illud
1716 386 1814 441 pro

213 471 324 526 quo
348 457 540 511 Filium
562 473 783 513 carnem
807 474 1087 513 assumere
1111 459 1277 513 voluit
1312 477 1325 513 :
1360 459 1816 530 quemadmodum

214 544 452 615 legatus,
486 562 585 616 per
612 546 785 602 solam
819 548 1354 618 repraesentationem
1385 563 1636 618 personae
1667 546 1816 619 lega-

218 634 388 687 tionis
420 651 550 700 suae,
582 652 881 690 memorem
912 636 1115 692 faceret
1144 638 1214 691 ad
1246 652 1410 707 quem
1440 637 1643 691 missus
1673 643 1818 691 esset

216 722 274 775 in
307 739 395 791 eo,
432 723 577 794 quod
606 740 665 778 se
696 725 773 778 illi
804 734 1242 796 repraesentaret.

291 810 754 883 Quandoquidem
804 814 945 869 Deus
995 814 1287 884 praescivit,
1315 813 1651 883 justiﬁcavit,
1686 821 1813 879 etc.,

219 916 351 970 ergo
384 902 508 972 quis
537 917 639 956 nos
670 919 935 973 separare
959 905 1174 974 poterit
1202 920 1238 957 a
1266 904 1550 959 charitatc
1587 902 1816 967 Christi,

220 997 279 1042 ut
298 988 381 1044 sic
404 991 971 1059 pervertatconsilium
989 992 1087 1046 Dei
1109 992 1136 1046 ?
1157 992 1441 1062 Separabit
1460 1008 1559 1046 nos
1585 992 1823 1046 trilmla-

220 1079 321 1143 tio,
342 1077 399 1131 id
425 1086 508 1132 est
521 1079 773 1149 quaelibet
784 1079 999 1135 atllictio
1013 1080 1191 1135 carnis
1206 1082 1233 1134 ?
1246 1083 1330 1135 An
1343 1079 1648 1151 angustia?
1664 1079 1719 1133 id
1740 1086 1823 1133 est

218 1167 466 1221 anxietas
495 1168 678 1221 animi.
702 1170 787 1223 An
814 1171 1134 1240 persecutio
1155 1170 1223 1223 de
1254 1169 1375 1225 loco
1403 1169 1472 1223 ad
1488 1169 1667 1223 locum
1687 1168 1713 1221 ?
1735 1169 1820 1223 An

220 1257 455 1325 fames?
497 1256 622 1326 quia
668 1273 816 1327 saepe
864 1258 1070 1325 esuriit,
1125 1266 1183 1312 ut
1230 1258 1392 1312 etiam
1432 1257 1653 1311 taederet
1699 1272 1819 1310 eum

220 1344 428 1399 vivere.
452 1346 540 1399 An
561 1346 793 1401 nuditas
808 1346 834 1399 ?
854 1348 939 1401 An
966 1347 1283 1418 periculum
1305 1346 1396 1400 ?id
1419 1354 1500 1400 est
1520 1346 1822 1401 commina-

216 1434 293 1487 tio
324 1434 513 1488 mortis
534 1436 560 1489 ?
582 1436 663 1489 An
689 1436 909 1506 gladius
932 1440 953 1490 ?
974 1440 1056 1490 An
1078 1436 1198 1507 ipsa
1217 1435 1458 1491 occisio?
1473 1435 1618 1489 Nihil
1640 1435 1824 1505 utique

221 1523 421 1576 horum
452 1538 553 1577 nos
603 1525 906 1594 separabit,
957 1526 1107 1581 sicut
1151 1528 1432 1595 scriptum
1474 1528 1558 1578 est
1602 1524 1655 1576 in
1688 1523 1824 1576 libro

224 1611 573 1666 Psalmorum
594 1630 606 1665 :
627 1612 759 1666 illud
780 1614 903 1683 quia
917 1614 1163 1685 jungitur
1184 1613 1236 1666 in
1257 1621 1535 1683 posterum
1560 1627 1570 1665 :
1592 1615 1825 1683 Propter

225 1706 283 1756 te
323 1702 745 1770 mortiﬁcamur
786 1706 904 1758 tota
935 1703 1043 1769 die,
1081 1705 1355 1757 (estimati
1386 1718 1581 1757 sumus
1608 1706 1672 1756 ut
1699 1717 1823 1756 oves

222 1790 524 1846 occisionis
553 1792 729 1859 (Psal.
754 1806 913 1855 XLIII,
935 1792 1027 1859 24)
1052 1808 1064 1844 :
1098 1807 1207 1847 non
1239 1807 1360 1862 quae
1380 1797 1728 1845 reservantur
1756 1789 1824 1843 ad

222 1877 387 1947 fetus,
437 1879 535 1933 sed
585 1896 708 1950 quae
741 1888 867 1934 sunt
913 1882 1228 1945 occisionis,
1260 1879 1313 1933 id
1345 1888 1427 1935 est
1459 1895 1580 1950 quae
1610 1878 1824 1933 steriles

225 1976 351 2021 sunt
382 1968 736 2034 occiduntur;
773 1977 825 2023 et
855 1969 900 2022 si
930 1978 1153 2039 propter
1183 1977 1233 2023 te
1262 1969 1581 2036 occidimur,
1614 1974 1827 2023 constat

228 2057 374 2126 quod
406 2072 435 2109 a
467 2065 520 2111 te
548 2073 657 2111 non
688 2057 1081 2127 separabimur.
1117 2058 1226 2113 Sed
1255 2075 1376 2129 qure
1404 2073 1538 2112 cura
1565 2056 1610 2110 si
1638 2056 1827 2111 morti-

228 2144 459 2199 ﬁcamur
481 2146 510 2199 ?
540 2147 603 2199 In
635 2146 720 2200 his
753 2146 895 2199 enim
942 2147 1217 2211 omnibus,
1252 2146 1615 2209 tribulatione,
1648 2160 1827 2216 angu—

227 2234 351 2299 stia,
387 2242 441 2288 et
470 2234 684 2289 caeteris
732 2251 1086 2306 superamus,
1126 2238 1357 2305 propter
1395 2250 1522 2289 eum
1553 2234 1827 2288 ferventes

230 2334 420 2373 amore
448 2321 585 2387 ejus,
612 2321 706 2391 qui
734 2320 940 2375 dilexit
963 2336 1085 2374 nos.
1113 2320 1251 2373 Vere
1272 2319 1670 2389 superabimus,
1695 2320 1828 2385 quia

228 2423 411 2479 neque
440 2423 608 2471 mors,
645 2406 701 2461 id
732 2415 815 2461 est
846 2408 1194 2463 comminatio
1225 2408 1415 2463 mortis
1441 2426 1455 2473 ;
1477 2422 1655 2479 neque
1686 2408 1824 2470 vita,

236 2496 292 2549 id
324 2503 411 2550 est
441 2496 734 2565 promissio
760 2496 902 2564 vitai,
933 2496 1020 2551 vel
1052 2496 1243 2567 gloriae
1273 2496 1460 2550 mundi
1480 2515 1493 2561 ;
1513 2511 1689 2567 neque
1718 2512 1828 2549 an-

225 2585 356 2654 geli,
382 2584 475 2654 qui
492 2584 765 2654 legatione
784 2585 882 2639 Dei
897 2584 1196 2656 funguntur
1220 2602 1233 2649 ;
1252 2601 1430 2656 neque
1444 2585 1825 2655 principatus,

224 2670 280 2726 id
311 2680 397 2727 est
425 2688 603 2743 neque
634 2673 768 2728 ordo
799 2672 889 2729 ille
918 2673 1009 2744 qui
1038 2674 1197 2727 etiam
1230 2690 1392 2744 super
1418 2672 1646 2745 angelos
1676 2672 1829 2742 prin—

228 2761 464 2831 cipatum
488 2762 652 2815 habet
675 2780 689 2827 ;
713 2778 891 2833 neque
912 2764 1173 2826 virtutes,
1199 2762 1253 2815 id
1270 2770 1353 2817 est
1370 2778 1548 2833 neque
1570 2761 1706 2815 ordo
1740 2760 1829 2813 ille

230 2851 383 2917 cujus
417 2847 659 2904 ofﬁcium
692 2858 774 2904 est
802 2850 1018 2920 operari
1056 2850 1339 2905 miracula.
1372 2850 1471 2905 Vel
1500 2850 1619 2911 ista,
1655 2849 1699 2903 si
1728 2864 1829 2903 vo-

225 2937 426 3007 lumus,
480 2938 549 2992 de
590 2938 748 2992 malis
806 2939 1015 3010 angelis
1076 2938 1448 3009 intelligimus,
1510 2938 1650 2993 inter
1694 2952 1830 3009 quos

228 3028 390 3081 etiam
424 3035 551 3081 sunt
577 3026 932 3082 discretiones
962 3025 1284 3083 ofﬁciorum.
1318 3028 1398 3082 De
1431 3027 1657 3099 singulis
1682 3026 1826 3081 enim

226 3116 514 3171 ordinibus
545 3116 707 3186 aliqui
752 3116 894 3187 lapsi
922 3124 1065 3182 sunt,
1100 3124 1158 3171 ut
1189 3116 1435 3172 dicamus
1468 3134 1481 3169 :
1514 3116 1705 3186 Neque
1733 3132 1827 3168 an-

231 3204 337 3274 geli
377 3204 533 3269 mali,
584 3220 814 3274 quorum
847 3203 1089 3260 ofﬁcium
1120 3213 1203 3259 est
1232 3205 1451 3274 explere
1484 3204 1823 3275 legationes;

229 3309 404 3363 neque
439 3292 800 3363 principatus,
840 3293 932 3364 qui
981 3294 1035 3347 in
1066 3310 1271 3365 genere
1300 3293 1567 3348 malorum
1599 3292 1827 3346 subditis

228 3382 442 3453 angelis
458 3381 866 3451 principantur;
890 3382 960 3436 5
980 3382 1038 3437 1
1066 3398 1243 3453 neque
1266 3383 1512 3445 virtutes,
1536 3380 1663 3433 mali
1684 3380 1828 3434 enim

236 3470 459 3539 Spiritus
482 3470 741 3525 miracula
764 3470 985 3526 faciunt.
1009 3472 1190 3543 Neque
1207 3471 1514 3536 instantia,
1537 3470 1592 3524 id
1606 3476 1830 3539 estprae-

231 3559 407 3613 sentia
436 3574 536 3613 seu
566 3574 831 3629 prospera
862 3558 969 3612 sint
997 3575 1094 3613 seu
1124 3558 1387 3623 adversa;
1419 3575 1598 3630 neque
1627 3560 1829 3629 futura

228 3647 389 3715 hujus
419 3648 611 3701 mundi
642 3648 786 3701 bona
815 3648 901 3703 vel
932 3647 1093 3702 mala.
1130 3648 1312 3719 Neque
1328 3648 1630 3717 fortitudo,
1663 3646 1717 3699 id
1747 3652 1830 3699 est

229 3736 483 3791 violentia
513 3736 803 3805 cujuslibet
830 3735 1131 3791 fortissimi.
1156 3738 1341 3808 Neque
1377 3736 1644 3800 altitudo,
1670 3734 1725 3789 id
1747 3742 1831 3789 est

225 3825 518 3894 promissio
565 3825 808 3879 honoris.
860 3825 959 3879 Vel
999 3825 1223 3879 altitudo
1252 3833 1309 3878 ut
1338 3825 1427 3878 illa
1460 3824 1677 3895 quando
1706 3824 1829 3877 dia-

227 3912 385 3967 bolus
411 3922 768 3983 purpuratum
801 3928 860 3967 se
890 3922 942 3967 et
970 3913 1276 3967 diademate
1307 3912 1623 3967 renitentem
1655 3920 1831 3966 osten-

230 4002 325 4055 dit.
358 4003 546 4073 Neque
570 4002 940 4073 profundum,
966 4002 1020 4056 id
1050 4010 1133 4055 est
1153 4001 1255 4055 etsi
1277 4009 1463 4071 aperto
1494 3999 1707 4054 inferno
1736 4000 1833 4053 mi-

226 4097 457 4144 naretur
484 4090 615 4143 mihi
645 4090 700 4143 in
728 4090 906 4160 ipsum
937 4089 1314 4161 praecipitium.
1350 4091 1533 4161 Neque
1562 4092 1831 4143 creatura

229 4181 370 4243 alia,
404 4178 462 4231 id
492 4185 575 4232 est
606 4178 651 4232 si
680 4194 876 4233 novam
906 4186 959 4233 et
986 4194 1095 4233 non
1122 4178 1297 4233 visam
1344 4186 1646 4234 creaturam
1678 4176 1829 4233 face-

226 4276 365 4322 rent.
400 4267 549 4320 Nihil
592 4267 780 4321 horum
827 4267 1066 4322 omnium
1116 4269 1325 4338 poterit
1374 4284 1475 4321 nos
1504 4282 1767 4339 separare
1796 4281 1831 4319 a

1922 394 1942 421 «
1978 379 2158 426 autem
2208 373 2352 442 quod
2397 372 2655 427 exciderit
2696 370 2935 443 [excidit]
2975 372 3202 428 verbum
3234 372 3352 427 Dei.
3386 372 3509 426 Non

1922 482 1943 510 ι
1976 462 2119 515 enim
2150 477 2340 515 omnes
2393 461 2482 531 qui
2533 476 2605 515 ex
2653 461 2823 516 Israel
2865 460 3318 532 [circumcisione]
3363 469 3507 527 sunt,

1924 570 1945 597 α
1981 550 2035 603 hi
2080 558 2202 603 sunt
2245 549 2545 619 Israelitze,
2614 566 2791 620 neque
2848 550 2940 620 qui
2988 566 3174 604 semen
3225 557 3347 603 sunt
3394 550 3509 603 Ab-

1923 660 1944 685 α
1983 639 2144 703 rahar,
2177 653 2366 693 omnes
2397 638 2491 691 ﬁlii
2519 646 2643 691 sunt
2671 639 2937 703 Abrahae;
2974 662 2995 685 ‹‹
3033 639 3130 693 sed
3158 639 3213 692 in
3243 639 3389 692 Isaac
3418 653 3513 692 vo-

1923 750 1945 774 α
1980 727 2192 782 cabitur
2240 727 2331 781 tibi
2372 743 2559 782 semen
2610 726 2770 793 (Gen.
2822 742 2942 790 xxr,
2982 730 3089 795 12),
3129 747 3151 777 ι
3188 727 3241 780 id
3271 735 3371 791 est,
3405 742 3514 781 non

1925 835 1947 864 α
1982 815 2073 885 qui
2104 814 2199 868 ﬁlii
2227 815 2403 869 carnis
2434 814 2488 869 hi
2518 814 2611 868 ﬁlii
2641 815 2759 880 Dei,
2798 838 2819 863 ‹‹
2858 816 2953 869 sed
2988 815 3079 885 qui
3109 814 3202 868 ﬁlii
3232 823 3355 868 sunt
3383 830 3511 885 pro-

1926 924 1947 952 α
1984 902 2255 958 missionis
2296 904 2444 971 (Gal.
2504 919 2579 969 IV,
2611 905 2721 973 28),
2758 923 2786 957 ››
2819 904 3156 958 zestimantur
3186 903 3239 956 in
3271 903 3503 958 semine.

1927 1013 1947 1038 «
1978 992 2356 1046 Promissionis
2378 992 2521 1046 enim
2534 992 2759 1047 verbum
2780 992 2880 1047 hoc
2902 999 2983 1046 est
3008 1010 3021 1045 :
3051 1014 3072 1042 α
3091 992 3398 1047 Secundum
3411 992 3513 1047 hoc

1928 1104 1948 1127 α
1976 1088 2189 1151 tempus
2210 1080 2444 1147 veniam,
2464 1088 2515 1135 et
2537 1081 2639 1134 erit
2657 1082 2800 1135 Sarte
2823 1080 2962 1134 ﬁlius
2983 1082 3142 1151 (Gen.
3164 1095 3321 1147 xvm,
3349 1082 3456 1149 10).
3490 1105 3509 1127 η

1928 1190 1950 1219 ι
1984 1169 2104 1223 Non
2128 1169 2299 1224 solum
2323 1177 2505 1223 autem
2524 1169 2635 1234 illa,
2664 1190 2685 1219 α
2713 1170 2809 1223 sed
2828 1177 2877 1223 et
2900 1170 3149 1225 Rebecca
3170 1185 3234 1223 ex
3256 1185 3363 1223 uno
3385 1185 3516 1225 cou-

1930 1280 1951 1307 α
1979 1259 2160 1313 cubitu
2183 1259 2410 1324 habens,
2438 1260 2589 1314 Isaac
2620 1259 2788 1328 patris
2818 1258 2989 1312 nostri
3008 1260 3164 1320 (Gen.
3186 1274 3326 1326 xxv,
3355 1260 3467 1326 24).
3489 1279 3511 1308 ι

1932 1369 1951 1395 α
1988 1348 2120 1401 Cum
2155 1349 2298 1402 enim
2346 1347 2586 1401 nondum
2618 1342 2726 1401 nati
2759 1346 3004 1415 fuissent,
3037 1355 3128 1401 aut
3157 1346 3357 1417 aliquid
3391 1346 3519 1401 boni

1930 1456 1951 1485 «
1988 1435 2250 1507 egissent,
2279 1444 2367 1489 aut
2397 1435 2523 1489 mali
2553 1437 2628 1505 (ut
2658 1436 2955 1489 secundum
2984 1434 3299 1490 electionem
3322 1450 3520 1505 propo-

1932 1548 1952 1571 α
1992 1525 2151 1579 situm
2201 1524 2299 1578 Dei
2325 1528 2586 1593 maneret)
2637 1540 2744 1578 non
2775 1540 2839 1578 ex
2875 1523 3150 1594 operibus,
3190 1524 3287 1577 sed
3319 1540 3383 1577 ex
3416 1539 3517 1578 vo-

1845 1645 1895 1703 B
1933 1637 1953 1660 «
1990 1621 2147 1669 caute
2177 1613 2381 1667 dictum
2410 1621 2489 1667 est
2528 1612 2577 1666 ei
2614 1628 2625 1665 :
2664 1634 2685 1662 α
2721 1612 2861 1680 Quia
2890 1614 3065 1681 major
3093 1612 3291 1667 serviet
3322 1612 3521 1667 minori

1934 1725 1955 1748 α
1991 1704 2152 1772 (Gen.
2198 1717 2330 1769 xxv,
2356 1702 2467 1769 23),
2510 1723 2530 1750 n
2568 1701 2703 1756 sicut
2731 1702 2991 1771 scriptum
3021 1709 3104 1756 est
3134 1719 3147 1754 :
3186 1723 3207 1749 «
3240 1701 3407 1757 Jacob
3438 1701 3520 1755 di-

1932 1815 1952 1837 «
1988 1778 2094 1844 léxi
2121 1810 2134 1855 ;
2168 1790 2316 1844 Esau
2337 1798 2515 1845 autem
2541 1790 2668 1844 odio
2690 1789 2850 1843 habui
2869 1789 3126 1860 (Malach.
3145 1804 3179 1853 l,
3204 1791 3281 1859 2).
3321 1813 3342 1836 η
3376 1788 3520 1858 Quid

1934 1901 1954 1928 α
1990 1895 2125 1950 ergo
2165 1879 2451 1933 dicemus?
2502 1878 2761 1948 Nunquid
2812 1877 3066 1949 iniquitas
3110 1878 3253 1948 apud
3296 1878 3520 1932 Deum?

1934 1991 1955 2015 «ι
1990 1967 2144 2021 Absit
2170 1966 2180 2019 l
2216 1967 2386 2038 Moysi
2417 1966 2560 2021 enim
2582 1967 2711 2021 dicit
2743 1984 2755 2019 :
2781 1989 2801 2013 ιι
2827 1966 3125 2021 Miserebor
3149 1966 3234 2021 cui
3257 1965 3521 2021 misereor

1932 2076 1954 2107 α
1990 2054 2099 2127 [cui
2150 2055 2405 2109 misertus
2454 2055 2613 2126 sum],
2664 2062 2718 2109 et
2776 2054 3205 2109 misericordiam
3248 2055 3521 2125 praestabo

1935 2166 1956 2191 «ι
1992 2143 2079 2198 cui
2108 2143 2409 2198 miserebor
2442 2143 2638 2210 (Exod.
2670 2158 2876 2209 χχχιιι,
2914 2144 3022 2213 19).
3064 2167 3084 2190 ››
3109 2143 3278 2214 Igitur
3296 2158 3403 2197 non
3426 2158 3522 2198 vo—

1935 2253 1957 2281 (
1994 2231 2154 2287 lentis
2186 2248 2362 2303 neque
2392 2232 2675 2297 currentis,
2703 2232 2801 2285 sed
2822 2232 3142 2299 miserentis
3174 2240 3255 2286 est
3285 2232 3403 2286 Dei.
3430 2232 3523 2287 Di-

1936 2343 1957 2367 ‹‹
1994 2320 2066 2376 cit
2089 2321 2233 2375 enim
2256 2321 2539 2391 Scriptura
2568 2320 2834 2375 Pharaoni
2867 2337 2880 2373 :
2919 2342 2940 2370 α
2976 2320 3116 2388 Quia
3136 2321 3189 2374 in
3221 2321 3324 2376 hoc
3345 2320 3522 2391 ipsum

1936 2432 1957 2455 α
1994 2408 2218 2463 excitavi
2267 2407 2519 2480 [servavi]
2563 2416 2634 2473 te,
2678 2416 2736 2462 ut
2781 2409 3065 2464 ostendam
3108 2409 3161 2462 in
3188 2418 3241 2465 te
3272 2408 3523 2464 virtutem

1936 2519 1958 2548 ι
1990 2513 2190 2563 meam,
2223 2506 2275 2552 et
2304 2505 2363 2551 ut
2392 2497 2709 2552 annuntient
2739 2514 2937 2552 nomen
2966 2513 3147 2552 meum
3180 2498 3233 2551 in
3263 2498 3523 2553 universa

1936 2608 1959 2636 ι
1994 2594 2137 2641 terra
2167 2586 2371 2643 (Exod.
2406 2601 2484 2640 ix.
2521 2588 2631 2655 16).
2670 2610 2691 2633 ι)
2724 2586 2874 2658 Ergo
2905 2586 2990 2641 cui
3013 2586 3447 2653 vultmiseretur,
3471 2595 3525 2641 et

1934 2699 1955 2721 ‹‹
1992 2692 2152 2746 quem
2182 2675 2296 2729 vult
2324 2674 2560 2729 indurat.
2596 2674 2939 2746 Dicisitaque
2961 2676 3091 2729 mihi
3125 2691 3137 2728 :
3173 2674 3317 2743 Quid
3348 2675 3527 2729 adhuc

1936 2787 1956 2813 α
1992 2764 2291 2835 (ιιιωινίῑιιιεῖ
2325 2762 2597 2817 Voluntati
2629 2762 2771 2817 enim
2802 2767 2918 2831 ejus
2949 2764 3069 2835 quis
3098 2763 3406 2819 resistit?0
3435 2764 3527 2819 ho-

1934 2869 1957 2898 ι
1993 2863 2103 2913 mo,
2137 2855 2191 2901 tu
2225 2847 2345 2918 quis
2366 2863 2426 2901 es
2448 2847 2539 2918 qui
2561 2847 2906 2917 respondeas
2932 2849 3046 2903 Deo
3065 2847 3094 2901 ?
3116 2872 3137 2895 ‹‹
3172 2847 3429 2919 Nunquid
3450 2848 3528 2901 di-

1936 2959 1956 2983 υ
1996 2936 2064 2992 cit
2088 2934 2405 3007 ﬁgmentum
2427 2936 2478 2990 ei
2494 2936 2583 3008 qui
2606 2952 2664 2990 se
2687 2934 2839 2989 ﬁnxit
2856 2950 2866 2989 :
2883 2934 3025 3003 Quid
3046 2952 3133 2991 me
3154 2936 3329 2991 fecisti
3347 2936 3426 2992 sic
3448 2937 3475 2991 ?
3498 2958 3519 2986 ι

1853 3004 1899 3064 C
1935 3048 1955 3071 ιι
1996 3004 2151 3096 (δαρί
2198 3040 2295 3093 xv,
2330 3028 2392 3089 7;
2427 3004 2531 3079 Isa:
2563 3039 2695 3091 XLV,
2729 3028 2800 3089 9;
2832 3026 2944 3081 Jer.
2986 3040 3149 3090 xvni,
3192 3025 3271 3094 6.)
3301 3028 3384 3079 An
3414 3040 3525 3080 non

1934 3136 1955 3159 α
1990 3114 2155 3167 habet
2182 3121 2505 3183 potestatem
2538 3111 2737 3183 ﬁgulus
2768 3113 2882 3177 luti,
2917 3128 2982 3167 ex
3013 3114 3202 3167 eadem
3230 3128 3415 3168 massa
3444 3112 3525 3168 fa-

1934 3225 1955 3249 «ι
1991 3217 2118 3257 cere
2149 3202 2297 3255 aliud
2348 3202 2568 3273 quidem
2609 3218 2703 3255 vas
2735 3202 2789 3255 in
2820 3202 3105 3267 honorem,
3138 3201 3285 3256 aliud
3317 3217 3443 3257 vero
3469 3202 3524 3255 in

1934 3314 1955 3337 «
1991 3290 2420 3346 contumeliam?
2447 3289 2588 3357 Quia
2619 3289 2790 3361 [quid]
2839 3290 2884 3344 si
2914 3291 3062 3345 Deus
3102 3290 3291 3346 volens
3334 3298 3523 3345 osten-

1934 3402 1955 3426 α
1993 3380 2122 3434 dere
2151 3379 2306 3443 iram,
2341 3387 2392 3432 et
2420 3387 2605 3433 notam
2636 3379 2819 3433 facere
2848 3379 3337 3449 potentiamsuam,
3365 3380 3526 3437 susti-

1938 3489 1959 3518 α
1994 3467 2107 3521 nuit
2138 3467 2192 3520 in
2223 3466 2388 3521 multa
2420 3466 2678 3537 patientia
2707 3482 2835 3520 vasa
2867 3467 2958 3521 irae
2987 3476 3113 3539 apta
3140 3468 3195 3521 in
3226 3467 3521 3534 interitum,

1936 3577 1958 3606 α
1993 3564 2047 3610 ut
2076 3556 2392 3610 ostenderet
2441 3554 2653 3609 divitias
2691 3555 2882 3625 gloriae
2920 3572 3031 3610 suae
3060 3556 3114 3609 in
3144 3571 3275 3610 vasa
3303 3556 3525 3610 miseri-

1935 3668 1956 3693 «ε
1994 3645 2215 3709 cordiae,
2250 3662 2370 3715 quae
2397 3644 2721 3715 praeparavit
2754 3644 2807 3699 in
2838 3644 3085 3715 gloriam.
3110 3644 3259 3712 Quos
3288 3652 3342 3699 et
3362 3659 3528 3699 voca-

1936 3755 1959 3783 α
1994 3734 2068 3789 vit
2095 3749 2203 3789 non
2236 3734 2410 3788 solum
2459 3750 2525 3788 ex
2566 3733 2786 3799 Iudaeis,
2833 3734 2930 3788 sed
2961 3733 3124 3788 etiam
3153 3750 3218 3788 ex
3249 3733 3523 3806 gentibus,

1936 3846 1958 3869 ‹‹
1995 3822 2133 3877 sicut
2161 3823 2215 3875 in
2247 3822 2389 3877 ()see
2421 3822 2547 3877 dicit
2581 3839 2593 3876 :
2632 3846 2654 3869 α
2692 3822 2911 3877 Vocabo
2941 3837 3048 3877 non
3078 3822 3293 3892 plebem
3323 3839 3522 3890 meam,

1936 3933 1957 3957 α
1995 3910 2212 3980 plebem
2242 3926 2461 3977 meam;
2494 3918 2545 3964 et
2575 3925 2685 3965 non
2715 3911 2989 3978 dilectam,
3024 3910 3304 3977 dilectam;
3338 3920 3390 3967 et
3418 3927 3529 3967 non

1936 4020 1958 4050 α
1991 3999 2419 4055 misericordiam
2467 4007 2831 4069 consecutam,
2868 4000 3296 4055 misericordiam
3327 4016 3529 4057 conse-

1937 4110 1958 4136 α
1996 4095 2170 4143 cutam
2194 4088 2338 4157 (Ose.
2363 4103 2426 4155 ιι,
2451 4091 2553 4153 23ς
2598 4089 2624 4143 1
2652 4090 2805 4143 Petr.
2826 4104 2883 4156 ιι,
2913 4092 3022 4158 10).
3052 4110 3073 4138 ι
3100 4090 3167 4144 Ει
3187 4090 3306 4157 erit,
3329 4090 3383 4143 in
3406 4089 3528 4145 loco

1937 4199 1959 4224 α
1995 4176 2086 4230 ubi
2118 4176 2321 4231 dictum
2353 4184 2436 4231 est
2464 4178 2543 4230 eis
2561 4192 2668 4231 non
2688 4176 2844 4247 plebs
2866 4192 2990 4232 mea
3006 4193 3124 4243 vos,
3149 4178 3223 4232 ibi
3244 4178 3527 4234 vocabun-

1938 4286 1960 4314 α
1996 4273 2082 4319 tur
2107 4263 2201 4318 ﬁlii
2231 4265 2330 4319 Dei
2357 4265 2485 4319 vivi.
2520 4265 2683 4320 Isaias
2731 4273 2911 4321 autem
2941 4265 3139 4321 clamat
3168 4282 3268 4336 pro
3300 4267 3469 4321 Israel
3511 4284 3525 4321 :

227 4356 518 4409 charitate
561 4356 702 4423 Dei,
750 4372 871 4427 qua:
916 4360 1001 4411 est
1048 4357 1110 4410 in
1158 4356 1378 4412 Christo
1421 4357 1554 4411 Jesu
1596 4356 1901 4419 DominoD
1936 4376 1957 4401 «
1997 4353 2053 4407 Si
2082 4352 2243 4408 fuerit.
2286 4370 2540 4407 numerus
2595 4353 2829 4409 ﬁliorum
2878 4354 3046 4409 Israel
3076 4363 3329 4426 tanquam
3360 4370 3532 4411 arena

229 4461 331 4499 nos
339 4448 425 4500 tro
438 4484 453 4497 .

854 4582 1076 4638 CAPUT
1116 4583 1209 4637 IX.

307 4731 329 4755 ιι
367 4707 662 4762 Veritatem
706 4706 828 4761 dico
874 4706 928 4760 in
976 4707 1190 4762 Christo
1230 4708 1379 4773 Jesu,
1425 4721 1534 4761 non
1562 4704 1821 4761 mentior.

234 4820 253 4842 ιι
292 4796 685 4851 Testimonium
731 4795 864 4849 mihi
911 4796 1232 4865 perhibente
1261 4795 1596 4850 conscientia
1625 4810 1749 4849 mea
1779 4794 1831 4847 in

236 4906 257 4934 ι
294 4885 501 4956 Spiritu
534 4892 722 4940 sancto
757 4901 769 4936 :
802 4884 1056 4955 quoniam
1095 4884 1311 4937 tristitia
1339 4883 1472 4937 mihi
1503 4890 1585 4937 est
1616 4899 1829 4953 magna,

233 4997 255 5021 α
292 4981 348 5028 et
377 4973 668 5029 continuus
697 4972 851 5027 dolor
879 4973 1030 5027 cordi
1072 4988 1215 5027 meo.
1250 4972 1521 5043 Optabam
1554 4972 1696 5027 enim
1728 4987 1833 5043 ego

234 5083 257 5111 α
294 5062 417 5132 ipse
468 5063 760 5116 anathema
804 5077 926 5115 esse
956 5076 989 5115 a
1019 5061 1234 5115 Christo
1264 5076 1361 5130 pro
1389 5060 1645 5115 fratribus
1672 5060 1829 5123 meis,

233 5173 255 5195 α
294 5150 391 5221 qui
424 5158 550 5203 sunt
594 5148 813 5221 cognati
856 5148 962 5204 mei
994 5149 1291 5203 secundum
1321 5165 1559 5216 carnem,
1592 5147 1683 5219 qui
1713 5154 1836 5202 sunt

235 5262 258 5289 ε
294 5239 580 5305 Israelitaa,
616 5254 852 5309 quorum
899 5237 1121 5307 adoptio
1153 5245 1235 5292 est
1264 5236 1518 5302 ﬁliorum,
1555 5245 1607 5291 et
1635 5236 1832 5307 gloria,

235 5351 257 5379 «ι
294 5337 347 5383 et
378 5334 787 5391 testamentum,
822 5334 874 5381 et
893 5326 1179 5398 legislatio,
1203 5333 1257 5380 et
1272 5326 1612 5397 obsequium,
1638 5333 1689 5380 et
1711 5340 1836 5395 pro-

238 5441 259 5463 «ι
294 5417 471 5471 missa
507 5434 520 5470 :
553 5432 784 5487 quorum
818 5423 1018 5486 patres,
1055 5432 1119 5469 ex
1150 5414 1346 5486 quibus
1378 5423 1459 5469 est
1482 5415 1726 5469 Christus
1758 5430 1839 5468 se-

239 5527 261 5557 ι
294 5505 535 5562 cundum
560 5520 780 5561 carnem
818 5520 829 5557 :
855 5503 945 5575 qui
964 5512 1047 5559 est
1068 5520 1234 5573 super
1254 5503 1436 5558 omnia
1460 5526 1480 5551 u
1504 5505 1651 5559 Deus
1671 5503 1840 5558 bene—

1936 4464 1958 4493 ι
1991 4442 2185 4508 maris,
2228 4442 2474 4513 reliquiaa
2523 4442 2689 4497 salvae
2732 4442 2861 4497 ﬁent
2904 4445 3033 4511 (Isa.
3084 4459 3144 4509 Χ,
3176 4446 3290 4514 22).
3329 4467 3349 4493 n
3384 4446 3529 4501 Ver-

1935 4554 1957 4582 α
1995 4532 2123 4585 bum
2144 4530 2288 4585 enim
2310 4546 2717 4597 consummans,
2738 4540 2790 4586 et
2806 4531 3132 4587 abbrevians
3150 4532 3202 4585 in
3224 4532 3478 4603 aaquitate
3515 4549 3528 4587 :

1936 4643 1956 4667 ιι
1994 4620 2117 4691 quia
2164 4620 2392 4674 verbum
2432 4620 2805 4675 abbreviatum
2847 4621 3009 4677 faciet
3054 4622 3317 4676 Dominus
3366 4638 3531 4692 super

1937 4729 1959 4758 ‹
1992 4716 2207 4762 terram.
2225 4709 2289 4762 Et
2312 4708 2449 4763 sicut
2470 4709 2719 4779 praedixit
2740 4710 2907 4764 Isaias
2928 4726 2940 4765 :
2960 4733 2980 4757 α
3005 4710 3122 4764 Nisi
3142 4710 3407 4764 Dominus
3430 4710 3527 4764 Sa-

1938 4819 1959 4843 κ
1995 4796 2161 4851 baoth
2193 4796 2502 4867 reliquisset
2531 4798 2687 4852 nobis
2720 4814 2926 4867 semen,
2962 4799 3099 4853 sicut
3130 4799 3367 4853 Sodoma
3398 4798 3527 4853 facti

1938 4906 1960 4934 ι
1996 4901 2260 4951 essemus,
2324 4893 2375 4939 et
2435 4885 2571 4941 sicut
2628 4886 2931 4941 Gomorrha
2988 4887 3192 4942 similes
3237 4886 3529 4942 fuissemus

1938 4996 1959 5022 ιι
1998 4974 2126 5043 (Isa.
2160 4988 2197 5037 ι,
2229 4975 2303 5041 9).
2343 4992 2365 5022 ››
2402 4972 2545 5041 Quid
2576 4990 2709 5047 ergo
2730 4975 3013 5030 dicemus?
3032 4974 3172 5043 Quia
3194 4984 3386 5048 gentes
3408 4993 3530 5049 quae

1938 5085 1960 5108 «ι
1997 5077 2107 5116 non
2148 5062 2499 5116 sectabantur
2532 5063 2799 5131 justitiam
2843 5064 3324 5134 apprehenderunt
3362 5066 3529 5135 justi-

1942 5173 1962 5196 α
1997 5150 2145 5215 tiam,
2173 5150 2433 5217 justitiam
2472 5159 2655 5206 autem
2686 5169 2805 5223 quae
2836 5169 2901 5208 ex
2930 5151 3037 5207 ﬁde
3068 5160 3169 5208 est.
3206 5154 3372 5209 Israel
3400 5170 3531 5209 vero

1939 5262 1961 5287 «ι
2000 5238 2257 5293 sectando
2286 5238 2465 5310 legem
2497 5240 2719 5308 justitia:
2759 5241 3078 5314 [justitiam],
3112 5242 3167 5295 in
3216 5242 3394 5315 legem
3438 5244 3533 5310 ju-

1942 5350 1964 5374 «
1999 5327 2157 5381 stitia;
2188 5343 2296 5382 non
2325 5328 2593 5397 pervenit.
2627 5328 2811 5397 Quare
2830 5330 2857 5383 ?
2887 5328 3024 5397 Quia
3052 5346 3162 5385 non
3195 5345 3261 5384 ex
3284 5329 3409 5393 fide,
3436 5330 3534 5384 sed

1941 5438 1963 5463 α
2003 5416 2156 5486 quasi
2186 5432 2252 5470 ex
2301 5416 2577 5487 operibus.
2628 5416 2982 5473 Oﬁendemnt
3030 5418 3173 5473 enim
3212 5418 3268 5471 in
3296 5417 3534 5487 lapidem

1943 5527 1965 5552 α
2006 5503 2342 5573 offensionis,
2397 5505 2536 5561 sicut
2575 5506 2831 5577 scriptum
2878 5514 2960 5562 est
2996 5524 3009 5561 :
3046 5528 3067 5557 α
3103 5506 3244 5561 Ecce
3291 5520 3435 5577 pono
3480 5506 3538 5568 in
