3960 6036
374 101 441 153 79
916 98 971 155 S.
1013 96 1368 154 BRUNONIS
1399 90 2046 151 CARTHUSIANORUM
2092 84 2577 146 INSTITUTORIS
2619 87 2771 143 OPP.
2822 86 2999 142 PARS
3044 85 3113 141 II.
3598 82 3667 136 80

382 245 403 271 α
440 222 570 277 Sion
616 221 851 292 lapidem
897 220 1211 276 offensionis
1261 228 1313 275 et
1354 227 1557 290 petram
1618 216 1897 281 scandali;
1930 215 2051 275 etA
2081 214 2527 269 suntlsraelitaa.
2558 213 2826 281 Tempore
2843 210 2986 265 enim
3009 209 3300 263 Jeroboam
3319 206 3473 261 multi
3493 203 3668 260 Judaei

381 334 402 357 α
441 311 619 366 omnis
668 310 759 382 qui
801 310 975 366 credit
1020 311 1073 364 in
1124 326 1265 377 eum,
1298 324 1406 364 non
1437 307 1798 364 confundetur
1827 306 1963 375 (Isa.

380 424 400 446 α
436 415 638 465 xxvm,
672 404 773 467 26;
804 400 831 454 I
858 402 1012 456 Petr.
1063 414 1121 466 ιι,
1154 401 1229 468 7).
1270 422 1290 447 ››

1016 617 1329 658 ΕΧΡΟΞΙΤῙΟ.

451 748 609 803 52
656 747 776 801 Jam
834 745 1065 816 amplius
1122 761 1231 800 non
1291 742 1586 815 separabor
1641 758 1671 795 a
1717 740 1975 797 charitate

379 836 598 901 Christi,
660 835 759 889 sed
811 835 941 890 olim
999 842 1279 903 separatus
1334 832 1446 897 fui;
1480 838 1534 885 et
1576 829 1699 884 inde
1748 829 1976 883 multum

375 925 555 989 doleo,
590 932 642 978 et
671 924 740 978 de
770 924 874 978 hoc
904 922 1047 993 quod
1077 922 1258 986 doleo,
1294 922 1593 976 veritatem
1623 919 1743 973 dico
1772 916 1977 988 positus

383 1017 448 1069 in
490 1013 731 1077 Christo,
766 1012 819 1066 in
849 1012 1000 1079 cujus
1039 1026 1269 1081 corpore
1298 1008 1515 1063 mentiri
1545 1023 1652 1071 non
1685 1006 1830 1061 licet.
1862 1007 1979 1059 Nec

380 1102 433 1155 in
467 1117 575 1156 uno
605 1117 790 1167 verus,
824 1109 881 1154 ut
923 1101 976 1154 in
1007 1099 1112 1153 alio
1152 1098 1398 1153 mentiar.
1434 1096 1541 1151 Sed
1571 1112 1686 1151 non
1718 1095 1770 1148 in
1803 1094 1979 1164 aliqua

378 1198 535 1259 parte
577 1191 864 1255 mentior;
895 1203 998 1242 nec
1030 1187 1205 1241 solum
1256 1184 1488 1249 Christo,
1525 1184 1624 1238 sed
1654 1183 1814 1237 etiam
1840 1198 1978 1238 con-

380 1275 624 1330 scientia
641 1288 765 1328 mea
786 1274 931 1328 mihi
946 1271 1278 1344 perhibente
1299 1270 1688 1324 testimonium
1707 1268 1851 1338 quod
1872 1282 1979 1321 non

380 1363 619 1418 mentior
654 1380 667 1416 :
698 1360 1030 1417 conscientia
1059 1360 1211 1423 dico,
1246 1358 1468 1411 fundata
1496 1358 1557 1411 in
1593 1357 1812 1427 Spiritu
1840 1374 1979 1410 san-

384 1456 495 1517 cto,
528 1467 655 1506 cum
684 1465 793 1520 quo
826 1465 932 1504 non
962 1448 1274 1519 perhiberet
1293 1446 1507 1501 falsum.
1532 1446 1612 1499 De
1642 1446 1762 1511 hoc,
1788 1444 1975 1514 inquit,

382 1541 504 1595 dico
533 1540 817 1595 veritatem
851 1556 865 1592 :
899 1539 1165 1610 quoniam
1215 1537 1457 1592 tristitia
1485 1552 1692 1605 magna
1723 1538 1809 1589 est
1838 1534 1981 1589 mihi

386 1628 687 1684 secundum
721 1626 1071 1682 aﬂlictionem
1103 1625 1373 1695 corporis,
1407 1628 1464 1679 et
1494 1624 1799 1678 continuus
1827 1622 1981 1677 dolor

390 1718 546 1773 cordi
589 1733 711 1771 meo
744 1715 968 1770 interius
1006 1730 1017 1767 :
1050 1715 1223 1782 dolor,
1254 1714 1446 1784 inquit,
1494 1720 1575 1766 est
1602 1711 1752 1777 mihi,
1786 1718 1839 1765 et
1863 1726 1984 1764 me-

394 1805 515 1860 rito.
550 1806 656 1876 Ego
687 1804 996 1874 enimiipse,
1032 1803 1123 1874 qui
1153 1802 1317 1856 modo
1348 1800 1593 1871 separari
1622 1815 1857 1870 nequeo,
1886 1815 1984 1870 op-

387 1893 578 1950 tabam
608 1910 725 1949 esse
774 1910 884 1948 non
930 1893 1105 1947 solum
1155 1899 1476 1962 separatus;
1510 1890 1605 1944 sed
1649 1889 1808 1943 etiam
1838 1905 1985 1944 ana-

390 1983 600 2050 thema,
623 1983 677 2037 id
697 1990 778 2037 est
798 1982 1073 2052 separatio
1114 1980 1342 2034 aliorum
1375 1995 1407 2033 a
1424 1979 1639 2033 Christo
1659 1994 1757 2049 pro
1778 1978 1985 2047 fratri-

385 2068 486 2124 bus
513 2070 690 2134 meis;
723 2067 851 2138 quia
883 2068 982 2120 hos
1006 2066 1097 2135 qui
1120 2065 1281 2119 modo
1311 2064 1503 2118 fratres
1538 2070 1662 2117 sunt
1692 2062 1747 2115 in
1776 2062 1988 2117 Christo

386 2172 648 2227 separare
699 2155 951 2209 volebam
982 2171 1015 2208 a
1046 2155 1162 2208 Deo
1198 2171 1211 2207 :
1244 2153 1339 2224 qui
1385 2152 1544 2206 etiam
1585 2156 1723 2205 sunt
1762 2152 1989 2219 cognati

382 2248 497 2301 mei
526 2245 835 2301 secundum
872 2260 1145 2307 carnem;
1180 2241 1324 2313 quia,
1357 2240 1482 2295 licet
1504 2239 1831 2294 omnibusin
1848 2239 1988 2293 dile-

390 2334 567 2389 ctione
597 2333 817 2388 obnoxii
849 2332 1039 2397 simus,
1076 2329 1389 2385 domesticis
1422 2338 1602 2383 tamen
1635 2328 1857 2399 generis
1887 2343 1991 2382 no-

385 2422 483 2477 stri
517 2423 655 2477 hanc
702 2421 964 2475 debemus
1009 2419 1307 2490 impensius
1342 2436 1354 2472 :
1389 2419 1485 2490 qui
1513 2417 1676 2471 etiam
1706 2420 1843 2472 sunt
1876 2417 1991 2471 veri

389 2511 665 2566 Israelita:
697 2510 940 2564 videntes
973 2510 1167 2572 Deum,
1201 2524 1439 2579 quorum
1470 2505 1632 2560 etiam
1662 2506 1888 2577 adoptio
1918 2506 1990 2572 ﬁ-

389 2601 615 2664 liorum,
639 2598 694 2652 id
724 2606 805 2651 est
827 2597 918 2667 qui
949 2595 1190 2666 adoptati
1213 2602 1334 2649 sunt
1357 2595 1409 2648 iu
1432 2594 1571 2648 ﬁlios
1601 2594 1720 2648 Dei.
1747 2594 1990 2660 Quorum

389 2688 555 2742 etiam
582 2688 762 2758 gloria
793 2684 1179 2740 miraculorum
1206 2704 1218 2749 ;
1254 2698 1485 2755 quorum
1508 2684 1672 2737 etiam
1698 2691 1779 2736 est
1808 2686 1991 2737 testa-

388 2780 686 2840 mentum;
719 2774 1080 2846 Evangelium
1128 2772 1550 2843 repromissum;
1597 2771 1793 2842 quibus
1833 2770 1991 2826 etiam

389 2872 471 2921 est
504 2865 639 2920 latio
690 2865 842 2934 legis,
888 2863 943 2916 id
973 2870 1054 2917 est
1097 2861 1390 2932 spiritualis
1436 2860 1797 2931 intelligentia
1828 2875 1990 2930 quam

2074 302 2396 357 transierunt
2422 302 2491 355 ad
2539 300 2807 356 culturam
2852 299 3141 363 idolorum,
3195 305 3249 352 et
3287 294 3512 366 reputati
3541 299 3668 348 sunt

2074 392 2213 446 inter
2242 398 2453 463 gentes,
2498 389 2772 443 multoties
2812 388 2975 442 etiam
3017 386 3279 441 fecerunt.
3331 384 3477 439 Multi
3504 383 3667 438 etiam

2074 480 2141 534 de
2172 479 2425 550 gentibus
2454 479 2509 532 in
2557 478 2690 531 ritus
2717 476 3027 531 Judzeorum
3058 473 3410 535 transierunt,
3444 480 3496 526 et
3526 473 3670 526 inter

2072 568 2291 623 .ludaeos
2346 567 2574 637 reputati
2637 573 2778 619 sunt.
2844 566 2964 619 Non
3028 579 3217 618 omnes
3256 562 3345 633 qui
3395 578 3459 616 ex
3502 558 3673 615 Israel

2076 665 2201 711 sunt
2232 656 2529 712 secundum
2568 671 2806 719 carnem,
2839 653 3056 708 dicendi
3086 660 3210 706 sunt
3242 650 3522 705 Israelitae.
3558 650 3668 705 Ne-

2076 761 2179 818 que
2209 762 2400 800 omnes
2430 744 2664 799 vocandi
2695 750 2818 797 sunt
2846 743 2976 811 ﬁlii,
3002 742 3058 796 id
3088 749 3170 795 est
3206 739 3452 795 haaredes
3491 739 3671 793 Abra—

2078 835 2182 900 hae,
2210 834 2334 888 ideo
2356 833 2481 904 quia
2519 832 2817 888 secundum
2847 846 3073 886 carnem
3103 833 3239 885 sunt
3271 843 3463 884 semen
3492 824 3669 881 Abra-

2078 923 2412 989 hae;'lsmael
2445 922 2589 977 enim
2620 922 2689 976 de
2721 920 2927 975 semine
2958 919 3138 975 carnis
3162 918 3395 972 Abraha:
3424 916 3539 983 fuit,
3568 930 3673 970 nec

2079 1019 2256 1065 tamen
2288 1013 2489 1066 haeres.

2151 1100 2307 1155 Unde
2331 1100 2594 1170 scriptum
2615 1106 2697 1153 est
2732 1113 2744 1151 :
2782 1122 2803 1145 α
2837 1097 2987 1166 Ejice
3009 1096 3257 1151 ancillam
3279 1103 3329 1150 et
3347 1094 3513 1149 ﬁlium
3531 1094 3672 1163 ejus,

2078 1203 2187 1243 non
2216 1188 2359 1243 enim
2390 1189 2566 1243 haeres
2595 1187 2695 1241 erit
2715 1186 2878 1255 (Gen.
2898 1200 3021 1250 xxi,
3048 1186 3157 1254 12),
3188 1209 3208 1231 ιι
3243 1193 3378 1250 etc.;
3416 1184 3492 1239 sic
3513 1182 3674 1237 etiam

2078 1293 2179 1333 nec
2209 1276 2350 1331 ﬁlios
2382 1277 2617 1330 Abrahae
2645 1275 2875 1329 dicimus
2906 1275 3307 1345 degenerantes
3338 1289 3369 1327 a
3399 1272 3502 1327 ﬁde
3534 1274 3672 1340 ejus.

2079 1365 2425 1420 Consuetudo
2483 1366 2625 1419 enim
2683 1373 2899 1434 patrum
2959 1369 3058 1430 est,
3092 1378 3214 1416 eum
3261 1377 3456 1417 vocare
3504 1361 3671 1415 ﬁlium

2080 1471 2256 1522 suum,
2290 1455 2382 1525 qui
2412 1453 2650 1507 imitatur
2680 1461 2905 1522 patrem.
2940 1452 3076 1505 Eum
3099 1466 3230 1505 vero
3247 1451 3335 1521 qui
3366 1450 3671 1505 contrarius

2008 1577 2060 1635 B
2088 1552 2169 1598 est
2198 1543 2350 1598 factis
2381 1542 2567 1614 patris,
2614 1542 2744 1596 dicit
2790 1549 2946 1611 pater
2992 1556 3102 1594 non
3146 1555 3268 1593 esse
3297 1538 3461 1592 ﬁlium
3492 1555 3671 1604 suum,

2087 1632 2212 1687 licet
2242 1647 2372 1687 vere
2404 1631 2536 1685 sciat
2576 1630 2643 1684 de
2674 1645 2839 1684 carne
2880 1645 2974 1681 sua
3028 1636 3364 1699 generatum.
3401 1628 3523 1681 Non
3552 1642 3676 1681 om-

2085 1736 2184 1774 nes
2215 1720 2304 1791 qui
2347 1719 2643 1775 secundum
2680 1733 2897 1773 carnem
2942 1726 3065 1770 sunt
3113 1717 3182 1771 de
3210 1716 3416 1770 semine
3446 1715 3678 1770 Abrahae

2086 1818 2208 1865 sunt
2233 1828 2247 1873 ;
2282 1809 2381 1862 Srd
2412 1808 2502 1878 qui
2532 1808 2587 1861 in
2620 1806 2969 1861 similitudine
2999 1806 3150 1859 Isaac
3181 1821 3277 1874 per
3304 1803 3683 1874 repromissio-

2085 1916 2209 1954 nem
2240 1898 2339 1952 Dei
2370 1896 2482 1951 nati
2515 1904 2658 1964 sunt,
2692 1895 2747 1949 hi
2768 1894 3138 1949 vocanturtilii
3160 1893 3409 1948 Abrahar.
3436 1893 3521 1947 Sic
3536 1892 3683 1946 enim

2092 1995 2320 2042 testatur
2366 1985 2659 2055 Scriptura,
2686 1984 2925 2038 dicens:
2972 1985 3036 2037 In
3083 1984 3256 2046 Isaac,
3307 1983 3361 2036 id
3407 1990 3491 2035 est
3518 1981 3575 2034 in
3604 1980 3685 2034 si-

2090 2074 2394 2130 militudine
2429 2075 2579 2127 Isaac
2610 2075 2720 2127 erit
2754 2073 2856 2127 tibi
2886 2088 3095 2127 semen.
3128 2072 3244 2125 Nec
3264 2071 3367 2125 hoc
3384 2069 3685 2125 secundum

2088 2180 2330 2229 carnem,
2378 2163 2474 2216 sed
2522 2162 2825 2225 vocabitur,
2868 2160 2922 2214 id
2966 2168 3048 2214 est
3094 2175 3192 2230 per
3248 2159 3587 2214 vocationem
3626 2165 3681 2213 et

2089 2252 2572 2322 repromissionem
2605 2250 2726 2313 Dei,
2759 2258 2917 2304 erunt
2947 2249 3041 2302 tibi
3071 2247 3185 2314 ﬁlii,
3217 2263 3323 2302 non
3354 2256 3560 2301 tantum
3590 2263 3684 2301 se-

2089 2340 2325 2397 cundum
2374 2338 2572 2393 lineam
2620 2338 2818 2404 carnis,
2870 2344 3131 2408 quantum
3188 2352 3286 2406 per
3325 2336 3682 2390 imitationem

2096 2429 2241 2483 ﬁdei.
2274 2430 2429 2482 Isaac
2458 2427 2602 2480 enim
2634 2435 2795 2480 natus
2822 2441 2932 2479 non
2963 2425 3085 2495 lege
3116 2425 3314 2489 carnis,
3348 2425 3471 2496 quia
3500 2424 3568 2479 de
3596 2440 3686 2479 ve-

2091 2518 2201 2572 tulo
2232 2526 2404 2587 patre,
2437 2525 2490 2570 et
2519 2524 2692 2569 matre
2723 2514 2912 2581 sterili,
2945 2515 3096 2582 cujus
3118 2514 3375 2585 genitalia
3398 2515 3507 2582 jam
3537 2529 3685 2568 mar-

2090 2606 2211 2661 cida
2242 2606 2395 2659 senio
2441 2604 2675 2669 fuerant,
2730 2601 3057 2674 signiﬁcavit
3101 2618 3209 2656 non
3238 2603 3512 2657 vocandos
3541 2600 3684 2656 ﬁlios

2092 2695 2326 2748 Abrahae
2358 2700 2580 2762 pr0pter
2625 2692 2821 2746 lineam
2864 2692 3064 2755 carnis,
3098 2692 3193 2744 sed
3225 2691 3474 2761 exemplo
3505 2692 3679 2756 Isaac,

2094 2783 2391 2838 secundum
2413 2781 2836 2851 promissionem
2859 2781 2929 2835 5
2944 2780 3013 2835 3
3052 2780 3169 2834 Dei.
3196 2781 3427 2849 Exponit
3444 2784 3683 2849 Aposto-

2092 2872 2174 2927 lus
2206 2871 2336 2942 quid
2366 2870 2433 2924 sit
2479 2871 2602 2925 hoc.
2650 2870 2711 2923 In
2759 2870 2911 2924 Isaac
2941 2868 3224 2923 vocabitur
3252 2868 3349 2922 tibi
3380 2884 3565 2924 semen
3595 2868 3684 2922 di-

388 2954 491 3009 fert
543 2953 666 3019 lex;
718 2952 913 3024 quibus
945 2951 1105 3005 etiam
1156 2957 1239 3004 est
1286 2949 1357 3004 ad
1408 2951 1747 3019 obsequium,
1798 2948 1851 3001 id
1900 2956 1983 3002 est

2091 2977 2218 3016 cens
2245 2975 2257 3012 :
2286 2960 2345 3013 Id
2368 2959 2514 3029 quod
2537 2958 2659 3013 dico
2680 2974 2872 3013 semen
2894 2958 3180 3013 vocabitur
3203 2958 3304 3012 tibi
3323 2959 3386 3011 in
3406 2958 3581 3020 Isaac.
3606 2956 3686 3012 sic

392 3042 566 3097 cultus
595 3040 695 3095 Dei
720 3060 732 3107 ;
767 3040 963 3111 quibus
993 3040 1153 3093 etiam
1187 3037 1323 3093 facta
1353 3046 1477 3091 sunt
1504 3038 1781 3109 promissa
1811 3036 1989 3090 salva-

390 3130 590 3194 tionis;
638 3129 835 3199 quibus
882 3128 1042 3182 etiam
1099 3131 1292 3198 patres
1338 3125 1489 3180 fuere
1548 3124 1625 3179 illi
1673 3141 1745 3180 ex
1792 3125 1986 3196 quibus

399 3218 654 3274 Christus
676 3224 832 3270 natus
846 3224 926 3270 est
948 3216 1257 3271 secundum
1270 3232 1502 3270 carnem
1535 3233 1551 3269 :
1576 3215 1670 3285 qui
1687 3212 1987 3268 secundum

390 3306 658 3361 Deitatem
690 3306 837 3359 Deus
866 3314 946 3359 est
974 3304 1041 3357 ab
1092 3303 1262 3369 initio,
1310 3318 1537 3357 manens
1566 3319 1736 3375 super
1772 3303 1983 3370 omnia,

391 3398 538 3452 Deus
570 3395 693 3450 dico
725 3393 1048 3449 benedictus
1071 3392 1399 3447 mterualiter
1428 3394 1492 3446 in
1520 3393 1755 3447 swcula.
1786 3391 1984 3445 Amen.

394 3484 523 3539 Ideo
556 3483 754 3538 Paulus
784 3482 969 3553 plures
1017 3490 1069 3536 et
1097 3481 1332 3549 majores
1381 3481 1502 3534 aliis
1531 3480 1791 3550 apostolis
1822 3478 1988 3533 susti-

395 3573 510 3627 nuit
557 3571 1008 3643 persecutiones;
1042 3571 1169 3640 quia
1216 3576 1540 3640 persecutus
1586 3568 1761 3623 fuerat
1790 3567 1989 3623 Eccle-

395 3662 532 3716 siam
572 3661 769 3715 Christi
802 3676 814 3713 :
849 3660 995 3729 quod
1042 3659 1185 3713 idem
1224 3658 1473 3728 perhibet
1518 3656 1707 3711 dicens
1741 3672 1753 3710 :
1793 3680 1814 3703 ‹‹
1851 3656 1991 3723 Quia

394 3749 517 3820 plus
567 3748 816 3802 omnibus
853 3746 1098 3802 laboravi
1145 3747 1193 3813 (ι
1222 3748 1342 3801 Cor.
1388 3760 1484 3813 xv,
1537 3743 1645 3814 lO).
1683 3769 1703 3791 ι»
1738 3744 1874 3812 Quae
1904 3752 1990 3798 ta-

394 3853 521 3891 men
557 3835 927 3907 augmentatio
966 3833 1363 3903 persecutionis
1401 3832 1497 3886 fuit
1536 3832 1642 3902 ipsi
1687 3833 1757 3886 ad
1804 3840 1989 3887 custo-

396 3925 542 3979 diam
567 3922 806 3992 justitiae,
842 3930 895 3976 et
925 3922 1313 3976 incrementum
1350 3920 1560 3992 gloriae.
1597 3920 1844 3975 Probavit
1873 3919 1992 3974 suf-

400 4013 647 4069 ﬁcienter
677 4012 931 4082 superius
985 4010 1131 4081 quod
1159 4009 1363 4065 electos
1392 4008 1491 4063 Dei
1519 4009 1664 4063 nulla
1694 4026 1780 4063 res
1807 4016 1993 4079 posset

397 4118 430 4156 a
462 4102 575 4156 Deo
607 4115 885 4170 separare.
920 4099 981 4152 In
1010 4098 1362 4168 sequentibus
1406 4105 1585 4152 autem
1617 4097 1849 4167 probare
1880 4097 1995 4151 vult

400 4192 543 4245 hanc
588 4188 912 4243 electionem
960 4186 1195 4241 ﬁliorum
1242 4202 1351 4241 non
1399 4186 1697 4241 secundum
1730 4185 1993 4256 propagi-

2088 3058 2169 3104 est
2200 3047 2632 3118 intelligendum.
2653 3047 2770 3102 Non
2792 3048 2886 3117 qui
2915 3047 3025 3114 ﬁlii
3055 3048 3247 3101 carnis
3267 3046 3503 3101 Abrahae
3533 3054 3675 3112 sunt,

2090 3134 2149 3189 hi
2177 3140 2470 3202 propterea
2495 3138 2617 3184 sunt
2642 3131 2751 3199 [iiii
2780 3131 2879 3184 Dei
2903 3145 2914 3183 :
2949 3130 3043 3184 sed
3075 3130 3129 3183 hi
3150 3132 3245 3202 qui
3274 3131 3535 3198 suntﬁlii
3551 3147 3683 3201 pro-

2088 3221 2395 3283 missionis,
2430 3218 2484 3271 id
2513 3226 2595 3272 est
2623 3234 2724 3288 per
2753 3218 3231 3288 repromissionem
3262 3218 3437 3280 electi,
3465 3218 3517 3271 hi
3537 3219 3690 3272 aesti-

2089 3312 2327 3363 mantur
2365 3309 2428 3362 in
2480 3308 2692 3361 semine
2739 3307 2992 3371 Abrahae,
3043 3306 3343 3361 imitatores
3381 3304 3507 3361 ﬁdei
3541 3307 3679 3375 ejus,

2092 3396 2552 3468 quemadmodum
2584 3397 2740 3450 Isaac
2770 3411 2869 3465 per
2888 3395 3372 3465 repromissionem
3403 3404 3559 3449 natus
3580 3403 3681 3449 est.

2089 3482 2158 3536 Et
2186 3496 2317 3536 vere
2346 3497 2447 3550 per
2492 3480 2995 3550 repromissionem.
3043 3481 3181 3535 Nam
3213 3481 3318 3534 hoc
3347 3485 3429 3535 est
3458 3480 3687 3536 verbum

2089 3569 2501 3641 promissionis,
2529 3567 2682 3623 factae
2701 3568 2770 3622 de
2786 3567 2941 3622 Isaac
2953 3612 2965 3633 ,
2983 3568 3125 3638 quod
3138 3568 3365 3624 verbum
3379 3568 3588 3623 locutus
3604 3576 3689 3623 est

2091 3657 2321 3729 angelus
2350 3656 2419 3711 ad
2447 3657 2725 3710 Abraham
2755 3656 3123 3711 determinans
3152 3657 3563 3726 conceptionem
3592 3655 3689 3710 ﬁlii

2091 3746 2185 3800 diu
2196 3754 2318 3799 ante
2330 3745 2603 3814 promissi,
2620 3746 2836 3800 dicens:
2858 3766 2879 3795 α
2898 3746 3015 3816 Ego
3030 3747 3251 3800 veniam
3263 3745 3574 3800 secundum
3588 3745 3689 3799 hoc

2097 3839 2337 3906 tempus,
2360 3833 2415 3888 id
2437 3842 2519 3888 est
2538 3842 2661 3904 post
2682 3833 2987 3888 revolutum
3008 3850 3210 3888 annum
3244 3835 3347 3889 hac
3368 3835 3557 3889 eadem
3577 3834 3685 3902 die,

2094 3928 2149 3978 et
2192 3931 2480 3993 postquam
2520 3922 2822 3982 advenero.
2847 3923 2959 3976 erit
2985 3923 3138 3978 Sara:
3166 3924 3319 3991 ﬁlius
3349 3923 3686 3991 (Gen.xvm,

2097 4012 2206 4082 10).
2220 4033 2240 4060 υ
2252 4011 2562 4066 Secundum
2584 4010 2977 4077 Ambrosium(l
2990 4011 3315 4081 ),prmmissa
3334 4011 3508 4065 littera
3523 4011 3691 4083 longe

2097 4115 2264 4169 supra
2293 4100 2448 4153 aliter
2463 4100 2726 4168 jungitur,
2762 4099 2837 4152 ita
2868 4116 2881 4153 :
2916 4100 3034 4170 Ego
3057 4100 3311 4169 optabam
3327 4116 3449 4154 esse
3471 4115 3691 4169 separa-

2097 4188 2170 4241 tio
2202 4189 2463 4242 bonorum
2496 4203 2529 4241 a
2557 4188 2792 4252 Christo,
2827 4188 2973 4258 quod
3003 4187 3270 4243 faciebam
3302 4203 3401 4258 pro
3432 4187 3692 4243 fratribus

401 4295 527 4332 nem
558 4277 762 4341 carnis,
816 4276 913 4330 sed
960 4292 1025 4330 ex
1072 4275 1354 4331 vocatione
1387 4275 1484 4328 Dei
1519 4273 1653 4329 ﬁeri.
1686 4275 1887 4329 Littera
1919 4275 1994 4328 sic
2018 4287 2069 4345 D
2097 4276 2251 4341 meis,
2276 4276 2331 4330 id
2352 4286 2429 4330 est
2451 4290 2637 4331 amore
2667 4275 2890 4329 fratrum
2913 4291 3154 4331 meorum
3176 4277 3483 4332 Judzeorum
3503 4285 3556 4331 et
3576 4276 3693 4331 zelo

396 4364 643 4436 jungitur
674 4383 686 4417 :
715 4365 833 4435 Ego
864 4364 995 4417 olim
1026 4364 1275 4433 optabam
1305 4379 1427 4417 esse
1458 4363 1728 4432 separatio
1761 4362 1991 4416 filiorum

401 4454 501 4509 Dei
533 4468 566 4507 a
616 4452 831 4506 Christo
856 4471 868 4517 ;
894 4452 992 4505 sed
1022 4459 1201 4505 tamen
1243 4467 1351 4504 non
1381 4450 1579 4505 excidit
1608 4450 1832 4504 verbum
1869 4450 1987 4515 Dei,

403 4543 461 4597 id
503 4549 585 4597 est
633 4541 757 4595 licet
803 4540 1030 4594 multum
1081 4540 1329 4594 saevirem
1376 4539 1431 4592 in
1461 4555 1651 4594 servos
1674 4538 1793 4603 Dei,
1827 4537 1995 4609 aliqui

404 4631 883 4695 subverterentur;
921 4638 1099 4682 tamen
1132 4636 1424 4698 propterea
1462 4644 1577 4683 non
1607 4626 1823 4682 excidit
1867 4644 1993 4683 ver-

406 4722 554 4785 bum,
576 4719 629 4773 id
651 4726 734 4773 est
754 4733 863 4771 non
883 4716 1151 4786 inexpleta
1172 4716 1329 4786 periit
1348 4715 1639 4787 promissio
1662 4716 1777 4781 Dei,
1803 4732 1905 4786 qua
1936 4732 1995 4770 se

404 4808 730 4878 promiserat
758 4806 1163 4874 redempturum
1195 4804 1394 4863 Israel;
1428 4804 1554 4875 quia
1576 4804 1700 4859 licet
1727 4804 1883 4858 multi
1910 4821 1999 4859 se-

405 4896 644 4952 cundum
675 4910 895 4950 carnem
924 4894 992 4947 de
1037 4893 1205 4947 Israel
1234 4909 1263 4946 a
1294 4892 1591 4947 salvatione
1619 4893 1836 4947 alienati
1867 4893 2001 4959 sint;

408 5000 600 5039 omnes
631 4992 810 5037 tamen
841 4982 957 5036 veri
987 4982 1241 5036 Israelita:
1259 4981 1417 5037 electi
1447 4990 1590 5047 sunt,
1616 4991 1667 5037 et
1689 4982 1766 5036 sic
1787 4982 2005 5052 impleta

409 5082 493 5128 est
521 5071 828 5143 promissio.
865 5072 1006 5125 Vere
1048 5070 1149 5125 etsi
1200 5070 1363 5141 aliqui
1394 5071 1629 5141 separati
1658 5078 1780 5124 sunt
1807 5087 1837 5124 a
1864 5071 2000 5139 Deo,

407 5169 696 5233 propterea
716 5175 822 5214 non
843 5158 1039 5214 excidit
1056 5158 1283 5215 verbum
1306 5158 1405 5213 Dei
1429 5176 1443 5226 ;
1463 5160 1721 5230 quoniam
1747 5175 1859 5214 non
1888 5173 2004 5213 om-

410 5268 509 5307 nes
535 5249 589 5304 lii
602 5249 697 5322 qui
716 5252 851 5304 sunt
877 5264 950 5303 ea:
962 5248 1137 5303 Israel
1162 5248 1472 5302 secundum
1502 5263 1752 5315 carnem,
1769 5246 2003 5301 vocandi

2101 4364 2259 4436 legis,
2310 4380 2473 4435 quam
2521 4364 2649 4435 quia
2698 4364 3033 4419 Christianos
3080 4365 3335 4435 putabam
3395 4366 3689 4433 invertere,

2101 4453 2355 4507 dolebam
2388 4470 2401 4506 :
2434 4468 2535 4507 nec
2581 4453 2779 4507 mirum
2826 4453 2871 4506 si
2916 4469 3014 4523 pro
3054 4453 3310 4508 fratribus
3357 4454 3511 4521 meis,
3571 4460 3695 4525 quia

2103 4550 2226 4595 sunt
2256 4541 2473 4613 cognati
2510 4541 2617 4595 mei
2647 4541 2942 4597 secundum
2975 4556 3213 4607 carnem,
3241 4551 3295 4597 et
3324 4543 3412 4613 qui
3445 4558 3567 4597 esse
3591 4543 3697 4597 de-

2103 4630 2349 4683 buissent
2379 4630 2495 4684 veri
2541 4630 2819 4695 Israelita},
2852 4637 2906 4683 et
2935 4646 3165 4699 quorum
3196 4638 3278 4685 est
3305 4630 3520 4701 adoptio
3549 4629 3696 4686 ﬁlio-

2104 4734 2221 4771 rum
2251 4717 2371 4786 Dei,
2400 4718 2455 4771 id
2503 4725 2586 4772 est
2614 4718 2705 4789 qui
2735 4718 3010 4772 debebant
3037 4719 3282 4790 adoptari
3313 4719 3367 4772 in
3398 4718 3539 4773 ﬁlios
3568 4719 3691 4788 Dei,

2110 4806 2214 4860 nisi
2262 4807 2366 4861 hoc
2416 4806 2619 4860 malitia
2666 4822 2857 4861 eorum
2905 4814 3211 4872 averteret;
3246 4816 3299 4861 et
3328 4807 3524 4878 quibus
3578 4816 3698 4862 erat

2105 4894 2281 4966 gloria
2310 4894 2650 4965 eloquiorum
2698 4894 2798 4949 Dei
2828 4896 3179 4963 creditorum,
3213 4904 3266 4949 et
3295 4896 3493 4967 quibus
3520 4896 3697 4951 debe-

2106 4983 2266 5036 batur
2314 4990 2716 5052 testamentum,
2763 4983 2818 5037 id
2864 4992 2945 5038 est
2974 4984 3351 5055 Evangelium,
3387 4993 3438 5038 et
3467 4999 3699 5054 quorum

2105 5078 2221 5124 erat
2256 5070 2527 5140 legislatio
2571 5079 2625 5125 et
2671 5071 3013 5143 obsequium,
3063 5072 3119 5126 id
3147 5082 3231 5127 est
3259 5073 3433 5127 cultus
3465 5073 3590 5128 Dei.
3628 5074 3698 5129 Et

2104 5158 2373 5228 promissa
2420 5158 2754 5213 debebantur
2819 5160 2919 5215 eis.
2968 5160 3156 5215 Patres
3207 5176 3439 5231 quorum
3485 5160 3702 5217 fuerunt

2104 5246 2201 5313 illi,
2234 5263 2300 5303 ex
2331 5247 2528 5318 quibus
2557 5249 2857 5303 secundum
2886 5264 3105 5305 carnem
3134 5257 3295 5305 natus
3325 5258 3408 5306 est
3428 5249 3696 5307 Christus.

473 5428 550 5501 (t)
580 5428 941 5481 Commentaria
967 5427 1016 5479 in
1041 5439 1208 5481 omnes
1231 5428 1364 5480 Pauli
1388 5426 1633 5491 Epistolas
1655 5438 1751 5477 non
1776 5428 2009 5489 putantur
2031 5439 2138 5480 esse
2162 5427 2409 5481 Ambrosii
2437 5443 2450 5481 :
2479 5429 2539 5482 de
2565 5441 2661 5493 quo
2684 5430 2881 5483 consule
2904 5430 3151 5482 Possevini
3176 5432 3496 5494 Apparatum.
