3960 6036
240 193 301 243 81
822 191 1201 250 EXPOSITIO
1266 194 1340 249 IN
1396 192 1781 251 EPISTOLAS
1836 193 2063 249 PAULI.
2119 226 2188 237 —
2246 196 2319 252 IN
2360 197 2579 255 EPIST.
2640 199 2734 254 AD
2797 199 2965 256 ROM.
3482 205 3549 260 82

241 314 352 369 Sed
386 315 515 371 licet
538 316 660 372 haec
722 318 986 389 promissa
1033 319 1170 385 illis,
1203 319 1485 393 iniquitate
1514 335 1612 375 sua
1668 320 1921 390 impe-A
1951 319 2226 389 cluderet;
2279 322 2350 377 ita
2382 331 2434 379 et
2464 324 2532 379 de
2562 325 2809 395 sequenti
2839 325 3208 380 testimonium
3237 326 3445 397 posuit,
3495 335 3555 382 ut

256 404 441 459 diente
497 421 605 460 non
660 407 843 477 adepti
892 409 1016 473 sint,
1049 425 1157 463 non
1187 417 1366 464 tamen
1397 410 1521 463 ideo
1552 409 1675 464 dico
1707 409 1855 480 quod

245 502 544 562 propterea
575 495 843 551 exciderit
874 498 1122 563 verbum,
1156 497 1211 551 id
1239 506 1321 552 est
1350 497 1593 568 impletio
1625 497 1856 568 promis-

246 581 423 636 sionis
454 584 554 637 Dei
588 602 601 636 :
639 585 896 654 quoniam
942 586 988 639 si
1046 601 1156 640 non
1199 602 1391 641 omnes
1423 587 1519 658 qui
1554 586 1854 641 secundum

247 686 469 726 carnem
524 673 716 739 Judaei,
750 682 932 729 tamen
981 675 1291 745 quicunque
1317 675 1432 730 veri
1468 674 1720 729 Israelita:
1740 674 1855 729 fue-

246 768 400 825 runt,
424 760 847 830 promissionem
879 763 976 817 Dei
1006 772 1360 834 acceperunt.
1403 765 1650 834 Sequens
1676 763 1854 817 littera

251 864 365 903 non
390 857 645 903 mutatur.
674 852 799 905 Non
819 852 995 905 solum
1026 860 1201 906 autem
1257 854 1400 907 hanc
1453 853 1583 907 Sara
1614 852 1855 922 promis-

252 937 468 992 sionem
502 939 712 1005 habuit,
749 940 844 994 sed
877 941 1035 995 etiam
1064 942 1331 997 Rebecca.
1368 941 1766 996 Convenienter
1787 941 1855 995 de

261 1026 520 1083 Rebecca
551 1027 777 1095 inducit,
812 1029 866 1082 in
894 1030 1049 1098 cujus
1081 1028 1202 1084 ﬁliis
1233 1038 1478 1101 apertum
1513 1038 1614 1095 est,
1647 1047 1712 1085 ex
1744 1030 1855 1085 ele-

252 1116 437 1171 ctione
468 1125 671 1170 tantum
696 1118 814 1183 Dei,
841 1119 1040 1172 bonum
1070 1118 1306 1189 aliquem
1354 1117 1491 1173 ﬁeri.
1528 1119 1582 1174 Si
1616 1119 1760 1173 enim
1791 1135 1856 1173 ex

248 1220 460 1274 genere
508 1221 616 1261 non
647 1215 729 1260 est
778 1222 945 1261 causa
993 1223 1161 1279 quare
1192 1208 1358 1262 Jacob
1414 1208 1592 1280 magis
1623 1207 1857 1278 eligatur

254 1311 421 1363 quam
452 1296 618 1361 Esau,
654 1294 706 1348 in
740 1311 969 1365 quorum
1028 1296 1294 1352 electione
1329 1296 1417 1351 vel
1476 1296 1853 1366 reprobatione

250 1383 406 1437 nulla
436 1392 746 1453 parentum,
772 1384 917 1439 nulla
948 1383 1180 1439 ﬁliorum
1211 1385 1403 1439 merita
1434 1392 1850 1455 praecesserunt,

252 1479 311 1525 et
338 1472 466 1526 ideo
526 1488 622 1542 per
675 1473 979 1529 Rebeccam
1022 1474 1259 1544 apertius
1303 1474 1518 1544 probat,
1553 1473 1852 1529 secundum

251 1560 679 1630 promissionem
721 1560 861 1616 ﬁlios
908 1563 1144 1617 Abrahae
1174 1562 1310 1627 ﬁeri,
1343 1579 1506 1633 quam
1527 1579 1627 1633 per
1646 1562 1849 1627 Saram,

250 1666 378 1720 qua
413 1649 599 1705 Solum
640 1650 871 1705 electum
932 1652 1118 1705 habuit
1151 1669 1164 1705 :
1199 1652 1407 1722 accepit
1454 1652 1639 1723 utique
1670 1667 1922 1736 repro-B

249 1738 574 1793 missionem
610 1739 877 1805 Rebecca,
913 1741 1119 1795 habens
1150 1739 1287 1794 ﬁlios
1309 1756 1382 1795 ex
1413 1757 1526 1795 uno
1548 1740 1849 1811 eodemque

250 1829 558 1884 concubitu
589 1830 745 1883 Isaac
775 1830 957 1899 patris
988 1830 1190 1885 nostri.
1212 1830 1280 1884 Ut
1299 1829 1499 1883 sciatur
1528 1829 1719 1883 merita
1746 1844 1850 1900 pa-

250 1924 470 1970 rentum
515 1932 623 1971 non
677 1916 950 1987 profuisse
997 1918 1187 1983 Jacob,
1222 1933 1324 1973 nec
1374 1917 1631 1972 nocuisse
1680 1919 1846 1983 Esau,

252 2005 578 2059 determinat
610 2021 706 2060 eos
730 2022 853 2060 esse
875 2013 1162 2074 generatos
1194 2006 1260 2060 de
1292 2007 1486 2061 eodem
1509 2007 1848 2062 concubitu:

256 2111 328 2148 ne
357 2095 405 2148 si
436 2096 515 2161 (ut
541 2094 759 2165 quidam
782 2094 994 2165 physici
1024 2095 1228 2164 volunt)
1252 2095 1485 2150 diversis
1516 2095 1849 2165 temporibus

251 2184 507 2255 generati
542 2192 743 2248 essent,
779 2191 1096 2253 putarentur
1125 2193 1380 2253 parentes
1409 2200 1532 2238 esse
1554 2183 1691 2254 grati
1713 2185 1845 2252 Deo,

252 2289 379 2328 cum
441 2280 751 2344 genuerunt
787 2272 987 2337 Jacob;
1031 2272 1248 2346 ingrati,
1297 2274 1512 2344 quando
1546 2280 1849 2343 genuerunt

250 2365 424 2417 Esau.
478 2362 627 2417 Sicut
674 2370 987 2431 parentum,
1023 2361 1101 2415 sic
1158 2362 1322 2415 etiam
1382 2362 1570 2416 merita
1619 2361 1848 2416 ﬁliorum

252 2450 533 2515 excludit,
584 2450 813 2505 dicens:
848 2450 1095 2505 Rebecca
1124 2450 1310 2521 utique
1367 2450 1555 2504 habuit
1614 2450 1848 2521 promis-

251 2542 486 2595 sionem.
519 2541 653 2594 Nam
685 2540 902 2595 dictum
922 2544 1005 2595 est
1040 2541 1091 2595 ei
1114 2559 1131 2593 :
1162 2541 1335 2610 Major
1376 2540 1581 2594 serviet
1610 2540 1843 2594 minori.

250 2630 360 2685 Sed
408 2638 699 2699 antequam
772 2628 911 2683 dicat
959 2628 1400 2697 promissionem,
1462 2627 1848 2682 convenienter

248 2719 443 2773 merita
492 2717 722 2772 ﬁliorum
768 2733 889 2773 cum
938 2717 1147 2771 meritis
1192 2725 1472 2787 parentum
1505 2716 1757 2779 excludit,
1791 2724 1847 2771 ut

250 2815 466 2864 constet
495 2822 714 2861 omnem
773 2806 1093 2861 electionem
1144 2821 1266 2860 esse
1296 2806 1524 2875 primum
1556 2813 1608 2858 et
1636 2805 1844 2875 princi-

250 2898 452 2970 paliter
481 2913 549 2950 ex
579 2895 756 2967 gratia
787 2895 904 2963 Dei,
937 2895 1126 2950 dicens
1163 2911 1175 2950 :
1209 2895 1455 2949 Rebecca
1472 2895 1659 2948 habuit
1682 2894 1842 2960 ﬁlios,

250 2989 488 3060 quicum
518 2988 757 3039 nondum
788 2984 898 3038 nati
937 2992 1138 3051 essent,
1172 3000 1271 3053 per
1301 2984 1404 3039 hoc
1455 2984 1695 3039 excludit
1722 3000 1843 3039 me-

248 3078 349 3131 rita
379 3075 639 3129 ﬁliorum.
672 3073 779 3128 Sed
810 3081 991 3126 tamen
1019 3072 1144 3143 quia
1191 3072 1244 3125 in
1275 3080 1463 3127 ventre
1523 3072 1708 3126 matris
1757 3072 1844 3125 lu-

251 3166 379 3221 ctati
411 3179 538 3218 esse
567 3163 838 3224 dicuntur,
876 3178 945 3215 ne
998 3161 1122 3215 ideo
1162 3168 1475 3231 putarentur
1504 3161 1576 3214 ibi
1603 3161 1847 3231 potuisse

250 3254 475 3318 mereri,
502 3254 605 3307 hoc
624 3251 997 3306 determinans
1020 3251 1093 3303 ait
1119 3265 1129 3303 :
1161 3252 1264 3303 Aut
1286 3267 1413 3305 cum
1432 3251 1683 3306 nondum
1704 3252 1847 3320 egis-

251 3349 379 3400 sent
406 3342 623 3414 aliquid
645 3341 773 3396 boni
804 3345 886 3395 vel
908 3340 1068 3403 mali,
1094 3354 1194 3409 pro
1216 3355 1322 3410 quo
1341 3340 1429 3393 hic
1450 3339 1671 3393 deberet
1693 3339 1844 3410 eligi,

253 3434 342 3488 hic
398 3430 699 3501 reprobari.
744 3429 872 3483 Ideo
916 3428 1230 3498 priusquam
1262 3435 1491 3499 agerent
1520 3429 1719 3483 bonum
1761 3427 1846 3482 vel

250 3522 478 3584 malum,
512 3520 727 3574 dictum
758 3522 842 3573 est
872 3522 937 3573 ut
958 3517 1329 3589 propositum,
1357 3517 1413 3571 id
1442 3525 1523 3571 est
1553 3517 1845 3587 praedesti-

250 3611 397 3665 natio
429 3610 530 3664 Dei
559 3623 667 3678 qua
698 3608 840 3661 hunc
888 3605 1148 3676 eligebat,
1210 3605 1435 3659 alterum
1495 3606 1842 3675 reprobabat,

246 3702 532 3763 maneret,
567 3696 621 3750 id
667 3703 750 3750 est
780 3710 1101 3765 permanere
1138 3698 1604 3764 comprobaretur,
1638 3711 1846 3751 secun-

249 3790 386 3843 dum
416 3788 753 3842 electionem
786 3784 916 3854 Dei,
939 3800 1059 3854 quze
1089 3783 1283 3839 electio
1314 3800 1428 3838 non
1460 3792 1573 3838 erat
1601 3784 1739 3839 facta
1773 3803 1846 3841 ex

247 3878 528 3949 aperibus,
560 3874 615 3928 id
644 3880 727 3927 est
756 3850 1051 3944 quia‘bene
1085 3873 1290 3945 egisset
1318 3873 1619 3936 Jacob,sed
1646 3873 1846 3927 solum-

248 3965 415 4019 modo
448 3980 522 4019 θα)
564 3966 818 4027 vocante,
845 3961 897 4015 id
928 3969 1009 4015 est
1026 3978 1089 4015 ex
1110 3961 1285 4033 gratia
1305 3969 1358 4016 et
1384 3960 1722 4032 beneplacito
1745 3978 1845 4018 vo-

250 4053 422 4110 cantis
454 4052 579 4107 Dei.

320 4144 436 4197 Hoc
460 4140 647 4210 utique
672 4139 873 4195 dictum
905 4146 987 4193 est
1020 4138 1168 4209 quia,
1201 4137 1255 4192 id
1273 4146 1354 4193 est
1376 4139 1508 4210 quia
1530 4141 1712 4211 major
1730 4156 1845 4194 ser—

248 4234 360 4288 viet
427 4231 659 4285 minori.
709 4230 832 4283 Non
865 4228 987 4283 ideo
1036 4228 1228 4282 dicitur
1259 4226 1487 4292 servire,
1529 4229 1672 4298 quod
1702 4229 1845 4282 Esau

251 4320 550 4391 aliquando
581 4317 831 4373 servierit
859 4317 1043 4384 Jacob,
1064 4317 1160 4371 sed
1191 4316 1513 4386 plerumque
1535 4316 1844 4371 dominatus

1957 412 2209 465 ostendat
2240 428 2476 483 sequens
2506 414 2757 468 meritum
2806 415 2970 468 Jacob
3001 413 3334 470 insufﬁciens
3365 414 3552 479 fuisse,

1958 507 2011 553 et
2041 499 2261 569 penitus
2321 518 2419 571 per
2449 518 2507 556 se
2568 503 2853 575 indignum
2911 502 3078 558 fuisse
3126 504 3302 574 gratia
3330 504 3470 571 Dei;
3503 512 3556 560 et

1957 587 2082 641 ideo
2109 597 2365 643 constare
2396 591 2541 661 quod
2566 608 2664 661 per
2693 591 3123 646 misericordiam
3145 591 3351 647 electus
3381 593 3467 657 sit,
3495 600 3555 647 ut

1959 676 2121 731 etiam
2155 679 2467 734 ostenderet
2505 680 2651 750 quod
2682 681 2829 733 Esau
2854 680 2997 748 juste
3028 689 3228 753 negata
3262 680 3328 735 sit
3358 681 3551 753 gratia,

1958 765 2087 835 quia
2113 782 2221 820 non
2255 776 2401 821 esset
2449 776 2846 838 cooperaturus
2890 769 3105 840 gratiae.
3148 768 3424 837 Quazritur
3453 786 3552 825 cur

1956 854 2127 909 Jacob
2160 855 2366 910 electus
2408 856 2494 923 sit,
2533 865 2584 910 et
2614 859 2756 911 Esau
2779 859 3099 928 reprobatus
3132 876 3145 911 :
3179 875 3299 913 cum
3329 859 3385 912 in
3414 876 3554 914 ncu-

1962 951 2041 997 tro
2072 944 2325 999 meritum
2384 945 2509 999 boni
2558 946 2642 1000 vel
2674 946 2804 999 mali
2838 946 3200 1016 praecesserit,
3236 964 3358 1017 qua:
3393 963 3559 1002 causa

1958 1030 2118 1085 fuerit
2153 1032 2433 1088 electionis
2462 1033 2641 1100 unius,
2666 1042 2719 1089 et
2749 1035 3148 1104 reprobationis
3178 1035 3443 1090 alterius?
3474 1036 3558 1091 Ad

1958 1121 2063 1175 hoc
2093 1122 2479 1191 respondetur,
2512 1123 2680 1177 Jacob
2703 1124 2933 1178 electum
2964 1139 3086 1178 esse
3115 1140 3216 1193 per
3242 1124 3559 1179 misericor-

1959 1209 2102 1263 diam
2129 1230 2140 1275 ;
2167 1210 2313 1264 Esau
2362 1211 2711 1282 reprobatum
2761 1213 3062 1267 secundum
3090 1213 3370 1280 justitiam.
3404 1214 3557 1269 Deus

1959 1298 2123 1366 enim,
2156 1315 2279 1354 cum
2307 1300 2537 1369 primum
2561 1300 2765 1354 creavit
2794 1300 3089 1365 hominem,
3111 1301 3395 1373 multiplici
3429 1318 3554 1357 eum

1957 1387 2237 1459 insignivit
2266 1389 2442 1459 gratia
2477 1407 2490 1443 :
2520 1405 2682 1460 quam
2712 1389 2837 1460 quia
2866 1391 3147 1460 peccando
3178 1406 3209 1444 a
3242 1407 3299 1445 se
3326 1391 3550 1461 repulit,

1958 1475 2241 1548 indignum
2270 1493 2329 1531 se
2371 1477 2498 1533 fecit
2547 1478 2722 1547 gratia
2752 1478 2870 1541 Dei,
2919 1486 2972 1532 et
3004 1478 3199 1533 exinde
3236 1480 3384 1534 Deus
3417 1479 3552 1534 nihil

1959 1564 2165 1619 homini
2220 1565 2437 1631 debuit,
2507 1567 2691 1637 sicque
2742 1582 2852 1620 non
2910 1575 2992 1621 est
3047 1566 3295 1622 relictum
3344 1568 3551 1623 homini

1958 1654 2101 1708 unde
2154 1654 2297 1722 juste
2358 1663 2542 1726 posset
2601 1655 2880 1727 conqueri,
2916 1655 2961 1709 si
3007 1656 3316 1711 destituitur
3372 1657 3552 1728 gratia

1954 1743 2074 1797 Dei.
3432 1751 3437 1757 '

2023 1831 2161 1900 Quia
2193 1830 2239 1885 si
2266 1830 2462 1885 iterum
2493 1830 2775 1902 quaeritur,
2809 1845 2931 1885 cum
2971 1836 3197 1900 uterque
3229 1846 3295 1883 ex
3335 1830 3546 1898 justitia

1951 1928 2174 1991 propter
2219 1918 2488 1990 originale
2527 1928 2711 1989 posset
2758 1918 3063 1989 reprobari,
3096 1917 3336 1989 nihilque
3366 1918 3545 1974 meriti

1952 2009 2005 2062 in
2037 2008 2303 2063 ambobus
2334 2016 2607 2077 repertum
2638 2008 2727 2073 sit,
2775 2022 2875 2078 pro
2922 2022 3028 2077 quo
3057 2005 3180 2060 huic
3210 2005 3287 2060 sic
3318 2006 3440 2060 data
3476 2006 3542 2061 sit

1952 2097 2150 2169 gratia,
2186 2096 2313 2150 huic
2343 2104 2577 2167 negata;
2614 2112 2780 2167 quare
2808 2094 2983 2167 magis
3028 2094 3197 2149 Jacob
3242 2094 3445 2150 electus
3471 2095 3540 2150 sit

1951 2203 2115 2258 quam
2150 2187 2295 2240 Esau
2315 2186 2342 2238 ‘P
2400 2186 2483 2240 Ad
2515 2187 2620 2241 hoc
2652 2185 3016 2256 respondetur
3044 2184 3170 2255 quia
3201 2185 3346 2238 Deus
3375 2185 3541 2240 Jacob

1952 2276 2205 2330 idoneum
2236 2282 2287 2329 et
2342 2283 2755 2344 cooperaturum
2804 2273 2992 2346 gratia:-
3039 2272 3337 2343 praescivit;
3396 2274 3541 2328 Esau

1952 2381 2084 2420 vero
2132 2380 2237 2419 non
2296 2364 2569 2428 idoneum,
2606 2363 2729 2433 quia
2786 2378 2893 2416 non
2922 2370 3336 2432 c00peraturum
3369 2378 3381 2417 :
3416 2362 3539 2418 ideo

1952 2454 2043 2507 uni
2075 2452 2505 2507 misericorditer
2535 2451 2736 2515 tribuit,
2772 2451 2917 2521 quod
2948 2450 3015 2505 ab
3046 2450 3218 2505 altero
3241 2451 3384 2519 juste
3413 2468 3539 2521 pro-

1952 2551 2074 2614 pter
2105 2540 2369 2614 originale
2398 2540 2669 2604 alienavit,
2704 2540 2849 2611 quod
2906 2539 3037 2593 satis
3087 2548 3275 2610 aperte
3311 2539 3365 2593 in
3403 2540 3538 2595 Juda

1955 2630 2354 2695 consideratur,
2390 2646 2551 2701 quem
2581 2629 2707 2685 licet
2736 2630 2881 2683 Deus
2916 2645 3017 2699 pro
3054 2636 3205 2684 certo
3233 2628 3536 2698 periturum

1952 2727 2329 2793 cognosceret,
2366 2718 2608 2789 permisit
2637 2726 2817 2773 tamen
2865 2718 2941 2771 illi
2980 2717 3208 2789 gratiam
3238 2717 3535 2774 miraculo-

1952 2825 2089 2873 rum,
2112 2815 2169 2861 ut
2199 2807 2320 2861 aliis
2348 2806 2631 2877 apostolis,
2656 2822 2779 2861 cum
2804 2807 2917 2875 jam
2946 2805 3031 2860 fur
3060 2813 3223 2870 esset,
3246 2813 3297 2860 et
3324 2805 3534 2861 loculos

1952 2897 2193 2951 haberet.
2218 2896 2339 2950 Non
2370 2904 2548 2949 tamen
2579 2895 2701 2949 ideo
2733 2894 2862 2965 quin
2884 2894 3048 2949 sciret
3077 2893 3230 2948 illum
3258 2894 3536 2951 irrevoca-

1953 2986 2119 3039 bilem
2146 3001 2179 3039 a
2207 2984 2366 3051 malo,
2402 2984 2497 3037 sed
2528 2991 2584 3037 ut
2633 2983 3013 3053 comprobaret
3054 2982 3211 3037 nobis
3243 2999 3339 3054 per
3369 2984 3530 3050 hunc,

1943 3075 2087 3143 juste
2120 3090 2179 3128 se
2208 3072 2533 3145 quibusdam
2564 3088 2781 3126 omnem
2812 3087 3017 3142 negare
3051 3071 3295 3143 gratiam,
3322 3079 3378 3125 ut
3406 3088 3539 3142 pue-

1949 3163 2023 3217 ris
2054 3163 2234 3216 statim
2266 3162 2384 3216 siue
2428 3161 2702 3232 baptismo
2732 3160 3087 3215 morientibus
3120 3176 3131 3213 :
3168 3160 3361 3232 quibus
3410 3161 3533 3216 ideo

1949 3267 2166 3306 omnem
2197 3250 2427 3323 gratiam
2449 3250 2703 3320 denegat,
2741 3251 2865 3320 quia
2895 3249 2941 3303 si
2999 3258 3210 3319 tempus
3264 3250 3530 3305 haberent

1949 3339 2228 3410 operandi,
2262 3346 2314 3393 et
2344 3337 2517 3408 gratia
2547 3338 2625 3392 eis
2688 3353 2952 3392 concessa
2982 3344 3146 3403 esset,
3179 3338 3531 3394 abuterentur

1950 3445 2030 3498 ea,
2064 3436 2112 3482 et
2136 3428 2214 3483 sic
2241 3443 2338 3497 pro
2369 3427 2542 3498 gratia
2588 3426 2751 3496 longe
2809 3426 3031 3497 gravius
3061 3426 3413 3496 punirentur;
3448 3427 3534 3482 cui

1949 3518 1993 3572 si
2015 3523 2452 3587 cooperarentur,
2486 3514 2840 3569 salvarentur.
2901 3516 2967 3570 Ut
2996 3523 3175 3569 autem
3230 3516 3332 3570 hoc
3388 3516 3535 3569 Deus

1948 3615 2133 3661 notum
2162 3605 2384 3670 faceret,
2416 3604 2565 3659 dedit
2596 3603 2915 3676 quihusdam
2946 3603 3206 3674 gratiam,
3240 3604 3307 3657 de
3337 3602 3531 3675 quibus

1948 3712 2057 3751 non
2086 3694 2370 3749 hmsitabat
2390 3694 2520 3765 quin
2550 3693 2898 3748 abuterentur
2926 3708 3006 3759 ea,
3040 3691 3139 3746 sed
3168 3700 3223 3746 ut
3245 3692 3408 3747 etiam
3429 3708 3533 3763 pa-

1947 3786 2050 3839 lam
2084 3784 2256 3840 oculis
2288 3783 2637 3847 haberemus,
2669 3784 2809 3851 juste
2869 3782 3194 3853 quibusdam
3224 3798 3443 3836 omnem
3474 3797 3534 3836 se

1949 3875 2220 3946 denegare
2252 3873 2508 3944 gratiam.
2544 3872 2741 3926 Iterum
2772 3871 2917 3925 aliud
2952 3888 2964 3926 :
2999 3872 3134 3925 Cum
3176 3871 3324 3925 Deus
3356 3870 3540 3926 omnia

1948 3962 2173 4027 creavit,
2206 3962 2451 4033 quaedam
2484 3961 2810 4025 necessaria,
2848 3967 2904 4014 ut
2936 3967 3111 4014 ortum
3163 3958 3293 4014 solis
3332 3968 3385 4014 et
3433 3959 3539 4013 hu-

1943 4050 2183 4120 jusmodi
2210 4069 2223 4115 ;
2257 4050 2506 4121 quazdam
2537 4048 2837 4103 voluntaria
2866 4057 2922 4102 ut
2969 4048 3245 4103 hominem
3271 4057 3322 4102 et
3362 4064 3539 4120 ange-

1946 4140 2057 4193 lum
2088 4138 2387 4195 constituit.
2429 4139 2577 4192 Deus
2606 4146 2786 4191 autem
2820 4138 2898 4192 sic
2915 4154 3078 4192 unum
3102 4154 3199 4207 per
3218 4137 3539 4193 misericor-

1948 4229 2091 4283 diam
2122 4228 2293 4300 eligit,
2337 4227 2493 4281 sicuti
2522 4227 2751 4281 alterum
2790 4243 2889 4295 per
2931 4226 3190 4294 justitiam
3246 4227 3534 4297 reprobat:

1946 4326 2003 4371 ut
2026 4324 2201 4371 tamen
2232 4315 2591 4372 voluntariam
2612 4314 2924 4371 facultatem
2949 4314 3001 4369 in
3028 4314 3105 4369 eis
3127 4331 3235 4369 non
3254 4316 3530 4372 destruat:

250 4410 319 4463 sit
351 4409 418 4472 ei,
455 4416 512 4461 ut
544 4407 635 4478 qui
658 4406 852 4461 fortior
883 4414 1001 4460 erat
1028 4406 1079 4459 iu
1112 4414 1279 4459 terra.
1314 4406 1379 4458 Et
1420 4405 1545 4460 ideo
1578 4404 1655 4460 sic
1686 4406 1841 4459 iutel-
1862 4399 1913 4457 D
1945 4406 2072 4477 quia
2101 4405 2201 4459 etsi
2231 4404 2431 4459 multos
2480 4403 2534 4458 in
2589 4405 2691 4458 hoc
2749 4402 2947 4458 sarculo
2980 4412 3198 4458 sanctos
3247 4404 3531 4475 multiplici

251 4497 534 4567 ligendum
566 4503 647 4550 est
669 4510 681 4548 :
703 4496 874 4565 Major
899 4495 1121 4559 serviet,
1141 4493 1197 4547 id
1218 4501 1300 4547 est
1318 4493 1463 4547 utilis
1489 4493 1592 4548 erit
1611 4495 1843 4550 minori.

249 4586 469 4655 Quanto
500 4585 644 4639 enim
666 4584 813 4638 Esau
834 4583 1009 4654 magis
1031 4582 1463 4653 persequebatur
1481 4582 1671 4648 Jacob,
1698 4590 1845 4637 tanto

248 4675 424 4744 magis
454 4674 703 4728 meritum
730 4672 887 4727 54
908 4672 1180 4741 patientia:
1202 4671 1549 4727 accrescebat
1568 4671 1794 4741 patienti
1829 4690 1841 4725 :

252 4773 302 4819 et
320 4764 394 4817 ita
423 4762 627 4817 dictum
657 4769 740 4816 est
787 4760 841 4814 in
871 4761 1072 4815 Genesi
1108 4775 1120 4813 :
1155 4762 1326 4831 Major
1370 4763 1577 4815 serviet
1634 4761 1845 4815 minori

248 4854 406 4922 (Gen.
436 4850 708 4920 xxv,23).
742 4851 856 4905 Hoc
886 4858 1062 4904 autem
1094 4849 1297 4904 dictum
1328 4857 1411 4904 est
1432 4849 1715 4911 Rebecczn,
1746 4866 1843 4903 an-

248 4950 468 5012 tequam
514 4938 673 5011 pueri
730 4947 1099 5003 nascerentur,
1144 4938 1290 5009 quod
1321 4938 1521 4993 dictum
1569 4947 1651 4993 est
1708 4939 1841 4994 sicut

250 5031 518 5101 scriptum
557 5036 639 5083 est
669 5044 767 5099 per
826 5026 1141 5082 Malaehiam
1174 5028 1242 5081 de
1290 5028 1497 5082 eisdem
1528 5027 1690 5099 longe
1722 5035 1841 5098 post

248 5136 441 5175 eorum
494 5118 804 5172 decessum.
867 5118 981 5172 Hoc
1037 5116 1220 5187 utique
1278 5116 1540 5187 scriptum
1570 5125 1652 5171 est
1684 5118 1842 5189 :Ego

245 5209 431 5264 dilexi
487 5207 651 5263 Jacob
685 5207 904 5273 (Malac.
964 5221 1002 5270 ι,
1050 5206 1126 5275 2),
1164 5212 1215 5259 et
1272 5221 1372 5275 pro
1422 5206 1524 5259 hoc
1568 5205 1841 5275 prarcipue

248 5298 393 5370 elegi
422 5313 567 5351 eum.
600 5298 753 5350 Esau
783 5299 974 5350 autem
1003 5294 1126 5366 quia
1156 5295 1277 5350 odio
1303 5294 1491 5359 habui,
1527 5293 1836 5364 reprobavi.

246 5386 448 5442 Odium
482 5385 625 5440 enim
663 5383 763 5438 Dei
793 5383 921 5437 nihil
952 5383 1095 5438 aliud
1135 5391 1235 5448 est,
1273 5398 1436 5454 quam
1468 5400 1531 5437 ex
1589 5382 1839 5453 aequitate

242 5475 477 5548 gratiam
500 5473 838 5527 subtrahere.
855 5472 1251 5527 Convenienter
1268 5472 1407 5528 sicut
1424 5472 1492 5527 de
1513 5472 1840 5543 prmcedenti

243 5562 618 5621 testimonium
648 5561 849 5633 posuit,
871 5568 927 5614 ut
952 5561 1302 5632 praecessisse
1328 5561 1514 5616 merita
1534 5577 1719 5617 eorum
1739 5578 1837 5616 ex-

1946 4494 2174 4549 munivit
2204 4493 2393 4564 gratia,
2425 4508 2533 4547 non
2560 4501 2737 4547 tamen
2778 4492 2958 4564 coegit
2989 4508 3083 4547 eos
3110 4501 3169 4546 ut
3199 4509 3264 4547 ex
3292 4494 3535 4548 necessi-

1946 4591 2051 4638 tate
2082 4583 2283 4637 bonum
2315 4591 2559 4653 agerent,
2595 4598 2695 4637 nec
2716 4582 2784 4639 ad
2812 4582 3013 4636 malum
3046 4581 3091 4635 si
3130 4581 3331 4637 vellent
3360 4581 3535 4637 decli-

1946 4688 2078 4727 nare
2108 4679 2351 4743 possent,
2387 4672 2486 4727 sed
2542 4670 2750 4739 adjuvit
2806 4686 2904 4741 per
2960 4670 3370 4742 gratiam,quia
3400 4670 3535 4725 vidit

1946 4778 2041 4817 eos
2070 4761 2261 4832 gratim
2322 4768 2731 4831 c00peraturos.
2783 4759 3107 4815 Econtrario
3137 4775 3247 4813 non
3278 4760 3353 4814 ita
3383 4759 3537 4815 Juda:

1946 4850 2210 4905 subtraxit
2247 4849 2501 4920 gratiam,
2532 4856 2610 4916 ut,
2670 4850 2842 4920 gratia
2900 4849 3189 4913 subtracta,
3225 4849 3533 4919 impelleret

1945 4957 2085 5005 eum,
2119 4939 2280 4994 vellet
2312 4939 2497 5005 nollet,
2539 4937 2755 5008 operari
2811 4937 3171 5009 iniquitatem,
3207 4938 3305 4993 sed
3344 4947 3401 4993 ut
3429 4955 3532 5010 ap-

1943 5036 2155 5099 pareret
2174 5027 2304 5099 quid
2333 5043 2433 5098 per
2461 5043 2521 5081 se
2548 5035 2734 5097 posset
2763 5026 3036 5098 iniquitas.
3073 5026 3129 5081 Si
3161 5027 3306 5082 enim
3357 5028 3538 5100 gratia

1943 5118 2066 5172 data
2094 5117 2181 5172 vel
2208 5124 2407 5188 negata
2436 5115 2770 5186 compellens
2798 5124 2941 5171 esset
2971 5131 3036 5171 ac
3057 5116 3390 5182 necessaria,
3420 5118 3530 5185 jam

1943 5223 2046 5262 non
2080 5214 2223 5261 esset
2258 5205 2498 5260 relictum
2528 5204 2732 5259 homini
2787 5205 3040 5260 meritum
3093 5206 3407 5260 salvationis
3444 5206 3531 5260 vel

1942 5294 2324 5350 damnationis.
2350 5294 2800 5365 Quandoquidem
2822 5295 2992 5350 Jacob
3023 5295 3172 5349 nullo
3196 5294 3386 5349 merito
3401 5310 3535 5365 prte-

1943 5386 2170 5440 cedente
2200 5384 2433 5455 cligitur,
2469 5384 2611 5437 Esau
2636 5383 2881 5438 similiter
2909 5383 3027 5437 sine
3057 5383 3249 5438 merito
3270 5383 3534 5453 reproba-

1942 5482 2047 5540 tur,
2072 5492 2195 5546 ergo
2227 5473 2359 5546 quid
2376 5474 2669 5528 dicemus?
2700 5474 2962 5544 Nunquid
2982 5473 3254 5545 iniquitas
3278 5476 3360 5527 est
3383 5475 3537 5545 apud

1942 5566 2115 5619 Deum
2144 5567 2165 5619 :7
2193 5562 2283 5635 qui
2312 5562 2477 5617 Jacob
2498 5561 2708 5632 eligens
2740 5561 2855 5616 siue
2884 5561 3094 5627 merito,
3117 5562 3257 5616 Esau
3285 5563 3537 5634 reprobat
