3960 6036
393 195 460 247 83

907 190 963 245 S.
1000 186 1353 245 BRUNONIS
1393 183 2048 243 CARTHUSIANORUM
2100 182 2588 240 INSTITUTORIS
2641 183 2792 241 OPP.
2854 186 3029 243 PARS
3084 188 3159 241 ll.

3621 191 3692 245 84

397 313 647 371 similiter
675 314 792 370 sine
820 312 1014 369 merito
1034 312 1062 367 ?
1093 312 1279 367 Absit!
1309 312 1414 367 hoc
1444 318 1503 366 ut
1530 317 1826 381 propterea
1841 309 1990 364 Deus
2012 311 2068 371 Α
2096 307 2332 374 indurat,
2356 307 2571 363 videtur
2596 323 2704 364 non
2725 309 2865 365 velle
2893 325 2996 366 nos
3026 310 3167 367 bene
3195 326 3380 382 agere,
3415 313 3569 382 cujus
3598 329 3697 370 vo-

400 405 608 461 dicatur
635 419 759 459 esse
786 401 1005 475 iniquus
1031 400 1042 456 l
1079 402 1222 458 Vere
1250 400 1304 454 in
1338 399 1606 456 electione
1631 398 1801 454 Jacob
1825 404 1878 453 et
1905 412 1993 452 re-

397 493 716 565 probatione
752 493 903 547 Esau
932 506 1043 545 non
1090 497 1174 544 est
1224 488 1441 561 iniquus
1496 490 1662 553 Deus,
1696 486 1820 558 quia
1850 486 1995 541 hunc

395 582 649 654 eligendo
676 579 989 635 misericors
1008 586 1110 646 est,
1143 578 1286 633 hunc
1306 575 1654 647 reprobando
1677 576 1858 644 justus
1888 581 1990 629 est.

397 672 478 726 De
500 669 702 739 justitia
732 667 979 739 sequitur
1003 666 1249 731 inferius,
1285 665 1377 719 ubi
1406 665 1477 719 de
1510 664 1795 718 Pharaone
1854 662 1993 717 sub-

397 759 493 826 dit,
566 758 761 829 probat
825 757 894 811 de
953 754 1333 811 misericordia
1403 753 1637 808 dicens:
1674 753 1809 807 Vere
1868 750 1993 822 quia

399 846 564 919 elegit
591 846 761 902 Jacob
801 861 913 901 non
968 851 1051 899 est
1081 842 1282 914 inquus
1302 884 1316 907 ,
1350 850 1433 896 est
1463 841 1610 896 enim
1654 839 1987 895 misericors.

471 935 626 991 55
663 935 833 1007 Moysi
861 933 1016 990 enim
1044 932 1199 987 dixit
1220 932 1367 987 Deus
1391 929 1589 999 (Exod.
1615 943 1823 993 χχχιιι,
1859 930 1947 998 19)
1975 945 1988 982 :

396 1025 530 1094 Ejus
554 1026 717 1096 cujus
746 1025 1017 1079 misereor
1063 1020 1118 1075 in
1174 1018 1539 1091 praascientia,
1589 1018 1892 1074 miserebor
1935 1017 1992 1071 in

392 1111 798 1183 justiﬁcatione.
845 1113 916 1168 Et
963 1112 1125 1180 cuius
1169 1108 1474 1164 miserebor
1502 1107 1558 1161 in
1582 1103 1985 1176 justiticatione,

396 1203 488 1257 illi
504 1201 781 1274 praestabo
811 1198 1260 1254 misericordiam
1300 1196 1356 1250 in
1378 1195 1692 1251 salvatione.
1728 1193 1825 1249 Hic
1859 1193 1990 1248 satis

395 1289 632 1345 ostendit
659 1288 843 1345 omnia
874 1303 997 1343 esse
1026 1303 1094 1341 ex
1122 1284 1515 1349 misericordia,
1552 1284 1675 1355 quia
1695 1282 1990 1353 praescien-

392 1378 486 1444 tia,
514 1376 848 1447 justiticatio,
883 1374 1127 1440 salvatio,
1162 1374 1347 1429 omnia
1378 1373 1552 1427 ﬂuunt
1582 1387 1615 1427 a
1653 1370 1802 1426 fonte
1830 1370 1990 1425 mise-

393 1466 665 1523 ricordiae.
695 1463 1148 1536 Quandoquidem
1169 1462 1355 1518 omnia
1383 1461 1545 1533 (sicut
1574 1467 1853 1515 ostensum
1883 1461 1988 1530 est)

395 1556 529 1611 fiunt
548 1571 649 1627 per
663 1552 1093 1610 misericordiam
1122 1551 1242 1607 Dei.
1276 1552 1456 1623 Igitur
1484 1549 1624 1606 velle
1641 1550 1843 1604 bonum
1872 1565 1989 1604 non

2095 395 2359 451 luntatem
2388 397 2724 468 impossibile
2750 406 2833 453 est
2860 399 3075 453 mutari.
3138 400 3333 455 Paulus
3369 401 3486 457 haec
3514 402 3695 457 omnia

2094 485 2219 540 ideo
2248 485 2394 550 dicit,
2429 486 2557 557 quia
2586 486 2804 541 videbat
2833 487 3109 542 Romanos
3129 488 3184 542 in
3214 489 3475 559 sapientia
3506 491 3697 546 mundi

2095 572 2321 628 nimium
2351 573 2591 644 gloriari,
2625 582 2677 630 et
2706 576 2776 630 ad
2805 576 3117 645 hujusmodi
3164 578 3491 649 quaastiones
3529 596 3690 650 supra

2094 663 2318 717 modum
2374 662 2626 719 insistere
2660 678 2672 717 :
2705 664 2829 719 ideo
2858 672 2917 719 ut
2943 665 3123 737 magis
3152 666 3414 736 reprimat
3441 682 3556 737 eos,
3608 668 3693 745 sic

2093 757 2265 805 totum
2309 750 2552 805 attribuit
2580 752 2771 824 gratiae
2800 753 2920 820 Dei,
2953 762 3009 808 ut
3038 754 3171 809 nihil
3226 755 3473 811 videatur
3524 756 3693 811 relin-

2094 854 2260 910 quere
2305 838 2542 893 libertati
2572 840 2795 895 arbitrii.
2844 840 3003 910 Quod
3032 851 3212 897 tamen
3241 844 3374 898 satis
3402 846 3691 901 commode

2092 926 2431 999 intelligitur,
2456 927 2580 999 quia
2596 944 2697 984 nec
2709 929 2890 999 ipsum
2917 930 3128 985 initium
3149 932 3352 987 bonum
3372 933 3592 989 volendi
3621 950 3689 989 ex

2092 1014 2249 1070 nobis
2269 1016 2443 1070 solum
2472 1032 2594 1072 esse
2614 1025 2813 1088 potest,
2848 1019 2895 1073 si
2922 1035 3032 1074 non
3062 1020 3287 1091 inspiret
3315 1022 3494 1093 gratia
3551 1022 3677 1078 Dei.

2092 1103 2246 1158 Unde
2299 1104 2378 1160 sic
2408 1104 2481 1159 ait
2514 1120 2526 1159 :
2557 1106 2637 1160 Tu
2666 1106 2801 1161 dicis
2820 1107 2954 1162 mihi
2980 1109 3112 1181 quid
3146 1109 3328 1166 adhuc
3351 1113 3625 1183 quaeritur
3651 1127 3689 1167 a

2092 1192 2270 1260 nobis,
2305 1193 2403 1248 sed
2423 1209 2452 1249 ο
2477 1201 2552 1260 tu,
2587 1194 2747 1251 homo
2779 1196 3065 1252 adharens
3093 1198 3411 1253 humanitati
3436 1217 3449 1254 :
3477 1203 3540 1255 tu
3564 1202 3687 1271 quis

2091 1296 2149 1335 es
2175 1282 2269 1352 qui
2290 1283 2626 1353 respondeas
2654 1285 2783 1352 Deo,
2816 1284 2872 1339 id
2901 1293 2987 1339 est
3015 1285 3107 1357 qui
3136 1286 3181 1340 si
3202 1288 3347 1343 Deus
3367 1288 3688 1359 mysterium

2089 1368 2249 1437 hujus
2269 1369 2349 1423 rei
2370 1369 2465 1423 tibi
2487 1372 2842 1441 enarraverit,
2874 1372 3148 1446 intelligas
3170 1374 3339 1429 illud?
3360 1376 3455 1431 Vel
3480 1380 3543 1431 tu
3562 1379 3686 1449 quis

2090 1473 2148 1512 es
2165 1459 2260 1529 qui
2280 1458 2637 1531 respondeas,
2669 1460 2726 1514 id
2755 1468 2839 1515 est
2879 1462 2972 1533 qui
3010 1462 3193 1535 litiges
3221 1470 3271 1518 et
3290 1464 3531 1535 disputes
3561 1481 3683 1521 cum

2090 1547 2199 1603 Deo
2228 1546 2297 1601 de
2317 1547 2583 1617 mysterio
2602 1549 2762 1617 hujus
2783 1550 2905 1605 rei?
2930 1551 3053 1606 Non
3072 1552 3242 1607 habes
3263 1569 3427 1623 super
3445 1555 3549 1610 hoc
3565 1570 3682 1610 res-

397 1652 482 1701 est
510 1644 771 1710 volentis,
804 1650 863 1697 ut
890 1641 1191 1697 ascribatur
1216 1640 1284 1696 ei.
1309 1641 1493 1712 Neque
1513 1654 1728 1694 currere
1760 1642 1991 1694 estcur—
2009 1671 2062 1731 Β
2090 1634 2334 1705 pondere
2364 1637 2480 1691 Deo
2501 1678 2513 1702 ,
2550 1636 2689 1693 sicut
2716 1653 2820 1693 nec
2848 1654 2986 1710 Opus
3014 1638 3167 1710 figuli
3196 1641 3355 1696 habet
3383 1642 3453 1697 de
3482 1641 3685 1699 factura

393 1734 597 1800 rentis,
632 1732 687 1787 id
717 1739 798 1787 est
831 1728 1051 1801 operari
1081 1744 1191 1784 non
1247 1736 1331 1783 est
1362 1727 1662 1799 operantis,
1694 1726 1790 1782 sed
1818 1728 1990 1793 mise-

393 1822 574 1878 rentis
601 1828 685 1876 est
712 1821 831 1876 Dei.
862 1819 1057 1890 Neque
1086 1817 1228 1873 velle
1258 1832 1438 1889 neque
1466 1815 1651 1873 facere
1682 1815 1885 1870 bonum
1899 1830 1994 1887 po-

393 1918 500 1967 test
528 1910 711 1976 homo,
743 1907 849 1963 nisi
894 1905 1272 1962 misericordia
1302 1905 1403 1960 Dei
1430 1921 1531 1976 per
1560 1904 1819 1976 Spiritum
1857 1919 1991 1959 san-

394 2008 542 2056 ctum
571 2005 824 2070 operetur
844 1997 901 2051 in
919 2012 1004 2051 eo.
1030 1996 1174 2050 Vere
1196 1996 1521 2050 miserentis
1542 1993 1644 2050 Dei
1667 1997 1751 2049 est
1775 1992 1916 2048 velle
1939 1999 1993 2047 et

394 2086 681 2160 perﬁcere,
717 2085 846 2157 quia
873 2099 982 2139 non
1009 2083 1318 2138 miserentis
1341 2090 1421 2138 est
1444 2097 1623 2153 neque
1651 2080 1792 2137 velle
1811 2097 1991 2152 neque

395 2173 659 2248 perﬁcere
691 2174 819 2244 (hoc
874 2179 959 2227 est
994 2170 1320 2242 reprobare)
1352 2170 1497 2243 quod
1543 2177 1733 2240 aperte
1761 2169 1816 2224 in
1846 2170 1990 2224 Pha-

396 2279 564 2320 raone
594 2261 917 2319 ostenditur.
950 2261 1105 2318 Dicit
1131 2262 1286 2316 enim
1306 2259 1602 2331 Scriptura
1622 2259 1909 2314 Pharaoni
1935 2258 1990 2313 in

393 2352 614 2409 Genesi.
647 2349 1051 2407 Convenienter
1080 2349 1148 2404 de
1179 2349 1462 2404 Pharaone
1491 2346 1715 2413 inducit,
1738 2346 1825 2403 cui
1843 2348 1990 2403 Deus

395 2444 538 2498 hanc
567 2440 800 2515 gratiam
829 2437 1113 2511 proposuit
1151 2452 1163 2492 :
1194 2444 1253 2491 ut
1282 2437 1328 2491 si
1351 2436 1510 2492 vellet
1540 2452 1640 2507 per
1684 2436 1990 2491 doctrinam

388 2531 564 2603 Moysi
592 2534 730 2585 bene
746 2544 912 2599 agere
936 2534 1125 2599 posset
1144 2525 1350 2598 (Exod.
1390 2540 1473 2592 rx,
1498 2525 1608 2595 t6).
1635 2525 1855 2580 Certum
1872 2524 1990 2597 qui-

388 2620 514 2676 dem
542 2620 691 2675 Deus
710 2617 943 2673 habebat
958 2617 1302 2671 Pharaonem
1321 2629 1598 2686 nunquam
1628 2613 1986 2684 paeniturum,

390 2709 488 2764 sed
516 2715 575 2763 ut
600 2707 656 2761 in
685 2721 751 2763 eo
779 2706 866 2761 cui
909 2704 1140 2776 gratiam
1162 2702 1422 2759 doctrina:
1469 2702 1759 2767 concessit,
1817 2718 1988 2774 eaque

389 2798 589 2853 abusus
619 2803 701 2852 est
730 2794 911 2867 plane,
946 2792 1109 2849 nobis
1139 2791 1453 2848 ostenderet
1478 2791 1712 2863 gratiam
1732 2792 1877 2861 juste
1899 2806 1991 2846 ne-

387 2894 567 2958 gatam
592 2885 740 2940 Esau
780 2882 1098 2955 priusquam
1130 2888 1451 2946 mereretur,
1483 2888 1533 2935 et
1580 2879 1834 2935 omnibus
1864 2879 1988 2950 qui-

387 2976 492 3031 bus
520 2974 592 3029 ita
623 2980 858 3045 negatur
888 2986 899 3025 :
932 2970 1061 3043 quia
1080 2968 1125 3025 si
1147 2971 1296 3025 Deus
1323 2970 1479 3024 daret
1507 2969 1760 3041 gratiam,
1792 2968 1988 3024 abute—

388 3072 577 3120 rentur
605 3078 688 3131 ea,
724 3069 778 3117 et
809 3061 935 3116 inde
992 3059 1215 3133 gravius
1266 3058 1587 3129 punirentur
1620 3074 1633 3111 :
1667 3057 1792 3112 ideo
1823 3057 1985 3112 etiam

388 3155 537 3208 Deus
564 3149 837 3207 Pharaoni
869 3149 1125 3205 doctores
1158 3146 1421 3213 adhibuit,
1446 3154 1503 3201 ut
1532 3146 1672 3201 mala
1692 3162 1812 3218 qua:
1830 3145 1983 3217 prius

351 3224 356 3229 ’
384 3242 440 3297 in
468 3240 564 3296 illo
592 3239 853 3306 latebant,
890 3237 1053 3293 modo
1072 3244 1262 3308 aperta
1291 3234 1515 3301 tierent;
1542 3236 1671 3291 dum
1692 3235 1808 3289 Deo
1829 3234 1885 3288 in
1904 3242 1983 3289 tot

384 3338 438 3385 et
494 3328 658 3383 tantis
711 3327 1012 3394 resisteret,
1069 3333 1123 3381 et
1170 3324 1446 3397 prOphetis
1476 3331 1526 3379 et
1558 3322 1835 3379 miraculis
1871 3338 1981 3378 non

385 3418 774 3492 acquiesceret.
828 3417 965 3482 Hoc,
1011 3414 1269 3486 inquam,
1321 3414 1621 3485 Scriptura
1657 3413 1799 3468 dicit
1825 3413 1980 3467 Pha-

382 3508 548 3565 raoni
568 3526 587 3563 :
608 3506 740 3580 quia
759 3506 823 3560 in
854 3503 954 3560 hoc
982 3505 1204 3576 ipsum;
1235 3503 1337 3557 hoc
1366 3501 1511 3573 quod
1532 3500 1587 3555 in
1618 3500 1820 3556 Genesi
1848 3514 1980 3556 con-

382 3596 621 3653 tinuatur
652 3613 666 3649 :
699 3597 764 3651 in
818 3593 918 3650 hoc
946 3595 1134 3665 ipsum
1191 3591 1246 3646 in
1295 3605 1402 3663 quo
1450 3598 1506 3644 tu
1537 3604 1676 3654 eras,
1709 3589 1762 3643 id
1794 3597 1897 3655 est,
1920 3597 1977 3644 tu

381 3686 581 3741 erasin
600 3684 763 3751 malo,
790 3682 887 3737 sed
908 3681 1173 3749 occultus,
1191 3688 1245 3735 et
1264 3680 1320 3733 in
1337 3680 1439 3734 hoc
1459 3677 1606 3733 malo
1628 3680 1877 3734 excitavi
1899 3681 1972 3746 te,

379 3772 751 3829 subtrahendo
771 3769 1005 3843 gratiam
1034 3776 1093 3823 ut
1123 3783 1424 3839 appareres
1452 3766 1628 3821 malus
1659 3766 1797 3822 sicut
1830 3782 1972 3822 eras.

378 3863 509 3918 Ideo
538 3861 723 3932 utique
753 3864 821 3916 ut
871 3858 1167 3916 ostendam
1196 3859 1259 3914 in
1293 3860 1347 3912 te
1391 3857 1663 3912 virtutem
1681 3871 1887 3924 meam,
1918 3855 1976 3911 id

377 3958 463 4008 est
491 3951 647 4024 signa
676 3947 1067 4004 miraculorum
1085 3989 1102 4013 ,
1138 3961 1260 4018 quas
1287 3959 1398 4000 non
1427 3944 1775 4007 ostenderem
1804 3944 1850 3999 si
1875 3959 1974 4001 ac-

378 4041 713 4113 quiesceres.
746 4038 877 4092 Ideo
907 4036 1069 4091 etiam
1100 4034 1418 4099 ostendam,
1453 4038 1519 4090 ut
1549 4050 1757 4090 nomen
1783 4049 1974 4090 meum

375 4144 578 4185 annun
588 4129 767 4184 tietur
782 4127 846 4181 in
859 4125 1124 4181 universa
1139 4128 1545 4195 terra,propter
1556 4122 1818 4179 miracula
1830 4121 1973 4179 facta

2010 3033 2056 3093 C

2091 1723 2176 1777 sui
2207 1724 2581 1781 contradicere
2612 1724 2808 1798 figulo,
2843 1735 2897 1783 et
2925 1737 3006 1783 est
3037 1737 3158 1799 apta
3191 1729 3523 1797 similitudo;
3557 1732 3685 1803 quia

2092 1812 2553 1883 quemadmodum
2580 1813 2782 1885 figulus
2811 1816 2880 1871 de
2911 1817 3050 1882 luto,
3085 1818 3163 1874 sic
3220 1819 3366 1874 Deus
3408 1820 3683 1876 hominem

2090 1900 2286 1971 lutum,
2310 1909 2362 1957 et
2392 1903 2540 1958 omni
2559 1904 2856 1974 pollutione
2883 1905 3144 1963 infectum
3172 1907 3394 1963 invenit.
3427 1910 3551 1965 Non
3580 1910 3680 1965 ha-

2091 1988 2190 2045 bes
2228 1990 2433 2062 utique,
2468 1991 2613 2063 quod
2666 1994 3004 2066 respondeas
3049 1998 3177 2052 Deo.

2162 2079 2429 2151 Nunquid
2460 2081 2605 2135 enim
2634 2081 2971 2152 ﬁgmentum
2998 2085 3138 2140 dicit
3169 2086 3221 2141 ei
3250 2087 3347 2158 qui
3376 2102 3433 2142 se
3462 2087 3641 2157 ﬁnxit
3662 2108 3683 2144 :

2093 2166 2236 2234 Quid
2263 2184 2352 2223 me
2381 2169 2461 2225 sic
2502 2171 2693 2239 fecisti
2720 2171 2888 2227 breve
2925 2172 3012 2227 vel
3048 2173 3301 2245 longum,
3334 2174 3566 2231 informe
3594 2177 3682 2232 vel

2090 2253 2381 2311 formatum
2402 2257 2430 2310 ?
2459 2259 2545 2312 An
2576 2274 2691 2314 non
2732 2259 2897 2315 habet
2941 2261 3147 2332 ﬁgulus
3177 2267 3521 2335 potestatem
3548 2266 3679 2330 luti,

2090 2344 2243 2412 cujus
2270 2352 2353 2399 est
2380 2344 2478 2399 luti
2508 2347 2777 2402 materia?
2806 2348 2897 2404 Sic
2926 2350 3074 2405 Deus
3104 2366 3201 2406 vos
3247 2367 3439 2407 omnes
3478 2353 3532 2407 in
3566 2353 3681 2409 luto

2091 2432 2401 2489 sordidatos
2428 2435 2683 2508 originali
2732 2437 2955 2507 reperit.
3006 2441 3093 2494 An
3123 2455 3239 2495 non
3287 2440 3473 2512 utique
3501 2446 3684 2514 potest

2089 2537 2163 2576 ea:
2190 2522 2384 2578 eadem
2400 2538 2607 2593 massa,
2632 2540 2753 2596 quae
2775 2533 2884 2583 tota
2903 2526 2959 2580 in
2981 2543 3039 2582 se
3058 2527 3339 2583 immunda
3358 2538 3459 2598 est,
3491 2533 3682 2601 facere

2089 2610 2251 2665 aliud
2296 2610 2453 2666 56
2493 2612 2717 2684 quidem
2746 2630 2842 2669 vas
2872 2616 2935 2669 in
2964 2617 3251 2684 honorem,
3276 2633 3383 2689 quo
3416 2618 3628 2672 bibatur
3658 2636 3673 2673 :

2089 2698 2250 2754 aliud
2280 2715 2405 2755 vero
2437 2702 2498 2755 in
2528 2704 2957 2767 contumeliam,
2980 2703 3036 2758 in
3066 2720 3174 2775 quo
3216 2706 3438 2761 sordida
3458 2705 3679 2762 familiae

2088 2795 2425 2862 reppnantur
2442 2788 2470 2843 7
2498 2790 2565 2843 Et
2594 2790 2732 2846 sicut
2760 2789 2959 2865 figulus
2978 2801 3293 2863 potestatem
3315 2795 3547 2849 habetin
3563 2796 3677 2851 luto

2087 2875 2194 2931 hoc
2215 2892 2313 2931 vas
2335 2875 2538 2943 facere,
2564 2879 2702 2934 sicut
2716 2880 2895 2951 placet
2914 2881 3252 2937 honorabile.
3287 2884 3400 2939 Hoc
3420 2884 3589 2949 aliud,
3611 2885 3679 2939 si-

2088 2966 2424 3020 cutmateria
2452 2967 2600 3023 vasis
2621 2977 2740 3023 erat
2785 2969 3083 3039 immunda,
3116 2971 3472 3028 immunditiae
3502 2973 3677 3029 desti-

2083 3068 2218 3108 nare
2248 3054 2363 3110 :sic
2384 3055 2530 3109 Deus
2561 3071 2778 3112 omnem
2817 3074 3059 3113 massam
3091 3060 3341 3114 hominis‘
3362 3070 3675 3133 corruptam

2082 3149 2302 3212 pmpter
2336 3143 2604 3216 originale
2642 3146 2944 3214 inveniens,
2970 3148 3016 3201 si
3042 3156 3255 3219 partem
3288 3150 3446 3219 hujus
3480 3167 3679 3206 massas

2082 3231 2361 3289 munditiae
2381 3232 2636 3303 destinat,
2655 3235 3044 3292 misericordia:
3060 3246 3143 3292 est
3167 3256 3180 3292 :
3200 3239 3345 3310 quod
3361 3254 3492 3294 vero
3510 3239 3675 3295 aliam

2080 3321 2370 3390 partemin
2399 3320 2741 3379 immunditia
2788 3325 3110 3381 sordescere
3130 3327 3353 3393 deserit,
3408 3328 3676 3400 aequitatis

2080 3416 2164 3463 est
2196 3427 2209 3462 :
2244 3419 2296 3465 et
2325 3418 2517 3466 contra
2546 3412 2857 3483 aequitatem
2912 3414 3218 3471 reclamare
3258 3415 3519 3484 injustum
3569 3425 3672 3487 est,

2079 3497 2216 3553 sicut
2244 3507 2522 3554 ostensum
2554 3508 2655 3555 est.
2690 3501 2747 3555 Si
2782 3502 2915 3557 illud
2944 3504 3089 3575 quod
3118 3513 3341 3575 peccato
3373 3521 3472 3561 suo
3502 3506 3676 3561 sordi-

2078 3585 2263 3640 datum
2283 3595 2384 3656 est,
2411 3588 2557 3643 Deus
2579 3590 2860 3660 sequendo
2873 3591 3133 3660 justitiam
3150 3593 3205 3647 in
3225 3594 3566 3649 immunditia
3584 3595 3677 3650 de-

2076 3683 2235 3741 serat,
2267 3691 2378 3731 non
2406 3676 2572 3732 habet
2600 3678 2763 3733 homo
2810 3696 2974 3750 super
3000 3682 3106 3737 hoc
3135 3682 3279 3753 quod
3338 3683 3675 3739 contradicat

2075 3764 2210 3818 Deo.
2232 3763 2373 3833 Quid
2394 3765 2554 3820 etiam
2575 3766 2786 3823 dicetur
2820 3769 2889 3824 de
2920 3770 3042 3855 hoe‘2
3062 3770 3108 3824 si
3130 3771 3278 3826 Deus
3323 3771 3520 3843 quibus
3562 3788 3672 3827 non

2074 3851 2237 3908 debet
2256 3869 2321 3908 ex
2352 3854 2729 3911 misericordia
2750 3857 2840 3912 dat
2860 3851 3108 3930 gratiam,
3135 3866 3185 3915 et
3207 3859 3281 3913 illi
3300 3868 3525 3931 accepta
3550 3877 3674 3934 gra-

2072 3939 2146 3994 tia
2175 3941 2489 4011 abutuntur,
2523 3959 2704 3999 nonne
2736 3946 2828 4016 qui
2860 3946 3166 4015 hujusmodi
3206 3956 3328 4003 sunt
3358 3949 3550 4004 merito
3579 3964 3674 4004 re-

2070 4030 2413 4099 probantur?
2470 4032 2631 4100 Quod
2678 4034 3090 4105 mquipollenter
3144 4036 3237 4090 ait.
3289 4038 3366 4104 Si,
3424 4037 3670 4109 inquam,

2070 4119 2215 4174 Deus
2238 4121 2427 4175 volens
2448 4122 2741 4177 ostendere
2762 4123 2930 4192 iram,
2950 4122 3004 4178 id
3033 4131 3116 4179 est
3138 4125 3547 4180 damnationem
3566 4126 3674 4180 im-

376 4218 435 4272 in
464 4218 700 4288 Egypto
732 4215 1051 4285 Ubicunque
1078 4212 1223 4269 enim
1236 4212 1597 4267 audiebantur
1620 4212 1778 4284 signa
1799 4213 1970 4284 )Egy-
2067 4206 2284 4277 piorum
2324 4216 2565 4279 apertam
2598 4210 2781 4266 facere
2807 4211 3149 4277 hominibus,
3182 4213 3285 4267 sibi
3315 4214 3541 4285 quidem
3571 4230 3678 4270 no-

370 4307 430 4373 ti,
464 4305 751 4361 dicebatur
784 4318 797 4357 :
831 4304 1059 4376 Magnus
1088 4310 1171 4358 est
1199 4303 1347 4357 Deus
1379 4302 1754 4357 Hebraeorum.
1782 4299 1970 4369 Quan-

2067 4303 2178 4350 tum
2208 4306 2323 4351 erat
2348 4314 2624 4370 nunquam
2673 4315 2768 4354 eos
2824 4300 3017 4372 gratiae
3045 4301 3189 4357 data:
3219 4311 3615 4373 cooperaturos
3651 4319 3664 4357 :

370 4393 665 4466 doquidem
684 4394 830 4447 Deus
847 4408 914 4447 ex
933 4390 1210 4447 voluntate
1228 4390 1592 4463 elegitJacob,
1618 4397 1668 4445 et
1688 4406 1754 4445 ex
1774 4389 1966 4444 volun-
1987 4396 2039 4454 1)
2070 4386 2259 4441 volens
2290 4386 2455 4441 etiam
2486 4392 2681 4442 notam
2711 4391 2901 4459 facere
2926 4393 3247 4462 potentiam
3274 4408 3437 4447 suam
3457 4436 3469 4456 ,
3503 4392 3558 4448 id
3591 4402 3677 4447 est

369 4491 481 4539 tate
513 4482 764 4554 reprobat
776 4482 941 4536 Esau.
965 4480 1116 4552 Ergo
1145 4480 1330 4551 palam
1350 4486 1433 4534 est
1461 4479 1607 4551 quod
1620 4479 1766 4533 Deus
1796 4479 1963 4534 mise-
2062 4482 2260 4545 quanta
2288 4475 2525 4545 potentia
2555 4475 2832 4546 patientia:
2869 4477 3072 4534 faceret
3101 4495 3229 4534 suos
3258 4481 3673 4550 persecutiones

369 4576 533 4630 ,τίαν
564 4572 727 4643 cujus
751 4572 873 4627 uult
895 4569 1059 4642 :quia
1078 4569 1224 4625 videt
1239 4585 1362 4624 eum
1384 4574 1800 4639 cooperaturum
1832 4582 1962 4639 gra-
2060 4561 2349 4633 impiorum
2380 4563 2632 4630 tolerare,
2665 4581 2766 4635 per
2794 4566 2939 4637 quod
2970 4582 3071 4621 nec
3100 4566 3156 4620 in
3192 4567 3373 4639 impiis
3405 4570 3671 4640 reproba-

368 4662 475 4728 tite,
508 4665 566 4717 et
592 4661 831 4716 indurat
848 4674 1011 4732 quem
1041 4659 1201 4714 vult:
1224 4657 1350 4730 quia
1377 4656 1525 4713 videt
1547 4672 1669 4711 eum
1696 4671 1805 4711 non
1834 4655 1958 4710 ido-

367 4764 528 4807 neum
557 4749 767 4825 gratiae.
788 4748 1051 4803 Indurare
1079 4746 1199 4816 Dei,
1225 4754 1308 4801 est
1342 4745 1570 4817 gratiam
1599 4760 1708 4799 non
1736 4759 1956 4800 accom-

294 4864 299 4869 ·
364 4840 608 4895 modare.
656 4836 797 4907 Quia
828 4835 938 4891 dixi
966 4836 1141 4891 Deum
1168 4835 1416 4891 misereri
1448 4833 1600 4896 huic.
1622 4841 1672 4889 et
1696 4832 1956 4889 indurare

361 4930 505 4985 hunc
526 4943 591 4983 ex
620 4926 918 4995 voluntate,
941 4924 1122 4996 itaque
1152 4924 1306 4989 dicis,
1331 4930 1385 4978 et
1413 4922 1607 4991 objicis
1634 4922 1765 4977 mihi
1784 4939 1796 4976 :
1815 4921 1956 4988 Quid

360 5018 547 5073 adhuc
562 5016 838 5087 quaeritur
866 5030 897 5067 a
926 5013 1083 5068 nobis
1113 5020 1169 5067 ut
1201 5012 1341 5067 bene
1371 5027 1599 5084 agamus
1623 5028 1636 5065 :
1656 5011 1747 5082 qui
1764 5026 1954 5082 repro-

360 5104 473 5161 bati
502 5104 642 5159 bene
670 5118 841 5181 agere
870 5118 979 5158 non
1002 5100 1329 5171 possumus?
1364 5099 1465 5155 Vel
1484 5100 1573 5154 ita.
1596 5099 1738 5167 Quid
1771 5100 1952 5156 adhuc

360 5194 655 5268 queritur,
709 5191 765 5246 id
794 5198 876 5245 est
904 5189 1275 5261 conquaeritur
1305 5189 1450 5244 Deus
1480 5189 1548 5243 de
1578 5188 1755 5253 nobis,
1790 5187 1839 5241 si
1865 5186 1951 5242 of-

357 5282 630 5338 fendimus
652 5296 772 5337 cum
803 5278 1040 5334 indurati
1060 5294 1168 5334 non
1190 5277 1467 5334 offendere
1490 5292 1598 5332 non
1618 5292 1907 5348 possumus
1924 5277 1952 5331 ?

353 5372 478 5427 Non
508 5379 589 5427 est
617 5370 763 5426 unde
783 5375 1072 5441 quaeratur.
1108 5367 1205 5422 Vel
1235 5365 1365 5439 quid
1397 5381 1429 5421 a
1460 5365 1617 5421 nobis
1659 5364 1901 5437 requirat
1934 5380 1946 5418 :

355 5459 483 5532 quia
509 5461 630 5533 quis
656 5463 839 5532 potest
876 5458 1140 5514 resistere
1188 5457 1478 5513 voluntati
1520 5457 1686 5528 ejus?
1716 5452 1818 5511 Ubi
1850 5469 1949 5509 nos

2060 4649 2129 4705 tis
2159 4651 2306 4706 Deus
2335 4660 2593 4722 operatur
2640 4654 2756 4708 sine
2786 4654 3179 4723 misericordia,
3212 4672 3335 4712 cum
3394 4658 3673 4728 patientiae

2057 4740 2310 4794 meritum
2340 4749 2618 4797 accrescat
2648 4742 2762 4796 suis
2790 4759 2892 4813 per
2927 4743 3331 4801 indurationem
3369 4746 3664 4802 malorum.

2069 4828 2258 4884 Valens
2288 4828 2472 4900 utique
2503 4832 2645 4886 Deus
2676 4832 2970 4888 ostendere
2985 4834 3135 4889 iram
3164 4833 3219 4887 in
3249 4833 3446 4905 impiis,
3466 4839 3669 4908 poten-

2060 4917 2203 4972 tiam
2233 4917 2289 4970 in
2321 4916 2528 4983 electis,
2562 4920 2841 4975 sustinuit
2860 4921 2922 4975 in
2940 4922 3228 4992 patientia
3256 4924 3463 4990 multa,
3489 4931 3541 4979 et
3572 4940 3666 4980 se-

2056 5004 2293 5059 cundum
2323 5013 2556 5076 tempus,
2585 5014 2638 5061 et
2668 5008 2968 5063 secundum
2998 5026 3285 5065 numerum
3306 5010 3668 5082 impietatum.

2053 5093 2342 5149 Sustinuit
2372 5094 2496 5149 dico
2524 5111 2657 5150 vasa
2686 5096 2804 5161 irae,
2840 5097 2895 5151 id
2926 5106 3009 5152 est
3057 5114 3153 5154 eos
3183 5098 3237 5153 in
3282 5099 3478 5171 quibus
3521 5100 3669 5169 juste

2052 5180 2382 5237 infundenda
2414 5191 2496 5237 est
2525 5183 2622 5251 ira,
2654 5184 2708 5238 id
2739 5192 2821 5240 est
2850 5186 3144 5243 damnatio.
3213 5190 3346 5244 l'asa
3376 5188 3498 5244 dico
3528 5194 3669 5261 apta

2052 5274 2115 5327 in
2134 5272 2459 5338 interitum,
2492 5272 2547 5327 id
2578 5281 2658 5329 est
2706 5274 2762 5328 in
2818 5275 3177 5345 perditionem
3236 5285 3459 5348 prepter
3489 5278 3666 5333 solum

2051 5359 2334 5431 originale,
2395 5361 2439 5415 si
2470 5378 2743 5434 nunquam
2798 5363 3022 5419 daretur
3075 5365 3253 5435 gratia
3310 5382 3414 5437 qua
3467 5366 3661 5423 abute-

2051 5457 2255 5506 rentur.
2290 5449 2549 5506 Sustinuit
2577 5452 2718 5519 ideo,
2769 5456 2834 5510 ut
2864 5453 3183 5510 ostenderet
3213 5455 3444 5511 divitias
3472 5456 3666 5528 gloria:
