3960 6036
232 137 308 190 85
879 138 1261 196 EXPOSITIO
1317 142 1390 195 IN
1435 139 1816 196 EPISTOLAS
1874 137 2099 195 PAULI.
2133 169 2201 180 —
2232 141 2305 195 IN
2336 139 2554 196 EPIST.
2597 142 2691 195 AD
2731 140 2900 197 ROM.
3492 145 3560 197 86

238 279 387 329 sum,
422 262 477 317 id
509 270 589 317 est
620 262 840 318 divitem
861 263 1091 336 gloriam
1115 280 1265 320 suam
1290 266 1352 320 in
1389 283 1516 320 vasa
1537 265 1860 320 misericor-
1887 264 1934 323 A
1968 264 2266 318 secundum
2299 263 2567 320 sacrificia
2597 273 2648 320 et
2680 273 2971 337 praecepta.
3014 266 3129 321 Nec
3159 281 3323 337 super
3348 266 3566 322 Iudaeos

239 352 376 417 dice,
405 351 459 406 id
490 360 571 406 est
601 352 655 406 iu
677 368 774 407 eos
805 353 857 406 in
889 369 1025 424 quos
1045 353 1378 409 infundenda
1408 362 1520 409 erat
1548 352 1860 408 misericor-

241 439 339 494 dia
366 461 380 505 ;
418 458 538 512 qua:
561 456 690 495 vasa
710 444 1072 514 preparavit,
1104 443 1158 496 id
1190 451 1272 497 est
1290 442 1694 513 prmdcstinavit
1716 443 1860 495 Deus

239 530 319 584 ad
350 529 656 584 habendam
688 530 922 585 futuram
950 534 1210 602 gloriam.
1234 533 1349 587 Nec
1380 532 1553 586 solum
1574 529 1859 601 praedesti-

238 618 444 672 navit:
492 618 585 673 sed
635 636 789 691 quos,
834 620 888 673 id
935 628 1017 675 est
1083 636 1213 675 vasa
1261 620 1648 676 misericordiae
1695 619 1858 674 etiam

243 708 435 761 missis
465 708 914 778 praedicatoribus
945 709 1180 764 vocavit.
1213 709 1346 762 Illud
1380 725 1518 780 quos
1549 709 1614 764 ad
1648 715 1860 763 senten-

245 795 378 850 tiam
412 797 656 866 respicit,
691 813 799 851 non
827 798 893 851 ad
915 797 1168 852 litteram.
1219 799 1434 854 l’ocavit
1456 798 1576 852 dico
1605 814 1726 862 nos,
1753 797 1857 852 sci-

241 885 374 939 licet
404 892 458 940 et.
489 901 626 956 quos
657 901 759 940 nos
779 886 806 940 ?
836 886 890 940 id
919 893 1002 940 est
1031 903 1145 941 non
1177 888 1359 941 solum
1389 903 1464 941 ea:
1501 886 1726 951 Iudaeis,
1759 886 1856 941 sed

241 976 422 1028 etiam
454 991 529 1028 ea:
556 976 815 1045 gentibus
849 990 860 1028 :
895 975 1018 1046 quia
1041 975 1500 1046 quemadmodum
1520 974 1739 1029 Iudaeos
1759 991 1853 1029 vo-

241 1063 416 1128 cavit,
453 1062 530 1117 sic
563 1071 613 1117 et
645 1072 858 1133 gentes.
887 1064 1082 1117 Probat
1107 1063 1250 1134 quod
1281 1064 1494 1118 vocatio
1525 1063 1765 1134 gentium
1789 1081 1853 1118 ex

242 1152 358 1205 Deo
394 1150 463 1204 sit
494 1151 685 1206 dicens
721 1153 893 1206 :Vere
924 1153 1068 1206 Deus
1091 1153 1302 1208 vocavit
1326 1161 1538 1224 gentes,
1566 1152 1704 1208 sicut
1725 1152 1853 1207 dicit

242 1257 352 1294 non
387 1240 554 1303 Osee,
590 1241 685 1294 sed
719 1240 980 1295 Dominus
1010 1241 1064 1294 in
1101 1241 1264 1296 Osee.
1314 1242 1429 1296 lloc
1458 1241 1644 1311 utique
1674 1241 1801 1296 dicit
1837 1257 1848 1295 :

254 1330 460 1384 l-‘oeabo
478 1331 696 1400 plebem
726 1346 909 1384 meam
941 1347 1055 1384 non.
1077 1331 1293 1402 plebem
1314 1346 1522 1396 meam,
1543 1330 1594 1383 id
1615 1338 1695 1384 est
1718 1345 1853 1401 gen-

243 1418 510 1483 tilitatem,
547 1435 668 1490 quae
699 1421 863 1472 modo
893 1434 998 1472 non
1030 1419 1188 1489 plebs
1218 1434 1340 1474 mea
1385 1418 1598 1474 dicitur.
1631 1419 1852 1473 Vocabo

240 1524 342 1578 per
371 1507 630 1579 gratiam,
666 1514 717 1561 et
750 1506 938 1562 faciam
967 1509 1183 1578 plebem
1213 1524 1397 1563 meam
1447 1508 1591 1576 (Ose.
1626 1522 1684 1572 ιι,
1735 1511 1846 1576 23),

241 1601 297 1651 et
329 1613 445 1651 non
479 1596 748 1651 dilectam
771 1595 1147 1668 gentilitatem.
1175 1597 1392 1652 Vocabo
1411 1612 1511 1667 per
1529 1595 1777 1668 gratiam,
1799 1604 1846 1650 et
1869 1621 1922 1680 B

239 1684 432 1739 fac—iam
463 1685 752 1749 dilectam,
779 1683 1126 1752 justificando
1157 1701 1186 1738 a
1214 1685 1447 1755 peccatis
1480 1703 1492 1738 :
1525 1690 1579 1739 et
1601 1685 1852 1739 eamdem

241 1773 599 1846 gentilitatem
631 1789 744 1826 non
768 1779 1128 1829 consecutam
1149 1773 1596 1829 misericordiam
1620 1794 1637 1840 ;
1659 1774 1850 1828 faciam

244 1867 606 1919 consecutura
636 1863 1088 1918 misericordiam
1120 1863 1171 1916 in
1197 1863 1517 1917 salvatione.
1555 1863 1611 1915 In
1635 1863 1848 1935 signum

243 1960 422 2005 autem
485 1950 759 2005 salvandaa
803 1951 1120 2020 gentilitatis
1150 1951 1235 2006 hic
1266 1951 1408 2006 Osee
1456 1951 1849 2022 praedicaturus

243 2042 469 2095 salutem
498 2040 762 2111 gentium,
790 2041 976 2107 jussus
1004 2048 1085 2095 est
1115 2056 1146 2094 a
1203 2041 1316 2094 Deo
1371 2041 1572 2095 ducere
1625 2056 1847 2094 uxorem

242 2129 637 2195 fornicationis,
670 2137 775 2184 etc.
819 2130 1016 2186 l’ocabo
1038 2129 1220 2200 utique
1242 2129 1617 2202 gentilitatem,
1662 2134 1718 2184 et
1746 2129 1848 2184 hoc

241 2221 370 2283 erit,
397 2219 457 2272 in
483 2219 596 2273 loco
618 2219 710 2272 ubi
731 2218 944 2272 dictum
968 2223 1052 2272 est
1072 2220 1218 2274 :Non
1239 2220 1388 2290 plebs
1415 2235 1534 2272 mea
1553 2235 1662 2281 vos,
1689 2218 1744 2272 id
1766 2227 1847 2272 est

241 2307 294 2360 in
324 2314 438 2361 toto
469 2307 671 2360 mundo
701 2305 792 2358 ubi
822 2305 991 2360 Judaéi
1020 2307 1194 2359 solum
1239 2307 1396 2377 plebs
1442 2308 1539 2361 Dei
1571 2307 1846 2362 vocaban-

243 2400 354 2459 tur,
391 2394 626 2466 gentiles
672 2410 802 2448 vcro
850 2409 956 2448 non
1010 2394 1210 2448 ibidem
1264 2395 1603 2448 vocabuntur
1649 2395 1846 2448 amodo

246 2492 461 2555 gentes,
487 2482 582 2536 sed
616 2483 969 2538 vocabuntur
996 2483 1106 2551 ﬁlii
1129 2485 1230 2538 Dei
1251 2483 1380 2549 vivi,
1405 2483 1496 2552 qui
1517 2483 1678 2537 vitam
1698 2491 1850 2538 mter-

248 2587 373 2626 nam
409 2588 568 2642 quam
599 2571 764 2625 habet
793 2571 1015 2624 daturus
1061 2579 1142 2624 est
1187 2571 1266 2625 eis
1313 2587 1448 2641 quos
1480 2588 1542 2625 ex
1583 2571 1845 2626 electione

241 2660 475 2716 vocavit.
507 2659 600 2714 Vel
624 2660 692 2713 ita
731 2674 742 2712 :
776 2661 835 2714 in
859 2660 992 2726 loco,
1017 2659 1071 2712 id
1095 2667 1176 2714 est
1197 2659 1249 2712 in
1269 2659 1471 2726 Iudaea,
1507 2660 1600 2714 ubi
1628 2660 1846 2715 dictum

239 2755 320 2804 est
343 2769 360 2804 :
374 2750 494 2804 Non
516 2749 666 2818 plebs
679 2765 804 2802 mea
824 2764 913 2802 vos
936 2767 952 2802 :
972 2748 1047 2802 ibi
1070 2748 1416 2803 vocabuntur
1435 2749 1544 2817 ﬁlii
1559 2750 1694 2816 Dei;
1718 2749 1844 2820 quia

239 2847 290 2893 et
321 2839 390 2892 de
420 2837 626 2892 Iudaeis
673 2837 828 2891 electi
872 2844 997 2890 sunt
1037 2836 1283 2906 apostoli,
1335 2852 1434 2906 per
1483 2852 1621 2907 quos
1650 2845 1842 2908 gentes

233 2942 514 2982 conversa!
547 2933 702 2991 sunt;
736 2933 786 2980 et
827 2925 882 2978 in
926 2924 1110 2979 Iudaea
1149 2924 1410 2995 originem
1460 2925 1694 2995 primam
1737 2925 1840 2980 ha-

233 3016 343 3068 buit
399 3014 668 3070 Ecclesia.

307 3106 596 3174 Postquam
642 3102 983 3158 vocationem
1034 3103 1280 3176 gentium
1326 3102 1646 3158 auctoritate
1697 3102 1842 3158 Osee

237 3192 595 3256 confirmavit,
627 3192 816 3262 probat
847 3209 946 3262 per
976 3192 1174 3246 Isaiam
1204 3192 1563 3247 salvationem
1624 3193 1842 3258 Judzeo-

234 3299 375 3347 rum,
412 3290 467 3336 et
500 3281 891 3336 convenienter
921 3282 1023 3337 hoc
1043 3282 1255 3351 probat.
1289 3281 1532 3337 Gentiles
1560 3281 1702 3334 enim
1736 3281 1840 3334 im-

233 3369 604 3441 properabant
637 3369 860 3436 Iudaeis,
897 3371 1043 3440 quod
1090 3370 1260 3424 semel
1304 3369 1461 3440 culpa
1510 3385 1606 3422 sua
1637 3369 1840 3439 repulsi

232 3468 280 3513 et
311 3459 613 3528 reprobati,
648 3458 876 3513 ulterius
906 3459 1116 3529 indigni
1162 3467 1343 3513 essent
1391 3458 1686 3512 salvationc
1717 3458 1834 3512 Dei.

230 3548 372 3602 Osee
406 3547 487 3603 sic
519 3546 650 3602 dicit
681 3547 748 3601 de
778 3548 1031 3618 gentibus
1066 3563 1076 3600 :
1116 3548 1290 3602 Isaias
1321 3551 1513 3602 autem
1543 3548 1753 3602 clamat
1787 3555 1838 3600 et

227 3636 462 3691 affirmat
490 3636 593 3690 hoc
622 3652 724 3707 pro
772 3637 945 3691 Israel
983 3637 1113 3707 (lsa.
1159 3654 1210 3702 x,
1246 3637 1357 3703 '22),
1408 3635 1460 3689 id
1491 3643 1570 3690 est
1602 3650 1701 3706 pro
1732 3636 1834 3688 ho-

224 3726 476 3780 norando
521 3725 747 3779 Judaico
813 3725 1056 3795 p0pulo,
1098 3725 1183 3780 cui
1229 3724 1504 3779 multoties
1551 3723 1689 3778 mala
1740 3741 1834 3778 sua

224 3813 642 3885 improperavit.
678 3815 790 3869 Iloc
836 3813 1019 3884 utique
1067 3814 1286 3868 clamat.
1337 3814 1413 3880 Si,
1459 3813 1512 3867 id
1556 3821 1639 3868 est
1685 3813 1829 3879 licet,

222 3906 407 3975 fuerit
437 3919 712 3958 numerus
740 3903 990 3970 ﬁliorum
1019 3903 1194 3958 Israel
1241 3902 1666 3968 innumerabilis,
1703 3907 1832 3956 tan-

221 4011 393 4066 quam
419 4008 598 4046 arena
615 3993 811 4056 maris,
846 3999 1028 4046 tamen
1046 3993 1302 4062 reliquiae
1323 3992 1508 4057 Israel,
1543 3991 1596 4045 id
1627 3998 1724 4055 est,
1752 3990 1831 4044 vi-

221 4079 301 4133 les
334 4085 388 4131 et
417 4077 630 4144 abjecti,
665 4075 756 4147 qui
787 4076 915 4129 nihil
940 4076 991 4129 in
1023 4076 1336 4131 carnalitate
1367 4076 1504 4145 legis
1533 4074 1825 4141 confident,

221 4165 537 4235 hujusmodi
572 4165 811 4236 FCIIQUliB
850 4167 1018 4220 SttIUtB
1047 4167 1208 4234 ﬁent.
1246 4165 1341 4219 Vel
1367 4164 1627 4236 reliquim,
1662 4165 1714 4217 id
1747 4172 1830 4218 est

221 4272 362 4326 quos
383 4255 534 4308 Deus
566 4253 669 4307 sibi
691 4253 928 4325 reliquit,
965 4262 1015 4308 et
1047 4254 1273 4307 idoneos
1323 4253 1605 4307 salvationi
1638 4269 1823 4307 reser-

1963 352 2157 421 solum,
2174 354 2272 408 sed
2286 354 2448 408 etiam
2461 371 2632 426 super
2645 359 2876 421 terram,
2896 355 2949 409 id
2960 364 3222 426 estsuper
3234 364 3446 427 gentes.
3463 356 3562 410 Vel

1959 440 2029 495 ita
2058 442 2422 511 :Salvrcfient
2436 444 2706 515 reliquiae.
2723 445 2861 498 Nam
2876 461 2975 514 per
2986 445 3214 500 verbum
3228 444 3360 498 illud
3374 444 3442 499 de
3455 459 3563 515 quo

1959 529 2160 583 dictum
2175 539 2256 584 est
2278 549 2290 585 :
2312 533 2410 585 «In
2424 532 2686 602 principio
2699 541 2814 587 erat
2827 533 3046 588 verbum
3064 533 3246 604 (Joan.
3264 548 3299 598 1,
3321 535 3393 603 l),
3415 554 3434 580 υ
3455 540 3560 588 etc.

1959 617 2116 685 Quod
2145 619 2394 688 verbum,
2425 620 2480 672 id
2511 629 2592 674 est
2635 621 2900 687 Christus,
2949 621 3051 676 erit
3093 637 3478 676 consummans
3513 629 3565 676 et

1957 705 2289 761 abbrevians
2336 708 2517 779 legem
2561 709 2615 762 in
2661 709 2928 780 aequitate,
2998 709 3136 764 sicut
3177 709 3379 764 dictum
3430 719 3558 764 est:

1959 794 2098 860 Quia
2148 797 2418 852 Dominus
2460 799 2636 868 faciet
2686 798 2789 852 hoc
2849 799 3074 854 verbum
3109 799 3454 865 breviatum,
3505 799 3561 853 id

1955 891 2037 938 est
2086 886 2384 938 secundum
2433 894 2764 956 assumptam
2813 902 3034 940 carnem
3100 887 3445 941 mortalitatis
3508 896 3561 942 et

1953 972 2326 1042 passibilitatis
2392 974 2462 1028 ab
2525 975 2737 1045 angelis
2801 976 3144 1030 minoratum.
3207 977 3365 1029 Juxta
3426 976 3560 1031 illud

1955 1062 2128 1131 (Psal.
2163 1062 2285 1132 vm)
2311 1080 2323 1116 :
2351 1086 2371 1109 u
2406 1063 2682 1118 Minorasti
2725 1080 2847 1118 eum
2875 1065 3220 1134 paulominus
3265 1065 3334 1119 ab
3381 1080 3557 1137 ange-

1952 1149 2039 1208 lis.
2079 1174 2100 1197 »
2131 1151 2196 1204 Et
2225 1151 2326 1205 hoc
2349 1153 2573 1207 verbum
2594 1155 2768 1223 faciet
2792 1170 2960 1224 super
2981 1157 3215 1222 terram,
3239 1154 3292 1207 id
3311 1162 3392 1209 est
3412 1155 3557 1225 quod

1951 1237 2007 1291 in
2069 1247 2262 1293 natura
2301 1240 2516 1294 deitatis
2580 1249 2697 1295 erat
2741 1241 3027 1306 invisibile,
3083 1258 3178 1312 per
3223 1251 3557 1312 assumptum

1951 1343 2170 1383 carnem
2204 1329 2514 1383 hominibus
2549 1330 2601 1383 in
2632 1338 2780 1385 terra
2818 1330 3095 1385 exhibebit
3145 1331 3377 1386 visibile.
3417 1333 3558 1387 Vere

1949 1432 2048 1486 per
2093 1417 2324 1471 verbum
2373 1418 2673 1474 breviatum
2725 1419 2887 1473 salva:
2933 1417 3062 1473 fient
3108 1419 3368 1491 reliquiae.
3418 1421 3559 1474 Nam

1949 1505 2064 1560 nisi
2090 1507 2362 1562 Dominus
2393 1507 2713 1579 reliquisset
2737 1507 2892 1563 nobis
2915 1508 3019 1562 hoc
3049 1525 3259 1572 semen,
3291 1509 3556 1579 perdere-

1951 1609 2106 1658 mur;
2140 1602 2191 1647 et
2221 1595 2324 1649 hoc
2354 1595 2477 1650 dico
2506 1611 2614 1650 non
2646 1596 2818 1650 solum
2850 1612 2914 1650 ex
2945 1612 3051 1664 me,
3100 1596 3199 1650 sed
3228 1597 3388 1651 etiam
3422 1597 3561 1652 sicut

1955 1681 2198 1752 praedixit
2229 1683 2398 1737 Isaias
2429 1684 2730 1738 vaticinans
2769 1685 2836 1738 de
2865 1685 3054 1740 eodem
3085 1703 3098 1738 :
3131 1686 3251 1741 Nisi
3287 1687 3559 1742 Dominus

1950 1771 2192 1826 Sabaoth
2239 1772 2368 1842 (Isa.
2424 1788 2459 1836 ι,
2511 1776 2586 1842 9),
2635 1773 2687 1826 id
2737 1781 2819 1827 est
2863 1774 3194 1829 exercituum
3244 1782 3352 1828 tam
3383 1775 3555 1830 caele-

1953 1856 2119 1913 stium
2151 1877 2314 1932 quam
2351 1869 2694 1916 terrenorum
2724 1863 3044 1934 reliquisset
3075 1863 3230 1917 nobis
3260 1879 3472 1930 semen,
3505 1863 3559 1918 id

1952 1956 2032 2002 est
2063 1949 2336 2003 Christum
2376 1965 2386 2002 :
2425 1967 2586 2021 quem
2619 1959 2743 2004 ante
2775 1959 3023 2020 tempora
3073 1951 3149 2005 sic
3180 1952 3472 2016 constituit,
3508 1961 3560 2007 et

1950 2037 2005 2092 in
2035 2046 2280 2108 tempore
2310 2039 2493 2105 dedit;
2528 2039 2613 2094 vel
2647 2055 2854 2108 semen,
2889 2039 2942 2093 id
2970 2047 3052 2093 est
3101 2040 3322 2095 verbum
3352 2041 3555 2111 praedi-

1951 2127 2196 2193 cationis,
2249 2144 2347 2199 per
2389 2129 2530 2199 quod
2580 2127 2902 2184 fructificant
2949 2129 3270 2194 credentes;
3323 2129 3409 2184 vel
3452 2129 3557 2184 nisi

1950 2216 2209 2270 Dominus
2240 2218 2545 2272 ascendens
2592 2217 2899 2289 reliquisset
2928 2218 3084 2271 nobis
3133 2233 3339 2287 semen,
3390 2217 3443 2272 id
3476 2228 3559 2274 est

1950 2305 2247 2375 apostolos,
2274 2306 2365 2377 qui
2396 2306 2449 2360 in
2481 2306 2638 2360 nobis
2661 2307 2882 2362 verbum
2916 2304 3039 2361 fidei
3069 2306 3419 2376 seminarent,
3453 2323 3553 2362 nos

1949 2394 2130 2463 utique
2147 2396 2291 2464 facti
2311 2411 2485 2449 essem
2496 2412 2558 2450 us
2579 2396 2728 2449 sicut
2743 2395 2978 2451 Sodoma
3000 2403 3052 2449 et
3074 2394 3209 2449 sicut
3226 2396 3549 2464 Gomorrha,

1947 2482 2003 2536 id
2035 2491 2116 2537 est
2142 2483 2357 2553 penitus
2381 2483 2838 2554 periclitaremur,
2872 2491 2925 2538 et
2947 2484 3159 2550 merito,
3195 2483 3320 2555 quia
3348 2483 3553 2540 similes

1947 2569 2240 2626 fuissemus
2269 2572 2578 2642 spernendo
2618 2580 2886 2642 prmcepta
2933 2572 3052 2626 Dei.

2018 2658 2174 2726 Quod
2226 2660 2474 2730 superius
2523 2660 2654 2714 dixit
2719 2661 2786 2714 de
2834 2661 3117 2715 vocatione
3166 2661 3405 2731 gentium
3454 2679 3554 2732 per

1946 2746 2089 2802 Osee
2121 2749 2265 2819 (cap.
2300 2764 2359 2813 ιι,
2395 2747 2506 2818 23),
2557 2765 2624 2802 ne
2667 2749 2837 2804 Judaei
2886 2757 3151 2820 negarent
3199 2751 3303 2804 hoc
3349 2749 3552 2806 dictum

1945 2852 2066 2891 esse
2098 2837 2166 2891 de
2212 2838 2486 2909 gentibus,
2535 2837 2630 2891 sed
2675 2837 2742 2892 de
2787 2854 2865 2904 se,
2919 2838 3011 2908 qui
3056 2838 3330 2892 multoties
3357 2854 3390 2892 a
3437 2840 3553 2893 Deo

1946 2925 2254 2980 recedendo
2285 2942 2391 2980 non
2421 2926 2577 2996 plebs
2605 2926 2705 2981 Dei
2733 2925 2856 2981 facti
2887 2935 3009 2981 sunt
3042 2945 3054 2981 :
3089 2927 3308 2997 exponit
3354 2927 3550 2982 Paulus

1951 3014 2224 3083 quomodo
2289 3015 2356 3068 de
2404 3015 2657 3086 gentibus
2705 3016 2821 3070 hare
2868 3015 3033 3069 verba
3099 3023 3303 3070 tantum
3348 3024 3542 3088 agant.

1948 3101 2398 3174 Quandoquidem
2457 3103 2710 3174 superius
2779 3103 2977 3158 dictum
3025 3113 3125 3170 est,
3176 3121 3286 3160 non
3332 3105 3546 3176 plebem

1945 3207 2121 3246 meam
2162 3192 2372 3246 vocabo
2418 3193 2634 3262 plebem
2681 3209 2877 3258 meam,
2921 3210 3048 3264 ergo
3095 3194 3227 3265 quid
3257 3194 3549 3250 dicemus?

1942 3281 2010 3334 Et
2059 3280 2332 3351 quomodo
2378 3282 2519 3336 hanc
2562 3281 2941 3336 auctoritatem
3005 3282 3385 3352 accipiemus?
3433 3284 3547 3337 lloc

1942 3369 2128 3440 utique
2158 3369 2211 3422 in
2244 3369 2428 3424 verbis
2469 3369 2610 3424 Osee
2641 3387 2995 3440 exponemus,
3031 3371 3172 3440 quod
3200 3375 3396 3441 gentes
3424 3389 3545 3443 qua:

1946 3473 2063 3512 non
2094 3459 2464 3513 sectabantur
2484 3459 2803 3528 justitiam,
2855 3459 2907 3512 id
2940 3469 3018 3514 est
3050 3476 3171 3529 quae
3218 3476 3317 3515 nec
3363 3459 3545 3532 legem

1953 3547 2242 3612 habebant,
2277 3563 2376 3602 nec
2406 3547 2550 3602 bono
2583 3546 2810 3601 rationis
2841 3563 2953 3601 suae
3001 3548 3308 3610 utebantur,
3341 3565 3547 3620 appre—

1944 3635 2267 3705 henderunt
2299 3651 2407 3690 non
2440 3652 2504 3691 ex
2535 3635 2746 3701 merito,
2802 3636 2897 3690 sed
2929 3652 2994 3690 ex
3042 3636 3217 3706 gratia
3260 3636 3546 3709 ingerente

1937 3725 2052 3793 ejus
2089 3726 2422 3795 justitiam:
2469 3742 2569 3780 nec
2612 3725 2885 3780 carnalem
2945 3723 3402 3794 justificationem,
3449 3727 3546 3781 sed

1935 3814 2225 3880 justitiam
2256 3831 2378 3884 qua:
2405 3819 2488 3869 est
2518 3831 2590 3869 ex
2627 3814 2754 3883 ﬁde.
2798 3815 3010 3868 Partem
3059 3814 3254 3868 iterum
3305 3814 3545 3870 auctori-

1933 3901 2056 3954 tatis
2087 3917 2247 3972 quam
2294 3901 2461 3956 Isaias
2508 3919 2608 3973 pro
2637 3903 2808 3956 Israel
2854 3902 3075 3972 protulit
3107 3919 3118 3956 :
3154 3903 3292 3958 hanc
3338 3903 3545 3959 scilicet

1933 3990 2077 4060 quod
2128 4006 2234 4045 non
2284 3991 2651 4045 numerositas
2711 3990 2941 4045 filiorum
2994 3991 3160 4046 Israel
3221 3991 3539 4059 salvaretur,

1931 4078 2245 4149 exsequitur
2274 4079 2564 4150 Apostolus
2595 4080 2847 4150 ponendo
2894 4095 3112 4135 causam
3145 4097 3312 4151 quare
3344 4096 3537 4150 repro-

1929 4167 2106 4230 betur,
2157 4167 2384 4222 dicens:
2437 4168 2642 4222 Gentes
2707 4169 3184 4239 apprehenderunt
3224 4168 3484 4238 justitiam
3526 4184 3537 4223 :

1928 4256 2025 4310 sed
2056 4257 2248 4319 Israel,
2283 4256 2337 4310 id
2369 4264 2450 4310 est
2478 4256 2738 4312 Iudaicus
2783 4257 3013 4327 populus
3060 4257 3328 4312 sectanda
3362 4258 3538 4327 legem

221 4343 388 4407 vavit,
452 4342 505 4396 hi
553 4342 917 4396 salvabuntur.
975 4342 1312 4396 Determinat
1374 4341 1596 4396 modum
1640 4341 1820 4395 salva-
1844 4334 1892 4392 D
1925 4343 2162 4399 carnalis
2198 4345 2467 4414 justitire,
2507 4362 2620 4401 non
2650 4347 2908 4418 pervenit
2940 4348 3002 4401 in
3039 4347 3212 4417 legem
3242 4345 3537 4417 spiritualis

223 4431 408 4498 tionis,
478 4447 546 4484 ne
602 4447 701 4500 per
763 4430 943 4503 legem
998 4438 1251 4501 putarent
1299 4430 1450 4485 5’7
1493 4446 1552 4484 se
1609 4429 1820 4483 salvari.

224 4522 366 4575 Vere
411 4520 580 4574 salsz
628 4518 754 4573 fient
801 4519 1088 4591 reliquiae:
1140 4535 1262 4573 nam
1319 4535 1417 4588 per
1473 4520 1716 4584 verbum,
1769 4518 1824 4572 id

222 4618 303 4664 est
339 4626 439 4679 per
467 4608 769 4663 doctrinam
801 4607 946 4671 fidei,
978 4609 1124 4680 quod
1154 4608 1378 4663 verbum
1410 4616 1527 4661 erat
1556 4624 1822 4663 consum-

220 4716 409 4760 nia-ns,
448 4697 502 4752 id
532 4706 614 4752 est
663 4695 904 4767 perfecte
948 4697 1275 4766 justificaus,
1326 4697 1469 4768 quod
1519 4697 1602 4751 lex
1644 4695 1822 4750 facere

220 4804 329 4843 non
361 4786 555 4858 potuit.
588 4787 699 4840 Erit
721 4785 880 4840 etiam
911 4787 1234 4841 abbrevians
1266 4794 1318 4840 et
1359 4794 1631 4856 prmcepta
1659 4785 1817 4857 legis,

220 4893 344 4947 quae
369 4876 552 4930 omnia
581 4875 650 4929 ad
669 4874 1014 4930 dilectionem
1038 4875 1135 4929 Dei
1166 4883 1216 4928 et
1248 4874 1479 4944 proximi
1511 4874 1745 4938 reducet,
1770 4881 1822 4927 et

217 4965 484 5020 sacrificia
512 4983 526 5029 ;
579 4980 696 5034 quae
725 4964 905 5018 omnia
933 4964 1002 5017 ad
1033 4979 1198 5016 unum
1217 4961 1820 5034 sacrificiumvcorporis

217 5054 419 5108 Christi
453 5052 682 5124 rediget.
731 5053 796 5106 Et
845 5069 912 5107 ne
959 5051 1082 5124 quia
1112 5052 1288 5123 legem
1323 5051 1687 5117 abbreviaret,
1742 5051 1820 5104 in-

211 5143 416 5210 justum
466 5142 827 5211 judicaretur,
887 5143 990 5196 hoc
1063 5141 1304 5205 verbum,
1372 5141 1493 5195 ideo
1555 5141 1721 5204 addit,
1759 5143 1819 5195 in

216 5233 488 5303 (equitate
519 5249 530 5284 :
564 5231 692 5302 quia
715 5231 814 5285 etsi
844 5230 1122 5285 abbreviat
1156 5231 1356 5302 legem,
1399 5247 1612 5300 {Equum
1642 5237 1820 5284 tamen

218 5321 313 5374 erit
349 5330 400 5374 et
425 5321 658 5390 justum.
695 5319 853 5388 Quod
886 5319 1065 5390 palam
1089 5327 1172 5373 est
1193 5335 1257 5373 ex
1280 5334 1346 5373 eo
1375 5319 1520 5389 quod
1550 5318 1818 5373 Dominus

222 5410 392 5478 faciet
444 5410 546 5465 hoc
594 5409 820 5464 verbum
865 5407 1259 5476 abbreviatum,
1314 5407 1450 5462 sicut
1496 5405 1700 5464 dictum
1738 5415 1819 5462 est

1914 4434 2180 4504 justitizv.
2209 4433 2315 4487 Sed
2346 4450 2518 4506 quare
2548 4449 2657 4487 non
2679 4433 2973 4504 pervenit?
3001 4434 3130 4489 Ideo
3162 4437 3294 4506 quia
3316 4452 3430 4490 non
3463 4452 3537 4490 ea:

1924 4521 2032 4589 ﬁde
2064 4521 2290 4576 credidit
2321 4539 2379 4576 se
2405 4521 2713 4590 justificari,
2749 4523 2844 4576 sed
2900 4523 3246 4593 prmsumpsit
3275 4525 3435 4595 quasi
3464 4540 3538 4578 ea:

1925 4607 2180 4677 operibus
2212 4605 2719 4676 possetjustificari.
2754 4607 2819 4660 Et
2851 4606 2975 4678 quia
3013 4623 3119 4661 non
3173 4623 3239 4660 ex
3271 4606 3375 4661 fide
3407 4624 3531 4662 cre-

1925 4694 2180 4748 diderunt
2228 4711 2285 4748 se
2332 4710 2494 4764 posse
2535 4694 2835 4763 justificari,
2885 4696 3007 4750 ideo
3049 4694 3429 4765 offenderunt,
3481 4696 3535 4750 id

1925 4790 2005 4837 est
2037 4781 2391 4838 offensionem
2422 4783 2525 4836 sibi
2569 4784 2810 4838 fecerunt
2839 4784 2902 4838 in
2945 4784 3204 4856 lapidem,
3248 4783 3303 4838 id
3350 4791 3433 4838 est
3479 4784 3533 4838 in

1923 4871 2216 4938 Christum,
2253 4871 2341 4943 qui
2371 4871 2506 4941 lapis
2537 4871 2652 4936 fuit,
2688 4870 2778 4942 qui
2827 4879 2878 4926 et
2910 4871 3155 4927 inimicos
3206 4880 3530 4937 contereret,
3617 4928 3622 4933 ,

1923 4968 1973 5014 et
1995 4960 2046 5013 in
2081 4975 2188 5030 quo
2221 4959 2574 5014 fundamenta
2597 4961 2862 5028 justorum
2912 4961 3231 5015 consistent.
3273 4962 3532 5032 Lapidem

1921 5047 2046 5104 dico
2078 5049 2425 5119 o/fensionis,
2469 5049 2523 5102 id
2573 5057 2653 5103 est
2702 5049 2793 5120 qui
2841 5048 2978 5119 lapis
3028 5065 3126 5119 per
3175 5049 3532 5104 humilitatem

1922 5155 2081 5210 quam
2114 5137 2302 5192 habuit
2329 5147 2486 5208 aptus
2517 5136 2613 5190 fuit
2642 5137 2693 5190 in
2746 5153 2854 5208 quo
2899 5135 3243 5193 offenderent
3290 5138 3531 5208 superbi,

1921 5227 2336 5296 sicutscriptum
2360 5235 2439 5280 est
2463 5226 2517 5279 in
2538 5225 2672 5280 Isaia
2706 5244 2718 5279 :
2756 5228 2892 5281 Ecce
2925 5243 3066 5296 pono
3095 5228 3156 5282 in
3191 5227 3345 5292 Sion,
3372 5227 3423 5280 id
3447 5235 3531 5280 est

1921 5316 1974 5370 in
2004 5315 2228 5371 Judaico
2260 5315 2477 5387 pepulo,
2515 5316 2757 5387 lapidem
2789 5316 3134 5386 offensionis,
3169 5315 3223 5368 id
3255 5322 3339 5370 est
3370 5316 3526 5370 Chri-

1921 5412 2084 5472 stum,
2109 5409 2163 5461 et
2192 5410 2413 5478 petram
2437 5405 2697 5462 scandali
2718 5405 2846 5474 (lsa.
2875 5420 2993 5472 vm,
3026 5406 3116 5469 lli;
3139 5405 3158 5458 l
3181 5405 3331 5460 Petr.
3357 5421 3417 5473 ll,
3444 5408 3519 5474 '7).
