3960 6036
384 138 450 189 87
885 133 941 187 S.
974 128 1332 187 BRUNONIS
1390 125 2037 184 CARTHUSIANORUM
2092 126 2577 184 INSTITUTORIS
2635 128 2787 184 OPP.
2847 128 3048 184 PARS.
3112 130 3185 184 II.
3628 137 3696 187 88

385 261 533 314 Inter
572 256 806 329 lapidem
851 264 902 311 et
943 264 1152 326 petram
1218 253 1368 308 nulla
1412 253 1665 308 distantia
1731 260 1834 319 est,
1886 252 1983 307 sed
2002 253 2056 312 Α
2085 251 2266 321 legem
2290 252 2533 320 justitiee,
2568 253 2664 308 sed
2694 252 3033 309 offenderunt
3060 253 3115 307 in
3143 253 3434 321 Christum,
3468 262 3691 326 putare—

387 346 744 402 offensionem
770 353 929 401 vocat
957 350 1184 415 peccata
1214 342 1353 397 facta
1384 342 1437 395 in
1491 342 1787 396 Christum.
1812 341 1985 395 Scan-

391 435 573 491 dalum
630 442 789 490 vocat
855 433 1253 487 damnationem
1303 447 1369 485 ex
1434 431 1593 500 culpa
1643 436 1987 500 peccatorum

389 524 822 595 provenientem.
888 522 1037 577 Licet
1085 522 1263 576 dicam
1329 520 1473 591 quod
1543 519 1785 573 Christus
1850 518 1988 588 lapis

389 613 707 669 offensionis
750 612 911 666 fuerit
958 610 1177 675 Judaeis,
1210 617 1389 663 tamen
1441 624 1549 663 non
1592 623 1783 662 omnes
1811 606 1988 661 offen-

392 703 588 756 derunt
616 701 670 754 in
701 716 765 755 eo
803 716 814 753 :
849 699 945 754 sed
975 700 1158 755 omnis
1181 698 1249 753 de
1280 697 1407 751 Sion
1436 697 1531 768 qui
1562 696 1740 751 credit
1768 697 1831 749 in
1860 711 1989 750 eum

389 790 648 862 lapidem,
682 805 798 844 non
828 789 1109 844 erubescet
1143 802 1200 841 se
1233 784 1556 841 credidisse.

893 932 963 988 5
977 931 1050 987 8
1124 931 1349 986 CAPUT
1406 930 1479 985 Χ.

470 1073 492 1102 ι
527 1052 760 1115 Fratres,
793 1048 1045 1104 voluntas
1067 1047 1287 1119 quidem
1315 1046 1494 1102 cordis
1522 1045 1631 1101 mei
1662 1052 1714 1100 et
1744 1045 1993 1099 obsecra-

399 1162 421 1191 ε
457 1139 532 1194 tio
562 1139 631 1194 ad
660 1139 832 1193 Deum
863 1137 921 1191 lit
950 1153 1048 1208 pro
1077 1137 1183 1190 illis
1214 1136 1267 1189 in
1313 1136 1559 1189 salutem.
1604 1133 1993 1189 Testimonium

399 1251 420 1276 ‹‹
459 1228 600 1283 enim
646 1226 910 1297 perhibeo
958 1225 1083 1291 illis,
1135 1225 1279 1297 quod
1329 1223 1725 1279 aemulationem
1774 1222 1994 1293 quidem

396 1341 417 1365 «ι
455 1317 554 1371 Dei
584 1317 803 1381 habent,
841 1315 939 1369 sed
985 1330 1091 1369 non
1141 1313 1441 1368 secundum
1491 1311 1790 1367 scientiam.
1826 1312 1994 1382 Igno-

400 1413 641 1459 «rantes
708 1403 848 1459 enim
902 1403 1163 1471 justitiam
1208 1402 1327 1468 Dei,
1381 1410 1437 1455 ut
1498 1417 1649 1455 suam
1692 1407 1996 1472 quaerentes

400 1516 421 1544 α
462 1502 715 1558 statuere,
772 1492 991 1561 justitiae
1059 1491 1155 1545 Dei
1223 1507 1332 1546 non
1382 1499 1506 1544 sunt
1555 1489 1797 1558 subjecti.
1849 1488 1995 1542 Finis

2088 348 2171 394 tur
2200 342 2495 411 Apostolus
2534 343 2751 396 Judaeos
2804 343 2927 398 ideo
2974 343 3158 398 dicere
3205 344 3540 414 reprobatos,
3589 361 3694 400 nec

2088 429 2313 484 ulterius
2343 446 2505 500 posse
2536 431 2754 485 salvari.
2790 431 2931 486 Dicit
2988 449 3047 485 se
3095 448 3254 487 orare
3287 448 3386 501 pro
3433 433 3559 497 illis,
3592 450 3694 503 pro

2090 519 2285 589 quibus
2318 519 2502 590 utique
2532 535 2641 574 non
2671 528 2867 585 oraret,
2902 520 2946 574 si
2978 521 3120 591 apud
3155 523 3328 576 Deum
3370 522 3692 592 reprobatos

2091 615 2467 679 cognosceret.
2502 608 2655 663 Unde
2686 609 2764 663 sic
2794 608 2901 662 ait:
2956 609 3101 664 Licet
3147 610 3321 665 Judzei
3367 609 3695 665 offenderint

2090 696 2145 748 in
2176 696 2469 761 Christum,
2506 706 2687 752 tamen
2718 702 2947 769 fratres,
2980 700 3243 753 voluntas
3276 700 3454 755 cordis
3486 701 3597 755 mei
3625 700 3692 769 ﬁt

2090 802 2189 857 pro
2218 786 2355 851 illis,
2390 786 2444 839 id
2475 794 2555 840 est
2586 787 2782 840 bonam
2831 787 3159 842 voluntatem
3208 788 3386 843 habeo
3433 789 3500 842 ad
3548 788 3693 855 illos,

2093 890 2230 944 quos
2287 875 2333 927 si
2380 876 2679 944 poeniteant
2723 874 2938 931 confido
2996 876 3308 932 salvandos.
3360 879 3472 932 Nec
3522 877 3695 932 solum

2092 962 2362 1031 voluntas,
2398 964 2496 1018 sed
2517 964 2680 1018 etiam
2697 965 3007 1020 obsecratio
3037 965 3105 1033 ﬁt
3134 966 3204 1020 ad
3231 967 3403 1021 Deum
3430 983 3528 1038 pro
3553 968 3690 1031 illis,

2093 1051 2161 1104 ad
2205 1051 2509 1106 habendam
2572 1052 2677 1106 illis
2744 1053 2993 1108 salutem.
3046 1053 3173 1108 Ideo
3236 1054 3422 1125 utique
3469 1055 3698 1109 obsecro

2094 1140 2267 1194 Deum
2297 1156 2397 1210 pro
2420 1140 2544 1199 illis.
2570 1141 2691 1212 quia
2716 1143 3106 1197 testimonium
3122 1144 3241 1197 illis
3256 1144 3533 1214 perhibco,
3557 1144 3699 1215 quod

2093 1244 2195 1298 pro
2220 1237 2368 1284 certo
2402 1229 2607 1284 habent
2638 1232 3083 1296 (emulationem,
3124 1231 3178 1285 id
3223 1240 3305 1286 est
3351 1231 3697 1286 dilectionem

2094 1317 2233 1382 Dei;
2300 1316 2385 1371 vel
2433 1317 2853 1384 aemulationem,
2920 1319 2975 1372 id
3025 1328 3106 1373 est
3154 1319 3578 1390 indignationem
3609 1320 3704 1374 ad-
3744 1365 3757 1371 -

2095 1422 2291 1460 versus
2322 1414 2568 1469 sanctos,
2603 1407 2719 1461 zelo
2753 1407 2852 1461 Dei
2882 1414 2933 1461 et
2960 1424 3072 1462 suae
3122 1407 3282 1480 legis.
3317 1408 3702 1463 Existimantes

2096 1494 2241 1549 enim
2279 1496 2358 1551 sic
2392 1496 2647 1549 tuendam
2700 1512 2821 1551 esse
2868 1496 3045 1567 legem
3096 1513 3267 1563 suam,
3302 1507 3705 1569 persequuntur

398 1605 420 1633 α
458 1582 603 1638 enim
648 1581 788 1654 legis
832 1580 1077 1635 Christus
1125 1580 1193 1633 ad
1235 1579 1496 1647 justitiam
1543 1578 1689 1631 omni
1720 1576 1986 1633 credenti.
2027 1591 2339 1669 Bsanctos.
2390 1585 2604 1638 Habent
2646 1584 2830 1655 utique
2870 1585 3252 1639 emulationem
3293 1587 3409 1651 Dei,
3457 1588 3551 1641 sed
3586 1603 3701 1641 non

400 1693 422 1722 α
458 1674 674 1742 Moyses
722 1670 867 1725 enim
907 1668 1121 1739 scripsit
1166 1667 1337 1739 [dixit]
1374 1686 1386 1721 :
1436 1667 1693 1739 quoniam
1736 1666 1997 1735 justitiam

398 1784 419 1809 «
458 1778 579 1832 quae
630 1776 695 1815 ex
743 1759 866 1831 lege
915 1765 996 1812 est
1044 1756 1135 1829 qui
1181 1755 1372 1813 fecerit
1411 1758 1592 1824 homo,
1643 1755 1787 1809 vivet
1834 1755 1888 1809 in
1936 1772 1996 1810 ea

403 1872 426 1900 α
463 1850 661 1917 (Leuit.
695 1864 837 1915 xvu,
891 1847 965 1917 ὃ).
1021 1845 1156 1913 Quae
1207 1854 1387 1900 autem
1438 1862 1502 1900 ex
1534 1844 1641 1899 fide
1672 1853 1753 1898 est
1790 1843 1998 1913 justitia

403 1964 423 1987 ‹‹
460 1939 539 1994 sic
569 1937 721 1994 dicit.
771 1937 853 1990 Ne
886 1935 1091 1990 dixeris
1130 1935 1183 1989 in
1231 1934 1396 1989 corde
1444 1942 1537 1988 tuo
1570 1933 1690 2005 quis
1738 1933 1998 1987 ascendet

404 2054 423 2075 υ
460 2028 516 2082 in
545 2027 743 2083 coelum
778 2026 965 2093 (Deut.
999 2038 1137 2092 xxx,
1176 2024 1263 2092 il)
1301 2038 1312 2076 :
1346 2023 1399 2076 id
1432 2030 1513 2077 est
1534 2021 1807 2076 Christum
1827 2021 1998 2075 dedu-

403 2141 425 2164 «
464 2132 625 2180 cere;
670 2122 758 2169 aut
826 2113 946 2185 quis
1003 2111 1302 2168 descendet
1347 2111 1401 2164 in
1445 2112 1722 2182 abyssum,
1768 2111 1870 2164 hoc
1919 2118 2000 2164 est

404 2228 426 2257 α
481 2204 751 2259 Christum
782 2219 813 2257 a
870 2201 1097 2257 mortuis
1159 2202 1467 2256 revocare?
1528 2200 1633 2255 Sed
1701 2199 1830 2270 quid
1873 2199 2000 2253 dicit

404 2315 426 2345 α
466 2293 791 2364 Scriptura?
835 2293 1011 2361 Prope
1059 2297 1141 2344 est
1188 2290 1411 2344 verbum
1462 2288 1517 2341 in
1566 2304 1663 2343 ore
1712 2295 1801 2342 tuo
1847 2295 1899 2342 et
1946 2287 2001 2341 in

402 2406 425 2431 α
463 2382 624 2439 corde
685 2389 775 2435 tuo
843 2380 1030 2451 (Deut.
1097 2394 1233 2444 xxx,
1304 2378 1413 2447 14).
1466 2377 1579 2432 Hoc
1642 2386 1723 2431 est
1777 2377 2000 2431 verbum

403 2495 425 2519 ‹‹
461 2470 586 2526 fidei
649 2469 794 2541 quod
860 2467 1236 2539 praedicamus,
1307 2466 1434 2537 quia
1483 2466 1529 2519 si
1584 2465 1894 2521 confitearis
1946 2466 2001 2518 in

405 2582 427 2611 α
464 2576 559 2615 ore
603 2568 697 2614 tuo
743 2557 1033 2613 Dominum
1081 2558 1287 2623 Jesum,
1321 2564 1372 2610 et
1420 2555 1476 2609 in
1517 2555 1685 2610 corde
1735 2562 1825 2609 tuo
1876 2570 1999 2609 cre-

406 2673 427 2698 «
465 2648 671 2704 dideris
733 2647 879 2719 quod
936 2648 1084 2701 Deus
1144 2645 1296 2699 illum
1364 2643 1613 2698 excitavit
1681 2642 2000 2715 [suscitavit]

409 2762 429 2787 ‹‹
467 2754 499 2792 a
562 2736 809 2800 mortuis,
891 2734 1070 2789 salvus
1135 2733 1261 2788 eris.
1315 2732 1490 2786 Corde
1554 2732 1697 2786 enim
1780 2731 2001 2803 [autem]

408 2850 431 2879 π
468 2826 706 2883 creditur
734 2824 801 2878 ad
830 2823 1111 2893 justitiam,
1159 2838 1253 2877 ore
1301 2829 1482 2876 autem
1530 2820 1798 2875 confessio
1847 2819 1903 2873 tit
1933 2820 2001 2873 ad

411 2941 432 2964 α
470 2916 719 2971 salutem.
753 2912 895 2969 Dicit
924 2912 1070 2967 enim
1103 2911 1378 2981 Scriptura
1412 2928 1424 2964 :
1475 2909 1665 2965 Omnis
1713 2908 1803 2980 qui
1834 2909 2001 2963 credit

412 3028 435 3059 ι
470 3006 527 3059 in
555 3004 722 3069 illum,
758 3018 865 3057 non
898 2972 1279 3056 confundetur.
1299 3000 1419 3053 Non
1441 2998 1584 3053 enim
1613 3006 1696 3052 est
1732 2972 2005 3052 distinctio
2037 2972 2083 3032 Ο

412 3116 434 3145 α
472 3093 644 3148 Judaei
686 3099 739 3146 et
787 3089 984 3145 Graeci.
1043 3090 1182 3143 Nam
1227 3088 1370 3142 idem
1416 3087 1680 3141 Dominus
1742 3086 2002 3151 omniurn,

407 3206 429 3231 «
466 3183 620 3237 dives
650 3181 705 3234 in
733 3195 923 3236 omnes
954 3178 1045 3249 qui
1071 3177 1326 3233 invocant
1377 3176 1545 3231 illum.
1616 3175 1807 3231 Omnis
1864 3176 2008 3229 enim

412 3296 434 3321 α
474 3272 779 3343 quicunque
820 3266 1148 3323 invocaverit
1194 3283 1394 3322 nomen
1422 3266 1659 3335 Domini,
1694 3265 1875 3320 salvus
1908 3265 2010 3319 erit

410 3385 432 3408 «ι
467 3361 626 3433 (Joel.
653 3376 711 3425 ιι,
746 3360 854 3428 32).
890 3358 1176 3426 Quomodo
1206 3372 1342 3429 ergo
1388 3355 1731 3423 invocabunt,
1764 3355 1819 3408 in
1848 3371 2009 3425 quem

411 3474 431 3498 «
470 3466 578 3506 non
618 3448 962 3505 crediderunt
990 3452 1011 3503 ?
1045 3449 1151 3501 Aut
1198 3445 1470 3519 quomodo
1493 3445 1711 3501 credent
1744 3443 1811 3508 ei,
1848 3460 2010 3514 quem

414 3561 435 3590 σι
471 3555 581 3594 non
655 3537 984 3592 audierunt?
1052 3536 1341 3605 Quomodo
1388 3542 1566 3588 autem
1617 3533 1837 3587 audient
1895 3532 2011 3585 sine

414 3650 436 3679 α
472 3627 852 3698 praedicante?
914 3625 1201 3694 Quomodo
1251 3639 1383 3678 vero
1449 3620 1849 3692 praedicabunt,
1909 3619 2009 3674 nisi

414 3716 793 3769 «mittantur?
840 3714 987 3769 Sicut
1036 3713 1299 3783 scriptum
1349 3719 1431 3765 est
1485 3726 1496 3763 :
1551 3709 1725 3777 Quam
1779 3708 2012 3779 speciosi

416 3828 437 3856 (ι
473 3805 641 3876 pedes
706 3802 1191 3873 evangelizantium
1254 3816 1464 3871 pacem,
1530 3798 2012 3868 avangelizantium

416 3916 438 3946 α
466 3894 607 3948 bona
628 3892 639 3947 l
662 3894 789 3959 (Isa.
816 3893 955 3957 Lu,7
976 3911 988 3957 ;
1008 3892 1212 3947 Naum.
1236 3906 1273 3955 ι,
1303 3890 1413 3959 15.)
1435 3888 1541 3943 Sed
1559 3904 1665 3942 non
1679 3903 1868 3942 omnes
1884 3888 2014 3941 obe-

417 4002 438 4035 ¢
476 3983 627 4037 diunt
662 3980 978 4051 Evangelio.
1012 3979 1182 4033 Isaias
1212 3978 1357 4034 enim
1400 3977 1527 4032 dicit
1564 3993 1575 4030 :
1610 3977 1857 4041 Domine,
1895 3976 2014 4047 quis

418 4094 441 4124 ι
477 4072 705 4128 credidit
737 4070 946 4125 auditui
975 4069 1212 4124 nostro?
1258 4069 1385 4138 (Isa.
1422 4083 1536 4132 Lm,
1576 4066 1651 4137 1.)
1697 4067 1849 4139 Ergo
1882 4065 2015 4119 fides

421 4185 444 4213 α
480 4180 547 4219 ex
590 4161 773 4216 auditu
828 4176 839 4213 :
892 4160 1107 4213 auditus
1178 4166 1356 4213 autem
1402 4174 1503 4228 per
1548 4156 1771 4211 verbum
1822 4154 2018 4209 Christi

423 4275 445 4302 ι
479 4250 645 4326 [Dei].
717 4249 821 4303 Sed
872 4248 1041 4304 dico:
1089 4246 1342 4319 Nunquid
1416 4262 1525 4301 non
1572 4246 1904 4299 audierunt?
1952 4244 2019 4297 Et

2102 1673 2411 1728 secundum
2434 1676 2756 1728 scientiam.
2780 1674 2904 1728 Non
2930 1675 3073 1728 enim
3102 1674 3335 1729 scienter
3364 1675 3443 1730 sic
3473 1674 3705 1746 diligunt

2098 1761 2297 1832 legem,
2333 1762 2419 1816 vel
2454 1762 2531 1817 sic
2560 1762 2916 1834 indignantur
2944 1778 3043 1833 pro
3074 1763 3215 1835 lege.
3248 1763 3380 1818 Inde
3410 1763 3483 1817 ait
3516 1764 3705 1818 beatus

2097 1852 2290 1905 Petrus
2328 1869 2339 1903 :
2378 1875 2397 1897 α
2437 1852 2580 1915 Scio,
2624 1850 2839 1919 fratres,
2875 1851 3000 1923 quia
3038 1868 3138 1921 per
3184 1852 3546 1924 ignorantiam
3573 1852 3705 1907 feci-

2100 1939 2196 1993 stis
2216 1940 2359 2009 (Act.
2389 1955 2470 2007 ιιι,
2500 1941 2608 2005 i7),
2639 1961 2659 1989 ν
2689 1941 2951 1995 etc.Vere
2966 1957 3073 1995 non
3088 1941 3384 1996 secundum
3398 1941 3700 2006 scientiam,

2100 2046 2237 2083 nam
2269 2030 2381 2101 ipsi
2410 2030 2739 2099 ignorantes
2780 2030 3077 2100 justitiam
3107 2031 3226 2095 Dei,
3274 2030 3327 2084 id
3379 2038 3460 2085 est
3487 2046 3706 2084 omnem

2092 2115 2535 2185 justilicationem
2568 2134 2632 2171 ex
2664 2117 2782 2172 solo
2806 2119 2920 2172 Deo
2952 2134 3094 2183 esse,
3126 2124 3183 2173 et
3229 2124 3541 2191 quaerentes
3580 2124 3705 2173 sta—

2103 2209 2280 2270 tuere,
2314 2206 2368 2260 id
2399 2215 2481 2260 est
2529 2204 2854 2261 confirmare
2902 2224 3065 2262 suam
3106 2207 3366 2275 justitiam
3421 2208 3566 2278 quod
3605 2224 3707 2277 per

2101 2295 2338 2349 carnalia
2366 2310 2532 2365 Opera
2564 2295 2702 2366 legis
2720 2294 3145 2363 justiﬁcarentur
3180 2314 3191 2349 :
3217 2312 3338 2367 quae
3354 2296 3540 2367 utique
3555 2296 3707 2365 justi-

2100 2382 2170 2436 tia
2200 2399 2307 2438 non
2341 2384 2459 2447 Dei,
2492 2385 2590 2438 sed
2621 2400 2809 2438 eorum
2841 2393 3003 2439 esset.
3039 2386 3153 2440 Hoc
3181 2385 3367 2456 utique
3398 2393 3707 2456 quaerentes

2101 2490 2215 2529 non
2240 2477 2377 2527 sunt
2394 2474 2636 2544 subjecti
2652 2474 2898 2543 justitia?
2921 2476 3041 2539 Dei,
3058 2473 3112 2527 id
3131 2481 3212 2528 est
3231 2475 3345 2528 Deo
3354 2472 3669 2541 justificanti
3689 2492 3701 2527 :

2102 2562 2198 2615 sed
2230 2562 2414 2631 potius
2462 2562 2783 2633 derogando
2841 2564 2976 2627 Deo,
3030 2563 3295 2630 justitiam
3325 2580 3447 2633 quae
3494 2562 3591 2616 Dei
3622 2570 3704 2618 est

2101 2650 2446 2705 ascribebant
2477 2651 2602 2704 sibi.
2642 2652 2781 2705 Vere
2800 2651 3019 2719 justitia:
3041 2652 3139 2705 Dei
3168 2667 3276 2705 non
3306 2659 3430 2705 sunt
3458 2651 3702 2719 subjecti.

2100 2740 2235 2792 Nam
2268 2738 2482 2793 Christo
2514 2739 2803 2793 noluerunt
2845 2739 3073 2807 subjici;
3110 2740 3203 2810 qui
3236 2739 3491 2795 Christus
3522 2744 3607 2795 est
3635 2740 3706 2794 ad

2091 2828 2385 2897 justitiam
2403 2829 2557 2881 omni
2578 2829 2849 2894 credenti,
2877 2828 2930 2881 id
2953 2829 3137 2899 estqui
3157 2844 3376 2883 omnem
3396 2830 3704 2883 credentem

2098 2914 2372 2983 justiﬁcat.
2399 2916 2645 2970 Christus
2658 2916 2798 2985 dico,
2823 2917 3006 2987 quiest
3024 2915 3146 2970 finis
3167 2916 3326 2987 legis,
3344 2926 3395 2971 et
3409 2917 3707 2972 secundum

2106 3004 2472 3074 impletionem
2504 3006 2638 3073 ejus,
2672 3013 2723 3059 et
2763 3006 3062 3060 secundum
3108 3006 3212 3060 hoc
3259 3006 3399 3076 quod
3459 3006 3707 3060 veniente

2112 3092 2269 3148 59
2307 3093 2522 3148 Christo
2540 3092 2687 3147 finita
2712 3102 2793 3148 est
2836 3094 2920 3147 lex
2952 3094 3064 3159 illa,
3090 3103 3142 3148 et
3159 3094 3270 3161 jam
3306 3111 3407 3164 per
3437 3094 3705 3148 Christum

2108 3183 2285 3237 locum
2315 3182 2477 3237 habet
2508 3183 2702 3254 gratia.
2739 3184 2876 3237 Vere
2907 3182 3155 3237 Christus
3185 3190 3269 3237 est
3316 3183 3382 3235 ad
3416 3182 3700 3251 justitiam,

2109 3287 2233 3325 nam
2264 3272 2349 3325 lex
2382 3288 2490 3326 non
2521 3280 2602 3325 est
2632 3272 2698 3325 ad
2725 3272 3007 3339 justitiam.
3051 3273 3253 3343 Moyses
3281 3274 3434 3327 enim
3466 3272 3541 3326 sic
3570 3273 3710 3327 scri~

2109 3363 2241 3434 psit,
2268 3363 2555 3433 quoniam,
2581 3360 2635 3413 id
2666 3368 2749 3415 est
2793 3361 2938 3431 quod
2986 3362 3148 3415 homo
3180 3360 3271 3431 qui
3318 3360 3504 3416 fecerit
3526 3362 3710 3431 justi-

2115 3452 2277 3515 tiam,
2306 3467 2427 3521 quae
2449 3454 2529 3505 est
2563 3466 2635 3503 ea:
2672 3450 2807 3519 lege,
2842 3449 2896 3502 id
2928 3458 3009 3503 est
3040 3449 3286 3503 carnales
3333 3449 3710 3503 observantias

2111 3554 2248 3609 quas
2279 3538 2518 3607 prazcipit
2547 3537 2652 3603 lex,
2687 3536 2802 3606 ipse
2833 3539 2979 3592 vivet
3014 3540 3075 3592 in
3101 3554 3165 3593 ea
3205 3539 3403 3606 (chit.
3455 3553 3614 3601 xvut,
3651 3536 3707 3607 5)

2111 3626 2254 3697 lege,
2287 3626 2342 3679 id
2375 3635 2456 3679 est
2485 3627 2589 3680 hoc
2611 3625 2782 3679 solum
2808 3626 3025 3680 habebit
3049 3642 3114 3680 ex
3134 3626 3445 3695 impletione
3478 3625 3713 3681 carnalis

2112 3716 2267 3787 legis,
2305 3715 2449 3785 quod
2498 3730 2605 3769 non
2654 3715 2911 3769 morietur
2953 3715 3158 3781 judicio
3207 3715 3368 3786 legis.
3421 3714 3525 3782 Qui
3569 3714 3716 3768 enim

2113 3806 2292 3875 legem
2316 3803 2459 3869 facit,
2494 3819 2709 3873 pcnnam
2744 3804 3087 3858 solummodo
3109 3803 3310 3867 evadit,
3345 3804 3441 3857 sed
3470 3819 3569 3873 per
3595 3820 3718 3856 eam

2113 3909 2223 3947 non
2264 3890 2605 3961 justificatur.
2656 3893 2735 3945 De
2783 3892 2989 3961 justitia
3034 3892 3173 3964 legis
3223 3892 3303 3947 sic
3349 3892 3439 3945 ait.
3492 3892 3598 3945 Sed
3646 3892 3717 3946 de

2105 3983 2343 4053 justitia
2365 3998 2486 4053 qum
2507 3985 2591 4035 est
2622 3998 2694 4035 ex
2717 3981 2843 4049 ﬁde,
2870 3981 2947 4035 sic
2976 3980 3105 4034 dicit
3153 3980 3296 4035 idem
3344 3981 3559 4050 Moyses
3594 3998 3607 4033 :
3639 3982 3719 4035 Ne

2117 4071 2332 4127 dixeris
2362 4072 2425 4124 in
2455 4072 2616 4126 corde
2633 4075 2746 4133 tuo,
2773 4070 2827 4122 id
2842 4078 2940 4133 est,
2965 4085 3066 4124 nec
3090 4069 3253 4125 corde
3284 4070 3477 4124 credas
3500 4085 3599 4123 nec
3622 4084 3717 4124 ore

2116 4160 2353 4231 loquaris
2366 4161 2498 4214 hoc:
2526 4160 2656 4225 Quis
2672 4159 2926 4213 ascendit
2940 4160 3001 4212 in
3016 4160 3218 4213 cadum
3230 4158 3256 4210 ‘?
3268 4158 3457 4229 (Deut.
3474 4174 3611 4223 xxx,
3630 4159 3722 4227 12)

2118 4249 2172 4302 id
2201 4256 2282 4302 est
2315 4265 2382 4302 ne
2413 4248 2627 4302 dubites
2659 4249 2818 4302 etiam
2851 4248 3118 4318 quosdam
3167 4247 3484 4302 ascendisse
3515 4247 3568 4299 in
3598 4262 3716 4302 ca:-

423 4365 447 4392 «
482 4340 700 4412 quidem
732 4339 786 4392 in
818 4354 1035 4393 omnem
1066 4345 1269 4391 terram
1311 4336 1475 4391 exivit
1507 4351 1672 4390 sonus
1728 4350 1936 4401 eorum,
1970 4339 2020 4386 et
2042 4336 2093 4394 D
2121 4336 2251 4403 lum,
2285 4344 2338 4390 et
2368 4337 2547 4391 adhuc
2595 4352 2947 4407 quoscunque
2989 4336 3164 4403 justos
3209 4351 3537 4390 ascensuros
3568 4351 3709 4389 esse.

423 4454 443 4478 «
478 4430 535 4483 in
562 4429 697 4483 lines
725 4427 874 4483 orbis
906 4435 1062 4482 terrae
1108 4427 1271 4482 verba
1301 4442 1489 4480 eorum
1534 4425 1707 4493 (Psal.
1748 4438 1907 4486 xvm,
1940 4422 2015 4489 ὃ).

423 4542 446 4571 α
483 4519 590 4575 Sed
619 4518 742 4573 dico
777 4534 788 4572 :
823 4516 1078 4587 Nunquid
1128 4516 1294 4570 Israel
1342 4530 1449 4570 nou
1478 4513 1780 4585 cognovit?
1810 4511 2020 4564 Primus

426 4634 447 4657 «ι
486 4610 702 4679 Moyses
732 4607 861 4663 dicit
910 4608 1099 4675 (Deut.
1136 4620 1322 4669 xxxu,
1362 4605 1414 4675 1)
1450 4619 1461 4656 :
1496 4604 1614 4674 Ego
1665 4601 1734 4655 ad
1791 4599 2020 4655 aemula-

426 4722 446 4746 κ
486 4698 689 4753 tionem
718 4713 816 4752 vos
848 4696 1117 4750 adducam
1148 4695 1201 4748 in
1252 4710 1360 4747 non
1408 4700 1647 4765 gentem,
1700 4690 1753 4743 in
1804 4696 2021 4760 gentem

426 4809 449 4838 ι
481 4787 862 4857 insipientem,
908 4785 963 4838 in
1010 4785 1144 4838 iram
1194 4799 1290 4838 vos
1353 4781 1582 4835 mittam.
1627 4779 1797 4833 Isaias
1845 4787 2023 4832 autem

429 4899 451 4922 α
490 4876 670 4943 audet,
707 4882 756 4929 et
789 4873 918 4928 dicit
952 4891 964 4927 :
1013 4874 1269 4927 Inventus
1313 4887 1431 4925 sum
1461 4887 1491 4923 a
1520 4885 1628 4924 non
1659 4867 2022 4940 quaerentibus

432 4988 454 5015 α
491 4981 597 5029 me,
631 4964 810 5034 palam
840 4962 1063 5033 apparui
1090 4961 1175 5014 his
1207 4960 1298 5032 qui
1331 4976 1418 5015 me
1457 4975 1569 5013 non
1620 4957 2024 5027 interrogabant

431 5076 453 5103 ιι
489 5054 618 5125 (lsa.
652 5068 781 5118 va,
818 5052 890 5119 1).
940 5051 1023 5104 Ad
1078 5050 1247 5105 Israel
1297 5058 1476 5104 autem
1507 5048 1630 5104 dicit
1667 5066 1680 5101 :
1718 5069 1738 5097 «
1774 5047 1907 5100 Tota
1937 5044 2024 5099 die

433 5167 455 5195 (ι
493 5142 724 5213 expandi
770 5156 960 5194 manus
1010 5155 1160 5193 meas
1208 5140 1275 5193 ad
1325 5139 1585 5210 populum
1632 5152 1741 5191 non
1791 5135 2024 5190 creden-

435 5257 456 5280 α
494 5242 619 5302 tem,
648 5231 745 5287 sed
776 5229 1236 5285 contradicentem
1266 5229 1396 5283 mihi
1445 5230 1599 5300 (Ibid.
1646 5248 1695 5296 v,
1728 5232 1804 5301 2).
1841 5246 1862 5273 ι

1048 5387 1357 5427 EXPOSITIO.

504 5491 584 5545 Ne
629 5491 751 5561 quia
801 5490 962 5545 modo
1006 5488 1215 5545 dixerat
1251 5504 1262 5543 :
1316 5489 1483 5546 Israel
1532 5505 1638 5545 non
1682 5491 1931 5561 pervenit
1973 5491 2029 5547 in

2122 4426 2180 4479 Id
2194 4426 2338 4479 enim
2359 4424 2559 4489 dicere,
2581 4426 2712 4492 Quis
2734 4425 2983 4479 ascendit
3012 4426 3074 4478 in
3098 4425 3319 4490 caelum,
3341 4428 3425 4477 est
3447 4424 3720 4478 deducere

2127 4516 2413 4570 Christum
2443 4514 2510 4567 de
2541 4514 2697 4578 cmlo,
2732 4513 2785 4566 id
2817 4520 2899 4567 est
2946 4528 3148 4584 negare
3198 4512 3344 4583 quod
3393 4512 3635 4566 Christus
3668 4511 3718 4564 in

2123 4604 2323 4659 cmlum
2351 4603 2679 4657 ascenderit.
2715 4605 2820 4655 Aut
2847 4618 2918 4657 ne
2949 4603 3166 4656 dixeris
3192 4602 3254 4655 in
3285 4602 3446 4656 corde
3470 4605 3564 4655 tuo
3594 4602 3719 4672 quis

2124 4692 2411 4748 descendit
2441 4693 2501 4746 in
2530 4693 2807 4763 abyssum,
2842 4690 2894 4744 id
2917 4698 2999 4743 est
3032 4690 3087 4743 in
3126 4688 3395 4744 infernum
3424 4694 3445 4744 ?
3476 4689 3600 4759 quia
3622 4690 3721 4744 hoc

2125 4782 2310 4836 dicere
2345 4784 2427 4835 est
2454 4796 2712 4836 revocare
2745 4779 3032 4834 Christum
3054 4795 3127 4833 ex
3150 4780 3410 4845 mortuis,
3443 4778 3588 4849 quod
3620 4793 3722 4832 nec

2127 4870 2373 4924 Christus
2408 4877 2649 4922 mortuus
2670 4869 2736 4922 ad
2767 4868 3037 4922 infernum
3067 4867 3431 4930 descenderit,
3451 4883 3550 4920 nec
3595 4865 3721 4919 inde

2126 4960 2398 5013 Abraham
2432 4965 2756 5028 sanctosque
2788 4973 2916 5011 suos
2947 4955 3294 5017 abstraxerit,
3331 4956 3473 5026 quod
3504 4963 3721 5008 utrum-

2126 5064 2230 5119 que
2262 5056 2449 5102 contra
2500 5045 2661 5099 fidem
2712 5053 2812 5099 est.
2860 5047 2975 5100 Hoc
3025 5062 3091 5099 ne
3140 5044 3455 5111 credideris,
3489 5044 3586 5097 sed
3617 5044 3722 5098 hoc

2127 5137 2272 5208 quod
2307 5135 2549 5207 sequitur
2578 5135 2762 5189 crede.
2791 5134 2929 5200 Quid
2953 5134 3095 5188 enim
3118 5133 3261 5188 dicit
3292 5134 3593 5203 Scriptura
3625 5147 3726 5201 per

2129 5226 2379 5280 eumdem
2412 5225 2635 5295 Moysen
2656 5224 2682 5277 ‘l
2714 5226 2887 5295 Prope
2918 5227 3003 5277 est
3035 5223 3257 5277 verbum
3300 5223 3361 5275 in
3392 5237 3485 5275 ore
3518 5224 3634 5285 tuo,
3668 5220 3724 5273 id

2130 5322 2233 5379 est,
2266 5322 2509 5385 paratum
2543 5322 2625 5367 est
2656 5313 2885 5367 verbum
2914 5311 3196 5366 doctrina).
3230 5310 3330 5363 Vel
3362 5308 3590 5363 verbum
3626 5308 3726 5361 Dei

2129 5403 2373 5458 Christus
2400 5404 2463 5457 in
2495 5418 2588 5458 ore
2622 5406 2734 5469 tuo,
2768 5409 2824 5455 ut
2870 5398 3203 5466 confitearis,
3237 5406 3288 5453 et
3336 5397 3730 5452 rationabiliter

2130 5492 2333 5549 tuearis
2361 5492 2514 5547 illud.
2547 5493 2617 5546 Et
2646 5492 2749 5547 hoc
2775 5490 2927 5562 idem
2976 5490 3223 5553 verbum,
3255 5502 3425 5559 prope
3453 5493 3535 5541 est
3566 5484 3728 5541 etiam
