3960 6036
264 175 331 226 89
873 172 1252 229 EXPOSITIO
1312 174 1385 228 IN
1438 170 1820 227 EPISTOLAS
1876 171 2103 227 PAULI.
2135 171 2306 227 -ΙΝ
2359 169 2578 227 EPIST.
2638 171 2731 225 AD
2779 169 2955 226 ROM.
3500 171 3568 223 90

267 296 331 349 in
363 295 527 352 corde
559 300 655 349 tuo
687 296 873 364 (Deut.
904 311 1047 360 xxx,
1073 299 1181 366 14),
1214 304 1268 350 ut
1287 297 1479 352 credas
1500 297 1658 351 illud.
1690 298 1757 351 Et
1778 298 1876 353 hoc
1896 298 1949 357 Α
1982 317 2003 345 ι
2039 296 2214 364 Quam
2263 295 2496 367 speciosi
2526 303 2650 349 sunt
2679 296 2866 366 pedes,
2900 295 2955 349 id
2995 302 3078 350 est
3107 293 3370 350 adventus
3401 309 3568 349 evan-

265 384 496 439 verbum
514 384 659 454 quod
689 400 861 454 prope
877 402 997 439 esse
1019 385 1159 448 dico,
1186 390 1269 440 est
1291 387 1515 441 verbum
1536 387 1684 454 ﬁdei,
1705 386 1760 439 id
1777 393 1877 452 est,

266 470 513 526 doctrina
569 473 766 527 habilis
825 475 893 528 ad
963 474 1315 529 credendum.
1374 475 1471 529 Vel
1528 475 1771 528 Christus
1827 473 1881 527 in

268 576 436 631 quem
467 561 855 617 convenienter
884 563 1034 618 credi
1061 571 1292 633 Oportet,
1324 563 1467 636 quod
1521 564 1751 617 verbum
1779 578 1880 618 nos

265 650 666 720 praedicamus.
710 652 845 717 Hoc,
880 652 1105 720 scilicet,
1139 652 1265 707 inde
1310 652 1691 723 praadicamus,
1725 654 1876 724 quia,

267 738 323 792 id
339 746 444 803 est,
468 739 612 809 quod
632 740 683 794 si
704 741 1026 809 conﬁtearis
1039 743 1343 796 Dominum
1360 743 1549 797 Jesu-m
1566 742 1625 795 in
1647 757 1740 797 ore
1759 745 1879 807 tuo,

266 830 324 880 et
356 827 672 882 Credideris
703 829 765 883 in
791 830 952 885 corde
985 834 1100 895 tuo,
1135 831 1278 902 quod
1314 831 1459 884 Deus
1490 831 1767 884 excitavit
1800 831 1878 883 il-

269 915 393 969 lum
423 933 456 970 a
487 918 751 985 mortuis,
785 924 837 971 et
892 933 1231 989 quaecunque
1278 918 1639 988 impossibilia
1695 918 1763 971 de
1814 934 1879 973 eo

266 1003 485 1066 credas,
518 1020 622 1059 nec
656 1005 835 1077 legem
868 1014 1076 1060 natura
1104 1006 1344 1075 potuisse
1400 1006 1505 1076 ipsi
1560 1006 1824 1061 obsistere
1862 1024 1873 1059 :

266 1090 313 1144 si
346 1092 472 1155 hoc,
506 1092 698 1163 inquit,
734 1093 1062 1159 confitearis,
1098 1103 1149 1148 et
1174 1096 1386 1161 credas,
1422 1110 1530 1149 non
1587 1095 1763 1149 solum
1790 1094 1877 1149 vi—

263 1196 363 1234 ves
388 1180 496 1233 vita
513 1182 788 1251 praesenti,
819 1191 875 1236 ut
904 1199 1002 1253 per
1030 1184 1227 1253 legem,
1253 1185 1350 1238 sed
1383 1185 1542 1238 etiam
1555 1186 1743 1239 salvus
1766 1186 1876 1239 eris

264 1269 615 1324 aeternaliter.
633 1272 773 1325 Vere
805 1272 849 1325 si
876 1272 1042 1326 corde
1062 1272 1375 1338 credideris,
1402 1272 1712 1327 salvaberis.
1735 1274 1877 1327 Nam

262 1359 431 1413 corde
461 1359 719 1414 creditur
750 1360 822 1414 ad
852 1361 1159 1415 habendam
1185 1362 1499 1432 justitiam,
1534 1362 1589 1415 id
1620 1361 1877 1429 estjusti-

265 1445 581 1501 ﬁcationem
611 1464 640 1500 a
670 1449 929 1517 peccatis.
966 1449 1068 1516 Qui
1125 1457 1303 1503 autem
1326 1449 1648 1518 justiticatus
1674 1458 1773 1513 est,
1808 1451 1876 1504 de

268 1536 569 1590 salvatione
617 1553 843 1591 securus
872 1546 971 1592 est.
1025 1539 1091 1591 Et
1130 1555 1256 1593 vere
1316 1538 1361 1591 si
1417 1539 1727 1593 confitearis
1757 1554 1871 1607 ore,

266 1625 591 1679 salvaberis.
617 1626 757 1679 Nam
785 1626 1058 1681 confessio
1098 1628 1164 1695 ﬁt
1195 1644 1287 1683 ore
1320 1628 1391 1682 ad
1432 1628 1874 1698 consequendam
1896 1658 1946 1717 B
1978 1622 2232 1677 diderunt
2286 1639 2297 1676 :

270 1723 539 1769 mternam
571 1716 836 1771 salutem.
871 1716 998 1770 Ideo
1023 1717 1416 1787 salutem(quia
1446 1717 1616 1785 majus
1639 1717 1871 1786 videtur)

270 1804 455 1874 posuit
479 1804 551 1857 ad
607 1803 1007 1859 confessionem
1039 1806 1171 1860 oris.
1230 1807 1344 1861 Hoc
1402 1806 1545 1859 enim
1601 1804 1869 1870 conﬁteri,

273 1893 486 1948 scilicet
519 1894 711 1959 Deum,
746 1910 1001 1965 magnum
1050 1903 1101 1948 et
1144 1894 1472 1964 praecipuum
1501 1902 1614 1949 erat
1647 1895 1701 1948 in
1733 1903 1873 1949 tem-

269 1998 409 2053 pore
441 1983 686 2051 Apostoli
742 1983 997 2038 saeviente
1031 1984 1409 2054 persecutione
1444 2003 1457 2038 :
1492 2000 1599 2055 quo
1630 1993 1872 2054 tempore

270 2071 431 2125 multi
462 2087 591 2125 sane
627 2073 915 2127 credentes
935 2089 1043 2127 non
1066 2073 1335 2127 audebant
1366 2074 1543 2143 palam
1573 2073 1739 2144 loqui,
1771 2089 1873 2128 nec

273 2158 546 2215 conﬁteri.
608 2161 807 2215 Probat
846 2162 991 2233 quod
1041 2162 1332 2217 credulitas
1362 2162 1541 2217 cordis
1591 2161 1868 2231 justiticet,

271 2250 342 2303 ab
392 2250 713 2304 auctoritate
772 2251 1068 2321 Scriptura:
1120 2268 1132 2303 :
1185 2267 1288 2306 nec
1343 2260 1520 2306 tamen
1551 2251 1873 2306 determinat

270 2339 432 2406 cujus
478 2339 546 2392 sit
606 2339 867 2408 scriptura
902 2354 913 2392 :
949 2340 1045 2394 sed
1074 2339 1127 2393 in
1159 2339 1386 2409 psalmis
1415 2340 1687 2395 multoties
1717 2357 1871 2411 mque

268 2427 458 2484 valens
498 2428 787 2483 invenitur.

342 2518 485 2571 Vere
517 2518 678 2573 corde
698 2518 954 2572 creditur
981 2519 1053 2573 ad
1086 2521 1390 2575 iustitiam.
1424 2519 1562 2572 Nam
1595 2518 1873 2589 Scriptura

267 2605 399 2660 dicit
435 2623 446 2658 :
482 2609 695 2670 Omnis,
734 2606 849 2661 sive
879 2607 1119 2671 Judaeus,
1153 2607 1266 2662 sive
1297 2608 1532 2679 gentilis,
1566 2608 1661 2680 qui
1692 2608 1870 2662 credit

267 2696 334 2748 in
356 2696 527 2749 illum
549 2711 708 2765 quem
732 2697 879 2750 Deus
910 2696 1159 2750 excitavit
1181 2711 1213 2750 a
1229 2696 1477 2763 mortuis,
1493 2713 1608 2752 non
1630 2700 1872 2767 confun-

273 2782 477 2847 detur,
518 2784 571 2837 id
603 2792 684 2837 est
722 2800 832 2839 non
878 2784 1163 2839 erubescet
1193 2785 1350 2855 quasi
1388 2785 1530 2839 male
1558 2785 1868 2840 crediderit.

270 2873 421 2926 Bene
440 2871 562 2927 dico
574 2874 776 2927 omnis.
803 2875 939 2928 Nam
962 2888 1072 2927 non
1101 2882 1183 2928 est
1205 2874 1477 2929 distinctio
1496 2874 1636 2944 apud
1662 2876 1835 2929 Deum
1858 2892 1871 2929 :

268 2957 447 3010 Judaei
471 2965 521 3011 et
552 2957 745 3021 Graeci,
780 2957 832 3010 id
863 2967 944 3012 est
976 2959 1122 3012 Deus
1144 2958 1195 3010 in
1220 2958 1517 3013 salvatione
1534 2975 1633 3012 sua
1660 2958 1873 3014 indiffe-

267 3053 461 3100 renter
491 3046 687 3115 accipit
716 3047 963 3101 Judaeum
1021 3055 1078 3101 ut
1133 3047 1411 3120 gentilem,
1445 3055 1497 3102 et
1525 3047 1783 3117 gentilem
1815 3057 1871 3102 ut

266 3136 537 3188 Judaeum.
564 3136 702 3189 Vere
735 3137 877 3205 apud
902 3137 1074 3190 Deum
1104 3137 1255 3191 nulla
1284 3145 1367 3191 est
1397 3136 1667 3190 distinctio
1698 3136 1871 3191 .ludzei

276 3233 331 3278 et
360 3224 582 3294 gentilis
618 3239 629 3277 :
662 3239 788 3278 nam
819 3225 968 3280 idem
1004 3234 1086 3280 est
1133 3227 1403 3282 Dominus
1452 3228 1727 3280 omnium.
1764 3224 1870 3293 Qui

220 3331 225 3334 ‘
271 3314 416 3367 enim
450 3313 653 3367 creavit
682 3330 867 3380 unum,
903 3314 1105 3369 creavit
1138 3323 1190 3369 et
1218 3315 1475 3369 alterum.
1517 3316 1670 3370 Unde
1694 3331 1869 3385 appa-

269 3410 349 3455 ret
384 3402 531 3473 qnod
575 3418 781 3473 (equam
830 3402 1161 3457 voluntatem
1216 3404 1412 3457 habeat
1459 3404 1527 3457 ad
1561 3412 1867 3475 utrumque,

267 3499 322 3544 et
374 3491 511 3545 sicut
568 3490 917 3557 voluntatem,
976 3492 1054 3546 sic
1111 3493 1273 3547 etiam
1330 3493 1495 3546 habet
1550 3492 1866 3562 potentiam.

268 3580 415 3634 Nam
445 3580 561 3650 ipse
590 3589 671 3635 est
693 3581 848 3635 dives
873 3588 952 3635 :et
973 3582 1312 3635 abundanter
1342 3582 1646 3636 retribuens
1680 3584 1739 3636 in
1763 3599 1874 3637 om-

270 3687 375 3724 nes
398 3672 494 3740 qui
516 3671 783 3725 invoca-nt
812 3671 998 3725 illum.
1018 3671 1217 3725 Probat
1236 3672 1380 3741 quod
1400 3671 1673 3742 confessio
1702 3672 1769 3739 ﬁt
1799 3672 1871 3726 ad

266 3760 543 3813 salutem.
596 3759 908 3829 Respondet
958 3768 1137 3813 tamen
1187 3760 1365 3814 littera
1421 3760 1491 3813 ad
1543 3760 1867 3829 proximum.

272 3848 421 3902 Vere
442 3849 587 3902 Deus
636 3856 717 3902 est
748 3850 897 3904 dives
948 3850 1010 3903 in
1041 3865 1233 3904 omnes
1264 3849 1359 3921 qui
1383 3849 1652 3904 invocant
1682 3850 1867 3904 illum.

266 3938 409 3990 Nam
443 3938 628 3991 omnis
686 3938 1001 4008 quicunque
1059 3937 1125 3991 sit
1172 3937 1283 4001 ille,
1320 3937 1433 3991 sive
1484 3938 1723 4001 Judaeus,
1759 3937 1873 3991 sive

267 4025 515 4096 gentilis,
551 4028 645 4097 qui
675 4027 1018 4082 invocaverit
1048 4043 1254 4082 nomen
1276 4027 1519 4091 Domini,
1541 4028 1728 4081 salvus
1762 4028 1871 4081 erit

270 4115 727 4185 Quandoquidem
787 4122 998 4184 Oportet
1029 4132 1126 4169 eos
1158 4116 1410 4169 invocare
1460 4123 1517 4168 ut
1574 4115 1867 4183 salventur,

268 4220 409 4273 ergo
439 4212 651 4273 oportet
680 4219 774 4258 eos
806 4204 1040 4272 primum
1070 4205 1324 4269 credere,
1360 4211 1415 4257 ut
1470 4211 1661 4274 postea
1717 4205 1871 4260 invo-

270 4301 417 4347 cent.
448 4292 725 4359 Quomodo
757 4293 900 4347 enim
922 4294 1261 4348 invocabant
1293 4292 1440 4346 illum
1473 4294 1534 4347 in
1564 4310 1727 4365 quem
1756 4310 1871 4349 non

1983 385 2351 455 gelizantium,
2384 385 2437 439 id
2468 393 2550 439 est
2580 385 2716 439 bene
2748 384 3179 439 annuntiantium
3212 398 3399 454 pacem
3430 382 3572 438 inter

1981 474 2154 528 Deum
2186 484 2238 529 et
2263 474 2554 537 hominem,
2581 483 2632 528 et
2654 473 3138 544 evangelizantium
3172 474 3309 527 bona
3331 472 3461 544 (Isa.
3485 472 3564 541 v),

1981 562 2035 616 id
2067 571 2149 617 est
2191 564 2565 628 humilitatem,
2612 562 2934 628 castitatem,
2984 570 3036 617 et
3067 562 3150 616 his
3180 561 3391 615 similia.
3425 559 3566 629 Quia

1982 668 2142 721 supra
2171 651 2379 706 dixerat
2426 668 2491 707 eo
2541 652 2686 722 quod
2735 652 3021 705 audierunt
3068 650 3461 705 crediderunt:
3496 665 3565 704 ne

1978 748 2292 809 putaremus
2313 741 2457 811 quod
2478 741 2652 795 solum
2670 740 2855 795 audire
2878 739 3152 795 sufficeret
3172 739 3241 792 ad
3258 739 3566 793 habendam

1978 826 2140 882 fidem
2191 845 2301 883 non
2346 838 2604 900 operante
2662 829 2861 899 Spiritu
2910 836 3096 883 sancto
3142 827 3389 893 interius,
3441 827 3565 883 ait:

1977 916 2125 972 Licet
2166 918 2395 972 dixerim
2461 918 2584 988 quia
2645 918 2881 972 audient
2923 917 3154 972 credent
3188 937 3205 971 :
3239 924 3418 970 tamen
3457 931 3566 969 non

1977 1023 2169 1061 omnes
2208 1008 2302 1077 qui
2331 1007 2575 1061 audiunt
2604 1007 2869 1062 obediunt
2908 1006 3225 1081 Evangelia.
3272 1006 3386 1059 Nec
3416 1003 3566 1057 solus

1976 1095 2081 1149 hoc
2124 1094 2291 1149 dico:
2328 1096 2425 1148 sed
2456 1096 2629 1150 Isaias
2677 1110 2893 1149 mecum
2936 1094 3177 1148 sentiens
3222 1094 3362 1148 dicit
3406 1094 3510 1147 hoc
3546 1109 3558 1145 :

1982 1185 2237 1248 Domine,
2274 1184 2395 1254 quis
2421 1185 2658 1239 credidit
2688 1184 2911 1238 auditui
2931 1186 3122 1239 nostro
3145 1186 3167 1236 .9
3194 1182 3249 1235 id
3271 1189 3353 1236 est
3376 1181 3460 1235 vel
3482 1180 3565 1235 his

1977 1288 2099 1343 qua}
2128 1271 2417 1327 audierunt
2448 1288 2480 1326 a
2526 1272 2701 1340 nobis,
2752 1272 2837 1327 vel
2866 1272 2949 1325 his
2980 1288 3101 1342 qua:
3128 1286 3229 1325 nos
3260 1269 3565 1325 audivimus

1977 1376 2009 1415 a
2040 1368 2091 1416 te
2122 1368 2175 1415 et
2203 1361 2566 1415 nuntiavimus
2598 1361 2702 1415 illis
2723 1362 2750 1416 ΞΡ
2774 1364 2873 1415 Per
2905 1362 3008 1415 hoc
3028 1361 3171 1431 quod
3192 1360 3263 1413 ait
3286 1360 3416 1426 Quis
3438 1375 3563 1414 cre-

1975 1446 2143 1511 didit,
2194 1445 2367 1499 innuit
2411 1446 2606 1499 multos
2633 1446 2849 1501 audisse
2882 1461 2894 1498 :
2928 1453 2981 1499 et
3010 1444 3054 1497 si
3083 1460 3192 1499 non
3224 1460 3431 1509 omnes,
3464 1443 3565 1497 ali-

1976 1549 2111 1604 quos
2146 1542 2329 1588 tamen
2360 1534 2679 1590 credidisse.
2712 1535 2779 1588 Et
2809 1533 3247 1605 quandoquidem
3268 1533 3435 1603 aliqui
3456 1548 3569 1588 cre-

2350 1639 2486 1695 ergo
2535 1624 2670 1693 ﬁdes
2712 1624 2941 1677 habetur
2990 1639 3062 1678 ex
3112 1623 3331 1689 auditu,
3384 1621 3439 1676 id
3486 1630 3568 1676 est

1978 1712 2201 1766 credunt
2243 1712 2431 1783 aliqui,
2485 1712 2605 1783 quia
2653 1713 2896 1766 audiunt.
2945 1712 3068 1766 Non
3117 1718 3297 1765 tamen
3328 1727 3393 1765 ex
3422 1711 3569 1765 omni

1974 1801 2159 1855 auditu
2188 1802 2421 1855 habetur
2452 1818 2580 1855 sana
2608 1801 2744 1855 fides
2778 1819 2790 1855 :
2824 1801 2919 1855 sed
2942 1817 3015 1855 ex
3031 1802 3233 1855 auditu
3260 1799 3352 1871 qui
3384 1798 3439 1853 ﬁt
3466 1816 3568 1871 per

1973 1890 2218 1955 verbum,
2252 1889 2308 1944 id
2359 1898 2441 1945 est
2491 1891 2787 1945 secundum
2837 1888 3135 1944 doctrinam
3168 1889 3397 1953 Christi,
3432 1887 3568 1943 fides

1974 1986 2057 2031 est
2089 1978 2341 2034 salubris.
2401 1979 2552 2034 Licet
2582 1979 2738 2048 pauci
2784 1979 3071 2033 crederent
3098 1977 3302 2031 auditui
3331 1985 3519 2032 nostro
3553 1995 3565 2031 :

1976 2074 2155 2121 tamen
2180 2067 2321 2132 dico,
2347 2069 2613 2139 Nunquid
2633 2083 2747 2121 non
2770 2066 3079 2122 audierunt
3101 2068 3128 2121 ?
3150 2066 3304 2137 quasi
3321 2066 3527 2121 diceret
3551 2081 3564 2121 :

1974 2157 2054 2209 De
2084 2156 2187 2211 hoc
2218 2157 2364 2227 quod
2413 2172 2520 2210 non
2568 2157 2919 2211 crediderunt
2956 2154 3352 2210 inexcusabiles
3396 2161 3517 2209 sunt
3554 2169 3566 2209 :

1976 2244 2103 2316 quia
2138 2245 2362 2299 verbum
2412 2244 2539 2300 fidei
2582 2245 2885 2301 audierunt.
2940 2245 3207 2317 Equidem
3252 2246 3315 2299 in
3344 2261 3568 2300 omnem

1977 2337 2191 2388 terram
2224 2336 2402 2389 exivit
2433 2352 2622 2403 sonus,
2654 2335 2708 2388 id
2742 2342 2823 2388 est
2844 2334 3003 2401 fama,
3032 2350 3223 2389 eorum
3245 2332 3569 2404 praidicato-

1974 2438 2113 2476 rum.
2147 2424 2264 2477 Nec
2306 2423 2477 2477 solum
2509 2423 2649 2477 fama
2684 2441 2695 2477 :
2729 2424 2825 2477 sed
2857 2423 3020 2477 etiam
3066 2421 3227 2478 verba
3266 2439 3480 2488 eorum,
3514 2422 3569 2475 id

1975 2519 2058 2565 est
2113 2512 2303 2565 eadem
2344 2530 2465 2583 quin
2508 2512 2609 2581 ipsi
2663 2512 3054 2582 praedicabant,
3107 2510 3285 2565 audita
3333 2518 3457 2565 sunt
3504 2512 3567 2565 in

1977 2600 2121 2668 ﬁnes
2165 2605 2333 2655 terrae
2364 2619 2376 2654 :
2410 2610 2462 2655 et
2490 2601 2561 2654 ita
2606 2601 2729 2656 dico
2773 2609 2935 2655 terrze
2982 2600 3126 2671 quod
3174 2601 3338 2665 orbis,
3390 2600 3443 2654 id
3486 2607 3569 2654 est

1975 2689 2289 2745 orbiculata:
2334 2697 2514 2745 terrae.
2560 2691 2618 2743 In
2667 2690 2812 2745 omni
2842 2690 2986 2744 enim
3015 2699 3168 2761 parte
3200 2697 3357 2744 terra:
3387 2689 3568 2744 audita

1976 2786 2099 2832 sunt
2130 2779 2296 2833 verba
2327 2779 2716 2849 apostolorum.
2741 2778 3039 2834 Audierant
3059 2779 3262 2850 utique,
3284 2779 3420 2833 sicut
3440 2794 3567 2849 pro-

1976 2867 2158 2921 batum
2193 2875 2295 2922 est.
2350 2869 2467 2923 Nec
2515 2869 2690 2923 solum
2735 2884 2831 2923 eos
2878 2868 3094 2923 audisse
3123 2868 3247 2923 dico
3282 2883 3293 2921 :
3328 2869 3420 2923 sed
3450 2869 3570 2924 dico

1977 2957 2121 3026 quod
2170 2957 2329 3011 etiam
2379 2966 2771 3029 cognoverunt,
2823 2959 2967 3029 quod
3004 2956 3390 3029 interrogative
3420 2957 3569 3027 ponit

1903 3019 1949 3078 Ο
1972 3019 2029 3098 ut
2059 3045 2238 3117 magis
2271 3062 2365 3101 eos
2388 3019 2602 3113 excitet,
2638 3019 2871 3103 dicens}
2906 3047 3170 3118 Nunquid
3190 3019 3381 3111 Israel,
3404 3019 3458 3099 id
3479 3059 3561 3099 est

1972 3134 2229 3189 Judaicus
2279 3135 2531 3205 populus,
2583 3153 2698 3192 non
2728 3137 3028 3206 cognovit?
3057 3137 3176 3189 Duo
3207 3143 3331 3189 sunt
3361 3150 3564 3205 genera

1975 3223 2321 3294 cognitionis.
2370 3225 2547 3279 Unum
2590 3241 2696 3296 quo
2743 3225 2898 3280 sicuti
2946 3240 3057 3279 rem
3088 3225 3287 3279 bonam
3317 3240 3439 3279 esse
3470 3239 3568 3279 co-

1973 3311 2305 3383 gnoscimus,
2352 3312 2553 3366 bonum
2597 3314 2753 3382 hujus
2800 3313 2875 3367 rei
2903 3313 3181 3385 diligimus
3211 3320 3263 3367 et
3292 3312 3571 3383 approba-

1978 3416 2100 3454 mus
2135 3416 2146 3454 :
2183 3408 2235 3454 et
2266 3401 2383 3454 haec
2421 3408 2504 3455 est
2535 3401 2677 3455 bona
2725 3401 2983 3473 cognitio.
3019 3402 3261 3456 Alterum
3289 3418 3396 3473 quo
3428 3418 3565 3467 rem,

1975 3488 2129 3544 sicuti
2187 3488 2402 3556 dicitur,
2449 3488 2518 3542 ita
2565 3506 2687 3544 esse
2733 3490 2999 3553 videmus,
3050 3506 3153 3545 nec
3201 3490 3568 3545 contradicere

1972 3593 2262 3647 possumus
2296 3595 2309 3630 :
2343 3585 2395 3632 et
2426 3586 2608 3632 tamen
2653 3594 2768 3632 rem
2802 3579 2948 3633 illam
2993 3594 3103 3633 non
3140 3578 3436 3651 diligimus,
3470 3578 3568 3633 sed

1975 3666 2142 3737 (quod
2176 3666 2350 3720 solum
2398 3672 2711 3738 possumus)
2750 3668 2991 3740 iniquum
3021 3668 3161 3723 velle
3192 3668 3261 3721 ad
3290 3667 3434 3721 illam
3464 3668 3568 3722 ha-

1974 3756 2185 3809 bemus.
2220 3756 2347 3810 Haec
2377 3764 2459 3810 est
2487 3757 2628 3810 mala
2658 3757 2898 3830 cognitio
2930 3772 3091 3828 quam
3121 3756 3294 3812 Judaei
3324 3757 3379 3811 in
3418 3756 3570 3811 Chri-

1975 3856 2118 3903 stum
2188 3846 2513 3901 habuernnt.
2564 3847 2760 3901 Probat
2791 3846 3108 3902 auctoritate
3152 3845 3323 3918 Moysi
3358 3845 3569 3901 Iudaeos

1974 3939 2299 4011 cognovisse
2332 3937 2626 4003 Christum,
2655 3937 2845 3992 dicens
2879 3952 2890 3991 :
2927 3937 3062 3991 Vere
3091 3937 3261 3991 Israel
3290 3935 3567 4009 cognovit.

1975 4028 2114 4081 Nam
2158 4030 2360 4101 Moyses
2407 4029 2627 4099 primus
2676 4035 2919 4096 tempore
2970 4027 3270 4081 secundum
3318 4025 3573 4096 scripta:

1974 4134 2135 4172 nemo
2168 4118 2312 4172 enim
2360 4124 2485 4170 ante
2534 4132 2657 4170 eum
2689 4114 2907 4185 scripsit
2948 4115 3306 4185 prophetiam.
3343 4115 3443 4169 Per
3472 4115 3575 4169 hoc

1975 4216 2157 4261 autem
2186 4206 2333 4278 quod
2373 4205 2447 4259 ait
2495 4206 2733 4277 primus,
2786 4204 2960 4257 innuit
2990 4204 3235 4272 ejusdem
3266 4203 3341 4257 rei
3371 4203 3571 4258 multos

1974 4302 2144 4350 testes
2175 4312 2316 4361 esse,
2354 4295 2481 4349 licet
2520 4310 2628 4349 non
2675 4300 2898 4363 reponat
2938 4309 3053 4347 eos.
3106 4293 3203 4348 Vel
3252 4292 3481 4364 primus,
3515 4294 3570 4348 id

273 4381 694 4436 crediderunt?
725 4381 879 4453 quasi
929 4382 1137 4436 diceret
1172 4398 1182 4435 :
1217 4381 1352 4451 Quia
1394 4382 1614 4436 credent
1644 4383 1871 4437 invoca-
1902 4377 1952 4434 D
1977 4392 2059 4439 est
2088 4384 2398 4455 pracipuus
2429 4382 2729 4437 secundum
2756 4382 3096 4453 dignitatem.
3123 4384 3348 4454 Moyses,
3374 4382 3567 4454 inquit,

273 4471 427 4524 bunt.
465 4472 576 4524 Aut
594 4471 857 4541 quomodo
870 4471 1105 4525 credent
1125 4472 1177 4525 ei
1207 4488 1369 4542 quem
1394 4488 1507 4526 non
1530 4471 1869 4526 audierunt:

268 4559 324 4613 id
348 4568 450 4627 est,
476 4559 599 4630 quia
617 4559 835 4614 audient
855 4560 1099 4614 credent.
1132 4560 1406 4626 Quomodo
1424 4565 1615 4615 autem
1640 4561 1877 4615 audient

264 4651 391 4703 sine
423 4650 768 4719 praedicante
795 4654 817 4703 ἱ)
846 4649 899 4701 id
932 4657 1013 4703 est
1067 4650 1191 4720 quia
1222 4649 1601 4718 praedicabitur
1627 4648 1733 4702 illis
1764 4666 1873 4704 au-

268 4740 453 4792 dient.
492 4737 765 4805 Quomodo
797 4754 922 4792 vero
950 4738 1339 4808 prmdicabunt
1370 4740 1486 4792 nisi
1513 4739 1832 4793 mittantur
1857 4744 1879 4793 Σ)

272 4827 326 4879 id
355 4834 439 4880 est
472 4826 595 4896 quia
630 4827 774 4880 Deus
803 4826 974 4881 mittet
998 4827 1141 4893 illos,
1186 4826 1347 4881 60
1381 4827 1773 4896 praedicabunt.
1799 4829 1878 4881 Ex

268 4916 527 4971 omnibus
544 4916 627 4969 his
646 4915 1161 4985 interrogationibus
1183 4915 1407 4969 intendit
1428 4924 1593 4969 totum
1608 4916 1793 4971 venire
1815 4933 1880 4971 ex

267 5005 445 5076 gratia
462 5004 577 5069 Dei,
603 5021 633 5057 a
650 5004 915 5075 principio
929 5005 1227 5060 vocationis
1246 5022 1414 5075 usque
1432 5005 1501 5059 ad
1524 5005 1881 5059 salvationem

265 5110 482 5149 eorum.
512 5094 644 5147 Cum
702 5093 845 5147 enim
884 5093 1013 5148 dicit
1053 5094 1490 5164 prmdicatoresa
1521 5096 1634 5149 Deo
1683 5094 1881 5149 missos

264 5199 405 5255 quos
437 5183 720 5236 audierunt
755 5198 766 5235 :
803 5190 853 5236 et
883 5191 1005 5252 post
1035 5182 1271 5236 auditum
1301 5183 1526 5237 credunt
1559 5198 1570 5236 :
1605 5192 1653 5237 et
1685 5183 1881 5239 deinde

264 5273 544 5336 invocant,
577 5279 627 5326 et
660 5272 737 5326 sic
768 5272 834 5325 ad
864 5272 1107 5325 ultimum
1152 5271 1428 5326 salvantur
1461 5289 1473 5325 :
1509 5279 1677 5326 totum
1710 5272 1883 5325 innuit

265 5361 619 5416 referendum
701 5378 825 5415 esse
882 5361 1070 5431 gratiae
1127 5361 1245 5415 Dei.
1298 5361 1439 5415 Vere
1496 5361 1881 5431 praadicatores

269 5450 558 5504 mittuntur
635 5466 663 5502 a
731 5451 867 5518 Deo,
901 5450 1038 5506 sicut
1116 5450 1374 5521 scriptum
1434 5458 1516 5505 est
1571 5450 1627 5503 in
1686 5449 1877 5506 Isaia:

1978 4476 2197 4545 primus
2234 4473 2375 4528 dicit
2404 4472 2507 4527 hoc
2543 4487 2553 4525 :
2588 4472 2695 4541 Ego
2745 4470 3023 4527 adducam
3072 4488 3182 4538 vos,
3218 4488 3250 4526 ο
3279 4472 3468 4538 Judaei,
3502 4473 3573 4527 ad

1977 4564 2421 4627 aemulationem,
2474 4560 2528 4614 id
2561 4568 2644 4614 est
2680 4560 2747 4613 ad
2775 4560 3031 4614 invxdiam
3061 4569 3113 4615 et
3142 4560 3572 4632 indignationem

1977 4652 2162 4717 animi,
2194 4653 2257 4705 in
2286 4667 2401 4705 non
2429 4654 2673 4721 gentem,
2701 4649 2753 4703 id
2771 4657 2851 4704 est
2872 4657 3055 4705 contra
3072 4649 3426 4721 gentilitatem
3451 4667 3571 4720 quae

1978 4742 2128 4811 prius
2158 4757 2295 4811 gens
2324 4755 2444 4794 mea
2483 4755 2593 4794 non
2633 4739 2915 4795 dicebatur
2951 4754 2962 4792 :
2997 4747 3133 4810 quos
3176 4738 3379 4809 vosipsi
3408 4755 3571 4794 canes

1982 4829 2283 4885 vocabatis.
2317 4829 2415 4884 Vel
2445 4830 2505 4883 in
2538 4846 2650 4884 non
2681 4832 2925 4899 gentem,
2957 4828 3012 4881 id
3042 4835 3125 4882 est
3153 4836 3339 4883 contra
3356 4827 3574 4897 gentili-

1978 4927 2146 4973 tatem
2192 4935 2352 4989 quam
2399 4917 2591 4974 faciam
2640 4934 2747 4971 non
2798 4924 3037 4989 gentem,
3084 4917 3138 4971 id
3186 4925 3267 4972 est
3298 4934 3405 4973 non
3438 4918 3577 4973 sicut

1981 5008 2161 5079 genita
2192 5015 2273 5062 est
2320 5008 2585 5061 dimittam
2632 5023 2770 5073 eam,
2825 5007 2921 5062 sed
2970 5006 3157 5062 faciam
3188 5024 3385 5063 novam
3415 5024 3574 5064 crea-

1980 5106 2155 5151 turam
2190 5115 2202 5150 :
2237 5104 2611 5167 regeneratam
2658 5112 2797 5167 aqua
2847 5104 2900 5150 et
2949 5095 3147 5166 Spiritu
3193 5106 3405 5152 sancto.
3462 5099 3577 5153 Nec

1982 5186 2157 5240 solum
2208 5186 2473 5241 adducam
2503 5200 2600 5239 vos
2632 5194 2690 5239 ut
2723 5185 2947 5239 v1deatis
2983 5203 2995 5239 :
3029 5186 3126 5240 sed
3157 5186 3315 5241 etiam
3344 5186 3575 5241 mittam

1981 5292 2072 5331 vos
2104 5277 2166 5330 in
2197 5277 2364 5343 iram,
2398 5282 2455 5328 ut
2493 5274 2894 5346 persequamini
2938 5290 3053 5330 eos.
3106 5277 3323 5330 Mittam
3353 5273 3476 5328 dico
3508 5276 3572 5330 in

1982 5367 2149 5430 iram,
2182 5364 2236 5418 id
2267 5373 2348 5419 est
2380 5371 2570 5419 contra
2600 5363 2957 5436 gentilitatem
2989 5365 3375 5435 insipientem,
3411 5362 3464 5417 id
3495 5371 3577 5418 est

1981 5470 2102 5525 qua:
2130 5453 2280 5524 prius
2310 5461 2428 5508 erat
2456 5453 2737 5525 insipiens,
2771 5453 2914 5525 quia,
2948 5453 3073 5509 licet
3094 5452 3243 5507 multi
3265 5451 3575 5526 philosophi
