3960 6036
388 125 449 178 91
889 125 951 179 S.
1014 122 1371 183 BRUNONIS
1427 122 2076 182 CARTHUSIANORUM
2128 124 2615 185 INSTITUTORIS
2661 127 2814 186 OPP.
2869 128 3047 185 PARS
3100 129 3168 183 II.
3599 131 3673 185 92

388 244 634 320 gentium
700 246 983 303 scientiam
1036 249 1303 305 baberent
1327 249 1395 306 de
1452 249 1759 318 mundanis,
1792 257 1973 306 tamen
1995 250 2053 313 A
2085 272 2107 296 ι
2142 251 2329 307 caecati
2386 261 2529 319 sunt,
2590 252 2728 310 sicut
2792 253 3054 325 scriptum
3109 260 3237 308 est:
3275 276 3295 300 α
3342 252 3503 308 Dedit
3559 251 3674 307 illis

390 335 708 407 insipientes
739 344 896 393 erant
925 353 1046 394 cum
1077 337 1362 395 veritatem
1391 338 1557 395 divini
1588 339 1764 395 cultus
1819 338 1981 410 igno-

388 432 589 480 rarent.

460 515 566 569 Per
620 515 726 571 hoc
782 522 960 571 autem
1018 516 1163 587 quod
1215 516 1387 572 Judaei
1417 517 1601 574 vident
1644 515 1980 587 prophetiam

388 602 564 675 Moysi
595 603 922 674 completam
954 620 1097 675 esse,
1130 605 1186 659 in
1208 620 1272 660 eo
1304 606 1432 677 quia
1460 605 1704 661 invident
1760 603 1981 676 gentili-

389 691 491 746 bus
520 690 679 748 factis
726 692 1067 758 Christianis,
1104 693 1465 750 idololatriam
1497 693 1898 760 deserentibus,
1932 702 1985 749 et

392 795 589 837 novam
656 781 836 853 legem
895 783 1268 854 sequentibus,
1299 791 1637 856 cognoscunt
1692 783 1984 839 advenisse

390 876 604 940 tempus
661 870 796 925 illud
847 871 915 926 de
969 888 1078 943 quo
1121 873 1225 927 hoc
1254 871 1589 943 prmdicebat
1617 873 1851 944 Moyses,
1885 873 1982 927 sed

387 958 692 1014 amaritudo
722 974 908 1014 eorum
938 976 1046 1015 non
1077 960 1188 1015 vult
1216 961 1568 1032 acquiescere
1613 977 1754 1016 verae
1786 960 1981 1034 cogni-

388 1046 538 1102 tioni.
557 1048 772 1118 Moyses
786 1049 891 1103 hoc
914 1047 1043 1104 dicit
1064 1048 1132 1103 de
1148 1048 1368 1104 Iudaeis.
1388 1050 1558 1105 Isaias
1575 1053 1770 1105 autem
1788 1050 1979 1112 audet,

390 1140 447 1191 et
476 1136 617 1191 dicit
647 1137 750 1192 hoc
785 1137 855 1192 de
893 1136 1191 1193 salvatione
1220 1137 1464 1210 gentium
1496 1146 1549 1192 et
1603 1138 1982 1209 reprobatione

388 1224 722 1280 Iudaeorum.
743 1225 917 1280 Audet
939 1226 1139 1298 utique.
1174 1225 1273 1281 Hic
1294 1225 1439 1281 enim
1462 1227 1633 1281 Isaias
1650 1227 1778 1299 quia
1808 1228 1984 1282 mani-

390 1312 582 1368 festius
628 1312 769 1370 61
799 1314 1011 1369 caeteris
1061 1314 1414 1370 salvationem
1456 1315 1703 1389 gentium
1748 1318 1983 1387 prophe-

386 1401 538 1470 tavit,
566 1402 735 1457 multa
764 1402 984 1473 pertulit
1015 1418 1047 1457 a
1075 1403 1281 1459 Judazis
1300 1448 1314 1471 ,
1347 1412 1400 1459 et
1429 1405 1496 1459 ad
1529 1405 1775 1460 ultimum
1806 1405 1976 1461 inter-

387 1490 561 1547 fectus
593 1498 676 1545 est
704 1491 774 1546 ab
802 1491 901 1546 eis.
955 1491 1083 1547 Ideo
1106 1491 1185 1547 sic
1240 1492 1314 1546 ait
1345 1510 1359 1547 :
1392 1493 1588 1559 Audet,
1622 1493 1677 1547 id
1726 1502 1810 1548 est
1869 1510 1979 1550 non

2087 361 2108 389 ι
2144 340 2292 394 Deus
2317 341 2561 411 spiritum
2612 342 3059 413 compunctionis,
3092 342 3280 398 oculos
3308 349 3365 397 ut
3414 356 3523 396 non
3580 341 3670 395 vi-

2087 448 2108 478 ι
2144 427 2325 495 deant,
2365 436 2417 484 et
2445 446 2606 486 aures
2636 438 2693 485 ut
2728 446 2837 486 non
2863 430 3107 497 audiant,
3140 446 3312 503 usque
3346 430 3399 484 in
3448 429 3673 484 hodier-

2086 537 2109 566 α
2145 533 2276 571 num
2296 518 2445 573 diem
2484 519 2616 589 (Isa.
2639 535 2715 587 γι,
2749 524 2821 586 9;
2869 519 3068 575 Matth.
3094 534 3216 584 χιιι,
3244 521 3343 586 lt;
3375 520 3535 575 Joan.
3560 533 3667 585 χιι,

2085 628 2107 654 ιι
2147 607 2247 672 4ος
2299 607 2420 662 Act.
2479 622 2682 673 xxvm,
2716 611 2828 679 26).
2869 631 2891 655 ι»
2952 609 3017 663 Et
3074 607 3249 663 David
3280 606 3411 663 dicit
3444 621 3456 660 :
3495 630 3517 654 «ε
3554 605 3674 660 Fiat

2086 718 2107 742 u
2140 711 2326 750 mensa
2376 712 2561 751 eorum
2609 711 2795 752 coram
2826 696 2959 768 ipsis
3006 696 3061 750 in
3092 696 3365 768 laqueum,
3391 702 3445 750 et
3490 695 3544 748 in
3574 709 3676 750 ca-

2086 804 2108 833 α
2148 783 2407 854 ptionem,
2442 792 2495 839 et
2541 785 2596 839 in
2656 785 2991 851 scandalum,
3039 793 3091 840 et
3147 784 3204 839 in
3261 782 3676 839 retributionem

2087 892 2109 922 ‹
2144 872 2272 927 illis.
2329 872 2702 928 Obscurentur
2770 874 2913 929 oculi
2970 889 3156 928 eorum
3196 888 3265 927 ne
3320 872 3565 936 videant,
3623 878 3681 924 et

2085 983 2106 1007 «ι
2151 960 2376 1016 dorsum
2407 977 2590 1016 eorum
2610 961 3252 1033 semperincurvaU’sal.
3277 975 3469 1024 vam,
3501 961 3613 1029 23).
3644 979 3669 1008 ι

2086 1070 2108 1099 ι
2144 1049 2279 1105 Dico
2310 1066 2442 1120 ergo
2477 1065 2488 1103 :
2520 1050 2777 1122 Nunquid
2813 1050 2890 1106 sic
2907 1048 3268 1115 offenderunt,
3293 1057 3352 1103 ut
3373 1047 3676 1104 caderent?

2085 1160 2106 1185 ιι
2144 1137 2338 1192 Absitl
2374 1138 2483 1194 Sed
2513 1138 2727 1193 illorum
2767 1139 2965 1195 delicto
3003 1138 3147 1193 salus
3178 1145 3263 1193 est
3309 1137 3582 1209 gentibus.
3614 1142 3674 1190 ut

2088 1251 2108 1274 ιι
2141 1227 2264 1281 illos
2293 1227 2633 1282 aemulentur.
2668 1227 2805 1296 Quia
2841 1228 2887 1282 si
2915 1227 3173 1283 delictum
3220 1226 3432 1281 illorum
3471 1224 3673 1281 divitia:

2086 1338 2108 1363 α
2144 1323 2269 1370 sunt
2297 1315 2503 1380 mundi,
2537 1323 2589 1370 et
2618 1315 2900 1371 diminutio
2921 1331 3109 1371 eorum
3132 1314 3329 1369 divitiae
3378 1313 3618 1387 gentium
3654 1327 3667 1366 :

2084 1427 2107 1452 «ι
2145 1412 2347 1476 quanto
2375 1404 2554 1477 magis
2584 1404 2862 1475 plenitudo
2910 1419 3097 1459 eorum
3118 1403 3145 1457 ?
3177 1402 3342 1458 Vobis
3373 1401 3515 1457 enim
3544 1401 3668 1458 dico

2088 1492 2419 1564 «gentibus.
2481 1493 2734 1561 Quandiu
2792 1493 3009 1564 quidem
3048 1487 3172 1563 'ego
3252 1507 3373 1546 sum
3426 1490 3671 1562 gentium

391 1577 781 1649 reformidans,
812 1579 912 1635 sed
940 1595 1064 1636 cum
1092 1580 1323 1637 audacia
1370 1581 1497 1637 dicit
1530 1583 1633 1638 hoc
1665 1600 1678 1636 :
1712 1583 1980 1640 Inventus
2010 1608 2061 1668 Β
2088 1604 2109 1629 α
2144 1580 2458 1652 Apostolus,
2517 1581 2871 1635 ministerium
2929 1597 3110 1636 meum
3176 1577 3549 1635 honoriﬁcabo
3581 1596 3596 1632 :
3628 1578 3697 1633 si.

289 1707 295 1711 η
389 1685 516 1725 sum
544 1684 714 1724 anon
742 1670 1120 1741 quaerentibus
1148 1686 1238 1725 me
1261 1670 1388 1742 (13a.
1423 1686 1557 1739 va,
1593 1674 1666 1740 1).
1698 1670 1799 1727 Ubi
1829 1672 1901 1726 ait
1922 1689 1982 1729 se

398 1756 675 1812 inventum
705 1765 758 1811 et
788 1772 898 1811 non
927 1758 1235 1829 quaesitum,
1272 1775 1393 1830 quae
1444 1775 1759 1831 repugnare
1788 1760 1983 1816 viden-

390 1853 493 1914 tur,
526 1845 764 1900 ostendit
785 1862 849 1900 ex
880 1846 994 1901 sola
1024 1846 1402 1903 misericordia
1445 1848 1545 1903 Dei
1577 1857 1774 1921 gentes
1825 1849 1984 1905 inve-

391 1932 539 1989 nisse
595 1933 845 1988 salutem.
899 1935 1156 1988 Inventus
1205 1951 1345 2001 sum,
1398 1935 1640 2008 inquam,
1673 1938 1984 2010 agentibus

388 2037 496 2077 non
529 2022 897 2093 quaerentibus
925 2038 1033 2089 me,
1066 2023 1299 2077 naturali
1327 2024 1540 2080 ratione
1566 2068 1578 2092 ,
1609 2041 1775 2097 quam
1804 2027 1883 2082 eis
1913 2029 1985 2083 ad

388 2110 804 2183 intelligendum
831 2127 918 2165 me
957 2111 1234 2181 dederam,
1272 2120 1324 2167 et
1369 2115 1613 2186 apparui
1643 2116 1729 2171 his
1765 2118 1980 2188 palam,

392 2199 448 2253 id
479 2206 562 2255 est
583 2200 637 2253 in
658 2198 947 2255 manifesto
968 2199 1207 2255 omnium
1230 2201 1457 2271 positus.
1483 2203 1579 2256 His
1608 2203 1732 2259 diCO
1752 2206 1849 2277 qui
1867 2222 1983 2261 non

392 2289 818 2360 interrogabant
849 2305 959 2355 me,
991 2288 1046 2342 id
1078 2296 1160 2343 est
1180 2289 1550 2362 cognitionem
1580 2291 1688 2347 mei
1708 2292 1777 2347 ab
1802 2294 1984 2365 aliquo

389 2376 748 2451 intelligente.
784 2376 840 2432 Si
871 2377 1012 2431 enim
1042 2393 1131 2432 me
1162 2393 1260 2432 sua
1292 2378 1505 2434 ratione
1534 2390 1856 2451 quaererent,
1882 2399 1985 2439 nec

389 2481 730 2539 cognoscere
761 2465 1100 2534 suﬂicerent,
1135 2474 1500 2537 opportunum
1549 2477 1695 2523 esset
1722 2477 1780 2523 ut
1809 2469 1983 2525 inter-

392 2563 653 2627 rogarent
681 2555 751 2608 ab
774 2554 1130 2626 intelligente,
1165 2555 1311 2626 quod
1360 2556 1463 2626 ipsi
1501 2557 1679 2612 minus
1708 2557 1983 2631 intellige-

398 2651 539 2698 rent.
564 2642 654 2698 Sic
684 2643 757 2697 ait
788 2642 952 2697 Isaias
984 2644 1053 2698 de
1082 2644 1358 2716 gentibus.
1378 2643 1462 2699 Ad
1489 2646 1666 2701 Israel
1686 2650 1897 2712 autem,
1930 2647 1985 2701 id

393 2739 475 2788 est
505 2730 866 2786 adJudaicum
890 2732 1172 2803 populum,
1206 2732 1334 2787 dicit
1363 2734 1488 2789 hoc.
1531 2736 1661 2789 Tota
1684 2735 1794 2801 die,
1818 2735 1871 2790 id
1903 2742 1985 2790 est

314 2864 318 2869 .
389 2829 502 2876 toto
532 2827 775 2891 tempore
804 2836 905 2891 per
932 2820 1356 2891 praedicatores;
1389 2822 1475 2877 vel
1506 2829 1617 2877 tota
1641 2822 1733 2877 illa
1763 2823 1850 2879 die
1881 2841 1985 2896 qua

385 2908 623 2982 pependi
642 2908 698 2963 in
714 2924 892 2976 cruce,
920 2910 1172 2982 expendi
1195 2927 1403 2967 manus
1430 2927 1606 2975 meas,
1638 2911 1696 2966 id
1716 2919 1798 2966 est
1819 2911 1983 2969 affec-

389 2999 565 3055 tiones
586 3006 640 3053 et
663 3014 829 3069 opera
851 3014 994 3063 mea,
1019 2998 1091 3053 ad
1108 3001 1379 3072 populum
1399 2999 1704 3065 Iudaicum,
1728 3016 1836 3055 non
1857 3015 1983 3055 cre-

389 3088 629 3143 dentem.
661 3088 777 3143 Nec
806 3087 985 3143 solum
1014 3104 1128 3144 non
1160 3089 1503 3155 credentem,
1535 3089 1631 3145 sed
1661 3089 1823 3143 etiam
1853 3105 1987 3144 con-

395 3177 771 3231 tradicentem
824 3175 979 3231 mihi.
1037 3177 1314 3247 Expansio
1368 3193 1627 3232 manuum
1693 3177 1889 3233 Christi
1930 3178 1987 3231 in

389 3280 548 3320 cruce
569 3263 897 3336 signiﬁcavit
919 3265 1284 3333 delictionem,
1311 3282 1417 3338 qua
1439 3282 1658 3338 semper
1688 3266 1985 3339 amplexari

391 3353 561 3409 voluit
615 3353 867 3419 Iudaeos,
927 3369 1035 3424 qua
1087 3354 1249 3409 etiam
1310 3354 1366 3409 in
1412 3371 1594 3423 cruce,
1657 3356 1703 3411 si
1750 3357 1985 3428 pmnite-

389 3450 531 3509 rent,
563 3450 782 3514 paratus
811 3451 926 3498 erat
955 3443 1138 3498 omnia
1182 3443 1473 3501 dimittere.
1507 3446 1651 3502 Ecce
1706 3447 1903 3502 iterum
1932 3446 1987 3501 in

390 3532 536 3587 Isaia
565 3532 803 3587 ostendit
825 3532 1043 3588 Iudaeos
1067 3534 1414 3604 cognovisse,
1462 3550 1586 3591 cum
1624 3535 1844 3591 videant
1886 3537 1988 3592 hoc

391 3620 537 3692 quod
567 3620 699 3675 dixit
726 3621 1008 3692 impletum
1041 3638 1182 3676 esse.
1218 3622 1469 3678 Ostendit
1511 3623 1677 3679 etiam
1729 3624 1987 3680 salvatio-

390 3725 517 3766 nem
546 3710 790 3783 gentium
813 3718 866 3766 et
905 3710 1345 3781 reprobationem
1373 3712 1700 3768 Iudaeorum.

995 3904 1224 3961 CAPUT
1269 3905 1368 3960 XI.

469 4087 490 4114 α
542 4063 681 4122 Dico
739 4079 917 4138 ergo:
952 4063 1211 4136 Nunquid
1268 4064 1461 4137 repulit
1516 4066 1664 4121 Deus
1721 4067 1983 4139 populum

398 4177 419 4203 α
456 4170 614 4209 suum
635 4155 662 4208 ?
692 4152 881 4209 Absit!
914 4154 1057 4209 Nam
1087 4161 1139 4209 et
1187 4170 1293 4227 ego
1352 4155 1599 4210 Israelita
1647 4172 1769 4211 sum
1801 4173 1867 4212 ex
1897 4174 1989 4213 se-

397 4266 419 4294 (
451 4243 598 4299 mine
628 4243 927 4309 Abraham,
978 4243 1048 4298 de
1100 4242 1241 4297 tribu
1297 4244 1595 4313 Benjamin.
1641 4246 1763 4300 Non
1795 4247 1991 4317 repulit

2088 1690 2110 1721 ι
2146 1670 2420 1742 quomodo
2504 1670 2574 1724 ad
2654 1668 3017 1725 aemulandum
3099 1683 3391 1739 provocem
3458 1683 3673 1722 carnem

2090 1782 2110 1806 α
2148 1775 2348 1827 meam,
2411 1766 2464 1814 et
2522 1758 2703 1815 salvos
2756 1757 2954 1814 faciam
3018 1756 3230 1828 aliquos
3298 1773 3365 1811 ex
3452 1756 3580 1810 illis.
3615 1756 3674 1811 Si

2094 1868 2114 1900 ι
2145 1849 2287 1902 enim
2335 1848 2556 1903 amissio
2586 1863 2776 1902 eorum
2805 1846 3171 1903 reconciliatio
3202 1829 3283 1901 est
3314 1844 3520 1909 mundi,
3554 1860 3677 1915 quae

2090 1958 2111 1987 α
2139 1938 2436 2008 assumptio
2465 1936 2571 1990 nisi
2601 1936 2709 1993 vita
2759 1952 2825 1990 ex
2856 1935 3130 1990 mortuis?
3161 1933 3299 2003 Quia
3342 1934 3387 1988 si
3415 1932 3675 1988 delibatio

2089 2048 2111 2078 «
2148 2034 2339 2082 sancta
2369 2034 2469 2090 est,
2500 2033 2553 2080 et
2594 2040 2776 2079 massa
2799 2043 2814 2090 ;
2837 2032 2889 2080 et
2918 2024 2965 2079 si
3011 2023 3165 2078 radix
3195 2031 3399 2089 sancta,
3432 2029 3485 2077 et
3513 2021 3674 2076 rami.

2088 2139 2109 2164 α
2149 2114 2309 2183 Quod
2340 2114 2386 2168 si
2414 2114 2579 2185 aliqui
2609 2130 2674 2169 ex
2706 2113 2872 2168 ramis
2901 2112 3054 2167 fracti
3089 2119 3233 2178 sunt,
3264 2119 3322 2165 tu
3342 2118 3519 2165 autem
3551 2125 3676 2165 cum

2089 2225 2111 2254 α
2147 2203 2383 2259 oleaster
2411 2219 2584 2268 esses,
2617 2201 2851 2257 insertus
2890 2217 2950 2256 es
2983 2201 3037 2255 in
3067 2199 3193 2267 illis,
3263 2206 3315 2255 et
3352 2198 3535 2254 socius
3586 2214 3679 2252 ra-

2090 2314 2111 2343 α
2146 2292 2281 2348 dicis
2312 2299 2365 2347 et
2392 2290 2740 2364 pinguedinis
2772 2289 2930 2346 olivae
2960 2288 3135 2345 factus
3177 2304 3256 2356 es,
3287 2287 3400 2342 noli
3450 2286 3678 2359 gloriari

2087 2404 2108 2429 α
2144 2381 2409 2437 adversus
2437 2395 2639 2435 ramos.
2689 2378 2847 2447 Quod
2877 2373 2931 2433 si
2966 2377 3241 2451 gloriaris,
3268 2392 3378 2431 non
3422 2383 3480 2430 tu
3527 2375 3675 2429 radi-

2087 2494 2107 2518 u
2147 2487 2266 2527 cem
2295 2478 2501 2541 portas,
2526 2469 2624 2523 sed
2659 2468 2809 2522 radix
2837 2474 2911 2522 te.
2955 2466 3104 2522 Dicis
3153 2481 3289 2539 ergo
3314 2463 3520 2520 :Fracti
3550 2470 3677 2518 sunt

2089 2581 2111 2610 α
2145 2559 2302 2625 rami,
2328 2567 2385 2613 ut
2412 2574 2516 2631 ego
2538 2557 2770 2612 inserar.
2789 2557 2954 2611 Bene.
2979 2556 3203 2625 Propter
3239 2552 3675 2608 incredulitatem

2089 2671 2110 2695 υ
2136 2648 2288 2703 fracti
2311 2655 2459 2701 sunt.
2486 2648 2564 2700 Tu
2583 2654 2761 2700 autem
2779 2643 2883 2700 ﬁde
2919 2652 3048 2699 stas.
3072 2643 3196 2698 Noli
3241 2641 3407 2697 altum
3458 2656 3672 2711 sapere,

2088 2758 2109 2787 α
2155 2736 2253 2791 sed
2284 2736 2431 2790 time.
2468 2734 2522 2790 Si
2545 2733 2690 2788 enim
2719 2734 2866 2788 Deus
2889 2732 3226 2787 naturalibus
3257 2729 3425 2785 ramis
3444 2745 3557 2784 non
3576 2744 3679 2800 pe-

2087 2846 2110 2877 ι
2141 2824 2328 2896 percit,
2360 2839 2431 2878 ne
2460 2822 2599 2877 forte
2636 2837 2739 2878 nec
2769 2821 2865 2876 tibi
2912 2828 3121 2892 parcat.
3156 2819 3291 2876 Vide
3349 2834 3485 2892 ergo
3516 2816 3679 2872 boni-

2088 2935 2110 2961 α
2142 2920 2310 2967 tatem
2340 2919 2392 2967 et
2423 2910 2770 2966 severitatem
2800 2909 2919 2965 Dei.
2967 2911 3026 2963 In
3073 2925 3167 2964 eos
3211 2907 3430 2979 quidem
3460 2906 3549 2978 qui
3580 2921 3678 2960 ce-

2088 3022 2110 3051 ‹
2144 3001 2391 3058 ciderunt
2421 3000 2785 3065 severitatem,
2810 2998 2867 3052 in
2898 3005 2951 3053 te
2999 3006 3178 3052 autem
3208 2996 3504 3051 bonitatem
3551 2993 3673 3061 Dei,

2086 3113 2108 3137 «
2154 3090 2200 3144 si
2220 3089 2586 3161 permanseris
2615 3088 2671 3142 in
2710 3087 2968 3143 bonitate.
2995 3085 3251 3156 Alioquin
3281 3094 3333 3139 et
3364 3093 3419 3138 tu
3451 3083 3675 3139 excide-

2090 3200 2112 3231 ι
2144 3180 2240 3234 ris.
2275 3178 2384 3235 Sed
2414 3186 2467 3233 et
2496 3177 2571 3232 illi
2602 3177 2648 3231 si
2677 3192 2783 3232 non
2827 3172 3226 3247 permanserint
3276 3173 3332 3227 in
3387 3171 3676 3228 increduli-

2090 3291 2112 3320 ι
2148 3276 2275 3334 tate,
2307 3268 2638 3324 inserentur.
2670 3267 2868 3321 Potens
2904 3273 2985 3319 est
3016 3262 3161 3319 enim
3190 3263 3337 3318 Deus
3367 3261 3563 3317 iterum
3593 3260 3677 3315 in-

2089 3382 2111 3408 ιι
2149 3373 2336 3414 serere
2359 3357 2500 3412 illos.
2534 3354 2695 3411 62
2712 3355 2849 3409 Nam
2879 3352 2924 3409 si
2946 3360 3002 3407 tu
3031 3368 3099 3407 ex
3126 3350 3358 3405 naturali
3380 3349 3593 3406 excisus
3615 3366 3675 3405 es

2091 3470 2111 3497 ι
2160 3448 2416 3512 oleastro,
2449 3452 2502 3501 et
2530 3452 2718 3500 contra
2745 3451 2996 3498 naturam
3039 3441 3276 3496 insertus
3306 3456 3365 3494 es
3391 3439 3445 3493 in
3475 3439 3675 3494 bonam

2091 3558 2113 3588 ι
2149 3536 2370 3604 olivam,
2404 3540 2606 3606 quanto
2638 3531 2813 3603 magis
2842 3530 2897 3585 hi
2946 3529 3037 3602 qui
3076 3529 3375 3585 secundum
3429 3535 3675 3582 naturam

2091 3648 2113 3672 «
2148 3625 2459 3679 inserentur
2503 3637 2614 3676 suae
2668 3619 2871 3677 olivae?
2925 3619 3065 3675 Nolo
3095 3617 3238 3674 enim
3274 3634 3371 3673 vos
3400 3617 3674 3687 ignorare,

2092 3736 2114 3764 ι
2146 3713 2359 3778 fratres,
2395 3709 2713 3783 mysterium
2734 3710 2855 3774 hoc,
2888 3715 2945 3763 ut
2975 3724 3084 3763 non
3114 3706 3230 3762 sitis
3270 3704 3561 3776 vobisipsis
3590 3720 3678 3759 sa-

2092 3825 2113 3854 «
2149 3803 2380 3874 pientes,
2413 3800 2541 3873 quia
2568 3798 2785 3855 caecitas
2825 3814 2889 3853 ex
2937 3805 3093 3868 parte
3124 3795 3349 3867 contigit
3375 3794 3433 3849 in
3486 3793 3674 3859 Israel,

2093 3914 2115 3942 α
2151 3892 2328 3947 donec
2384 3888 2666 3960 plenitudo
2703 3886 2945 3960 gentium
2995 3885 3219 3940 intraret
3253 3900 3265 3937 :
3297 3891 3352 3939 et
3381 3883 3460 3939 sic
3498 3883 3677 3937 omnis

2093 4001 2116 4032 α
2152 3979 2317 4035 Israel
2339 3978 2523 4033 salvus
2569 3975 2743 4042 fieret,
2774 3975 2914 4031 sicut
2972 3974 3230 4044 scriptum
3264 3980 3345 4028 est
3375 3990 3389 4027 :
3427 3994 3450 4023 α
3486 3971 3680 4027 Veniet

2093 4091 2113 4116 ν
2152 4085 2217 4124 ex
2249 4067 2398 4135 Sion,
2432 4065 2526 4138 qui
2554 4064 2750 4135 eripiat
2779 4071 2832 4118 et
2860 4069 3065 4118 avertat
3094 4061 3424 4133 impietatem
3471 4060 3539 4114 ab
3582 4061 3678 4115 Ja-

2093 4180 2115 4206 ει
2153 4157 2256 4213 coh
2287 4156 2416 4225 (Isa.
2449 4170 2562 4215 LIX.
2595 4155 2707 4225 20).
2748 4174 2770 4202 ι
2806 4153 2873 4207 Ει
2900 4152 3006 4207 hoc
3050 4150 3157 4205 illis
3188 4166 3220 4205 a
3249 4165 3337 4205 me
3383 4157 3681 4204 testamen-

2094 4269 2115 4293 ‹‹
2154 4254 2287 4305 tum.
2331 4260 2454 4300 cum
2509 4242 2787 4297 abstulero
2843 4248 3063 4311 peccata
3106 4255 3313 4295 eorum.
3366 4238 3681 4294 Secundum

396 4353 419 4383 ι
452 4332 601 4387 Deus
631 4330 848 4402 plebem
879 4347 1067 4398 suam,
1103 4347 1268 4403 quam
1316 4333 1609 4403 praescivit.
1641 4336 1725 4389 An
1768 4335 1990 4391 nescitis
2021 4326 2072 4385 D
2098 4357 2120 4386 κ
2154 4333 2515 4407 Evangelium
2538 4331 2759 4403 quidem
2789 4329 2994 4384 inimici
3045 4335 3269 4400 propter
3300 4342 3397 4382 vos
3418 4371 3431 4393 ,
3477 4342 3680 4383 secun-

398 4442 419 4469 «
457 4419 587 4491 quid
618 4419 748 4475 dicit
794 4419 1071 4490 Scriptura
1114 4420 1169 4474 in
1214 4420 1332 4475 Elia
1364 4438 1376 4477 :
1412 4422 1864 4492 quemadmodum
1904 4423 1992 4478 in-

398 4531 420 4556 α
457 4507 707 4579 terpellat
737 4508 910 4563 Deum
941 4508 1235 4563 adversum
1262 4508 1409 4582 {pro}
1438 4510 1650 4565 Israel?
1682 4534 1703 4557 «
1740 4511 1990 4579 Domine,

398 4621 419 4645 α
446 4598 742 4669 prophetas
773 4604 894 4652 tuos
924 4596 1262 4666 occiderunt,
1296 4597 1486 4653 altaria
1515 4606 1608 4654 tua
1636 4598 1989 4667 suti‘oderunt,

400 4707 423 4737 α
450 4694 504 4741 et
557 4701 666 4759 ego
720 4686 942 4741 relictus
993 4701 1113 4740 sum
1171 4686 1337 4752 solus,
1373 4694 1425 4742 et
1480 4696 1728 4759 qumrunt
1756 4689 1991 4744 animam

398 4795 420 4824 ε
447 4790 623 4849 meam
656 4774 757 4845 (III
783 4777 908 4846 Reg.
942 4789 1063 4841 χιχ,
1088 4773 1197 4845 10).
1229 4798 1251 4822 η
1286 4775 1396 4830 Sed
1427 4775 1557 4846 quid
1585 4776 1715 4831 dicit
1741 4777 1818 4831 illi
1848 4778 1994 4848 divi-

398 4882 421 4912 ι
458 4878 588 4917 num
637 4863 1008 4933 responsum?
1042 4886 1063 4910 u
1102 4862 1316 4934 Reliqui
1371 4863 1502 4918 mihi
1559 4873 1767 4936 septem
1826 4865 1995 4922 millia

402 4974 423 4998 ιι
462 4950 742 5021 virorum,
777 4950 867 5022 qui
921 4966 1030 5006 non
1090 4959 1455 5007 curvaverunt
1505 4969 1683 5024 genua
1712 4962 1837 5010 ante
1868 4955 1994 5010 Baal

401 5062 423 5087 α
457 5040 559 5110 (III
585 5042 714 5111 Reg.
750 5054 872 5102 χιχ,
910 5039 1018 5111 l8).
1058 5060 1080 5090 »
1117 5039 1205 5095 Sic
1235 5055 1370 5113 ergo
1400 5040 1457 5094 in
1493 5042 1597 5098 hoc
1627 5049 1873 5114 tempore
1903 5060 1993 5099 re-

402 5150 423 5176 ιι
461 5127 642 5199 liquia:
674 5127 975 5183 secundum
1006 5128 1323 5184 electionem
1353 5129 1545 5201 gratiae
1564 5130 1664 5186 Dei
1681 5132 1843 5187 salva:
1866 5132 1996 5188 fient

400 5238 423 5267 α
458 5216 635 5290 [factm
664 5216 830 5289 sunt].
865 5216 920 5271 Si
941 5225 1123 5272 autem
1153 5217 1324 5288 gratia
1348 5217 1461 5286 jam
1484 5234 1590 5274 non
1623 5235 1690 5274 ex
1709 5220 1996 5291 cperibus.

403 5328 425 5357 ι
460 5305 716 5378 Alioquin
744 5304 920 5377 gratia
953 5305 1062 5374 jam
1096 5321 1206 5361 non
1254 5314 1337 5361 est
1364 5307 1561 5378 gratia.
1614 5306 1757 5376 Quid
1811 5310 1996 5383 ergo?

404 5416 426 5446 α
464 5394 623 5463 Quod
669 5393 947 5467 quaerebat
977 5394 1162 5463 Israel,
1196 5395 1302 5451 hoc
1342 5411 1451 5451 non
1498 5404 1582 5451 est
1630 5406 1991 5466 consecutus;

334 5480 343 5487 “
403 5505 425 5536 υ
462 5482 655 5547 electio
713 5491 894 5539 autem
962 5491 1251 5541 consecuta
1298 5490 1416 5555 est;
1476 5484 1662 5542 caeteri
1706 5501 1839 5542 vero
1895 5503 1994 5548 ex—

2096 4446 2117 4475 «
2153 4424 2284 4478 dum
2313 4421 2636 4478 electionem
2668 4417 3183 4474 autem-eharissimi
3222 4423 3447 4488 prepter
3475 4423 3678 4487 patres.

2096 4536 2117 4561 ι(
2158 4512 2284 4568 Sine
2332 4508 2651 4582 paenitentia
2707 4507 2853 4563 enim
2881 4515 3004 4561 sunt
3033 4506 3206 4572 dona,
3239 4512 3293 4561 et
3321 4505 3528 4560 vocatio
3558 4504 3680 4560 Dei.

2096 4625 2118 4650 α
2156 4601 2303 4656 Sicut
2332 4600 2477 4655 enim
2507 4596 2803 4669 aliquando
2834 4603 2887 4650 et
2936 4611 3034 4651 vos
3063 4610 3172 4650 non
3203 4592 3513 4649 credidistis
3542 4593 3681 4658 Deo,

2096 4712 2119 4743 ι
2152 4704 2297 4745 nunc
2320 4696 2499 4743 autem
2554 4684 2987 4740 misericordiam
3037 4681 3316 4740 consecuti
3363 4681 3513 4751 estis,
3547 4696 3684 4753 pro-

2097 4802 2120 4830 ι
2151 4787 2272 4850 pter
2332 4774 2764 4832 incredulitatem
2803 4773 3050 4839 illorum;
3095 4771 3166 4826 ita
3196 4778 3249 4827 et
3286 4770 3520 4825 istinunc
3572 4785 3684 4824 non

2097 4892 2118 4915 «
2157 4866 2504 4923 crediderunt
2546 4863 2601 4917 in
2647 4870 2885 4918 vestram
2932 4860 3380 4928 misericordiam,
3413 4865 3469 4913 ut
3498 4865 3550 4913 et
3579 4858 3685 4929 ipsi

2098 4978 2120 5007 ι
2158 4952 2589 5010 misericordiam
2620 4956 3044 5023 consequantur.
3070 4947 3348 5004 Conclusit
3376 4946 3519 5002 enim
3538 4948 3683 5002 Deus

2098 5068 2119 5093 ιι
2156 5043 2337 5100 omnia
2407 5041 2463 5096 in
2519 5039 2913 5105 incredulitate,
2946 5046 3003 5092 ut
3037 5037 3278 5093 omnium
3337 5035 3681 5092 misereatur.

2099 5158 2119 5181 α
2157 5132 2202 5189 Ο
2234 5131 2458 5187 altitudo
2512 5129 2822 5184 divitiarum
2871 5126 3150 5199 sapientia:
3180 5134 3232 5181 et
3262 5125 3500 5181 scientiae
3561 5125 3683 5189 Dei,

2100 5245 2120 5269 α
2158 5237 2322 5294 quam
2387 5216 2965 5291 incomprehensibilia
3035 5222 3159 5269 sunt
3207 5213 3410 5283 judicia
3453 5213 3590 5283 ejus,
3634 5221 3690 5267 et

2101 5334 2122 5363 ι
2151 5308 2558 5383 investigabiles
2590 5308 2690 5364 vim
2745 5306 2881 5374 ejus.
2932 5303 3065 5372 Quis
3095 5303 3239 5358 enim
3273 5302 3527 5375 cognovit
3556 5319 3688 5357 sen-

2100 5421 2123 5451 «ι
2159 5416 2277 5455 sum
2322 5397 2557 5463 Domini,
2592 5403 2683 5451 aut
2705 5395 2826 5467 quis
2855 5391 3196 5450 consiliarius
3227 5392 3345 5461 ejus
3368 5390 3506 5445 fuit?
3526 5392 3685 5463 (δίῳ.

2100 5512 2122 5537 α
2160 5504 2240 5554 ιχ,
2310 5491 2414 5554 l3;
2455 5487 2583 5542 Isai.
2624 5499 2718 5552 χι,
2763 5487 2858 5551 13;
2899 5483 2928 5537 Ι
2972 5480 3099 5537 Cor.
3167 5495 3226 5547 ιι,
3264 5480 3375 5552 16.)
3430 5480 3537 5536 Aut
3566 5478 3689 5554 quis
