3960 6036
247 167 318 217 93
827 162 1211 221 EXPOSITIO
1268 166 1343 221 IN
1399 164 1780 224 EPISTOLAS
1836 166 2058 223 PAULI.
2110 194 2180 208 —-
2229 166 2302 223 IN
2355 167 2578 223 EPIST.
2646 168 2739 222 AD
2795 167 2971 225 ROM.
3483 170 3551 224 94

252 307 277 336 ι
315 287 474 357 prior
495 287 642 343 dedit
672 287 769 357 illi,
795 296 846 345 et
877 289 1201 345 retribuetur
1220 291 1314 346 ei?
1336 291 1602 360 Quoniam
1623 309 1687 349 ex
1708 293 1846 364 ipso,
1871 296 1922 354 Α
1955 310 2114 365 quam
2142 295 2287 360 olim,
2325 309 2449 351 cum
2479 310 2589 350 non
2617 302 2734 350 erat
2764 303 2977 366 tempus
3023 293 3238 367 gratiae.
3297 295 3423 356 Hoc.
3459 293 3549 348 in-

249 399 274 426 ε
315 384 368 430 et
399 392 501 446 per
531 377 729 447 ipsum,
768 386 820 432 et
844 378 899 432 in
948 378 1066 448 ipso
1107 386 1230 434 sunt
1275 380 1477 448 omnia,
1527 381 1631 452 ipsi
1676 383 1853 437 honor

247 486 271 510 α
311 473 363 518 et
399 464 584 538 gloria
613 465 668 520 in
699 467 902 522 saecula
933 467 1276 523 saeculorum.
1309 472 1502 526 Amen.
1541 491 1563 521 ι

899 684 1216 726 ΕΧΡΟΒῙΤῙΟ.

316 827 464 897 Quia
511 829 632 884 dico
688 829 949 900 populum
995 831 1306 886 Judaeorum
1354 848 1462 887 non
1510 833 1846 899 credentem,

238 917 342 971 sed
375 918 876 985 contradicentem;
909 935 1038 989 ergo
1068 921 1207 982 dico,
1239 920 1293 974 id
1323 929 1405 974 est
1432 923 1691 994 nunquid
1715 937 1849 992 pro-

237 1013 438 1074 pterea
468 1006 654 1061 dicere
685 1006 963 1062 existimor
992 1008 1135 1078 quod
1166 1009 1311 1064 Deus
1343 1012 1556 1080 repulit
1575 1013 1850 1082 papulum

237 1111 413 1149 suum
434 1094 725 1149 Judaicum
756 1111 918 1166 quem
948 1095 1099 1166 prius
1130 1097 1417 1169 elegerat?
1445 1099 1598 1154 Absit
1642 1099 1745 1154 hoc
1793 1107 1850 1154 ut

238 1184 392 1237 Deus
448 1183 740 1254 aliquando
781 1185 1013 1256 repellat
1039 1186 1299 1256 p0pulum
1347 1187 1537 1242 suum!
1573 1189 1713 1244 Vere
1741 1204 1850 1244 non

236 1268 462 1338 repulit.
495 1270 640 1324 Nam
669 1286 765 1340 ego
793 1271 1054 1326 Israelita
1070 1288 1216 1336 sum,
1251 1280 1304 1326 et
1332 1273 1480 1326 multi
1514 1273 1605 1327 alii
1627 1273 1718 1344 qui
1739 1290 1848 1328 non

235 1372 430 1410 sumus
462 1357 684 1427 repulsi.
717 1359 832 1414 Nec
880 1357 956 1413 ita
1013 1359 1276 1424 Israelita,
1327 1367 1384 1414 ut
1425 1361 1643 1416 aliunde
1686 1370 1846 1416 natus

232 1444 288 1498 in
301 1446 328 1498 ,Ι
338 1445 648 1499 udaismum
662 1446 993 1513 transierim,
1012 1449 1106 1502 sed
1122 1465 1240 1502 sum
1257 1465 1331 1504 ex
1351 1451 1567 1505 semine
1588 1451 1842 1506 Abrahae.

230 1533 350 1588 Nec
381 1533 582 1589 iterum
615 1535 683 1589 de
717 1535 966 1601 Ismaele,
1001 1537 1088 1590 vel
1118 1537 1185 1591 de
1215 1536 1338 1590 filiis
1369 1539 1599 1604 Ceturte,
1655 1539 1752 1593 sed
1780 1540 1848 1595 de

1953 398 2135 454 quam,
2169 385 2231 438 in
2253 388 2500 456 tempore
2528 385 2728 455 gratiae
2739 385 2908 439 salvae
2923 387 3100 454 facta:
3121 387 3258 438 sunt
3273 383 3546 455 reliquiae,

1950 471 2006 525 id
2034 479 2115 525 est
2143 471 2218 525 illi
2249 488 2385 541 quos
2415 474 2560 526 Deus
2591 472 2693 526 sibi
2738 472 2954 543 reliquit
2998 472 3333 544 idoneosque
3365 471 3550 526 salva-

1952 559 2079 613 tioni
2113 561 2403 630 praescivit.
2437 561 2704 632 Reliquiae
2732 561 2905 616 salvae
2932 563 3106 631 factae
3136 564 3296 626 sunt,
3346 568 3398 614 et
3445 561 3550 615 hoc

1951 650 2259 705 secundum
2273 651 2607 705 electionem
2621 648 2739 712 Dei,
2759 650 2827 702 ab
2839 657 3046 705 aeterno
3057 649 3346 720 praevisam
3380 667 3400 730 ε¹
3429 665 3550 720 qua:

1950 737 2144 792 electio
2172 753 2278 792 non
2310 737 2645 808 fuitpropter
2675 738 2888 806 merita,
2926 739 3022 793 sed
3053 737 3147 792 fuit
3159 738 3359 809 gratia:
3383 757 3400 792 :
3423 737 3551 808 quia

1951 833 2003 880 et
2031 842 2131 895 per
2163 826 2395 898 gratiam
2429 826 2611 897 elegit,
2646 835 2698 880 et
2746 843 2846 896 per
2903 826 3130 897 gratiam
3180 825 3426 880 salvavit.
3490 827 3551 881 Si

1950 919 2143 970 autem
2175 916 2288 970 haec
2318 915 2511 970 electio
2525 923 2606 970 est
2635 931 2735 985 per
2758 916 3140 985 gratiam,jam
3162 919 3385 970 constat
3408 915 3550 986 quod

1949 1011 2159 1058 nonest
2191 1020 2264 1058 ea:
2293 1005 2684 1074 aperibus,pro
2715 1004 3052 1058 merentibus
3081 1003 3260 1058 illam:
3295 1005 3548 1075 alioquin

1949 1092 1995 1145 si
2025 1100 2246 1162 propter
2275 1107 2445 1163 Opera
2475 1092 2827 1164 eligerentur,
2856 1092 2967 1160 jam
2987 1092 3119 1146 illud
3151 1092 3297 1163 quod
3328 1099 3550 1147 vocatur

1948 1183 2156 1252 gratia,
2191 1197 2304 1236 non
2322 1185 2467 1236 esset
2496 1197 2633 1250 pura
2657 1183 2866 1252 gratia,
2888 1182 2985 1235 sed
3014 1180 3284 1236 meritum.
3317 1182 3433 1236 Hoc
3455 1196 3550 1234 au-

1949 1276 2056 1324 tem
2099 1269 2488 1324 convenienter
2515 1270 2583 1324 de
2615 1269 2789 1342 gratia
2818 1269 3042 1335 inducit,
3075 1277 3134 1323 ut
3161 1285 3261 1324 nec
3290 1269 3367 1324 illi
3410 1285 3548 1340 quos

1949 1357 2094 1412 Deus
2123 1358 2225 1411 sibi
2257 1358 2476 1429 reliquit
2504 1365 2694 1430 putent
2723 1375 2782 1413 se
2812 1357 3018 1413 electos
3049 1374 3114 1412 ex
3146 1358 3335 1412 merito
3372 1357 3548 1413 :sicut

1948 1446 2123 1500 malos
2157 1446 2281 1517 quia
2313 1447 2454 1510 male
2487 1455 2805 1502 meruerunt
2837 1447 3157 1518 reprobatos
3184 1466 3197 1513 ;
3232 1454 3284 1502 et
3312 1447 3428 1502 haec
3460 1446 3547 1501 di-

1946 1550 2077 1589 cens
2111 1534 2248 1589 bene
2279 1536 2446 1591 servit
2484 1536 2786 1590 intentioni.

232 1624 388 1678 tribu
424 1625 743 1693 Benjamin.
781 1625 907 1680 Haec
939 1625 1110 1679 tribus
1140 1625 1262 1680 aliis
1289 1627 1513 1696 praelata
1555 1627 1687 1693 fuit;
1721 1628 1844 1700 quia
1870 1656 1920 1714 B
2020 1623 2299 1677 Summam
2329 1624 2706 1679 auctoritatum
2739 1640 2903 1695 supra
2933 1624 3249 1695 positarum
3275 1623 3364 1680 hic
3420 1624 3548 1679 bre-

231 1711 327 1781 qui
358 1711 430 1764 de
461 1712 561 1766 hac
592 1712 730 1766 tribu
761 1711 997 1777 fuerunt,
1032 1730 1142 1768 non
1186 1721 1294 1769 tam
1338 1732 1483 1786 saepe
1533 1726 1590 1771 ut
1634 1716 1725 1770 alii
1774 1717 1843 1771 ad

232 1800 600 1855 idololatriam
629 1801 842 1872 delapsi
888 1809 1036 1856 sunt.
1089 1804 1157 1857 Et
1188 1804 1312 1875 quia
1363 1820 1471 1877 ego
1519 1805 1588 1858 de
1636 1805 1843 1861 semine

234 1889 478 1944 Abrahae
506 1905 615 1944 non
647 1906 767 1943 sum
814 1891 1083 1962 repulsus,
1128 1901 1356 1963 apparet
1399 1909 1499 1963 per
1545 1893 1649 1950 hoc
1699 1895 1843 1966 quod

231 1979 384 2032 Deus
417 1996 532 2035 non
563 1980 775 2051 repulit
801 1981 1017 2051 plebem
1047 1998 1231 2037 suam.
1288 1982 1438 2036 lllam
1483 1983 1666 2054 utique
1706 1999 1842 2038 voco

228 2066 454 2137 plebem
477 2066 577 2121 Dei
606 2084 775 2140 quam
805 2071 1109 2140 praesciuit,
1142 2069 1196 2124 id
1229 2079 1310 2125 est
1339 2071 1746 2141 praedestinavit
1771 2073 1840 2126 ad

227 2155 613 2210 salvationem.
647 2157 771 2211 Non
800 2158 986 2228 utique
1016 2158 1181 2213 modo
1213 2159 1430 2230 repulit,
1475 2162 1838 2231 quemadmo-

233 2243 364 2297 dum
393 2243 526 2299 olim
557 2245 896 2301 existimante
922 2247 1040 2300 Elia
1084 2263 1274 2302 omnes
1319 2257 1510 2319 przeter
1553 2265 1611 2304 se
1652 2266 1838 2304 reces-

232 2333 375 2387 sisse
406 2350 437 2386 a
468 2333 616 2389 cultu
647 2334 780 2400 Dei;
814 2335 966 2388 multi
996 2343 1198 2404 tamen,
1233 2353 1370 2409 quos
1391 2338 1507 2408 ipse
1525 2338 1832 2410 ignorabat,

232 2423 503 2477 reservati
535 2431 658 2477 sunt
688 2439 720 2477 a
745 2424 880 2478 Deo.
913 2423 1002 2479 Sic
1031 2425 1196 2479 modo
1224 2426 1424 2481 multos
1456 2429 1602 2481 Deus
1635 2428 1837 2483 electos

231 2512 421 2577 habet,
457 2527 596 2582 quos
628 2511 968 2582 ignoramus.
1003 2514 1107 2567 Pro
1138 2521 1289 2568 certo
1315 2515 1462 2569 Deus
1491 2532 1599 2570 non
1643 2517 1839 2587 repulit

228 2600 454 2670 plebem
485 2616 674 2666 suam;
709 2601 836 2672 quia
864 2619 938 2656 an
961 2604 1193 2657 nescitis
1215 2603 1347 2675 quid
1366 2605 1661 2676 Scriptura
1684 2607 1836 2660 dicat

231 2690 292 2742 in
326 2689 472 2754 Elia,
505 2688 560 2742 id
591 2697 673 2744 est
704 2691 794 2744 ubi
824 2689 1064 2762 loquitur
1091 2692 1160 2746 de
1183 2692 1338 2747 Elia:
1366 2694 1834 2765 quemadmodum

228 2777 324 2831 ille
353 2778 510 2832 Elius
541 2779 878 2849 interpellat
908 2781 1082 2835 Deum
1113 2781 1379 2836 adversus
1401 2780 1539 2852 [pro]
1562 2781 1756 2847 Israel,
1780 2782 1834 2835 id

228 2874 311 2919 est
333 2865 399 2918 ad
435 2866 832 2921 damnationem
863 2867 1189 2934 Iudaeorum,
1226 2869 1414 2924 dicens
1449 2869 1552 2925 hoc
1581 2869 1635 2924 in
1675 2871 1833 2925 tertio

227 2953 370 3009 libro
418 2954 631 3027 Regum
666 2970 678 3009 :
713 2956 965 3022 Domine,
1013 2958 1200 3012 Achab
1245 2966 1298 3012 et
1344 2959 1565 3013 Jezabel
1615 2959 1832 3014 occide-

226 3048 370 3097 runt
397 3043 701 3114 prophetas
734 3049 896 3112 tuos;
927 3046 1286 3116 su/Toderunt
1314 3047 1471 3101 etiam
1495 3048 1709 3102 altaria
1735 3051 1835 3102 tua

226 3131 322 3200 (ςιιι
380 3134 509 3200 Reg.
563 3147 686 3199 xxx,
732 3133 844 3202 20).
897 3133 1110 3189 Fideles
1153 3135 1297 3189 enim
1358 3135 1426 3190 de
1485 3136 1655 3190 Israel
1710 3136 1834 3207 quia

224 3236 336 3274 non
367 3219 645 3275 audebant
673 3221 745 3275 ad
774 3222 1108 3276 adorandum
1140 3224 1432 3278 convenire
1471 3223 1525 3277 in
1573 3224 1832 3278 Hierusa-

225 3308 354 3372 lem,
389 3309 621 3364 latenter
651 3309 774 3364 ideo
804 3309 858 3363 in
889 3311 1165 3381 speluncis
1215 3320 1266 3366 et
1315 3312 1464 3368 silvis
1505 3321 1831 3368 construxe-

223 3405 342 3450 rant
371 3413 522 3463 aras,
555 3398 736 3469 ibique
797 3399 1180 3466 immolabant;
1232 3417 1373 3472 quas
1416 3417 1544 3455 aras
1588 3402 1751 3455 etiam
1801 3418 1831 3455 a

222 3485 593 3540 fundamentis
647 3495 949 3542 everterant
1008 3488 1312 3544 idololatria
1343 3489 1618 3555 Israelitae,
1657 3506 1827 3560 quos-

225 3591 332 3645 que
363 3575 712 3630 immolantes
742 3575 1109 3642 inveniebant,
1144 3577 1480 3632 occidebant.
1534 3578 1685 3633 Alios
1716 3580 1828 3648 (in-

220 3663 355 3734 quit)
407 3665 704 3734 prophetas
752 3664 1106 3733 occiderunt;
1155 3670 1210 3720 et
1258 3682 1350 3737 ego
1394 3669 1545 3722 solus
1589 3670 1824 3724 relictus

221 3770 347 3807 sum
369 3753 424 3805 in
459 3752 604 3807 cultu
631 3753 750 3819 Dei,
775 3757 829 3808 et
851 3754 1030 3809 adhuc
1052 3759 1314 3825 quaerunt
1337 3757 1593 3810 animam
1614 3773 1820 3822 meam,

217 3849 272 3894 ut
304 3857 394 3895 me
426 3857 550 3896 cum
577 3841 696 3895 aliis
726 3841 1062 3898 interficiant.
1111 3844 1199 3898 Sic
1229 3844 1302 3898 ait
1331 3843 1477 3898 Elias
1514 3860 1526 3899 :
1559 3845 1663 3900 Sed
1691 3847 1822 3918 quid

219 3930 358 3984 dicit
390 3931 482 3985 illi
512 3931 763 3986 divinum
787 3948 1114 4002 responsum
1132 3932 1159 3985 ἱ)
1181 3933 1294 3988 Hoc
1312 3933 1496 4003 utique
1518 3949 1530 3986 :
1554 3934 1672 4004 Ego
1694 3936 1822 3990 reli-

217 4019 329 4090 qui,
365 4018 421 4072 id
452 4027 534 4073 est
553 4021 825 4074 reservavi
847 4020 1212 4092 mihiseptem
1234 4023 1419 4076 millia
1440 4024 1821 4095 virorum,qui

221 4125 332 4162 non
364 4113 744 4163 curvaverunt
771 4125 954 4178 genua
983 4114 1120 4164 ante
1151 4111 1307 4174 Baal,
1341 4110 1395 4163 id
1443 4118 1526 4164 est
1574 4111 1664 4181 qui
1708 4127 1816 4166 non

223 4197 587 4250 adoraverunt
616 4196 778 4250 idola.
809 4198 930 4252 Non
963 4197 1086 4252 ideo
1135 4197 1262 4252 dicit
1310 4205 1520 4268 septem
1561 4199 1730 4253 millia
1760 4207 1816 4253 ut

219 4286 303 4339 hic
333 4301 596 4340 numerus
619 4285 1013 4340 determinatus
1043 4294 1186 4341 esset
1215 4287 1269 4340 in
1300 4287 1426 4352 illis,
1461 4288 1606 4358 quod
1635 4303 1813 4360 neque

1948 1712 2087 1767 viter
2117 1711 2344 1783 colligit,
2378 1721 2436 1766 ut
2465 1712 2671 1782 aperiat
2702 1713 2848 1785 quod
2880 1731 2980 1783 per
3023 1714 3144 1768 illas
3199 1714 3549 1769 auctoritates

1947 1800 2278 1869 intendebat,
2313 1802 2500 1857 dicens
2532 1820 2545 1856 :
2581 1800 2718 1870 Quia
2775 1802 3024 1872 superius
3069 1803 3196 1868 dixi,
3249 1803 3548 1870 secundum

1946 1889 2138 1943 Isaiam
2176 1890 2396 1945 Judmos
2442 1906 2550 1945 non
2599 1890 2908 1956 credentes,
2953 1891 3052 1946 sed
3092 1891 3542 1946 contradicentes.

1945 1977 2066 2032 Dixi
2097 1979 2294 2033 iterum
2323 1980 2623 2033 secundum
2654 1980 2904 2033 eumdem
2932 1979 3190 2050 reliquias
3232 1980 3544 2034 Iudaeorum

1945 2082 2068 2120 esse
2100 2067 2352 2122 salvatas.
2389 2068 2537 2139 Ergo
2567 2067 2692 2138 quid
2723 2083 2788 2122 ex
2818 2068 2903 2122 his
2932 2068 3090 2123 dictis
3121 2084 3241 2139 quae
3291 2068 3395 2122 sibi
3439 2068 3544 2123 ob-

1942 2155 2089 2210 viare
2116 2155 2370 2223 videntur
2397 2156 2718 2226 colligemus
2740 2157 2768 2210 ‘l
2795 2158 2910 2212 Hoc
2939 2156 3124 2228 utique
3154 2157 3400 2212 dicemus
3418 2156 3540 2228 quia

1941 2245 2082 2316 quod
2102 2246 2383 2317 quaerebat
2411 2246 2606 2310 Israel,
2638 2245 2694 2299 id
2725 2252 2804 2299 est
2833 2245 3092 2300 Judaicus
3150 2245 3382 2315 populus
3430 2255 3543 2300 sta-

1941 2341 2107 2400 tuere,
2143 2333 2349 2388 scilicet
2374 2333 2638 2401 justitiam
2669 2349 2843 2399 suam,
2891 2342 2941 2389 et
2973 2334 3027 2387 in
3055 2349 3122 2388 ea
3170 2333 3387 2400 salvari,
3440 2335 3544 2390 hoc

1936 2437 2052 2476 non
2071 2426 2151 2476 est
2166 2423 2703 2477 consecutustrael
2734 2422 2786 2476 in
2811 2430 2919 2477 toto
2938 2439 3051 2478 non
3073 2428 3160 2478 est
3178 2426 3533 2487 consecutus,

1937 2509 2034 2563 sed
2061 2510 2261 2565 electio
2289 2514 2593 2565 consecuta
2623 2515 2729 2576 est,
2763 2511 2816 2564 id
2847 2519 2930 2565 est
2959 2511 3012 2565 Ili
3043 2527 3179 2582 quos
3208 2513 3355 2566 Deus
3372 2511 3540 2584 elegit

1937 2598 2006 2651 de
2039 2597 2206 2652 Israel
2243 2599 2521 2654 consecuti
2567 2607 2692 2652 sunt
2747 2599 3117 2654 salvationem.
3165 2601 3366 2656 Crateri
3411 2616 3534 2657 vero

1936 2685 2028 2756 qui
2056 2703 2166 2741 non
2199 2695 2322 2741 sunt
2353 2687 2531 2754 electi,
2566 2703 2675 2742 non
2707 2689 2881 2743 solum
2918 2705 3027 2743 non
3075 2688 3354 2744 consecuti
3385 2697 3535 2756 sunt,

1936 2775 2032 2829 sed
2063 2775 2224 2830 etiam
2255 2780 2391 2832 sunt
2416 2777 2784 2832 exerceatiEt
2804 2779 2908 2833 hoc
2929 2778 3052 2832 dico
3082 2780 3231 2834 sicut
3259 2779 3538 2849 scriptum

1935 2868 2020 2919 est
2053 2863 2108 2917 in
2139 2864 2314 2931 Isaia;
2348 2865 2472 2920 licet
2504 2865 2625 2919 aliis
2657 2865 2857 2932 verbis,
2891 2867 3086 2921 eodem
3125 2874 3304 2921 tamen
3348 2882 3536 2922 sensu.

1935 2953 2100 3008 Dedit
2127 2955 2247 3008 illis
2267 2954 2468 3008 Judaeis
2486 2956 2629 3010 Deus
2649 2957 2921 3026 spiritum
2939 2956 3407 3028 compunctionis,
3434 2955 3540 3011 sci-

1867 3012 1912 3072 C
1934 3041 2060 3097 licet
2089 3041 2337 3112 spiritum
2360 3043 2654 3114 malignum
2677 3012 2778 3116 lqui
2808 3012 3076 3117 pungerel
3109 3061 3223 3115 eos,
3257 3053 3311 3099 et
3364 3060 3538 3119 coge-

1936 3139 2021 3184 ret
2052 3131 2192 3186 male
2223 3132 2523 3203 agere.Vel
2543 3135 2829 3204 spiritum,
2855 3133 2909 3187 id
2939 3142 3021 3188 est
3034 3133 3367 3189 voluntatem
3387 3151 3536 3191 com-

1929 3222 2266 3291 punctionis
2288 3240 2305 3275 :
2325 3237 2427 3290 qua
2441 3229 2820 3292 pungerentur
2837 3222 3148 3288 invidendo,
3175 3231 3226 3277 et
3247 3223 3536 3279 irascendo

1935 3306 2203 3362 fidelibus.
2238 3308 2396 3362 Dedit
2427 3309 2585 3364 etiam
2632 3310 2737 3364 illis
2779 3313 2984 3376 oculos,
3009 3311 3064 3365 id
3116 3320 3197 3366 est
3236 3313 3535 3368 naturalem

1933 3397 2222 3450 rationem:
2258 3398 2355 3451 sed
2384 3397 2458 3451 ita
2489 3402 2555 3452 ut
2582 3415 2697 3455 non
2728 3400 2975 3468 videant,
3010 3400 3065 3453 id
3097 3407 3179 3454 est
3208 3408 3265 3454 ut
3295 3402 3440 3456 bono
3455 3418 3538 3456 ra-

1933 3485 2096 3539 tionis
2128 3485 2428 3556 priventur.
2464 3487 2623 3540 Dedit
2652 3487 2814 3540 etiam
2843 3505 3028 3553 aures,
3064 3489 3118 3542 id
3150 3497 3232 3543 est
3284 3491 3537 3546 eamdem

1933 3574 2201 3628 rationem
2233 3574 2388 3645 quasi
2420 3575 2565 3646 quod
2593 3592 2694 3645 per
2723 3592 2782 3630 se
2811 3591 2920 3631 non
2950 3585 3172 3647 possent
3191 3577 3532 3650 intelligere:

1931 3662 2236 3717 debuerant
2265 3663 2449 3718 audire
2480 3672 2532 3718 et
2563 3664 2862 3721 addiscere.
2916 3666 3036 3720 Non
3083 3666 3329 3721 audiant
3387 3667 3529 3737 dico,

1931 3767 2106 3822 usque
2133 3754 2190 3807 in
2225 3751 2560 3809 hodiernum
2592 3754 2758 3808 diem.
2793 3754 2892 3809 Hic
2919 3754 3037 3809 dies
3085 3754 3385 3810 hodiernus
3434 3756 3534 3811 fuit

1930 3842 2210 3910 propheta:
2247 3857 2257 3893 :
2292 3841 2588 3896 hodiernus
2619 3843 2782 3897 etiam
2812 3859 2984 3915 usque
3014 3843 3083 3898 ad
3113 3842 3277 3898 ﬁnem
3310 3845 3529 3900 mundi:

1930 3929 2068 3984 sicut
2098 3929 2229 3983 illud
2259 3928 2314 3982 in
2345 3930 2552 3985 balneis
2587 3946 2598 3984 :
2629 3953 2649 3981 α
2685 3932 2858 3986 Hodie
2886 3948 3010 3987 cum
3031 3933 3225 4003 pretio,
3261 3949 3386 3989 cras
3420 3934 3536 3990 sine

1927 4016 2131 4087 pretio.
2177 4038 2198 4067 ι
2235 4019 2383 4074 Dicit
2414 4021 2591 4074 etiam
2625 4022 2796 4076 David
2825 4021 2893 4075 de
2927 4022 3289 4078 excazcatione
3310 4024 3532 4079 Iudaeo-

1929 4122 2049 4160 rum
2081 4108 2183 4162 hoc
2218 4122 2228 4160 :
2263 4109 2390 4163 Fiat
2423 4125 2621 4164 mensa
2653 4125 2869 4175 eorum,
2904 4110 2960 4164 id
2995 4117 3077 4164 est
3109 4111 3392 4182 Scriptura
3425 4128 3534 4184 qua

1927 4195 2226 4250 debuerant
2243 4196 2679 4252 animadvertere
2699 4197 3019 4263 bonum,ﬁat
3033 4198 3137 4252 illis
3152 4201 3214 4254 in
3248 4202 3530 4273 laqueum,

1926 4283 1979 4338 id
2011 4292 2091 4339 est
2119 4284 2478 4356 illaqueentur
2515 4286 2571 4340 in
2626 4286 2720 4340 illa
2776 4287 3014 4358 quotidie
3062 4288 3300 4343 deterius
3331 4289 3532 4345 intelli-

219 4374 339 4444 plus
368 4390 548 4445 neque
576 4374 756 4428 minus
786 4374 858 4428 ibi
909 4383 1056 4429 esset
1089 4393 1102 4439 ;
1153 4376 1251 4429 sed
1295 4376 1421 4446 quia
1465 4391 1564 4446 per
1612 4384 1819 4446 septem
1851 4375 1901 4433 D
1932 4373 2112 4445 gendo
2147 4389 2158 4427 :
2193 4372 2282 4427 fiat
2311 4374 2472 4428 etiam
2503 4374 2608 4429 illis
2639 4375 2702 4430 in
2718 4378 3060 4447 captionem,
3094 4377 3218 4448 quia
3249 4379 3391 4449 capti
3407 4387 3531 4434 sunt

221 4462 543 4516 universitas
571 4463 928 4534 designatur:
961 4464 1084 4518 ideo
1138 4463 1301 4518 etiam
1350 4471 1530 4520 certus
1561 4482 1820 4520 numerus

218 4550 270 4603 in
299 4551 506 4606 incerta
556 4567 611 4606 re
654 4551 888 4622 ponitur,
941 4559 998 4605 ut
1058 4552 1377 4607 ostendatur
1418 4553 1508 4608 hic
1559 4569 1819 4608 numerus

219 4639 514 4695 electorum
571 4641 687 4695 Deo
742 4657 864 4695 esse
917 4641 1188 4712 cognitus,
1241 4642 1342 4696 etsi
1388 4643 1457 4697 ab
1510 4643 1818 4697 hominibus

218 4728 513 4799 ignoretur.
575 4729 733 4797 Quod
784 4729 851 4784 de
899 4730 1015 4783 Elia
1057 4730 1340 4800 praemisit,
1395 4731 1612 4801 adaptat
1654 4732 1817 4786 modo

218 4818 372 4873 dictis
433 4817 544 4871 suis
597 4818 666 4871 ita
714 4837 727 4872 :
781 4818 1235 4890 Quandoquidem
1284 4819 1339 4872 in
1387 4826 1632 4890 tempore
1681 4820 1817 4875 Elite

219 4907 368 4961 multi
429 4905 620 4962 fideles
681 4909 940 4962 reservati
992 4907 1227 4973 fuerant,
1279 4924 1417 4980 quos
1467 4916 1650 4963 tamen
1698 4909 1816 4979 ipse

218 4996 499 5068 ignorabat
525 5015 540 5061 ;
574 5013 720 5067 ergo,
753 4997 806 5051 id
836 5005 917 5051 est
948 5006 1236 5067 pmpterea
1269 5013 1367 5067 per
1395 4997 1570 5052 simile
1591 4998 1816 5053 creden-

217 5086 342 5138 dum
399 5093 483 5139 est
539 5087 686 5156 quod
742 5087 843 5153 sic,
893 5085 947 5139 id
988 5094 1070 5140 est
1117 5102 1215 5155 per
1257 5086 1684 5140 misericordiam
1713 5087 1812 5141 Dei

215 5175 368 5229 sicuti
400 5182 548 5240 tunc,
611 5175 706 5229 Vel
763 5175 843 5229 sic
905 5192 918 5228 :
977 5174 1116 5242 Quia
1173 5176 1629 5246 quemadmodum
1687 5183 1810 5231 tunc

213 5263 580 5333 ignorabatur,
616 5264 693 5318 sic
723 5271 775 5317 et
805 5263 967 5318 modo
1000 5264 1203 5319 electos
1234 5265 1332 5318 Dei
1363 5263 1680 5320 discernere
1700 5280 1809 5320 non

213 5352 529 5408 sufficimus.
563 5352 720 5408 63
753 5353 861 5421 Sic,
896 5353 1084 5424 inquit,
1112 5369 1255 5409 nunc
1285 5360 1340 5407 ut
1361 5354 1489 5408 olim
1513 5355 1684 5409 etiam
1708 5354 1807 5408 hoc

213 5444 272 5496 in
305 5447 553 5514 tempore
583 5444 803 5512 gratias,
839 5457 945 5513 qua
977 5457 1144 5497 causa
1175 5443 1348 5514 magis
1370 5443 1701 5498 credendum
1726 5452 1807 5499 est

212 5531 380 5586 Deum
413 5530 842 5587 misericorditer
871 5531 974 5586 sibi
1004 5546 1321 5587 reservasse
1370 5531 1572 5588 electos
1620 5532 1800 5604 magis

1923 4477 1956 4516 a
1987 4462 2243 4516 Romanis
2280 4481 2292 4517 :
2322 4470 2374 4517 et
2407 4461 2497 4516 fiat
2518 4463 2626 4517 illis
2648 4465 2710 4518 in
2741 4466 3098 4520 scandalum.
3134 4467 3408 4522 Miseriam
3438 4485 3530 4523 eo-

1922 4567 2041 4605 rum
2073 4551 2446 4622 dispersorum
2489 4568 2588 4622 per
2646 4553 2906 4607 mundum
2963 4563 3123 4610 vocat
3174 4557 3524 4612 scandalum:

1921 4638 2012 4693 ﬁat
2043 4639 2206 4695 etiam
2236 4642 2354 4696 illis
2383 4641 2446 4695 in
2477 4642 2918 4697 retributionem
2968 4645 3145 4712 (Psal.
3179 4660 3375 4710 vam,
3410 4647 3522 4716 23).

1920 4728 2056 4782 Cum
2085 4731 2408 4800 captionem
2439 4737 2491 4783 et
2513 4731 2847 4786 scandalum
2877 4733 3318 4788 retributionem
3338 4741 3524 4804 posset

1918 4832 2130 4882 vocare,
2164 4826 2422 4873 aeternum
2473 4825 2648 4873 tamen
2689 4818 2979 4884 interitum,
3029 4821 3157 4892 quia
3197 4838 3523 4892 permanens

1918 4905 2039 4973 erit,
2071 4907 2476 4960 retributionem
2537 4906 2805 4978 intelligit.
2844 4909 2940 4963 Vel
2977 4909 3050 4963 ita
3078 4928 3278 4966 mensa
3307 4927 3520 4980 eorum,

1915 4995 1971 5049 id
2000 5002 2082 5049 est
2110 4996 2214 5050 hoc
2245 4995 2389 5066 quod
2422 5011 2481 5049 se
2512 4994 2710 5050 fellitos
2741 5005 2793 5050 ct
2822 4997 3007 5052 acidos
3035 4997 3334 5055 intulerunt
3379 5002 3515 5070 Deo,

1915 5083 2006 5155 qui
2038 5083 2105 5138 de
2137 5083 2494 5139 conversione
2517 5099 2704 5139 eorum
2738 5085 2887 5140 refici
2917 5087 3153 5153 volebat,
3188 5087 3276 5143 ﬁat
3324 5089 3432 5144 illis
3461 5090 3518 5143 in

1913 5172 2186 5243 laqueum,
2219 5171 2275 5226 id
2307 5180 2389 5227 est
2417 5172 2776 5244 illaqueentur
2804 5174 2928 5228 ideo
2975 5176 3260 5234 obsidione
3307 5179 3513 5233 Roma-

1911 5277 2122 5316 norum.
2160 5261 2369 5316 Caetera
2399 5278 2508 5316 non
2538 5271 2833 5318 mutantur.
2868 5265 2933 5319 Et
2962 5267 3139 5332 oeuli,
3162 5266 3217 5320 id
3247 5274 3329 5320 est
3372 5267 3512 5322 ratio

1909 5366 2116 5417 eorum,
2144 5351 2514 5407 obscurentur
2531 5368 2602 5407 ne
2626 5354 2878 5419 videant,
2894 5353 3258 5425 etintelligant
3284 5355 3506 5410 bonum.

1907 5441 1978 5494 Et
2009 5439 2239 5495 dorsum
2260 5440 2532 5507 eorum,id
2565 5449 2647 5496 est
2669 5442 2916 5496 eamdem
2948 5443 3208 5498 rationem
3232 5460 3336 5515 qua
3366 5461 3424 5500 se
3438 5445 3508 5502 ad

1905 5528 2274 5600 cognitionem
2306 5528 2404 5584 Dei
2433 5529 2650 5600 erigere
2682 5531 3004 5602 debuerunt,
3026 5531 3157 5587 illud
3188 5533 3421 5592 incurva
3455 5534 3510 5595 in
