3960 6036
381 150 450 204 95
880 147 936 202 S.
995 145 1350 204 BRUNONIS
1408 143 2052 202 CARTHUSIANORUM
2109 143 2595 202 INSTITUTORIS
2653 144 2805 202 OPP.
2863 146 3040 203 PARS
3098 148 3165 202 II.
3600 151 3669 202 96

383 272 634 340 terrenis,
660 288 879 344 semper
896 273 1074 345 magis
1103 278 1157 328 et
1183 271 1360 344 magis
1387 271 1776 343 praecipitando
1797 270 1850 324 in
1867 286 1983 341 poe-
2011 273 2066 332 A
2091 270 2196 326 ciet
2209 272 2353 325 Deus
2365 271 2546 326 vivere
2559 271 2757 326 multos
2772 271 2826 326 in
2843 279 3068 342 peccato
3079 279 3324 327 mortuos
3349 287 3360 326 :
3385 270 3478 343 qui
3499 288 3679 327 exem-

389 360 495 416 nis.
533 361 673 429 Quia
701 361 813 415 dixi
838 362 1054 416 Iudaeos
1084 369 1403 416 excaecatos.
1434 362 1573 432 Ergo
1605 359 1846 431 nunquid
1866 375 1990 430 pro-

392 457 582 520 pterea
596 449 717 506 dico
734 449 880 522 quod
899 451 980 505 sic
1009 450 1386 520 oﬂ‘enderunt,
1408 454 1475 504 ut
1493 450 1761 504 caderent
1782 448 1989 502 inutili-

389 546 476 593 ter
493 547 544 592 et
573 538 1090 609 irrecuperabiliter,
1111 539 1255 610 quod
1283 538 1625 593 solummodo
1643 537 1697 591 in
1729 537 1807 592 eis
1829 553 1991 592 casus

391 626 506 681 sit?
533 627 628 682 Hic
660 627 890 682 intendit
912 628 1212 698 reprimere
1233 627 1484 700 gentiles,
1514 642 1583 680 ne
1613 643 1671 680 se
1701 624 1993 696 praeferant

386 715 606 783 Judzeis,
640 715 766 771 licet
798 733 900 772 eos
931 717 1063 771 dixit
1093 724 1397 772 excaecatos
1424 731 1435 769 :
1472 715 1598 786 quia
1627 730 1789 770 casus
1803 730 1992 769 eorum

391 811 472 858 est
512 805 917 874 recuperabilis,
967 812 1018 859 et
1086 804 1371 859 salvationi
1415 803 1658 874 gentium
1703 803 1993 873 plurimum

394 891 558 958 utilis,
595 893 783 949 dicens
817 909 829 947 :
864 895 1016 949 Absit
1046 895 1150 948 hoc
1178 900 1234 946 ut
1263 893 1390 947 licet
1429 891 1751 947 offenderint
1781 892 1993 946 irrecu-

399 981 734 1051 perabiliter,
769 982 891 1036 ideo
923 981 1136 1046 cadant,
1171 989 1224 1036 et
1255 980 1512 1035 inutiliter
1544 978 1554 1034 !
1590 981 1732 1035 Vere
1762 996 1873 1034 non
1905 979 1994 1033 in-

392 1071 614 1135 utiliter,
635 1071 730 1126 sed
751 1072 972 1135 delicto,
999 1070 1052 1124 id
1075 1078 1156 1124 est
1172 1087 1272 1140 per
1287 1069 1543 1125 delictum
1561 1085 1773 1137 eorum,
1793 1068 1998 1124 scilicet

399 1159 718 1214 Iudaeorum
749 1163 831 1214 est
861 1158 1002 1214 facta
1021 1161 1178 1214 salus
1208 1159 1485 1230 gentium.
1521 1158 1638 1212 Nisi
1667 1158 1808 1212 enim
1823 1158 1997 1212 Judaei

395 1255 716 1318 respuerent
748 1249 971 1302 verbum
1002 1247 1123 1315 Dei,
1158 1247 1389 1317 apostoli
1434 1263 1542 1302 non
1591 1246 1878 1301 transirent
1928 1247 1997 1300 ad

397 1342 613 1408 gentes.
649 1336 803 1391 Salus
843 1336 1027 1408 utique
1075 1335 1218 1391 facta
1238 1343 1320 1391 est
1364 1335 1638 1407 gentibus,
1690 1339 1754 1390 ut
1806 1342 1999 1406 gentes

397 1426 760 1491 aemulentur,
790 1425 844 1478 id
875 1432 957 1480 est
975 1424 1251 1479 imitentur
1279 1425 1408 1480 illos
1428 1424 1665 1491 Judaeos,
1690 1423 1780 1495 qui
1812 1422 2000 1477 ﬁdeles

400 1511 637 1581 fuerunt,
673 1521 726 1568 et
757 1529 981 1584 quorum
1012 1513 1097 1568 lex
1121 1512 1513 1567 ﬁrmamentum
1537 1520 1619 1567 est
1647 1512 1787 1567 Novi
1818 1513 2002 1566 Testa-

401 1602 596 1656 menti.
631 1602 726 1656 Vel
758 1601 850 1656 ita.
884 1603 986 1657 Per
1006 1602 1263 1657 delictum
1291 1601 1605 1655 Judieorum
1637 1609 1719 1655 est
1748 1600 1888 1656 facta
1915 1617 2002 1654 sa-

401 1685 485 1739 lus
515 1685 788 1758 gentibus,
831 1686 901 1739 ita
931 1693 987 1740 ut
1011 1686 1183 1740 Judaei
1215 1686 1538 1740 aemulentur
1568 1684 1729 1740 64
1762 1685 1901 1751 illos,
1945 1685 2002 1740 id

402 1772 679 1828 imitentur
708 1783 901 1845 gentes
931 1775 985 1828 in
1017 1773 1122 1829 ﬁde
1155 1774 1373 1829 Christi.
1436 1776 1504 1828 Et
1552 1774 1852 1829 secundum
1897 1775 2002 1830 hoc

401 1862 616 1932 probat,
642 1863 785 1933 quod
809 1879 967 1919 casus
989 1864 1296 1918 Judaeorum
1328 1862 1398 1917 sit
1426 1862 1833 1933 recuperabilis.
1861 1863 2002 1929 Quia

403 1952 453 2007 si
479 1952 752 2007 delictum
778 1969 991 2016 eorum,
1013 1969 1112 2022 pro
1126 1968 1232 2023 quo
1253 1952 1427 2007 Judaei
1457 1951 1661 2022 repulsi
1693 1960 1835 2016 sunt,
1869 1950 2004 2006 divi-

408 2041 504 2094 tice
537 2044 674 2095 sunt
703 2041 923 2107 mundi,
959 2041 1014 2094 id
1035 2048 1292 2095 estcausa
1308 2039 1405 2094 fuit
1436 2055 1607 2110 quare
1625 2040 1902 2110 gentilitas
1921 2039 2002 2093 di-

407 2135 613 2183 taretur
640 2127 811 2200 gratia
840 2129 940 2183 Dei
966 2148 979 2194 ;
1003 2133 1212 2200 quanto
1241 2130 1422 2199 magis
1449 2129 1745 2201 plenitudo
1785 2145 1996 2195 eorum,

405 2216 461 2271 id
491 2225 574 2271 est
601 2217 773 2271 Judaei
804 2216 1042 2286 plenarie
1064 2217 1440 2286 salvati,erunt
1471 2217 1683 2272 divitia:
1711 2218 2006 2286 gentium?

409 2307 512 2360 Per
543 2307 646 2361 hoc
678 2321 838 2361 casus
879 2307 1187 2362 Judaeorum
1220 2306 1607 2377 recuperabilis
1637 2307 1913 2376 probatur.
1947 2307 2002 2361 Si

407 2395 553 2450 enim
583 2397 730 2450 Deus
768 2395 968 2450 malum
1015 2396 1326 2451 Iudaeorum
1376 2395 1505 2450 utile
1555 2394 1682 2450 fecit
1728 2396 1999 2466 gentibus,

406 2485 576 2539 multo
620 2484 801 2557 magis
845 2485 1176 2540 credendum
1237 2491 1318 2538 est
1368 2485 1514 2555 quod
1559 2485 1761 2538 bonum
1811 2501 2003 2540 eorum

406 2572 570 2646 longe
600 2573 783 2628 utilius
809 2573 967 2629 faciet
996 2574 1268 2644 gentibus.
1331 2574 1611 2629 Delictum
1641 2591 1834 2629 eorum
1865 2578 2001 2628 sunt

407 2662 619 2717 divitia:
646 2662 867 2731 mundi,
903 2662 1278 2734 etLdiminutio
1301 2663 1554 2727 illorum,
1580 2662 1634 2716 id
1658 2671 1739 2716 est
1771 2662 2001 2733 apostoli

409 2750 502 2822 qui
531 2750 599 2804 de
627 2750 828 2806 Iudaeis
860 2751 1013 2806 electi
1037 2751 1336 2806 secundum
1357 2767 1415 2805 se
1448 2758 1661 2821 partem
1691 2751 2003 2806 Judaeorum

406 2839 787 2894 diminuerunt.
823 2841 969 2904 Haec,
1003 2839 1245 2910 inquam,
1284 2839 1597 2894 diminutio
1633 2841 2003 2895 suntdivitite

407 2929 664 3000 gentium
696 2943 708 2981 :
741 2928 973 2999 apostoli
995 2929 1137 2982 enim
1158 2929 1463 2983 ditaverunt
1480 2935 1674 3000 gentes
1695 2928 1861 2982 verbo
1879 2927 1996 2982 Dei.

407 2993 531 3072 Non
560 3016 683 3073 ideo
716 2993 844 3074 dicit
872 3018 1190 3089 plenitudo,
1209 3017 1356 3088 quod
1377 2993 1567 3071 omnes
1597 3017 1838 3071 salvandi
1859 3017 1999 3072 sint:
2026 2993 2073 3054 Ο

408 3105 546 3161 sicut
574 3122 676 3162 nec
705 3107 960 3162 universa
1006 3105 1278 3177 gentilitas
1343 3105 1516 3160 electa
1573 3113 1673 3169 est,
1725 3105 1823 3160 sed
1880 3105 2003 3176 quia

405 3195 561 3250 multi
590 3195 961 3250 salvabuntur.
999 3197 1137 3250 Vere
1181 3193 1456 3266 plenitudo
1483 3194 1794 3249 Iudaeorum
1827 3194 2002 3248 salva-

407 3283 568 3339 bitur.
603 3285 739 3338 Nam
779 3285 940 3339 etiam
997 3285 1051 3338 in
1092 3292 1338 3356 tempore
1385 3283 1770 3340 excaecationis
1817 3300 2004 3339 eorum

411 3373 766 3429 salvabuntur
795 3373 961 3446 aliqui
992 3390 1056 3429 ex
1087 3374 1212 3429 illis.

481 3463 548 3517 Et
577 3464 679 3518 hoc
709 3463 832 3520 dico
857 3464 1002 3520 vobis
1030 3465 1323 3535 gentibus:
1358 3462 1483 3535 quia
1513 3479 1733 3534 semper
1753 3462 2007 3535 quandiu

413 3553 634 3625 quidem
665 3569 760 3623 ego
789 3570 916 3608 sum
944 3554 1230 3623 apostolus
1260 3555 1534 3622 gentium,
1561 3552 1631 3606 ad
1648 3567 1785 3623 quas
1799 3551 2005 3605 solum-

411 3641 575 3696 modo
604 3641 802 3694 missus
837 3657 976 3709 sum,
1013 3640 1382 3709 honoriﬁcabo
1412 3649 1592 3694 tamen
1614 3656 1802 3695 meum
1834 3640 2008 3694 mini-

411 3730 685 3784 sterium:
719 3729 846 3800 quia
876 3745 999 3784 cum
1029 3727 1261 3783 oﬁicium
1280 3744 1459 3782 meum
1481 3729 1584 3783 hoc
1613 3728 1785 3783 solum
1819 3728 2007 3799 exigat

409 3817 705 3888 praedicare
733 3817 1007 3889 gentibus,
1052 3816 1412 3872 honoriﬁcum
1458 3816 1649 3872 faciam
1678 3817 1808 3872 illud
1845 3833 2007 3887 supra

406 3906 512 3961 hoc
541 3905 685 3977 quod
717 3905 891 3960 debeo
927 3921 939 3960 :
972 3905 1267 3961 laborando
1287 3905 1343 3959 in
1369 3905 1591 3960 Judaais.
1625 3907 2005 3975 Honoriﬁcabo

413 3994 537 4051 dico
566 3997 617 4050 si
647 4012 751 4067 quo
781 3995 942 4051 modo
973 3995 1258 4066 (quidquid
1287 3994 1431 4049 enim
1462 4003 1677 4065 paterer
1706 4011 1815 4050 non
1845 4011 2005 4050 cura-

410 4085 547 4155 rem)
576 4100 867 4157 provocem
896 4100 1128 4139 carnem
1145 4100 1348 4150 meum,
1374 4083 1428 4138 id
1458 4092 1541 4138 est
1560 4084 1780 4140 Judznos
1811 4100 2004 4140 secun-

410 4174 538 4228 dum
569 4189 789 4228 carnem
803 4173 932 4228 mihi
952 4173 1290 4245 propinquos
1317 4174 1390 4228 ad
1410 4174 1818 4234 aemulandum,
1846 4173 1900 4226 id
1925 4181 2008 4229 est

411 4263 480 4317 ad
510 4261 825 4317 imitandum
857 4280 944 4318 me
975 4263 1029 4317 in
1060 4262 1183 4328 ﬁde,
1218 4270 1271 4318 et
1300 4271 1354 4316 ut
1387 4263 1465 4317 sic
1493 4263 1840 4334 provocando
1887 4265 2006 4318 sal-

2089 359 2182 428 plo
2210 359 2424 414 illorum
2454 360 2732 431 provocati
2761 361 2944 415 vivent
2991 362 3045 414 in
3093 359 3200 416 ﬁde
3239 361 3458 416 Christi.
3505 361 3684 416 Proba

2092 447 2236 518 quod
2267 464 2442 520 genus
2472 464 2658 503 eorum
2686 465 2799 513 non,
2824 449 3082 519 impediat
3131 449 3557 518 assumptionem
3587 464 3686 503 eo-

2092 551 2230 598 rum,
2267 536 2363 590 sed
2397 537 2514 591 sola
2539 537 2911 602 incredulitas,
2945 537 3132 593 dicens
3166 556 3179 591 :
3212 538 3357 592 Bene
3400 537 3543 604 dico,
3589 554 3686 592 as-

2093 626 2362 696 sumptio.
2395 626 2530 679 Nam
2559 626 2697 680 bene
2729 633 2958 696 possunt
2999 626 3426 697 assumptionem
3467 625 3685 680 mereri.

2092 713 2150 768 Si
2180 716 2333 768 enim
2349 714 2613 770 delibatio
2630 717 2833 769 sancta
2856 719 2958 779 est,
2985 715 3038 768 id
3068 723 3150 769 est
3181 715 3225 768 si
3244 714 3495 784 apostoli,
3530 722 3584 769 et
3599 713 3690 768 alii

2094 818 2186 872 qui
2215 802 2283 856 de
2311 818 2511 871 genere
2542 818 2729 858 eorum
2759 801 2916 858 electi
2944 810 3086 869 sunt,
3123 803 3291 857 sancti
3350 810 3493 867 sunt,
3551 817 3689 856 con-

2095 897 2198 944 stat
2225 890 2370 961 quod
2402 892 2577 945 etiam
2605 908 2816 957 massa,
2850 891 2904 944 id
2925 900 3006 945 est
3037 891 3130 945 illa
3158 890 3436 961 plenitudo
3466 891 3691 945 Iudaeo-

2095 995 2214 1032 rum
2244 979 2393 1032 salva
2425 995 2546 1034 esse
2568 987 2762 1049 potest.
2785 980 2841 1034 Si
2870 980 3014 1034 enim
3046 980 3335 1050 Apostolus
3367 979 3498 1033 nihil
3519 977 3692 1033 obfuit

2094 1083 2270 1139 genus
2291 1083 2393 1122 nec
2414 1067 2535 1122 aliis
2563 1068 2760 1123 obesse
2783 1068 3366 1124 debet.Delibationem
3388 1068 3517 1123 dicit
3533 1068 3602 1122 ab
3624 1082 3691 1122 ea

2096 1155 2444 1211 similitudine
2479 1172 2490 1209 :
2525 1157 2981 1227 quemadmodum
3020 1172 3212 1227 parum
3262 1156 3391 1228 quid
3439 1163 3694 1229 gustatur

2096 1245 2164 1298 de
2194 1244 2336 1310 cibo,
2369 1261 2467 1316 per
2495 1245 2638 1316 quod
2671 1253 2777 1299 tota
2805 1263 2994 1301 ma..-sa
3021 1247 3160 1300 bene
3191 1261 3260 1300 an
3291 1245 3431 1300 male
3475 1244 3692 1300 condita

2098 1332 2162 1386 sit
2193 1333 2460 1403 probatur
2494 1349 2505 1386 :
2543 1334 2620 1390 sic
2649 1334 2877 1405 apostoli
2899 1335 3161 1390 delibatio
3189 1333 3506 1389 dicebantur
3527 1333 3692 1388 totius

2098 1436 2296 1476 massae
2316 1422 2645 1489 Judaeorum,
2678 1423 2733 1476 in
2764 1422 2957 1493 quibus
2985 1423 3204 1493 planum
3234 1430 3347 1477 erat
3375 1421 3576 1476 Judaeis
3594 1437 3692 1492 ge-

2099 1527 2202 1564 nus
2233 1510 2364 1564 nihil
2395 1511 2610 1566 obesse.
2635 1511 3036 1566 Probatiterum
3066 1511 3212 1566 idem
3239 1528 3339 1582 per
3368 1510 3530 1565 aliud.
3563 1511 3692 1564 Ideo

2032 1632 2083 1690 B
2104 1598 2263 1653 etiam
2293 1607 2504 1654 constat
2533 1616 2628 1654 eos
2660 1600 2796 1655 bene
2827 1616 2988 1670 posse
3043 1599 3266 1654 assumi.
3326 1600 3467 1654 Nam
3523 1598 3693 1654 radix

2103 1703 2311 1753 eorum,
2345 1687 2400 1742 id
2419 1696 2501 1742 est
2522 1689 2815 1754 Abraham,
2840 1690 2988 1744 lsaac
3005 1697 3058 1744 et
3086 1689 3270 1756 Jacob,
3297 1689 3437 1760 quod
3452 1689 3501 1742 si
3522 1687 3694 1742 radix

2102 1792 2292 1831 eorum
2325 1781 2528 1832 sancta
2557 1784 2658 1845 est,
2690 1780 2837 1833 rami
2870 1779 3045 1833 etiam
3075 1779 3262 1833 sancti
3291 1793 3412 1832 esse
3443 1783 3692 1846 possunt.

2103 1866 2258 1921 Dices
2289 1866 2483 1920 iterum
2510 1866 2643 1920 mihi
2673 1867 2819 1937 quod
2849 1867 2998 1921 rami
3030 1867 3106 1920 illi
3133 1869 3310 1937 fracti
3339 1870 3476 1921 sunt
3506 1883 3518 1918 :
3545 1864 3696 1936 quod

2103 1953 2149 2007 si
2177 1953 2341 2025 aliqui
2371 1970 2437 2009 ex
2468 1954 2630 2008 ramis
2660 1971 2758 2024 per
2790 1954 3227 2009 incredulitatem
3258 1970 3290 2009 a
3318 1953 3500 2009 radice
3521 1953 3698 2023 fracti

2101 2047 2259 2108 sunt,
2295 2047 2359 2098 tu
2389 2046 2583 2098 autem
2612 2045 2860 2098 insertus
2890 2060 2948 2099 es
2976 2045 3038 2098 in
3069 2045 3207 2108 illis,
3242 2043 3294 2098 id
3311 2051 3394 2097 est
3424 2043 3544 2097 loco
3574 2041 3695 2096 illo-

2103 2148 2225 2186 rum
2254 2147 2384 2186 cum
2415 2148 2560 2187 esses
2587 2134 2849 2199 oleaster,
2882 2132 2935 2186 id
2967 2140 3050 2186 est
3105 2133 3325 2196 sterilis,
3359 2140 3412 2186 et
3443 2147 3471 2184 a
3503 2136 3697 2184 sancta

2103 2220 2288 2275 radice
2319 2220 2530 2274 alienus
2555 2239 2568 2275 :
2600 2223 2791 2290 factus
2813 2237 2872 2276 es
2901 2221 3060 2276 etiam
3091 2223 3274 2276 socius
3305 2221 3530 2284 radicis,
3547 2219 3599 2272 id
3614 2226 3698 2273 est

2102 2309 2517 2380 prophetarum,
2550 2309 2605 2362 in
2637 2310 2831 2381 quibus
2863 2310 3098 2364 radicata
3131 2317 3213 2364 est
3258 2309 3414 2364 ﬁdes.
3477 2314 3544 2367 Et
3598 2316 3694 2383 fa-

2104 2403 2231 2453 ctus
2261 2415 2318 2453 es
2348 2401 2531 2454 socius
2558 2399 2944 2469 pinguedinis,
2978 2399 3032 2452 id
3061 2407 3140 2454 est
3171 2400 3573 2468 apostolorum:
3600 2401 3696 2472 qui

2103 2487 2492 2559 pinguedinem
2523 2485 2668 2551 ﬁdei,
2710 2495 2763 2540 et
2792 2487 3182 2541 abundantiam
3238 2488 3408 2542 sancti
3465 2489 3696 2560 Spiritus

2105 2575 2424 2630 habuerunt.
2464 2576 2683 2631 ltadicis
2712 2579 2765 2629 et
2785 2575 3150 2646 pinguedinis
3179 2576 3299 2631 dico
3327 2577 3502 2642 olivae,
3537 2578 3593 2632 id
3615 2586 3699 2632 est

2102 2663 2311 2718 Judaici
2341 2663 2545 2734 populi,
2579 2663 2702 2734 quia
2759 2665 3040 2734 prOphetee
3099 2671 3152 2718 et
3207 2665 3435 2734 apostoli
3492 2666 3698 2737 Iudaeis

2105 2753 2215 2806 nati
2245 2761 2388 2806 sunt.
2422 2753 2490 2805 Et
2520 2751 2564 2805 si
2597 2761 2652 2806 tu
2683 2751 2891 2806 alienus
2921 2768 2953 2806 a
2985 2752 3169 2807 radice
3189 2753 3439 2809 insertus
3469 2771 3547 2820 es,
3572 2757 3695 2810 noli

2102 2842 2341 2913 gloriari
2370 2841 2632 2897 adversus
2665 2848 2872 2896 stantes
2902 2857 3108 2907 ramos,
3142 2858 3319 2912 neque
3357 2850 3408 2896 te
3436 2843 3696 2914 prmierre

2101 2930 2226 2996 illis,
2260 2930 2416 3001 quasi
2447 2938 2502 2984 tu
2523 2924 2744 3001 propter
2772 2931 3025 2984 meritum
3044 2930 3120 2984 sis
3141 2931 3446 3003 eligendus,
3477 2932 3555 2986 illi
3578 2948 3701 3003 pro-

2105 3027 2225 3088 pter
2253 3034 2427 3090 genus
2440 3019 2901 3086 abjiciendi.Quia
2927 3020 3051 3089 situ
3078 3019 3384 3090 importune
3411 3021 3695 3091 gloriaris,

2105 3106 2316 3162 (licetur
2331 3107 2426 3160 tibi
2447 3125 2459 3160 :
2481 3107 2688 3174 Frater,
2710 3111 2774 3163 tu
2786 3124 2900 3162 non
2919 3112 3117 3179 portas
3131 3109 3399 3172 radicem,
3420 3108 3515 3164 sed
3528 3109 3698 3165 radix

2105 3204 2285 3266 portat
2310 3199 2363 3251 te
2377 3216 2394 3251 :
2427 3195 2555 3268 quia
2575 3197 2630 3250 in
2646 3205 2696 3250 te
2714 3197 2920 3250 nullum
2938 3197 3242 3267 exemplum
3267 3197 3390 3252 boni
3411 3216 3425 3261 ;
3444 3197 3499 3251 in
3516 3199 3700 3253 radice

2106 3301 2236 3341 vero
2259 3287 2337 3353 (ut
2367 3285 2421 3339 in
2451 3286 2748 3354 Abraham)
2779 3286 3088 3355 exemplum
3137 3285 3297 3340 totius
3353 3285 3497 3341 ﬁdei.
3558 3286 3700 3356 Quia

2103 3374 2266 3429 modo
2277 3375 2473 3428 abstuli
2485 3375 2579 3429 tibi
2591 3374 3087 3445 gloriariadversus
3100 3382 3302 3429 stantes
3318 3390 3526 3430 ramos:
3547 3391 3696 3447 ergo,

2106 3463 2161 3517 id
2191 3471 2272 3517 est
2300 3472 2591 3533 propterea
2619 3463 2767 3519 dices
2797 3462 2927 3517 mihi
2957 3483 2974 3518 :
3013 3463 3140 3534 quia
3189 3464 3453 3518 adversus
3497 3463 3699 3519 fractos

2107 3551 2264 3606 65
2300 3552 2728 3624 gloriaberisita.
2752 3551 3038 3606 Naturales
3060 3554 3207 3606 rami
3232 3568 3331 3622 per
3352 3552 3704 3608 incredulita-

2107 3649 2214 3696 tem
2234 3643 2410 3711 fracti
2432 3647 2588 3709 sunt,
2615 3646 2680 3697 ut
2701 3658 2793 3714 ego
2816 3643 3041 3696 inserar
3060 3642 3182 3697 loco
3200 3657 3405 3696 eorum.
3428 3642 3542 3697 Hoc
3563 3643 3702 3697 bene

2107 3737 2209 3795 est,
2245 3737 2294 3784 et
2324 3729 2402 3785 sic
2431 3731 2694 3796 concedo,
2726 3730 2799 3784 ait
2834 3730 3043 3795 Paulus,
3079 3731 3174 3784 sed
3214 3730 3291 3784 illi
3341 3745 3450 3785 non
3481 3738 3704 3801 propter

2108 3835 2302 3891 genus,
2337 3819 2434 3874 sed
2461 3823 2696 3891 propter
2723 3820 3189 3874 incredulitatem
3219 3820 3396 3889 fracti
3425 3823 3580 3874 sunt.
3622 3821 3702 3875 Tu

2107 3912 2299 3963 autem
2329 3911 2447 3963 stas
2476 3907 2597 3963 loco
2628 3907 2845 3962 illorum
2877 3923 2974 3978 pro
3007 3908 3119 3962 sola
3148 3908 3276 3976 fide.
3310 3908 3377 3961 Et
3406 3907 3529 3962 ideo
3577 3909 3703 3962 noli

2108 3998 2291 4052 altum
2319 4013 2532 4069 sapere,
2556 3997 2610 4050 id
2641 4004 2722 4051 est
2751 3996 3032 4067 superbire
3047 4004 3232 4051 contra
3263 3995 3486 4065 fractos,
3509 3996 3603 4052 sed
3621 3997 3704 4051 ti-

2109 4102 2195 4141 me
2224 4102 2293 4141 ne
2322 4085 2571 4140 similiter
2585 4085 2859 4156 frangaris
2880 4100 2890 4138 :
2909 4085 3411 4156 timendum_utique
3440 4085 3699 4157 est,quia,

2107 4177 2156 4230 si
2173 4176 2317 4230 Deus
2330 4192 2444 4230 non
2461 4175 2710 4246 pepercit
2731 4175 3090 4230 naturalibus
3105 4174 3362 4238 ramis,id
3380 4182 3461 4228 est
3477 4173 3696 4237 Judzeis,

2106 4281 2178 4319 ne
2207 4267 2355 4335 forte
2386 4280 2488 4319 nec
2509 4268 2708 4335 parcat
2742 4264 2860 4330 tibi,
2894 4263 2981 4317 cui
3012 4262 3194 4316 minus
3239 4263 3436 4318 debere
3492 4262 3705 4317 videtur

410 4368 502 4408 vos
521 4353 752 4423 faciam,
776 4351 830 4406 id
848 4353 1086 4407 estDeus
1106 4368 1204 4422 per
1224 4368 1311 4406 me
1333 4351 1505 4407 salvet
1527 4353 1742 4425 aliquos
1771 4369 1845 4408 ea:
1864 4353 2002 4420 illis,
2036 4352 2087 4411 D
2109 4369 2216 4407 non
2245 4352 2496 4416 naturali,
2531 4352 2655 4423 quia
2686 4360 2741 4406 tu
2772 4367 2878 4406 non
2911 4351 3174 4406 naturalis
3204 4368 3301 4422 per
3329 4351 3557 4424 gratiam
3615 4351 3702 4405 in-

413 4440 643 4495 Causam
659 4440 837 4495 reddit
860 4457 1024 4511 quare
1055 4441 1254 4495 debeat
1283 4441 1533 4496 laborare
1555 4440 1609 4494 in
1640 4441 1747 4495 eis:
1781 4449 1835 4496 et
1863 4441 2006 4495 idem

413 4527 628 4585 videtur
641 4528 890 4600 superius
913 4530 1181 4600 posuisse,
1207 4529 1303 4584 sed
1325 4529 1395 4583 ibi
1419 4546 1540 4584 cum
1553 4530 2007 4585 determinatione

411 4618 692 4690 temporis,
727 4618 818 4672 ubi
847 4618 919 4672 ait
953 4633 965 4671 :
1000 4619 1303 4674 Plenitudo
1333 4634 1495 4690 quam
1544 4619 1597 4672 in
1628 4617 1791 4674 ﬁnem
1822 4618 2006 4673 mundi

411 4715 624 4763 constat
652 4707 894 4763 fore.Hic
925 4715 1101 4762 autem
1132 4708 1200 4761 ad
1217 4707 1361 4761 aliud
1391 4708 1559 4778 ponit,
1595 4716 1648 4763 et
1676 4708 1792 4762 sine
1822 4709 2006 4763 deter-

406 4797 703 4852 minatione
734 4797 1013 4868 temporis,
1049 4797 1238 4851 dicens
1265 4814 1276 4851 :
1299 4797 1702 4853 Ideolaborabo
1720 4799 1902 4853 salvos
1921 4796 2005 4852 fa-

413 4900 540 4940 cere
569 4887 784 4957 aliquos
815 4903 889 4941 ea:
918 4887 1058 4941 illis.
1092 4887 1232 4941 Nam
1261 4887 1309 4941 si
1337 4886 1564 4942 amissio
1595 4903 1787 4943 eorum
1807 4891 1894 4942 est
1913 4902 2006 4942 rc-

413 4975 736 5030 conciliatio
771 4976 990 5042 mundi,
1024 4975 1076 5028 id
1108 4982 1189 5030 est
1211 4974 1256 5028 si
1287 4975 1578 5030 excaecatio
1609 4991 1798 5030 eorum
1844 4990 2007 5031 causa

407 5060 512 5118 fuit
543 5069 599 5116 ut
619 5063 894 5133 gentilitas
925 5063 1367 5119 reconciliaretur
1394 5065 1510 5120 Deo
1545 5080 1556 5118 :
1616 5082 1754 5138 quae,
1817 5065 1870 5119 id
1925 5075 2007 5120 est

413 5151 588 5223 qualis
617 5151 846 5207 dicenda
877 5160 957 5207 est
987 5155 1294 5224 assumptio
1323 5153 1630 5208 Judaeorum
1674 5154 1728 5208 in
1758 5171 2006 5225 quocun-

417 5256 522 5311 que
552 5249 793 5310 tempore
822 5241 937 5296 nisi
956 5242 1068 5297 vita
1082 5258 1155 5296 ea:
1175 5244 1414 5298 mortuis
1436 5242 1463 5295 ‘l
1496 5240 1635 5309 Quia
1663 5242 1711 5296 si
1741 5243 1888 5297 Deus
1908 5260 2008 5313 per

415 5329 618 5384 malum
649 5345 836 5386 eorum
866 5329 1237 5385 reconciliavit
1269 5330 1372 5385 sibi
1402 5331 1661 5385 mundum
1691 5331 1862 5386 multo
1883 5347 2005 5386 ma-

417 5417 504 5492 gis
532 5420 865 5477 credendum
887 5428 970 5477 est
997 5419 1141 5491 quod
1153 5437 1253 5492 per
1272 5419 1701 5494 assumptionem
1730 5436 1916 5476 eorum
1938 5420 2007 5480 fa-

2108 4449 2283 4496 serlus
2313 4458 2410 4507 es;
2445 4441 2532 4495 ille
2561 4440 2824 4496 naturalis
2845 4449 3067 4511 propter
3083 4440 3299 4510 culpam
3329 4440 3582 4511 repulsus
3599 4447 3701 4495 est.

2107 4532 2247 4601 Ergo
2267 4532 2384 4587 vide
2401 4532 2713 4588 bonitatem
2726 4535 2780 4586 et
2801 4531 3165 4586 severitatem
3178 4529 3364 4584 DeiJn
3377 4545 3467 4584 eos
3479 4530 3704 4602 quidem

2107 4623 2201 4676 cui
2230 4621 2582 4689 ceciderunt,
2600 4619 2654 4674 id
2671 4627 2752 4675 est
2768 4619 2821 4672 in
2834 4619 3072 4684 Judzeos,
3092 4618 3216 4674 vide
3237 4619 3618 4674 severitatem.
3639 4619 3705 4672 In

2109 4713 2162 4764 te
2194 4715 2387 4764 autem
2417 4709 2508 4780 qui
2538 4725 2634 4779 per
2648 4708 3075 4763 misericordiam
3096 4707 3330 4763 insertus
3361 4724 3440 4775 es,
3473 4707 3702 4763 videbo-

2107 4798 2352 4852 nitatem
2382 4800 2498 4852 Dei.
2532 4799 2850 4853 Bonitatem
2877 4813 2939 4851 ea
2969 4796 3092 4868 lege
3108 4796 3250 4859 dico,
3287 4797 3335 4850 si
3365 4805 3418 4849 tu
3435 4812 3705 4866 perman-

2107 4887 2248 4941 seris
2269 4887 2330 4941 in
2353 4903 2416 4941 ea
2472 4887 2744 4952 bonitate,
2806 4884 3152 4954 cooperando
3200 4891 3436 4953 accepta:
3491 4883 3700 4952 gratiae.

2106 4975 2370 5046 Alioquin
2401 4975 2447 5028 si
2476 4990 2583 5029 non
2613 4973 2996 5045 permanseris,
3031 4972 3169 5026 sicut
3209 4972 3431 5026 Judaaus
3486 4971 3704 5026 excisus

2107 5071 2208 5128 est,
2242 5062 2311 5116 ita
2345 5066 2409 5118 tu
2438 5066 2613 5118 etiam
2643 5062 2921 5119 excideris
2951 5076 2963 5114 :
2995 5069 3046 5115 et
3069 5059 3142 5114 illi
3171 5059 3342 5115 Judzei
3376 5060 3421 5114 si
3448 5075 3557 5115 non
3578 5076 3706 5131 per-

2108 5151 2420 5218 manserint,
2456 5152 2511 5206 in
2568 5150 2944 5207 incredulitate
3004 5149 3199 5204 iterum
3257 5149 3576 5204 inserentur.
3636 5150 3707 5204 Et

2107 5241 2246 5296 bene
2275 5241 2399 5297 dico
2427 5242 2757 5296 inserentur
2778 5259 2796 5295 :
2820 5241 2960 5296 Nam
2992 5241 3136 5294 Deus
3158 5242 3357 5311 potens
3379 5243 3462 5294 est
3490 5240 3704 5295 iterum

2107 5331 2356 5386 inserere
2386 5332 2533 5395 illos,
2569 5330 2724 5385 sicuti
2755 5329 2885 5384 olim
2917 5328 3140 5385 eosdem
3194 5327 3440 5382 inseruit.
3475 5329 3540 5382 Et
3573 5345 3705 5384 vere

2107 5419 2254 5481 Deus
2284 5427 2478 5492 potens
2508 5427 2609 5486 est,
2639 5435 2766 5478 nam
2797 5426 2972 5474 actum
3008 5417 3164 5487 hujus
3194 5415 3448 5491 potentia:
3491 5416 3705 5490 aliquos
