  <div class='ocr_page' id='page_1' title='image "/cluster/home/n/w/nwhite01/storage/ocr_20150623/153/hvd.32044054760111/054.png"; bbox 0 0 3960 6036; ppageno 0'>
   <div class='ocr_carea' id='block_1_1' title="bbox 187 154 3495 227">
    <p class='ocr_par' dir='ltr' id='par_1_1' title="bbox 187 154 3495 227">
     <span class='ocr_line' id='line_1_1' title="bbox 187 154 3495 227; baseline -0.006 0"><span class='ocrx_word' id='word_1_1' title='bbox 187 173 256 227; x_wconf 84' lang='lat'>97</span> <span class='ocrx_word' id='word_1_2' title='bbox 801 164 1182 225; x_wconf 81' lang='lat' dir='ltr'>EXPOSITIO</span> <span class='ocrx_word' id='word_1_3' title='bbox 1222 168 1294 222; x_wconf 92' lang='lat' dir='ltr'>IN</span> <span class='ocrx_word' id='word_1_4' title='bbox 1351 164 1733 222; x_wconf 81' lang='lat' dir='ltr'>EPISTOLAS</span> <span class='ocrx_word' id='word_1_5' title='bbox 1787 160 2018 221; x_wconf 84' lang='lat' dir='ltr'>PAULI.</span> <span class='ocrx_word' id='word_1_6' title='bbox 2056 193 2124 202; x_wconf 96' lang='lat'><strong>—</strong></span> <span class='ocrx_word' id='word_1_7' title='bbox 2156 161 2228 215; x_wconf 90' lang='lat' dir='ltr'><strong>IN</strong></span> <span class='ocrx_word' id='word_1_8' title='bbox 2284 158 2502 215; x_wconf 88' lang='lat' dir='ltr'>EPIST.</span> <span class='ocrx_word' id='word_1_9' title='bbox 2565 158 2657 213; x_wconf 83' lang='lat' dir='ltr'>AD</span> <span class='ocrx_word' id='word_1_10' title='bbox 2714 154 2885 213; x_wconf 85' lang='lat' dir='ltr'>ROM.</span> <span class='ocrx_word' id='word_1_11' title='bbox 3424 154 3495 206; x_wconf 84' lang='lat'>98</span> 
     </span>
    </p>
   </div>
   <div class='ocr_carea' id='block_1_2' title="bbox 190 275 3499 366">
    <p class='ocr_par' dir='ltr' id='par_1_2' title="bbox 190 275 3499 366">
     <span class='ocr_line' id='line_1_2' title="bbox 190 275 3499 366; baseline -0.006 -17"><span class='ocrx_word' id='word_1_12' title='bbox 190 296 318 351; x_wconf 88' lang='lat' dir='ltr'>licet</span> <span class='ocrx_word' id='word_1_13' title='bbox 348 310 557 366; x_wconf 91' lang='lat' dir='ltr'>paucos</span> <span class='ocrx_word' id='word_1_14' title='bbox 604 293 892 349; x_wconf 90' lang='lat' dir='ltr'>inserendo</span> <span class='ocrx_word' id='word_1_15' title='bbox 920 293 1025 349; x_wconf 89' lang='lat' dir='ltr'>hoc</span> <span class='ocrx_word' id='word_1_16' title='bbox 1055 300 1299 363; x_wconf 90' lang='lat' dir='ltr'>tempore</span> <span class='ocrx_word' id='word_1_17' title='bbox 1336 291 1593 362; x_wconf 81' lang='lat' dir='ltr'>paulatim</span> <span class='ocrx_word' id='word_1_18' title='bbox 1634 306 1796 345; x_wconf 83' lang='lat' dir='ltr'>exer-</span> <span class='ocrx_word' id='word_1_19' title='bbox 1818 291 1873 350; x_wconf 87' lang='grc' dir='ltr'><strong>Α</strong></span> <span class='ocrx_word' id='word_1_20' title='bbox 1904 286 2149 352; x_wconf 91' lang='lat' dir='ltr'>cationis,</span> <span class='ocrx_word' id='word_1_21' title='bbox 2187 286 2277 357; x_wconf 89' lang='lat' dir='ltr'>qui</span> <span class='ocrx_word' id='word_1_22' title='bbox 2308 285 2468 340; x_wconf 89' lang='lat' dir='ltr'>etiam</span> <span class='ocrx_word' id='word_1_23' title='bbox 2513 283 2750 355; x_wconf 89' lang='lat' dir='ltr'>quadam</span> <span class='ocrx_word' id='word_1_24' title='bbox 2794 279 3049 336; x_wconf 81' lang='lat' dir='ltr'>facilitate</span> <span class='ocrx_word' id='word_1_25' title='bbox 3096 284 3305 332; x_wconf 80' lang='lat' dir='ltr'>avertat</span> <span class='ocrx_word' id='word_1_26' title='bbox 3354 275 3499 366; x_wconf 90' lang='lat' dir='ltr'>quod</span> 
     </span>
    </p>
   </div>
   <div class='ocr_carea' id='block_1_3' title="bbox 190 380 1797 455">
    <p class='ocr_par' dir='ltr' id='par_1_3' title="bbox 190 380 1797 455">
     <span class='ocr_line' id='line_1_3' title="bbox 190 380 1797 455; baseline -0.004 -16"><span class='ocrx_word' id='word_1_27' title='bbox 190 393 277 439; x_wconf 89' lang='lat' dir='ltr'>cet</span> <span class='ocrx_word' id='word_1_28' title='bbox 309 400 322 437; x_wconf 90' lang='lat'>:</span> <span class='ocrx_word' id='word_1_29' title='bbox 358 384 504 455; x_wconf 89' lang='lat' dir='ltr'>quod</span> <span class='ocrx_word' id='word_1_30' title='bbox 534 382 946 454; x_wconf 78' lang='lat' dir='ltr'>:equipollenter</span> <span class='ocrx_word' id='word_1_31' title='bbox 973 382 1067 436; x_wconf 90' lang='lat' dir='ltr'>ait.</span> <span class='ocrx_word' id='word_1_32' title='bbox 1102 382 1248 435; x_wconf 87' lang='lat' dir='ltr'>Deus</span> <span class='ocrx_word' id='word_1_33' title='bbox 1278 380 1461 451; x_wconf 80' lang='lat' dir='ltr'>utique</span> <span class='ocrx_word' id='word_1_34' title='bbox 1494 387 1671 450; x_wconf 82' lang='lat' dir='ltr'>potest</span> <span class='ocrx_word' id='word_1_35' title='bbox 1701 395 1797 433; x_wconf 90' lang='lat' dir='ltr'>eos</span> 
     </span>
    </p>
   </div>
   <div class='ocr_carea' id='block_1_4' title="bbox 189 470 1791 544">
    <p class='ocr_par' dir='ltr' id='par_1_4' title="bbox 189 470 1791 544">
     <span class='ocr_line' id='line_1_4' title="bbox 189 470 1791 544; baseline -0.002 -18"><span class='ocrx_word' id='word_1_36' title='bbox 189 473 438 527; x_wconf 84' lang='lat' dir='ltr'>inserere</span> <span class='ocrx_word' id='word_1_37' title='bbox 464 488 476 525; x_wconf 87' lang='lat'><strong><em>:</em></strong></span> <span class='ocrx_word' id='word_1_38' title='bbox 502 490 639 526; x_wconf 88' lang='lat' dir='ltr'>nam</span> <span class='ocrx_word' id='word_1_39' title='bbox 670 474 722 527; x_wconf 90' lang='lat' dir='ltr'>si</span> <span class='ocrx_word' id='word_1_40' title='bbox 752 476 813 526; x_wconf 90' lang='lat' dir='ltr'>tu</span> <span class='ocrx_word' id='word_1_41' title='bbox 842 470 1061 544; x_wconf 79' lang='lat' dir='ltr'>gentilis</span> <span class='ocrx_word' id='word_1_42' title='bbox 1091 472 1317 525; x_wconf 76' lang='lat' dir='ltr'>excisus</span> <span class='ocrx_word' id='word_1_43' title='bbox 1348 486 1407 524; x_wconf 87' lang='lat' dir='ltr'>es</span> <span class='ocrx_word' id='word_1_44' title='bbox 1430 486 1503 524; x_wconf 75' lang='lat' dir='ltr'>ex</span> <span class='ocrx_word' id='word_1_45' title='bbox 1530 470 1791 532; x_wconf 81' lang='lat' dir='ltr'>oleastro,</span> 
     </span>
    </p>
   </div>
   <div class='ocr_carea' id='block_1_5' title="bbox 192 556 1797 625">
    <p class='ocr_par' dir='ltr' id='par_1_5' title="bbox 192 556 1797 625">
     <span class='ocr_line' id='line_1_5' title="bbox 192 556 1797 625; baseline -0.004 -10"><span class='ocrx_word' id='word_1_46' title='bbox 192 562 248 615; x_wconf 91' lang='lat' dir='ltr'>id</span> <span class='ocrx_word' id='word_1_47' title='bbox 270 570 354 615; x_wconf 91' lang='lat' dir='ltr'>est</span> <span class='ocrx_word' id='word_1_48' title='bbox 372 578 438 615; x_wconf 83' lang='lat' dir='ltr'>ex</span> <span class='ocrx_word' id='word_1_49' title='bbox 456 559 791 615; x_wconf 87' lang='lat' dir='ltr'>infructifera</span> <span class='ocrx_word' id='word_1_50' title='bbox 814 560 1021 625; x_wconf 85' lang='lat' dir='ltr'>radice,</span> <span class='ocrx_word' id='word_1_51' title='bbox 1036 559 1272 613; x_wconf 77' lang='lat' dir='ltr'>oleastro</span> <span class='ocrx_word' id='word_1_52' title='bbox 1284 558 1406 613; x_wconf 92' lang='lat' dir='ltr'>dico</span> <span class='ocrx_word' id='word_1_53' title='bbox 1423 558 1683 613; x_wconf 83' lang='lat' dir='ltr'>naturali</span> <span class='ocrx_word' id='word_1_54' title='bbox 1703 556 1797 610; x_wconf 88' lang='lat' dir='ltr'>tibi</span> 
     </span>
    </p>
   </div>
   <div class='ocr_carea' id='block_1_6' title="bbox 193 648 1799 720">
    <p class='ocr_par' dir='ltr' id='par_1_6' title="bbox 193 648 1799 720">
     <span class='ocr_line' id='line_1_6' title="bbox 193 648 1799 720; baseline -0.002 -17"><span class='ocrx_word' id='word_1_55' title='bbox 193 667 296 720; x_wconf 89' lang='lat' dir='ltr'>per</span> <span class='ocrx_word' id='word_1_56' title='bbox 340 650 563 720; x_wconf 83' lang='lat' dir='ltr'>longam</span> <span class='ocrx_word' id='word_1_57' title='bbox 604 649 1093 711; x_wconf 87' lang='lat' dir='ltr'>consuetudinem;</span> <span class='ocrx_word' id='word_1_58' title='bbox 1127 656 1179 703; x_wconf 91' lang='lat' dir='ltr'>et</span> <span class='ocrx_word' id='word_1_59' title='bbox 1209 648 1255 701; x_wconf 91' lang='lat' dir='ltr'>si</span> <span class='ocrx_word' id='word_1_60' title='bbox 1302 650 1551 703; x_wconf 86' lang='lat' dir='ltr'>insertus</span> <span class='ocrx_word' id='word_1_61' title='bbox 1599 663 1655 701; x_wconf 86' lang='lat' dir='ltr'>es</span> <span class='ocrx_word' id='word_1_62' title='bbox 1703 661 1799 715; x_wconf 89' lang='lat' dir='ltr'>per</span> 
     </span>
    </p>
   </div>
   <div class='ocr_carea' id='block_1_7' title="bbox 193 738 1794 810">
    <p class='ocr_par' dir='ltr' id='par_1_7' title="bbox 193 738 1794 810">
     <span class='ocr_line' id='line_1_7' title="bbox 193 738 1794 810; baseline -0.003 -17"><span class='ocrx_word' id='word_1_63' title='bbox 193 740 432 810; x_wconf 80' lang='lat' dir='ltr'>gratiam</span> <span class='ocrx_word' id='word_1_64' title='bbox 462 741 523 793; x_wconf 89' lang='lat' dir='ltr'>in</span> <span class='ocrx_word' id='word_1_65' title='bbox 553 739 755 793; x_wconf 90' lang='lat' dir='ltr'>bonam</span> <span class='ocrx_word' id='word_1_66' title='bbox 785 739 1013 802; x_wconf 85' lang='lat' dir='ltr'>olivam,</span> <span class='ocrx_word' id='word_1_67' title='bbox 1048 744 1101 792; x_wconf 88' lang='lat' dir='ltr'>et</span> <span class='ocrx_word' id='word_1_68' title='bbox 1131 738 1233 791; x_wconf 91' lang='lat' dir='ltr'>hoc</span> <span class='ocrx_word' id='word_1_69' title='bbox 1263 740 1462 792; x_wconf 87' lang='lat' dir='ltr'>contra</span> <span class='ocrx_word' id='word_1_70' title='bbox 1500 740 1794 801; x_wconf 88' lang='lat' dir='ltr'>naturam,</span> 
     </span>
    </p>
   </div>
   <div class='ocr_carea' id='block_1_8' title="bbox 193 824 1801 896">
    <p class='ocr_par' dir='ltr' id='par_1_8' title="bbox 193 824 1801 896">
     <span class='ocr_line' id='line_1_8' title="bbox 193 824 1801 896; baseline -0.002 -15"><span class='ocrx_word' id='word_1_71' title='bbox 193 828 249 881; x_wconf 91' lang='lat' dir='ltr'>id</span> <span class='ocrx_word' id='word_1_72' title='bbox 270 836 355 881; x_wconf 89' lang='lat' dir='ltr'>est</span> <span class='ocrx_word' id='word_1_73' title='bbox 384 836 573 881; x_wconf 92' lang='lat' dir='ltr'>contra</span> <span class='ocrx_word' id='word_1_74' title='bbox 591 826 1062 891; x_wconf 75' lang='lat' dir='ltr'>consuetudinem,</span> <span class='ocrx_word' id='word_1_75' title='bbox 1084 842 1205 896; x_wconf 70' lang='lat' dir='ltr'>qua)</span> <span class='ocrx_word' id='word_1_76' title='bbox 1226 824 1574 878; x_wconf 84' lang='lat' dir='ltr'>diuturnitate</span> <span class='ocrx_word' id='word_1_77' title='bbox 1598 832 1801 893; x_wconf 86' lang='lat' dir='ltr'>tempo-</span> 
     </span>
    </p>
   </div>
   <div class='ocr_carea' id='block_1_9' title="bbox 192 910 1800 985">
    <p class='ocr_par' dir='ltr' id='par_1_9' title="bbox 192 910 1800 985">
     <span class='ocr_line' id='line_1_9' title="bbox 192 910 1800 985; baseline -0.002 -17"><span class='ocrx_word' id='word_1_78' title='bbox 192 914 271 968; x_wconf 86' lang='lat' dir='ltr'>ris</span> <span class='ocrx_word' id='word_1_79' title='bbox 304 915 361 968; x_wconf 91' lang='lat' dir='ltr'>in</span> <span class='ocrx_word' id='word_1_80' title='bbox 391 924 642 968; x_wconf 88' lang='lat' dir='ltr'>naturam</span> <span class='ocrx_word' id='word_1_81' title='bbox 666 914 951 968; x_wconf 80' lang='lat' dir='ltr'>transierat</span> <span class='ocrx_word' id='word_1_82' title='bbox 987 930 998 966; x_wconf 90' lang='lat'>:</span> <span class='ocrx_word' id='word_1_83' title='bbox 1032 918 1243 985; x_wconf 86' lang='lat' dir='ltr'>quanto</span> <span class='ocrx_word' id='word_1_84' title='bbox 1294 915 1474 983; x_wconf 86' lang='lat' dir='ltr'>magis</span> <span class='ocrx_word' id='word_1_85' title='bbox 1524 913 1581 966; x_wconf 85' lang='lat' dir='ltr'>hi</span> <span class='ocrx_word' id='word_1_86' title='bbox 1629 910 1800 965; x_wconf 76' lang='lat' dir='ltr'>Judzei</span> 
     </span>
    </p>
   </div>
   <div class='ocr_carea' id='block_1_10' title="bbox 193 1001 1801 1075">
    <p class='ocr_par' dir='ltr' id='par_1_10' title="bbox 193 1001 1801 1075">
     <span class='ocr_line' id='line_1_10' title="bbox 193 1001 1801 1075; baseline -0.002 -18"><span class='ocrx_word' id='word_1_87' title='bbox 193 1003 511 1058; x_wconf 91' lang='lat' dir='ltr'>inserentur</span> <span class='ocrx_word' id='word_1_88' title='bbox 533 1019 648 1058; x_wconf 66' lang='lat' dir='ltr'>sua:</span> <span class='ocrx_word' id='word_1_89' title='bbox 669 1003 844 1067; x_wconf 63' lang='lat' dir='ltr'>oliva),</span> <span class='ocrx_word' id='word_1_90' title='bbox 866 1019 987 1075; x_wconf 72' lang='lat' dir='ltr'>qua:</span> <span class='ocrx_word' id='word_1_91' title='bbox 1018 1018 1209 1057; x_wconf 84' lang='lat' dir='ltr'>eorum</span> <span class='ocrx_word' id='word_1_92' title='bbox 1242 1006 1326 1056; x_wconf 90' lang='lat' dir='ltr'>est</span> <span class='ocrx_word' id='word_1_93' title='bbox 1356 1001 1668 1056; x_wconf 83' lang='lat' dir='ltr'>secundum</span> <span class='ocrx_word' id='word_1_94' title='bbox 1698 1017 1801 1054; x_wconf 85' lang='lat' dir='ltr'>na-</span> 
     </span>
    </p>
   </div>
   <div class='ocr_carea' id='block_1_11' title="bbox 196 1087 1797 1159">
    <p class='ocr_par' dir='ltr' id='par_1_11' title="bbox 196 1087 1797 1159">
     <span class='ocr_line' id='line_1_11' title="bbox 196 1087 1797 1159; baseline -0.002 -14"><span class='ocrx_word' id='word_1_95' title='bbox 196 1096 391 1146; x_wconf 88' lang='lat' dir='ltr'>turam</span> <span class='ocrx_word' id='word_1_96' title='bbox 420 1098 443 1147; x_wconf 65' lang='grc' dir='ltr'>ξ)</span> <span class='ocrx_word' id='word_1_97' title='bbox 474 1091 531 1146; x_wconf 88' lang='lat' dir='ltr'>Si</span> <span class='ocrx_word' id='word_1_98' title='bbox 550 1100 603 1145; x_wconf 90' lang='lat' dir='ltr'>tu</span> <span class='ocrx_word' id='word_1_99' title='bbox 625 1108 734 1145; x_wconf 92' lang='lat' dir='ltr'>non</span> <span class='ocrx_word' id='word_1_100' title='bbox 757 1090 1017 1145; x_wconf 88' lang='lat' dir='ltr'>naturalis</span> <span class='ocrx_word' id='word_1_101' title='bbox 1040 1090 1275 1144; x_wconf 90' lang='lat' dir='ltr'>insertus</span> <span class='ocrx_word' id='word_1_102' title='bbox 1297 1106 1356 1144; x_wconf 91' lang='lat' dir='ltr'>es</span> <span class='ocrx_word' id='word_1_103' title='bbox 1376 1096 1598 1159; x_wconf 87' lang='lat' dir='ltr'>propter</span> <span class='ocrx_word' id='word_1_104' title='bbox 1618 1087 1797 1152; x_wconf 84' lang='lat' dir='ltr'>fidem,</span> 
     </span>
    </p>
   </div>
   <div class='ocr_carea' id='block_1_12' title="bbox 194 1177 1801 1250">
    <p class='ocr_par' dir='ltr' id='par_1_12' title="bbox 194 1177 1801 1250">
     <span class='ocr_line' id='line_1_12' title="bbox 194 1177 1801 1250; baseline -0.003 -16"><span class='ocrx_word' id='word_1_105' title='bbox 194 1196 304 1235; x_wconf 93' lang='lat' dir='ltr'>non</span> <span class='ocrx_word' id='word_1_106' title='bbox 336 1189 420 1234; x_wconf 89' lang='lat' dir='ltr'>est</span> <span class='ocrx_word' id='word_1_107' title='bbox 453 1196 615 1234; x_wconf 88' lang='lat' dir='ltr'>causa</span> <span class='ocrx_word' id='word_1_108' title='bbox 646 1196 808 1250; x_wconf 87' lang='lat' dir='ltr'>quare</span> <span class='ocrx_word' id='word_1_109' title='bbox 837 1178 1117 1233; x_wconf 88' lang='lat' dir='ltr'>naturales</span> <span class='ocrx_word' id='word_1_110' title='bbox 1148 1178 1284 1232; x_wconf 90' lang='lat' dir='ltr'>rami</span> <span class='ocrx_word' id='word_1_111' title='bbox 1314 1193 1424 1232; x_wconf 90' lang='lat' dir='ltr'>non</span> <span class='ocrx_word' id='word_1_112' title='bbox 1454 1177 1683 1232; x_wconf 85' lang='lat' dir='ltr'>debeant</span> <span class='ocrx_word' id='word_1_113' title='bbox 1712 1177 1801 1229; x_wconf 91' lang='lat' dir='ltr'>in-</span> 
     </span>
    </p>
   </div>
   <div class='ocr_carea' id='block_1_13' title="bbox 193 1268 1119 1338">
    <p class='ocr_par' dir='ltr' id='par_1_13' title="bbox 193 1268 1119 1338">
     <span class='ocr_line' id='line_1_13' title="bbox 193 1268 1119 1338; baseline -0.001 -15"><span class='ocrx_word' id='word_1_114' title='bbox 193 1269 300 1324; x_wconf 88' lang='lat' dir='ltr'>seri</span> <span class='ocrx_word' id='word_1_115' title='bbox 332 1277 562 1338; x_wconf 87' lang='lat' dir='ltr'>propter</span> <span class='ocrx_word' id='word_1_116' title='bbox 592 1268 841 1323; x_wconf 89' lang='lat' dir='ltr'>eamdem</span> <span class='ocrx_word' id='word_1_117' title='bbox 872 1283 1119 1323; x_wconf 91' lang='lat' dir='ltr'>causam.</span> 
     </span>
    </p>
   </div>
   <div class='ocr_carea' id='block_1_14' title="bbox 262 1354 1805 1426">
    <p class='ocr_par' dir='ltr' id='par_1_14' title="bbox 262 1354 1805 1426">
     <span class='ocr_line' id='line_1_14' title="bbox 262 1354 1805 1426; baseline -0.003 -15"><span class='ocrx_word' id='word_1_118' title='bbox 262 1358 522 1411; x_wconf 83' lang='lat' dir='ltr'>Probavit</span> <span class='ocrx_word' id='word_1_119' title='bbox 552 1357 803 1426; x_wconf 88' lang='lat' dir='ltr'>superius</span> <span class='ocrx_word' id='word_1_120' title='bbox 848 1357 993 1426; x_wconf 92' lang='lat' dir='ltr'>quod</span> <span class='ocrx_word' id='word_1_121' title='bbox 1042 1358 1189 1411; x_wconf 87' lang='lat' dir='ltr'>Deus</span> <span class='ocrx_word' id='word_1_122' title='bbox 1239 1354 1533 1425; x_wconf 83' lang='lat' dir='ltr'>potentium</span> <span class='ocrx_word' id='word_1_123' title='bbox 1578 1355 1805 1409; x_wconf 86' lang='lat' dir='ltr'>haberet</span> 
     </span>
    </p>
   </div>
   <div class='ocr_carea' id='block_1_15' title="bbox 194 1444 1804 1515">
    <p class='ocr_par' dir='ltr' id='par_1_15' title="bbox 194 1444 1804 1515">
     <span class='ocr_line' id='line_1_15' title="bbox 194 1444 1804 1515; baseline -0.002 -16"><span class='ocrx_word' id='word_1_124' title='bbox 194 1446 478 1500; x_wconf 88' lang='lat' dir='ltr'>inserendi</span> <span class='ocrx_word' id='word_1_125' title='bbox 508 1446 630 1499; x_wconf 92' lang='lat' dir='ltr'>illos</span> <span class='ocrx_word' id='word_1_126' title='bbox 660 1462 760 1515; x_wconf 93' lang='lat' dir='ltr'>per</span> <span class='ocrx_word' id='word_1_127' title='bbox 791 1454 970 1501; x_wconf 90' lang='lat' dir='ltr'>actum</span> <span class='ocrx_word' id='word_1_128' title='bbox 1010 1462 1122 1499; x_wconf 66' lang='lat' dir='ltr'>suae</span> <span class='ocrx_word' id='word_1_129' title='bbox 1152 1444 1422 1515; x_wconf 68' lang='lat' dir='ltr'>potentia),</span> <span class='ocrx_word' id='word_1_130' title='bbox 1458 1444 1584 1515; x_wconf 90' lang='lat' dir='ltr'>quia</span> <span class='ocrx_word' id='word_1_131' title='bbox 1613 1458 1804 1497; x_wconf 87' lang='lat' dir='ltr'>revera</span> 
     </span>
    </p>
   </div>
   <div class='ocr_carea' id='block_1_16' title="bbox 196 1533 1800 1598">
    <p class='ocr_par' dir='ltr' id='par_1_16' title="bbox 196 1533 1800 1598">
     <span class='ocr_line' id='line_1_16' title="bbox 196 1533 1800 1598; baseline -0.002 -10"><span class='ocrx_word' id='word_1_132' title='bbox 196 1534 524 1598; x_wconf 89' lang='lat' dir='ltr'>inserentur,</span> <span class='ocrx_word' id='word_1_133' title='bbox 559 1534 747 1589; x_wconf 91' lang='lat' dir='ltr'>dicens</span> <span class='ocrx_word' id='word_1_134' title='bbox 781 1550 791 1587; x_wconf 94' lang='lat'><strong>:</strong></span> <span class='ocrx_word' id='word_1_135' title='bbox 828 1535 964 1589; x_wconf 88' lang='lat' dir='ltr'>Vere</span> <span class='ocrx_word' id='word_1_136' title='bbox 1006 1534 1178 1588; x_wconf 68' lang='lat' dir='ltr'>Judaei</span> <span class='ocrx_word' id='word_1_137' title='bbox 1228 1533 1423 1587; x_wconf 88' lang='lat' dir='ltr'>iterum</span> <span class='ocrx_word' id='word_1_138' title='bbox 1468 1533 1800 1587; x_wconf 90' lang='lat' dir='ltr'>inserentur.</span> 
     </span>
    </p>
   </div>
   <div class='ocr_carea' id='block_1_17' title="bbox 197 1622 1804 1693">
    <p class='ocr_par' dir='ltr' id='par_1_17' title="bbox 197 1622 1804 1693">
     <span class='ocr_line' id='line_1_17' title="bbox 197 1622 1804 1693; baseline -0.002 -16"><span class='ocrx_word' id='word_1_139' title='bbox 197 1625 336 1677; x_wconf 77' lang='lat' dir='ltr'>Nam</span> <span class='ocrx_word' id='word_1_140' title='bbox 369 1632 421 1678; x_wconf 88' lang='lat' dir='ltr'>et</span> <span class='ocrx_word' id='word_1_141' title='bbox 460 1640 603 1677; x_wconf 91' lang='lat' dir='ltr'>nunc</span> <span class='ocrx_word' id='word_1_142' title='bbox 653 1632 897 1693; x_wconf 89' lang='lat' dir='ltr'>tempore</span> <span class='ocrx_word' id='word_1_143' title='bbox 947 1622 1322 1678; x_wconf 65' lang='lat' dir='ltr'>excaecationis</span> <span class='ocrx_word' id='word_1_144' title='bbox 1371 1638 1562 1677; x_wconf 87' lang='lat' dir='ltr'>eorum</span> <span class='ocrx_word' id='word_1_145' title='bbox 1611 1638 1804 1676; x_wconf 88' lang='lat' dir='ltr'>secun-</span> 
     </span>
    </p>
   </div>
   <div class='ocr_carea' id='block_1_18' title="bbox 196 1708 1807 1782">
    <p class='ocr_par' dir='ltr' id='par_1_18' title="bbox 196 1708 1807 1782">
     <span class='ocr_line' id='line_1_18' title="bbox 196 1708 1807 1782; baseline -0.003 -16"><span class='ocrx_word' id='word_1_146' title='bbox 196 1713 324 1766; x_wconf 85' lang='lat' dir='ltr'>dum</span> <span class='ocrx_word' id='word_1_147' title='bbox 357 1720 570 1782; x_wconf 90' lang='lat' dir='ltr'>partem</span> <span class='ocrx_word' id='word_1_148' title='bbox 600 1712 931 1777; x_wconf 89' lang='lat' dir='ltr'>inseruntur,</span> <span class='ocrx_word' id='word_1_149' title='bbox 966 1720 1015 1766; x_wconf 91' lang='lat' dir='ltr'>et</span> <span class='ocrx_word' id='word_1_150' title='bbox 1047 1712 1116 1765; x_wconf 90' lang='lat' dir='ltr'>ad</span> <span class='ocrx_word' id='word_1_151' title='bbox 1158 1710 1405 1765; x_wconf 89' lang='lat' dir='ltr'>ultimum</span> <span class='ocrx_word' id='word_1_152' title='bbox 1433 1710 1609 1764; x_wconf 92' lang='lat' dir='ltr'>omnis</span> <span class='ocrx_word' id='word_1_153' title='bbox 1640 1708 1807 1762; x_wconf 87' lang='lat' dir='ltr'>Israel</span> 
     </span>
    </p>
   </div>
   <div class='ocr_carea' id='block_1_19' title="bbox 198 1798 1807 1870">
    <p class='ocr_par' dir='ltr' id='par_1_19' title="bbox 198 1798 1807 1870">
     <span class='ocr_line' id='line_1_19' title="bbox 198 1798 1807 1870; baseline -0.002 -17"><span class='ocrx_word' id='word_1_154' title='bbox 198 1801 386 1854; x_wconf 86' lang='lat' dir='ltr'>salvus</span> <span class='ocrx_word' id='word_1_155' title='bbox 415 1800 527 1854; x_wconf 89' lang='lat' dir='ltr'>fiet.</span> <span class='ocrx_word' id='word_1_156' title='bbox 560 1800 693 1868; x_wconf 87' lang='lat' dir='ltr'>Quia</span> <span class='ocrx_word' id='word_1_157' title='bbox 724 1816 867 1855; x_wconf 89' lang='lat' dir='ltr'>nunc</span> <span class='ocrx_word' id='word_1_158' title='bbox 897 1800 1061 1870; x_wconf 86' lang='lat' dir='ltr'>aliqui</span> <span class='ocrx_word' id='word_1_159' title='bbox 1110 1800 1422 1853; x_wconf 86' lang='lat' dir='ltr'>inseruntur</span> <span class='ocrx_word' id='word_1_160' title='bbox 1468 1798 1807 1867; x_wconf 89' lang='lat' dir='ltr'>concipimus</span> 
     </span>
    </p>
   </div>
   <div class='ocr_carea' id='block_1_20' title="bbox 200 1886 1808 1960">
    <p class='ocr_par' dir='ltr' id='par_1_20' title="bbox 200 1886 1808 1960">
     <span class='ocr_line' id='line_1_20' title="bbox 200 1886 1808 1960; baseline -0.002 -18"><span class='ocrx_word' id='word_1_161' title='bbox 200 1890 289 1943; x_wconf 92' lang='lat' dir='ltr'>ubi</span> <span class='ocrx_word' id='word_1_162' title='bbox 307 1890 383 1942; x_wconf 86' lang='lat' dir='ltr'>ait</span> <span class='ocrx_word' id='word_1_163' title='bbox 410 1904 421 1942; x_wconf 91' lang='lat'><strong>:</strong></span> <span class='ocrx_word' id='word_1_164' title='bbox 450 1910 472 1937; x_wconf 68' lang='grc' dir='ltr'><strong><em>ι</em></strong></span> <span class='ocrx_word' id='word_1_165' title='bbox 492 1888 716 1943; x_wconf 68' lang='lat' dir='ltr'>Caecitas</span> <span class='ocrx_word' id='word_1_166' title='bbox 740 1904 805 1942; x_wconf 88' lang='lat' dir='ltr'>ex</span> <span class='ocrx_word' id='word_1_167' title='bbox 826 1896 978 1958; x_wconf 88' lang='lat' dir='ltr'>parte</span> <span class='ocrx_word' id='word_1_168' title='bbox 1000 1888 1226 1960; x_wconf 84' lang='lat' dir='ltr'>contigit</span> <span class='ocrx_word' id='word_1_169' title='bbox 1247 1888 1299 1940; x_wconf 93' lang='lat' dir='ltr'>in</span> <span class='ocrx_word' id='word_1_170' title='bbox 1324 1888 1512 1941; x_wconf 90' lang='lat' dir='ltr'>Israel.</span> <span class='ocrx_word' id='word_1_171' title='bbox 1540 1908 1560 1935; x_wconf 69' lang='grc' dir='ltr'>υ</span> <span class='ocrx_word' id='word_1_172' title='bbox 1588 1886 1643 1940; x_wconf 89' lang='lat' dir='ltr'>Si</span> <span class='ocrx_word' id='word_1_173' title='bbox 1664 1886 1808 1940; x_wconf 91' lang='lat' dir='ltr'>enim</span> 
     </span>
    </p>
   </div>
   <div class='ocr_carea' id='block_1_21' title="bbox 200 1975 1807 2048">
    <p class='ocr_par' dir='ltr' id='par_1_21' title="bbox 200 1975 1807 2048">
     <span class='ocr_line' id='line_1_21' title="bbox 200 1975 1807 2048; baseline -0.001 -18"><span class='ocrx_word' id='word_1_174' title='bbox 200 1978 251 2030; x_wconf 91' lang='lat' dir='ltr'>in</span> <span class='ocrx_word' id='word_1_175' title='bbox 282 1986 437 2047; x_wconf 89' lang='lat' dir='ltr'>parte</span> <span class='ocrx_word' id='word_1_176' title='bbox 470 1993 578 2031; x_wconf 93' lang='lat' dir='ltr'>non</span> <span class='ocrx_word' id='word_1_177' title='bbox 612 1977 665 2029; x_wconf 92' lang='lat' dir='ltr'>in</span> <span class='ocrx_word' id='word_1_178' title='bbox 696 1985 828 2045; x_wconf 89' lang='lat' dir='ltr'>toto,</span> <span class='ocrx_word' id='word_1_179' title='bbox 863 1993 1028 2048; x_wconf 90' lang='lat' dir='ltr'>quare</span> <span class='ocrx_word' id='word_1_180' title='bbox 1060 1992 1166 2031; x_wconf 89' lang='lat' dir='ltr'>non</span> <span class='ocrx_word' id='word_1_181' title='bbox 1213 1976 1445 2031; x_wconf 90' lang='lat' dir='ltr'>dicimus</span> <span class='ocrx_word' id='word_1_182' title='bbox 1476 1992 1617 2029; x_wconf 88' lang='lat' dir='ltr'>nunc</span> <span class='ocrx_word' id='word_1_183' title='bbox 1648 1975 1807 2029; x_wconf 90' lang='lat' dir='ltr'>etiam</span> 
     </span>
    </p>
   </div>
   <div class='ocr_carea' id='block_1_22' title="bbox 199 2065 1809 2135">
    <p class='ocr_par' dir='ltr' id='par_1_22' title="bbox 199 2065 1809 2135">
     <span class='ocr_line' id='line_1_22' title="bbox 199 2065 1809 2135; baseline 0.001 -18"><span class='ocrx_word' id='word_1_184' title='bbox 199 2074 411 2133; x_wconf 86' lang='lat' dir='ltr'>partem</span> <span class='ocrx_word' id='word_1_185' title='bbox 432 2081 618 2120; x_wconf 89' lang='lat' dir='ltr'>eorum</span> <span class='ocrx_word' id='word_1_186' title='bbox 640 2065 863 2119; x_wconf 88' lang='lat' dir='ltr'>reinseri</span> <span class='ocrx_word' id='word_1_187' title='bbox 887 2065 914 2117; x_wconf 68' lang='grc' dir='ltr'>ἱ)</span> <span class='ocrx_word' id='word_1_188' title='bbox 943 2066 1029 2130; x_wconf 87' lang='lat' dir='ltr'>Et,</span> <span class='ocrx_word' id='word_1_189' title='bbox 1055 2080 1087 2119; x_wconf 92' lang='grc' dir='ltr'>ο</span> <span class='ocrx_word' id='word_1_190' title='bbox 1108 2068 1342 2135; x_wconf 82' lang='lat' dir='ltr'>fratres,</span> <span class='ocrx_word' id='word_1_191' title='bbox 1368 2066 1497 2121; x_wconf 87' lang='lat' dir='ltr'>nolo</span> <span class='ocrx_word' id='word_1_192' title='bbox 1532 2081 1622 2119; x_wconf 82' lang='lat' dir='ltr'>vos</span> <span class='ocrx_word' id='word_1_193' title='bbox 1652 2065 1809 2133; x_wconf 87' lang='lat' dir='ltr'>igno-</span> 
     </span>
    </p>
   </div>
   <div class='ocr_carea' id='block_1_23' title="bbox 203 2152 1811 2225">
    <p class='ocr_par' dir='ltr' id='par_1_23' title="bbox 203 2152 1811 2225">
     <span class='ocr_line' id='line_1_23' title="bbox 203 2152 1811 2225; baseline -0.001 -19"><span class='ocrx_word' id='word_1_194' title='bbox 203 2170 331 2208; x_wconf 86' lang='lat' dir='ltr'>rare</span> <span class='ocrx_word' id='word_1_195' title='bbox 364 2154 464 2208; x_wconf 88' lang='lat' dir='ltr'>hoc</span> <span class='ocrx_word' id='word_1_196' title='bbox 496 2154 813 2225; x_wconf 87' lang='lat' dir='ltr'>contigisse,</span> <span class='ocrx_word' id='word_1_197' title='bbox 848 2153 1054 2208; x_wconf 89' lang='lat' dir='ltr'>scilicet</span> <span class='ocrx_word' id='word_1_198' title='bbox 1102 2152 1402 2208; x_wconf 74' lang='lat' dir='ltr'>czecitatem</span> <span class='ocrx_word' id='word_1_199' title='bbox 1434 2152 1485 2205; x_wconf 89' lang='lat' dir='ltr'>in</span> <span class='ocrx_word' id='word_1_200' title='bbox 1534 2152 1717 2217; x_wconf 89' lang='lat' dir='ltr'>Israel,</span> <span class='ocrx_word' id='word_1_201' title='bbox 1755 2159 1811 2205; x_wconf 90' lang='lat' dir='ltr'>ut</span> 
     </span>
    </p>
   </div>
   <div class='ocr_carea' id='block_1_24' title="bbox 199 2239 1812 2313">
    <p class='ocr_par' dir='ltr' id='par_1_24' title="bbox 199 2239 1812 2313">
     <span class='ocr_line' id='line_1_24' title="bbox 199 2239 1812 2313; baseline 0 -20"><span class='ocrx_word' id='word_1_202' title='bbox 199 2242 469 2295; x_wconf 86' lang='lat' dir='ltr'>intrarent</span> <span class='ocrx_word' id='word_1_203' title='bbox 500 2250 692 2311; x_wconf 79' lang='lat' dir='ltr'>gentes</span> <span class='ocrx_word' id='word_1_204' title='bbox 728 2257 737 2294; x_wconf 93' lang='lat'>:</span> <span class='ocrx_word' id='word_1_205' title='bbox 771 2242 916 2312; x_wconf 90' lang='lat' dir='ltr'>quod</span> <span class='ocrx_word' id='word_1_206' title='bbox 945 2242 1131 2311; x_wconf 89' lang='lat' dir='ltr'>utique</span> <span class='ocrx_word' id='word_1_207' title='bbox 1176 2244 1509 2313; x_wconf 83' lang='lat' dir='ltr'>mysterium</span> <span class='ocrx_word' id='word_1_208' title='bbox 1548 2248 1649 2305; x_wconf 90' lang='lat' dir='ltr'>est,</span> <span class='ocrx_word' id='word_1_209' title='bbox 1685 2239 1812 2309; x_wconf 86' lang='lat' dir='ltr'>quia</span> 
     </span>
    </p>
   </div>
   <div class='ocr_carea' id='block_1_25' title="bbox 203 2328 1812 2395">
    <p class='ocr_par' dir='ltr' id='par_1_25' title="bbox 203 2328 1812 2395">
     <span class='ocr_line' id='line_1_25' title="bbox 203 2328 1812 2395; baseline -0.002 -12"><span class='ocrx_word' id='word_1_210' title='bbox 203 2331 248 2384; x_wconf 87' lang='lat' dir='ltr'>si</span> <span class='ocrx_word' id='word_1_211' title='bbox 278 2331 417 2384; x_wconf 90' lang='lat' dir='ltr'>ordo</span> <span class='ocrx_word' id='word_1_212' title='bbox 450 2330 525 2384; x_wconf 91' lang='lat' dir='ltr'>rei</span> <span class='ocrx_word' id='word_1_213' title='bbox 577 2330 974 2395; x_wconf 89' lang='lat' dir='ltr'>consideratur,</span> <span class='ocrx_word' id='word_1_214' title='bbox 1008 2345 1173 2385; x_wconf 88' lang='lat' dir='ltr'>causa</span> <span class='ocrx_word' id='word_1_215' title='bbox 1221 2338 1399 2384; x_wconf 90' lang='lat' dir='ltr'>tamen</span> <span class='ocrx_word' id='word_1_216' title='bbox 1430 2328 1812 2384; x_wconf 68' lang='lat' dir='ltr'>excazcationis</span> 
     </span>
    </p>
   </div>
   <div class='ocr_carea' id='block_1_26' title="bbox 202 2417 1811 2490">
    <p class='ocr_par' dir='ltr' id='par_1_26' title="bbox 202 2417 1811 2490">
     <span class='ocr_line' id='line_1_26' title="bbox 202 2417 1811 2490; baseline -0.001 -20"><span class='ocrx_word' id='word_1_217' title='bbox 202 2419 539 2484; x_wconf 63' lang='lat' dir='ltr'>Iudaeorum,</span> <span class='ocrx_word' id='word_1_218' title='bbox 575 2427 625 2473; x_wconf 90' lang='lat' dir='ltr'>et</span> <span class='ocrx_word' id='word_1_219' title='bbox 656 2418 1063 2473; x_wconf 89' lang='lat' dir='ltr'>illuminationis</span> <span class='ocrx_word' id='word_1_220' title='bbox 1112 2419 1353 2490; x_wconf 88' lang='lat' dir='ltr'>gentium</span> <span class='ocrx_word' id='word_1_221' title='bbox 1399 2433 1505 2472; x_wconf 86' lang='lat' dir='ltr'>non</span> <span class='ocrx_word' id='word_1_222' title='bbox 1550 2417 1811 2487; x_wconf 86' lang='lat' dir='ltr'>intelligi-</span> 
     </span>
    </p>
   </div>
   <div class='ocr_carea' id='block_1_27' title="bbox 204 2505 1813 2575">
    <p class='ocr_par' dir='ltr' id='par_1_27' title="bbox 204 2505 1813 2575">
     <span class='ocr_line' id='line_1_27' title="bbox 204 2505 1813 2575; baseline -0.001 -15"><span class='ocrx_word' id='word_1_223' title='bbox 204 2516 311 2561; x_wconf 89' lang='lat' dir='ltr'>tur.</span> <span class='ocrx_word' id='word_1_224' title='bbox 362 2506 537 2574; x_wconf 90' lang='lat' dir='ltr'>Quam</span> <span class='ocrx_word' id='word_1_225' title='bbox 584 2508 881 2562; x_wconf 66' lang='lat' dir='ltr'>caecitatem</span> <span class='ocrx_word' id='word_1_226' title='bbox 912 2516 965 2562; x_wconf 88' lang='lat' dir='ltr'>et</span> <span class='ocrx_word' id='word_1_227' title='bbox 1009 2507 1478 2575; x_wconf 90' lang='lat' dir='ltr'>illuminationem,</span> <span class='ocrx_word' id='word_1_228' title='bbox 1515 2507 1638 2561; x_wconf 90' lang='lat' dir='ltr'>ideo</span> <span class='ocrx_word' id='word_1_229' title='bbox 1688 2505 1813 2559; x_wconf 92' lang='lat' dir='ltr'>nolo</span> 
     </span>
    </p>
   </div>
   <div class='ocr_carea' id='block_1_28' title="bbox 204 2595 1812 2666">
    <p class='ocr_par' dir='ltr' id='par_1_28' title="bbox 204 2595 1812 2666">
     <span class='ocr_line' id='line_1_28' title="bbox 204 2595 1812 2666; baseline -0.002 -16"><span class='ocrx_word' id='word_1_230' title='bbox 204 2611 304 2650; x_wconf 89' lang='lat' dir='ltr'>vos</span> <span class='ocrx_word' id='word_1_231' title='bbox 335 2596 589 2666; x_wconf 83' lang='lat' dir='ltr'>ignorare</span> <span class='ocrx_word' id='word_1_232' title='bbox 620 2612 741 2650; x_wconf 88' lang='lat' dir='ltr'>esse</span> <span class='ocrx_word' id='word_1_233' title='bbox 758 2596 1093 2666; x_wconf 81' lang='lat' dir='ltr'>mysterium,</span> <span class='ocrx_word' id='word_1_234' title='bbox 1126 2601 1193 2651; x_wconf 91' lang='lat' dir='ltr'>ut</span> <span class='ocrx_word' id='word_1_235' title='bbox 1221 2613 1335 2649; x_wconf 88' lang='lat' dir='ltr'>non</span> <span class='ocrx_word' id='word_1_236' title='bbox 1366 2597 1491 2650; x_wconf 82' lang='lat' dir='ltr'>sitis</span> <span class='ocrx_word' id='word_1_237' title='bbox 1524 2595 1812 2649; x_wconf 86' lang='lat' dir='ltr'>vobismet-</span> 
     </span>
    </p>
   </div>
   <div class='ocr_carea' id='block_1_29' title="bbox 204 2684 1814 2756">
    <p class='ocr_par' dir='ltr' id='par_1_29' title="bbox 204 2684 1814 2756">
     <span class='ocr_line' id='line_1_29' title="bbox 204 2684 1814 2756; baseline -0.001 -17"><span class='ocrx_word' id='word_1_238' title='bbox 204 2687 344 2756; x_wconf 81' lang='lat' dir='ltr'>ipsis</span> <span class='ocrx_word' id='word_1_239' title='bbox 372 2686 679 2755; x_wconf 80' lang='lat' dir='ltr'>sapientes,</span> <span class='ocrx_word' id='word_1_240' title='bbox 714 2685 768 2738; x_wconf 93' lang='lat' dir='ltr'>id</span> <span class='ocrx_word' id='word_1_241' title='bbox 798 2693 879 2739; x_wconf 91' lang='lat' dir='ltr'>est</span> <span class='ocrx_word' id='word_1_242' title='bbox 910 2693 965 2738; x_wconf 95' lang='lat' dir='ltr'>ut</span> <span class='ocrx_word' id='word_1_243' title='bbox 991 2701 1099 2739; x_wconf 92' lang='lat' dir='ltr'>non</span> <span class='ocrx_word' id='word_1_244' title='bbox 1129 2685 1393 2755; x_wconf 89' lang='lat' dir='ltr'>imputare</span> <span class='ocrx_word' id='word_1_245' title='bbox 1442 2684 1663 2754; x_wconf 90' lang='lat' dir='ltr'>possitis</span> <span class='ocrx_word' id='word_1_246' title='bbox 1712 2684 1814 2737; x_wconf 91' lang='lat' dir='ltr'>hoc</span> 
     </span>
    </p>
   </div>
   <div class='ocr_carea' id='block_1_30' title="bbox 206 2772 1814 2843">
    <p class='ocr_par' dir='ltr' id='par_1_30' title="bbox 206 2772 1814 2843">
     <span class='ocr_line' id='line_1_30' title="bbox 206 2772 1814 2843; baseline -0.001 -17"><span class='ocrx_word' id='word_1_247' title='bbox 206 2774 488 2843; x_wconf 72' lang='lat' dir='ltr'>sapientiae</span> <span class='ocrx_word' id='word_1_248' title='bbox 518 2781 734 2837; x_wconf 68' lang='lat' dir='ltr'>vestrae,</span> <span class='ocrx_word' id='word_1_249' title='bbox 768 2790 889 2843; x_wconf 74' lang='lat' dir='ltr'>quae</span> <span class='ocrx_word' id='word_1_250' title='bbox 921 2781 1321 2828; x_wconf 90' lang='lat' dir='ltr'>sacramentum</span> <span class='ocrx_word' id='word_1_251' title='bbox 1352 2773 1510 2841; x_wconf 87' lang='lat' dir='ltr'>hujus</span> <span class='ocrx_word' id='word_1_252' title='bbox 1541 2772 1618 2826; x_wconf 87' lang='lat' dir='ltr'>rei</span> <span class='ocrx_word' id='word_1_253' title='bbox 1649 2772 1814 2825; x_wconf 91' lang='lat' dir='ltr'>intel-</span> 
     </span>
    </p>
   </div>
   <div class='ocr_carea' id='block_1_31' title="bbox 208 2860 1815 2932">
    <p class='ocr_par' dir='ltr' id='par_1_31' title="bbox 208 2860 1815 2932">
     <span class='ocr_line' id='line_1_31' title="bbox 208 2860 1815 2932; baseline -0.001 -18"><span class='ocrx_word' id='word_1_254' title='bbox 208 2862 384 2932; x_wconf 88' lang='lat' dir='ltr'>ligere</span> <span class='ocrx_word' id='word_1_255' title='bbox 417 2878 526 2916; x_wconf 91' lang='lat' dir='ltr'>non</span> <span class='ocrx_word' id='word_1_256' title='bbox 557 2861 767 2917; x_wconf 76' lang='lat' dir='ltr'>sufﬁcit.</span> <span class='ocrx_word' id='word_1_257' title='bbox 803 2862 857 2915; x_wconf 92' lang='lat' dir='ltr'>Si</span> <span class='ocrx_word' id='word_1_258' title='bbox 888 2863 1032 2916; x_wconf 91' lang='lat' dir='ltr'>enim</span> <span class='ocrx_word' id='word_1_259' title='bbox 1074 2863 1191 2917; x_wconf 66' lang='lat' dir='ltr'>haec</span> <span class='ocrx_word' id='word_1_260' title='bbox 1220 2878 1384 2917; x_wconf 85' lang='lat' dir='ltr'>causa</span> <span class='ocrx_word' id='word_1_261' title='bbox 1425 2877 1533 2916; x_wconf 90' lang='lat' dir='ltr'>non</span> <span class='ocrx_word' id='word_1_262' title='bbox 1565 2860 1665 2915; x_wconf 92' lang='lat' dir='ltr'>sub</span> <span class='ocrx_word' id='word_1_263' title='bbox 1700 2876 1815 2928; x_wconf 80' lang='lat' dir='ltr'>my-</span> 
     </span>
    </p>
   </div>
   <div class='ocr_carea' id='block_1_32' title="bbox 209 2949 1815 3021">
    <p class='ocr_par' dir='ltr' id='par_1_32' title="bbox 209 2949 1815 3021">
     <span class='ocr_line' id='line_1_32' title="bbox 209 2949 1815 3021; baseline -0.001 -18"><span class='ocrx_word' id='word_1_264' title='bbox 209 2950 377 3005; x_wconf 89' lang='lat' dir='ltr'>sterio</span> <span class='ocrx_word' id='word_1_265' title='bbox 426 2950 805 3014; x_wconf 88' lang='lat' dir='ltr'>occultaretur,</span> <span class='ocrx_word' id='word_1_266' title='bbox 840 2951 937 3004; x_wconf 89' lang='lat' dir='ltr'>sed</span> <span class='ocrx_word' id='word_1_267' title='bbox 979 2950 1133 3005; x_wconf 81' lang='lat' dir='ltr'>vobis</span> <span class='ocrx_word' id='word_1_268' title='bbox 1183 2958 1370 3021; x_wconf 88' lang='lat' dir='ltr'>aperta</span> <span class='ocrx_word' id='word_1_269' title='bbox 1399 2949 1568 3016; x_wconf 83' lang='lat' dir='ltr'>ﬁeret,</span> <span class='ocrx_word' id='word_1_270' title='bbox 1605 2965 1815 3019; x_wconf 62' lang='lat' dir='ltr'>praesu-</span> 
     </span>
    </p>
   </div>
   <div class='ocr_carea' id='block_1_33' title="bbox 212 3038 1817 3109">
    <p class='ocr_par' dir='ltr' id='par_1_33' title="bbox 212 3038 1817 3109">
     <span class='ocr_line' id='line_1_33' title="bbox 212 3038 1817 3109; baseline -0.001 -17"><span class='ocrx_word' id='word_1_271' title='bbox 212 3040 416 3093; x_wconf 91' lang='lat' dir='ltr'>mendo</span> <span class='ocrx_word' id='word_1_272' title='bbox 466 3039 802 3109; x_wconf 89' lang='lat' dir='ltr'>imputaretis</span> <span class='ocrx_word' id='word_1_273' title='bbox 843 3040 946 3093; x_wconf 84' lang='lat' dir='ltr'>hoc</span> <span class='ocrx_word' id='word_1_274' title='bbox 978 3039 1257 3109; x_wconf 66' lang='lat' dir='ltr'>sapientiae</span> <span class='ocrx_word' id='word_1_275' title='bbox 1288 3048 1500 3102; x_wconf 66' lang='lat' dir='ltr'>vestra},</span> <span class='ocrx_word' id='word_1_276' title='bbox 1538 3055 1660 3109; x_wconf 71' lang='lat' dir='ltr'>qua:</span> <span class='ocrx_word' id='word_1_277' title='bbox 1691 3038 1817 3109; x_wconf 92' lang='lat' dir='ltr'>quia</span> 
     </span>
    </p>
   </div>
   <div class='ocr_carea' id='block_1_34' title="bbox 210 3127 1816 3200">
    <p class='ocr_par' dir='ltr' id='par_1_34' title="bbox 210 3127 1816 3200">
     <span class='ocr_line' id='line_1_34' title="bbox 210 3127 1816 3200; baseline 0 -19"><span class='ocrx_word' id='word_1_278' title='bbox 210 3128 263 3181; x_wconf 93' lang='lat' dir='ltr'>in</span> <span class='ocrx_word' id='word_1_279' title='bbox 297 3128 611 3200; x_wconf 83' lang='lat' dir='ltr'>cognitione</span> <span class='ocrx_word' id='word_1_280' title='bbox 659 3129 815 3197; x_wconf 90' lang='lat' dir='ltr'>hujus</span> <span class='ocrx_word' id='word_1_281' title='bbox 862 3128 1108 3199; x_wconf 80' lang='lat' dir='ltr'>mysterii</span> <span class='ocrx_word' id='word_1_282' title='bbox 1154 3127 1355 3192; x_wconf 83' lang='lat' dir='ltr'>deficit,</span> <span class='ocrx_word' id='word_1_283' title='bbox 1391 3127 1816 3182; x_wconf 88' lang='lat' dir='ltr'>imbecillitatem</span> 
     </span>
    </p>
   </div>
   <div class='ocr_carea' id='block_1_35' title="bbox 211 3216 1815 3286">
    <p class='ocr_par' dir='ltr' id='par_1_35' title="bbox 211 3216 1815 3286">
     <span class='ocr_line' id='line_1_35' title="bbox 211 3216 1815 3286; baseline -0.001 -17"><span class='ocrx_word' id='word_1_284' title='bbox 211 3232 370 3269; x_wconf 89' lang='lat' dir='ltr'>suam</span> <span class='ocrx_word' id='word_1_285' title='bbox 402 3216 676 3286; x_wconf 80' lang='lat' dir='ltr'>intelligit,</span> <span class='ocrx_word' id='word_1_286' title='bbox 710 3224 762 3270; x_wconf 90' lang='lat' dir='ltr'>et</span> <span class='ocrx_word' id='word_1_287' title='bbox 801 3217 1029 3270; x_wconf 90' lang='lat' dir='ltr'>miratur</span> <span class='ocrx_word' id='word_1_288' title='bbox 1075 3216 1410 3270; x_wconf 90' lang='lat' dir='ltr'>altitudinem</span> <span class='ocrx_word' id='word_1_289' title='bbox 1461 3216 1630 3269; x_wconf 84' lang='lat' dir='ltr'>divini</span> <span class='ocrx_word' id='word_1_290' title='bbox 1680 3232 1815 3270; x_wconf 94' lang='lat' dir='ltr'>con-</span> 
     </span>
    </p>
   </div>
   <div class='ocr_carea' id='block_1_36' title="bbox 211 3304 1819 3375">
    <p class='ocr_par' dir='ltr' id='par_1_36' title="bbox 211 3304 1819 3375">
     <span class='ocr_line' id='line_1_36' title="bbox 211 3304 1819 3375; baseline 0 -18"><span class='ocrx_word' id='word_1_291' title='bbox 211 3305 338 3358; x_wconf 84' lang='lat' dir='ltr'>silii.</span> <span class='ocrx_word' id='word_1_292' title='bbox 376 3306 514 3368; x_wconf 86' lang='lat' dir='ltr'>Hoc,</span> <span class='ocrx_word' id='word_1_293' title='bbox 548 3305 788 3375; x_wconf 90' lang='lat' dir='ltr'>inquam,</span> <span class='ocrx_word' id='word_1_294' title='bbox 840 3307 969 3360; x_wconf 86' lang='lat' dir='ltr'>nolo</span> <span class='ocrx_word' id='word_1_295' title='bbox 1018 3322 1108 3360; x_wconf 88' lang='lat' dir='ltr'>vos</span> <span class='ocrx_word' id='word_1_296' title='bbox 1156 3307 1418 3375; x_wconf 85' lang='lat' dir='ltr'>ignorare</span> <span class='ocrx_word' id='word_1_297' title='bbox 1467 3306 1619 3375; x_wconf 85' lang='lat' dir='ltr'>quia,</span> <span class='ocrx_word' id='word_1_298' title='bbox 1652 3304 1707 3357; x_wconf 91' lang='lat' dir='ltr'>id</span> <span class='ocrx_word' id='word_1_299' title='bbox 1736 3312 1819 3358; x_wconf 91' lang='lat' dir='ltr'>est</span> 
     </span>
    </p>
   </div>
   <div class='ocr_carea' id='block_1_37' title="bbox 215 3394 1815 3465">
    <p class='ocr_par' dir='ltr' id='par_1_37' title="bbox 215 3394 1815 3465">
     <span class='ocr_line' id='line_1_37' title="bbox 215 3394 1815 3465; baseline 0 -19"><span class='ocrx_word' id='word_1_300' title='bbox 215 3394 360 3463; x_wconf 88' lang='lat' dir='ltr'>quod</span> <span class='ocrx_word' id='word_1_301' title='bbox 392 3394 616 3447; x_wconf 60' lang='lat' dir='ltr'>caecitas</span> <span class='ocrx_word' id='word_1_302' title='bbox 656 3396 900 3465; x_wconf 85' lang='lat' dir='ltr'>contigit</span> <span class='ocrx_word' id='word_1_303' title='bbox 934 3396 995 3448; x_wconf 85' lang='lat' dir='ltr'>in</span> <span class='ocrx_word' id='word_1_304' title='bbox 1043 3395 1236 3449; x_wconf 87' lang='lat' dir='ltr'>Israel.</span> <span class='ocrx_word' id='word_1_305' title='bbox 1270 3394 1337 3447; x_wconf 89' lang='lat' dir='ltr'>Et</span> <span class='ocrx_word' id='word_1_306' title='bbox 1372 3394 1475 3447; x_wconf 93' lang='lat' dir='ltr'>hoc</span> <span class='ocrx_word' id='word_1_307' title='bbox 1524 3410 1589 3447; x_wconf 82' lang='lat' dir='ltr'>ex</span> <span class='ocrx_word' id='word_1_308' title='bbox 1618 3401 1771 3462; x_wconf 90' lang='lat' dir='ltr'>parte</span> <span class='ocrx_word' id='word_1_309' title='bbox 1804 3408 1815 3446; x_wconf 92' lang='lat'>:</span> 
     </span>
    </p>
   </div>
   <div class='ocr_carea' id='block_1_38' title="bbox 213 3480 1814 3552">
    <p class='ocr_par' dir='ltr' id='par_1_38' title="bbox 213 3480 1814 3552">
     <span class='ocr_line' id='line_1_38' title="bbox 213 3480 1814 3552; baseline 0 -19"><span class='ocrx_word' id='word_1_310' title='bbox 213 3497 325 3535; x_wconf 91' lang='lat' dir='ltr'>non</span> <span class='ocrx_word' id='word_1_311' title='bbox 378 3480 525 3535; x_wconf 89' lang='lat' dir='ltr'>enim</span> <span class='ocrx_word' id='word_1_312' title='bbox 570 3497 760 3535; x_wconf 90' lang='lat' dir='ltr'>omnes</span> <span class='ocrx_word' id='word_1_313' title='bbox 808 3482 1063 3536; x_wconf 79' lang='lat' dir='ltr'>exczecati</span> <span class='ocrx_word' id='word_1_314' title='bbox 1114 3489 1255 3535; x_wconf 87' lang='lat' dir='ltr'>sunt.</span> <span class='ocrx_word' id='word_1_315' title='bbox 1308 3480 1617 3552; x_wconf 87' lang='lat' dir='ltr'>Contigisse</span> <span class='ocrx_word' id='word_1_316' title='bbox 1666 3480 1814 3546; x_wconf 87' lang='lat' dir='ltr'>dicit,</span> 
     </span>
    </p>
   </div>
   <div class='ocr_carea' id='block_1_39' title="bbox 214 3569 1818 3640">
    <p class='ocr_par' dir='ltr' id='par_1_39' title="bbox 214 3569 1818 3640">
     <span class='ocr_line' id='line_1_39' title="bbox 214 3569 1818 3640; baseline 0.001 -19"><span class='ocrx_word' id='word_1_317' title='bbox 214 3578 478 3640; x_wconf 87' lang='lat' dir='ltr'>quantum</span> <span class='ocrx_word' id='word_1_318' title='bbox 535 3570 603 3623; x_wconf 91' lang='lat' dir='ltr'>ad</span> <span class='ocrx_word' id='word_1_319' title='bbox 661 3569 1021 3640; x_wconf 83' lang='lat' dir='ltr'>ignorantiam</span> <span class='ocrx_word' id='word_1_320' title='bbox 1085 3570 1383 3634; x_wconf 89' lang='lat' dir='ltr'>hominum,</span> <span class='ocrx_word' id='word_1_321' title='bbox 1442 3585 1562 3639; x_wconf 66' lang='lat' dir='ltr'>quae</span> <span class='ocrx_word' id='word_1_322' title='bbox 1624 3584 1818 3623; x_wconf 85' lang='lat' dir='ltr'>causas</span> 
     </span>
    </p>
   </div>
   <div class='ocr_carea' id='block_1_40' title="bbox 215 3657 1819 3729">
    <p class='ocr_par' dir='ltr' id='par_1_40' title="bbox 215 3657 1819 3729">
     <span class='ocr_line' id='line_1_40' title="bbox 215 3657 1819 3729; baseline -0.001 -18"><span class='ocrx_word' id='word_1_323' title='bbox 215 3659 374 3726; x_wconf 83' lang='lat' dir='ltr'>hujus</span> <span class='ocrx_word' id='word_1_324' title='bbox 404 3658 648 3729; x_wconf 78' lang='lat' dir='ltr'>mysterii</span> <span class='ocrx_word' id='word_1_325' title='bbox 679 3658 850 3713; x_wconf 90' lang='lat' dir='ltr'>nescit</span> <span class='ocrx_word' id='word_1_326' title='bbox 887 3674 898 3711; x_wconf 90' lang='lat'>:</span> <span class='ocrx_word' id='word_1_327' title='bbox 932 3674 1055 3713; x_wconf 92' lang='lat' dir='ltr'>cum</span> <span class='ocrx_word' id='word_1_328' title='bbox 1105 3666 1287 3713; x_wconf 89' lang='lat' dir='ltr'>tamen</span> <span class='ocrx_word' id='word_1_329' title='bbox 1318 3657 1451 3711; x_wconf 89' lang='lat' dir='ltr'>nihil</span> <span class='ocrx_word' id='word_1_330' title='bbox 1501 3657 1819 3729; x_wconf 86' lang='lat' dir='ltr'>contingen-</span> 
     </span>
    </p>
   </div>
   <div class='ocr_carea' id='block_1_41' title="bbox 216 3740 1821 3817">
    <p class='ocr_par' dir='ltr' id='par_1_41' title="bbox 216 3740 1821 3817">
     <span class='ocr_line' id='line_1_41' title="bbox 216 3740 1821 3817; baseline -0.001 -17"><span class='ocrx_word' id='word_1_331' title='bbox 216 3747 322 3813; x_wconf 70' lang='lat' dir='ltr'>tize,</span> <span class='ocrx_word' id='word_1_332' title='bbox 358 3746 494 3799; x_wconf 88' lang='lat' dir='ltr'>nihil</span> <span class='ocrx_word' id='word_1_333' title='bbox 525 3746 797 3801; x_wconf 83' lang='lat' dir='ltr'>fortuitum</span> <span class='ocrx_word' id='word_1_334' title='bbox 827 3747 881 3800; x_wconf 92' lang='lat' dir='ltr'>in</span> <span class='ocrx_word' id='word_1_335' title='bbox 911 3746 1248 3817; x_wconf 87' lang='lat' dir='ltr'>providentia</span> <span class='ocrx_word' id='word_1_336' title='bbox 1290 3745 1389 3800; x_wconf 90' lang='lat' dir='ltr'>Dei</span> <span class='ocrx_word' id='word_1_337' title='bbox 1417 3746 1483 3799; x_wconf 91' lang='lat' dir='ltr'>sit</span> <span class='ocrx_word' id='word_1_338' title='bbox 1514 3763 1527 3799; x_wconf 90' lang='lat'><strong>:</strong></span> <span class='ocrx_word' id='word_1_339' title='bbox 1558 3740 1652 3817; x_wconf 78' lang='lat' dir='ltr'>qui</span> <span class='ocrx_word' id='word_1_340' title='bbox 1684 3746 1821 3801; x_wconf 88' lang='lat' dir='ltr'>sicut</span> 
     </span>
    </p>
   </div>
   <div class='ocr_carea' id='block_1_42' title="bbox 215 3834 1821 3905">
    <p class='ocr_par' dir='ltr' id='par_1_42' title="bbox 215 3834 1821 3905">
     <span class='ocr_line' id='line_1_42' title="bbox 215 3834 1821 3905; baseline -0.001 -16"><span class='ocrx_word' id='word_1_341' title='bbox 215 3834 419 3899; x_wconf 89' lang='lat' dir='ltr'>omnia,</span> <span class='ocrx_word' id='word_1_342' title='bbox 454 3835 530 3889; x_wconf 92' lang='lat' dir='ltr'>sic</span> <span class='ocrx_word' id='word_1_343' title='bbox 560 3844 611 3889; x_wconf 91' lang='lat' dir='ltr'>et</span> <span class='ocrx_word' id='word_1_344' title='bbox 641 3850 833 3890; x_wconf 88' lang='lat' dir='ltr'>causas</span> <span class='ocrx_word' id='word_1_345' title='bbox 882 3836 1123 3889; x_wconf 91' lang='lat' dir='ltr'>omnium</span> <span class='ocrx_word' id='word_1_346' title='bbox 1162 3834 1330 3889; x_wconf 89' lang='lat' dir='ltr'>novit.</span> <span class='ocrx_word' id='word_1_347' title='bbox 1364 3834 1591 3890; x_wconf 73' lang='lat' dir='ltr'>Caecitas</span> <span class='ocrx_word' id='word_1_348' title='bbox 1638 3834 1821 3905; x_wconf 91' lang='lat' dir='ltr'>utique</span> 
     </span>
    </p>
   </div>
   <div class='ocr_carea' id='block_1_43' title="bbox 216 3922 1817 3994">
    <p class='ocr_par' dir='ltr' id='par_1_43' title="bbox 216 3922 1817 3994">
     <span class='ocr_line' id='line_1_43' title="bbox 216 3922 1817 3994; baseline -0.002 -16"><span class='ocrx_word' id='word_1_349' title='bbox 216 3924 448 3994; x_wconf 87' lang='lat' dir='ltr'>contigit</span> <span class='ocrx_word' id='word_1_350' title='bbox 472 3923 526 3975; x_wconf 88' lang='lat' dir='ltr'>in</span> <span class='ocrx_word' id='word_1_351' title='bbox 548 3922 733 3987; x_wconf 90' lang='lat' dir='ltr'>Israel,</span> <span class='ocrx_word' id='word_1_352' title='bbox 759 3925 928 3979; x_wconf 89' lang='lat' dir='ltr'>donec</span> <span class='ocrx_word' id='word_1_353' title='bbox 959 3926 1213 3979; x_wconf 82' lang='lat' dir='ltr'>intraret</span> <span class='ocrx_word' id='word_1_354' title='bbox 1224 3923 1524 3993; x_wconf 81' lang='lat' dir='ltr'>plenitudo</span> <span class='ocrx_word' id='word_1_355' title='bbox 1542 3924 1817 3994; x_wconf 87' lang='lat' dir='ltr'>gentium.</span> 
     </span>
    </p>
   </div>
   <div class='ocr_carea' id='block_1_44' title="bbox 216 4010 1818 4081">
    <p class='ocr_par' dir='ltr' id='par_1_44' title="bbox 216 4010 1818 4081">
     <span class='ocr_line' id='line_1_44' title="bbox 216 4010 1818 4081; baseline 0.001 -17"><span class='ocrx_word' id='word_1_356' title='bbox 216 4012 355 4065; x_wconf 90' lang='lat' dir='ltr'>Illud</span> <span class='ocrx_word' id='word_1_357' title='bbox 386 4012 583 4076; x_wconf 89' lang='lat' dir='ltr'>donec,</span> <span class='ocrx_word' id='word_1_358' title='bbox 617 4019 668 4066; x_wconf 90' lang='lat' dir='ltr'>et</span> <span class='ocrx_word' id='word_1_359' title='bbox 698 4012 993 4081; x_wconf 89' lang='lat' dir='ltr'>temporale</span> <span class='ocrx_word' id='word_1_360' title='bbox 1015 4020 1096 4066; x_wconf 92' lang='lat' dir='ltr'>est</span> <span class='ocrx_word' id='word_1_361' title='bbox 1127 4020 1179 4066; x_wconf 90' lang='lat' dir='ltr'>et</span> <span class='ocrx_word' id='word_1_362' title='bbox 1207 4012 1444 4066; x_wconf 91' lang='lat' dir='ltr'>causale.</span> <span class='ocrx_word' id='word_1_363' title='bbox 1480 4010 1648 4079; x_wconf 89' lang='lat' dir='ltr'>Quasi</span> <span class='ocrx_word' id='word_1_364' title='bbox 1669 4011 1818 4065; x_wconf 86' lang='lat' dir='ltr'>dice-</span> 
     </span>
    </p>
   </div>
   <div class='ocr_carea' id='block_1_45' title="bbox 220 4100 1822 4167">
    <p class='ocr_par' dir='ltr' id='par_1_45' title="bbox 220 4100 1822 4167">
     <span class='ocr_line' id='line_1_45' title="bbox 220 4100 1822 4167; baseline 0 -14"><span class='ocrx_word' id='word_1_365' title='bbox 220 4110 299 4155; x_wconf 89' lang='lat' dir='ltr'>ret</span> <span class='ocrx_word' id='word_1_366' title='bbox 336 4116 347 4153; x_wconf 89' lang='lat'>:</span> <span class='ocrx_word' id='word_1_367' title='bbox 382 4100 514 4154; x_wconf 90' lang='lat' dir='ltr'>Ideo</span> <span class='ocrx_word' id='word_1_368' title='bbox 543 4101 714 4155; x_wconf 78' lang='lat' dir='ltr'>Judzei</span> <span class='ocrx_word' id='word_1_369' title='bbox 761 4101 1018 4156; x_wconf 64' lang='lat' dir='ltr'>exceecati</span> <span class='ocrx_word' id='word_1_370' title='bbox 1062 4108 1202 4165; x_wconf 91' lang='lat' dir='ltr'>sunt,</span> <span class='ocrx_word' id='word_1_371' title='bbox 1237 4108 1293 4154; x_wconf 92' lang='lat' dir='ltr'>ut</span> <span class='ocrx_word' id='word_1_372' title='bbox 1340 4100 1582 4167; x_wconf 89' lang='lat' dir='ltr'>intraret,</span> <span class='ocrx_word' id='word_1_373' title='bbox 1617 4108 1667 4154; x_wconf 87' lang='lat' dir='ltr'>et</span> <span class='ocrx_word' id='word_1_374' title='bbox 1698 4108 1822 4154; x_wconf 87' lang='lat' dir='ltr'>tan-</span> 
     </span>
    </p>
   </div>
   <div class='ocr_carea' id='block_1_46' title="bbox 218 4188 1822 4259">
    <p class='ocr_par' dir='ltr' id='par_1_46' title="bbox 218 4188 1822 4259">
     <span class='ocr_line' id='line_1_46' title="bbox 218 4188 1822 4259; baseline 0 -17"><span class='ocrx_word' id='word_1_375' title='bbox 218 4190 331 4255; x_wconf 88' lang='lat' dir='ltr'>diu,</span> <span class='ocrx_word' id='word_1_376' title='bbox 365 4189 545 4243; x_wconf 90' lang='lat' dir='ltr'>donec</span> <span class='ocrx_word' id='word_1_377' title='bbox 575 4190 795 4243; x_wconf 87' lang='lat' dir='ltr'>intraret</span> <span class='ocrx_word' id='word_1_378' title='bbox 826 4189 1107 4259; x_wconf 90' lang='lat' dir='ltr'>plenitudo</span> <span class='ocrx_word' id='word_1_379' title='bbox 1152 4189 1416 4259; x_wconf 89' lang='lat' dir='ltr'>gentium.</span> <span class='ocrx_word' id='word_1_380' title='bbox 1450 4190 1562 4244; x_wconf 84' lang='lat' dir='ltr'>Nec</span> <span class='ocrx_word' id='word_1_381' title='bbox 1595 4188 1673 4243; x_wconf 90' lang='lat' dir='ltr'>sic</span> <span class='ocrx_word' id='word_1_382' title='bbox 1702 4188 1822 4259; x_wconf 88' lang='lat' dir='ltr'>ple-</span> 
     </span>
    </p>
   </div>
   <div class='ocr_carea' id='block_1_47' title="bbox 219 4277 1825 4349">
    <p class='ocr_par' dir='ltr' id='par_1_47' title="bbox 219 4277 1825 4349">
     <span class='ocr_line' id='line_1_47' title="bbox 219 4277 1825 4349; baseline 0 -19"><span class='ocrx_word' id='word_1_383' title='bbox 219 4278 410 4331; x_wconf 87' lang='lat' dir='ltr'>nitudo</span> <span class='ocrx_word' id='word_1_384' title='bbox 452 4286 507 4330; x_wconf 91' lang='lat' dir='ltr'>ut</span> <span class='ocrx_word' id='word_1_385' title='bbox 552 4278 751 4349; x_wconf 85' lang='lat' dir='ltr'>singuli</span> <span class='ocrx_word' id='word_1_386' title='bbox 799 4278 866 4331; x_wconf 91' lang='lat' dir='ltr'>de</span> <span class='ocrx_word' id='word_1_387' title='bbox 916 4277 1169 4348; x_wconf 89' lang='lat' dir='ltr'>gentibus</span> <span class='ocrx_word' id='word_1_388' title='bbox 1218 4278 1580 4345; x_wconf 88' lang='lat' dir='ltr'>salvarentur,</span> <span class='ocrx_word' id='word_1_389' title='bbox 1615 4277 1711 4331; x_wconf 92' lang='lat' dir='ltr'>sed</span> <span class='ocrx_word' id='word_1_390' title='bbox 1759 4292 1825 4330; x_wconf 91' lang='lat' dir='ltr'>eo</span> 
     </span>
    </p>
   </div>
   <div class='ocr_carea' id='block_1_48' title="bbox 1895 365 3501 444">
    <p class='ocr_par' dir='ltr' id='par_1_48' title="bbox 1895 365 3501 444">
     <span class='ocr_line' id='line_1_48' title="bbox 1895 365 3501 444; baseline -0.008 -13"><span class='ocrx_word' id='word_1_391' title='bbox 1895 378 1998 431; x_wconf 90' lang='lat' dir='ltr'>erit</span> <span class='ocrx_word' id='word_1_392' title='bbox 2029 376 2081 429; x_wconf 91' lang='lat' dir='ltr'>in</span> <span class='ocrx_word' id='word_1_393' title='bbox 2114 374 2220 430; x_wconf 90' lang='lat' dir='ltr'>fine</span> <span class='ocrx_word' id='word_1_394' title='bbox 2250 374 2457 441; x_wconf 90' lang='lat' dir='ltr'>mundi,</span> <span class='ocrx_word' id='word_1_395' title='bbox 2490 372 2709 444; x_wconf 91' lang='lat' dir='ltr'>quando</span> <span class='ocrx_word' id='word_1_396' title='bbox 2741 368 2913 424; x_wconf 57' lang='lat' dir='ltr'>Judaei</span> <span class='ocrx_word' id='word_1_397' title='bbox 2961 368 3103 422; x_wconf 90' lang='lat' dir='ltr'>ultro</span> <span class='ocrx_word' id='word_1_398' title='bbox 3129 365 3501 437; x_wconf 90' lang='lat' dir='ltr'>properabunt</span> 
     </span>
    </p>
   </div>
   <div class='ocr_carea' id='block_1_49' title="bbox 1896 456 3501 534">
    <p class='ocr_par' dir='ltr' id='par_1_49' title="bbox 1896 456 3501 534">
     <span class='ocr_line' id='line_1_49' title="bbox 1896 456 3501 534; baseline -0.007 -15"><span class='ocrx_word' id='word_1_399' title='bbox 1896 466 1963 519; x_wconf 91' lang='lat' dir='ltr'>ad</span> <span class='ocrx_word' id='word_1_400' title='bbox 1994 464 2365 519; x_wconf 88' lang='lat' dir='ltr'>salvationem.</span> <span class='ocrx_word' id='word_1_401' title='bbox 2400 464 2622 534; x_wconf 87' lang='lat' dir='ltr'>Eripiat</span> <span class='ocrx_word' id='word_1_402' title='bbox 2650 460 2773 515; x_wconf 90' lang='lat' dir='ltr'>dico</span> <span class='ocrx_word' id='word_1_403' title='bbox 2806 463 2865 514; x_wconf 91' lang='lat' dir='ltr'>et</span> <span class='ocrx_word' id='word_1_404' title='bbox 2893 460 3112 513; x_wconf 86' lang='lat' dir='ltr'>avertat</span> <span class='ocrx_word' id='word_1_405' title='bbox 3144 456 3501 527; x_wconf 86' lang='lat' dir='ltr'>impietatem</span> 
     </span>
    </p>
   </div>
   <div class='ocr_carea' id='block_1_50' title="bbox 1896 546 3502 619">
    <p class='ocr_par' dir='ltr' id='par_1_50' title="bbox 1896 546 3502 619">
     <span class='ocr_line' id='line_1_50' title="bbox 1896 546 3502 619; baseline -0.009 -9"><span class='ocrx_word' id='word_1_406' title='bbox 1896 573 1929 610; x_wconf 93' lang='lat' dir='ltr'>a</span> <span class='ocrx_word' id='word_1_407' title='bbox 1958 555 2140 618; x_wconf 80' lang='lat' dir='ltr'>Iacob,</span> <span class='ocrx_word' id='word_1_408' title='bbox 2174 554 2228 607; x_wconf 92' lang='lat' dir='ltr'>id</span> <span class='ocrx_word' id='word_1_409' title='bbox 2258 561 2339 607; x_wconf 90' lang='lat' dir='ltr'>est</span> <span class='ocrx_word' id='word_1_410' title='bbox 2368 568 2400 606; x_wconf 91' lang='lat' dir='ltr'>a</span> <span class='ocrx_word' id='word_1_411' title='bbox 2429 550 2653 605; x_wconf 87' lang='lat' dir='ltr'>Judaico</span> <span class='ocrx_word' id='word_1_412' title='bbox 2697 547 2921 619; x_wconf 89' lang='lat' dir='ltr'>p0pulo.</span> <span class='ocrx_word' id='word_1_413' title='bbox 2981 546 3337 617; x_wconf 88' lang='lat' dir='ltr'>Impietatem</span> <span class='ocrx_word' id='word_1_414' title='bbox 3393 558 3502 597; x_wconf 90' lang='lat' dir='ltr'>non</span> 
     </span>
    </p>
   </div>
   <div class='ocr_carea' id='block_1_51' title="bbox 1898 631 3501 703">
    <p class='ocr_par' dir='ltr' id='par_1_51' title="bbox 1898 631 3501 703">
     <span class='ocr_line' id='line_1_51' title="bbox 1898 631 3501 703; baseline -0.007 -6"><span class='ocrx_word' id='word_1_415' title='bbox 1898 644 2025 698; x_wconf 89' lang='lat' dir='ltr'>dicit</span> <span class='ocrx_word' id='word_1_416' title='bbox 2054 643 2141 698; x_wconf 90' lang='lat' dir='ltr'>hic</span> <span class='ocrx_word' id='word_1_417' title='bbox 2173 650 2485 697; x_wconf 89' lang='lat' dir='ltr'>consuetam</span> <span class='ocrx_word' id='word_1_418' title='bbox 2525 638 2909 700; x_wconf 90' lang='lat' dir='ltr'>idololatriam,</span> <span class='ocrx_word' id='word_1_419' title='bbox 2947 636 3044 690; x_wconf 90' lang='lat' dir='ltr'>sed</span> <span class='ocrx_word' id='word_1_420' title='bbox 3074 635 3349 703; x_wconf 86' lang='lat' dir='ltr'>denegare</span> <span class='ocrx_word' id='word_1_421' title='bbox 3381 631 3501 687; x_wconf 93' lang='lat' dir='ltr'>cul-</span> 
     </span>
    </p>
   </div>
   <div class='ocr_carea' id='block_1_52' title="bbox 1898 720 3504 801">
    <p class='ocr_par' dir='ltr' id='par_1_52' title="bbox 1898 720 3504 801">
     <span class='ocr_line' id='line_1_52' title="bbox 1898 720 3504 801; baseline -0.008 -14"><span class='ocrx_word' id='word_1_422' title='bbox 1898 742 2008 788; x_wconf 91' lang='lat' dir='ltr'>tum</span> <span class='ocrx_word' id='word_1_423' title='bbox 2040 732 2171 786; x_wconf 88' lang='lat' dir='ltr'>Filio</span> <span class='ocrx_word' id='word_1_424' title='bbox 2202 731 2321 796; x_wconf 90' lang='lat' dir='ltr'>Dei,</span> <span class='ocrx_word' id='word_1_425' title='bbox 2358 730 2502 801; x_wconf 90' lang='lat' dir='ltr'>quod</span> <span class='ocrx_word' id='word_1_426' title='bbox 2534 728 2705 782; x_wconf 69' lang='lat' dir='ltr'>Judzei</span> <span class='ocrx_word' id='word_1_427' title='bbox 2756 725 3043 787; x_wconf 90' lang='lat' dir='ltr'>faciebant,</span> <span class='ocrx_word' id='word_1_428' title='bbox 3077 724 3181 778; x_wconf 89' lang='lat' dir='ltr'>hoc</span> <span class='ocrx_word' id='word_1_429' title='bbox 3210 730 3365 777; x_wconf 90' lang='lat' dir='ltr'>vocat</span> <span class='ocrx_word' id='word_1_430' title='bbox 3396 720 3504 774; x_wconf 84' lang='lat' dir='ltr'>im-</span> 
     </span>
    </p>
   </div>
   <div class='ocr_carea' id='block_1_53' title="bbox 1898 818 3503 893">
    <p class='ocr_par' dir='ltr' id='par_1_53' title="bbox 1898 818 3503 893">
     <span class='ocr_line' id='line_1_53' title="bbox 1898 818 3503 893; baseline -0.007 -18"><span class='ocrx_word' id='word_1_431' title='bbox 1898 822 2175 893; x_wconf 87' lang='lat' dir='ltr'>pietatem.</span> <span class='ocrx_word' id='word_1_432' title='bbox 2212 820 2363 875; x_wconf 85' lang='lat' dir='ltr'>Ritus</span> <span class='ocrx_word' id='word_1_433' title='bbox 2395 818 2537 873; x_wconf 90' lang='lat' dir='ltr'>enim</span> <span class='ocrx_word' id='word_1_434' title='bbox 2579 832 2785 881; x_wconf 86' lang='lat' dir='ltr'>eorum,</span> <span class='ocrx_word' id='word_1_435' title='bbox 2816 822 3103 885; x_wconf 87' lang='lat' dir='ltr'>postquam</span> <span class='ocrx_word' id='word_1_436' title='bbox 3129 820 3342 882; x_wconf 88' lang='lat' dir='ltr'>tempus</span> <span class='ocrx_word' id='word_1_437' title='bbox 3371 825 3503 881; x_wconf 86' lang='lat' dir='ltr'>gra-</span> 
     </span>
    </p>
   </div>
   <div class='ocr_carea' id='block_1_54' title="bbox 1900 904 2823 975">
    <p class='ocr_par' dir='ltr' id='par_1_54' title="bbox 1900 904 2823 975">
     <span class='ocr_line' id='line_1_54' title="bbox 1900 904 2823 975; baseline -0.005 -11"><span class='ocrx_word' id='word_1_438' title='bbox 1900 911 1985 965; x_wconf 74' lang='lat' dir='ltr'>tize</span> <span class='ocrx_word' id='word_1_439' title='bbox 2016 910 2179 975; x_wconf 89' lang='lat' dir='ltr'>venit,</span> <span class='ocrx_word' id='word_1_440' title='bbox 2215 924 2341 962; x_wconf 89' lang='lat' dir='ltr'>vere</span> <span class='ocrx_word' id='word_1_441' title='bbox 2372 906 2675 962; x_wconf 90' lang='lat' dir='ltr'>idololatria</span> <span class='ocrx_word' id='word_1_442' title='bbox 2707 904 2823 959; x_wconf 85' lang='lat' dir='ltr'>fuit.</span> 
     </span>
    </p>
   </div>
   <div class='ocr_carea' id='block_1_55' title="bbox 1972 988 3504 1067">
    <p class='ocr_par' dir='ltr' id='par_1_55' title="bbox 1972 988 3504 1067">
     <span class='ocr_line' id='line_1_55' title="bbox 1972 988 3504 1067; baseline -0.007 -14"><span class='ocrx_word' id='word_1_443' title='bbox 1972 997 2365 1053; x_wconf 90' lang='lat' dir='ltr'>Determinavit</span> <span class='ocrx_word' id='word_1_444' title='bbox 2392 1013 2491 1067; x_wconf 91' lang='lat' dir='ltr'>per</span> <span class='ocrx_word' id='word_1_445' title='bbox 2522 1011 2683 1066; x_wconf 92' lang='lat' dir='ltr'>quem</span> <span class='ocrx_word' id='word_1_446' title='bbox 2734 993 2882 1047; x_wconf 88' lang='lat' dir='ltr'>salus</span> <span class='ocrx_word' id='word_1_447' title='bbox 2921 990 3074 1045; x_wconf 83' lang='lat' dir='ltr'>fieret</span> <span class='ocrx_word' id='word_1_448' title='bbox 3120 989 3342 1044; x_wconf 81' lang='lat' dir='ltr'>Judaeis.</span> <span class='ocrx_word' id='word_1_449' title='bbox 3388 988 3504 1043; x_wconf 85' lang='lat' dir='ltr'>De-</span> 
     </span>
    </p>
   </div>
   <div class='ocr_carea' id='block_1_56' title="bbox 1902 1077 3508 1155">
    <p class='ocr_par' dir='ltr' id='par_1_56' title="bbox 1902 1077 3508 1155">
     <span class='ocr_line' id='line_1_56' title="bbox 1902 1077 3508 1155; baseline -0.007 -13"><span class='ocrx_word' id='word_1_450' title='bbox 1902 1088 2158 1143; x_wconf 90' lang='lat' dir='ltr'>terminat</span> <span class='ocrx_word' id='word_1_451' title='bbox 2185 1087 2344 1141; x_wconf 88' lang='lat' dir='ltr'>etiam</span> <span class='ocrx_word' id='word_1_452' title='bbox 2378 1093 2610 1155; x_wconf 90' lang='lat' dir='ltr'>tempus,</span> <span class='ocrx_word' id='word_1_453' title='bbox 2642 1083 2858 1154; x_wconf 91' lang='lat' dir='ltr'>quando</span> <span class='ocrx_word' id='word_1_454' title='bbox 2892 1082 2993 1135; x_wconf 91' lang='lat' dir='ltr'>hoc</span> <span class='ocrx_word' id='word_1_455' title='bbox 3025 1079 3262 1134; x_wconf 87' lang='lat' dir='ltr'>futurum</span> <span class='ocrx_word' id='word_1_456' title='bbox 3295 1077 3381 1145; x_wconf 90' lang='lat' dir='ltr'>sit,</span> <span class='ocrx_word' id='word_1_457' title='bbox 3419 1077 3508 1131; x_wconf 89' lang='lat' dir='ltr'>di-</span> 
     </span>
    </p>
   </div>
   <div class='ocr_carea' id='block_1_57' title="bbox 1902 1170 3507 1240">
    <p class='ocr_par' dir='ltr' id='par_1_57' title="bbox 1902 1170 3507 1240">
     <span class='ocr_line' id='line_1_57' title="bbox 1902 1170 3507 1240; baseline -0.009 -7"><span class='ocrx_word' id='word_1_458' title='bbox 1902 1192 2032 1233; x_wconf 89' lang='lat' dir='ltr'>cens</span> <span class='ocrx_word' id='word_1_459' title='bbox 2066 1194 2078 1229; x_wconf 94' lang='lat'><strong>:</strong></span> <span class='ocrx_word' id='word_1_460' title='bbox 2112 1177 2178 1230; x_wconf 86' lang='lat' dir='ltr'>Et</span> <span class='ocrx_word' id='word_1_461' title='bbox 2212 1175 2310 1230; x_wconf 90' lang='lat' dir='ltr'>hoc</span> <span class='ocrx_word' id='word_1_462' title='bbox 2345 1177 2773 1240; x_wconf 83' lang='lat' dir='ltr'>testamentum,</span> <span class='ocrx_word' id='word_1_463' title='bbox 2807 1170 2861 1223; x_wconf 91' lang='lat' dir='ltr'>id</span> <span class='ocrx_word' id='word_1_464' title='bbox 2891 1178 2973 1223; x_wconf 89' lang='lat' dir='ltr'>est</span> <span class='ocrx_word' id='word_1_465' title='bbox 3003 1170 3119 1223; x_wconf 61' lang='lat' dir='ltr'>haec</span> <span class='ocrx_word' id='word_1_466' title='bbox 3148 1174 3342 1221; x_wconf 90' lang='lat' dir='ltr'>testata</span> <span class='ocrx_word' id='word_1_467' title='bbox 3370 1181 3507 1237; x_wconf 91' lang='lat' dir='ltr'>pro-</span> 
     </span>
    </p>
   </div>
   <div class='ocr_carea' id='block_1_58' title="bbox 1902 1256 3509 1334">
    <p class='ocr_par' dir='ltr' id='par_1_58' title="bbox 1902 1256 3509 1334">
     <span class='ocr_line' id='line_1_58' title="bbox 1902 1256 3509 1334; baseline -0.006 -15"><span class='ocrx_word' id='word_1_468' title='bbox 1902 1266 2109 1333; x_wconf 87' lang='lat' dir='ltr'>missio,</span> <span class='ocrx_word' id='word_1_469' title='bbox 2136 1263 2496 1334; x_wconf 90' lang='lat' dir='ltr'>complebitur</span> <span class='ocrx_word' id='word_1_470' title='bbox 2526 1263 2645 1317; x_wconf 89' lang='lat' dir='ltr'>illis</span> <span class='ocrx_word' id='word_1_471' title='bbox 2675 1278 2709 1315; x_wconf 89' lang='lat' dir='ltr'>a</span> <span class='ocrx_word' id='word_1_472' title='bbox 2738 1276 2827 1314; x_wconf 87' lang='lat' dir='ltr'>me</span> <span class='ocrx_word' id='word_1_473' title='bbox 2863 1267 3030 1314; x_wconf 89' lang='lat' dir='ltr'>:tunc</span> <span class='ocrx_word' id='word_1_474' title='bbox 3062 1273 3191 1313; x_wconf 87' lang='lat' dir='ltr'>cum</span> <span class='ocrx_word' id='word_1_475' title='bbox 3222 1256 3509 1311; x_wconf 83' lang='lat' dir='ltr'>abstulero</span> 
     </span>
    </p>
   </div>
   <div class='ocr_carea' id='block_1_59' title="bbox 1905 1345 3513 1427">
    <p class='ocr_par' dir='ltr' id='par_1_59' title="bbox 1905 1345 3513 1427">
     <span class='ocr_line' id='line_1_59' title="bbox 1905 1345 3513 1427; baseline -0.007 -17"><span class='ocrx_word' id='word_1_476' title='bbox 1905 1358 2137 1427; x_wconf 85' lang='lat' dir='ltr'>peccata</span> <span class='ocrx_word' id='word_1_477' title='bbox 2188 1370 2411 1420; x_wconf 89' lang='lat' dir='ltr'>eorum,</span> <span class='ocrx_word' id='word_1_478' title='bbox 2463 1366 2664 1422; x_wconf 91' lang='lat' dir='ltr'>eosque</span> <span class='ocrx_word' id='word_1_479' title='bbox 2722 1346 3091 1416; x_wconf 82' lang='lat' dir='ltr'>justiticavero</span> <span class='ocrx_word' id='word_1_480' title='bbox 3127 1364 3140 1400; x_wconf 90' lang='lat'><strong>:</strong></span> <span class='ocrx_word' id='word_1_481' title='bbox 3174 1345 3321 1417; x_wconf 91' lang='lat' dir='ltr'>quod</span> <span class='ocrx_word' id='word_1_482' title='bbox 3368 1358 3513 1399; x_wconf 90' lang='lat' dir='ltr'>nunc</span> 
     </span>
    </p>
   </div>
   <div class='ocr_carea' id='block_1_60' title="bbox 1903 1434 3513 1514">
    <p class='ocr_par' dir='ltr' id='par_1_60' title="bbox 1903 1434 3513 1514">
     <span class='ocr_line' id='line_1_60' title="bbox 1903 1434 3513 1514; baseline -0.006 -17"><span class='ocrx_word' id='word_1_483' title='bbox 1903 1443 2156 1514; x_wconf 90' lang='lat' dir='ltr'>paulatim</span> <span class='ocrx_word' id='word_1_484' title='bbox 2216 1441 2290 1509; x_wconf 90' lang='lat' dir='ltr'>fit,</span> <span class='ocrx_word' id='word_1_485' title='bbox 2341 1449 2393 1496; x_wconf 93' lang='lat' dir='ltr'>et</span> <span class='ocrx_word' id='word_1_486' title='bbox 2439 1442 2491 1494; x_wconf 92' lang='lat' dir='ltr'>in</span> <span class='ocrx_word' id='word_1_487' title='bbox 2547 1438 2749 1493; x_wconf 91' lang='lat' dir='ltr'>ultimis</span> <span class='ocrx_word' id='word_1_488' title='bbox 2808 1437 2999 1491; x_wconf 88' lang='lat' dir='ltr'>diebus</span> <span class='ocrx_word' id='word_1_489' title='bbox 3045 1434 3311 1505; x_wconf 89' lang='lat' dir='ltr'>plenarie.</span> <span class='ocrx_word' id='word_1_490' title='bbox 3356 1434 3513 1488; x_wconf 92' lang='lat' dir='ltr'>Nunc</span> 
     </span>
    </p>
   </div>
   <div class='ocr_carea' id='block_1_61' title="bbox 1906 1522 3511 1603">
    <p class='ocr_par' dir='ltr' id='par_1_61' title="bbox 1906 1522 3511 1603">
     <span class='ocr_line' id='line_1_61' title="bbox 1906 1522 3511 1603; baseline -0.007 -17"><span class='ocrx_word' id='word_1_491' title='bbox 1906 1532 2121 1603; x_wconf 90' lang='lat' dir='ltr'>quidem</span> <span class='ocrx_word' id='word_1_492' title='bbox 2153 1531 2456 1601; x_wconf 90' lang='lat' dir='ltr'>eripiuntur</span> <span class='ocrx_word' id='word_1_493' title='bbox 2485 1529 2555 1582; x_wconf 91' lang='lat' dir='ltr'>ab</span> <span class='ocrx_word' id='word_1_494' title='bbox 2586 1527 2881 1597; x_wconf 88' lang='lat' dir='ltr'>impietate,</span> <span class='ocrx_word' id='word_1_495' title='bbox 2915 1533 2967 1579; x_wconf 92' lang='lat' dir='ltr'>et</span> <span class='ocrx_word' id='word_1_496' title='bbox 2996 1524 3127 1577; x_wconf 87' lang='lat' dir='ltr'>fiunt</span> <span class='ocrx_word' id='word_1_497' title='bbox 3166 1522 3368 1578; x_wconf 90' lang='lat' dir='ltr'>dilecti.</span> <span class='ocrx_word' id='word_1_498' title='bbox 3404 1522 3511 1576; x_wconf 81' lang='lat' dir='ltr'>Alii</span> 
     </span>
    </p>
   </div>
   <div class='ocr_carea' id='block_1_62' title="bbox 1906 1610 3511 1690">
    <p class='ocr_par' dir='ltr' id='par_1_62' title="bbox 1906 1610 3511 1690">
     <span class='ocr_line' id='line_1_62' title="bbox 1906 1610 3511 1690; baseline -0.008 -14"><span class='ocrx_word' id='word_1_499' title='bbox 1906 1636 2033 1676; x_wconf 90' lang='lat' dir='ltr'>vero</span> <span class='ocrx_word' id='word_1_500' title='bbox 2058 1620 2146 1690; x_wconf 90' lang='lat' dir='ltr'>qui</span> <span class='ocrx_word' id='word_1_501' title='bbox 2176 1620 2365 1674; x_wconf 92' lang='lat' dir='ltr'>nolunt</span> <span class='ocrx_word' id='word_1_502' title='bbox 2387 1618 2541 1687; x_wconf 89' lang='lat' dir='ltr'>eripi,</span> <span class='ocrx_word' id='word_1_503' title='bbox 2562 1624 2686 1670; x_wconf 92' lang='lat' dir='ltr'>sunt</span> <span class='ocrx_word' id='word_1_504' title='bbox 2714 1616 2937 1670; x_wconf 87' lang='lat' dir='ltr'>inimici</span> <span class='ocrx_word' id='word_1_505' title='bbox 2960 1620 3041 1668; x_wconf 91' lang='lat' dir='ltr'>:et</span> <span class='ocrx_word' id='word_1_506' title='bbox 3064 1614 3168 1667; x_wconf 91' lang='lat' dir='ltr'>hoc</span> <span class='ocrx_word' id='word_1_507' title='bbox 3199 1610 3511 1667; x_wconf 88' lang='lat' dir='ltr'>secundum</span> 
     </span>
    </p>
   </div>
   <div class='ocr_carea' id='block_1_63' title="bbox 1908 1700 3516 1779">
    <p class='ocr_par' dir='ltr' id='par_1_63' title="bbox 1908 1700 3516 1779">
     <span class='ocr_line' id='line_1_63' title="bbox 1908 1700 3516 1779; baseline -0.006 -17"><span class='ocrx_word' id='word_1_508' title='bbox 1908 1710 2292 1779; x_wconf 83' lang='lat' dir='ltr'>Evangelium,</span> <span class='ocrx_word' id='word_1_509' title='bbox 2318 1708 2370 1761; x_wconf 92' lang='lat' dir='ltr'>id</span> <span class='ocrx_word' id='word_1_510' title='bbox 2412 1715 2492 1760; x_wconf 91' lang='lat' dir='ltr'>est</span> <span class='ocrx_word' id='word_1_511' title='bbox 2534 1713 2825 1775; x_wconf 86' lang='lat' dir='ltr'>propterea</span> <span class='ocrx_word' id='word_1_512' title='bbox 2844 1703 2935 1773; x_wconf 91' lang='lat' dir='ltr'>qui</span> <span class='ocrx_word' id='word_1_513' title='bbox 2955 1700 3255 1773; x_wconf 89' lang='lat' dir='ltr'>Evangelio</span> <span class='ocrx_word' id='word_1_514' title='bbox 3273 1700 3516 1755; x_wconf 90' lang='lat' dir='ltr'>invident</span> 
     </span>
    </p>
   </div>
   <div class='ocr_carea' id='block_1_64' title="bbox 1908 1787 3513 1866">
    <p class='ocr_par' dir='ltr' id='par_1_64' title="bbox 1908 1787 3513 1866">
     <span class='ocr_line' id='line_1_64' title="bbox 1908 1787 3513 1866; baseline -0.007 -14"><span class='ocrx_word' id='word_1_515' title='bbox 1908 1806 1961 1852; x_wconf 92' lang='lat' dir='ltr'>et</span> <span class='ocrx_word' id='word_1_516' title='bbox 1991 1798 2296 1861; x_wconf 88' lang='lat' dir='ltr'>detrahunt,</span> <span class='ocrx_word' id='word_1_517' title='bbox 2330 1812 2429 1866; x_wconf 84' lang='lat' dir='ltr'>per</span> <span class='ocrx_word' id='word_1_518' title='bbox 2459 1795 2603 1865; x_wconf 91' lang='lat' dir='ltr'>quod</span> <span class='ocrx_word' id='word_1_519' title='bbox 2635 1802 2828 1866; x_wconf 89' lang='lat' dir='ltr'>gentes</span> <span class='ocrx_word' id='word_1_520' title='bbox 2877 1798 3285 1846; x_wconf 90' lang='lat' dir='ltr'>convertuntur.</span> <span class='ocrx_word' id='word_1_521' title='bbox 3321 1787 3513 1841; x_wconf 91' lang='lat' dir='ltr'>Inimi-</span> 
     </span>
    </p>
   </div>
   <div class='ocr_carea' id='block_1_65' title="bbox 1909 1876 3513 1957">
    <p class='ocr_par' dir='ltr' id='par_1_65' title="bbox 1909 1876 3513 1957">
     <span class='ocr_line' id='line_1_65' title="bbox 1909 1876 3513 1957; baseline -0.009 -15"><span class='ocrx_word' id='word_1_522' title='bbox 1909 1887 1958 1942; x_wconf 90' lang='lat' dir='ltr'>ci</span> <span class='ocrx_word' id='word_1_523' title='bbox 1988 1887 2167 1957; x_wconf 88' lang='lat' dir='ltr'>utique</span> <span class='ocrx_word' id='word_1_524' title='bbox 2200 1892 2342 1939; x_wconf 91' lang='lat' dir='ltr'>sunt.</span> <span class='ocrx_word' id='word_1_525' title='bbox 2379 1885 2445 1937; x_wconf 86' lang='lat' dir='ltr'>Et</span> <span class='ocrx_word' id='word_1_526' title='bbox 2476 1884 2579 1937; x_wconf 88' lang='lat' dir='ltr'>hoc</span> <span class='ocrx_word' id='word_1_527' title='bbox 2606 1886 2837 1953; x_wconf 80' lang='lat' dir='ltr'>propter</span> <span class='ocrx_word' id='word_1_528' title='bbox 2869 1897 2976 1945; x_wconf 90' lang='lat' dir='ltr'>vos,</span> <span class='ocrx_word' id='word_1_529' title='bbox 3010 1879 3065 1932; x_wconf 90' lang='lat' dir='ltr'>id</span> <span class='ocrx_word' id='word_1_530' title='bbox 3097 1887 3179 1932; x_wconf 90' lang='lat' dir='ltr'>est</span> <span class='ocrx_word' id='word_1_531' title='bbox 3211 1878 3279 1931; x_wconf 92' lang='lat' dir='ltr'>ad</span> <span class='ocrx_word' id='word_1_532' title='bbox 3310 1876 3513 1931; x_wconf 89' lang='lat' dir='ltr'>utilita-</span> 
     </span>
    </p>
   </div>
   <div class='ocr_carea' id='block_1_66' title="bbox 1909 1966 3511 2035">
    <p class='ocr_par' dir='ltr' id='par_1_66' title="bbox 1909 1966 3511 2035">
     <span class='ocr_line' id='line_1_66' title="bbox 1909 1966 3511 2035; baseline -0.006 -7"><span class='ocrx_word' id='word_1_533' title='bbox 1909 1984 2017 2030; x_wconf 90' lang='lat' dir='ltr'>tem</span> <span class='ocrx_word' id='word_1_534' title='bbox 2048 1983 2305 2029; x_wconf 84' lang='lat' dir='ltr'>vestram.</span> <span class='ocrx_word' id='word_1_535' title='bbox 2336 1972 2455 2026; x_wconf 91' lang='lat' dir='ltr'>Nisi</span> <span class='ocrx_word' id='word_1_536' title='bbox 2499 1971 2643 2026; x_wconf 91' lang='lat' dir='ltr'>enim</span> <span class='ocrx_word' id='word_1_537' title='bbox 2673 1969 2844 2024; x_wconf 63' lang='lat' dir='ltr'>Judaei</span> <span class='ocrx_word' id='word_1_538' title='bbox 2893 1968 3120 2023; x_wconf 87' lang='lat' dir='ltr'>verbum</span> <span class='ocrx_word' id='word_1_539' title='bbox 3154 1966 3251 2020; x_wconf 90' lang='lat' dir='ltr'>Dei</span> <span class='ocrx_word' id='word_1_540' title='bbox 3282 1980 3511 2035; x_wconf 91' lang='lat' dir='ltr'>respue-</span> 
     </span>
    </p>
   </div>
   <div class='ocr_carea' id='block_1_67' title="bbox 1909 2052 3516 2133">
    <p class='ocr_par' dir='ltr' id='par_1_67' title="bbox 1909 2052 3516 2133">
     <span class='ocr_line' id='line_1_67' title="bbox 1909 2052 3516 2133; baseline -0.006 -15"><span class='ocrx_word' id='word_1_541' title='bbox 1909 2073 2043 2129; x_wconf 89' lang='lat' dir='ltr'>rent,</span> <span class='ocrx_word' id='word_1_542' title='bbox 2079 2062 2310 2133; x_wconf 91' lang='lat' dir='ltr'>apostoli</span> <span class='ocrx_word' id='word_1_543' title='bbox 2360 2062 2543 2132; x_wconf 88' lang='lat' dir='ltr'>utique</span> <span class='ocrx_word' id='word_1_544' title='bbox 2574 2075 2682 2113; x_wconf 91' lang='lat' dir='ltr'>non</span> <span class='ocrx_word' id='word_1_545' title='bbox 2722 2058 3017 2112; x_wconf 89' lang='lat' dir='ltr'>transirent</span> <span class='ocrx_word' id='word_1_546' title='bbox 3064 2056 3131 2109; x_wconf 93' lang='lat' dir='ltr'>ad</span> <span class='ocrx_word' id='word_1_547' title='bbox 3164 2062 3375 2127; x_wconf 90' lang='lat' dir='ltr'>gentes.</span> <span class='ocrx_word' id='word_1_548' title='bbox 3410 2052 3516 2108; x_wconf 82' lang='lat' dir='ltr'>Alii</span> 
     </span>
    </p>
   </div>
   <div class='ocr_carea' id='block_1_68' title="bbox 1912 2143 3518 2215">
    <p class='ocr_par' dir='ltr' id='par_1_68' title="bbox 1912 2143 3518 2215">
     <span class='ocr_line' id='line_1_68' title="bbox 1912 2143 3518 2215; baseline -0.006 -8"><span class='ocrx_word' id='word_1_549' title='bbox 1912 2160 2036 2207; x_wconf 91' lang='lat' dir='ltr'>sunt</span> <span class='ocrx_word' id='word_1_550' title='bbox 2088 2150 2311 2206; x_wconf 91' lang='lat' dir='ltr'>inimici.</span> <span class='ocrx_word' id='word_1_551' title='bbox 2364 2150 2468 2203; x_wconf 84' lang='lat' dir='ltr'>Alii</span> <span class='ocrx_word' id='word_1_552' title='bbox 2516 2157 2716 2211; x_wconf 91' lang='lat' dir='ltr'>autem,</span> <span class='ocrx_word' id='word_1_553' title='bbox 2750 2147 2805 2201; x_wconf 92' lang='lat' dir='ltr'>id</span> <span class='ocrx_word' id='word_1_554' title='bbox 2855 2154 2937 2200; x_wconf 91' lang='lat' dir='ltr'>est</span> <span class='ocrx_word' id='word_1_555' title='bbox 2980 2143 3345 2215; x_wconf 70' lang='lat' dir='ltr'>przedestinati</span> <span class='ocrx_word' id='word_1_556' title='bbox 3393 2150 3518 2197; x_wconf 88' lang='lat' dir='ltr'>sunt</span> 
     </span>
    </p>
   </div>
   <div class='ocr_carea' id='block_1_69' title="bbox 1912 2234 3518 2303">
    <p class='ocr_par' dir='ltr' id='par_1_69' title="bbox 1912 2234 3518 2303">
     <span class='ocr_line' id='line_1_69' title="bbox 1912 2234 3518 2303; baseline -0.008 -6"><span class='ocrx_word' id='word_1_557' title='bbox 1912 2242 2237 2296; x_wconf 86' lang='lat' dir='ltr'>charissimi</span> <span class='ocrx_word' id='word_1_558' title='bbox 2264 2239 2575 2295; x_wconf 87' lang='lat' dir='ltr'>secundum</span> <span class='ocrx_word' id='word_1_559' title='bbox 2603 2237 2957 2301; x_wconf 85' lang='lat' dir='ltr'>electionem,</span> <span class='ocrx_word' id='word_1_560' title='bbox 2985 2234 3037 2287; x_wconf 91' lang='lat' dir='ltr'>id</span> <span class='ocrx_word' id='word_1_561' title='bbox 3060 2241 3141 2287; x_wconf 90' lang='lat' dir='ltr'>est</span> <span class='ocrx_word' id='word_1_562' title='bbox 3162 2248 3269 2287; x_wconf 90' lang='lat' dir='ltr'>non</span> <span class='ocrx_word' id='word_1_563' title='bbox 3292 2240 3518 2303; x_wconf 88' lang='lat' dir='ltr'>prOpter</span> 
     </span>
    </p>
   </div>
   <div class='ocr_carea' id='block_1_70' title="bbox 1912 2320 3515 2398">
    <p class='ocr_par' dir='ltr' id='par_1_70' title="bbox 1912 2320 3515 2398">
     <span class='ocr_line' id='line_1_70' title="bbox 1912 2320 3515 2398; baseline -0.006 -13"><span class='ocrx_word' id='word_1_564' title='bbox 1912 2331 2183 2395; x_wconf 89' lang='lat' dir='ltr'>meritum,</span> <span class='ocrx_word' id='word_1_565' title='bbox 2237 2329 2331 2383; x_wconf 88' lang='lat' dir='ltr'>sed</span> <span class='ocrx_word' id='word_1_566' title='bbox 2382 2328 2507 2398; x_wconf 90' lang='lat' dir='ltr'>quia</span> <span class='ocrx_word' id='word_1_567' title='bbox 2556 2329 2704 2381; x_wconf 91' lang='lat' dir='ltr'>Deus</span> <span class='ocrx_word' id='word_1_568' title='bbox 2762 2324 2924 2395; x_wconf 89' lang='lat' dir='ltr'>elegit</span> <span class='ocrx_word' id='word_1_569' title='bbox 2979 2338 3073 2377; x_wconf 93' lang='lat' dir='ltr'>eos</span> <span class='ocrx_word' id='word_1_570' title='bbox 3121 2339 3219 2392; x_wconf 91' lang='lat' dir='ltr'>per</span> <span class='ocrx_word' id='word_1_571' title='bbox 3261 2320 3515 2391; x_wconf 88' lang='lat' dir='ltr'>gratiam.</span> 
     </span>
    </p>
   </div>
   <div class='ocr_carea' id='block_1_71' title="bbox 1914 2416 3520 2489">
    <p class='ocr_par' dir='ltr' id='par_1_71' title="bbox 1914 2416 3520 2489">
     <span class='ocr_line' id='line_1_71' title="bbox 1914 2416 3520 2489; baseline -0.007 -16"><span class='ocrx_word' id='word_1_572' title='bbox 1914 2418 2229 2473; x_wconf 91' lang='lat' dir='ltr'>Charissimi</span> <span class='ocrx_word' id='word_1_573' title='bbox 2259 2418 2422 2473; x_wconf 86' lang='lat' dir='ltr'>etiam</span> <span class='ocrx_word' id='word_1_574' title='bbox 2450 2420 2681 2489; x_wconf 85' lang='lat' dir='ltr'>propter</span> <span class='ocrx_word' id='word_1_575' title='bbox 2708 2419 2921 2485; x_wconf 83' lang='lat' dir='ltr'>patres,</span> <span class='ocrx_word' id='word_1_576' title='bbox 2946 2428 3055 2466; x_wconf 93' lang='lat' dir='ltr'>non</span> <span class='ocrx_word' id='word_1_577' title='bbox 3087 2420 3267 2465; x_wconf 87' lang='lat' dir='ltr'>tamen</span> <span class='ocrx_word' id='word_1_578' title='bbox 3297 2416 3520 2479; x_wconf 89' lang='lat' dir='ltr'>propter</span> 
     </span>
    </p>
   </div>
   <div class='ocr_carea' id='block_1_72' title="bbox 1914 2498 3519 2576">
    <p class='ocr_par' dir='ltr' id='par_1_72' title="bbox 1914 2498 3519 2576">
     <span class='ocr_line' id='line_1_72' title="bbox 1914 2498 3519 2576; baseline -0.007 -14"><span class='ocrx_word' id='word_1_579' title='bbox 1914 2509 2162 2563; x_wconf 88' lang='lat' dir='ltr'>meritum</span> <span class='ocrx_word' id='word_1_580' title='bbox 2221 2514 2452 2576; x_wconf 90' lang='lat' dir='ltr'>patrum,</span> <span class='ocrx_word' id='word_1_581' title='bbox 2506 2504 2603 2558; x_wconf 91' lang='lat' dir='ltr'>sed</span> <span class='ocrx_word' id='word_1_582' title='bbox 2652 2511 2709 2557; x_wconf 92' lang='lat' dir='ltr'>ut</span> <span class='ocrx_word' id='word_1_583' title='bbox 2754 2501 3079 2571; x_wconf 90' lang='lat' dir='ltr'>impleantur</span> <span class='ocrx_word' id='word_1_584' title='bbox 3124 2498 3519 2569; x_wconf 90' lang='lat' dir='ltr'>promissiones</span> 
     </span>
    </p>
   </div>
   <div class='ocr_carea' id='block_1_73' title="bbox 1915 2588 3514 2666">
    <p class='ocr_par' dir='ltr' id='par_1_73' title="bbox 1915 2588 3514 2666">
     <span class='ocr_line' id='line_1_73' title="bbox 1915 2588 3514 2666; baseline -0.007 -15"><span class='ocrx_word' id='word_1_585' title='bbox 1915 2598 2069 2653; x_wconf 71' lang='lat' dir='ltr'>facta}</span> <span class='ocrx_word' id='word_1_586' title='bbox 2110 2596 2350 2666; x_wconf 90' lang='lat' dir='ltr'>patribus</span> <span class='ocrx_word' id='word_1_587' title='bbox 2395 2610 2601 2649; x_wconf 91' lang='lat' dir='ltr'>eorum.</span> <span class='ocrx_word' id='word_1_588' title='bbox 2639 2592 2779 2646; x_wconf 87' lang='lat' dir='ltr'>Vere</span> <span class='ocrx_word' id='word_1_589' title='bbox 2826 2590 3122 2644; x_wconf 85' lang='lat' dir='ltr'>secundum</span> <span class='ocrx_word' id='word_1_590' title='bbox 3169 2588 3514 2653; x_wconf 87' lang='lat' dir='ltr'>electionem,</span> 
     </span>
    </p>
   </div>
   <div class='ocr_carea' id='block_1_74' title="bbox 1916 2676 3519 2757">
    <p class='ocr_par' dir='ltr' id='par_1_74' title="bbox 1916 2676 3519 2757">
     <span class='ocr_line' id='line_1_74' title="bbox 1916 2676 3519 2757; baseline -0.007 -15"><span class='ocrx_word' id='word_1_591' title='bbox 1916 2695 1968 2742; x_wconf 90' lang='lat' dir='ltr'>et</span> <span class='ocrx_word' id='word_1_592' title='bbox 1997 2694 2222 2757; x_wconf 88' lang='lat' dir='ltr'>prOpter</span> <span class='ocrx_word' id='word_1_593' title='bbox 2261 2692 2463 2754; x_wconf 90' lang='lat' dir='ltr'>patres.</span> <span class='ocrx_word' id='word_1_594' title='bbox 2514 2684 2654 2737; x_wconf 81' lang='lat' dir='ltr'>Nam</span> <span class='ocrx_word' id='word_1_595' title='bbox 2699 2680 2912 2735; x_wconf 84' lang='lat' dir='ltr'>vacatio</span> <span class='ocrx_word' id='word_1_596' title='bbox 2957 2678 3075 2742; x_wconf 91' lang='lat' dir='ltr'>Dei,</span> <span class='ocrx_word' id='word_1_597' title='bbox 3110 2677 3164 2731; x_wconf 92' lang='lat' dir='ltr'>id</span> <span class='ocrx_word' id='word_1_598' title='bbox 3197 2684 3279 2731; x_wconf 90' lang='lat' dir='ltr'>est</span> <span class='ocrx_word' id='word_1_599' title='bbox 3324 2676 3519 2732; x_wconf 91' lang='lat' dir='ltr'>electio</span> 
     </span>
    </p>
   </div>
   <div class='ocr_carea' id='block_1_75' title="bbox 1917 2766 3522 2840">
    <p class='ocr_par' dir='ltr' id='par_1_75' title="bbox 1917 2766 3522 2840">
     <span class='ocr_line' id='line_1_75' title="bbox 1917 2766 3522 2840; baseline -0.007 -11"><span class='ocrx_word' id='word_1_600' title='bbox 1917 2791 2125 2839; x_wconf 86' lang='lat' dir='ltr'>eorum,</span> <span class='ocrx_word' id='word_1_601' title='bbox 2180 2778 2233 2828; x_wconf 90' lang='lat' dir='ltr'>et</span> <span class='ocrx_word' id='word_1_602' title='bbox 2284 2774 2452 2840; x_wconf 89' lang='lat' dir='ltr'>dona,</span> <span class='ocrx_word' id='word_1_603' title='bbox 2504 2770 2557 2825; x_wconf 90' lang='lat' dir='ltr'>id</span> <span class='ocrx_word' id='word_1_604' title='bbox 2589 2778 2672 2824; x_wconf 90' lang='lat' dir='ltr'>est</span> <span class='ocrx_word' id='word_1_605' title='bbox 2703 2768 3044 2838; x_wconf 90' lang='lat' dir='ltr'>impletiones</span> <span class='ocrx_word' id='word_1_606' title='bbox 3093 2766 3522 2836; x_wconf 89' lang='lat' dir='ltr'>promissionum</span> 
     </span>
    </p>
   </div>
   <div class='ocr_carea' id='block_1_76' title="bbox 1916 2853 3521 2932">
    <p class='ocr_par' dir='ltr' id='par_1_76' title="bbox 1916 2853 3521 2932">
     <span class='ocr_line' id='line_1_76' title="bbox 1916 2853 3521 2932; baseline -0.007 -13"><span class='ocrx_word' id='word_1_607' title='bbox 1916 2868 2053 2919; x_wconf 89' lang='lat' dir='ltr'>sunt</span> <span class='ocrx_word' id='word_1_608' title='bbox 2081 2865 2203 2918; x_wconf 86' lang='lat' dir='ltr'>sine</span> <span class='ocrx_word' id='word_1_609' title='bbox 2233 2860 2593 2932; x_wconf 83' lang='lat' dir='ltr'>pamitentia,</span> <span class='ocrx_word' id='word_1_610' title='bbox 2625 2859 2679 2912; x_wconf 94' lang='lat' dir='ltr'>id</span> <span class='ocrx_word' id='word_1_611' title='bbox 2708 2866 2789 2912; x_wconf 91' lang='lat' dir='ltr'>est</span> <span class='ocrx_word' id='word_1_612' title='bbox 2820 2856 2939 2911; x_wconf 89' lang='lat' dir='ltr'>sine</span> <span class='ocrx_word' id='word_1_613' title='bbox 2967 2855 3357 2920; x_wconf 88' lang='lat' dir='ltr'>immutatione,</span> <span class='ocrx_word' id='word_1_614' title='bbox 3394 2853 3521 2925; x_wconf 85' lang='lat' dir='ltr'>quia</span> 
     </span>
    </p>
   </div>
   <div class='ocr_carea' id='block_1_77' title="bbox 1918 2942 3519 3024">
    <p class='ocr_par' dir='ltr' id='par_1_77' title="bbox 1918 2942 3519 3024">
     <span class='ocr_line' id='line_1_77' title="bbox 1918 2942 3519 3024; baseline -0.007 -17"><span class='ocrx_word' id='word_1_615' title='bbox 1918 2951 2373 3024; x_wconf 90' lang='lat' dir='ltr'>quemadmodum</span> <span class='ocrx_word' id='word_1_616' title='bbox 2428 2947 2676 3019; x_wconf 90' lang='lat' dir='ltr'>promisit</span> <span class='ocrx_word' id='word_1_617' title='bbox 2722 2954 2775 3000; x_wconf 90' lang='lat' dir='ltr'>et</span> <span class='ocrx_word' id='word_1_618' title='bbox 2832 2945 3011 3018; x_wconf 86' lang='lat' dir='ltr'>elegit,</span> <span class='ocrx_word' id='word_1_619' title='bbox 3060 2945 3139 2999; x_wconf 90' lang='lat' dir='ltr'>sic</span> <span class='ocrx_word' id='word_1_620' title='bbox 3185 2942 3519 3014; x_wconf 84' lang='lat' dir='ltr'>complebit;</span> 
     </span>
    </p>
   </div>
   <div class='ocr_carea' id='block_1_78' title="bbox 1842 3011 3519 3096">
    <p class='ocr_par' dir='ltr' id='par_1_78' title="bbox 1842 3011 3519 3096">
     <span class='ocr_line' id='line_1_78' title="bbox 1842 3011 3519 3096; baseline -0.007 1"><span class='ocrx_word' id='word_1_621' title='bbox 1842 3011 1888 3071; x_wconf 68' lang='grc' dir='ltr'><strong>Ο</strong></span> <span class='ocrx_word' id='word_1_622' title='bbox 1920 3042 2004 3096; x_wconf 90' lang='lat' dir='ltr'>vel</span> <span class='ocrx_word' id='word_1_623' title='bbox 2025 3042 2097 3095; x_wconf 86' lang='lat' dir='ltr'>ita</span> <span class='ocrx_word' id='word_1_624' title='bbox 2118 3059 2129 3094; x_wconf 93' lang='lat'><strong>:</strong></span> <span class='ocrx_word' id='word_1_625' title='bbox 2153 3041 2293 3094; x_wconf 84' lang='lat' dir='ltr'>Vere</span> <span class='ocrx_word' id='word_1_626' title='bbox 2315 3037 2635 3095; x_wconf 84' lang='lat' dir='ltr'>charissimi</span> <span class='ocrx_word' id='word_1_627' title='bbox 2667 3034 2979 3091; x_wconf 87' lang='lat' dir='ltr'>secundum</span> <span class='ocrx_word' id='word_1_628' title='bbox 3009 3035 3360 3089; x_wconf 86' lang='lat' dir='ltr'>electionem.</span> <span class='ocrx_word' id='word_1_629' title='bbox 3380 3032 3519 3086; x_wconf 91' lang='lat' dir='ltr'>Nam</span> 
     </span>
    </p>
   </div>
   <div class='ocr_carea' id='block_1_79' title="bbox 1918 3121 3520 3195">
    <p class='ocr_par' dir='ltr' id='par_1_79' title="bbox 1918 3121 3520 3195">
     <span class='ocr_line' id='line_1_79' title="bbox 1918 3121 3520 3195; baseline -0.006 -10"><span class='ocrx_word' id='word_1_630' title='bbox 1918 3132 2059 3185; x_wconf 88' lang='lat' dir='ltr'>dona</span> <span class='ocrx_word' id='word_1_631' title='bbox 2100 3128 2237 3195; x_wconf 89' lang='lat' dir='ltr'>Dei;</span> <span class='ocrx_word' id='word_1_632' title='bbox 2272 3129 2325 3181; x_wconf 93' lang='lat' dir='ltr'>id</span> <span class='ocrx_word' id='word_1_633' title='bbox 2374 3134 2456 3181; x_wconf 91' lang='lat' dir='ltr'>est</span> <span class='ocrx_word' id='word_1_634' title='bbox 2502 3124 2753 3180; x_wconf 90' lang='lat' dir='ltr'>remissio</span> <span class='ocrx_word' id='word_1_635' title='bbox 2803 3131 3176 3194; x_wconf 88' lang='lat' dir='ltr'>peccatorum,</span> <span class='ocrx_word' id='word_1_636' title='bbox 3210 3130 3262 3175; x_wconf 90' lang='lat' dir='ltr'>et</span> <span class='ocrx_word' id='word_1_637' title='bbox 3308 3121 3520 3177; x_wconf 89' lang='lat' dir='ltr'>vocatio</span> 
     </span>
    </p>
   </div>
   <div class='ocr_carea' id='block_1_80' title="bbox 1918 3209 3524 3283">
    <p class='ocr_par' dir='ltr' id='par_1_80' title="bbox 1918 3209 3524 3283">
     <span class='ocr_line' id='line_1_80' title="bbox 1918 3209 3524 3283; baseline -0.006 -10"><span class='ocrx_word' id='word_1_638' title='bbox 1918 3219 2038 3283; x_wconf 88' lang='lat' dir='ltr'>Dei,</span> <span class='ocrx_word' id='word_1_639' title='bbox 2072 3218 2126 3272; x_wconf 94' lang='lat' dir='ltr'>id</span> <span class='ocrx_word' id='word_1_640' title='bbox 2169 3226 2250 3271; x_wconf 90' lang='lat' dir='ltr'>est</span> <span class='ocrx_word' id='word_1_641' title='bbox 2297 3215 2581 3270; x_wconf 88' lang='lat' dir='ltr'>instructio</span> <span class='ocrx_word' id='word_1_642' title='bbox 2625 3213 2885 3279; x_wconf 87' lang='lat' dir='ltr'>fidelium,</span> <span class='ocrx_word' id='word_1_643' title='bbox 2929 3227 3083 3283; x_wconf 88' lang='lat' dir='ltr'>quos,</span> <span class='ocrx_word' id='word_1_644' title='bbox 3134 3218 3419 3281; x_wconf 90' lang='lat' dir='ltr'>postquam</span> <span class='ocrx_word' id='word_1_645' title='bbox 3467 3209 3524 3264; x_wconf 91' lang='lat' dir='ltr'>in</span> 
     </span>
    </p>
   </div>
   <div class='ocr_carea' id='block_1_81' title="bbox 1921 3299 3523 3377">
    <p class='ocr_par' dir='ltr' id='par_1_81' title="bbox 1921 3299 3523 3377">
     <span class='ocr_line' id='line_1_81' title="bbox 1921 3299 3523 3377; baseline -0.003 -17"><span class='ocrx_word' id='word_1_646' title='bbox 1921 3307 2189 3377; x_wconf 91' lang='lat' dir='ltr'>baptismo</span> <span class='ocrx_word' id='word_1_647' title='bbox 2240 3303 2572 3373; x_wconf 86' lang='lat' dir='ltr'>justificavit,</span> <span class='ocrx_word' id='word_1_648' title='bbox 2621 3319 2722 3372; x_wconf 91' lang='lat' dir='ltr'>per</span> <span class='ocrx_word' id='word_1_649' title='bbox 2778 3302 3033 3357; x_wconf 91' lang='lat' dir='ltr'>doctores</span> <span class='ocrx_word' id='word_1_650' title='bbox 3081 3300 3296 3353; x_wconf 90' lang='lat' dir='ltr'>instruit</span> <span class='ocrx_word' id='word_1_651' title='bbox 3346 3314 3357 3353; x_wconf 92' lang='lat'><strong>:</strong></span> <span class='ocrx_word' id='word_1_652' title='bbox 3404 3299 3523 3355; x_wconf 68' lang='lat' dir='ltr'>haac</span> 
     </span>
    </p>
   </div>
   <div class='ocr_carea' id='block_1_82' title="bbox 1921 3387 3513 3466">
    <p class='ocr_par' dir='ltr' id='par_1_82' title="bbox 1921 3387 3513 3466">
     <span class='ocr_line' id='line_1_82' title="bbox 1921 3387 3513 3466; baseline -0.004 -17"><span class='ocrx_word' id='word_1_653' title='bbox 1921 3396 2107 3466; x_wconf 91' lang='lat' dir='ltr'>utique</span> <span class='ocrx_word' id='word_1_654' title='bbox 2137 3395 2276 3449; x_wconf 92' lang='lat' dir='ltr'>dona</span> <span class='ocrx_word' id='word_1_655' title='bbox 2308 3401 2359 3447; x_wconf 88' lang='lat' dir='ltr'>et</span> <span class='ocrx_word' id='word_1_656' title='bbox 2393 3392 2600 3447; x_wconf 91' lang='lat' dir='ltr'>vocatio</span> <span class='ocrx_word' id='word_1_657' title='bbox 2636 3390 2734 3445; x_wconf 88' lang='lat' dir='ltr'>Dei</span> <span class='ocrx_word' id='word_1_658' title='bbox 2782 3398 2906 3444; x_wconf 91' lang='lat' dir='ltr'>sunt</span> <span class='ocrx_word' id='word_1_659' title='bbox 2935 3389 3051 3443; x_wconf 92' lang='lat' dir='ltr'>sine</span> <span class='ocrx_word' id='word_1_660' title='bbox 3083 3388 3263 3459; x_wconf 91' lang='lat' dir='ltr'>aliquo</span> <span class='ocrx_word' id='word_1_661' title='bbox 3292 3387 3513 3443; x_wconf 90' lang='lat' dir='ltr'>merito.</span> 
     </span>
    </p>
   </div>
   <div class='ocr_carea' id='block_1_83' title="bbox 1922 3477 3523 3552">
    <p class='ocr_par' dir='ltr' id='par_1_83' title="bbox 1922 3477 3523 3552">
     <span class='ocr_line' id='line_1_83' title="bbox 1922 3477 3523 3552; baseline -0.004 -15"><span class='ocrx_word' id='word_1_662' title='bbox 1922 3486 2056 3538; x_wconf 84' lang='lat' dir='ltr'>Nam</span> <span class='ocrx_word' id='word_1_663' title='bbox 2090 3483 2204 3537; x_wconf 90' lang='lat' dir='ltr'>sine</span> <span class='ocrx_word' id='word_1_664' title='bbox 2234 3480 2548 3552; x_wconf 77' lang='lat' dir='ltr'>pmnitentia</span> <span class='ocrx_word' id='word_1_665' title='bbox 2580 3478 2882 3549; x_wconf 91' lang='lat' dir='ltr'>corporalis</span> <span class='ocrx_word' id='word_1_666' title='bbox 2912 3477 3233 3545; x_wconf 84' lang='lat' dir='ltr'>afllictionis,</span> <span class='ocrx_word' id='word_1_667' title='bbox 3254 3493 3375 3547; x_wconf 60' lang='lat' dir='ltr'>qua;</span> <span class='ocrx_word' id='word_1_668' title='bbox 3406 3492 3523 3531; x_wconf 85' lang='lat' dir='ltr'>me-</span> 
     </span>
    </p>
   </div>
   <div class='ocr_carea' id='block_1_84' title="bbox 1923 3564 3521 3642">
    <p class='ocr_par' dir='ltr' id='par_1_84' title="bbox 1923 3564 3521 3642">
     <span class='ocr_line' id='line_1_84' title="bbox 1923 3564 3521 3642; baseline -0.004 -16"><span class='ocrx_word' id='word_1_669' title='bbox 1923 3573 2087 3626; x_wconf 90' lang='lat' dir='ltr'>ritum</span> <span class='ocrx_word' id='word_1_670' title='bbox 2125 3570 2455 3642; x_wconf 67' lang='lat' dir='ltr'>pcenitentiaz</span> <span class='ocrx_word' id='word_1_671' title='bbox 2504 3568 2840 3639; x_wconf 60' lang='lat' dir='ltr'>praecelleret</span> <span class='ocrx_word' id='word_1_672' title='bbox 2885 3566 3027 3636; x_wconf 89' lang='lat' dir='ltr'>apud</span> <span class='ocrx_word' id='word_1_673' title='bbox 3058 3566 3252 3629; x_wconf 90' lang='lat' dir='ltr'>Deum,</span> <span class='ocrx_word' id='word_1_674' title='bbox 3285 3564 3331 3618; x_wconf 90' lang='lat' dir='ltr'>si</span> <span class='ocrx_word' id='word_1_675' title='bbox 3379 3564 3521 3619; x_wconf 90' lang='lat' dir='ltr'>dona</span> 
     </span>
    </p>
   </div>
   <div class='ocr_carea' id='block_1_85' title="bbox 1925 3652 3527 3728">
    <p class='ocr_par' dir='ltr' id='par_1_85' title="bbox 1925 3652 3527 3728">
     <span class='ocr_line' id='line_1_85' title="bbox 1925 3652 3527 3728; baseline -0.006 -12"><span class='ocrx_word' id='word_1_676' title='bbox 1925 3670 1978 3717; x_wconf 92' lang='lat' dir='ltr'>et</span> <span class='ocrx_word' id='word_1_677' title='bbox 2026 3661 2235 3716; x_wconf 91' lang='lat' dir='ltr'>vocatio</span> <span class='ocrx_word' id='word_1_678' title='bbox 2282 3660 2399 3728; x_wconf 89' lang='lat' dir='ltr'>ejus</span> <span class='ocrx_word' id='word_1_679' title='bbox 2456 3658 2647 3713; x_wconf 91' lang='lat' dir='ltr'>fierent</span> <span class='ocrx_word' id='word_1_680' title='bbox 2694 3656 2992 3711; x_wconf 90' lang='lat' dir='ltr'>secundum</span> <span class='ocrx_word' id='word_1_681' title='bbox 3042 3654 3312 3719; x_wconf 89' lang='lat' dir='ltr'>meritum,</span> <span class='ocrx_word' id='word_1_682' title='bbox 3352 3652 3527 3709; x_wconf 67' lang='lat' dir='ltr'>Judmi</span> 
     </span>
    </p>
   </div>
   <div class='ocr_carea' id='block_1_86' title="bbox 1925 3742 3525 3822">
    <p class='ocr_par' dir='ltr' id='par_1_86' title="bbox 1925 3742 3525 3822">
     <span class='ocr_line' id='line_1_86' title="bbox 1925 3742 3525 3822; baseline -0.006 -17"><span class='ocrx_word' id='word_1_683' title='bbox 1925 3751 2109 3822; x_wconf 90' lang='lat' dir='ltr'>utique</span> <span class='ocrx_word' id='word_1_684' title='bbox 2153 3749 2443 3821; x_wconf 89' lang='lat' dir='ltr'>eliguntur.</span> <span class='ocrx_word' id='word_1_685' title='bbox 2476 3748 2617 3801; x_wconf 90' lang='lat' dir='ltr'>Nam</span> <span class='ocrx_word' id='word_1_686' title='bbox 2647 3748 2796 3801; x_wconf 84' lang='lat' dir='ltr'>sicut</span> <span class='ocrx_word' id='word_1_687' title='bbox 2824 3762 2916 3800; x_wconf 87' lang='lat' dir='ltr'>vos</span> <span class='ocrx_word' id='word_1_688' title='bbox 2949 3743 3192 3799; x_wconf 88' lang='lat' dir='ltr'>Gentiles</span> <span class='ocrx_word' id='word_1_689' title='bbox 3222 3750 3275 3797; x_wconf 91' lang='lat' dir='ltr'>et</span> <span class='ocrx_word' id='word_1_690' title='bbox 3306 3742 3525 3813; x_wconf 88' lang='lat' dir='ltr'>quidam</span> 
     </span>
    </p>
   </div>
   <div class='ocr_carea' id='block_1_87' title="bbox 1924 3831 3523 3908">
    <p class='ocr_par' dir='ltr' id='par_1_87' title="bbox 1924 3831 3523 3908">
     <span class='ocr_line' id='line_1_87' title="bbox 1924 3831 3523 3908; baseline -0.004 -15"><span class='ocrx_word' id='word_1_691' title='bbox 1924 3840 2093 3895; x_wconf 72' lang='lat' dir='ltr'>Judaei</span> <span class='ocrx_word' id='word_1_692' title='bbox 2116 3846 2240 3893; x_wconf 89' lang='lat' dir='ltr'>ante</span> <span class='ocrx_word' id='word_1_693' title='bbox 2262 3838 2442 3908; x_wconf 87' lang='lat' dir='ltr'>legem</span> <span class='ocrx_word' id='word_1_694' title='bbox 2465 3852 2561 3891; x_wconf 90' lang='lat' dir='ltr'>vos</span> <span class='ocrx_word' id='word_1_695' title='bbox 2578 3835 2881 3908; x_wconf 85' lang='lat' dir='ltr'>aliquando</span> <span class='ocrx_word' id='word_1_696' title='bbox 2902 3850 3016 3888; x_wconf 83' lang='lat' dir='ltr'>non</span> <span class='ocrx_word' id='word_1_697' title='bbox 3033 3831 3351 3887; x_wconf 87' lang='lat' dir='ltr'>credidistis</span> <span class='ocrx_word' id='word_1_698' title='bbox 3372 3833 3478 3887; x_wconf 87' lang='lat' dir='ltr'>Deo</span> <span class='ocrx_word' id='word_1_699' title='bbox 3504 3851 3523 3887; x_wconf 89' lang='lat'><strong><em>:</em></strong></span> 
     </span>
    </p>
   </div>
   <div class='ocr_carea' id='block_1_88' title="bbox 1926 3921 3527 3997">
    <p class='ocr_par' dir='ltr' id='par_1_88' title="bbox 1926 3921 3527 3997">
     <span class='ocr_line' id='line_1_88' title="bbox 1926 3921 3527 3997; baseline -0.005 -13"><span class='ocrx_word' id='word_1_700' title='bbox 1926 3946 2081 3984; x_wconf 85' lang='lat' dir='ltr'>nunc</span> <span class='ocrx_word' id='word_1_701' title='bbox 2104 3932 2295 3983; x_wconf 87' lang='lat' dir='ltr'>autem</span> <span class='ocrx_word' id='word_1_702' title='bbox 2317 3926 2370 3979; x_wconf 91' lang='lat' dir='ltr'>in</span> <span class='ocrx_word' id='word_1_703' title='bbox 2384 3934 2629 3996; x_wconf 90' lang='lat' dir='ltr'>tempore</span> <span class='ocrx_word' id='word_1_704' title='bbox 2643 3924 2828 3997; x_wconf 68' lang='lat' dir='ltr'>gratia:</span> <span class='ocrx_word' id='word_1_705' title='bbox 2841 3923 3128 3979; x_wconf 87' lang='lat' dir='ltr'>consecuti</span> <span class='ocrx_word' id='word_1_706' title='bbox 3150 3922 3285 3976; x_wconf 90' lang='lat' dir='ltr'>estis</span> <span class='ocrx_word' id='word_1_707' title='bbox 3302 3921 3527 3976; x_wconf 88' lang='lat' dir='ltr'>miseri-</span> 
     </span>
    </p>
   </div>
   <div class='ocr_carea' id='block_1_89' title="bbox 1928 4009 3527 4081">
    <p class='ocr_par' dir='ltr' id='par_1_89' title="bbox 1928 4009 3527 4081">
     <span class='ocr_line' id='line_1_89' title="bbox 1928 4009 3527 4081; baseline -0.005 -8"><span class='ocrx_word' id='word_1_708' title='bbox 1928 4019 2196 4081; x_wconf 85' lang='lat' dir='ltr'>cordiam,</span> <span class='ocrx_word' id='word_1_709' title='bbox 2231 4016 2285 4069; x_wconf 89' lang='lat' dir='ltr'>id</span> <span class='ocrx_word' id='word_1_710' title='bbox 2315 4023 2395 4069; x_wconf 91' lang='lat' dir='ltr'>est</span> <span class='ocrx_word' id='word_1_711' title='bbox 2428 4031 2493 4069; x_wconf 89' lang='lat' dir='ltr'>ex</span> <span class='ocrx_word' id='word_1_712' title='bbox 2522 4012 2898 4068; x_wconf 90' lang='lat' dir='ltr'>misericordia</span> <span class='ocrx_word' id='word_1_713' title='bbox 2929 4010 3304 4075; x_wconf 85' lang='lat' dir='ltr'>salvationem,</span> <span class='ocrx_word' id='word_1_714' title='bbox 3339 4016 3392 4064; x_wconf 90' lang='lat' dir='ltr'>et</span> <span class='ocrx_word' id='word_1_715' title='bbox 3421 4009 3527 4065; x_wconf 88' lang='lat' dir='ltr'>hoc</span> 
     </span>
    </p>
   </div>
   <div class='ocr_carea' id='block_1_90' title="bbox 1926 4097 3526 4177">
    <p class='ocr_par' dir='ltr' id='par_1_90' title="bbox 1926 4097 3526 4177">
     <span class='ocr_line' id='line_1_90' title="bbox 1926 4097 3526 4177; baseline -0.007 -16"><span class='ocrx_word' id='word_1_716' title='bbox 1926 4110 2160 4177; x_wconf 85' lang='lat' dir='ltr'>propter</span> <span class='ocrx_word' id='word_1_717' title='bbox 2196 4105 2665 4160; x_wconf 82' lang='lat' dir='ltr'>incredulitatem</span> <span class='ocrx_word' id='word_1_718' title='bbox 2695 4101 3025 4156; x_wconf 64' lang='lat' dir='ltr'>Iudaeorum.</span> <span class='ocrx_word' id='word_1_719' title='bbox 3061 4097 3198 4166; x_wconf 86' lang='lat' dir='ltr'>Quia</span> <span class='ocrx_word' id='word_1_720' title='bbox 3225 4098 3369 4152; x_wconf 90' lang='lat' dir='ltr'>enim</span> <span class='ocrx_word' id='word_1_721' title='bbox 3399 4113 3526 4151; x_wconf 88' lang='lat' dir='ltr'>ver-</span> 
     </span>
    </p>
   </div>
   <div class='ocr_carea' id='block_1_91' title="bbox 1929 4185 3533 4262">
    <p class='ocr_par' dir='ltr' id='par_1_91' title="bbox 1929 4185 3533 4262">
     <span class='ocr_line' id='line_1_91' title="bbox 1929 4185 3533 4262; baseline -0.005 -14"><span class='ocrx_word' id='word_1_722' title='bbox 1929 4196 2058 4248; x_wconf 92' lang='lat' dir='ltr'>bum</span> <span class='ocrx_word' id='word_1_723' title='bbox 2081 4194 2179 4248; x_wconf 89' lang='lat' dir='ltr'>Dei</span> <span class='ocrx_word' id='word_1_724' title='bbox 2197 4209 2303 4248; x_wconf 92' lang='lat' dir='ltr'>non</span> <span class='ocrx_word' id='word_1_725' title='bbox 2329 4200 2673 4262; x_wconf 89' lang='lat' dir='ltr'>receperunt,</span> <span class='ocrx_word' id='word_1_726' title='bbox 2692 4192 2797 4245; x_wconf 90' lang='lat' dir='ltr'>hoc</span> <span class='ocrx_word' id='word_1_727' title='bbox 2811 4190 2879 4243; x_wconf 92' lang='lat' dir='ltr'>ad</span> <span class='ocrx_word' id='word_1_728' title='bbox 2892 4185 3533 4259; x_wconf 83' lang='lat' dir='ltr'>gentestransmisitapo-</span> 
     </span>
    </p>
   </div>
   <div class='ocr_carea' id='block_1_92' title="bbox 1930 4273 3531 4351">
    <p class='ocr_par' dir='ltr' id='par_1_92' title="bbox 1930 4273 3531 4351">
     <span class='ocr_line' id='line_1_92' title="bbox 1930 4273 3531 4351; baseline -0.005 -14"><span class='ocrx_word' id='word_1_729' title='bbox 1930 4284 2121 4337; x_wconf 88' lang='lat' dir='ltr'>stolus.</span> <span class='ocrx_word' id='word_1_730' title='bbox 2156 4283 2324 4346; x_wconf 90' lang='lat' dir='ltr'>Sicut,</span> <span class='ocrx_word' id='word_1_731' title='bbox 2358 4280 2549 4351; x_wconf 89' lang='lat' dir='ltr'>inquit,</span> <span class='ocrx_word' id='word_1_732' title='bbox 2582 4295 2679 4334; x_wconf 89' lang='lat' dir='ltr'>vos</span> <span class='ocrx_word' id='word_1_733' title='bbox 2710 4278 2839 4333; x_wconf 91' lang='lat' dir='ltr'>olim</span> <span class='ocrx_word' id='word_1_734' title='bbox 2870 4293 2980 4331; x_wconf 91' lang='lat' dir='ltr'>non</span> <span class='ocrx_word' id='word_1_735' title='bbox 3010 4276 3314 4339; x_wconf 88' lang='lat' dir='ltr'>credentes,</span> <span class='ocrx_word' id='word_1_736' title='bbox 3367 4273 3531 4329; x_wconf 88' lang='lat' dir='ltr'>modo</span> 
     </span>
    </p>
   </div>
   <div class='ocr_carea' id='block_1_93' title="bbox 221 4363 3533 4437">
    <p class='ocr_par' dir='ltr' id='par_1_93' title="bbox 221 4363 3533 4437">
     <span class='ocr_line' id='line_1_93' title="bbox 221 4363 3533 4437; baseline 0 -18"><span class='ocrx_word' id='word_1_737' title='bbox 221 4374 478 4436; x_wconf 88' lang='lat' dir='ltr'>respectu</span> <span class='ocrx_word' id='word_1_738' title='bbox 499 4381 606 4437; x_wconf 90' lang='lat' dir='ltr'>quo</span> <span class='ocrx_word' id='word_1_739' title='bbox 627 4367 712 4421; x_wconf 88' lang='lat' dir='ltr'>vix</span> <span class='ocrx_word' id='word_1_740' title='bbox 732 4366 896 4437; x_wconf 90' lang='lat' dir='ltr'>aliqui</span> <span class='ocrx_word' id='word_1_741' title='bbox 915 4367 983 4420; x_wconf 92' lang='lat' dir='ltr'>de</span> <span class='ocrx_word' id='word_1_742' title='bbox 1005 4366 1256 4437; x_wconf 88' lang='lat' dir='ltr'>gentibus</span> <span class='ocrx_word' id='word_1_743' title='bbox 1277 4366 1427 4436; x_wconf 90' lang='lat' dir='ltr'>prius</span> <span class='ocrx_word' id='word_1_744' title='bbox 1449 4366 1820 4420; x_wconf 88' lang='lat' dir='ltr'>salvabantur.</span> <span class='ocrx_word' id='word_1_745' title='bbox 1855 4372 1908 4431; x_wconf 88' lang='lat' dir='ltr'>D</span> <span class='ocrx_word' id='word_1_746' title='bbox 1930 4372 2209 4428; x_wconf 90' lang='lat' dir='ltr'>consecuti</span> <span class='ocrx_word' id='word_1_747' title='bbox 2232 4370 2361 4426; x_wconf 88' lang='lat' dir='ltr'>estis</span> <span class='ocrx_word' id='word_1_748' title='bbox 2383 4367 2811 4423; x_wconf 89' lang='lat' dir='ltr'>misericordiam</span> <span class='ocrx_word' id='word_1_749' title='bbox 2832 4385 2844 4431; x_wconf 92' lang='lat'>;</span> <span class='ocrx_word' id='word_1_750' title='bbox 2864 4369 2945 4421; x_wconf 88' lang='lat' dir='ltr'>ita</span> <span class='ocrx_word' id='word_1_751' title='bbox 2968 4370 3023 4421; x_wconf 89' lang='lat' dir='ltr'>et</span> <span class='ocrx_word' id='word_1_752' title='bbox 3046 4365 3147 4419; x_wconf 91' lang='lat' dir='ltr'>isti</span> <span class='ocrx_word' id='word_1_753' title='bbox 3162 4363 3355 4429; x_wconf 58' lang='lat' dir='ltr'>Judaei,</span> <span class='ocrx_word' id='word_1_754' title='bbox 3377 4379 3533 4419; x_wconf 87' lang='lat' dir='ltr'>nunc</span> 
     </span>
    </p>
   </div>
   <div class='ocr_carea' id='block_1_94' title="bbox 220 4452 1829 4527">
    <p class='ocr_par' dir='ltr' id='par_1_94' title="bbox 220 4452 1829 4527">
     <span class='ocr_line' id='line_1_94' title="bbox 220 4452 1829 4527; baseline -0.002 -18"><span class='ocrx_word' id='word_1_755' title='bbox 220 4454 433 4509; x_wconf 90' lang='lat' dir='ltr'>Dicitur</span> <span class='ocrx_word' id='word_1_756' title='bbox 461 4454 517 4507; x_wconf 91' lang='lat' dir='ltr'>in</span> <span class='ocrx_word' id='word_1_757' title='bbox 560 4462 805 4525; x_wconf 88' lang='lat' dir='ltr'>tempore</span> <span class='ocrx_word' id='word_1_758' title='bbox 850 4454 1039 4527; x_wconf 57' lang='lat' dir='ltr'>grati-ce</span> <span class='ocrx_word' id='word_1_759' title='bbox 1086 4454 1253 4509; x_wconf 84' lang='lat' dir='ltr'>fuisse</span> <span class='ocrx_word' id='word_1_760' title='bbox 1303 4454 1552 4525; x_wconf 90' lang='lat' dir='ltr'>plenaria</span> <span class='ocrx_word' id='word_1_761' title='bbox 1597 4452 1829 4508; x_wconf 87' lang='lat' dir='ltr'>salvatio</span> 
     </span>
    </p>
   </div>
   <div class='ocr_carea' id='block_1_95' title="bbox 223 4543 1829 4614">
    <p class='ocr_par' dir='ltr' id='par_1_95' title="bbox 223 4543 1829 4614">
     <span class='ocr_line' id='line_1_95' title="bbox 223 4543 1829 4614; baseline -0.001 -17"><span class='ocrx_word' id='word_1_762' title='bbox 223 4543 487 4614; x_wconf 89' lang='lat' dir='ltr'>gentium.</span> <span class='ocrx_word' id='word_1_763' title='bbox 520 4544 587 4597; x_wconf 88' lang='lat' dir='ltr'>Et</span> <span class='ocrx_word' id='word_1_764' title='bbox 615 4546 715 4607; x_wconf 88' lang='lat' dir='ltr'>sic,</span> <span class='ocrx_word' id='word_1_765' title='bbox 750 4552 1040 4614; x_wconf 84' lang='lat' dir='ltr'>postquam</span> <span class='ocrx_word' id='word_1_766' title='bbox 1072 4544 1348 4598; x_wconf 89' lang='lat' dir='ltr'>introisset</span> <span class='ocrx_word' id='word_1_767' title='bbox 1377 4543 1655 4613; x_wconf 88' lang='lat' dir='ltr'>plenitudo</span> <span class='ocrx_word' id='word_1_768' title='bbox 1686 4559 1829 4613; x_wconf 89' lang='lat' dir='ltr'>gen-</span> 
     </span>
    </p>
   </div>
   <div class='ocr_carea' id='block_1_96' title="bbox 224 4632 1831 4699">
    <p class='ocr_par' dir='ltr' id='par_1_96' title="bbox 224 4632 1831 4699">
     <span class='ocr_line' id='line_1_96' title="bbox 224 4632 1831 4699; baseline 0.001 -14"><span class='ocrx_word' id='word_1_769' title='bbox 224 4632 376 4697; x_wconf 90' lang='lat' dir='ltr'>tium,</span> <span class='ocrx_word' id='word_1_770' title='bbox 410 4633 598 4687; x_wconf 81' lang='lat' dir='ltr'>salvus</span> <span class='ocrx_word' id='word_1_771' title='bbox 631 4632 793 4699; x_wconf 83' lang='lat' dir='ltr'>ﬁeret</span> <span class='ocrx_word' id='word_1_772' title='bbox 823 4634 1007 4687; x_wconf 87' lang='lat' dir='ltr'>omnis</span> <span class='ocrx_word' id='word_1_773' title='bbox 1038 4633 1209 4687; x_wconf 86' lang='lat' dir='ltr'>Israel</span> <span class='ocrx_word' id='word_1_774' title='bbox 1242 4653 1259 4687; x_wconf 92' lang='lat'><em>:</em></span> <span class='ocrx_word' id='word_1_775' title='bbox 1292 4648 1399 4686; x_wconf 91' lang='lat' dir='ltr'>non</span> <span class='ocrx_word' id='word_1_776' title='bbox 1431 4639 1609 4687; x_wconf 90' lang='lat' dir='ltr'>tamen</span> <span class='ocrx_word' id='word_1_777' title='bbox 1640 4647 1831 4686; x_wconf 91' lang='lat' dir='ltr'>omnes</span> 
     </span>
    </p>
   </div>
   <div class='ocr_carea' id='block_1_97' title="bbox 221 4720 1824 4791">
    <p class='ocr_par' dir='ltr' id='par_1_97' title="bbox 221 4720 1824 4791">
     <span class='ocr_line' id='line_1_97' title="bbox 221 4720 1824 4791; baseline 0.001 -18"><span class='ocrx_word' id='word_1_778' title='bbox 221 4720 460 4785; x_wconf 64' lang='lat' dir='ltr'>Hebrmi,</span> <span class='ocrx_word' id='word_1_779' title='bbox 485 4721 581 4774; x_wconf 89' lang='lat' dir='ltr'>sed</span> <span class='ocrx_word' id='word_1_780' title='bbox 612 4720 920 4791; x_wconf 88' lang='lat' dir='ltr'>quicunque</span> <span class='ocrx_word' id='word_1_781' title='bbox 942 4729 1125 4775; x_wconf 89' lang='lat' dir='ltr'>essent</span> <span class='ocrx_word' id='word_1_782' title='bbox 1158 4720 1328 4775; x_wconf 88' lang='lat' dir='ltr'>Israel</span> <span class='ocrx_word' id='word_1_783' title='bbox 1353 4720 1598 4775; x_wconf 88' lang='lat' dir='ltr'>videntes</span> <span class='ocrx_word' id='word_1_784' title='bbox 1626 4721 1824 4774; x_wconf 91' lang='lat' dir='ltr'>Deum.</span> 
     </span>
    </p>
   </div>
   <div class='ocr_carea' id='block_1_98' title="bbox 226 4808 1831 4880">
    <p class='ocr_par' dir='ltr' id='par_1_98' title="bbox 226 4808 1831 4880">
     <span class='ocr_line' id='line_1_98' title="bbox 226 4808 1831 4880; baseline -0.001 -17"><span class='ocrx_word' id='word_1_785' title='bbox 226 4808 503 4863; x_wconf 87' lang='lat' dir='ltr'>Sententia</span> <span class='ocrx_word' id='word_1_786' title='bbox 552 4817 734 4863; x_wconf 90' lang='lat' dir='ltr'>tamen</span> <span class='ocrx_word' id='word_1_787' title='bbox 778 4809 1138 4880; x_wconf 88' lang='lat' dir='ltr'>quorumdam</span> <span class='ocrx_word' id='word_1_788' title='bbox 1167 4816 1248 4863; x_wconf 93' lang='lat' dir='ltr'>est</span> <span class='ocrx_word' id='word_1_789' title='bbox 1295 4824 1487 4863; x_wconf 90' lang='lat' dir='ltr'>omnes</span> <span class='ocrx_word' id='word_1_790' title='bbox 1527 4808 1746 4863; x_wconf 71' lang='lat' dir='ltr'>.Iudzeos</span> <span class='ocrx_word' id='word_1_791' title='bbox 1776 4808 1831 4861; x_wconf 93' lang='lat' dir='ltr'>in</span> 
     </span>
    </p>
   </div>
   <div class='ocr_carea' id='block_1_99' title="bbox 224 4895 1831 4969">
    <p class='ocr_par' dir='ltr' id='par_1_99' title="bbox 224 4895 1831 4969">
     <span class='ocr_line' id='line_1_99' title="bbox 224 4895 1831 4969; baseline 0 -20"><span class='ocrx_word' id='word_1_792' title='bbox 224 4895 333 4951; x_wconf 88' lang='lat' dir='ltr'>ﬁne</span> <span class='ocrx_word' id='word_1_793' title='bbox 362 4897 551 4951; x_wconf 90' lang='lat' dir='ltr'>mundi</span> <span class='ocrx_word' id='word_1_794' title='bbox 580 4897 887 4952; x_wconf 89' lang='lat' dir='ltr'>salvandos.</span> <span class='ocrx_word' id='word_1_795' title='bbox 928 4898 1129 4952; x_wconf 90' lang='lat' dir='ltr'>Probat</span> <span class='ocrx_word' id='word_1_796' title='bbox 1157 4898 1304 4969; x_wconf 91' lang='lat' dir='ltr'>quod</span> <span class='ocrx_word' id='word_1_797' title='bbox 1332 4897 1505 4951; x_wconf 80' lang='lat' dir='ltr'>Judaei</span> <span class='ocrx_word' id='word_1_798' title='bbox 1534 4913 1678 4953; x_wconf 92' lang='lat' dir='ltr'>nunc</span> <span class='ocrx_word' id='word_1_799' title='bbox 1706 4913 1831 4967; x_wconf 90' lang='lat' dir='ltr'>par-</span> 
     </span>
    </p>
   </div>
   <div class='ocr_carea' id='block_1_100' title="bbox 224 4984 1832 5057">
    <p class='ocr_par' dir='ltr' id='par_1_100' title="bbox 224 4984 1832 5057">
     <span class='ocr_line' id='line_1_100' title="bbox 224 4984 1832 5057; baseline 0.001 -20"><span class='ocrx_word' id='word_1_800' title='bbox 224 4985 321 5038; x_wconf 90' lang='lat' dir='ltr'>tim</span> <span class='ocrx_word' id='word_1_801' title='bbox 353 4984 649 5052; x_wconf 89' lang='lat' dir='ltr'>salventur,</span> <span class='ocrx_word' id='word_1_802' title='bbox 680 4994 732 5040; x_wconf 89' lang='lat' dir='ltr'>et</span> <span class='ocrx_word' id='word_1_803' title='bbox 766 4986 819 5039; x_wconf 92' lang='lat' dir='ltr'>in</span> <span class='ocrx_word' id='word_1_804' title='bbox 866 4984 972 5040; x_wconf 83' lang='lat' dir='ltr'>fine</span> <span class='ocrx_word' id='word_1_805' title='bbox 1015 4985 1260 5057; x_wconf 88' lang='lat' dir='ltr'>plenarie</span> <span class='ocrx_word' id='word_1_806' title='bbox 1301 5002 1403 5055; x_wconf 86' lang='lat' dir='ltr'>per</span> <span class='ocrx_word' id='word_1_807' title='bbox 1452 4986 1832 5041; x_wconf 87' lang='lat' dir='ltr'>auctoritatem</span> 
     </span>
    </p>
   </div>
   <div class='ocr_carea' id='block_1_101' title="bbox 224 5073 1833 5142">
    <p class='ocr_par' dir='ltr' id='par_1_101' title="bbox 224 5073 1833 5142">
     <span class='ocr_line' id='line_1_101' title="bbox 224 5073 1833 5142; baseline 0.001 -16"><span class='ocrx_word' id='word_1_808' title='bbox 224 5074 402 5137; x_wconf 70' lang='lat' dir='ltr'>Isaiae,</span> <span class='ocrx_word' id='word_1_809' title='bbox 426 5074 618 5128; x_wconf 91' lang='lat' dir='ltr'>dicens</span> <span class='ocrx_word' id='word_1_810' title='bbox 645 5092 657 5127; x_wconf 89' lang='lat'><strong>:</strong></span> <span class='ocrx_word' id='word_1_811' title='bbox 685 5074 821 5142; x_wconf 89' lang='lat' dir='ltr'>Quia</span> <span class='ocrx_word' id='word_1_812' title='bbox 852 5074 974 5129; x_wconf 90' lang='lat' dir='ltr'>dico</span> <span class='ocrx_word' id='word_1_813' title='bbox 1007 5074 1173 5129; x_wconf 86' lang='lat' dir='ltr'>Israel</span> <span class='ocrx_word' id='word_1_814' title='bbox 1195 5074 1401 5128; x_wconf 92' lang='lat' dir='ltr'>salvum</span> <span class='ocrx_word' id='word_1_815' title='bbox 1432 5073 1569 5139; x_wconf 89' lang='lat' dir='ltr'>fieri,</span> <span class='ocrx_word' id='word_1_816' title='bbox 1594 5076 1697 5129; x_wconf 89' lang='lat' dir='ltr'>hoc</span> <span class='ocrx_word' id='word_1_817' title='bbox 1722 5090 1833 5129; x_wconf 91' lang='lat' dir='ltr'>non</span> 
     </span>
    </p>
   </div>
   <div class='ocr_carea' id='block_1_102' title="bbox 224 5162 1832 5235">
    <p class='ocr_par' dir='ltr' id='par_1_102' title="bbox 224 5162 1832 5235">
     <span class='ocr_line' id='line_1_102' title="bbox 224 5162 1832 5235; baseline 0.001 -20"><span class='ocrx_word' id='word_1_818' title='bbox 224 5178 291 5216; x_wconf 88' lang='lat' dir='ltr'>ex</span> <span class='ocrx_word' id='word_1_819' title='bbox 322 5178 434 5227; x_wconf 90' lang='lat' dir='ltr'>me,</span> <span class='ocrx_word' id='word_1_820' title='bbox 472 5162 569 5217; x_wconf 92' lang='lat' dir='ltr'>sed</span> <span class='ocrx_word' id='word_1_821' title='bbox 598 5165 749 5218; x_wconf 84' lang='lat' dir='ltr'>sicut</span> <span class='ocrx_word' id='word_1_822' title='bbox 792 5165 1073 5235; x_wconf 87' lang='lat' dir='ltr'>scriptum</span> <span class='ocrx_word' id='word_1_823' title='bbox 1122 5167 1227 5228; x_wconf 92' lang='lat' dir='ltr'>est,</span> <span class='ocrx_word' id='word_1_824' title='bbox 1261 5178 1470 5217; x_wconf 90' lang='lat' dir='ltr'>assero.</span> <span class='ocrx_word' id='word_1_825' title='bbox 1504 5164 1620 5218; x_wconf 87' lang='lat' dir='ltr'>Hoc</span> <span class='ocrx_word' id='word_1_826' title='bbox 1647 5163 1832 5233; x_wconf 87' lang='lat' dir='ltr'>utique</span> 
     </span>
    </p>
   </div>
   <div class='ocr_carea' id='block_1_103' title="bbox 225 5252 1832 5321">
    <p class='ocr_par' dir='ltr' id='par_1_103' title="bbox 225 5252 1832 5321">
     <span class='ocr_line' id='line_1_103' title="bbox 225 5252 1832 5321; baseline 0.001 -17"><span class='ocrx_word' id='word_1_827' title='bbox 225 5252 490 5321; x_wconf 90' lang='lat' dir='ltr'>scriptum</span> <span class='ocrx_word' id='word_1_828' title='bbox 522 5260 605 5305; x_wconf 88' lang='lat' dir='ltr'>est</span> <span class='ocrx_word' id='word_1_829' title='bbox 631 5252 762 5316; x_wconf 83' lang='lat' dir='ltr'>(Isa.</span> <span class='ocrx_word' id='word_1_830' title='bbox 798 5266 911 5317; x_wconf 79' lang='lat' dir='ltr'>th,</span> <span class='ocrx_word' id='word_1_831' title='bbox 944 5256 1037 5321; x_wconf 80' lang='grc'>20)</span> <span class='ocrx_word' id='word_1_832' title='bbox 1073 5267 1085 5305; x_wconf 86' lang='lat'><strong>:</strong></span> <span class='ocrx_word' id='word_1_833' title='bbox 1130 5252 1317 5307; x_wconf 87' lang='lat' dir='ltr'>Veniet</span> <span class='ocrx_word' id='word_1_834' title='bbox 1363 5268 1437 5306; x_wconf 73' lang='lat' dir='ltr'>ea:</span> <span class='ocrx_word' id='word_1_835' title='bbox 1480 5252 1632 5320; x_wconf 89' lang='lat' dir='ltr'>Sion,</span> <span class='ocrx_word' id='word_1_836' title='bbox 1666 5252 1721 5305; x_wconf 92' lang='lat' dir='ltr'>id</span> <span class='ocrx_word' id='word_1_837' title='bbox 1752 5260 1832 5305; x_wconf 92' lang='lat' dir='ltr'>est</span> 
     </span>
    </p>
   </div>
   <div class='ocr_carea' id='block_1_104' title="bbox 224 5338 1837 5412">
    <p class='ocr_par' dir='ltr' id='par_1_104' title="bbox 224 5338 1837 5412">
     <span class='ocr_line' id='line_1_104' title="bbox 224 5338 1837 5412; baseline -0.001 -17"><span class='ocrx_word' id='word_1_838' title='bbox 224 5356 291 5395; x_wconf 85' lang='lat' dir='ltr'>ex</span> <span class='ocrx_word' id='word_1_839' title='bbox 313 5338 476 5395; x_wconf 81' lang='lat'><strong>66</strong></span> <span class='ocrx_word' id='word_1_840' title='bbox 498 5340 726 5395; x_wconf 73' lang='lat' dir='ltr'>Iudaico</span> <span class='ocrx_word' id='word_1_841' title='bbox 747 5340 969 5410; x_wconf 91' lang='lat' dir='ltr'>populo,</span> <span class='ocrx_word' id='word_1_842' title='bbox 1004 5342 1099 5412; x_wconf 89' lang='lat' dir='ltr'>qui</span> <span class='ocrx_word' id='word_1_843' title='bbox 1132 5341 1339 5412; x_wconf 89' lang='lat' dir='ltr'>eripiat</span> <span class='ocrx_word' id='word_1_844' title='bbox 1374 5340 1611 5411; x_wconf 91' lang='lat' dir='ltr'>quadam</span> <span class='ocrx_word' id='word_1_845' title='bbox 1632 5339 1837 5396; x_wconf 91' lang='lat' dir='ltr'>violen-</span> 
     </span>
    </p>
   </div>
   <div class='ocr_carea' id='block_1_105' title="bbox 223 5427 1835 5501">
    <p class='ocr_par' dir='ltr' id='par_1_105' title="bbox 223 5427 1835 5501">
     <span class='ocr_line' id='line_1_105' title="bbox 223 5427 1835 5501; baseline 0.001 -19"><span class='ocrx_word' id='word_1_846' title='bbox 223 5428 314 5496; x_wconf 87' lang='lat' dir='ltr'>tia,</span> <span class='ocrx_word' id='word_1_847' title='bbox 351 5437 403 5485; x_wconf 93' lang='lat' dir='ltr'>et</span> <span class='ocrx_word' id='word_1_848' title='bbox 432 5428 605 5485; x_wconf 89' lang='lat' dir='ltr'>multo</span> <span class='ocrx_word' id='word_1_849' title='bbox 652 5427 863 5497; x_wconf 86' lang='lat' dir='ltr'>labore,</span> <span class='ocrx_word' id='word_1_850' title='bbox 896 5437 953 5484; x_wconf 94' lang='lat' dir='ltr'>ut</span> <span class='ocrx_word' id='word_1_851' title='bbox 980 5429 1141 5485; x_wconf 89' lang='lat' dir='ltr'>modo</span> <span class='ocrx_word' id='word_1_852' title='bbox 1189 5427 1248 5483; x_wconf 89' lang='lat' dir='ltr'>fit</span> <span class='ocrx_word' id='word_1_853' title='bbox 1275 5428 1331 5483; x_wconf 91' lang='lat' dir='ltr'>in</span> <span class='ocrx_word' id='word_1_854' title='bbox 1372 5436 1617 5501; x_wconf 88' lang='lat' dir='ltr'>tempore</span> <span class='ocrx_word' id='word_1_855' title='bbox 1659 5444 1835 5485; x_wconf 62' lang='lat' dir='ltr'>excee-</span> 
     </span>
    </p>
   </div>
   <div class='ocr_carea' id='block_1_106' title="bbox 1930 4452 3533 4523">
    <p class='ocr_par' dir='ltr' id='par_1_106' title="bbox 1930 4452 3533 4523">
     <span class='ocr_line' id='line_1_106' title="bbox 1930 4452 3533 4523; baseline -0.007 -7"><span class='ocrx_word' id='word_1_856' title='bbox 1930 4477 2045 4516; x_wconf 85' lang='lat' dir='ltr'>non</span> <span class='ocrx_word' id='word_1_857' title='bbox 2074 4460 2460 4523; x_wconf 88' lang='lat' dir='ltr'>crediderunt,</span> <span class='ocrx_word' id='word_1_858' title='bbox 2488 4465 2680 4511; x_wconf 91' lang='lat' dir='ltr'>euntes</span> <span class='ocrx_word' id='word_1_859' title='bbox 2710 4458 2773 4511; x_wconf 87' lang='lat' dir='ltr'>in</span> <span class='ocrx_word' id='word_1_860' title='bbox 2796 4459 3040 4510; x_wconf 88' lang='lat' dir='ltr'>vestram</span> <span class='ocrx_word' id='word_1_861' title='bbox 3061 4452 3533 4518; x_wconf 81' lang='lat' dir='ltr'>misericordiam,</span> 
     </span>
    </p>
   </div>
   <div class='ocr_carea' id='block_1_107' title="bbox 1932 4540 3537 4613">
    <p class='ocr_par' dir='ltr' id='par_1_107' title="bbox 1932 4540 3537 4613">
     <span class='ocr_line' id='line_1_107' title="bbox 1932 4540 3537 4613; baseline -0.006 -10"><span class='ocrx_word' id='word_1_862' title='bbox 1932 4549 1987 4603; x_wconf 93' lang='lat' dir='ltr'>id</span> <span class='ocrx_word' id='word_1_863' title='bbox 2016 4558 2099 4603; x_wconf 88' lang='lat' dir='ltr'>est</span> <span class='ocrx_word' id='word_1_864' title='bbox 2129 4548 2375 4602; x_wconf 90' lang='lat' dir='ltr'>nolentes</span> <span class='ocrx_word' id='word_1_865' title='bbox 2416 4547 2627 4611; x_wconf 91' lang='lat' dir='ltr'>salvari,</span> <span class='ocrx_word' id='word_1_866' title='bbox 2662 4546 2800 4600; x_wconf 90' lang='lat' dir='ltr'>sicut</span> <span class='ocrx_word' id='word_1_867' title='bbox 2833 4559 2929 4598; x_wconf 89' lang='lat' dir='ltr'>vos</span> <span class='ocrx_word' id='word_1_868' title='bbox 2957 4559 3055 4613; x_wconf 88' lang='lat' dir='ltr'>per</span> <span class='ocrx_word' id='word_1_869' title='bbox 3104 4540 3537 4596; x_wconf 89' lang='lat' dir='ltr'>misericordiam</span> 
     </span>
    </p>
   </div>
   <div class='ocr_carea' id='block_1_108' title="bbox 1933 4630 3535 4706">
    <p class='ocr_par' dir='ltr' id='par_1_108' title="bbox 1933 4630 3535 4706">
     <span class='ocr_line' id='line_1_108' title="bbox 1933 4630 3535 4706; baseline -0.006 -14"><span class='ocrx_word' id='word_1_870' title='bbox 1933 4637 2050 4706; x_wconf 86' lang='lat' dir='ltr'>Dei,</span> <span class='ocrx_word' id='word_1_871' title='bbox 2085 4637 2206 4691; x_wconf 93' lang='lat' dir='ltr'>ideo</span> <span class='ocrx_word' id='word_1_872' title='bbox 2237 4652 2346 4691; x_wconf 89' lang='lat' dir='ltr'>non</span> <span class='ocrx_word' id='word_1_873' title='bbox 2394 4635 2744 4689; x_wconf 89' lang='lat' dir='ltr'>crediderunt</span> <span class='ocrx_word' id='word_1_874' title='bbox 2779 4649 2790 4686; x_wconf 91' lang='lat'><strong>:</strong></span> <span class='ocrx_word' id='word_1_875' title='bbox 2824 4637 2889 4687; x_wconf 88' lang='lat' dir='ltr'>ut</span> <span class='ocrx_word' id='word_1_876' title='bbox 2920 4630 3375 4702; x_wconf 90' lang='lat' dir='ltr'>quemadmodum</span> <span class='ocrx_word' id='word_1_877' title='bbox 3414 4644 3535 4695; x_wconf 88' lang='lat' dir='ltr'>vos,</span> 
     </span>
    </p>
   </div>
   <div class='ocr_carea' id='block_1_109' title="bbox 1934 4716 3541 4797">
    <p class='ocr_par' dir='ltr' id='par_1_109' title="bbox 1934 4716 3541 4797">
     <span class='ocr_line' id='line_1_109' title="bbox 1934 4716 3541 4797; baseline -0.006 -18"><span class='ocrx_word' id='word_1_878' title='bbox 1934 4726 2010 4781; x_wconf 92' lang='lat' dir='ltr'>sic</span> <span class='ocrx_word' id='word_1_879' title='bbox 2023 4728 2199 4781; x_wconf 88' lang='lat' dir='ltr'>etiam</span> <span class='ocrx_word' id='word_1_880' title='bbox 2219 4726 2330 4797; x_wconf 87' lang='lat' dir='ltr'>ipsi</span> <span class='ocrx_word' id='word_1_881' title='bbox 2351 4728 2773 4796; x_wconf 87' lang='lat' dir='ltr'>consequantur</span> <span class='ocrx_word' id='word_1_882' title='bbox 2793 4720 3260 4776; x_wconf 81' lang='lat' dir='ltr'>misericordiam.</span> <span class='ocrx_word' id='word_1_883' title='bbox 3281 4716 3449 4771; x_wconf 85' lang='lat' dir='ltr'>Vobis</span> <span class='ocrx_word' id='word_1_884' title='bbox 3462 4716 3541 4770; x_wconf 90' lang='lat' dir='ltr'>in-</span> 
     </span>
    </p>
   </div>
   <div class='ocr_carea' id='block_1_110' title="bbox 1933 4804 3539 4879">
    <p class='ocr_par' dir='ltr' id='par_1_110' title="bbox 1933 4804 3539 4879">
     <span class='ocr_line' id='line_1_110' title="bbox 1933 4804 3539 4879; baseline -0.007 -9"><span class='ocrx_word' id='word_1_885' title='bbox 1933 4814 2171 4870; x_wconf 90' lang='lat' dir='ltr'>credulis</span> <span class='ocrx_word' id='word_1_886' title='bbox 2214 4814 2469 4867; x_wconf 88' lang='lat' dir='ltr'>misertus</span> <span class='ocrx_word' id='word_1_887' title='bbox 2498 4820 2580 4867; x_wconf 89' lang='lat' dir='ltr'>est</span> <span class='ocrx_word' id='word_1_888' title='bbox 2610 4813 2777 4879; x_wconf 92' lang='lat' dir='ltr'>Deus,</span> <span class='ocrx_word' id='word_1_889' title='bbox 2808 4817 2867 4864; x_wconf 93' lang='lat' dir='ltr'>ut</span> <span class='ocrx_word' id='word_1_890' title='bbox 2894 4810 2998 4864; x_wconf 89' lang='lat' dir='ltr'>hoc</span> <span class='ocrx_word' id='word_1_891' title='bbox 3044 4806 3388 4862; x_wconf 90' lang='lat' dir='ltr'>solummodo</span> <span class='ocrx_word' id='word_1_892' title='bbox 3430 4804 3539 4859; x_wconf 90' lang='lat' dir='ltr'>im-</span> 
     </span>
    </p>
   </div>
   <div class='ocr_carea' id='block_1_111' title="bbox 1934 4894 3539 4974">
    <p class='ocr_par' dir='ltr' id='par_1_111' title="bbox 1934 4894 3539 4974">
     <span class='ocr_line' id='line_1_111' title="bbox 1934 4894 3539 4974; baseline -0.006 -18"><span class='ocrx_word' id='word_1_893' title='bbox 1934 4910 2214 4974; x_wconf 90' lang='lat' dir='ltr'>putaretur</span> <span class='ocrx_word' id='word_1_894' title='bbox 2242 4902 2433 4973; x_wconf 63' lang='lat' dir='ltr'>gratiaz</span> <span class='ocrx_word' id='word_1_895' title='bbox 2463 4917 2591 4965; x_wconf 63' lang='lat' dir='ltr'>sum,</span> <span class='ocrx_word' id='word_1_896' title='bbox 2630 4900 2709 4955; x_wconf 91' lang='lat' dir='ltr'>sic</span> <span class='ocrx_word' id='word_1_897' title='bbox 2740 4907 2792 4953; x_wconf 92' lang='lat' dir='ltr'>et</span> <span class='ocrx_word' id='word_1_898' title='bbox 2820 4897 3023 4952; x_wconf 59' lang='lat' dir='ltr'>Judais</span> <span class='ocrx_word' id='word_1_899' title='bbox 3066 4895 3334 4967; x_wconf 89' lang='lat' dir='ltr'>disposuit</span> <span class='ocrx_word' id='word_1_900' title='bbox 3362 4894 3417 4948; x_wconf 93' lang='lat' dir='ltr'>in</span> <span class='ocrx_word' id='word_1_901' title='bbox 3448 4894 3539 4947; x_wconf 86' lang='lat' dir='ltr'>in-</span> 
     </span>
    </p>
   </div>
   <div class='ocr_carea' id='block_1_112' title="bbox 1934 4984 3543 5057">
    <p class='ocr_par' dir='ltr' id='par_1_112' title="bbox 1934 4984 3543 5057">
     <span class='ocr_line' id='line_1_112' title="bbox 1934 4984 3543 5057; baseline -0.006 -11"><span class='ocrx_word' id='word_1_902' title='bbox 1934 4991 2249 5047; x_wconf 91' lang='lat' dir='ltr'>credulitate</span> <span class='ocrx_word' id='word_1_903' title='bbox 2279 4990 2533 5044; x_wconf 91' lang='lat' dir='ltr'>dimersis</span> <span class='ocrx_word' id='word_1_904' title='bbox 2574 4987 2842 5053; x_wconf 91' lang='lat' dir='ltr'>misereri,</span> <span class='ocrx_word' id='word_1_905' title='bbox 2876 4994 2933 5040; x_wconf 90' lang='lat' dir='ltr'>ut</span> <span class='ocrx_word' id='word_1_906' title='bbox 2963 4994 3190 5057; x_wconf 89' lang='lat' dir='ltr'>uterque</span> <span class='ocrx_word' id='word_1_907' title='bbox 3238 4984 3457 5039; x_wconf 68' lang='lat' dir='ltr'>Iudaeus</span> <span class='ocrx_word' id='word_1_908' title='bbox 3488 4990 3543 5037; x_wconf 89' lang='lat' dir='ltr'>et</span> 
     </span>
    </p>
   </div>
   <div class='ocr_carea' id='block_1_113' title="bbox 1934 5075 3539 5152">
    <p class='ocr_par' dir='ltr' id='par_1_113' title="bbox 1934 5075 3539 5152">
     <span class='ocr_line' id='line_1_113' title="bbox 1934 5075 3539 5152; baseline -0.006 -17"><span class='ocrx_word' id='word_1_909' title='bbox 1934 5080 2151 5152; x_wconf 87' lang='lat' dir='ltr'>gentilis</span> <span class='ocrx_word' id='word_1_910' title='bbox 2190 5096 2345 5150; x_wconf 57' lang='lat' dir='ltr'>aeque</span> <span class='ocrx_word' id='word_1_911' title='bbox 2394 5086 2562 5133; x_wconf 90' lang='lat' dir='ltr'>totum</span> <span class='ocrx_word' id='word_1_912' title='bbox 2608 5076 2832 5132; x_wconf 85' lang='lat' dir='ltr'>referret</span> <span class='ocrx_word' id='word_1_913' title='bbox 2878 5075 3070 5148; x_wconf 63' lang='lat' dir='ltr'>gratiae</span> <span class='ocrx_word' id='word_1_914' title='bbox 3119 5075 3237 5142; x_wconf 85' lang='lat' dir='ltr'>Dei,</span> <span class='ocrx_word' id='word_1_915' title='bbox 3273 5086 3539 5143; x_wconf 88' lang='lat' dir='ltr'>suamque</span> 
     </span>
    </p>
   </div>
   <div class='ocr_carea' id='block_1_114' title="bbox 1935 5162 3536 5239">
    <p class='ocr_par' dir='ltr' id='par_1_114' title="bbox 1935 5162 3536 5239">
     <span class='ocr_line' id='line_1_114' title="bbox 1935 5162 3536 5239; baseline -0.004 -17"><span class='ocrx_word' id='word_1_916' title='bbox 1935 5167 2362 5223; x_wconf 90' lang='lat' dir='ltr'>imbecillitatem</span> <span class='ocrx_word' id='word_1_917' title='bbox 2424 5182 2785 5239; x_wconf 89' lang='lat' dir='ltr'>cognoscens,</span> <span class='ocrx_word' id='word_1_918' title='bbox 2835 5180 2946 5219; x_wconf 92' lang='lat' dir='ltr'>non</span> <span class='ocrx_word' id='word_1_919' title='bbox 2993 5164 3319 5235; x_wconf 88' lang='lat' dir='ltr'>superbiret.</span> <span class='ocrx_word' id='word_1_920' title='bbox 3387 5162 3536 5215; x_wconf 89' lang='lat' dir='ltr'>Deus</span> 
     </span>
    </p>
   </div>
   <div class='ocr_carea' id='block_1_115' title="bbox 1936 5248 3531 5321">
    <p class='ocr_par' dir='ltr' id='par_1_115' title="bbox 1936 5248 3531 5321">
     <span class='ocr_line' id='line_1_115' title="bbox 1936 5248 3531 5321; baseline -0.007 -9"><span class='ocrx_word' id='word_1_921' title='bbox 1936 5258 2081 5313; x_wconf 92' lang='lat' dir='ltr'>enim</span> <span class='ocrx_word' id='word_1_922' title='bbox 2127 5258 2320 5311; x_wconf 90' lang='lat' dir='ltr'>videns</span> <span class='ocrx_word' id='word_1_923' title='bbox 2364 5256 2636 5311; x_wconf 90' lang='lat' dir='ltr'>diabolum</span> <span class='ocrx_word' id='word_1_924' title='bbox 2668 5264 2719 5309; x_wconf 87' lang='lat' dir='ltr'>et</span> <span class='ocrx_word' id='word_1_925' title='bbox 2750 5253 3027 5309; x_wconf 90' lang='lat' dir='ltr'>hominem</span> <span class='ocrx_word' id='word_1_926' title='bbox 3070 5261 3353 5321; x_wconf 90' lang='lat' dir='ltr'>utrumque</span> <span class='ocrx_word' id='word_1_927' title='bbox 3382 5248 3531 5303; x_wconf 90' lang='lat' dir='ltr'>ceci-</span> 
     </span>
    </p>
   </div>
   <div class='ocr_carea' id='block_1_116' title="bbox 1936 5339 3537 5417">
    <p class='ocr_par' dir='ltr' id='par_1_116' title="bbox 1936 5339 3537 5417">
     <span class='ocr_line' id='line_1_116' title="bbox 1936 5339 3537 5417; baseline -0.006 -17"><span class='ocrx_word' id='word_1_928' title='bbox 1936 5346 2083 5401; x_wconf 91' lang='lat' dir='ltr'>disse</span> <span class='ocrx_word' id='word_1_929' title='bbox 2113 5362 2213 5417; x_wconf 89' lang='lat' dir='ltr'>per</span> <span class='ocrx_word' id='word_1_930' title='bbox 2241 5345 2569 5417; x_wconf 89' lang='lat' dir='ltr'>superbiam,</span> <span class='ocrx_word' id='word_1_931' title='bbox 2602 5343 2829 5399; x_wconf 92' lang='lat' dir='ltr'>multum</span> <span class='ocrx_word' id='word_1_932' title='bbox 2868 5341 3065 5398; x_wconf 82' lang='lat' dir='ltr'>exinde</span> <span class='ocrx_word' id='word_1_933' title='bbox 3095 5339 3297 5395; x_wconf 90' lang='lat' dir='ltr'>studuit</span> <span class='ocrx_word' id='word_1_934' title='bbox 3323 5351 3537 5407; x_wconf 67' lang='lat' dir='ltr'>praeca-</span> 
     </span>
    </p>
   </div>
   <div class='ocr_carea' id='block_1_117' title="bbox 1937 5427 3536 5507">
    <p class='ocr_par' dir='ltr' id='par_1_117' title="bbox 1937 5427 3536 5507">
     <span class='ocr_line' id='line_1_117' title="bbox 1937 5427 3536 5507; baseline -0.006 -15"><span class='ocrx_word' id='word_1_935' title='bbox 1937 5452 2065 5492; x_wconf 89' lang='lat' dir='ltr'>vere</span> <span class='ocrx_word' id='word_1_936' title='bbox 2094 5436 2299 5492; x_wconf 89' lang='lat' dir='ltr'>homini</span> <span class='ocrx_word' id='word_1_937' title='bbox 2326 5452 2357 5491; x_wconf 91' lang='lat' dir='ltr'>a</span> <span class='ocrx_word' id='word_1_938' title='bbox 2387 5434 2661 5507; x_wconf 90' lang='lat' dir='ltr'>superbia,</span> <span class='ocrx_word' id='word_1_939' title='bbox 2683 5448 2855 5505; x_wconf 86' lang='lat' dir='ltr'>quare</span> <span class='ocrx_word' id='word_1_940' title='bbox 2884 5440 3175 5501; x_wconf 85' lang='lat' dir='ltr'>utrumque</span> <span class='ocrx_word' id='word_1_941' title='bbox 3203 5427 3453 5483; x_wconf 62' lang='lat' dir='ltr'>Judwum</span> <span class='ocrx_word' id='word_1_942' title='bbox 3482 5432 3536 5483; x_wconf 82' lang='lat' dir='ltr'>et</span> 
     </span>
    </p>
   </div>
  </div>
