3946 6034
429 138 496 189 99
925 136 981 191 S.
1042 135 1399 192 BRUNONIS
1460 65 2108 192 CARTHUSIANORUgl
2164 136 2654 195 INSTITUTORIS
2714 138 2864 194 OPP.
2926 139 3103 195 PARS
3166 140 3233 194 ΙΙ.

3626 140 3738 195 100

424 257 686 329 gentilem
726 258 1039 315 labefactari
1080 260 1326 331 permisit
1368 260 1423 314 in
1468 260 1919 327 incredulitatem,
1968 269 2024 316 ut
2048 264 2097 324 Α
2124 264 2353 330 δίεσαια,
2386 263 2440 318 id
2472 271 2555 318 est
2601 264 2966 330 aeternaliter;
2999 265 3197 330 Amen,
3230 263 3285 318 id
3335 271 3418 319 est
3461 263 3640 319 videte
3669 273 3731 319 ut

425 355 630 418 quanto
659 348 839 420 magis
868 348 1201 404 inﬁmitatem
1245 365 1397 404 suam
1426 358 1842 421 cognoscerent,
1877 358 2023 405 tanto

424 437 654 506 amplius
684 437 1074 493 misericordia:
1102 438 1202 492 Dei
1232 455 1353 494 sese
1385 439 1731 507 subjicerent.
1770 440 1911 494 Vere
1942 439 2023 492 in-

424 525 717 581 credulitas
772 526 1077 583 Jud'aeorum
1135 542 1298 583 causa
1355 536 1438 583 est
1491 536 1548 582 ut
1592 527 2021 583 misericordiam

425 622 845 686 consequantur.

494 723 636 777 Nam
665 723 809 778 Deus
838 725 1115 792 conclusit
1157 725 1366 789 omnia,
1400 739 1544 779 nunc
1591 723 1843 796 gentiles,
1877 738 2021 779 nunc

422 809 639 866 Judaeos
658 814 717 867 in
738 812 1163 878 incredulitate,
1180 817 1245 867 ut
1261 812 1511 867 omnibus
1530 812 1686 869 factis
1707 812 2017 878 incredulis,

423 908 727 969 opportune
738 901 1366 956 misereaturomnium.
1384 901 1440 955 Si
1453 901 1595 956 enim
1609 900 1699 954 alii
1711 901 1796 956 vel
1809 901 2020 971 utrique

418 988 477 1042 in
507 987 611 1043 ﬁde
642 989 1022 1059 perstitissent,
1049 989 1294 1060 profecto
1327 990 1471 1061 quod
1502 989 1890 1044 misericordiae
1919 990 2019 1043 Dei

421 1085 558 1146 erat,
593 1078 788 1133 merito
814 1076 938 1132 ﬁdei
970 1095 1082 1133 suae
1112 1079 1469 1134 ascriberent.
1503 1080 1571 1132 Et
1600 1094 1795 1134 causas
1823 1078 2018 1132 horum

421 1182 585 1237 quare
612 1182 755 1222 nunc
785 1166 873 1220 isti
900 1168 1312 1233 concludantur,
1348 1184 1490 1222 nunc
1518 1167 1614 1233 illi,
1649 1167 1760 1223 noli
1791 1167 2017 1221 investi-

420 1271 571 1327 gare,
593 1256 689 1310 sed
717 1255 983 1311 admirare
1013 1255 1298 1310 consilium
1329 1256 1429 1310 Dei
1455 1272 1684 1321 mecum,
1719 1256 1907 1311 dicens
1939 1271 1949 1309 :
1977 1256 2016 1310 0

418 1344 662 1398 altitudo
670 1344 1020 1414 judiciorum
1041 1347 1159 1409 Dei,
1182 1345 1378 1414 quibus
1399 1361 1540 1399 nunc
1554 1344 1727 1398 Judaei
1749 1344 2016 1414 repellun-

418 1439 520 1497 tur,
554 1448 697 1487 nunc
728 1432 961 1504 gentiles
991 1433 1321 1487 inseruntur.
1355 1434 1481 1488 Haec
1509 1433 1691 1503 utique
1705 1432 1908 1501 judicia
1938 1432 2015 1487 sic

416 1520 523 1573 alla
572 1529 712 1589 sunt,
746 1522 1201 1592 quemadmodum
1250 1521 1513 1591 sapientia
1544 1530 1596 1576 et
1624 1520 1849 1576 scientia
1892 1521 2009 1575 Dei.

2126 351 2200 406 ita
2248 351 2357 406 ﬁat.
2411 353 2629 407 Poterat
2674 353 2761 409 hic
2809 352 2994 408 ﬁnisse
3038 354 3361 424 Epistolam,
3396 352 3732 408 sufﬁcienter

2126 440 2269 494 enim
2313 448 2602 513 utrumque
2650 441 2929 512 populum,
2962 457 3031 495 ne
3079 441 3217 496 inter
3246 458 3304 496 se
3337 441 3579 497 vicissim
3624 458 3728 496 su-

2123 529 2400 599 perbirent
2428 539 2781 600 represserat,
2812 531 3116 602 multasque
3147 530 3390 585 rationes
3420 530 3545 584 inde
3575 546 3725 601 prae-

2124 617 2365 672 miserat.
2411 619 2518 673 Sed
2548 619 2675 690 quia
2721 620 2799 673 eis
2823 619 2937 688 jam
2968 635 3078 673 non
3108 619 3244 673 intra
3275 635 3334 675 se
3383 618 3726 674 contentiose

2123 706 2558 777 superbientibus
2613 708 2925 762 necessaria
2980 716 3092 762 erat
3151 708 3417 762 alternata
3464 706 3710 762 dilectio.

2122 795 2390 849 Admonet
2432 795 2575 865 ideo,
2603 812 2698 850 eos
2722 797 2833 865 jam
2863 812 2895 850 a
2925 796 3268 852 contentione
3318 796 3536 850 sedatos
3583 796 3722 849 sub-

2122 883 2324 938 servire
2357 883 2458 938 sibi
2484 884 2737 950 invicem,
2770 901 3045 955 unumque
3089 893 3412 955 supportare
3460 884 3715 947 alterum,

2120 979 2176 1026 ut
2232 989 2329 1042 per
2370 974 2677 1041 hujusmodi
2740 973 3068 1039 subservire,
3124 972 3398 1029 coalescat
3437 972 3492 1026 in
3540 973 3619 1028 eis
3669 982 3724 1028 et

2120 1060 2465 1117 convalescat
2493 1060 2765 1118 vinculum
2795 1061 3117 1117 dilectionis.

2722 1168 2944 1223 CAPUT
2973 1168 3097 1221 XII.

2192 1280 2213 1304 α
2253 1256 2497 1311 Obsecro
2528 1256 2705 1328 itaque
2750 1274 2867 1321 vos,
2902 1256 3112 1322 fratres,
3148 1274 3243 1327 per
3285 1256 3715 1313 misericordiam

2120 1369 2141 1391 «ι
2180 1345 2297 1414 Dei,
2332 1353 2387 1399 ut
2418 1346 2714 1400 exhibeatis
2761 1361 2995 1415 corpora
3026 1354 3201 1400 vestra
3254 1346 3490 1400 hostiam
3519 1347 3717 1401 viven-

2122 1455 2142 1482 α
2178 1440 2304 1499 tem,
2337 1442 2597 1499 sanctam,
2633 1435 2747 1488 Deo
2795 1433 3120 1504 placentem,
3174 1434 3495 1489 rationabile
3543 1435 3716 1489 obse—

2120 1543 2141 1572 «
2178 1522 2362 1593 quium
2391 1532 2652 1577 vestrum.
2687 1524 2753 1577 Et
2784 1522 2947 1577 nolite
2977 1521 3303 1577 conformari
3334 1523 3458 1577 huic
3489 1524 3708 1587 saeculo,

417 1608 576 1677 Quod
594 1609 665 1663 ita
681 1610 782 1664 ait:
811 1610 1208 1676 0altitudo,id
1226 1610 1662 1680 estprofunditas
1684 1611 2085 1686 divitiarum};
2119 1634 2140 1658 α
2176 1611 2272 1665 sed
2330 1610 2700 1666 reformamini
2752 1612 2805 1665 in
2864 1611 3103 1665 novitate
3165 1628 3359 1666 sensus
3410 1612 3593 1676 vestri,
3658 1620 3716 1666 ut

414 1700 733 1769 sapientice,
767 1698 820 1752 id
849 1707 927 1753 est
969 1699 1167 1754 divitiis
1217 1698 1492 1769 sapientiae
1523 1707 1575 1753 et
1604 1698 1844 1754 scientiae
1890 1699 2009 1753 Dei.

416 1786 571 1842 6'7
597 1787 869 1857 Sapientia
891 1796 942 1843 et
964 1787 1184 1843 scientia
1205 1787 1304 1843 Dei
1324 1788 1476 1843 dives
1498 1788 1694 1844 dicitur
1714 1788 2013 1843 secundum

411 1876 636 1929 multam
665 1876 895 1946 cepiam.
932 1876 1051 1932 Alta
1090 1877 1301 1943 dicitur,
1336 1878 1635 1931 secundum
1684 1876 2012 1931 inscrutabi-

412 1972 523 2019 tem
566 1964 1005 2035 profunditatem.
1066 1965 1337 2035 Sapientia
1394 1965 1495 2020 Dei
1550 1966 1746 2020 dicitur
1799 1981 1904 2036 qua
1953 1982 2012 2020 se

413 2062 645 2124 quantus
677 2061 759 2107 est
788 2053 1089 2126 cognoscit.
1126 2054 1363 2108 Scientia
1384 2070 1492 2124 qua
1522 2070 1858 2125 quaecunque
1887 2061 2011 2107 sunt

412 2150 783 2196 creaturarum
811 2142 977 2196 novit.
1012 2141 1057 2197 Ο
1089 2141 1314 2197 altitudo
1362 2142 1642 2211 sapientiae
1672 2152 1723 2197 et
1768 2141 2009 2198 scientiae

410 2230 531 2295 Dei,
564 2246 731 2302 quam
762 2231 1352 2300 incomprehensibilia
1382 2234 1519 2285 sunt
1540 2231 1761 2301 judicia
1790 2233 1930 2301 ejus,
1954 2230 2009 2283 id

410 2326 495 2373 est
558 2334 719 2373 nemo
784 2317 975 2373 sufﬁcit
1039 2319 1504 2388 comprehendere
1584 2317 2007 2389 profunditatem

402 2406 747 2475 judiciorum,
775 2423 894 2478 quae
924 2415 1216 2477 pertractat
1245 2408 1389 2477 apud
1421 2423 1498 2462 se.

477 2512 693 2567 Diceret
721 2512 919 2583 aliquis
951 2530 963 2566 :
998 2511 1247 2580 Quandiu
1278 2513 1423 2583 apud
1466 2514 1635 2567 Deum
1666 2519 2005 2583 pertractan-

406 2609 497 2655 tur
520 2600 740 2670 judicia,
768 2618 953 2655 verum
996 2610 1078 2656 est
1122 2602 1267 2673 quod
1306 2618 1414 2655 non
1461 2601 1870 2672 intelliguntur;
1908 2602 2006 2656 sed

406 2690 460 2743 in
501 2698 680 2745 actum
719 2690 968 2755 deducta,
1020 2690 1148 2744 satis
1196 2690 1750 2761 comprehenduntur.
1805 2691 2005 2744 Contra

405 2778 511 2833 hoc
538 2777 736 2832 Paulus
762 2794 773 2831 :
792 2778 991 2847 judicia
1014 2779 1133 2845 Dei,
1162 2780 1287 2833 dum
1307 2780 1449 2849 apud
1474 2780 1646 2833 Deum
1670 2786 2004 2849 pertractan-

405 2874 510 2933 tur,
537 2867 674 2922 sicut
700 2867 1090 2937 comprehendi
1108 2876 1411 2938 nequeunt;
1446 2867 1515 2920 ita
1545 2867 1708 2922 etiam
1730 2868 1830 2922 vite
1861 2868 1999 2937 ejus,

404 2954 459 3009 id
491 2963 571 3010 est
600 2956 947 3026 Operationes
972 2955 1217 3026 ipsorum
1240 2956 1569 3025 judiciorum
1618 2964 1743 3009 sunt
1771 2957 2004 3011 investi-

402 3046 630 3115 gabiles.
666 3046 857 3099 Probat
891 3061 987 3115 per
1017 3044 1231 3110 Isaiam,
1266 3045 1411 3115 quod
1454 3044 1718 3115 praemisit
1766 3044 1953 3099 dicens
1987 3062 1998 3097 :

403 3134 545 3188 Vere
576 3133 842 3203 sapientia
874 3140 925 3187 et
971 3134 1198 3188 scientia
1245 3134 1346 3188 Dei
1396 3142 1519 3188 sunt
1561 3133 1993 3205 investigabiles.

403 3222 545 3277 Nam
576 3223 699 3294 quis
730 3224 985 3293 cognovit
1032 3239 1261 3278 sensum
1302 3224 1528 3277 Domini
1562 3227 1583 3277 ?
1612 3223 1786 3276 Nemo
1818 3221 2002 3292 utique

403 3310 549 3381 quod
580 3311 727 3364 Deus
775 3311 963 3376 sensit,
1016 3326 1345 3382 cognoscere
1374 3312 1566 3381 potuit.
1600 3312 1668 3364 Et.
1699 3327 1827 3365 vere
1851 3311 2001 3379 judi-

399 3398 484 3453 cia
528 3406 581 3453 et
627 3414 797 3469 opera
844 3399 1169 3467 judiciorum
1220 3408 1342 3454 sunt
1392 3399 1814 3471 investigabilia.
1863 3401 2001 3453 Nam

400 3487 522 3559 quis
551 3490 669 3558 fuit
703 3490 1066 3544 consiliarius
1097 3490 1217 3559 ejus
1247 3490 1376 3559 (lsa.
1412 3504 1503 3555 XL,
1540 3492 1648 3557 13),
1683 3489 1832 3557 cujus
1864 3504 2000 3544 con-

400 3575 522 3630 silio
553 3576 834 3631 ordinaret
864 3578 1004 3632 sua?
1033 3577 1130 3631 Vel
1155 3594 1317 3648 quem
1347 3578 1403 3630 in
1430 3577 1657 3632 consilio
1689 3577 1999 3647 dispositio-

395 3664 481 3718 nis
530 3682 640 3719 suae
690 3666 1043 3720 admitteret?
1072 3666 1245 3720 Nemo
1276 3666 1480 3737 utique.
1514 3667 1582 3719 Et;
1613 3665 1749 3719 sicut
1794 3665 1998 3719 nemini

394 3753 605 3823 aperuit
636 3769 857 3807 sensum
906 3770 1082 3818 suum,
1119 3753 1193 3806 ita
1223 3769 1451 3823 qumque
1499 3754 1641 3808 bona
1670 3770 1736 3807 ex
1776 3753 1997 3807 miseri-

395 3841 581 3895 cordia
610 3840 814 3894 tribuit.
870 3840 1004 3909 Quis
1053 3841 1195 3895 enim
1226 3841 1376 3895 dedit
1406 3841 1525 3894 illi?
1554 3841 1727 3911 potuit
1776 3841 1996 3911 quidem

394 3928 588 4000 aliquis
618 3936 741 3998 post
768 3936 1049 3999 acceptam
1080 3929 1312 4001 gratiam
1342 3929 1395 3982 in
1428 3929 1607 4000 aliquo
1636 3930 1854 3984 mereri.
1890 3931 1995 3984 Sed

392 4018 516 4089 quis
547 4017 701 4072 dedit
730 4018 821 4072 illi
847 4018 1005 4089 prior
1034 4026 1322 4088 antequam
1354 4019 1501 4072 Deus
1532 4018 1684 4072 daret
1724 4018 1953 4089 gratiam
1979 4037 1993 4084 ;

393 4112 446 4160 et
477 4104 526 4159 ei
557 4104 635 4161 sic
666 4105 815 4160 danti
858 4121 965 4160 non
997 4106 1169 4177 gratis
1215 4106 1431 4160 dabitur
1461 4121 1493 4160 a
1523 4106 1657 4171 Deo,
1693 4107 1788 4160 sed
1818 4109 1993 4162 retri-

392 4195 597 4251 buetur
646 4194 770 4265 quia
800 4195 1144 4265 promeruit?
1174 4196 1301 4251 Haec
1347 4202 1469 4249 sunt
1516 4195 1705 4262 Isaiae;
1744 4212 1863 4266 quw
1894 4211 1990 4249 au~

390 4291 497 4337 tem
532 4290 827 4354 sequuntur
876 4284 1041 4338 verba
1084 4292 1206 4338 sunt
1255 4284 1425 4338 Pauli.
1469 4285 1608 4339 Vere
1657 4300 1818 4339 nemo
1847 4284 1994 4354 prior

2119 1722 2139 1746 «
2178 1700 2420 1769 probetis
2452 1717 2573 1770 quae
2603 1700 2669 1753 sit
2707 1700 2958 1755 voluntas
3004 1699 3104 1754 Dei
3155 1700 3314 1767 bona,
3351 1708 3401 1755 et
3443 1700 3711 1770 benepla-

2118 1810 2140 1838 ε
2179 1804 2308 1843 cens
2366 1796 2418 1843 et
2474 1788 2729 1858 perfecta.
2790 1789 2924 1843 Dico
2970 1788 3115 1842 enim
3160 1804 3261 1858 per
3316 1789 3541 1861 gratiam
3589 1806 3711 1859 qua“:

2118 1877 2301 1931 «data
2339 1885 2420 1931 est
2469 1877 2618 1942 mihi,
2653 1877 2903 1931 omnibus
2950 1877 3040 1948 qui
3089 1884 3213 1930 sunt
3260 1877 3401 1932 inter
3447 1894 3564 1943 vos,
3600 1893 3711 1932 non

2117 1989 2137 2012 (ι
2175 1965 2297 2035 plus
2342 1981 2533 2035 sapere
2580 1982 2741 2036 quam
2773 1974 2987 2035 oportet
3030 1981 3241 2035 sapere,
3276 1966 3373 2020 sed
3422 1981 3612 2037 sapere
3642 1966 3709 2019 ad

2117 2077 2137 2100 «
2175 2054 2545 2119 sobrietatem,
2580 2062 2631 2107 et
2664 2054 2949 2125 unicuique
2981 2054 3120 2109 sicut
3160 2056 3309 2108 Deus
3338 2054 3519 2109 divisit
3548 2070 3710 2109 men-

2116 2163 2138 2192 «
2176 2159 2354 2196 suram
2380 2142 2523 2197 ﬁdei.
2550 2142 2699 2198 Sicut
2720 2144 2864 2197 enim
2894 2143 2947 2196 in
2968 2159 3077 2198 uno
3100 2159 3329 2213 corpore
3346 2143 3517 2197 multa
3538 2160 3711 2198 mem-

2114 2254 2136 2278 α
2174 2232 2270 2286 bra
2316 2232 2598 2298 habemus,
2651 2232 2829 2286 omnia
2872 2240 3051 2286 autem
3098 2232 3345 2287 membra
3400 2247 3507 2286 non
3557 2249 3711 2287 eum-

2115 2341 2135 2370 «
2170 2320 2295 2374 dem
2344 2328 2519 2376 actum
2566 2320 2803 2385 habent;
2836 2320 2908 2374 ita
2954 2321 3106 2374 multi
3150 2337 3315 2374 unum
3361 2336 3560 2391 corpus
3608 2339 3709 2376 su-

2114 2430 2136 2459 α
2172 2425 2293 2462 mus
2349 2410 2404 2463 in
2462 2409 2713 2475 Christo,
2770 2409 2968 2481 singuli
3023 2417 3204 2463 autem
3281 2409 3419 2464 alter
3484 2410 3710 2464 alterius

2113 2518 2134 2547 α
2170 2497 2436 2551 membra.
2492 2498 2764 2551 Habentes
2810 2505 2987 2552 autem
3035 2498 3358 2552 donationes
3407 2498 3709 2553 secundum

2112 2608 2132 2631 «
2169 2585 2419 2657 gratiam,
2469 2602 2591 2656 quae
2636 2586 2763 2640 data
2810 2594 2892 2639 est
2933 2586 3110 2651 nobis,
3164 2584 3479 2641 differentes
3531 2604 3543 2640 :
3592 2586 3709 2641 sive

2112 2695 2134 2724 α
2169 2675 2527 2745 prophetiam,
2564 2675 2864 2729 secundum
2912 2675 3175 2729 rationem
3223 2674 3386 2741 ﬁdei;
3435 2674 3549 2730 sive
3596 2676 3707 2729 mi-

2111 2784 2133 2813 ‹‹
2169 2763 2451 2818 nisterium
2500 2763 2553 2816 in
2602 2763 2999 2830 ministrando;
3035 2763 3148 2819 sive
3178 2764 3271 2834 qui
3312 2765 3472 2820 docet
3515 2764 3570 2818 in
3599 2765 3708 2819 do-

2110 2874 2131 2902 «
2167 2852 2356 2917 ctrina,
2410 2852 2500 2923 qui
2547 2853 2882 2918 exhortatur,
2937 2853 2992 2906 in
3038 2853 3394 2918 exhortando,
3445 2853 3537 2924 qui
3601 2853 3707 2907 tri-

2110 2962 2131 2991 ι
2165 2941 2295 3007 buit,
2330 2941 2383 2994 in
2417 2940 2778 3010 simplicitate,
2833 2941 2924 3013 qui
2972 2949 3186 3012 praeest,
3230 2942 3286 2995 in
3316 2941 3702 3009 sollicitudine,

2108 3051 2129 3079 α
2166 3030 2257 3100 qui
2288 3029 2598 3095 miseretur,
2635 3029 2688 3082 in
2718 3030 3004 3084 hilaritate.
3056 3030 3305 3095 Dilectio,
3334 3031 3451 3085 sine
3483 3030 3704 3085 simula-

2108 3139 2130 3168 α
2164 3119 2321 3173 tione.
2366 3140 2387 3167 «
2425 3118 2685 3172 Odientes
2717 3119 2937 3184 malum,
2963 3119 3306 3173 adhaerentes
3340 3119 3483 3173 bono
3513 3120 3704 3187 (Amos

2107 3228 2128 3257 ι
2165 3222 2218 3271 v,
2246 3209 2355 3275 15).
2387 3227 2408 3256 »
2441 3230 2461 3254 ι.
2490 3206 2816 3261 Charitatem
2841 3207 3197 3261 fraternitatis
3219 3207 3452 3262 invicem
3472 3208 3708 3279 diligen-

2105 3316 2127 3345 α
2166 3304 2263 3359 tes,
2296 3296 2501 3350 honore
2534 3294 2765 3349 invicem
2794 3294 3193 3365 praevenientes
3213 3297 3259 3365 (I
3286 3298 3518 3361 Petr.tt,
3546 3299 3655 3365 17).
3681 3319 3701 3342 η

2106 3406 2126 3433 α
2166 3384 2535 3439 Sollicitudine
2594 3400 2703 3438 non
2769 3384 2929 3456 pigri,
2982 3384 3172 3454 spiritu
3234 3383 3525 3449 ferventes,
3584 3386 3703 3439 Do-

2105 3496 2125 3520 υ
2162 3474 2309 3528 mino
2355 3473 2693 3537 servientes;
2746 3489 2842 3542 spe
2890 3472 3208 3544 gaudentes,
3262 3473 3315 3526 in
3358 3473 3704 3529 tribulatione

2104 3582 2125 3612 «
2163 3561 2447 3631 patientes,
2500 3561 2727 3615 orationi
2776 3562 3076 3629 instantes;
3108 3561 3522 3617 necessitatibus
3570 3578 3703 3615 san-

2104 3670 2126 3700 ‹
2164 3658 2376 3704 ctorum
2427 3648 2587 3704 68
2638 3650 3149 3717 communicantes;
3199 3673 3220 3697 «
3278 3650 3703 3721 hospitalitatem

2102 3760 2123 3785 α
2161 3746 2431 3793 sectantes
2473 3739 2656 3808 (Hebr.
2690 3754 2809 3805 xui,
2846 3739 2921 3807 2).
2963 3763 2983 3787 ιι
3018 3738 3329 3794 Benedicite
3356 3755 3701 3809 persequen-

2103 3848 2124 3876 α
2160 3826 2301 3880 tibus
2332 3842 2463 3893 vos;
2496 3826 2819 3893 benedicite,
2852 3834 2905 3882 et
2951 3828 3118 3881 nolite
3148 3827 3493 3883 maledicere.
3542 3828 3701 3883 Gau-

2103 3938 2123 3961 «
2160 3915 2308 3969 derte
2356 3931 2478 3970 cum
2527 3916 2907 3986 gaudentibus,
2957 3916 3080 3971 flete
3129 3932 3249 3972 cum
3295 3917 3582 3983 ﬂentibus;
3618 3917 3701 3971 id-

2101 4024 2123 4053 α
2159 4004 2337 4074 ipsum
2394 4003 2627 4059 invicem
2687 4004 2981 4060 sentientes
3024 4023 3038 4071 ;
3088 4021 3197 4059 non
3254 4006 3355 4059 alta
3404 4005 3698 4076 sapientes,

2100 4115 2121 4139 α
2159 4093 2254 4146 sed
2286 4093 2578 4146 humilibus
2619 4094 3040 4148 consentientes.
3074 4094 3252 4148 Nolite
3296 4110 3418 4148 esse
3448 4094 3698 4164 pruden-

2100 4204 2120 4227 α
2158 4188 2240 4235 tes
2270 4182 2413 4250 apud
2444 4181 2825 4251 vosmetipsos.
2858 4183 3003 4236 Nulli
3032 4182 3237 4237 malum
3266 4198 3364 4252 pro
3395 4182 3540 4237 malo
3570 4183 3699 4237 red-

2098 4290 2120 4319 ι
2156 4269 2385 4335 dentes;
2440 4290 2462 4319 ‹‹
2516 4269 2867 4325 Providentes
2914 4270 3058 4325 bona
3103 4286 3209 4325 non
3260 4279 3463 4324 tantum
3510 4286 3699 4326 coram

390 4371 539 4426 dedit
586 4347 682 4439 illi,
715 4374 983 4444 quoniam
1032 4390 1104 4429 ex
1152 4376 1292 4445 ipso,
1327 4378 1381 4429 et
1422 4390 1526 4445 per
1574 4375 1777 4446 ipsum,
1830 4347 1887 4428 et
1929 4347 2065 4427 inD
2100 4378 2122 4406 ί
2159 4359 2310 4424 θεον
2362 4357 2460 4412 sed
2507 4358 2668 4413 etiam
2714 4375 2896 4414 00mm
2961 4359 3211 4414 omnibus
3272 4359 3580 4413 hominibus
3627 4362 3702 4428 (Π

386 4461 505 4530 ipso
527 4464 663 4515 sunt
685 4462 895 4516 omnia.
922 4462 1026 4517 Per
1041 4462 1285 4518 diversas
1307 4462 1736 4533 praepositiones,
1762 4479 1826 4516 ex
1846 4462 1986 4532 ipso,

383 4564 482 4619 per
528 4548 726 4619 ipsum,
769 4550 824 4603 in
871 4550 1012 4620 ipso,
1074 4559 1226 4606 notat
1273 4551 1673 4607 distinctionem
1720 4565 1989 4621 persona-

386 4653 508 4691 rum
539 4638 831 4693 Trinitatis.
865 4640 966 4693 Per
1010 4640 1155 4694 idem
1186 4656 1487 4709 pronomen
1540 4647 1620 4694 ter
1666 4639 1982 4711 repositum,

384 4734 534 4781 notat
576 4726 911 4782 identitatem
962 4728 1293 4798 substantiae,
1343 4728 1530 4783 dicens
1567 4744 1576 4781 :
1614 4730 1700 4783 Ere
1748 4730 1886 4800 ipso,
1932 4729 1985 4783 id

384 4822 466 4871 est
508 4831 572 4870 ex
620 4817 773 4869 Patre
822 4816 968 4886 quod
1012 4816 1339 4887 principium
1385 4833 1493 4872 non
1526 4824 1609 4871 est
1653 4817 1721 4871 ab
1752 4817 1897 4885 alio;
1930 4822 1989 4873 et

380 4919 484 4976 per
510 4905 715 4975 ipsum,
749 4904 803 4959 id
862 4913 943 4958 est
981 4921 1081 4974 per
1108 4905 1330 4975 Filium,
1385 4906 1477 4977 qui
1518 4922 1548 4959 a
1583 4907 1740 4960 Patre
1782 4906 1985 4976 princi-

380 4992 528 5063 pium
572 4993 754 5058 habet,
789 5000 841 5047 et
868 5010 969 5062 per
999 5010 1160 5065 quem
1207 4995 1364 5049 Pater
1407 4994 1532 5050 fecit
1561 4995 1779 5061 omnia;
1815 4999 1870 5050 et
1920 4998 1983 5050 in

379 5083 517 5152 ipso,
550 5080 606 5134 id
651 5089 733 5135 est
764 5081 817 5134 in
861 5082 1063 5151 Spiritu
1109 5090 1318 5148 sancto,
1352 5084 1444 5155 qui
1473 5100 1503 5136 a
1536 5085 1693 5139 Patre
1737 5084 1984 5154 procedit

380 5178 432 5224 et
478 5168 633 5236 Filio,
668 5169 758 5241 qui
799 5170 1010 5224 bonitas
1059 5172 1158 5225 Dei
1204 5171 1422 5238 dicitur,
1474 5189 1572 5243 per
1620 5189 1779 5244 quam
1820 5172 1980 5226 boni-

379 5265 546 5313 tatem
589 5258 888 5312 subsistunt
935 5267 1132 5314 creata.
1185 5260 1271 5315 Ex
1320 5262 1455 5332 ipso,
1510 5261 1751 5331 inquam,
1786 5269 1838 5314 et
1880 5277 1984 5331 per

377 5349 585 5419 ipsum,
620 5352 675 5403 et
705 5348 767 5402 in
798 5349 916 5419 ipso
946 5352 1084 5403 sunt
1115 5350 1310 5405 omnia
1341 5369 1358 5404 :
1388 5350 1499 5421 ipsi
1520 5349 1699 5421 itaque
1720 5349 1787 5404 de
1807 5349 1982 5404 omni-

375 5435 479 5490 bus
509 5436 734 5492 debetur
762 5437 943 5506 gloria
971 5444 1024 5491 et
1051 5437 1355 5507 gratiarum
1399 5438 1558 5503 actio,
1592 5454 1692 5509 pro
1730 5437 1979 5493 omnibus

376 5524 533 5580 bonis
579 5542 700 5598 qua:
728 5525 820 5581 dat
866 5524 1310 5583 misericorditer.
1343 5526 1413 5582 Et
1440 5527 1557 5581 haec
1603 5526 1777 5597 gloria
1811 5526 1879 5581 sit
1910 5528 1977 5582 in

2098 4467 2121 4497 «
2160 4447 2281 4501 Cor.
2328 4462 2446 4513 vm,
2480 4448 2594 4517 21).
2632 4468 2654 4496 ι
2693 4470 2715 4494 α
2751 4447 2806 4502 Si
2850 4446 2966 4502 ﬁeri
3012 4456 3191 4518 potest
3238 4448 3383 4519 quod
3428 4464 3492 4503 ex
3538 4448 3696 4503 vobis

2095 4556 2118 4585 ς
2158 4543 2267 4603 est,
2326 4550 2449 4589 cum
2505 4536 2758 4589 omnibus
2814 4536 3123 4591 hominibus
3180 4552 3370 4606 pacem
3427 4537 3696 4593 habentes

2094 4644 2117 4673 α
2154 4624 2336 4692 (Hebr.
2389 4639 2490 4691 xu,
2541 4625 2650 4693 14).
2690 4646 2709 4673 ι
2754 4625 2877 4679 Non
2925 4625 3289 4696 vosmetipsos
3335 4625 3695 4681 defendentes

2094 4736 2114 4759 «ι
2153 4712 2479 4777 charissimi,
2540 4713 2635 4767 sed
2692 4713 2813 4767 date
2871 4713 3049 4768 locum
3102 4714 3218 4768 irae.
3282 4714 3555 4784 Scriptum
3609 4723 3695 4769 est

2093 4822 2115 4851 α
2150 4800 2294 4855 enim
2329 4816 2341 4853 :
2379 4823 2400 4851 α
2436 4800 2563 4855 Mihi
2606 4801 2897 4856 vindictam
2945 4810 2997 4857 et
3040 4818 3145 4875 ego
3192 4803 3508 4871 retribuam,
3563 4802 3696 4859 dicit

2091 4912 2114 4939 «
2151 4888 2414 4944 Dominus
2446 4891 2631 4961 (Deut.
2662 4906 2850 4959 xxx",
2885 4895 2990 4957 35;
3024 4892 3182 4945 Hebr.
3213 4906 3272 4959 ι,
3308 4892 3418 4961 30).
3459 4915 3481 4938 ››
3519 4912 3542 4941 ι
3578 4892 3689 4947 Sed

2089 5001 2112 5026 α
2150 4977 2195 5031 si
2225 4978 2476 5033 esurierit
2516 4978 2766 5034 inimicus
2810 4987 2954 5047 tuus,
2982 4980 3105 5034 ciba
3137 4979 3320 5044 illum;
3355 4981 3399 5033 si
3421 4979 3548 5044 sitit,
3584 4996 3691 5050 po-

2090 5088 2112 5116 α
2147 5074 2279 5133 tum,
2302 5065 2374 5119 da
2406 5065 2479 5119 illi
2510 5068 2693 5135 (Prov.
2729 5082 2868 5135 xxv,
2888 5070 3000 5135 21).
3041 5088 3062 5116 »
3089 5089 3110 5118 α
3149 5070 3263 5124 Hoc
3293 5068 3434 5123 enim
3459 5068 3686 5137 faciens,

2088 5175 2111 5205 α
2147 5155 2416 5209 carbones
2448 5154 2593 5224 ignis
2624 5170 2895 5227 congeres
2937 5172 3103 5227 super
3131 5164 3292 5227 caput
3331 5157 3470 5225 ejus.
3510 5178 3531 5206 ι
3565 5157 3692 5213 Noli

2088 5266 2108 5290 α
2146 5242 2289 5300 vinci
2320 5259 2352 5298 a
2382 5243 2544 5312 malo,
2577 5244 2674 5300 sed
2701 5245 2858 5300 vince
2888 5245 2943 5299 in
2976 5245 3120 5301 bono
3150 5245 3371 5301 malum.
3411 5270 3432 5295 ι»

2723 5366 3037 5407 EXPOSITIO.

2153 5438 2357 5494 Littera
2406 5440 2483 5495 sic
2526 5440 2818 5512 jungitur:
2852 5439 3303 5512 Quandoquidem
3353 5457 3418 5496 ex
3459 5441 3595 5510 Deo,
3641 5450 3694 5497 et

2081 5544 2181 5598 per
2211 5528 2403 5599 Deum,
2429 5537 2480 5585 et
2511 5528 2566 5583 in
2588 5530 2703 5586 Deo
2722 5536 2845 5584 sunt
2867 5530 3067 5584 omnia.
3108 5530 3320 5601 Itaque,
3344 5532 3580 5601 fratres,
3607 5531 3695 5586 ob-
