3960 6036
221 191 321 243 101

814 185 1196 244 EXPOSITIO
1255 187 1330 243 IN
1382 183 1763 244 EPISTOLAS
1819 183 2042 241 PAULI.
2077 184 2250 240 -ΙΝ
2305 181 2531 239 EPIST.
2597 183 2690 239 AD
2747 183 2922 240 ROM.

3414 188 3516 242 102

222 331 400 380 secro,
436 314 492 369 id
514 321 596 370 est
616 331 715 385 per
743 315 926 369 omnia
956 330 1115 370 sacra
1165 329 1361 370 moneo
1420 330 1530 370 vos.
1586 311 1830 366 Obsecro
1859 311 1909 370 A
1934 325 2090 381 aequo
2118 309 2282 365 modo
2315 308 2556 380 sapiatis,
2590 313 2646 365 et
2668 309 2790 365 ideo
2827 310 3132 382 unicuique
3161 309 3396 366 sufﬁciat
3425 328 3520 368 sa-

224 405 413 477 utiqpe
431 420 536 475 per
564 404 1016 459 misericordiam
1038 405 1154 472 Dei,
1182 403 1233 458 id
1248 411 1328 458 est
1346 419 1444 473 per
1463 400 1826 472 apostolatum

224 492 380 556 mihi,
416 509 524 547 non
552 491 678 562 quia
725 492 1038 555 meruerim,
1100 493 1196 546 sed
1236 507 1334 562 per
1391 488 1825 544 misericordiam

226 581 506 635 traditum.
542 580 638 634 Vel
685 580 918 635 obsecro
947 597 1047 651 per
1101 579 1531 635 misericordiam
1588 577 1706 642 Dei,
1761 593 1825 631 ex

226 686 334 740 qua
365 669 549 723 omnia
580 671 722 724 bona
755 685 876 724 esse
916 669 1164 740 superius
1194 668 1440 739 probavi,
1474 672 1538 723 ut
1559 669 1825 722 exhibea-

227 760 324 822 tis,
363 757 416 812 id
448 766 528 812 est
572 766 875 828 praeparata
933 757 1162 825 faciatis,
1224 773 1331 811 non
1377 756 1549 812 solum
1596 756 1824 821 animas,

225 847 326 900 sed
359 847 520 901 etiam
553 863 786 918 corpora
819 851 1020 902 vestra.
1056 846 1378 900 Exhibeatis
1407 846 1529 900 dico
1561 846 1823 909 hostiam,

227 935 282 989 id
319 944 406 989 est
469 933 846 989 mortiticatam
907 935 1204 989 secundum
1261 934 1656 1004 depositionem
1706 949 1827 986 sor-

227 1024 403 1089 dium,
457 1032 508 1078 et
555 1025 835 1078 viventem
868 1023 1164 1078 secundum
1196 1023 1517 1094 positionem
1548 1023 1822 1076 virtutum.

225 1113 346 1168 Nec
380 1113 447 1166 ad
479 1121 693 1182 tempus
711 1111 1002 1178 viventem,
1029 1112 1124 1166 sed
1145 1117 1428 1177 sanctam,
1462 1111 1515 1164 id
1547 1119 1626 1165 est
1648 1111 1701 1165 in
1724 1111 1829 1164 vita

227 1201 492 1254 virtutum
527 1209 774 1256 sanctam
805 1209 854 1254 et
903 1201 1306 1270 perdurantem,
1359 1201 1484 1254 etin
1516 1201 1615 1255 hac
1637 1199 1747 1253 vita
1776 1207 1828 1253 et

228 1289 516 1344 sanctitate
546 1304 654 1343 non
683 1288 891 1344 lucrum
941 1289 1026 1342 vel
1069 1289 1284 1342 laudem
1338 1288 1524 1342 mundi
1584 1304 1829 1359 quaeren-

229 1385 362 1444 tem,
394 1377 490 1432 sed
522 1379 628 1433 Deo
654 1393 754 1448 per
778 1377 959 1432 omnia
984 1379 1328 1448 placentem.

303 1467 371 1520 Et
398 1483 467 1520 ne
499 1466 623 1536 quia
673 1467 835 1520 modo
886 1465 1114 1531 dixerat,
1165 1466 1413 1520 exhibete
1459 1481 1685 1535 corpora
1729 1481 1828 1520 ve-

229 1562 343 1607 stra
374 1555 622 1620 hostiam,
656 1562 873 1624 putaret
909 1553 1101 1625 aliquis
1139 1554 1490 1626 afﬂigendnm
1535 1570 1658 1608 esse
1705 1570 1829 1610 cor—

227 1660 334 1713 pus
367 1643 486 1697 sine
513 1643 695 1713 aliqua
742 1643 1112 1713 temperantia,
1162 1643 1285 1697 ideo
1317 1643 1467 1697 abdit
1494 1643 1787 1714 Apostolus
1813 1660 1826 1695 :
1849 1666 1901 1725 B

233 1733 306 1784 Ita
332 1732 458 1786 dico
491 1732 744 1796 hostiam,
778 1740 834 1784 ut
880 1733 1199 1802 obsequium
1239 1736 1488 1787 vestrum
1533 1731 1601 1785 sit
1656 1733 1831 1786 ratio-

231 1821 441 1885 nabile,
488 1820 538 1874 id
572 1829 653 1874 est
683 1829 739 1874 ut
778 1836 902 1876 cum
959 1819 1290 1876 discretione
1333 1820 1608 1889 jejunetis,
1641 1819 1834 1890 vigile-

231 1909 320 1975 tis,
357 1918 462 1965 etc.

307 1998 471 2052 Modo
529 1998 736 2054 diceret
779 1999 976 2071 aliquis
1039 2016 1051 2055 :
1103 2002 1326 2054 Paratus
1397 2015 1517 2052 sum
1575 1998 1831 2052 exhibere

231 2103 321 2140 me
349 2088 484 2154 Deo,
520 2089 758 2158 quandiu
800 2105 908 2143 non
954 2090 1240 2144 conturbat
1285 2105 1370 2142 me
1419 2087 1674 2151 mundus,
1735 2087 1832 2140 sed

234 2176 435 2229 durum
470 2186 552 2230 est
583 2176 837 2232 resistere
868 2179 1072 2233 mundo
1101 2177 1315 2249 cogenti
1346 2193 1452 2231 me.
1499 2177 1701 2230 Contra
1731 2175 1834 2230 hoc

235 2264 438 2318 Paulus
475 2279 488 2317 :
520 2265 632 2318 Vos
664 2265 851 2337 utique
889 2266 1023 2320 tales
1079 2265 1347 2328 exhibete,
1382 2269 1436 2320 et
1495 2266 1672 2319 nolite
1702 2280 1834 2319 con-

231 2355 500 2422 formari,
525 2353 577 2407 id
629 2362 711 2408 est
755 2355 1066 2409 conformes
1097 2353 1215 2409 ﬁeri
1245 2355 1376 2410 huic
1407 2355 1630 2418 saeculo,
1689 2359 1746 2406 ut
1780 2351 1832 2405 in

230 2441 417 2512 aliquo
464 2442 851 2512 obtemperetis
897 2444 1119 2507 mundo,
1168 2443 1466 2497 blandienti
1506 2458 1602 2496 seu
1645 2441 1833 2494 deter-

231 2530 380 2584 renti
427 2546 542 2585 vos.
602 2531 781 2585 Nolite
830 2531 1159 2587 conformari
1217 2531 1438 2595 sazculo,
1499 2531 1593 2585 sed
1649 2533 1833 2600 refor-

236 2620 487 2673 mamini
518 2636 616 2690 per
642 2619 989 2690 baptismum,
1032 2620 1121 2691 qui
1164 2620 1314 2690 prius
1367 2618 1655 2674 deformati
1703 2617 1835 2672 estis

234 2723 335 2778 per
366 2708 581 2778 culpam
625 2709 778 2773 Adae,
809 2709 896 2763 vel
943 2709 1327 2773 reformamini,
1361 2708 1414 2762 id
1472 2716 1553 2762 est
1596 2707 1834 2779 quotidie

236 2797 598 2858 innovamini,
633 2797 724 2868 qui
771 2813 963 2852 novam
1021 2798 1248 2852 formam
1291 2796 1567 2865 jnstiticati
1622 2796 1836 2865 accepi-

237 2886 359 2939 stis.
395 2885 783 2940 Reformamini
828 2886 968 2954 dico,
1021 2886 1354 2957 protlciendo
1401 2886 1617 2940 assidue
1648 2888 1830 2941 in'no-

233 2975 416 3029 vitate
443 2990 640 3030 sensus
697 2978 888 3039 vestri,
939 2975 991 3028 id
1025 2983 1105 3030 est
1152 2991 1366 3046 semper
1403 2974 1578 3046 magis
1624 2989 1688 3029 ac
1715 2990 1834 3027 ma-

235 3063 325 3134 gis
360 3063 500 3117 bene
547 3065 828 3133 0perando
869 3064 1221 3131 innovamini,
1285 3068 1349 3119 ut
1379 3064 1457 3119 sic
1482 3065 1748 3136 probetis,
1785 3063 1838 3116 id

236 3160 322 3206 est
344 3152 702 3221 probabiliter
754 3153 1119 3224 cognoscatis,
1167 3170 1288 3225 qua:
1316 3154 1392 3207 sit
1423 3154 1685 3208 voluntas
1717 3152 1833 3217 Dei,

231 3239 487 3295 voluntas
517 3240 638 3296 dico
665 3243 824 3306 bona,
878 3241 930 3294 id
963 3250 1045 3296 est
1086 3241 1228 3295 utilis
1259 3241 1577 3296 facientibus
1606 3256 1748 3308 eam,
1783 3243 1839 3294 et

238 3329 630 3401 beneplacens,
661 3330 745 3383 his
773 3330 1003 3400 quiactu
1049 3330 1400 3401 experiuntur
1447 3345 1589 3394 eam,
1614 3344 1716 3384 nec
1767 3328 1837 3382 ita

239 3417 296 3470 in
326 3434 436 3471 uno
467 3418 606 3472 bene
656 3419 895 3489 placens,
929 3427 986 3472 ut
1028 3419 1080 3472 in
1131 3419 1238 3474 alio
1296 3419 1600 3488 displiceat,
1652 3417 1749 3472 sed
1783 3417 1838 3470 in

241 3506 503 3560 omnibus
532 3511 805 3578 perfecta.
842 3510 1083 3579 Corpora
1114 3516 1296 3563 vestra
1321 3507 1554 3562 hostiam
1584 3506 1838 3561 exhibere

239 3597 358 3650 Deo
390 3595 521 3648 illud
553 3596 839 3660 admoneo,
874 3596 991 3651 sine
1021 3597 1204 3668 aliqua
1225 3596 1560 3652 districtione
1579 3595 1841 3650 obedien-

238 3684 350 3738 tim.
387 3686 503 3738 lloc
533 3693 710 3739 autem
740 3685 883 3756 quod
928 3685 1172 3757 sequitur
1201 3686 1321 3741 dico
1375 3702 1476 3757 per
1494 3687 1760 3757 gratiam,
1786 3683 1840 3736 id

243 3781 328 3827 est
356 3774 617 3844 praecipio
639 3773 954 3830 auctoritate
986 3774 1153 3829 nostri
1195 3775 1548 3845 apostolatus.
1569 3773 1839 3828 Conside-

238 3861 476 3915 randum
523 3870 607 3916 est
661 3878 827 3933 quare
886 3863 1140 3934 prmdicta
1188 3863 1364 3918 solum
1411 3872 1676 3928 moneat;
1719 3877 1841 3932 quas

239 3959 427 4004 autem
484 3959 787 4021 sequuntur
838 3952 984 4006 omni
1040 3952 1358 4007 auctoritate
1415 3951 1698 4006 interdicat
1732 3968 1744 4004 :
1778 3966 1841 4004 ea

239 4039 390 4093 enim
447 4057 568 4111 qua:
621 4039 974 4096 oﬁ'ensionem
1047 4049 1328 4114 generant,
1388 4040 1513 4096 licet
1555 4039 1840 4111 praelatum

242 4128 480 4182 subditis
511 4128 562 4182 vi
593 4129 917 4184 obedientize
945 4131 1288 4194 interdicere,
1315 4130 1411 4183 sed
1439 4137 1728 4200 postquam
1756 4127 1840 4182 le-

241 4234 372 4287 gem
402 4233 515 4272 non
543 4218 762 4287 violant,
795 4235 904 4273 non
934 4219 1006 4273 ita
1035 4219 1267 4292 cogendi
1319 4226 1440 4272 sunt
1467 4219 1534 4272 ad
1591 4216 1836 4281 meliora,

241 4307 589 4361 solummodo
669 4307 808 4362 bene
857 4306 1074 4373 faciant,
1130 4307 1227 4362 sed
1258 4323 1322 4362 ex
1384 4306 1672 4362 dilectione
1717 4321 1839 4360 mo-

1926 415 2074 469 pere,
2109 401 2259 454 sicut
2297 401 2436 453 Deus
2482 399 2705 454 divisim
2741 399 2892 454 dedit
2924 400 3164 471 singulis
3195 416 3524 458 mensuram

1927 488 2090 543 69
2122 488 2273 557 ﬁdei,
2309 487 2360 541 id
2390 495 2471 541 est
2499 488 2643 542 dona
2700 504 2795 542 sua
2827 497 3158 559 mensurata,
3221 491 3520 547 secundum

1927 578 2149 631 modum
2184 585 2236 631 et
2269 576 2728 647 opportunitatem
2769 575 2894 631 fidei
2925 586 3137 633 vestrae.
3164 577 3292 634 Ideo
3321 579 3525 636 Roma-

1928 681 2029 719 nos
2060 681 2092 718 a
2122 664 2398 719 nimietate
2430 665 2708 735 sapientia:
2755 666 3016 736 reprimit,
3052 667 3176 738 quia
3214 668 3314 738 ipsi
3361 685 3526 740 supra

1927 753 2148 808 modum
2179 753 2579 825 investigabant
2609 770 2802 809 causas
2829 756 3206 826 mysteriorum
3260 757 3378 813 Dei.
3412 760 3528 815 Hoc

1929 851 2107 896 autem
2140 842 2283 913 quod
2307 843 2453 896 Deus
2467 842 2666 896 nemini
2685 850 2855 897 totum
2879 859 3072 914 sapere
3089 845 3256 912 dedit,
3290 847 3386 901 sed
3427 864 3527 918 per

1929 939 2114 1001 partes
2146 931 2377 1002 singulis
2407 931 2615 996 divisit,
2649 933 2874 986 multum
2908 933 3049 988 valet
3080 934 3149 988 ad
3179 936 3302 1001 hoc,
3335 943 3392 989 ut
3421 937 3524 991 sibi

1930 1020 2293 1084 subserviant,
2319 1028 2371 1074 et
2400 1029 2457 1074 ut
2488 1021 2626 1074 alter
2653 1020 2808 1075 alteri
2836 1022 3074 1077 vicissim
3108 1039 3229 1078 sese
3277 1032 3525 1080 contem-

1928 1117 2140 1180 perent.
2176 1110 2308 1164 Cum
2340 1109 2482 1163 enim
2514 1126 2652 1163 unus
2675 1108 2906 1180 ignorat,
2937 1113 3081 1182 quod
3129 1112 3264 1168 alter
3290 1114 3449 1185 sapit,
3475 1123 3528 1171 et

1932 1214 2235 1254 econverso
2269 1215 2281 1252 :
2316 1197 2370 1251 in
2419 1198 2730 1253 diversitate
2807 1208 3154 1270 acceptarum
3224 1203 3527 1274 gratiarum

1932 1287 2200 1342 subservit
2257 1287 2394 1342 alter
2425 1286 2600 1356 alteri,
2634 1287 2702 1341 de
2734 1304 2841 1358 quo
2885 1304 3182 1360 congruam
3214 1291 3526 1347 similitudi-

1932 1393 2056 1430 nem
2087 1376 2370 1446 supposuit
2405 1393 2418 1430 :
2451 1378 2580 1448 quia
2605 1379 3072 1448 quemadmodum
3113 1379 3330 1435 diversa
3350 1398 3527 1437 mem-

1933 1465 2029 1520 bra
2050 1466 2113 1519 in
2132 1483 2242 1520 uno
2265 1481 2493 1536 corpore
2514 1465 2758 1520 diversos
2788 1483 2986 1521 sensus
3008 1467 3202 1539 [actus]
3227 1468 3492 1526 habentia
3509 1490 3527 1526 :

1933 1570 2030 1625 pes
2051 1553 2233 1608 manui
2267 1553 2558 1620 subservit,
2593 1554 2722 1608 dum
2751 1563 2932 1624 portat
2957 1572 3177 1610 manum
3200 1557 3269 1612 ad
3299 1566 3526 1630 tangen-

1934 1642 2062 1696 dum
2094 1641 2238 1713 quod
2269 1641 2414 1712 cupit
2449 1685 2460 1706 ,
2507 1657 2699 1696 manus
2739 1644 2884 1712 pedi,
2935 1645 3063 1698 dum
3095 1647 3292 1716 pedem
3350 1649 3528 1704 vestit.

1931 1733 2019 1786 Sic
2050 1734 2105 1784 et
2134 1747 2235 1784 nos
2253 1731 2472 1785 diversa
2493 1731 2740 1786 membra
2763 1748 2977 1797 sumus,
3004 1751 3181 1790 unum
3223 1753 3423 1807 corpus
3443 1739 3535 1793 Ec-

1932 1821 2119 1874 clesia:
2141 1817 2446 1872 efficientia.
2470 1819 2620 1874 Sicut
2641 1819 2784 1873 enim
2808 1821 2877 1873 ab
2895 1821 3086 1875 eadem
3109 1823 3287 1877 anima
3309 1825 3530 1880 diversa

1933 1908 2176 1961 membra
2206 1907 2258 1960 in
2291 1908 2484 1962 eodem
2517 1922 2748 1977 corpore
2779 1908 3160 1964 sensiﬁcantur
3193 1927 3205 1966 :
3239 1911 3311 1965 ita
3344 1929 3444 1968 nos
3476 1914 3531 1967 in

1933 2012 2165 2066 corpore
2192 1995 2456 2051 Ecclesiae
2486 2011 2583 2064 per
2611 1996 2861 2050 eumdem
2901 1997 3147 2067 spiritum
3178 2016 3369 2055 omnes
3397 2001 3531 2056 vivi-

1934 2085 2174 2140 ficamur.
2212 2085 2412 2138 Littera
2443 2083 2521 2138 sic
2545 2083 2791 2154 jungitur
2825 2100 2836 2138 :
2868 2085 3014 2141 Deus
3044 2087 3227 2158 utique
3257 2089 3399 2143 dona
3431 2106 3531 2144 sua

1934 2174 2150 2228 divisim
2182 2173 2348 2228 dedit.
2373 2172 2514 2226 Nam
2557 2173 2707 2227 sicut
2752 2174 2815 2227 in
2845 2191 2956 2229 uno
2987 2191 3215 2247 corpore
3266 2176 3530 2234 habemus

1934 2263 2153 2334 quidem
2173 2264 2358 2317 multa
2371 2262 2640 2327 membra,
2674 2263 2770 2316 sed
2793 2280 2907 2318 non
2935 2266 3125 2320 omnia
3164 2267 3410 2322 membra
3444 2269 3538 2323 ha-

1935 2354 2065 2407 bent
2097 2352 2356 2407 eumdem
2389 2355 2583 2406 actum
2615 2371 2631 2406 :
2659 2353 2739 2406 ita
2773 2368 2872 2406 nos
2900 2355 3071 2408 multi
3103 2371 3283 2410 unum
3331 2373 3531 2428 corpus

1935 2457 2131 2494 sumus
2150 2441 2209 2494 in
2229 2440 2406 2510 capite
2424 2440 2674 2495 Christo:
2693 2441 2789 2494 sed
2805 2443 3019 2512 singuli
3037 2459 3222 2497 sumus
3248 2447 3530 2501 membra:

1935 2530 2020 2582 ita
2051 2530 2192 2600 quod
2213 2531 2360 2584 alter
2387 2530 2648 2594 alterius,
2686 2528 2739 2582 id
2767 2537 2868 2595 est,
2894 2538 2945 2584 nt
2991 2530 3078 2587 hic
3107 2532 3296 2586 oculus
3316 2534 3534 2590 subser-

1936 2618 2042 2672 viat
2072 2617 2148 2671 illi
2177 2618 2322 2688 pedi,
2359 2625 2409 2671 et
2441 2617 2520 2672 sic
2549 2617 2601 2670 in
2639 2618 2866 2686 caneris,
2919 2636 3040 2689 quae
3069 2624 3534 2692 contemperantia

1938 2706 2352 2761 subservitionis
2404 2705 2691 2776 plurimum
2728 2716 2808 2761 est
2855 2707 3050 2763 idonea
3108 2710 3177 2764 ad
3234 2712 3532 2768 custodiam

1936 2794 2254 2849 humilitatis
2279 2803 2330 2849 et
2361 2794 2596 2848 unionis.
2633 2795 2841 2866 Singuli
2877 2813 3072 2853 sumus
3123 2798 3262 2855 alter
3309 2800 3533 2856 alterius

1937 2884 2186 2939 membra
2223 2883 2444 2955 :igitur,
2479 2883 2531 2936 id
2563 2891 2645 2937 est
2690 2893 2982 2954 propterea
3029 2887 3157 2958 quia
3217 2889 3385 2945 voluit
3433 2907 3534 2946 nos

1939 2975 2087 3027 Deus
2115 2973 2187 3028 ita
2218 2973 2457 3028 vicissim
2491 2973 2823 3044 subservire,
2855 2991 3041 3030 sumus
3074 2977 3340 3035 habentes
3361 2981 3536 3037 dona-

1942 3063 2121 3118 tiones
2143 3062 2469 3133 differentes
2490 3081 2506 3116 :
2526 3070 2582 3116 ut
2599 3061 2688 3117 hic
2707 3065 3084 3135 prophetiam,
3099 3067 3187 3122 hic
3208 3068 3532 3143 doctrinam,

1940 3160 2044 3205 etc.
2081 3150 2136 3205 Si
2186 3151 2330 3205 enim
2379 3150 2579 3223 singuli
2636 3166 2826 3206 omnes
2885 3152 3203 3210 donationes
3249 3158 3530 3228 haberent,

1938 3256 2048 3294 non
2071 3248 2215 3293 esset
2237 3240 2379 3293 unde
2411 3239 2552 3294 alter
2583 3239 2739 3294 alteri
2767 3240 3118 3312 subserviret,
3163 3245 3249 3299 vel
3279 3262 3536 3303 necessa-

1944 3328 2054 3381 rius
2075 3336 2238 3393 esset,
2274 3336 2326 3382 et
2368 3327 2445 3382 sic
2494 3328 2630 3381 alter
2676 3327 2732 3380 in
2779 3327 3012 3384 alterum
3049 3333 3376 3402 superbiret,
3424 3353 3534 3393 non

1941 3417 2132 3472 relicto
2160 3417 2303 3471 unde
2329 3433 2470 3470 unus
2501 3415 2653 3470 alteri
2677 3432 2736 3470 se
2766 3426 3222 3490 contemperaret.
3256 3425 3533 3482 [labentes

1941 3506 2062 3560 dico
2085 3506 2412 3575 di/ferentes
2433 3505 2763 3561 donationes
2791 3525 2808 3560 :
2839 3514 2889 3560 ct
2917 3507 3023 3562 hoc
3053 3511 3364 3567 secundum
3398 3531 3534 3583 gra-

1943 3596 2103 3656 tiam,
2130 3594 2184 3647 id
2206 3601 2288 3647 est
2308 3609 2406 3664 per
2437 3593 2697 3663 Spiritum
2744 3603 3008 3658 sanctum,
3042 3614 3164 3667 quw
3187 3600 3364 3670 gratia
3397 3603 3533 3659 data

1941 3688 2025 3738 est
2044 3683 2199 3738 nobis
2218 3699 2316 3752 per
2328 3681 2560 3754 gratiam
2578 3698 2687 3736 non
2706 3693 3124 3754 recompensata
3143 3703 3242 3756 per
3256 3690 3530 3745 meritum.

1940 3774 2282 3828 Donationes
2312 3771 2455 3835 dico,
2488 3779 2544 3825 ut
2573 3771 2686 3827 sive
2728 3772 3024 3827 habeamus
3061 3775 3440 3848 prophetiam,
3479 3780 3535 3835 id

1943 3869 2022 3914 est
2045 3868 2246 3916 certam
2261 3860 2327 3914 de
2347 3859 2538 3914 futuris
2555 3860 2940 3932 cognitionem,
2961 3862 3045 3918 vel
3071 3866 3434 3935 quorumlibet
3455 3885 3538 3924 se-

1943 3958 2208 4005 cretorum
2233 3949 2638 4014 revelationem,
2673 3950 2937 4006 habentes
2958 3951 3079 4006 dico
3108 3955 3447 4024 prophetiam
3485 3965 3538 4012 et

1941 4041 2046 4094 hoc
2067 4037 2376 4094 secundum
2400 4039 2679 4094 rationem
2698 4039 2849 4106 fidei.
2899 4040 3019 4094 Non
3038 4040 3360 4098 determinat
3384 4046 3539 4114 cujus

1943 4127 2091 4192 fidei,
2124 4127 2210 4182 vel
2242 4136 2443 4182 nostra:
2472 4127 2557 4182 vel
2586 4127 2911 4193 auditorum,
2946 4136 2999 4183 et
3029 4130 3099 4184 ad
3131 4138 3420 4204 utrumque
3441 4151 3537 4190 re-

1943 4215 2069 4270 ferri
2083 4224 2258 4286 potest
2273 4215 2690 4272 ita.Secundum
2710 4219 2993 4272 rationem
3013 4218 3144 4286 ﬁdei
3164 4225 3391 4289 nostrae,
3413 4223 3538 4293 quia

1943 4306 2092 4360 Deus
2122 4305 2419 4361 secundum
2451 4305 2597 4375 quod
2626 4305 2772 4360 videt
2803 4306 3133 4362 conveniens
3162 4325 3304 4378 esse,
3338 4318 3392 4365 et
3421 4327 3539 4367 mo-

242 4395 432 4448 nendi.
468 4395 524 4449 Si
553 4395 697 4449 enim
727 4395 1063 4451 districtione
1105 4395 1426 4451 obedientia:
1459 4395 1526 4451 ad
1546 4394 1843 4466 perfectio-
1864 4377 1916 4437 Ῑ)
1945 4394 2070 4448 dum
2103 4392 2231 4448 ﬁdei
2260 4401 2481 4458 nostra),
2511 4393 2597 4448 vel
2621 4393 3072 4463 revelatsecreta,
3099 4397 3187 4450 vel
3215 4399 3540 4467 prsenuntiat.

243 4498 306 4537 ra
339 4491 688 4554 cogerentur,
721 4484 896 4554 magis
926 4484 980 4537 in
1011 4486 1114 4540 hoc
1135 4485 1411 4539 damnaret
1439 4500 1533 4539 eos
1559 4484 1838 4554 preelatns,

246 4589 409 4643 quam
459 4573 756 4641 adjuvaret,
798 4588 921 4628 cum
971 4573 1015 4627 si
1061 4582 1387 4645 przeceptum
1432 4590 1539 4629 non
1580 4571 1838 4638 facerent,

245 4661 641 4715 damnarentur
677 4670 897 4732 propter
935 4661 1352 4716 inobedientiam
1387 4680 1402 4728 ς
1435 4670 1484 4716 et
1515 4662 1638 4716 ideo
1667 4661 1842 4732 potius

246 4749 614 4805 admonitione
645 4751 893 4804 trahendi
943 4759 1065 4804 sunt
1123 4752 1190 4805 ad
1227 4751 1469 4816 meliora,
1527 4766 1687 4821 quam
1743 4765 1842 4805 co-

247 4839 481 4903 actione,
517 4855 687 4910 quare
719 4839 795 4893 sic
809 4839 881 4893 ait
915 4855 926 4894 :
963 4842 1070 4894 Per
1097 4841 1341 4910 gratiam
1365 4839 1701 4910 apostolatus
1723 4855 1843 4909 quae

249 4927 384 4982 data
407 4931 495 4982 est
521 4929 682 4993 mihi,
719 4929 839 4984 dico
870 4935 922 4982 et
951 4929 1210 4998 prazcipio
1239 4929 1513 4994 omnibus,
1548 4935 1601 4982 et
1621 4929 1690 4981 ita
1719 4943 1842 4982 om—

247 5016 418 5070 nibus
449 5017 597 5087 quod
620 5016 868 5089 singulis,
891 5019 985 5089 qui
1005 5020 1312 5073 suntinter
1342 5035 1430 5074 vos
1466 5032 1477 5070 :
1503 5019 1606 5072 hoc
1637 5017 1843 5073 scilicet

244 5104 390 5169 dico,
422 5122 537 5158 non
558 5105 686 5177 plus
710 5106 970 5160 laboretis
991 5123 1184 5178 sapere
1196 5124 1363 5178 quam
1384 5111 1601 5177 oportet
1623 5122 1839 5178 sapere,

243 5192 298 5246 id
330 5201 414 5247 est
447 5209 610 5264 quam
639 5192 774 5248 fides
805 5210 939 5248 sana
972 5194 1139 5266 exigit
1169 5213 1183 5261 ;
1215 5211 1316 5250 nec
1344 5195 1500 5249 vobis
1520 5195 1733 5265 penitus
1753 5195 1841 5248 in-

242 5282 455 5338 terdico
481 5298 696 5353 sapere,
730 5283 824 5338 sed
853 5283 976 5338 volo
1006 5300 1104 5338 vos
1140 5300 1334 5355 sapere
1368 5284 1438 5338 ad
1458 5285 1838 5348 sobrietatem,

243 5371 360 5426 Nec
389 5370 588 5425 iterum
609 5387 708 5426 vos
725 5387 916 5426 omnes
943 5371 1010 5426 ad
1033 5372 1282 5427 eumdem
1305 5372 1591 5426 terminum
1624 5372 1750 5426 volo
1774 5372 1842 5426 de

241 5459 511 5531 sapientia
542 5459 810 5528 laborare,
842 5468 902 5515 ut
931 5475 1038 5516 non
1069 5461 1200 5516 satis
1222 5461 1290 5517 sit
1309 5459 1486 5529 vobis,
1518 5459 1621 5516 nisi
1652 5475 1843 5516 omnes

1944 4482 2157 4538 futura:
2211 4482 2298 4537 vel
2338 4481 2650 4538 secundum
2708 4485 2991 4539 rationem
3034 4484 3168 4553 ﬁdei
3206 4487 3534 4557 auditorum,

1945 4572 2073 4643 quia
2103 4572 2562 4643 quemadmodum
2603 4572 2751 4626 Deus
2807 4571 2952 4626 videt
2981 4571 3141 4628 ﬁdem
3173 4582 3225 4629 et
3263 4577 3538 4647 capacita-

1944 4667 2053 4714 tem
2083 4660 2437 4726 audientium,
2485 4667 2690 4714 tantum
2720 4661 2813 4715 dat
2853 4661 3324 4732 praedicatoribus,
3360 4674 3418 4719 ut
3446 4682 3542 4721 re-

1943 4748 2123 4804 velent
2145 4749 2224 4803 eis
2253 4749 2341 4804 vel
2372 4749 2707 4804 annuntient.
2755 4750 2869 4804 Nos
2891 4749 3074 4821 utique
3117 4751 3381 4807 habentes
3410 4770 3541 4824 pro-

1943 4837 2180 4907 phetiam
2211 4838 2508 4894 secundum
2542 4837 2809 4893 rationem
2859 4836 2984 4892 fidei
3019 4840 3143 4894 :vel
3190 4849 3410 4908 nostrae,
3452 4843 3542 4900 vel

1946 4925 2252 4981 auditorum
2283 4926 2451 4980 simus
2472 4928 2622 4982 alter
2650 4927 2890 4982 alterius
2908 4927 3178 4984 membra.
3207 4930 3330 4986 Sive
3369 4932 3544 4989 habe-

1944 5031 2064 5068 mus
2094 5016 2480 5070 ministerium
2523 5015 2934 5070 administrandi
2984 5015 3242 5072 fratribus
3271 5027 3542 5092 tempora-

1945 5103 2034 5172 lia,
2060 5104 2323 5158 debemus
2354 5104 2492 5158 alter
2522 5104 2741 5159 alterius
2799 5120 2921 5159 esse
2973 5105 3219 5160 membra
3266 5110 3328 5163 in
3374 5112 3546 5166 mini-

1946 5192 2200 5259 strando,
2226 5191 2362 5247 sicut
2391 5192 2549 5247 nobis
2566 5193 2830 5248 creditum
2851 5200 2951 5248 est.
2975 5194 3100 5250 Sive
3121 5194 3212 5250 ille
3239 5199 3334 5268 qui
3355 5198 3535 5265 docet,

1945 5281 2142 5337 docere
2173 5281 2320 5347 dicit,
2355 5282 2498 5353 quod
2521 5290 2573 5337 et
2603 5282 2881 5338 scientiam
2913 5282 3145 5338 docendi
3199 5293 3254 5340 et
3305 5287 3540 5355 gratiam

1946 5370 2213 5426 sermonis
2243 5370 2460 5436 habeat,
2483 5371 2593 5442 qui,
2626 5373 2871 5443 inquam,
2907 5371 3086 5438 docet,
3122 5373 3189 5426 sit
3235 5374 3541 5430 membrum

1944 5459 2169 5515 alterius
2197 5460 2261 5516 in
2277 5460 2558 5517 doctrina.
2607 5460 2705 5517 Ille
2735 5477 2868 5518 vero
2915 5463 3010 5532 qui
3053 5460 3414 5531 exhortatur,
3473 5464 3543 5518 sit
