3960 6036
416 145 517 198 103

914 146 969 201 S.
1031 144 1387 203 BRUNONIS
1444 144 2092 203 CARTHUSIANORUM
2150 146 2635 206 INSTITUTORIS
2689 150 2840 205 OPP.
2900 152 3078 209 PARS
3138 152 3205 208 II.

3607 157 3709 212 104

416 267 723 323 membrum
738 268 956 325 alterius
972 271 1035 326 in
1049 272 1423 329 exhortando.
1445 272 1657 328 Docere
1680 282 1761 328 est
1792 269 2019 343 sapienti
2041 271 2092 331 A
2119 270 2400 328 ferendum
2430 275 2735 345 passiones,
2771 293 2891 346 quae
2919 278 3055 332 adeo
3086 275 3240 333 carni
3280 285 3601 349 repugnant,
3626 286 3708 333 est

416 359 595 412 minus
626 359 908 427 scientem,
943 362 1041 415 sed
1069 362 1343 416 exhortari
1386 370 1562 432 potest
1592 369 1644 417 et
1682 363 1924 417 animare
1944 363 2012 416 ad

421 447 642 516 bonum,
690 448 871 503 minus
933 449 1115 505 sciens
1171 450 1336 523 longe
1380 468 1439 505 se
1488 451 1911 522 prudentiorem,
1956 458 2011 505 ut

421 536 646 608 quilibet
675 538 909 594 rusticus
936 548 1124 609 posset
1155 539 1375 611 quidem
1407 539 1680 596 exhortari
1711 541 1779 594 ad
1810 540 2011 595 bellum

423 624 616 681 fortem
645 627 891 695 militem,
922 628 1073 696 cujus
1103 636 1286 684 tamen
1327 628 1455 683 belli
1482 628 1730 699 peritiam
1774 629 2011 684 rusticus

420 714 717 786 ignoraret.
749 718 852 784 Qui
871 724 1050 772 autem
1075 719 1296 783 tribuit,
1318 718 1517 771 tribuat
1532 718 1595 771 in
1616 718 2006 787 simplicitate,

419 802 473 857 id
502 812 583 859 est
610 820 716 859 non
750 822 844 876 spe
874 807 1188 877 recipiendi,
1214 821 1325 860 non
1346 822 1533 859 amore
1555 814 1785 860 terrenae
1806 806 2007 868 laudis,

419 894 515 948 sed
545 911 646 965 pro
678 896 793 949 sola
817 896 1107 950 dilectione
1126 894 1377 964 proximi.
1404 894 1642 949 lllevero
1673 897 1769 964 qui
1781 900 2003 965 prwest,

417 983 599 1053 praesit
631 986 691 1038 in
723 984 1128 1047 sollicitudine,
1157 983 1209 1036 id
1240 990 1322 1037 est
1343 982 1490 1036 omni
1516 982 1792 1054 vigilantia
1822 999 2007 1038 curam

418 1072 759 1125 subditorum
780 1079 954 1141 gerat.
994 1073 1097 1138 Qui
1128 1071 1291 1125 habet
1316 1071 1461 1142 quod
1491 1079 1700 1143 eroget,
1734 1073 2008 1143 simplici-

418 1165 501 1216 ter
530 1160 747 1214 tribuat.
782 1158 885 1227 Qui
914 1176 1045 1215 vero
1076 1176 1183 1214 non
1206 1160 1367 1214 habet
1398 1161 1543 1231 quod
1580 1161 1801 1227 tribuat,
1835 1161 2005 1215 mise-

412 1258 595 1304 reatur
624 1257 801 1303 tamen
824 1248 1004 1304 animo
1028 1268 1041 1303 :
1071 1257 1123 1303 et
1141 1249 1232 1304 ille
1264 1251 1359 1321 qui
1376 1252 1699 1315 miseretur,
1726 1249 1883 1305 faciat
1905 1251 2007 1305 hoc

414 1338 477 1391 in
509 1339 822 1401 hilaritate,
857 1337 912 1391 id
930 1346 1013 1392 est
1043 1354 1151 1391 non
1170 1347 1390 1394 coactus
1411 1346 1683 1409 praecepto
1713 1337 1873 1410 legis,
1908 1338 2005 1392 sed

413 1425 632 1480 fervens
662 1426 853 1495 spiritu
877 1426 1202 1481 dilectionis.

482 1516 549 1569 Et
579 1514 707 1585 quia
727 1523 781 1568 ut
809 1515 913 1569 hoc
954 1516 1117 1569 modo
1167 1515 1268 1569 sibi
1304 1515 1534 1570 invicem
1584 1514 2000 1579 subserviendo,

2116 364 2442 419 necessaria.
2476 364 2531 419 Si
2554 380 2681 419 vero
2711 379 2821 419 non
2851 365 2988 420 adeo
3010 366 3265 437 ingruant
3298 366 3451 420 vobis
3480 366 3707 421 tribula-

2113 452 2305 517 tiones,
2340 462 2511 509 estote
2544 454 2735 509 saltem
2766 457 3252 511 communicantes
3274 455 3705 512 necessitatibus

2114 546 2465 609 sanctorum,
2490 550 2545 597 ut
2575 543 2890 616 indigentiis
2922 544 3115 598 horum
3136 544 3228 614 qui
3274 545 3571 613 patiuntur,
3604 560 3703 599 vos

2114 639 2165 684 et
2195 639 2374 685 vestra
2395 632 2703 687 communia
2747 632 2977 688 faciatis.
3009 633 3123 687 Nec
3162 632 3339 686 solum
3382 634 3703 688 communi-

2111 725 2324 786 cantes,
2358 720 2456 775 sed
2496 722 2657 775 etiam
2690 726 2969 776 sectantes
2995 720 3462 792 hospitalitatem,
3488 731 3544 775 ut
3575 737 3703 776 san-

2111 816 2228 863 ctos
2250 825 2385 879 quos
2416 809 2566 880 impii
2604 817 3020 880 persequuntur,
3064 826 3161 864 vos
3191 810 3420 864 intimidi
3470 810 3702 881 hospitio

2112 898 2453 967 recipientes,
2492 915 2673 953 curam
2697 915 2887 953 eorum
2916 899 3177 954 habeatis.
3214 899 3461 953 Patimini
3482 900 3703 970 quidem

2108 986 2431 1041 tribulantes
2460 1004 2578 1052 vos,
2602 1003 2703 1042 nec
2734 988 2837 1041 hoc
2863 987 3059 1051 solum,
3094 988 3189 1041 sed
3212 988 3369 1042 etiam
3392 988 3701 1043 benedicite

2102 1077 2569 1147 persequentibus
2591 1093 2682 1132 vos
2715 1096 2732 1131 :
2763 1092 2865 1131 nec
2897 1075 3086 1143 semel,
3120 1077 3215 1130 sed
3244 1077 3460 1131 assidue
3478 1078 3701 1131 benedi-

2106 1164 2214 1219 cite
2247 1184 2264 1219 :
2296 1180 2397 1220 nec
2428 1173 2485 1218 ut
2522 1172 2774 1235 respectu
2817 1164 3088 1234 patientiae
3119 1173 3311 1219 vestrae
3342 1165 3695 1230 benedicatis,

2106 1262 2157 1306 et
2179 1254 2609 1309 consideratione
2643 1253 2976 1309 crudelitatis
2998 1269 3185 1308 eorum
3217 1254 3572 1320 maledicatis,
3600 1254 3699 1309 sed

2104 1360 2397 1415 nunquam
2432 1344 2616 1398 velitis
2646 1343 3003 1397 maledicere.
3037 1343 3104 1396 Ut
3133 1350 3312 1397 autem
3327 1343 3544 1398 dilectio
3570 1342 3705 1397 inte-

2103 1448 2198 1502 gra
2238 1431 2324 1494 sit,
2358 1431 2570 1485 debetis
2601 1432 2952 1501 congaudere
2985 1430 3376 1499 gaudentibus,
3411 1439 3463 1485 et
3498 1432 3601 1486 hoc
3628 1432 3697 1486 de

2104 1520 2473 1589 spiritualibus
2520 1521 2675 1574 bonis
2714 1520 2857 1573 haud
2902 1518 3127 1572 dubium
3162 1527 3262 1586 est,
3298 1528 3349 1573 et
3381 1520 3448 1573 de
3480 1529 3695 1589 tempo-

412 1604 549 1658 alter
587 1603 739 1658 alteri
794 1620 853 1657 se
912 1612 1403 1673 contemperarent,
1455 1605 1585 1658 vidit
1634 1605 2000 1660 necessariam
2030 1629 2083 1689 Β
2106 1608 2313 1661 ralibus
2343 1616 2604 1678 quantum
2636 1608 2771 1663 ratio
2799 1608 3049 1664 admittit.
3100 1607 3320 1662 Debetis
3368 1610 3528 1663 etiam
3560 1610 3695 1677 ﬂere

410 1709 531 1747 esse
560 1692 950 1747 dilectionem:
1004 1692 1279 1763 subjungit
1326 1693 1393 1747 de
1439 1693 1530 1746 illa
1574 1693 1783 1757 dicens,
1844 1702 1897 1747 ut
1917 1693 2001 1747 his

413 1780 588 1835 modis
614 1780 753 1835 alter
782 1780 1001 1835 alterius
1033 1781 1339 1835 membrum
1388 1780 1501 1845 fiat,
1548 1782 1615 1835 sit
1642 1782 1697 1835 in
1726 1781 1881 1835 vobis
1911 1782 2001 1836 di-

413 1871 613 1925 lectio:
647 1877 699 1923 et
727 1870 831 1924 hoc
860 1872 981 1924 sine
1004 1871 1391 1933 simulatione,
1414 1878 1539 1925 utet
1568 1870 1701 1924 foris
1723 1887 1783 1925 se
1812 1880 1999 1925 osten-

409 1958 515 2023 dat,
549 1966 601 2013 et
631 1958 775 2012 intus
795 1958 984 2012 ardeat
1004 1958 1241 2014 dilectio.
1266 1959 1383 2013 Nec
1414 1959 1486 2012 ita
1505 1958 1762 2031 diligatis,
1787 1967 1842 2012 ut
1858 1959 2000 2013 malo

407 2046 636 2117 proximi
667 2047 1007 2113 adhaereatis,
1042 2047 1140 2101 sed
1170 2048 1419 2102 odientes
1439 2049 1656 2101 malum
1684 2047 1838 2102 '70
1860 2048 1996 2115 ejus,

408 2135 544 2189 bono
574 2151 706 2189 vero
728 2135 959 2205 proximi
982 2135 1098 2188 sitis
1120 2136 1494 2199 adhazrentes,
1520 2135 1573 2189 id
1604 2143 1684 2189 est
1706 2150 2002 2205 cooperan-

405 2231 506 2277 tes.
540 2224 657 2279 Nec
687 2222 917 2278 sufficiat
958 2224 1013 2276 in
1044 2223 1337 2292 vobisipsis
1366 2224 1563 2278 habere
1606 2224 1947 2278 dilectionem
1984 2240 1995 2277 :

409 2312 503 2365 sed
532 2311 693 2367 etiam
724 2313 1019 2383 diligentes
1037 2312 1377 2366 charitatem
1402 2314 1815 2382 fraternitatis,
1838 2312 1894 2366 id
1917 2322 1999 2367 est

407 2401 565 2455 bonae
594 2400 902 2456 dilectionis
958 2417 1080 2455 esse
1111 2401 1163 2453 in
1197 2399 1453 2454 fratribus
1483 2400 1677 2455 vestris
1712 2416 1723 2453 :
1761 2401 1997 2456 charita—

420 2498 528 2544 tem
558 2490 682 2545 dico
711 2490 954 2545 invicem
988 2490 1249 2559 habitam,
1306 2490 1454 2561 quod
1507 2490 1640 2544 alter
1663 2490 1717 2543 in
1766 2490 1998 2545 alterum

408 2587 661 2648 operetur
702 2578 1019 2633 charitatem
1053 2594 1064 2631 :
1098 2578 1184 2632 vel
1240 2578 1334 2632 ita.
1371 2578 1518 2633 Sicut
1571 2594 1669 2633 vos
1718 2579 1997 2649 proximos

404 2667 631 2739 diligere
652 2667 807 2721 volo:
841 2667 911 2721 ita
943 2667 1065 2722 volo
1096 2682 1193 2721 vos
1222 2683 1344 2721 esse
1374 2666 1664 2738 diligentes
1681 2667 1995 2723 charitatem

403 2755 776 2819 fraternitatis.
809 2763 1280 2826 recompensatam
1312 2756 1543 2811 invicem
1578 2773 1591 2809 :
1625 2757 1772 2826 quod
1803 2756 1847 2809 si
1869 2772 1997 2826 pro-

402 2844 531 2898 ximi
562 2844 747 2915 aliqua
775 2860 940 2915 opera
973 2844 1245 2899 charitatis
1273 2852 1689 2914 recompensant
1717 2844 1892 2909 vobis,
1926 2844 1995 2897 li-

405 2933 595 2988 benter
621 2933 896 3003 suscipite.
934 2933 1101 2987 Erant
1130 2933 1272 2987 enim
1304 2933 1524 3004 quidam
1555 2933 1646 3004 qui
1667 2933 1806 2988 bene
1836 2932 1995 2987 facie-

404 3021 533 3075 bant
561 3022 854 3092 proximis:
892 3022 990 3076 sed
1033 3037 1101 3075 ne
1144 3021 1637 3076 remunerationem
1676 3022 1834 3089 hujus
1873 3038 1992 3075 me-

404 3110 488 3164 riti
509 3110 815 3180 perderent,
868 3109 1123 3164 nolebant
1169 3109 1417 3179 recipere
1448 3109 1653 3180 aliquid
1701 3109 1931 3164 invicem
1960 3126 1993 3163 a

403 3198 633 3268 proximi
670 3214 681 3251 :
716 3207 767 3253 et
798 3207 853 3252 ut
887 3198 1104 3253 dilectio
1134 3206 1314 3252 vestra
1352 3198 1745 3253 incrementum
1775 3214 1993 3268 semper

401 3287 615 3352 habeat,
632 3286 746 3341 sitis
769 3288 973 3342 honore
988 3287 1667 3357 prcevenientesinvicem,
1689 3286 1744 3340 id
1756 3295 1836 3341 est
1856 3287 1992 3341 alter

404 3375 655 3441 alterum,
679 3384 735 3429 ut
775 3376 866 3446 qui
910 3374 1068 3430 citius
1115 3383 1291 3446 potest
1313 3383 1564 3445 assurgat
1591 3375 1680 3429 alii
1715 3390 1726 3428 :
1777 3375 1991 3445 ample-

395 3472 569 3519 ctatur
623 3464 927 3535 proximum
984 3464 1131 3519 omni
1188 3481 1390 3536 genere
1431 3464 1780 3519 dilectionis:
1824 3472 1991 3534 utque

399 3553 598 3608 bonum
633 3553 982 3608 fraternitatis
1024 3561 1298 3609 accressat
1354 3554 1411 3607 in
1438 3553 1614 3618 vobis,
1673 3560 1845 3607 estote
1875 3570 1990 3609 non

399 3643 549 3714 pigri
578 3643 983 3709 sollicitudine,
1016 3651 1073 3696 ut
1115 3643 1263 3697 omni
1292 3642 1572 3713 vigilantia
1618 3641 1879 3696 sollicitus
1922 3640 1990 3694 sit

398 3730 533 3784 alter
564 3730 785 3785 alterius
816 3730 1001 3784 levare
1037 3730 1439 3785 necessitatem.
1483 3731 1631 3784 Hanc
1664 3729 1989 3784 sollicitudi-

396 3833 522 3871 nem
554 3818 802 3886 superius
822 3817 1082 3886 praacepit
1127 3816 1387 3887 praelatis,
1425 3833 1589 3887 quam
1619 3817 1706 3872 hic
1734 3816 1988 3871 fratribus

396 3922 462 3960 ex
494 3905 729 3977 quadam
762 3905 988 3974 paritate
1016 3906 1377 3960 commendat.
1406 3904 1547 3973 Quia
1573 3906 1617 3959 si
1652 3921 1761 3960 non
1790 3906 1989 3959 habent

395 3994 539 4065 quod
569 3993 797 4048 sollicite
826 3993 1083 4053 tribuant.
1118 3994 1223 4047 sint
1251 4002 1430 4049 tamen
1450 3997 1735 4065 ferventes
1756 3994 1983 4065 spiritu,

395 4082 451 4136 id
480 4091 563 4136 est
592 4081 832 4137 charitas
862 4082 1051 4136 ardeat
1080 4082 1135 4135 in
1162 4082 1342 4137 animo
1364 4098 1569 4148 eorum,
1605 4082 1728 4137 licet
1758 4097 1866 4136 non
1893 4082 1989 4135 ha-

397 4172 558 4226 beant
585 4171 997 4242 possibilitatem
1022 4171 1307 4241 operandi.
1341 4172 1409 4225 Et
1444 4187 1511 4226 ne
1532 4172 1986 4242 contemplatores

396 4261 595 4315 malum
636 4268 888 4331 putarent
916 4277 946 4314 a
994 4260 1225 4315 culmine
1263 4260 1731 4331 contemplationis
1779 4260 1985 4315 conde-

2104 1713 2233 1752 cum
2275 1698 2563 1765 ﬂentibus,
2607 1697 2651 1751 si
2700 1698 3017 1767 pcenitentia
3072 1700 3265 1755 ductus
3313 1698 3573 1769 affligitur
3608 1713 3619 1750 :
3651 1696 3697 1751 si

2104 1785 2263 1839 etiam
2293 1785 2454 1839 nimis
2484 1786 2790 1840 vehementi
2820 1787 3006 1842 dolore
3037 1788 3215 1843 carnis
3244 1786 3595 1858 angustiatur,
3638 1784 3695 1838 in

2104 1890 2211 1944 quo
2244 1882 2426 1928 tamen
2458 1874 2646 1929 dolore
2677 1876 2871 1929 modus
2905 1887 2987 1929 est
3029 1877 3329 1932 habendus.
3389 1876 3457 1930 Ut
3513 1883 3693 1929 autem

2102 1979 2230 2018 vere
2257 1963 2493 2034 lugeatis
2523 1979 2645 2018 cum
2668 1964 2998 2035 lugentibus,
3020 1973 3189 2020 estote
3212 1965 3522 2020 sentientes
3544 1964 3693 2035 idip-

2102 2068 2246 2117 sum,
2266 2059 2321 2104 ut
2351 2067 2459 2105 non
2490 2059 2693 2105 tantum
2748 2052 2911 2117 vultu,
2946 2055 3043 2107 sed
3072 2054 3239 2109 corde
3270 2053 3492 2107 interius
3547 2052 3695 2107 affli-

2100 2139 2325 2211 gamini,
2352 2148 2403 2193 et
2434 2140 2535 2194 hoc
2556 2140 2789 2197 invicem
2820 2143 2907 2197 hic
2937 2143 3032 2212 illi,
3052 2143 3141 2198 ille
3163 2142 3269 2209 isti,
3303 2152 3357 2196 ut
3394 2150 3571 2197 autem
3602 2143 3694 2196 id-

2098 2230 2285 2299 ipsum.
2308 2228 2588 2295 sentiatis;
2616 2238 2788 2284 estote
2808 2247 2923 2285 non
2945 2233 3067 2286 alta
3088 2234 3390 2303 sapientes,
3412 2231 3466 2284 id
3488 2238 3568 2285 est
3585 2246 3695 2284 non

2101 2317 2506 2387 superbientes,
2559 2318 2655 2372 sed
2693 2322 3111 2375 consentientes
3161 2320 3484 2385 humilibus,
3534 2319 3589 2372 id
3611 2326 3695 2373 est

2099 2405 2245 2459 idem
2278 2406 2475 2460 sentite
2508 2422 2629 2461 cum
2680 2407 2923 2475 abiectis,
2958 2416 3010 2462 et
3039 2417 3095 2461 ut
3135 2408 3392 2463 noveritis
3449 2423 3688 2462 consen—

2099 2493 2198 2547 tire
2228 2495 2556 2559 humilibus;
2601 2497 2777 2550 nolite
2820 2513 2936 2551 esse
2977 2497 3303 2567 prudentes,
3323 2496 3377 2549 id
3407 2506 3487 2550 est
3506 2496 3690 2565 provi-

2100 2598 2254 2636 sores
2272 2599 2457 2637 eorum
2477 2600 2595 2654 qum
2617 2584 2908 2654 expediunt
2926 2585 3267 2641 solummodo
3290 2586 3437 2655 apud
3454 2589 3690 2641 vosmet-

2098 2671 2245 2740 ipsos
2277 2691 2295 2725 :
2328 2672 2426 2725 sed
2457 2673 2616 2726 etiam
2648 2674 2929 2743 providete
2962 2674 3101 2741 aliis,
3135 2688 3234 2729 vos
3263 2674 3385 2728 dico
3416 2690 3528 2729 non
3558 2673 3688 2727 red-

2097 2758 2291 2814 dentes
2319 2762 2495 2816 alicui
2523 2764 2741 2817 malum
2772 2779 2873 2832 pro
2902 2764 3071 2817 malo.
3122 2763 3438 2831 Prudentes,
3495 2761 3685 2833 inquit,

2097 2855 2287 2913 estote,
2305 2866 2419 2905 non
2446 2855 2670 2905 tantum
2683 2852 3037 2922 providentes
3054 2868 3174 2922 qute
3190 2852 3329 2906 bona
3344 2855 3478 2905 sunt
3500 2868 3689 2906 coram

2098 2937 2223 3002 Deo,
2256 2938 2351 2992 sed
2380 2940 2553 2993 etiam
2576 2956 2766 2994 coram
2796 2941 3110 2995 hominibus
3128 2941 3403 3003 omnibus,
3425 2948 3534 2993 tam
3556 2937 3689 2995 tide-

2093 3024 2237 3078 libus
2269 3042 2429 3096 quam
2483 3026 2810 3082 infidelibus.
2869 3030 2991 3083 Non
3021 3028 3165 3082 enim
3196 3028 3390 3084 sufficit
3447 3027 3690 3082 testimo-

2094 3113 2240 3166 nium
2271 3114 2618 3169 conscientia:
2646 3125 2847 3170 nostrm
2892 3117 3095 3182 solum,
3158 3118 3262 3171 nisi
3291 3126 3343 3171 et
3399 3125 3688 3171 extraneo—

2094 3219 2212 3255 rum
2243 3203 2559 3257 testimonia
2588 3205 2931 3259 conveniant.
2957 3206 3139 3273 Quare
3162 3223 3281 3277 quae
3338 3206 3514 3260 laudis
3537 3212 3681 3271 sunt,

2094 3299 2145 3345 et
2176 3292 2322 3361 apud
2354 3293 2524 3347 Deum
2558 3302 2610 3348 et
2640 3294 2780 3363 apud
2813 3295 3075 3361 homines,
3116 3311 3177 3348 ea
3224 3296 3409 3366 utique
3438 3295 3685 3367 gerenda

2092 3388 2235 3433 sunt.
2274 3382 2337 3436 Ut
2358 3389 2535 3436 autem
2568 3382 2712 3435 bona
2742 3391 2924 3436 vestra
2954 3383 3203 3437 omnibus
3236 3384 3503 3453 placeant,
3565 3383 3682 3437 sitis

2093 3468 2359 3524 habentes
2379 3487 2575 3541 pacem
2599 3487 2729 3525 cum
2755 3472 3010 3526 omnibus
3032 3473 3364 3533 hominibus.
3380 3475 3429 3527 si
3444 3474 3682 3543 ﬁeripo-

2093 3561 2223 3625 test,
2256 3566 2313 3611 ut
2345 3566 2396 3612 et
2426 3560 2529 3628 ipsi
2560 3560 2725 3613 velint
2756 3560 2954 3614 habere
2976 3576 3165 3629 pacem
3213 3561 3512 3627 vobiscum,
3537 3560 3682 3631 quod

2092 3644 2137 3697 si
2164 3646 2372 3715 nolunt,
2392 3645 2601 3716 fiatpax
2618 3648 2707 3701 illa
2727 3667 2739 3702 :
2760 3649 2993 3719 quod,id
3006 3656 3087 3704 est
3117 3654 3393 3720 quantum
3415 3667 3489 3704 ea:
3525 3649 3589 3704 '7
3611 3648 3670 3703 1

2091 3734 2236 3789 vobis
2271 3740 2374 3789 est.
2403 3736 2445 3789 ν
2450 3736 2500 3789 e1
2530 3736 2600 3789 ita
2621 3738 2817 3791 habete
2844 3753 3036 3807 pacem
3067 3754 3188 3793 cum
3216 3738 3469 3792 omnibus
3499 3736 3680 3792 siﬁeri

2088 3830 2286 3891 potest,
2318 3830 2375 3876 ut
2405 3840 2529 3878 caro
2560 3835 2738 3879 vestra
2759 3826 2947 3897 diligat
2974 3826 3280 3897 afﬂigentes
3312 3842 3390 3891 se,
3426 3826 3572 3897 quod
3604 3833 3683 3880 ta-

2088 3926 2215 3964 men
2248 3926 2312 3965 ex
2343 3912 2498 3965 vobis
2529 3922 2629 3978 est,
2663 3914 2787 3983 quia
2820 3914 2864 3967 si
2894 3915 3053 3969 vultis
3086 3932 3151 3969 ex
3197 3914 3405 3969 ratione
3452 3914 3679 3984 potestis

2090 4014 2279 4053 omnes
2310 4000 2559 4072 diligere.
2595 4000 2771 4069 Quam
2801 4018 2988 4072 pacem
3017 4011 3074 4057 ut
3104 4003 3369 4075 integram
3398 4003 3627 4057 servetis
3662 4018 3674 4057 :

2088 4104 2204 4141 non
2234 4090 2364 4143 sitis
2396 4089 2768 4159 defendentes
2796 4093 3173 4164 vosmetipsos,
3209 4092 3252 4144 si
3272 4092 3413 4146 mala
3443 4091 3679 4146 inferunt

2089 4176 2262 4241 vobis,
2288 4193 2384 4231 vos
2405 4178 2528 4233 dico
2551 4178 2597 4231 si
2617 4181 2719 4233 hoc
2740 4178 2991 4248 feceritis,
3036 4190 3161 4235 tunc
3203 4181 3546 4236 charissimi.
3570 4181 3674 4247 Ne,

2088 4263 2330 4334 inquam,
2367 4265 2665 4320 defendatis
2698 4284 2815 4332 vos,
2849 4269 2943 4323 sed
2990 4268 3366 4339 {equanimiter
3414 4269 3679 4324 sustinen-

394 4350 658 4405 scendere
687 4350 1097 4405 necessitatibus
1139 4349 1388 4420 proximi,
1422 4349 1496 4403 ait
1542 4350 1735 4404 Paulus
1761 4350 1853 4404 :In
1902 4349 1986 4403 his
2007 4339 2059 4397 D
2087 4352 2177 4415 do,
2213 4354 2342 4407 date
2375 4356 2557 4409 locum
2588 4356 2689 4410 irae
2708 4358 3175 4427 porsequentium,
3208 4366 3264 4411 ut
3291 4358 3452 4413 liceat
3484 4358 3677 4413 saevire

391 4438 644 4492 omnibus
674 4438 856 4492 sciatis
886 4454 986 4492 nos
1007 4455 1129 4493 esse
1168 4440 1477 4494 servientes
1532 4439 1784 4495 Domino.
1838 4439 1985 4491 Deus

394 4526 536 4581 enim
566 4528 670 4581 hoc
700 4542 875 4597 genus
917 4527 1192 4581 servitutis
1230 4527 1457 4581 multum
1488 4527 1681 4598 diligit.
1742 4527 1985 4596 Cumque

390 4616 467 4671 sic
498 4616 788 4688 diligentes
819 4616 873 4668 in
904 4631 1034 4670 cura
1074 4616 1305 4685 proximi
1336 4616 1667 4681 studueritis,
1699 4631 1768 4668 ne
1798 4630 1986 4684 exspe-

394 4705 549 4760 ctetis
562 4712 884 4776 prasentem
904 4704 1235 4770 mercedem,
1261 4704 1359 4759 sed
1376 4711 1548 4759 estote
1559 4704 1868 4775 gaudentes
1887 4719 1983 4774 spe

392 4792 586 4848 futurae
607 4792 1080 4847 remunerationis.

466 4881 701 4936 Ostenso
727 4882 999 4952 quomodo
1020 4897 1079 4936 se
1118 4881 1351 4936 debeant
1380 4881 1638 4936 exhibere
1668 4880 1845 4945 bonis,
1880 4880 1981 4935 de-

390 4970 645 5025 terminat
674 4970 947 5040 quomodo
977 4986 1035 5024 se
1064 4969 1300 5024 habeant
1332 4979 1524 5025 contra
1551 4970 1745 5036 malos,
1771 4969 1979 5025 dicens:

392 5060 476 5113 Ne
506 5066 683 5112 autem
731 5075 827 5128 spe
862 5058 1039 5113 futura
1086 5057 1422 5113 frustramini
1454 5075 1465 5113 :
1499 5068 1669 5115 estote
1698 5060 1981 5129 patientes

392 5149 458 5202 in
489 5147 873 5212 tribulatione,
889 5147 943 5200 id
963 5156 1047 5202 est
1064 5147 1332 5218 patienter
1358 5148 1618 5202 sustinete
1645 5162 1982 5219 quaecunque

390 5252 493 5307 pro
525 5234 739 5291 Christo
766 5251 863 5290 vos
892 5236 1003 5305 pali
1031 5236 1350 5306 Oportuerit.
1375 5237 1445 5293 Ut
1472 5245 1653 5291 autem
1682 5237 1738 5291 in
1766 5235 1982 5307 patien-

395 5324 468 5378 tia
488 5324 869 5395 perseveretis,
886 5332 1056 5380 estote
1086 5326 1372 5382 instantes
1389 5326 1669 5382 orationi:
1690 5325 1815 5397 quia
1849 5325 1895 5379 si
1928 5324 1983 5377 in

397 5414 649 5470 omnibus
678 5414 853 5471 oratio
874 5415 1159 5471 commoda
1187 5424 1287 5483 est,
1343 5416 1514 5473 multo
1542 5415 1720 5487 magis
1749 5415 1817 5470 ad
1846 5429 1983 5487 prae-

2086 4442 2361 4512 quomodo
2390 4443 2575 4497 volunt
2605 4463 2618 4509 ;
2651 4445 2737 4499 vel
2765 4444 2836 4497 ita
2865 4464 2877 4498 :
2911 4446 3166 4500 Patiendo
3214 4446 3385 4501 malos
3434 4447 3565 4501 date
3600 4449 3677 4502 lo-

2086 4547 2214 4585 cum
2237 4532 2338 4584 iraz
2366 4531 2486 4597 Dei,
2519 4533 2665 4587 Deus
2686 4534 2831 4587 enim
2850 4534 2928 4588 sic
2944 4534 3230 4604 proposuit
3260 4534 3447 4590 ulcisci
3479 4535 3547 4589 de
3577 4535 3678 4588 im-

2085 4617 2207 4687 piis,
2239 4627 2296 4672 ut
2327 4620 2396 4673 ad
2455 4620 2667 4674 libitum
2715 4638 2905 4676 eorum
2990 4632 3276 4677 exerceant
3333 4623 3675 4694 iniquitatem

2086 4722 2256 4773 suam,
2290 4716 2348 4761 ut
2394 4709 2540 4762 nulla
2584 4710 2806 4764 miseria
2853 4710 3185 4765 damnationi
3229 4727 3419 4766 eorum
3475 4713 3671 4767 deesse

2084 4804 2260 4866 queat.
2296 4796 2519 4851 Debetis
2550 4798 2680 4853 dare
2720 4799 2899 4853 locum
2957 4799 3201 4854 iraezvel
3248 4801 3371 4864 hoc,
3437 4800 3522 4855 vel
3579 4801 3672 4856 illo

2083 4883 2266 4937 modo.
2302 4886 2442 4939 Nam
2471 4887 2751 4957 scriptum
2771 4892 2853 4942 est
2874 4887 2927 4940 in
2990 4887 3278 4942 Salomone
3310 4888 3525 4943 dicente
3555 4889 3673 4944 Do-

2082 4970 2230 5025 mino
2269 4987 2280 5024 :
2319 4974 2450 5028 Mihi
2472 4982 2743 5029 reservate
2772 4976 3099 5041 vindictam,
3134 4981 3189 5031 et
3210 4993 3305 5046 ego
3357 4978 3673 5034 retribuam

2082 5058 2262 5129 impiis
2293 5062 2477 5127 (Deut.
2513 5078 2692 5131 xxxu,
2727 5066 2837 5134 33).
2873 5065 2961 5120 Sic
3007 5073 3187 5119 autem
3219 5065 3525 5121 faciendum
3565 5074 3666 5133 est,

2084 5147 2207 5217 quia
2238 5148 2352 5204 haec
2384 5149 2521 5205 dicit
2538 5154 2829 5208 Dominus.
2861 5155 2974 5208 Nec
3005 5154 3178 5208 solum
3224 5170 3332 5209 non
3363 5154 3672 5210 defendatis

2083 5251 2181 5289 vos
2210 5237 2278 5291 ab
2319 5238 2517 5309 impiis,
2554 5241 2650 5295 sed
2680 5240 2844 5296 etiam
2873 5242 3081 5313 diligite
3140 5242 3266 5297 illos
3294 5252 3345 5298 et
3374 5243 3675 5301 benefacite

2083 5322 2207 5379 illis.
2235 5326 2396 5394 Quod
2418 5329 2497 5385 sic
2516 5330 2589 5383 ait
2610 5330 2792 5398 (Prov.
2817 5347 2944 5397 xxv,
2968 5335 3030 5389 21
3066 5336 3085 5403 )
3113 5348 3124 5385 :
3154 5333 3212 5388 Si
3232 5333 3501 5389 inimicus
3535 5338 3672 5390 tuus

2083 5416 2372 5486 esurierit,
2392 5420 2514 5475 ciba
2542 5420 2727 5476 illum.
2750 5421 2809 5477 Si
2839 5421 2985 5488 sitit,
3020 5421 3091 5479 da
3119 5423 3208 5479 illi
3235 5427 3450 5492 potum.
3528 5424 3671 5479 Nam
