3960 6036
221 271 320 323 105

866 263 1246 321 EXPOSITIO
1287 264 1361 319 IN
1398 257 1781 318 EPISTOLAS
1819 254 2042 316 PAULI.
2084 292 2154 304 --
2191 263 2265 319 IN
2302 262 2519 320 EPIST.
2561 260 2656 319 AD
2694 260 2864 319 ROM.

3402 262 3504 318 106

222 395 319 448 hoc
350 394 590 463 faciens,
622 408 884 464 congeres
905 408 1072 464 super
1092 396 1282 462 caput,
1306 390 1357 444 id
1376 398 1458 445 est
1480 405 1640 459 super
1657 403 1816 441 men-
1838 384 1892 444 A
1921 404 2041 458 qua:
2070 389 2325 460 praedicta
2356 398 2497 458 sunt,
2522 389 2761 445 vicissim
2793 389 2894 443 sibi
2924 387 3363 443 debentsubditi.
3403 388 3511 443 Sed

220 490 329 536 tern
362 482 474 550 ejus
504 484 770 537 carbones
802 483 967 553 ignis,
993 481 1043 534 id
1067 489 1149 535 est
1170 481 1254 535 vel
1278 479 1546 535 fervorem
1570 476 1814 531 dilectio-

224 571 308 624 nis
361 590 372 624 :
425 571 553 642 quia
600 571 920 625 admirando
952 570 1263 641 patientiam
1312 578 1474 631 tuam,
1530 566 1716 637 diligat
1763 572 1817 619 et

224 658 465 713 imitetur
510 660 713 713 bonum
762 668 930 713 tuum.
981 659 1078 713 Vel
1127 660 1393 714 carbones
1427 658 1596 727 ignis,
1646 655 1701 709 id
1735 662 1816 708 est

218 748 446 821 ignitam
468 748 837 819 pmnitentiam
875 765 886 802 :
920 748 1248 819 quiavidens
1271 746 1627 802 constantiam
1647 752 1811 806 tuam,

219 838 478 892 ardenter
524 837 806 907 paenitebit
852 845 907 889 ut
938 836 1035 890 tibi
1066 836 1361 889 assimilari
1399 842 1701 899 mereatur;
1736 839 1816 885 ut-

218 943 323 998 que
358 943 524 997 super
553 934 788 981 mentem
827 926 1028 981 inimici
1076 924 1383 993 hujusmodi
1432 924 1698 979 carbones
1729 921 1816 975 in-

213 1031 396 1086 geras,
430 1017 556 1072 noli
584 1032 683 1085 per
712 1014 1101 1084 impatientiam
1144 1022 1287 1068 tuam
1319 1014 1471 1069 vinci
1499 1031 1534 1067 a
1565 1013 1713 1067 malo
1746 1010 1816 1063 il-

216 1104 340 1170 lius,
383 1105 478 1159 sed
516 1106 673 1159 vince
721 1106 941 1159 malum
982 1103 1187 1159 inimici
1238 1102 1545 1175 superando
1592 1101 1725 1155 illud
1756 1102 1817 1156 in

221 1194 358 1249 bono
387 1192 750 1248 indeﬁcientis
776 1193 1067 1265 patientiae.

818 1336 1042 1392 CAPUT
1078 1336 1229 1390 XIII.

295 1482 316 1504 ιι
358 1457 552 1513 Omnis
598 1458 779 1513 anima
821 1458 1179 1529 potestatibus
1229 1456 1636 1512 sublimioribus
1683 1454 1817 1509 sub-

225 1572 245 1595 u
284 1548 397 1601 dita
430 1548 516 1601 sit.
567 1548 691 1601 Non
734 1555 815 1601 est
865 1547 1006 1601 enim
1040 1555 1279 1617 potestas
1310 1546 1413 1599 nisi
1445 1562 1476 1599 a
1506 1546 1620 1599 Deo
1653 1546 1808 1615 (Sap.

225 1656 250 1689 ε
280 1652 361 1705 vr,
398 1636 473 1705 4).
509 1635 641 1704 Qum
672 1644 849 1690 autem
878 1645 1021 1703 sunt,
1058 1652 1088 1690 a
1124 1636 1237 1690 Deo
1254 1635 1518 1690 ordinatae
1540 1641 1681 1688 sunt.
1709 1634 1819 1686 Ita-

1920 479 2175 549 quiddam
2205 480 2394 547 majus,
2431 479 2652 543 scilicet,
2706 478 3095 547 subjectionem
3127 477 3325 532 debent
3354 478 3512 548 prin-

1918 568 2130 638 cipibus
2166 586 2177 622 :
2213 577 2264 623 et
2295 568 2417 623 ideo
2448 570 2631 624 omnis
2652 569 2849 622 anima
2870 567 3092 622 subdita
3112 568 3187 622 sit
3202 568 3506 639 potestati-

1919 657 2015 711 bus
2046 656 2484 723 sublimioribus,
2518 658 2573 711 id
2605 665 2687 711 est
2718 657 3016 712 secundum
3051 657 3377 711 voluntatem
3409 655 3508 711 Dei

1919 746 2239 800 sublimatis.
2273 746 2400 801 Ideo
2432 763 2529 817 per
2566 746 2823 813 animam,
2848 762 2968 817 quae
2996 761 3121 816 pars
3142 752 3223 800 est
3251 744 3503 811 hominis,

1918 841 2087 888 totum
2119 835 2391 890 hominem
2441 835 2761 907 assignavit,
2808 843 2864 889 ut
2909 834 3159 889 ostendat
3190 850 3301 889 non
3330 835 3506 889 solum

1919 938 2163 993 corpore,
2218 924 2312 978 sed
2353 932 2403 979 et
2453 925 2614 978 etiam
2678 924 2951 979 voluntate
2997 923 3343 979 serviendum
3389 940 3512 980 esse

1919 1011 2276 1082 principibus.
2305 1012 2458 1069 '72
2481 1014 2616 1068 Vere
2648 1013 2824 1066 omnis
2852 1014 3015 1067 homo
3037 1013 3199 1067 debet
3232 1012 3390 1067 subdi
3420 1029 3513 1084 po-

1922 1101 2226 1155 testatibus.
2260 1102 2399 1155 Nam
2430 1119 2543 1157 non
2574 1106 2657 1157 est
2702 1102 2884 1172 aliqua
2926 1105 3195 1173 potestas,
3231 1102 3376 1157 bona
3415 1118 3511 1157 seu

1920 1190 2082 1257 mala,
2116 1191 2229 1246 nisi
2257 1208 2291 1245 a
2321 1192 2447 1258 Deo,
2480 1206 2581 1246 nec
2611 1191 2690 1246 sic
2721 1207 2753 1246 a
2783 1192 2916 1259 Deo,
2951 1199 3007 1244 ut
3037 1191 3142 1246 hoc
3170 1191 3361 1245 nolens
3392 1209 3515 1263 per-

1919 1279 2093 1333 mittat
2130 1294 2141 1332 :
2176 1279 2303 1351 quia
2331 1296 2671 1351 quaecunque
2702 1284 2857 1345 sunt,
2888 1297 2921 1334 a
2944 1282 3048 1335 Deo
3064 1280 3329 1335 ordinata
3350 1286 3507 1347 sunt,

1920 1365 1974 1420 id
2007 1376 2088 1422 est
2118 1368 2492 1423 ordinabiliter
2522 1368 2801 1439 disposita,
2827 1385 2933 1424 non
2951 1368 3172 1424 fortuito
3194 1385 3325 1425 casu
3347 1386 3512 1425 ruen-

1920 1455 2009 1509 tia.
2046 1455 2499 1527 Quandoquidem
2531 1464 2581 1511 et
2610 1464 2852 1527 potestas
2883 1466 2932 1512 et
2963 1457 3146 1513 omnia
3175 1474 3206 1512 a
3235 1460 3350 1513 Deo
3390 1467 3515 1514 sunt

1920 1544 2180 1609 ordinata,
2206 1546 2396 1617 itaque
2408 1548 2504 1618 qui
2518 1548 2735 1601 resistit
2748 1549 3038 1619 potestati,
3060 1548 3275 1603 resistit
3292 1547 3515 1604 ordina»

1925 1634 2069 1688 tioni
2096 1635 2215 1699 Dei,
2250 1634 2305 1688 id
2330 1642 2411 1688 est
2440 1635 2555 1689 Deo
2576 1643 2895 1705 potestatem
2918 1637 3056 1691 hanc
3082 1636 3374 1691 ordinanti.
3398 1638 3514 1693 Nec

226 1749 246 1770 u
284 1741 393 1795 que
427 1725 516 1795 qui
547 1724 748 1778 resistit
793 1725 1062 1795 potestati,
1096 1724 1195 1779 Dei
1224 1723 1551 1779 ordinationi
1580 1721 1808 1777 resistit.
1840 1740 1893 1801 B
1924 1721 2001 1776 sic
2031 1723 2285 1777 resistere
2316 1722 2436 1778 leve
2467 1724 2685 1794 putetis,
2719 1724 2846 1795 quia
2877 1727 2971 1796 qui
2993 1725 3069 1780 sic
3086 1727 3387 1787 resistunt.
3415 1742 3515 1796 per

225 1836 246 1861 ιε
288 1812 397 1881 Qui
428 1820 608 1867 autem
656 1813 933 1879 resistunt,
985 1812 1086 1883 ipsi
1138 1812 1240 1866 sibi
1280 1812 1684 1867 damnationem
1722 1826 1819 1865 ac-

228 1923 248 1950 ε
286 1900 529 1972 quirunt.
562 1903 700 1956 Nam
730 1902 1007 1973 principes
1039 1917 1146 1956 non
1176 1910 1300 1956 sunt
1331 1901 1509 1956 timori
1540 1901 1666 1956 boni
1697 1916 1821 1971 Ope-

227 2013 247 2035 α
286 1991 381 2059 ris,
415 1990 515 2045 sed
552 1991 704 2045 mali.
744 1992 837 2045 Vis
874 1999 1054 2045 autem
1085 2007 1192 2045 non
1223 1990 1418 2045 timere
1449 1998 1772 2061 potestatem
1794 1988 1821 2042 ?

225 2102 246 2130 ι
284 2081 496 2134 Bonum
547 2078 648 2147 fac,
683 2088 733 2134 et
780 2080 1005 2134 habebis
1052 2080 1267 2134 laudem
1298 2095 1369 2134 ex
1398 2079 1511 2134 illa.
1544 2078 1644 2133 Dei
1676 2078 1821 2133 enim

224 2193 243 2214 ιι
284 2168 533 2223 minister
588 2177 669 2223 est
725 2168 820 2222 tibi
876 2169 931 2222 in
987 2169 1212 2223 bonum.
1270 2169 1325 2223 Si
1382 2176 1562 2222 autem
1618 2167 1821 2222 malum

224 2281 243 2303 ε
281 2255 470 2328 [male]
520 2256 732 2326 feceris,
784 2256 931 2311 time.
978 2259 1101 2312 Non
1149 2258 1293 2312 enim
1335 2257 1451 2312 sine
1500 2272 1667 2312 causa
1697 2256 1821 2329 gla-

220 2369 247 2397 α
279 2346 433 2399 dium
483 2354 679 2416 portat.
731 2346 830 2400 Dei
879 2345 1020 2400 enim
1079 2347 1325 2401 minister
1371 2354 1470 2412 est,
1524 2346 1720 2401 vindex
1768 2346 1823 2399 in

226 2456 245 2483 ε
284 2435 421 2487 iram
453 2434 501 2488 ei
536 2434 625 2505 qui
655 2434 799 2489 male
830 2434 962 2507 agit.
998 2435 1235 2506 Ideoque
1267 2435 1591 2491 necessitate
1622 2434 1824 2489 subditi

224 2546 246 2573 ι
276 2532 453 2578 estote
476 2567 488 2587 ,
543 2540 652 2577 non
701 2523 872 2578 solum
924 2532 1145 2594 propter
1175 2525 1329 2589 iram,
1372 2524 1467 2579 sed
1498 2524 1660 2579 etiam
1687 2539 1822 2593 pro-

224 2636 246 2658 α
285 2619 413 2682 pter
442 2612 850 2667 conscientiam.
890 2612 1019 2667 Ideo
1050 2613 1192 2667 enim
1224 2620 1275 2667 et
1304 2612 1505 2667 tributa
1533 2612 1820 2683 praestatis.

222 2723 243 2747 α
284 2700 524 2754 Ministri
554 2700 696 2755 enim
741 2700 840 2755 Dei
886 2710 1030 2767 sunt,
1060 2701 1114 2755 in
1145 2703 1249 2757 hoc
1278 2701 1456 2772 ipsum
1487 2701 1814 2756 servientes.

224 2811 246 2838 ι
284 2789 519 2844 Reddite
560 2806 690 2863 ergo
720 2790 971 2844 omnibus
1001 2790 1200 2845 debita.
1237 2790 1334 2845 Cui
1366 2791 1622 2845 tributum
1655 2790 1824 2845 tribu—

227 2901 247 2923 α
288 2886 403 2931 tum
436 2922 448 2942 ,
498 2878 585 2933 cui
634 2878 870 2951 vectigal
918 2878 1172 2951 vectigal,
1224 2880 1307 2933 cui
1363 2879 1611 2934 timorem
1667 2878 1825 2935 timo-

223 2990 245 3013 α
282 2983 428 3031 rem,
494 2967 579 3022 cui
628 2968 888 3022 honorem
936 2968 1200 3022 honorem
1254 2970 1473 3039 (Matth.
1523 2984 1667 3036 xxu,
1710 2969 1824 3037 21.)

228 3076 249 3103 α
284 3055 509 3109 Nemini
582 3056 874 3127 quidquam
951 3057 1245 3127 debeatis,
1312 3057 1416 3110 nisi
1478 3065 1535 3111 ut
1592 3056 1827 3112 invicem

228 3170 249 3189 ιι
286 3143 558 3214 diligatis.
642 3144 743 3213 Qui
802 3145 945 3199 enim
1004 3146 1180 3218 diligit
1236 3146 1586 3216 proximum,
1642 3145 1822 3216 legem

225 3255 247 3277 ιι
289 3231 555 3302 implevit.
589 3233 728 3287 Nam
755 3250 865 3287 non
896 3234 1248 3288 adulterabis.
1282 3234 1405 3289 Non
1432 3235 1669 3291 occides.
1702 3236 1824 3289 Non

226 3342 247 3368 ι
286 3319 584 3375 furaberis.
650 3322 771 3376 Non
824 3320 1020 3376 falsum
1068 3323 1436 3377 testimonium
1483 3323 1651 3378 dices.
1704 3324 1825 3378 Non

228 3431 248 3457 ι
289 3409 649 3479 concupisces
698 3410 883 3481 (Deut.
938 3427 992 3477 v,
1046 3414 1154 3481 18),
1198 3420 1249 3466 et
1280 3412 1323 3465 si
1356 3413 1501 3483 quod
1547 3419 1629 3466 est
1678 3411 1825 3466 aliud

222 3521 243 3541 ιι
281 3497 605 3551 mandatum
639 3498 693 3551 in
724 3499 826 3553 hoc
856 3499 1023 3554 verbo
1052 3500 1382 3554 instauratur
1416 3518 1428 3553 :
1463 3500 1670 3571 Diliges
1698 3516 1827 3570 pro-

220 3607 242 3635 ε
282 3586 492 3640 ximum
538 3596 689 3641 tuum
722 3588 859 3643 sicut
906 3588 1139 3659 teipsum
1190 3590 1391 3658 (Leuit.
1425 3605 1547 3655 XIX,
1584 3594 1692 3659 18).
1726 3589 1825 3643 Di-

220 3700 241 3721 α
280 3674 451 3737 lectio
480 3674 711 3745 proximi
758 3677 955 3730 malum
987 3694 1094 3732 non
1127 3686 1381 3747 operatur
1424 3678 1644 3749 (Matth.
1678 3693 1822 3744 xxn,

220 3788 243 3809 α
284 3765 401 3833 39).
439 3763 724 3819 Plenitudo
754 3781 884 3837 ergo
904 3766 1045 3838 legis
1066 3774 1147 3821 est
1168 3766 1405 3821 dilectio.
1439 3768 1506 3820 Et
1527 3768 1627 3821 hoc
1658 3767 1829 3823 scien-

220 3875 241 3898 ι
282 3860 370 3905 tes
403 3860 640 3922 tempus,
673 3853 800 3924 quia
846 3855 980 3909 hora
1011 3863 1092 3909 est
1116 3856 1229 3923 jam
1262 3871 1361 3910 nos
1391 3855 1458 3909 de
1489 3871 1680 3910 somno
1711 3873 1827 3909 sur-

220 3963 243 3989 ε
281 3956 440 4011 gere.
490 3942 646 3996 Nunc
676 3941 819 3995 enim
850 3942 1070 4013 prOpior
1117 3952 1200 3997 est
1247 3952 1434 3999 nostra
1466 3945 1630 4009 salus,
1666 3961 1827 4016 quam

222 4052 243 4075 ςι
282 4046 415 4083 cum
447 4029 797 4084 credidimus.
850 4032 969 4086 Nox
1008 4032 1309 4102 praecessit,
1362 4033 1481 4088 dies
1519 4042 1698 4087 autem
1727 4050 1827 4104 ap-

220 4142 240 4163 ει
280 4118 694 4189 propinquavit.
729 4119 1062 4188 Abjiciamus
1102 4136 1234 4193 ergo
1266 4138 1432 4191 opera
1463 4124 1823 4192 tenebrarum,

230 4227 253 4256 ς
289 4214 350 4262 et.
378 4205 671 4260 induamur
700 4224 851 4263 arma
880 4209 1038 4273 lucis,
1074 4209 1152 4264 sic
1184 4210 1314 4263 utin
1337 4210 1424 4265 die
1454 4212 1680 4266 honeste
1709 4227 1829 4265 am-

225 4314 247 4335 a
290 4291 573 4345 bulemus.
630 4292 752 4347 Non
800 4292 854 4346 in
901 4294 1384 4349 comessationibus
1435 4303 1487 4350 et
1543 4295 1827 4351 ebrietati-

225 4401 245 4427 ι
286 4380 415 4445 bus,
452 4395 561 4434 non
608 4380 663 4433 in
694 4380 964 4435 cubilibus
996 4391 1049 4437 et
1076 4382 1443 4455 impudicitiis,
1476 4400 1582 4439 non
1614 4385 1669 4438 in
1699 4400 1830 4439 con-

1923 1810 2233 1878 hujusmodi
2270 1811 2521 1867 resistere
2556 1815 2863 1885 acquirunt
2898 1814 3006 1885 ipsi
3037 1815 3143 1869 sibi
3189 1814 3513 1871 damnatio-

1922 1916 2070 1964 nem,
2106 1900 2159 1953 id
2190 1907 2270 1953 est
2299 1900 2416 1955 haec
2447 1899 2563 1955 sola
2591 1916 2754 1956 causa
2783 1900 2978 1956 sufﬁcit
3004 1902 3073 1955 ad
3109 1902 3513 1958 damnationem

1923 2003 2130 2041 eorum.
2180 1988 2303 2041 Non
2349 1997 2431 2043 est
2462 1989 2646 2060 utique
2691 1989 3047 2044 resistendum
3076 1990 3326 2061 principi.
3371 1992 3514 2047 Nam

1920 2076 2207 2147 principes
2224 2093 2337 2132 non
2360 2081 2496 2131 sunt
2521 2079 2713 2132 timori
2732 2078 2860 2133 boni
2875 2080 3074 2149 aperis,
3095 2078 3148 2132 id
3162 2087 3243 2133 est
3264 2078 3351 2150 qui
3374 2079 3514 2135 bene

1923 2173 2182 2234 operatur
2240 2181 2349 2220 non
2418 2173 2499 2219 est
2533 2182 2700 2237 quare
2750 2166 2937 2221 timeat
2973 2167 3274 2238 principem
3329 2186 3341 2222 :
3387 2168 3515 2239 quia

1923 2254 2133 2308 etiamsi
2163 2270 2260 2324 pro
2292 2254 2435 2309 bono
2466 2270 2631 2325 opere
2661 2254 2888 2310 infestus
2922 2265 3005 2311 est
3032 2256 3361 2329 ei,'eumque
3381 2273 3514 2327 per-

1925 2342 2183 2413 sequitur,
2233 2351 2397 2415 auget
2436 2343 2685 2398 virtutem
2737 2344 2852 2412 ejus
2901 2353 2954 2399 et
3014 2345 3286 2401 meritum.
3338 2346 3515 2415 Quare

1922 2430 2063 2485 bene
2106 2432 2352 2502 operanti
2396 2447 2503 2486 non
2543 2440 2626 2487 est
2671 2432 2870 2499 timori,
2921 2435 3016 2489 sed
3058 2442 3140 2488 est
3168 2435 3344 2490 timori
3371 2436 3515 2491 mali

1924 2520 2125 2590 operis,
2160 2520 2213 2574 id
2249 2529 2330 2575 est
2379 2521 2470 2591 qui
2516 2520 2655 2575 male
2688 2529 2960 2592 operatur,
2995 2522 3086 2578 ille
3115 2523 3299 2595 utique
3325 2524 3515 2580 timere

1922 2616 2101 2679 potest
2130 2609 2452 2680 principem.
2490 2610 2645 2665 Nunc
2667 2626 2731 2665 ex
2753 2610 3051 2681 praemissis
3074 2612 3362 2667 consilium
3390 2613 3512 2669 col-

1922 2696 2099 2768 ligens
2129 2698 2200 2751 ait
2234 2713 2245 2751 :
2278 2699 2539 2770 Princeps
2571 2715 2678 2754 non
2711 2708 2793 2754 est
2820 2701 3094 2755 timendus
3133 2701 3291 2757 bonis
3325 2720 3337 2755 :
3369 2702 3515 2774 quod

1924 2787 1969 2840 si
1993 2795 2047 2841 tu
2068 2786 2315 2841 similiter
2335 2790 2417 2843 vis
2435 2803 2548 2843 non
2572 2790 2771 2845 timere
2789 2794 3149 2861 potestatem,
3169 2795 3262 2863 fac
3283 2793 3507 2860 bonum,

1923 2880 1979 2931 et
2007 2876 2205 2930 bonum
2237 2875 2440 2931 faciens
2461 2876 2680 2933 habebis
2705 2879 2927 2934 laudem
2950 2896 3022 2935 ea:
3044 2880 3147 2935 illa
3180 2896 3514 2952 quaecunque

1925 2965 2010 3029 sit,
2049 2965 2187 3019 bona
2216 2965 2301 3020 vel
2332 2966 2476 3020 mala
2508 2984 2521 3019 :
2556 2967 2677 3038 quia
2709 2967 2753 3020 si
2782 2968 2926 3022 bona
2946 2976 3048 3038 est,
3074 2969 3141 3023 de
3165 2970 3308 3024 bono
3328 2969 3516 3025 lauda-

1924 3053 2000 3106 bit
2034 3061 2102 3119 te,
2139 3054 2183 3107 si
2216 3070 2345 3109 vero
2374 3055 2535 3120 mala,
2560 3064 2919 3128 persequetur
2935 3065 2986 3112 te
3009 3058 3147 3113 bene
3170 3066 3509 3129 operantem,

1926 3150 1979 3196 et
2008 3158 2073 3196 ex
2104 3141 2299 3197 virtute
2328 3143 2603 3213 patientiae
2630 3144 2957 3200 laudaberis.
2994 3147 3133 3201 Vere
3165 3146 3380 3201 laudem
3408 3148 3513 3202 ha-

1927 3230 2079 3284 bebis
2113 3246 2178 3285 ex
2208 3246 2293 3286 ea.
2330 3232 2468 3287 Nam
2487 3232 2573 3287 hic
2594 3232 2735 3288 idem
2756 3234 3011 3305 princeps
3032 3236 3298 3292 minister
3312 3238 3412 3292 Dei
3432 3241 3517 3292 est

1929 3320 2029 3374 tibi
2062 3320 2123 3373 in
2162 3321 2385 3385 bonum,
2414 3321 2466 3373 id
2502 3329 2584 3375 est
2629 3323 2698 3377 ad
2733 3323 3014 3378 utilitatem
3037 3324 3082 3378 si
3104 3325 3243 3379 bene
3278 3325 3513 3391 feceris;

1926 3406 2023 3462 sed
2043 3408 2093 3461 si
2127 3409 2276 3463 male
2305 3410 2528 3477 feceris,
2557 3411 2693 3467 time
2714 3428 2861 3466 eum.
2901 3412 3196 3467 Timendus
3228 3414 3414 3485 utique
3435 3422 3519 3469 est

1928 3495 2068 3550 male
2094 3495 2333 3562 facienti,
2369 3513 2495 3551 nam
2526 3498 2613 3553 hic
2637 3499 2804 3566 judex
2835 3518 2949 3557 non
2970 3504 3095 3557 sine
3124 3519 3297 3557 causa
3322 3507 3516 3573 portat

1927 3583 2201 3655 gladium.
2254 3585 2393 3639 Vere
2430 3601 2536 3640 non
2586 3586 2703 3641 sine
2745 3603 2944 3654 causa;
2977 3605 3103 3643 nam
3156 3590 3243 3644 hic
3270 3591 3515 3646 minister

1928 3672 2029 3727 Dei
2059 3681 2142 3727 est
2168 3688 2179 3727 :
2215 3674 2427 3729 vinderc
2458 3675 2528 3741 ei,
2561 3675 2616 3729 id
2647 3683 2729 3730 est
2757 3676 2826 3731 ad
2857 3677 3113 3731 damnum
3144 3679 3260 3747 ejus
3282 3680 3377 3750 qui
3404 3696 3526 3736 ma-

1932 3762 2050 3816 lum
2081 3764 2205 3832 agit
2236 3778 2247 3816 :
2282 3762 2480 3817 vindex
2511 3763 2599 3819 dic
2641 3768 2705 3818 in
2734 3765 2900 3831 iram,
2935 3766 2989 3820 id
3029 3774 3112 3821 est
3141 3767 3196 3821 in
3227 3768 3522 3823 vindictam

1930 3849 2029 3904 Dei
2060 3848 2367 3905 faciendam
2401 3869 2412 3904 :
2446 3851 2531 3906 vel
2562 3851 2757 3906 vindex
2785 3853 2839 3906 in
2866 3853 3020 3919 iram,
3046 3854 3101 3909 id
3131 3856 3288 3911 estin
3310 3857 3525 3930 signum

1930 3938 2119 3992 futurae
2160 3938 2398 4009 ultionis,
2442 3957 2603 4011 quam
2638 3941 3077 3999 animadvertunt
3113 3960 3213 4015 per
3241 3953 3526 4018 tempora-

1930 4024 2036 4080 lem
2067 4027 2323 4081 ultionem
2357 4044 2516 4099 quam
2544 4029 2745 4085 vident.
2782 4029 3237 4103 Quandoquidem
3255 4034 3339 4090 hic
3367 4035 3526 4106 priu-

1931 4130 2061 4185 ceps
2089 4115 2335 4170 minister
2357 4118 2455 4172 Dei
2477 4125 2576 4183 est,
2603 4119 2724 4175 ideo
2746 4124 2920 4177 estote
2942 4121 3153 4178 subditi
3174 4123 3373 4190 animo,
3400 4124 3528 4181 huic

1929 4206 2278 4271 necessitati,
2298 4205 2353 4259 id
2375 4213 2456 4260 est
2474 4207 2726 4277 principi,
2746 4209 2831 4264 cui
2856 4210 3033 4265 velitis
3062 4211 3245 4266 nolitis
3267 4212 3527 4282 subjicie-

1929 4292 2079 4358 mini,
2115 4302 2169 4346 ut
2218 4294 2352 4348 illud
2380 4294 2567 4365 cupias
2596 4296 2956 4370 quodcunque
2985 4315 3214 4356 necesse
3245 4309 3347 4356 est.
3380 4302 3524 4357 Sub-

1931 4376 2043 4444 diti,
2078 4376 2318 4448 inquam,
2354 4386 2544 4445 estote,
2570 4397 2683 4437 non
2705 4383 2887 4438 solum
2906 4388 3136 4456 propter
3156 4388 3302 4441 iram
3320 4386 3525 4457 princi-

223 4489 246 4516 ι
286 4467 531 4522 tentione
562 4475 613 4523 et
640 4469 981 4525 azmulatione
1012 4470 1167 4541 (Luc.
1203 4488 1323 4541 xxx,
1361 4474 1485 4542 34);
1518 4474 1614 4527 sed
1644 4473 1828 4528 indui-
1857 4455 1909 4515 D
1930 4465 2015 4536 pis
2035 4465 2430 4534 vitandam,sed
2442 4469 2615 4523 etiam
2629 4455 3527 4542 propterconscientiamvestram

229 4579 249 4600 α
288 4555 427 4610 mini
487 4555 733 4629 [induite]
790 4559 1079 4614 Dominum
1135 4562 1321 4615 Jesum
1385 4562 1678 4617 Christum.
1762 4563 1829 4617 Et

228 4669 249 4689 α
288 4643 479 4700 carnis
508 4661 690 4700 curam
711 4662 780 4701 ne
809 4646 1045 4703 feceritis
1066 4648 1121 4703 in
1143 4649 1427 4705 desideriis
1456 4651 1607 4721 (Gal.
1640 4666 1695 4717 v,
1722 4653 1786 4704 46
1812 4669 1825 4718 ;

229 4756 251 4774 υ
292 4734 323 4787 Ι
350 4734 507 4788 Petr.
540 4749 600 4803 ιι,
636 4736 744 4805 tl).
784 4760 804 4782 »

865 4877 1183 4917 EXPOSITIO.

298 4983 601 5052 Postquam
630 4983 813 5038 docuit
843 4987 1117 5055 quomodo
1144 4986 1386 5042 vicissim
1414 4986 1552 5042 inter
1580 5004 1637 5042 se
1666 5004 1829 5060 agen-

224 5070 358 5123 dum
393 5079 475 5124 est
508 5071 758 5138 subditis,
791 5074 950 5128 docet
989 5075 1111 5130 illos
1142 5075 1392 5147 quiddam
1424 5076 1599 5145 majus
1629 5077 1827 5132 debere

223 5159 478 5228 praelatis
514 5174 525 5212 :
560 5160 722 5214 etiam
769 5161 1096 5227 inﬁdelibus,
1136 5165 1284 5218 salva
1314 5172 1495 5220 tamen
1522 5165 1827 5236 integritate

222 5245 380 5301 ﬁdei.
414 5247 587 5301 Erant
617 5249 760 5302 enim
795 5250 885 5321 qui
914 5252 1201 5307 crederent
1232 5270 1290 5307 se
1313 5252 1563 5308 fidelibus
1593 5253 1827 5308 dominis

221 5335 363 5389 nihil
390 5336 507 5404 jam
538 5336 761 5403 debere,
797 5339 919 5409 quia
952 5339 1144 5395 fratres
1194 5357 1381 5396 eorum
1431 5349 1583 5396 erant
1612 5342 1667 5395 in
1697 5342 1822 5398 fide.

220 5422 549 5477 Infidelibus
590 5434 771 5479 autem
801 5428 1035 5482 dominis
1082 5430 1296 5499 penitus
1342 5447 1557 5486 omnem
1589 5432 1824 5487 servitu-

220 5521 333 5567 tem
389 5513 706 5582 negabant;
741 5515 1034 5571 absurdum
1071 5518 1380 5585 judicantes
1430 5528 1485 5573 ut
1529 5520 1617 5592 qui
1648 5521 1825 5576 fidelis

217 5608 371 5655 esset
403 5599 611 5655 infideli
641 5604 1018 5672 subjiceretur.
1053 5606 1251 5661 Littera
1283 5607 1620 5681 sicjungitur
1653 5625 1665 5663 :
1698 5610 1827 5667 Haec

442 5725 665 5781 Parnm.
678 5768 692 5781 .
733 5727 917 5784 CLIII.

1928 4553 1983 4608 in
2013 4554 2242 4624 puritate
2291 4557 2753 4625 conservandam,
2785 4559 2913 4631 quia
2941 4561 3047 4615 nisi
3076 4562 3255 4618 animo
3283 4564 3524 4634 subjice-

1928 4642 2120 4696 remini
2151 4643 2397 4715 principi,
2429 4646 2635 4715 polluta
2656 4656 2801 4702 esset
2828 4650 3163 4706 conscientia
3188 4660 3390 4715 vestra,
3423 4654 3524 4708 ob-

1927 4730 2083 4785 vians
2114 4731 2309 4786 divinae
2338 4733 2689 4789 ordinationi.
2722 4736 2942 4792 Debetis
2965 4739 3152 4810 utique
3173 4740 3377 4795 subditi
3401 4758 3525 4798 esse

1926 4819 2195 4890 principi;
2228 4838 2364 4876 nam
2408 4823 2547 4891 ideo,
2580 4823 2635 4877 id
2666 4832 2747 4879 est
2796 4825 2852 4879 in
2901 4827 3117 4897 signum
3147 4829 3305 4898 hujus
3336 4830 3525 4901 subje-

1930 4908 2142 4974 ctionis,
2171 4913 2461 4981 praestatis
2492 4927 2591 4966 vos
2624 4914 2857 4980 tributa,
2880 4923 2933 4970 et
2953 4924 3149 4972 caetera
3179 4918 3380 4974 debita.
3414 4922 3526 4976 Vos

1928 4996 2051 5051 dico
2080 4985 2135 5049 in
2169 4998 2271 5052 hoc
2304 4998 2480 5067 ipsum
2509 5001 2653 5071 quod
2686 5002 2899 5058 tributa
2915 5007 3225 5076 praestatis,
3250 5011 3527 5078 potestati-

1928 5084 2029 5138 bus
2068 5085 2369 5141 servientes
2420 5088 2534 5142 Deo
2571 5106 2583 5142 :
2615 5106 2750 5144 nam
2796 5091 2898 5161 ipsi
2946 5094 3222 5167 principes
3266 5100 3525 5155 ministri

1928 5178 2063 5228 sunt
2093 5175 2213 5239 Dei,
2250 5175 2301 5228 id
2333 5182 2415 5229 est
2444 5175 2751 5232 ministrant
2780 5181 2893 5235 Deo
2921 5199 3023 5253 per
3051 5193 3274 5256 accepta
3302 5187 3518 5257 tributa,

1928 5278 2048 5332 quae
2078 5262 2204 5316 dant
2235 5263 2313 5317 eis
2342 5263 2483 5318 vires
2505 5273 2555 5319 et
2574 5274 2903 5335 potestatem
2926 5274 3189 5341 operandi
3212 5275 3356 5345 quod
3376 5276 3524 5329 Deus

1927 5350 2184 5421 disponit.
2216 5351 2314 5405 Vel
2344 5352 2450 5420 ita,
2485 5369 2581 5409 vos
2612 5357 2882 5425 praestatis
2911 5360 3104 5416 tributa
3136 5371 3187 5417 et
3218 5363 3356 5417 bene
3386 5362 3523 5419 faci-

1928 5438 2014 5493 tis.
2048 5440 2186 5494 Nam
2217 5440 2269 5494 hi
2299 5441 2573 5512 principes
2597 5453 2718 5498 sunt
2740 5446 2973 5503 ministri
3000 5450 3100 5505 Dei
3117 5453 3444 5519 servientes,
3468 5452 3525 5508 id

1928 5536 2010 5582 est
2041 5545 2177 5599 quos
2210 5530 2354 5584 Deus
2402 5532 2676 5587 constituit
2714 5536 2921 5591 servire
2953 5538 3054 5591 sibi
3085 5541 3147 5594 in
3179 5539 3277 5597 hoc
3308 5543 3518 5614 ipsum,

1928 5616 1982 5670 in
2012 5617 2225 5673 tributis
2274 5636 2395 5691 qua:
2421 5636 2451 5673 a
2482 5620 2638 5676 vobis
2690 5624 2980 5695 accipiunt.
3022 5627 3157 5682 Cum
3202 5630 3345 5684 enim
3376 5632 3525 5688 Deus

3311 5756 3343 5806 4
