3960 6036
440 197 542 253 107

969 200 1025 255 S.
1077 198 1428 256 BRUNONIS
1475 196 2121 256 CARTHUSIANORUM
2165 199 2646 258 [NSTITUTORIS
2686 202 2842 259 OPP.
2891 205 3067 261 PARS
3117 207 3182 259 II.

3624 209 3725 261 108

437 319 675 390 primum
705 337 885 392 regem
918 323 1191 378 constituit
1222 324 1460 391 Saulem,
1495 305 1628 378 dixit
1657 339 1782 378 eum
1811 339 1921 377 non
1951 321 2031 376 ul‘
2051 323 2105 382 Α
2133 321 2262 375 olim
2293 339 2414 378 cum
2436 323 2668 394 primum
2702 326 3053 382 credidimus.
3089 327 3341 396 Quotidie
3367 328 3511 384 enim
3548 329 3726 402 magis

440 410 610 464 terius
642 410 710 465 de
731 410 919 465 labore
948 427 1046 466 suo
1068 411 1355 477 victurum,
1380 413 1477 467 sed
1507 413 1576 467 de
1595 411 1878 466 laboribus
1910 409 2032 464 sub-

437 499 689 554 ditorum.
723 501 790 554 Et
831 499 955 570 quia
984 501 1068 556 vel
1099 516 1198 556 vos
1228 501 1281 556 in
1312 503 1416 557 hoc
1446 501 1622 572 ipsum
1654 501 1796 572 quod
1829 499 2030 554 tributa

437 588 665 654 solvitis,
700 589 814 644 Deo
843 589 1076 656 servitis,
1102 590 1188 645 vel
1206 590 1483 661 principes
1509 590 1563 644 in
1581 591 1685 645 hoc
1715 589 1892 660 ipsum
1912 589 2029 643 Deo

435 677 697 743 serviunt,
732 693 864 748 ergo
901 679 1158 733 omnibus
1197 679 1528 749 principibus
1571 677 1781 732 reddite
1813 676 2019 731 debita.

510 767 611 822 Cui
639 765 871 837 principi
901 766 1112 822 debetis
1145 769 1443 837 tributum,
1477 766 1688 822 reddite
1722 769 2026 821 tributum.

438 854 538 908 Cui
559 853 769 909 debetis
790 857 1050 925 vectigal,
1067 856 1278 910 reddite
1302 856 1561 926 vectigal.
1587 855 1878 910 Tributu-m
1901 853 2032 908 dici-

430 950 530 1010 tur,
567 951 624 996 ut
654 943 878 998 obsonia
909 943 1003 997 illa
1033 960 1154 1014 qua:
1183 943 1330 999 domi
1361 943 1730 1008 solvebantur,
1765 942 2024 1013 vectigal,

434 1030 580 1102 quod
611 1047 830 1102 semper
872 1031 941 1085 ad
989 1032 1181 1086 domos
1222 1032 1562 1086 dominorum
1611 1031 1930 1095 vehebatur,
1972 1037 2029 1083 ut

439 1128 523 1176 est
555 1120 718 1175 hodie
761 1137 976 1175 census.
1025 1120 1124 1176 Cui
1153 1121 1363 1175 debetis
1393 1121 1658 1176 honorem
1692 1119 1886 1184 solum,
1922 1119 2028 1172 im-

431 1209 650 1280 pendite
669 1209 954 1265 honorem.
985 1210 1086 1265 Cui
1109 1212 1388 1277 timorem,
1411 1208 1659 1264 exhibete
1686 1210 1944 1264 timorem
1979 1215 2032 1262 et

432 1313 648 1353 omnem
694 1298 1078 1352 reverentiam.
1133 1300 1198 1352 Ut
1247 1298 1486 1352 breviter
1533 1296 1712 1351 omnia
1752 1296 2025 1366 colligam,

431 1385 812 1441 universalitcr
841 1385 1100 1456 praecipio
1135 1403 1148 1439 :
1184 1388 1403 1440 nemini
1424 1386 1722 1458 quidquam
1757 1384 2026 1449 debeatis,

433 1491 612 1546 neque
643 1474 922 1538 tributum,
946 1490 1123 1545 neque
1145 1475 1400 1546 vectigal,
1432 1489 1608 1544 neque
1635 1473 1800 1538 aliud,
1829 1475 1945 1527 nisi
1966 1477 2030 1526 ut

438 1563 689 1634 diligatis
736 1564 999 1627 invicem,
1053 1563 1176 1634 quia
1225 1563 1349 1617 volo
1379 1579 1476 1618 vos
1507 1578 1721 1632 semper
1749 1561 2031 1615 debitores

2131 427 2196 466 ac
2241 413 2418 484 magis
2476 413 2655 470 futuro
2725 416 2929 485 judicio
2983 417 3432 488 pr0pinquamus,
3501 417 3554 472 in
3615 434 3723 490 quo

2128 501 2615 558 remunerabimur.
2664 505 2800 559 Vere
2829 521 2972 560 nunc
3001 522 3172 577 prope
3204 515 3284 560 est
3314 515 3497 562 nostra
3531 507 3677 561 salus
3709 523 3724 560 :

2129 606 2252 644 nam
2299 608 2437 657 nox,
2498 591 2554 646 id
2601 600 2682 647 est
2728 593 3035 663 ignorantia
3081 595 3133 648 in
3180 594 3496 650 infidelitate
3542 595 3723 650 habita

2124 682 2438 750 praecessit,
2469 688 2520 734 et
2552 680 2674 736 ideo
2705 682 3006 736 cavendum
3053 691 3136 737 est
3163 699 3230 738 ne
3261 683 3315 737 in
3345 684 3481 739 hanc
3512 693 3727 740 noctem

2129 767 2466 822 recidamus.
2503 770 2646 838 Nox,
2679 769 2870 842 inquit,
2898 774 3212 843 prrwcessit,
3237 773 3334 826 sed
3354 771 3470 828 dies
3489 772 3731 827 salvatio—

2129 856 2213 909 nis
2259 866 2460 913 nostrze
2507 874 2606 928 per
2661 859 2958 928 premissos
3020 861 3226 926 radios,
3286 869 3345 915 ut
3387 878 3486 932 per
3542 860 3724 928 ﬁdem,

2129 961 2302 1014 spem,
2355 946 2722 1013 dilectionem,
2775 956 2827 1002 et
2869 957 3083 1014 caetera,
3135 951 3624 1022 appropinquavit,
3671 950 3727 1004 id

2129 1041 2211 1088 est
2240 1050 2410 1105 prope
2461 1052 2583 1091 esse
2634 1036 2976 1107 intelligitur.
3031 1037 3270 1092 Virtutes
3313 1040 3452 1092 enim
3485 1056 3605 1110 quae
3633 1040 3730 1092 ha-

2131 1123 2325 1176 bentur
2353 1124 2407 1176 in
2457 1125 2731 1194 praesenti,
2787 1125 2925 1178 radii
2975 1133 3098 1179 sunt
3138 1125 3328 1181 futura:
3353 1127 3728 1196 jucunditatis.

2128 1211 2195 1264 Et
2227 1212 2445 1283 quando
2476 1213 2695 1284 quidem
2728 1229 2831 1268 nox
2863 1231 2986 1269 esse
3009 1215 3187 1282 desiit,
3210 1225 3261 1269 et
3289 1216 3404 1271 dies
3427 1219 3732 1288 appropin-

2129 1303 2338 1372 quavit,
2357 1318 2483 1372 ergo
2496 1302 2831 1374 abjicia-mus
2844 1320 3012 1374 opera
3027 1305 3407 1373 tenebrarum,
3432 1305 3485 1359 id
3506 1314 3588 1360 est
3609 1323 3730 1376 quae

2130 1389 2339 1458 operati
2365 1407 2551 1445 sumus
2575 1392 2704 1445 dum
2748 1393 2802 1445 in
2824 1392 3131 1463 ignorantia
3152 1410 3419 1448 essemus.
3446 1395 3543 1448 Vel
3563 1411 3735 1466 opera

2133 1478 2512 1546 tenebrarum,
2549 1479 2600 1533 id
2635 1489 2716 1534 est
2745 1480 2912 1553 digna
2945 1482 3209 1548 tenebris,
3239 1490 3291 1536 et
3312 1482 3477 1555 digna
3507 1499 3616 1538 non
3647 1484 3735 1538 vi-

2131 1567 2271 1632 deri,
2312 1568 2412 1622 sed
2443 1585 2663 1638 semper
2693 1569 2972 1624 occultari.
3007 1570 3367 1641 Abjiciamus,
3402 1572 3592 1643 inquit,
3617 1573 3735 1628 haec

437 1667 560 1706 esse
589 1651 893 1707 dilectionis
926 1669 938 1705 :
973 1651 1046 1706 ita
1064 1651 1207 1723 quod
1228 1666 1501 1722 nunquam
1527 1666 1558 1704 a
1587 1650 1880 1705 dilectione
1901 1665 2028 1704 ces-
2049 1681 2101 1740 Β
2140 1672 2327 1727 opera,
2371 1661 2426 1711 et
2469 1658 2775 1712 induamus
2825 1675 2926 1712 nos
2975 1675 3144 1731 opera
3187 1661 3350 1726 lucis,
3393 1661 3446 1714 id
3477 1669 3558 1715 est
3589 1677 3735 1716 vera

433 1740 586 1807 setis,
619 1740 744 1795 ideo
784 1756 882 1796 vos
909 1740 1034 1795 volo
1074 1757 1292 1810 semper
1320 1740 1547 1812 diligere
1579 1738 1812 1793 invicem
1851 1753 1861 1790 :
1897 1739 2030 1809 quia

436 1831 532 1901 qui
547 1829 734 1900 diligit
751 1830 1101 1900 proximum,
1122 1831 1297 1898 legem
1316 1827 1783 1900 implevit(E.rod.
1800 1841 1895 1892 xx,
1918 1828 2027 1895 14).

435 1917 501 1973 Et
532 1934 662 1973 vere
693 1918 871 1989 legem
894 1918 1138 1988 implevit
1167 1934 1178 1971 :
1211 1935 1348 1972 nam
1370 1934 1483 1972 non
1505 1916 1853 1971 adulterabis
1878 1931 1890 1968 :
1916 1931 2031 1969 non

435 2006 650 2063 occides
687 2025 699 2061 :
731 2023 847 2063 non
876 2007 1159 2078 furaberis
1197 2024 1208 2060 :
1251 2023 1365 2061 non
1397 2007 1607 2074 falsum
1641 2005 2031 2059 testimonium

433 2095 582 2151 dices
605 2115 622 2150 :
654 2112 769 2150 non
799 2097 1158 2166 concupisces
1180 2095 1366 2165 (Deut.
1403 2109 1458 2159 v,
1494 2094 1582 2162 18)
1617 2110 1629 2146 :
1663 2093 1771 2148 etsi
1792 2093 1932 2164 quod
1949 2095 2034 2146 est

433 2184 593 2240 aliud
611 2184 946 2238 mandatum
964 2185 1024 2238 in
1046 2186 1179 2255 lege,
1204 2185 1586 2247 instauratur,
1609 2180 1663 2234 id
1682 2188 1762 2234 est
1782 2180 2034 2250 impletur

437 2271 536 2328 hoc
568 2273 725 2328 verbo
759 2291 777 2327 :
809 2273 1014 2343 Diliges
1037 2273 1370 2344 proximum
1396 2275 1559 2326 tuum
1582 2272 1730 2326 sicut
1761 2274 1815 2324 te
1844 2270 2030 2341 ipsum

439 2363 585 2431 (Leu.
620 2377 728 2426 xxx,
775 2364 883 2431 l8).
919 2362 1059 2416 Vere
1096 2360 1151 2414 in
1181 2360 1470 2415 dilectione
1517 2357 1750 2430 proximi
1779 2358 2034 2428 impletur

434 2465 594 2506 omne
611 2450 925 2504 mandatum
945 2449 1104 2522 legis.
1120 2450 1259 2504 Nam
1273 2449 1500 2504 dilectio
1518 2448 1792 2520 proximi,
1816 2448 2034 2500 malum

436 2555 551 2595 non
571 2542 839 2611 operatur
856 2537 1080 2607 (Matth.
1097 2553 1239 2603 xxn,
1257 2539 1366 2607 39).
1385 2536 1491 2605 Qui
1507 2535 1650 2590 enim
1664 2535 1840 2608 diligit
1853 2534 2036 2605 proxi-

435 2627 702 2691 mum,.'7
717 2628 787 2682 3
824 2643 930 2681 non
977 2626 1296 2681 adulterabit
1333 2641 1453 2681 cum
1483 2642 1652 2680 uxore
1684 2626 1861 2693 cujus.
1912 2625 2037 2678 Non

437 2717 649 2772 occidet
682 2732 823 2770 eum.
865 2715 987 2769 Non
1023 2714 1292 2768 furabitur
1333 2731 1424 2768 res
1454 2714 1587 2782 ejus,
1623 2721 1726 2768 etc.
1761 2713 1828 2767 Et
1861 2728 2036 2783 quan-

441 2805 730 2876 doquidem
780 2805 1008 2859 dilectio
1049 2804 1303 2876 proximi
1335 2805 1552 2858 malum
1584 2819 1698 2857 non
1728 2805 2034 2874 operatur;

443 2909 578 2967 ergo
606 2895 831 2949 dilectio
870 2901 955 2949 est
989 2891 1288 2965 plenitudo
1323 2893 1456 2963 legis
1491 2909 1502 2945 :
1538 2891 1630 2962 qui
1663 2891 1808 2946 enim
1839 2889 2039 2943 malum

443 2997 552 3038 non
582 2989 852 3053 operatur,
885 2981 1068 3054 legem
1102 2979 1346 3050 implevit
1376 2980 1586 3049 (Colat.
1625 2995 1677 3044 v,
1716 2980 1818 3044 14;
1851 2979 2034 3034 Iacob.

2135 1744 2479 1815 cognitionis,
2515 1745 2600 1798 vel
2633 1761 2798 1816 Opera
2829 1746 2995 1819 digna
3039 1747 3159 1802 luce
3191 1756 3242 1802 et
3273 1748 3728 1816 manifestatione,

2133 1849 2253 1904 quae
2284 1849 2449 1903 opera
2480 1843 2604 1887 sunt
2652 1851 2800 1888 arma
2851 1835 3045 1905 quibus
3077 1845 3128 1890 et
3159 1835 3322 1891 ﬁdem
3352 1846 3591 1892 nostram
3621 1846 3735 1893 tue-

2131 1931 2254 1968 mur
2293 1923 2345 1970 et
2394 1916 2735 1989 insurgentia
2781 1917 2912 1971 vitia
2962 1934 3313 1989 superamus,
3347 1925 3413 1975 ut
3441 1921 3612 1975 induti
3641 1937 3734 1975 ar-

2133 2003 2234 2057 mis
2290 2003 2446 2070 lucis,
2496 2006 2728 2060 honeste
2770 2007 3140 2072 ambulemus,
3194 2007 3248 2062 id
3301 2017 3381 2062 est
3409 2009 3476 2064 de
3506 2009 3648 2064 bono
3680 2010 3734 2064 in

2132 2091 2326 2146 melius
2365 2091 2733 2162 proﬁciamus,
2774 2095 2924 2149 sicut
2953 2095 3043 2166 qui
3085 2095 3247 2165 positi
3288 2105 3410 2150 sunt
3449 2099 3510 2152 in
3539 2098 3647 2164 die,
3681 2098 3737 2152 id

2135 2188 2215 2234 est
2244 2180 2299 2234 in
2320 2181 2635 2253 cognitione
2666 2183 2935 2238 veritatis.
2970 2184 3185 2238 Positos
3216 2185 3358 2238 enim
3392 2187 3454 2240 in
3473 2187 3563 2242 die
3579 2187 3738 2241 decet

2134 2285 2305 2339 opera
2338 2272 2522 2324 noctis
2573 2270 2826 2339 abjicere,
2862 2279 2912 2326 et
2942 2287 3092 2326 arma
3125 2272 3261 2327 lucis
3291 2289 3591 2328 assumere.
3624 2276 3740 2329 Nos

2134 2358 2258 2412 dico
2318 2357 2396 2412 sic
2447 2357 2790 2413 ambulemus
2856 2360 2910 2413 in
2948 2360 3036 2414 die
3102 2379 3215 2417 non
3286 2371 3630 2417 remanentes
3673 2366 3737 2418 in

2135 2449 2655 2514 comessationibus,
2709 2448 2761 2501 id
2810 2456 2893 2502 est
2940 2449 2995 2502 in
3052 2449 3395 2520 publicorum
3451 2451 3736 2506 convivio-

2137 2551 2253 2588 rum
2287 2536 2698 2604 conventiculis,
2735 2545 2786 2590 et
2817 2553 2927 2590 non
2957 2546 3239 2592 manentes
3270 2540 3330 2593 in
3370 2540 3737 2595 ebrietatibus

2137 2631 2196 2677 ut
2226 2623 2404 2678 nimia:
2435 2625 2694 2694 potationi
2724 2625 3117 2680 incumbamus.
3155 2628 3275 2682 Non
3306 2627 3468 2681 etiam
3490 2629 3550 2683 in
3581 2628 3738 2684 cubi-

2142 2713 2302 2777 libus,
2332 2713 2399 2766 ad
2426 2729 2545 2782 quae
2568 2713 2766 2768 cubilia
2784 2715 2850 2767 de
2872 2714 3145 2769 nimietate
3169 2716 3464 2770 saturitatis
3499 2724 3549 2771 et
3576 2725 3736 2787 pota-

2140 2800 2301 2855 tionis
2344 2801 2468 2866 itur,
2511 2801 2693 2872 ibique
2729 2803 3007 2872 superﬁua
3045 2803 3199 2874 quies
3249 2804 3496 2859 habetur.
3527 2805 3594 2858 Et
3622 2822 3737 2860 non

2140 2897 2426 2944 manentes
2459 2891 2520 2944 in
2551 2891 2942 2963 impudicitiis,
2978 2891 3033 2945 id
3064 2900 3146 2946 est
3167 2891 3221 2946 in
3243 2892 3599 2948 delectatione
3617 2893 3740 2947 libi-

2142 2977 2323 3046 dinis;
2357 2977 2446 3049 qui
2481 2979 2625 3032 enim
2664 2979 2848 3033 ebrius
2895 2980 2967 3034 ad
2997 2981 3172 3036 cubile
3202 2981 3502 3047 descendit,
3537 2997 3737 3037 conse-

446 3087 506 3140 ιι,
538 3039 860 3141 8)..Scimu's
875 3039 1057 3139 utique
1079 3039 1202 3141 quia
1225 3039 1450 3124 dilectio
1473 3069 1691 3124 malum
1714 3085 1826 3124 non
1847 3083 2042 3138 opera-
2066 3039 2112 3098 Ο
2147 3039 2389 3137 quenter.
2409 3074 2636 3138 urgetur
2684 3067 2892 3123 facibus
2921 3069 3179 3124 libidinis.
3213 3071 3281 3124 Et
3309 3087 3421 3125 non
3454 3080 3737 3126 manentes

447 3164 537 3215 tur
565 3179 584 3214 :
615 3175 715 3215 nec
745 3160 848 3214 hoc
897 3159 1073 3213 solum
1126 3157 1328 3213 scimus
1381 3157 1449 3212 de
1496 3173 1576 3222 ea,
1614 3157 1709 3210 sed
1743 3157 1846 3210 hoc
1877 3155 2044 3210 etiam

451 3250 694 3304 scientes
749 3263 936 3301 sumus
993 3247 1061 3301 de
1108 3246 1416 3313 dilectione,
1465 3245 1612 3317 quod
1661 3243 1784 3300 facit
1832 3261 1931 3300 nos
1979 3245 2045 3298 de

453 3353 648 3392 somno
696 3352 922 3406 surgere
951 3335 1263 3407 bonumque
1293 3334 1532 3406 operari.
1575 3333 1667 3389 Vis
1698 3341 1878 3388 tamen
1909 3348 2046 3387 con-

454 3424 769 3480 tinuationis
797 3433 850 3478 et
880 3441 1090 3478 summa
1122 3425 1401 3479 sententia;
1430 3423 1630 3494 pendet
1651 3423 1719 3477 ad
1739 3423 1870 3477 illud
1902 3421 2048 3493 quod

457 3515 696 3588 sequitur
725 3531 738 3568 :
773 3514 1113 3586 Abjiciamus
1163 3531 1290 3584 ergo
1332 3529 1497 3585 opera
1529 3513 1907 3571 tenebrarum.
1941 3510 2049 3565 Sed

458 3604 734 3676 preemittit
781 3604 1039 3674 quasdam
1081 3603 1338 3671 rationes,
1378 3602 1521 3656 unde
1568 3601 1923 3671 opportunius
1961 3600 2050 3652 in-

460 3693 596 3749 ferat
629 3693 817 3748 dicens
851 3709 864 3744 :
897 3691 1252 3746 Dilectionem
1298 3706 1406 3744 non
1449 3691 1666 3759 Operari
1712 3688 1915 3742 malum
1947 3687 2052 3741 sci-

460 3799 581 3836 mus
611 3798 626 3834 :
655 3780 816 3835 etiam
858 3780 962 3835 hoc
992 3779 1060 3833 de
1091 3779 1379 3833 dilectione
1411 3777 1662 3844 scientes,
1698 3778 1847 3848 quia,
1884 3776 1938 3829 id
1969 3783 2053 3831 est

465 3869 612 3941 quod
642 3871 777 3924 hora
808 3872 910 3935 est,
959 3867 1116 3938 quasi
1146 3866 1368 3934 diceret,
1402 3873 1614 3935 tempus
1646 3873 1724 3920 est
1750 3883 1764 3931 ;
1801 3865 1898 3918 sed
1929 3864 2052 3918 ideo

465 3975 564 4030 per
610 3958 799 4012 horam
858 3955 1183 4029 signiﬁcavit
1229 3955 1360 4008 illud
1409 3963 1641 4024 tempus,
1690 3961 1748 4007 ut
1799 3953 2054 4008 ostendat

469 4047 635 4102 breve
666 4061 790 4100 esse
836 4052 888 4099 et
930 4044 1036 4099 cito
1083 4042 1374 4108 transiens,
1429 4050 1478 4096 et
1507 4041 1608 4096 nisi
1640 4042 1694 4094 in
1723 4057 1788 4095 eo
1817 4041 2055 4112 paenite-

465 4151 587 4190 mus
634 4132 1074 4204 irrecuperabile.
1124 4131 1335 4187 Scimus
1381 4131 1563 4201 utique
1610 4130 1738 4201 quia
1783 4131 1921 4184 hora
1975 4137 2058 4184 est

455 4227 601 4297 jam,
635 4223 688 4277 id
719 4217 799 4278 est
846 4222 1042 4276 amodo
1087 4237 1152 4275 ex
1195 4235 1300 4291 quo
1331 4235 1430 4290 per
1458 4218 1620 4274 fidem
1646 4217 1926 4288 justiﬁcati
1958 4235 2055 4272 su-

468 4329 590 4368 mus
618 4327 844 4383 surgere
875 4327 976 4366 nos
1007 4309 1072 4365 de
1093 4325 1306 4374 somno,
1339 4308 1392 4362 id
1413 4315 1493 4362 est
1515 4307 1583 4362 de
1609 4307 1915 4362 calamitate
1936 4322 2059 4362 cor-

2146 3156 2209 3208 in
2239 3156 2635 3222 contentione;
2668 3155 3083 3227 intemperantia
3111 3159 3254 3214 enim
3284 3167 3442 3229 potus
3472 3169 3518 3213 et
3551 3158 3739 3213 libidi-

2148 3244 2234 3296 nis
2264 3242 2582 3314 frequenter
2603 3243 2789 3317 jurgia
2818 3247 3072 3301 concitat.
3107 3249 3175 3301 Et
3206 3263 3273 3301 ne
3295 3247 3409 3300 sitis
3439 3247 3490 3300 in
3513 3249 3743 3302 aemula-

2151 3333 2322 3397 tione,
2357 3331 2409 3384 id
2434 3331 2588 3386 estin
2623 3332 2822 3386 invidia
2851 3348 2862 3386 :
2889 3335 3110 3405 quidam
3148 3335 3237 3406 qui
3274 3350 3382 3388 non
3418 3335 3578 3390 audet
3601 3351 3740 3390 con-

2151 3420 2396 3486 tendere,
2432 3421 2577 3491 quod
2626 3429 2825 3491 potest,
2873 3422 3072 3476 invidet
3115 3423 3380 3494 proximo.
3435 3425 3492 3478 ln
3523 3424 3604 3476 his
3635 3424 3742 3478 ita-

2152 3525 2257 3579 que
2279 3525 2386 3563 non
2408 3510 2734 3564 remaneatis
2755 3529 2768 3563 :
2793 3512 2888 3566 sed
2905 3512 3215 3566 induimini
3231 3514 3532 3568 Dominum
3553 3514 3744 3568 Iesum

2157 3599 2462 3663 Christum,
2528 3597 2584 3652 id
2629 3608 2710 3652 est
2757 3600 2946 3654 vestite
3003 3600 3297 3655 nuditatem
3357 3611 3591 3656 vestram
3635 3599 3743 3657 fide

2154 3686 2355 3740 Christi
2386 3693 2438 3740 et
2467 3685 2777 3755 virtutibus,
2827 3705 2948 3759 quae
2996 3706 3159 3760 super
3197 3690 3334 3745 hanc
3378 3689 3540 3745 ﬁdem
3570 3689 3744 3746 aediﬁ-

2155 3782 2360 3829 cantur.
2396 3776 2570 3830 Homo
2612 3776 2756 3829 enim
2803 3786 3026 3848 prOpter
3067 3787 3349 3849 peccatum
3393 3780 3460 3835 de
3490 3779 3748 3850 paradiso

2154 3863 2329 3916 nudus
2361 3863 2564 3932 ejectus
2595 3871 2674 3918 est
2705 3865 2862 3934 (Cen.
2898 3883 2950 3930 v,
2986 3868 3107 3935 l6);
3142 3869 3240 3923 sed
3269 3868 3482 3924 nudilas
3511 3868 3614 3922 ista
3645 3884 3748 3923 ve-

2155 3950 2255 4005 lari
2285 3951 2447 4006 debet
2493 3963 2811 4008 ornamento
2851 3953 2977 4008 ﬁdei
3007 3964 3436 4028 caaterarumque
3465 3957 3744 4012 virtutum.

2159 4040 2222 4093 Et
2254 4055 2350 4095 vos
2381 4040 2553 4094 induti
2583 4041 2874 4096 Dominum
2895 4043 3078 4097 Jesum
3111 4044 3400 4114 Christum,
3434 4062 3523 4100 ne.
3543 4046 3747 4116 feceri-

2159 4129 2252 4193 tis,
2285 4127 2339 4182 id
2370 4136 2452 4183 est
2489 4145 2596 4184 non
2645 4129 2852 4184 facietis
2904 4147 3100 4186 curam
3140 4134 3351 4188 carnis.
3402 4134 3517 4188 Nec
3562 4150 3747 4188 curam

2158 4232 2321 4288 quam
2356 4216 2512 4272 ’74
2556 4219 2856 4273 necessitas
2903 4219 3139 4289 postulat
3178 4221 3480 4291 prohibeo;
3532 4223 3628 4277 sed
3673 4239 3744 4278 ne.

2158 4304 2398 4360 feceritis
2425 4321 2611 4360 curam
2642 4307 2825 4362 carnis
2873 4310 2936 4363 in
2990 4309 3302 4378 desideriis,
3362 4318 3420 4365 ut
3473 4310 3748 4366 desideria

467 4401 642 4472 poris,
683 4415 802 4471 quae
852 4399 921 4454 ad
971 4399 1108 4453 bene
1157 4397 1492 4468 operandum
1533 4396 1722 4468 pigros
1760 4411 1860 4450 nos
1892 4394 2043 4450 facit.
2077 4392 2129 4451 D
2159 4394 2333 4448 carnis
2365 4396 2670 4450 sectemini.

465 4491 704 4560 Surgere
735 4487 866 4543 dicit
895 4486 1047 4559 quasi
1096 4485 1252 4540 bonis
1293 4484 1548 4555 operibus
1578 4483 1725 4538 omni
1755 4483 1934 4537 studio
1964 4483 2052 4535 in-

461 4578 712 4649 vigilare.
756 4577 889 4632 Sunt
929 4576 1074 4630 enim
1103 4573 1322 4646 quidam
1351 4573 1441 4644 qui
1470 4580 1756 4644 postquam
1779 4569 2057 4641 justiﬁcati

465 4674 611 4732 sunt,
645 4681 766 4722 cum
796 4664 1010 4719 fervere
1055 4663 1315 4717 deberent
1364 4661 1418 4714 in
1466 4661 1649 4715 labore
1680 4661 1836 4714 bonae
1866 4673 2059 4729 opera-

460 4755 644 4821 tionis,
678 4761 894 4824 torpent
924 4761 974 4807 et
1017 4751 1319 4824 negligunt,
1375 4749 1529 4820 quasi
1560 4748 1736 4804 securi
1765 4764 1828 4801 ex
1855 4745 2056 4815 justiﬁ-

468 4844 702 4910 catione,
738 4851 791 4897 et
828 4842 953 4913 quia
1000 4840 1273 4895 continent
1317 4853 1375 4893 se
1408 4853 1440 4891 a
1484 4836 1870 4892 criminalibus.
1921 4836 2060 4889 Vere

467 4933 533 4988 de
553 4947 746 4987 somno
766 4946 992 5002 surgere
1014 4928 1279 4983 debemus
1317 4943 1328 4980 :
1371 4942 1495 4979 nam
1516 4925 1882 4989 credidi-mus,
1905 4923 1960 4977 id
1978 4931 2061 4977 est

469 5021 634 5076 ﬁdem
665 5019 992 5090 accepimus,
1027 5034 1147 5089 qua:
1167 5014 1300 5069 ﬁdes
1321 5014 1654 5084 prOpinquos
1691 5028 1791 5066 nos
1807 5011 1931 5066 fecit
1954 5011 2061 5065 sal-

475 5109 704 5175 vationi;
757 5108 854 5163 sed
919 5123 1062 5160 nunc
1107 5121 1207 5175 per
1250 5102 1500 5156 meritum
1539 5116 1728 5154 eorum
1773 5117 1892 5171 qua:
1940 5108 2062 5169 post

473 5207 755 5268 acceptam
785 5196 947 5250 ﬁdem
993 5192 1196 5264 operati
1241 5207 1448 5254 sumus,
1492 5191 1720 5261 propior
1749 5193 1832 5243 est
1865 5192 2064 5244 nostra

473 5289 630 5344 salus
659 5302 822 5358 quam
851 5284 980 5339 olim
1029 5289 1174 5336 esset
1219 5295 1348 5334 cum
1381 5277 1553 5332 solum
1611 5277 1974 5342 credidimus,
2009 5277 2063 5330 id

471 5385 554 5432 est
584 5391 708 5432 cum
741 5373 916 5447 gratia
939 5371 1057 5426 sola
1086 5376 1232 5423 esset
1261 5368 1313 5420 in
1344 5365 1520 5430 nobis,
1559 5375 1609 5420 et
1641 5366 1815 5419 adhuc
1861 5364 2063 5419 nullum

472 5465 746 5520 meritum.
772 5461 870 5517 Vel
884 5460 958 5514 ita
982 5475 993 5514 :
1021 5460 1178 5515 Nunc
1192 5461 1276 5511 est
1287 5455 1514 5528 propior
1531 5454 1832 5510 secundum
1852 5461 2065 5524 tempus

475 5557 672 5610 nostra
685 5553 861 5618 salus,
881 5549 935 5604 id
948 5546 1158 5604 estdies
1175 5553 1372 5600 nostrae
1390 5543 1726 5609 salvationis,
1743 5558 1905 5614 quam
1919 5551 2068 5598 esset

2761 4591 2986 4647 CAPUT
3016 4593 3162 4648 XIV.

2235 4779 2256 4802 «
2293 4755 2570 4811 Inﬁrmum
2600 4765 2776 4813 autem
2807 4759 2862 4812 in
2893 4759 3001 4814 lide
3031 4761 3307 4828 assumite,
3340 4776 3448 4816 non
3479 4761 3533 4816 in
3562 4761 3748 4818 disce-

2166 4866 2187 4890 «
2221 4844 2550 4914 ptationibus
2604 4846 3008 4918 COgitationum.
3076 4848 3226 4904 Alius
3275 4850 3418 4903 enim
3467 4850 3640 4904 credit
3687 4867 3749 4906 se

2167 4952 2187 4979 α
2223 4931 2551 4988 manducare
2599 4934 2799 4989 omnia.
2853 4935 2958 5004 Qui
3005 4945 3184 4992 autem
3213 4936 3460 4992 inﬁrmus
3491 4946 3591 5004 est,
3625 4938 3750 4993 olus

2166 5020 2520 5075 «manducet.
2573 5022 2622 5075 Is
2663 5023 2753 5093 qui
2793 5025 3114 5092 manducat,
3159 5042 3268 5080 non
3326 5027 3749 5082 manducantem

2167 5131 2188 5153 ιι
2225 5123 2332 5162 non
2363 5117 2600 5178 spernat,
2634 5119 2685 5165 et
2717 5112 2806 5182 qui
2854 5128 2964 5167 non
2993 5113 3298 5178 manducat,
3332 5114 3749 5170 manducantem

2169 5217 2190 5246 α
2226 5212 2334 5250 non
2366 5196 2591 5264 judicet.
2624 5199 2773 5253 Deus
2803 5200 2947 5254 enim
2979 5201 3129 5256 illum
3159 5202 3474 5272 assumpsit.
3514 5204 3588 5258 Tu
3616 5205 3742 5276 quis

2170 5307 2191 5333 α
2227 5301 2303 5354 es,
2337 5288 2430 5356 qui
2441 5287 2669 5356 judicas
2701 5289 2842 5357 (Jac.
2876 5305 2951 5359 IV,
2987 5292 3074 5360 12)
3095 5290 3327 5345 alienum
3350 5307 3570 5346 servum
3591 5293 3619 5346 ?
3649 5293 3758 5348 Do-

2171 5395 2192 5423 «
2227 5373 2374 5428 mino
2403 5391 2502 5429 suo
2533 5383 2636 5430 stat
2667 5385 2759 5430 aut
2807 5378 2970 5433 cadit.
3004 5378 3175 5434 Stabit
3213 5388 3412 5434 autem.
3446 5379 3642 5434 Potens
3674 5389 3758 5435 est

2170 5484 2191 5508 α
2229 5462 2372 5516 enim
2404 5463 2551 5519 Deus
2580 5473 2815 5520 statuere
2843 5465 3014 5520 illum.
3045 5467 3184 5521 Nam
3213 5467 3352 5522 alius
3375 5467 3582 5536 judicat
3610 5467 3758 5523 diem

2169 5549 2370 5607 «inter
2429 5551 2593 5623 diem,
2645 5552 2785 5609 alius
2834 5562 3009 5611 autem
3068 5555 3277 5625 judicat
3319 5571 3535 5613 omnem
3590 5556 3758 5613 diem.
