3960 6036
184 153 281 204 109

187 294 207 321 ι
245 274 633 345 Unusquisque
692 275 748 328 in
796 292 893 329 suo
938 292 1099 329 sensu
1147 275 1400 328 abundet.

186 385 206 406 κ
243 362 410 423 diem,
448 364 680 418 Domino
712 364 849 434 sapit
883 382 894 417 :
930 373 979 417 et
1028 364 1119 435 qui
1173 364 1482 423 manducat,
1545 360 1777 414 Domino

186 474 204 497 ε
244 452 570 507 manducat.
610 452 832 506 Gratias
888 452 1032 507 enim
1089 452 1200 523 agit
1259 454 1393 505 Deo.
1452 451 1519 504 Et
1549 450 1639 521 qui
1670 464 1778 502 non

190 560 211 588 ι
247 541 566 607 manducat,
598 542 833 595 Domino
870 557 979 595 non
1020 540 1323 605 manducat,
1356 548 1407 594 et
1438 539 1639 610 gratias
1670 537 1779 608 agit

186 648 208 675 ί
247 628 387 682 Deo.
412 630 586 683 Nemo
635 630 780 683 enim
809 637 1055 683 nostrum
1085 629 1184 682 sibi
1214 629 1361 693 vivit,
1406 636 1457 681 et
1488 643 1647 680 nemo
1679 625 1778 678 sibi

186 740 205 760 u
242 718 500 772 moritur.
556 719 679 772 Sive
730 719 874 773 enim
932 719 1183 782 vivimus,
1219 717 1450 771 Domino
1488 716 1719 770 vivimus
1764 730 1775 765 :

183 826 203 853 ι
243 805 365 860 sive
396 808 676 871 morimur,
716 807 946 861 Domino
979 807 1257 860 morimur.
1297 806 1419 860 Sive
1474 821 1608 876 ergo
1638 803 1768 858 vivi-

184 914 205 942 ι
244 910 388 955 mus.
425 896 539 949 sive
567 896 850 960 morimur,
876 894 1090 949 Domini
1140 912 1345 948 sumus.
1380 895 1438 947 In
1494 894 1597 948 hoc
1636 892 1781 947 enim

184 1006 204 1029 α
244 983 501 1039 Christus
528 992 771 1038 mortuus
816 992 895 1038 est
958 992 1011 1038 et
1042 984 1337 1037 resurrexit
1373 1001 1384 1035 :
1421 990 1477 1036 ut
1533 990 1585 1035 et
1633 981 1781 1035 vivo-

188 1094 208 1116 «
249 1088 375 1125 rum
427 1081 481 1126 et
528 1081 865 1127 mortuorum
918 1072 1243 1126 dominetur.
1291 1073 1367 1126 Tu
1413 1075 1604 1125 autem
1653 1069 1782 1140 quid

190 1160 476 1230 «judico:
510 1160 729 1215 fratrem
777 1160 976 1214 tuum?
1023 1162 1160 1228 (Jac.
1220 1161 1298 1229 tv)
1354 1167 1444 1212 aut
1499 1167 1553 1211 tu
1612 1174 1782 1228 quare

185 1274 203 1293 α
244 1250 470 1319 spernis
531 1250 747 1304 fratrem
806 1250 1001 1302 tuum?
1059 1248 1264 1303 Omnes
1322 1248 1465 1302 enim
1521 1247 1783 1300 stabimus

188 1362 206 1383 «ι
247 1346 380 1391 ante
413 1337 647 1391 tribunal
677 1336 1069 1408 ChristilDei].
1131 1337 1403 1406 Scriptum
1463 1342 1544 1389 est
1592 1335 1731 1389 enim
1769 1350 1780 1387 :

191 1447 209 1474 ς
255 1426 387 1481 l'z'vo
413 1443 530 1497 ego,
564 1426 702 1481 dicit
734 1427 1004 1480 Dominus
1036 1445 1051 1479 :
1084 1425 1335 1495 quoniam
1370 1424 1509 1477 mihi
1539 1423 1786 1477 flectetur

192 1535 212 1562 ι
248 1530 419 1569 omne
450 1532 615 1585 genu,
670 1518 725 1568 et
775 1514 955 1568 omnis
1003 1515 1199 1583 lingua
1256 1510 1614 1567 contitebetur
1672 1512 1786 1565 Deo

834 148 1212 206 EXPOSITIO
1251 151 1323 204 IN
1361 146 1738 203 EPISTOLAS
1779 146 2001 201 PAULI.
2035 176 2103 185 -—
2133 146 2206 200 ΙΝ
2242 145 2459 200 EPIST.
2508 146 2601 200 AD
2645 143 2814 200 ROM.

1481 273 1589 341 Qui
1645 271 1779 341 sapit
1799 272 1854 331 Α
1884 279 2039 325 naret
2069 271 2345 341 gentilem,
2380 270 2565 325 dicens
2599 285 2721 323 eum
2752 268 2873 321 ideo
2892 267 2967 321 uti
2987 266 3316 337 idolothytis,
3339 268 3466 339 quia

3361 147 3463 199 110

1881 362 2057 415 adhuc
2089 360 2246 413 idolis
2276 360 2592 413 adhazreret.
2620 358 2815 411 Littera
2846 357 2922 411 sic
2942 357 3190 428 jungitur
3222 374 3234 408 :
3271 356 3464 410 Curam

1878 448 2053 505 carnis
2084 464 2150 503 ne
2168 447 2426 513 feceritis,
2460 448 2555 501 sed
2584 448 2683 500 hoc
2703 445 2860 500 facite
2888 461 2898 499 :
2932 446 3227 514 Inﬁrmum
3256 446 3319 498 in
3334 445 3464 513 ﬁde,

1878 538 1931 591 id
1964 546 2043 591 est
2070 554 2190 591 eum
2219 537 2308 607 qui
2335 551 2441 590 non
2510 535 2672 588 habet
2701 535 2915 587 firmam
2969 532 3152 598 fidem,
3187 533 3464 588 credendo

1880 626 2142 697 quasdam
2173 632 2450 680 creaturas
2480 623 2578 677 Dei
2610 624 2913 676 immundas
2963 624 3036 691 (et
3080 622 3168 677 hic
3225 629 3338 675 erat
3366 623 3468 675 Ju-

1880 714 2072 778 dacus),
2106 713 2253 767 illum
2283 714 2446 767 nolite
2480 713 2845 766 scandalizare
2877 726 2973 765 vos
3011 711 3101 781 qui
3150 709 3287 763 firmi
3337 709 3467 764 estis

1881 803 1933 856 in
1957 802 2077 867 fide,
2113 803 2208 856 sed
2238 803 2507 857 assumite
2541 818 2683 855 eum.
2709 804 3001 854 Assumere
3032 807 3113 853 est
3142 800 3472 854 condescen-

1881 893 2009 947 dere
2056 890 2347 946 infirmitati
2392 892 2553 959 ejus:
2588 891 2861 944 abstinere
2890 906 2920 943 a
2963 889 3157 960 quibus
3212 889 3465 955 abstinet,

1883 990 1935 1035 et
1966 982 2043 1035 sic
2074 980 2360 1035 alliciendo
2398 996 2519 1033 eum
2576 978 2835 1048 paulatim
2896 979 2964 1031 de
3009 978 3317 1049 integritate
3346 976 3472 1031 fidei

1884 1070 2090 1134 doceat,
2112 1069 2286 1123 donec
2315 1069 2383 1121 ad
2412 1066 2801 1137 perfectionem
2823 1066 3019 1121 veniat.
3042 1066 3138 1120 Hic
3161 1065 3474 1120 scandalum

1885 1157 2137 1211 removit.
2177 1157 2326 1211 '75
2362 1156 2633 1210 Assumite
2677 1154 2949 1208 inﬁrmum
2980 1172 3091 1210 non
3124 1162 3471 1209 remanentes

1885 1247 1945 1299 in
1969 1246 2467 1316 disceptationibus
2507 1246 2912 1315 cogitationum
2958 1244 3106 1311 ejus,
3144 1243 3351 1297 scilicet
3385 1244 3469 1297 in-

1887 1332 2044 1399 ﬁrmi,
2070 1334 2123 1387 id
2146 1342 2225 1387 est
2248 1350 2315 1387 ne
2344 1332 2974 1402 disceptetisjudicantes
2996 1331 3226 1402 aliquem
3249 1332 3317 1385 de
3338 1347 3475 1387 con-

1888 1422 2108 1477 scientia
2146 1422 2345 1483 cordis,
2389 1437 2509 1492 quaa
2532 1421 2633 1474 soli
2655 1420 2769 1474 Deo
2809 1420 3023 1492 cognita
3046 1428 3127 1473 est
3165 1428 3217 1473 et
3246 1436 3355 1473 non
3375 1435 3469 1474 vo-

1890 1511 1990 1564 bis.
2017 1511 2153 1564 Vere
2174 1508 2424 1563 infirmus
2445 1510 2607 1563 debet
2633 1508 2855 1563 assumi.
2883 1510 3023 1563 Nam
3054 1509 3203 1563 alius
3234 1516 3315 1562 est
3348 1524 3479 1578 per-

188 1620 207 1647 ι
245 1600 405 1664 (lsai.
442 1613 574 1663 XLV,
611 1601 676 1652 23
703 1616 715 1661 ;
748 1598 895 1652 Phil.
943 1612 1002 1665 ιι,
1038 1598 1145 1665 10).
1180 1598 1366 1665 Itaque
1415 1594 1785 1665 unusquisque
1810 1627 1861 1685 B
1892 1599 2064 1653 fectus
2086 1598 2177 1668 qui
2198 1614 2475 1652 assumere
2498 1605 2551 1651 et
2567 1598 2762 1652 docere
2782 1613 2904 1651 eum
2927 1596 3483 1666 potest.Aliusautem

189 1711 207 1732 -
247 1695 499 1741 nostrum
532 1702 630 1755 pro
658 1702 720 1739 se
752 1685 1014 1739 rationem
1045 1685 1232 1739 reddet
1290 1685 1424 1738 Deo.
1484 1684 1605 1737 Non
1651 1699 1785 1753 ergo

190 1798 209 1823 ι
243 1775 485 1844 amplius
540 1774 772 1829 invicem
853 1774 1163 1841 judicemus
1200 1788 1210 1825 :
1246 1772 1343 1826 sed
1416 1773 1520 1829 hoc
1558 1771 1797 1839 judicate

192 1886 212 1911 ε
249 1863 458 1935 magis,
491 1879 559 1916 ne
589 1863 804 1932 ponatis
835 1861 1223 1916 offendiculum
1256 1860 1413 1914 fratri
1444 1860 1529 1915 vel
1560 1860 1797 1915 scanda-

193 1977 212 1997 ιι
250 1952 390 2005 lum.
418 1950 542 2005 Scio
574 1959 625 2004 et
661 1948 877 2005 confido
909 1950 962 2003 in
993 1950 1222 2004 Domino
1278 1950 1425 2014 Jesu,
1490 1949 1613 2020 quia
1666 1948 1800 2001 nihil

191 2064 209 2085 ετ
248 2056 545 2094 commune
594 2056 694 2109 per
725 2039 922 2109 ipsum,
984 2038 1088 2091 nisi
1120 2038 1168 2091 ei
1224 2038 1315 2109 qui
1374 2037 1639 2091 existimat
1669 2036 1797 2106 quid

190 2149 209 2167 ιι
245 2139 544 2178 commune
604 2122 675 2175 sit
734 2138 876 2187 esse,
912 2122 987 2175 illi
1042 2137 1330 2176 commune
1385 2128 1485 2173 est.
1550 2121 1605 2174 Si
1654 2120 1798 2173 enim

188 2232 208 2259 ι
244 2220 480 2282 propter
537 2211 717 2266 cibum
750 2210 920 2264 frater
972 2218 1095 2263 tuus
1135 2209 1501 2275 contristatur,
1547 2209 1658 2276 jam
1689 2224 1799 2262 non

190 2322 209 2349 ι
246 2300 556 2354 secundum
630 2300 950 2354 charitatem
1003 2298 1266 2352 ambulas.
1344 2297 1469 2351 Noli
1538 2298 1659 2351 cibo
1706 2305 1797 2350 tuo

192 2411 213 2439 ι
252 2388 410 2442 illum
460 2388 715 2458 perdere,
750 2404 850 2457 pro
882 2403 987 2457 quo
1018 2386 1261 2440 Christus
1284 2393 1523 2439 mortuus
1540 2394 1641 2439 est.
1675 2386 1798 2439 Non

193 2498 213 2526 ι
252 2493 393 2547 ergo
430 2477 835 2547 blasphemetur
863 2476 1065 2529 bonum
1102 2482 1365 2529 nostrum.
1389 2475 1511 2528 Non
1541 2482 1622 2527 est
1652 2473 1795 2527 enim

194 2591 211 2612 ιι
250 2582 494 2635 regnum
526 2565 622 2619 Dei
653 2580 782 2619 esca
812 2572 864 2617 et
890 2572 1052 2633 potus
1086 2581 1098 2617 :
1134 2563 1229 2616 sed
1254 2562 1457 2631 justitia
1486 2571 1538 2616 et
1568 2577 1691 2631 pax,
1745 2569 1797 2616 et

196 2676 216 2704 ‹
252 2654 543 2725 gaudium,
577 2654 631 2706 in
664 2653 866 2723 Spiritu
899 2661 1109 2708 sancto.
1158 2651 1261 2719 Qui
1293 2652 1436 2705 enim
1466 2652 1521 2703 in
1551 2652 1651 2705 hoc
1683 2666 1795 2705 ser-

193 2768 213 2789 u
256 2744 331 2796 vit
361 2742 601 2806 Christo,
637 2741 814 2811 placet
845 2742 978 2806 Deo,
1016 2748 1064 2795 et
1086 2741 1349 2811 probatus
1366 2740 1789 2794 esthominibus.

194 2853 215 2879 ι
256 2833 447 2900 Itaque
490 2847 610 2901 quae
640 2830 791 2900 pacis
849 2838 972 2883 sunt
1022 2837 1334 2884 sectemur:
1370 2837 1423 2882 et
1469 2846 1589 2899 qure
1618 2827 1793 2882 rediti—

194 2944 213 2966 αι
253 2919 491 2974 cationis
523 2926 664 2983 sunt,
716 2918 771 2971 in
802 2918 1031 2973 invicem
1063 2917 1453 2972 custodiamus.
1514 2917 1637 2971 Noli
1666 2932 1790 2986 pro-

1901 1694 1983 1740 est
2003 1685 2248 1739 infirmus
2280 1686 2371 1755 qui
2419 1686 2787 1754 assumptione
2817 1685 3043 1756 indiget.
3077 1684 3234 1752 Quod
3282 1685 3359 1739 sic
3389 1685 3482 1738 ait.

1899 1775 2050 1829 Alius
2068 1790 2125 1829 se
2146 1774 2324 1829 credit
2342 1790 2498 1844 posse
2521 1774 2863 1828 manducare
2883 1774 3093 1841 omnia,
3111 1773 3289 1828 sciens
3311 1773 3491 1827 omnia

1901 1880 2022 1917 esse
2044 1862 2267 1927 munda,
2294 1870 2346 1915 et
2368 1861 2455 1916 hic
2477 1869 2557 1915 est
2580 1860 2686 1916 fide
2708 1859 2913 1915 firmus.
2939 1862 3089 1915 Alius
3112 1869 3290 1915 autem
3311 1869 3392 1915 est
3412 1861 3486 1914 in-

1900 1951 2109 2020 ﬁrmus,
2142 1959 2335 2021 putans
2368 1966 2425 2005 se
2452 1966 2560 2004 non
2591 1966 2753 2019 posse
2785 1950 2969 2003 omnia
3007 1950 3357 2005 manducare.
3395 1950 3495 2005 Hic

1900 2048 2076 2093 autem
2106 2039 2369 2105 inﬁrmus
2401 2042 2504 2103 est,
2552 2038 2743 2092 nolens
2790 2038 2863 2091 uti
2892 2038 3143 2093 carnibus
3175 2038 3482 2109 gentilium,

1901 2128 2228 2191 manducet,
2254 2127 2310 2181 id
2340 2134 2421 2180 est
2452 2126 2792 2196 permittatur
2812 2127 3137 2181 manducare
3158 2128 3301 2195 olus,
3335 2126 3388 2180 id
3413 2135 3495 2181 est

1900 2218 1945 2270 si
1974 2216 2103 2270 velit
2134 2215 2409 2269 abstinere
2438 2230 2449 2267 :
2472 2214 2653 2285 utique
2675 2214 2877 2268 bonum
2898 2222 3000 2281 est,
3025 2230 3126 2270 nec
3148 2215 3495 2286 inquietetur.

1971 2304 2069 2358 Hic
2099 2303 2287 2373 incipit
2337 2318 2687 2372 compescere
2722 2304 3015 2370 Romanos,
3046 2320 3116 2358 ne
3143 2303 3389 2372 judicent
3418 2303 3489 2359 de

1901 2392 2268 2449 conscientiis.
2304 2391 2406 2459 Qui
2436 2407 2547 2446 non
2575 2392 2686 2446 vult
2741 2393 3073 2450 manducare
3094 2434 3107 2461 ,
3147 2392 3500 2462 permittatur

1900 2481 2193 2535 abstinere.
2228 2481 2278 2535 Is
2311 2488 2489 2534 autem
2519 2482 2613 2552 qui
2642 2482 2973 2545 manducat,
3000 2480 3179 2535 sciens
3200 2496 3393 2535 omnes
3418 2481 3495 2535 ci-

1904 2571 2005 2624 bos
2036 2586 2158 2623 esse
2188 2568 2440 2635 mundos,
2475 2584 2591 2623 non
2618 2573 2849 2640 spernat
2878 2586 2992 2624 non
3022 2569 3491 2633 manducantem,

1900 2659 1953 2712 id
1985 2667 2066 2713 est
2095 2657 2317 2729 gentilis
2348 2657 2641 2711 comedens
2659 2673 2766 2711 non
2789 2665 3100 2713 contemnat
3120 2657 3369 2713 Judaeum
3391 2657 3491 2711 ab-

1898 2747 2204 2812 stinentem,
2241 2761 2481 2817 arguens
2523 2762 2645 2799 eum
2677 2745 2744 2799 de
2802 2746 3211 2816 imperfectione
3240 2744 3387 2800 fidei.
3422 2746 3491 2800 Et

1896 2835 1984 2889 ille
2015 2836 2110 2906 qui
2142 2851 2253 2888 non
2272 2834 2603 2899 manducet,
2636 2834 2689 2887 id
2721 2834 3063 2900 estJudazus,
3097 2851 3212 2889 non
3237 2834 3483 2905 judicet,

1898 2924 1951 2976 id
1984 2931 2064 2977 est
2092 2938 2200 2976 non
2233 2921 2910 2977 damnetmanducantem
2942 2922 3219 2993 gentilem.
3244 2923 3367 2977 Non
3388 2922 3485 2977 de—

202 3034 224 3056 ι
256 3016 384 3078 pter
415 3022 599 3061 escam
632 3006 911 3059 destruere
942 3022 1079 3075 opus
1133 3005 1256 3059 Dei.
1322 3004 1518 3059 Omnia
1574 3005 1792 3075 quidem
1816 2980 1861 3039 Ο
1898 3012 1985 3065 bet
2013 3010 2149 3065 alter
2176 3011 2407 3064 alterum
2438 3026 2697 3079 spernere
2728 3027 2824 3065 seu
2847 2980 3094 3079 judicare
3126 3029 3138 3065 :
3171 3028 3307 3065 nam
3338 3011 3485 3065 Deus

196 3118 217 3144 ι
257 3104 385 3149 sunt
445 3094 669 3160 munda,
704 3094 799 3149 sed
848 3095 1047 3148 malum
1118 3101 1198 3147 est
1252 3093 1457 3146 homini
1540 3092 1631 3163 qui
1696 3108 1793 3162 per

199 3206 222 3234 ι
260 3183 655 3238 offendiculum
686 3183 997 3237 manducet.
1030 3183 1237 3235 Bonum
1284 3189 1365 3234 est
1413 3196 1522 3234 non
1564 3181 1794 3235 mandu—

195 3296 217 3321 ι
256 3288 385 3327 care
419 3288 657 3337 carnem,
694 3280 745 3325 et
773 3287 881 3325 non
929 3271 1118 3324 bibere
1168 3270 1370 3333 vinum,
1404 3286 1579 3339 neque
1603 3269 1657 3322 in
1687 3285 1794 3340 quo

195 3384 217 3410 ι
257 3362 438 3414 frater
466 3368 589 3413 tuus
638 3358 943 3425 offenditur,
978 3366 1070 3413 aut
1110 3357 1522 3421 scandalizatur,
1575 3366 1664 3411 aut
1721 3359 1796 3411 in-

198 3472 220 3498 ι
256 3448 525 3502 firmatur.
576 3449 655 3501 Tu
705 3446 867 3501 fidem
928 3462 1092 3518 quam
1161 3446 1332 3500 habes
1406 3461 1574 3515 penes
1629 3454 1795 3500 temet

196 3559 217 3584 ε
259 3538 465 3607 ipsum,
498 3536 636 3589 habe
668 3552 852 3591 coram
884 3536 1019 3589 Deo.
1073 3536 1265 3589 Beatus
1314 3534 1405 3605 qui
1458 3550 1567 3587 non
1588 3534 1795 3601 judicat

194 3648 215 3676 ι
260 3624 619 3693 semetipsum
651 3624 705 3677 in
734 3640 800 3677 eo
830 3624 973 3694 quod
1003 3624 1218 3693 probat.
1254 3622 1357 3690 Qui
1380 3631 1561 3676 autem
1591 3622 1799 3677 discer-

196 3738 217 3759 ιι
258 3714 371 3779 nit,
405 3712 449 3764 si
478 3712 901 3776 manducaverit,
953 3713 1235 3765 damnatus
1282 3719 1381 3775 est,
1434 3711 1561 3781 quia
1590 3726 1698 3765 non
1731 3727 1796 3765 ex

196 3828 217 3847 α
260 3800 393 3855 ﬁde.
430 3800 605 3855 Omne
665 3808 846 3854 autem
904 3800 1050 3870 quod
1089 3816 1199 3854 non
1258 3808 1340 3854 est
1371 3814 1436 3853 ex
1467 3798 1573 3854 ﬁde
1603 3841 1616 3868 ,
1660 3814 1795 3869 pec-

196 3914 217 3938 α
257 3898 439 3946 catum
468 3897 570 3944 est.
600 3911 621 3937 ι

857 4030 1171 4069 ΕΧΡΟΞΙΤΙΟ.

271 4148 419 4215 Quia
450 4148 680 4202 Romani
727 4149 875 4219 gravi
914 4149 1051 4203 inter
1106 4166 1164 4203 se
1202 4149 1475 4204 discordia
1518 4148 1794 4219 discepta-

198 4237 352 4299 bant,
385 4236 633 4289 dicentes
667 4254 680 4289 :
713 4237 778 4288 Hi
808 4237 898 4307 qui
933 4238 1001 4292 de
1031 4237 1308 4291 Judaismo
1339 4238 1592 4291 conversi
1623 4246 1791 4303 erant,

1895 3100 2203 3170 assumpsit
2236 3100 2423 3163 illum,
2453 3098 2508 3151 id
2539 3107 2620 3153 est
2646 3107 2931 3169 utrumque
2962 3108 3013 3153 et
3040 3099 3480 3166 manducantem,

1895 3196 1947 3242 et
1994 3202 2101 3242 non
2140 3188 2575 3241 manducantem.
2630 3189 2949 3259 Assum-psit
3007 3188 3127 3243 dico
3171 3204 3271 3258 per
3318 3186 3482 3242 fidem

1896 3291 2059 3346 quam
2093 3276 2207 3343 jam
2263 3276 2457 3329 habent
2508 3284 2563 3328 ut
2612 3292 2817 3330 servos.
2880 3278 2947 3330 Et
2980 3276 3420 3347 quandoquidem
3448 3291 3481 3329 a

1895 3361 2010 3413 Deo
2032 3358 2293 3427 assumpti
2324 3366 2445 3411 sunt
2474 3358 2599 3413 facti
2633 3361 2775 3414 servi
2798 3361 2933 3428 ejus,
2972 3365 3034 3415 tu
3063 3362 3187 3432 quis
3207 3377 3264 3415 es
3286 3363 3379 3432 qui
3391 3363 3483 3431 ju-

1894 3448 2042 3501 dices
2071 3463 2291 3501 servum
2313 3448 2567 3501 alienum
2594 3452 2616 3501 ἵ
2644 3449 2758 3501 Nec
2787 3448 2940 3519 leges
2986 3448 3172 3502 mundi
3201 3450 3306 3504 hoc
3336 3448 3482 3519 pati-

1894 3543 2073 3598 untur,
2105 3542 2160 3588 ut
2192 3550 2383 3589 servus
2413 3534 2479 3588 ab
2510 3535 2616 3589 alio
2647 3551 2811 3605 quam
2840 3553 2869 3589 a
2899 3536 3117 3591 domino
3148 3553 3246 3591 suo
3272 3538 3477 3605 judice-

1894 3632 1998 3677 tur.
2024 3623 2146 3677 Non
2169 3623 2351 3693 utique
2366 3624 2610 3691 judicare
2631 3623 2799 3677 debes
2822 3624 3057 3678 alienum
3080 3641 3295 3679 servum
3322 3643 3335 3679 :
3359 3625 3482 3696 quia

1897 3728 2089 3767 servus
2118 3710 2209 3766 ille
2239 3715 2359 3766 stat
2386 3712 2525 3766 bene
2556 3713 2835 3782 Operando
2891 3720 3202 3768 reservatus
3232 3713 3480 3781 domino,

1896 3801 1951 3855 id
1982 3808 2063 3854 est
2079 3800 2284 3869 judicio
2312 3800 2516 3855 domini
2547 3800 2647 3867 sui,
2692 3805 2794 3857 aut
2840 3802 3121 3872 peccando
3151 3804 3307 3858 cadit
3332 3820 3363 3857 a
3392 3804 3491 3858 do-

1895 3889 2043 3943 mino
2080 3905 2177 3944 suo
2200 3889 2546 3957 judicandus.
2606 3889 2662 3943 Si
2702 3889 2859 3945 etiam
2890 3890 3047 3960 plane
3104 3892 3325 3947 noveris
3367 3909 3489 3948 eum

1896 3977 2178 4042 cecidisse,
2202 3994 2269 4031 ne
2287 3986 2468 4032 tamen
2482 3977 2695 4046 judices
2726 3994 2847 4033 eum
2902 3997 2915 4032 :
2957 3979 3084 4050 quia
3131 3996 3255 4038 cras
3314 3989 3495 4052 potest

1895 4066 2208 4135 paenitendo
2231 4082 2353 4121 esse
2370 4066 2563 4121 melior
2585 4074 2653 4133 te,
2680 4075 2732 4122 et
2752 4068 2820 4121 de
2840 4068 3098 4122 omnibus
3113 4070 3255 4124 bona
3278 4087 3498 4142 semper

1896 4153 2134 4223 suspicio
2156 4155 2393 4209 tenenda
2411 4163 2511 4209 est.
2532 4154 2690 4222 Quia,
2710 4155 2754 4209 si
2780 4155 2942 4210 etiam
2964 4157 3180 4223 cecidit,
3208 4159 3379 4213 stabit
3398 4176 3499 4214 au-

1898 4250 2005 4295 tem
2027 4242 2274 4296 fortassis
2296 4258 2436 4309 cras,
2460 4243 2512 4296 id
2528 4252 2609 4298 est
2626 4242 2780 4299 fortis
2804 4246 3159 4316 apparebitin
3177 4246 3340 4303 bono.
3358 4250 3501 4304 Vere

198 4324 473 4395 quosdam
504 4324 655 4378 cibos
686 4341 807 4378 esse
838 4325 1164 4391 immundos,
1216 4342 1316 4381 nec
1346 4327 1425 4379 eis
1465 4326 1541 4379 uti
1572 4326 1794 4380 debere.
1826 4335 1878 4393 1)
1902 4330 2043 4400 quod
2073 4331 2235 4383 stabit
2272 4331 2659 4399 suspicandum
2697 4342 2777 4387 est
2808 4334 2878 4388 de
2915 4350 2981 4389 eo
3012 4352 3186 4390 :nam
3222 4337 3386 4402 Deus,
3413 4336 3501 4393 cui

197 4411 671 4465 calumniabantur
697 4412 861 4466 etiam
890 4413 1060 4466 Judaei
1088 4413 1411 4484 gentilibus,
1447 4413 1569 4484 quia
1604 4430 1793 4469 come-

198 4500 393 4553 derent
423 4500 742 4571 idolothyta,
777 4501 1019 4555 dicentes
1051 4517 1145 4555 eos
1180 4502 1355 4555 adhuc
1386 4502 1649 4556 inhaerere
1680 4502 1794 4556 riti-

198 4586 300 4641 bus
332 4588 673 4659 gentilitatis;
706 4605 735 4642 e
763 4589 1031 4643 contrario
1080 4590 1309 4659 gentiles
1340 4590 1576 4645 scientes
1603 4606 1793 4645 omnes

199 4676 356 4730 cibos
384 4676 636 4741 mundos,
694 4677 985 4730 utebantur
1023 4677 1148 4743 illis,
1200 4687 1518 4733 accusantes
1576 4680 1793 4733 Judaeos

201 4764 349 4833 quod
380 4780 491 4818 non
520 4765 785 4818 haberent
836 4766 1101 4836 integram
1158 4766 1356 4832 ﬁdem;
1411 4767 1536 4837 quia
1568 4767 1623 4819 in
1652 4768 1793 4821 hunc

201 4852 426 4906 modum
458 4852 843 4923 conﬂigebant.
875 4854 1184 4923 Apostolus,
1207 4855 1395 4909 volens
1417 4871 1511 4909 eos
1534 4871 1792 4909 revocare

201 4940 270 4992 ad
302 4956 517 5008 pacem,
550 4941 764 4995 instruit
794 4957 888 4995 eos
919 4958 1027 4996 non
1059 4941 1238 4997 facere
1269 4944 1585 4997 scandalum
1606 4943 1792 4996 fratri-

203 5028 306 5081 bus
337 5028 480 5081 inter
510 5045 569 5083 se
597 5045 698 5084 nec
737 5030 804 5084 de
842 5030 1187 5085 conscientiis
1217 5030 1352 5084 alter
1400 5032 1627 5085 alterum
1650 5032 1793 5103 judi-

198 5132 346 5171 care.
391 5116 717 5171 Scandalum
748 5117 980 5172 faciebat
1010 5118 1119 5182 ille,
1156 5119 1246 5189 qui
1280 5128 1505 5190 propter
1560 5120 1787 5175 incitan-

199 5205 330 5258 dam
361 5205 498 5257 iram
527 5206 758 5275 proximi
780 5207 1102 5261 comedebat
1124 5208 1268 5278 quod
1290 5208 1594 5277 proximum
1624 5208 1791 5263 offen-

199 5293 367 5347 debat
402 5312 413 5346 :
449 5294 537 5348 vel
569 5310 689 5348 eum
720 5296 821 5349 sub
853 5295 1227 5350 incredulitate
1250 5297 1538 5351 comedere
1560 5298 1793 5352 faciebat

202 5382 350 5452 quod
381 5383 724 5437 immundum
754 5384 994 5453 putabat.
1044 5384 1296 5439 Judicare
1328 5386 1394 5439 de
1444 5386 1791 5440 conscientiis

202 5479 321 5524 erat
350 5487 477 5527 cum
507 5472 747 5539 Judaeus,
780 5473 1010 5528 credens
1036 5474 1286 5545 quadam
1311 5474 1605 5542 immunda,
1630 5475 1790 5529 dam-

1899 4434 2090 4471 servus
2116 4426 2215 4487 est,
2238 4423 2439 4490 potens
2460 4424 2547 4475 est
2575 4420 2768 4475 iterum
2787 4426 3041 4479 statuere
3063 4440 3210 4479 eum.
3236 4424 3373 4493 Quia
3390 4427 3497 4481 Do-

1896 4507 2028 4559 mini
2052 4507 2224 4561 solum
2254 4516 2335 4561 est
2342 4509 2582 4576 judicare
2602 4526 2840 4579 servum,
2856 4518 2911 4565 tu
2933 4527 3039 4565 non
3058 4513 3227 4568 debes
3242 4514 3493 4583 judicare

1897 4610 2041 4660 eum,
2067 4603 2333 4665 praeterea
2363 4597 2487 4652 ideo
2508 4614 2577 4652 ne
2594 4598 2820 4653 damnes
2842 4616 2984 4653 eum.
3012 4602 3152 4655 Nam
3173 4603 3314 4673 quod
3348 4604 3492 4669 facit,

1896 4700 1961 4737 ex
1979 4684 2181 4753 judicio
2196 4693 2248 4739 et
2270 4702 2398 4739 sana
2424 4685 2723 4743 intentione
2748 4688 3071 4744 animifacit.
3100 4689 3259 4757 Quod
3286 4691 3363 4745 sic
3384 4692 3455 4745 ait
3491 4707 3504 4746 :

1898 4774 2055 4826 Alius
2088 4790 2183 4827 seu
2221 4775 2439 4830 Judaeus
2475 4792 2570 4830 seu
2607 4777 2824 4847 gentilis
2848 4778 3075 4849 judicat
3130 4780 3276 4834 diem
3334 4780 3493 4835 inter

1896 4861 2062 4924 diem,
2087 4861 2237 4915 idest
2254 4879 2360 4916 uno
2384 4864 2471 4917 die
2500 4865 2897 4930 abstinendum,
2922 4866 3026 4920 alio
3057 4882 3186 4923 non.
3212 4868 3371 4923 Alius
3391 4884 3490 4923 au-

1899 4952 2012 5002 tem
2039 4948 2266 5017 judicat
2296 4967 2521 5005 omnem
2548 4953 2696 5007 diem
2726 4954 2778 5007 in
2824 4954 3150 5009 abstinentia
3180 4955 3489 5011 observan-

1896 5036 2041 5102 dum,
2082 5044 2134 5089 et
2164 5037 2474 5109 quicunque
2500 5040 2705 5107 iudicat
2735 5042 3113 5097 abstinendum
3135 5061 3266 5099 sane
3306 5046 3485 5111 sentit,

1897 5132 1948 5177 et
1978 5124 2103 5178 inde
2133 5124 2436 5179 laudandus
2486 5135 2569 5181 est
2613 5144 2720 5182 non
2753 5129 3115 5187 damnandus.
3167 5132 3269 5201 Qui
3290 5134 3493 5202 judicat

1894 5212 2292 5281 abstinendum,
2328 5215 2442 5269 sive
2475 5215 2580 5279 hic,
2616 5218 2731 5271 sive
2760 5218 2869 5284 ille,
2904 5234 3035 5275 sane
3058 5222 3255 5276 sentit:
3279 5230 3331 5277 et
3360 5222 3486 5277 volo

1895 5308 1954 5354 ut
1993 5304 2374 5375 unusquisque
2418 5305 2661 5359 abundet
2693 5308 2754 5361 in
2784 5324 2882 5363 suo
2922 5326 3111 5377 sensu,
3136 5310 3188 5365 id
3212 5320 3293 5365 est
3329 5310 3384 5364 in
3423 5325 3488 5365 eo

1896 5391 2038 5461 quod
2076 5393 2349 5461 sapienter
2378 5393 2539 5448 sentit
2570 5403 2621 5449 et
2652 5406 2923 5467 operatur,
2956 5407 3014 5453 ut
3059 5399 3104 5454 si
3150 5400 3313 5455 modo
3341 5399 3481 5456 bene

1902 5480 2162 5546 abstinet,
2220 5483 2569 5552 postmodum
2611 5485 2809 5541 melius
2848 5487 3131 5553 abstineat,
3179 5497 3232 5544 et
3287 5498 3487 5547 caetera
