3960 6036
464 173 559 227 111

1005 174 1062 231 S.
1104 175 1459 234 BRUNONIS
1499 174 2146 238 CARTHUSIANORUM
2183 179 2667 238 lNSTITUTORIS
2707 181 2858 238 OPP.
2905 183 3080 240 PARS
3122 183 3195 239 Il.

3647 191 3752 245 112

470 299 614 354 bona
644 306 907 354 sectetur.
947 300 1253 355 Notandum
1285 311 1368 356 est
1398 303 1544 374 quod
1576 305 1620 358 si
1651 304 1927 360 abstinere
1957 322 2052 360 eos
2073 309 2126 368 A
2157 307 2448 377 prohibere
2471 306 2733 376 judicium
2762 307 3109 378 praelatorum
3141 309 3195 363 in
3234 309 3500 377 subditos,
3536 311 3602 367 de
3625 313 3754 385 qui-

467 389 666 443 malum
701 397 864 457 esset,
898 389 1065 444 nollet
1095 406 1191 444 eos
1235 393 1528 461 Apostolus
1557 393 1834 464 abundare
1868 395 1921 448 in
1953 396 2056 451 hoc

467 494 631 533 sensu
669 493 680 530 :
715 477 838 531 ideo
868 478 1051 548 utique
1084 488 1231 548 Opto,
1266 487 1322 533 ut
1352 481 1404 533 in
1424 481 1526 536 hoc
1548 497 1712 536 sensu
1743 483 2053 549 abundent;

467 569 598 638 quia
618 567 712 638 qui
729 569 879 645 sapit
912 567 1080 633 diem,
1115 567 1168 620 id
1198 575 1280 622 est
1312 569 1402 639 qui
1433 569 1487 622 in
1514 570 1835 624 abstinentia
1857 571 2054 625 obser-

465 661 556 710 vat
588 655 750 724 diem,
783 656 935 726 sapit
956 656 1062 710 hoc
1092 656 1343 720 Domino,
1370 657 1424 710 id
1455 665 1536 712 est
1558 658 1627 711 ad
1654 659 1915 713 honorem
1946 659 2057 714 Do-

463 743 594 798 mini
631 760 643 798 :
678 747 734 798 et
781 745 877 815 qui
920 745 1250 808 manducat,
1292 746 1604 800 manducat
1643 745 1892 801 similiter
1943 748 2053 803 Do-

463 839 642 894 mino.
676 840 816 894 Nam
836 839 1192 895 manducans
1215 841 1332 910 agit
1351 841 1567 911 gratias
1590 841 1697 896 Deo
1721 861 1738 896 :
1757 850 1808 896 et
1829 857 1930 912 pro
1957 855 2052 896 sa-

463 943 534 982 no
578 927 852 983 intellectu
885 929 1068 982 habito
1115 928 1182 982 de
1231 929 1497 983 creaturis
1544 929 1664 997 Dei,
1695 939 1743 984 et
1795 931 1922 1001 quia
1953 948 2051 984 su-

465 1024 730 1080 stentatur
762 1016 846 1070 his
905 1015 1200 1070 beneficiis.
1234 1018 1300 1070 Et
1332 1017 1422 1071 ille
1450 1019 1545 1090 qui
1571 1035 1685 1074 non
1716 1019 2047 1085 manducat,

462 1122 576 1161 non
595 1105 903 1160 manducet
946 1107 1199 1167 Domino,
1249 1105 1301 1158 id
1334 1114 1415 1160 est
1439 1106 1645 1174 jejunat
1683 1107 1750 1160 ad
1782 1109 2048 1162 honorem

463 1194 583 1259 Dei,
608 1197 664 1248 et
692 1196 908 1263 gratias
941 1194 1130 1248 iterum
1161 1195 1281 1264 agit
1323 1196 1559 1250 Domino
1594 1210 1691 1264 pro
1724 1195 2050 1250 abstinentia

460 1282 563 1336 sibi
593 1282 781 1337 collata
817 1300 830 1336 :
867 1290 920 1337 et
949 1299 1047 1353 per
1075 1283 1178 1338 hoc
1225 1283 1356 1337 satis
1413 1285 1716 1338 ostenditur
1763 1293 2048 1356 utrumque

456 1386 588 1425 sane
619 1371 942 1442 intelligere,
967 1379 1322 1442 neutrumque
1351 1387 1451 1442 pro
1501 1373 1602 1427 hoc
1631 1372 1832 1427 debere
1890 1374 2046 1427 dam-

456 1459 594 1520 nari.
633 1459 731 1514 Vel
775 1460 907 1513 illud
961 1460 1211 1530 superius
1243 1460 1402 1515 aliter
1432 1460 1628 1531 legitur
1660 1479 1673 1514 :
1708 1461 1790 1515 Ne
1833 1462 2047 1529 judices

455 1549 691 1602 alienum
740 1565 997 1613 servum;
1030 1564 1155 1602 nam
1187 1551 1356 1613 alius,
1410 1549 1464 1602 id
1495 1557 1578 1603 est
1612 1550 1794 1614 homo,
1827 1551 2046 1617 iudicat

454 1637 604 1692 diem
623 1638 780 1692 inter
799 1638 966 1702 diem,
993 1637 1044 1690 id
1075 1645 1155 1692 est
1177 1637 1244 1691 de
1273 1637 1527 1726 praesenti
1553 1637 1746 1692 solum.
1773 1640 1952 1704 Alius,
1986 1639 2040 1692 id
2072 1667 2122 1726 B

453 1734 536 1779 est
566 1727 732 1792 Deus,
752 1726 957 1793 judicat
988 1741 1206 1780 omnem
1232 1726 1397 1791 diem,
1432 1725 1508 1780 sic
1557 1726 1625 1780 de
1675 1726 1854 1780 futuro
1886 1736 1942 1780 ut
1972 1728 2039 1782 de

449 1814 731 1885 przesenti.
769 1815 838 1867 Et
868 1829 991 1869 cum
1012 1815 1174 1868 homo
1205 1830 1336 1868 sane
1386 1814 1593 1882 judicet
1649 1815 1716 1869 de
1764 1815 2035 1885 przesenti,

444 1903 577 1974 volo
606 1910 661 1956 ut
693 1903 1066 1974 unusquisque
1087 1902 1365 1957 hominum
1392 1903 1639 1958 abundet
1667 1905 1726 1958 in
1748 1920 1846 1960 suo
1867 1921 2040 1959 sensu

449 1991 593 2046 bono
627 2006 638 2045 :
674 1999 868 2046 caetera
897 2007 1004 2046 non
1034 1999 1326 2045 mutantur.
1350 1991 1588 2061 Uterque
1619 1991 1954 2046 manducans
1985 1999 2038 2047 et

447 2080 726 2134 abstinens
757 2079 960 2150 gratias
990 2078 1101 2151 agit
1133 2081 1269 2147 Deo,
1302 2086 1355 2132 et
1373 2079 1535 2146 juste.
1561 2081 1698 2134 Nam
1722 2097 1886 2135 nemo
1908 2096 2036 2135 nos-

448 2175 601 2225 trum
643 2171 780 2225 vivit
801 2169 924 2233 sibi,
949 2167 1003 2221 id
1033 2176 1112 2222 est
1142 2161 1302 2221 nemo
1333 2167 1494 2221 debet
1532 2183 1776 2238 quaerere
1805 2168 2035 2238 gloriam

445 2274 621 2323 suam,
656 2258 784 2312 dum
814 2257 963 2322 vivit,
996 2260 1052 2311 et
1077 2272 1240 2311 nemo
1255 2256 1525 2324 justorum
1553 2259 1800 2310 moritur
1838 2256 2026 2310 simili-

442 2354 526 2401 ter
554 2347 677 2402 sibi.
713 2346 854 2400 Vere
883 2360 985 2400 nec
1016 2343 1248 2399 vivimus
1277 2359 1378 2400 nec
1407 2345 1672 2398 morimur
1700 2344 1875 2412 nobis,
1910 2361 2031 2399 nam

439 2435 675 2494 Domino
712 2449 723 2487 :
756 2436 871 2489 sive
905 2433 1060 2489 enim
1089 2433 1346 2500 vivimus,
1371 2434 1625 2500 Domino,
1649 2433 1702 2487 id
1734 2441 1814 2487 est
1836 2435 1906 2488 ad
1926 2435 2030 2488 ho-

442 2541 634 2580 norem
681 2522 895 2578 Domini
950 2521 1219 2588 vivimus;
1277 2523 1391 2577 sive
1438 2523 1733 2586 morimur,
1795 2523 2030 2580 Domino

437 2615 734 2669 morimur.
767 2613 834 2666 Et
856 2611 980 2683 quia
996 2610 1225 2666 vivimus
1247 2618 1299 2664 et
1330 2610 1584 2665 morimur
1610 2611 1857 2677 Domino,
1895 2627 2030 2682 ergo

439 2719 634 2758 sumus
679 2700 832 2756 '76
856 2701 1100 2766 Domini,
1137 2702 1250 2754 sive
1282 2700 1544 2767 vivimus,
1574 2700 1688 2754 sive
1731 2701 2024 2755 morimur.

437 2790 620 2860 Quare
651 2797 727 2856 tu,
761 2789 1086 2860 quicunque,
1141 2805 1210 2843 ne
1260 2788 1472 2856 judices
1516 2787 1751 2842 alienum
1783 2805 2024 2843 servum.

435 2881 572 2934 Vere
597 2877 812 2933 Domini
842 2894 1024 2932 sumus
1049 2895 1062 2931 :
1087 2894 1224 2932 nam
1245 2878 1306 2930 in
1329 2875 1428 2932 hoc
1443 2881 1702 2932 mortuus
1732 2881 1815 2931 est
1841 2878 2027 2932 Chris-

438 2972 530 3024 tus
570 2971 626 3024 et
659 2968 999 3034 resurrexit,
1033 2974 1088 3020 ut
1118 2981 1217 3036 per
1245 2965 1496 3019 meritum
1518 2965 1704 3020 mortis
1735 2974 1788 3020 et
1826 2974 2024 3036 poten-

433 3056 558 3110 tiam
582 3055 998 3112 resurrectionis
1014 3054 1319 3109 dominetur
1339 3061 1673 3107 mortuorum
1690 3061 1742 3108 et
1761 3053 2027 3108 vivorum.

432 3145 498 3199 Et
520 3161 642 3200 cum
665 3147 813 3199 Deus
833 3143 1073 3198 omnium
1098 3143 1424 3208 dominetur,
1452 3147 1514 3196 tu
1535 3151 1729 3196 autem
1749 3141 2030 3197 abstinens

431 3233 583 3306 quid,
610 3233 662 3288 id
687 3241 949 3304 estquare
965 3233 1193 3304 judicas
1223 3234 1468 3302 fratrem
1499 3234 1663 3284 tuum
1683 3231 2028 3286 manducan-

429 3330 560 3388 tem,
583 3326 685 3378 aut
715 3325 780 3377 tu
807 3321 1140 3376 manducans
1161 3335 1332 3392 quare
1351 3320 1570 3391 spernis
1599 3321 1841 3389 fratrem
1864 3324 2027 3375 tuum

425 3412 759 3481 jejunantem
775 3410 802 3463 ‘P

497 3499 678 3556 Nolite
709 3515 808 3556 vos
829 3499 1145 3554 alterutrum
1160 3497 1440 3566 judicare:
1467 3513 1602 3552 nam
1622 3513 1814 3552 omnes
1843 3498 2024 3554 stabi—

428 3607 556 3646 mus
587 3593 724 3645 ante
758 3589 1011 3644 tribunal
1051 3589 1172 3652 Dei,
1191 3585 1468 3654 judicandi
1497 3601 1527 3639 a
1558 3586 1697 3640 Deo.
1737 3586 2023 3642 Stabimus

423 3678 554 3734 dicit
586 3694 618 3732 a
649 3677 998 3732 similitudine
1039 3673 1466 3745 exspectantium
1507 3673 1829 3728 sententiam
1867 3675 2020 3743 judi-

421 3766 512 3822 cii.
545 3765 803 3819 Tribunal
841 3765 970 3819 dicit
1002 3763 1158 3834 quasi
1204 3763 1350 3816 Deus
1391 3777 1641 3815 sessurus
1671 3762 1759 3828 sit,
1793 3762 1863 3816 ad
1895 3778 2020 3818 mo—

421 3855 549 3909 dum
582 3853 867 3922 cujuslibet
903 3851 1140 3923 potentis
1178 3866 1280 3921 pro
1318 3850 1596 3904 tribunali.
1639 3851 1780 3904 Vere
1827 3866 2020 3906 omnes

427 3943 689 3998 stabimus
716 3957 729 3996 :
753 3958 889 3996 nam
917 3940 987 3994 ita
1007 3942 1283 4012 scriptum
1305 3943 1391 3994 est
1417 3956 1429 3992 :
1455 3938 1572 3992 haec
1599 3937 1725 3993 dicit
1751 3939 2016 3994 Dominus

425 4048 523 4103 per
553 4031 744 4085 Isaiam
783 4047 796 4083 :
830 4031 940 4098 Ego
989 4031 1106 4084 vivo
1147 4029 1274 4098 (Isa.
1310 4042 1441 4092 XLV,
1494 4027 1605 4097 23).
1639 4027 1779 4081 Ecce
1827 4043 2016 4083 sacra-

423 4127 704 4186 mentum,
753 4127 810 4173 ut
867 4117 1012 4189 quod
1069 4116 1308 4187 sequitur
1379 4114 1683 4170 certissime
1739 4116 2011 4170 credatur.

429 4209 564 4263 Cum
612 4217 794 4263 tamen
853 4205 1024 4260 Isaias
1075 4205 1288 4260 dicebat
1375 4205 1514 4267 Vivo,
1581 4203 1915 4276 intelligebat
1945 4204 2014 4259 de

424 4296 662 4361 Christo,
697 4295 788 4366 qui
818 4301 1058 4365 gustaret
1087 4291 1382 4362 aliquando
1429 4298 1677 4357 mortem,
1727 4308 1888 4362 quem
1919 4307 2010 4346 re-

2158 396 2258 449 bus
2282 396 2527 464 judicare
2544 397 2762 464 debent,
2788 397 2884 451 sed
2916 397 3062 452 solos
3083 398 3328 454 subditos
3345 402 3640 471 compescit
3680 420 3752 458 ne

2155 500 2214 538 se
2245 485 2553 538 alterutrum
2581 493 2912 556 praesumant
2950 487 3219 554 judicare.
3283 489 3573 560 Postquam
3615 492 3752 546 satis

2154 573 2390 627 ostendit
2439 588 2547 628 non
2596 574 2798 629 debere
2849 590 2907 630 se
2938 575 3168 630 invicem
3201 575 3444 644 judicare
3493 579 3562 632 de.
3608 595 3748 634 con-

2155 661 2413 726 scientiis,
2449 662 2697 732 prohibet
2729 679 2823 718 eos
2858 679 2888 716 a
2921 663 3196 718 scandalis
3226 664 3474 730 fratrum,
3508 667 3697 722 dicens
3733 683 3746 722 :

2151 750 2228 805 Ne
2251 749 2515 819 iudicetis
2537 752 2797 817 invicem,
2826 752 2921 807 sed
2943 753 3042 808 hoc
3064 753 3241 824 magis
3254 755 3534 824 judicate,
3555 772 3625 810 ne
3653 773 3749 828 po-

2152 839 2309 893 natis
2339 839 2742 909 offendiculum
2763 841 2959 911 fratri,
2995 842 3079 896 vel
3100 841 3460 897 scandalum.
3495 843 3741 915 Offendi-

2150 928 2345 982 cutum
2377 937 2553 993 vocat,
2588 937 2644 982 ut
2676 930 2721 982 si
2768 928 2965 984 faceret
3015 929 3238 984 fratrem
3279 947 3501 1001 peccare
3552 949 3742 988 come-

2151 1015 2369 1069 dentem
2401 1016 2453 1069 in
2485 1016 2884 1082 incredulitate,
2915 1017 3003 1072 vel
3025 1017 3157 1073 sieo
3198 1019 3378 1074 animo
3407 1021 3739 1089 comederet,

2149 1111 2203 1156 ut
2237 1103 2404 1158 frater
2433 1105 2534 1160 hoc
2565 1106 2885 1160 abominans
2917 1106 3182 1161 rixaretur
3211 1116 3262 1162 et
3311 1118 3596 1180 sperneret
3641 1127 3742 1166 co-

2147 1192 2478 1247 medentem.
2516 1195 2861 1250 Scandalum
2891 1204 3049 1250 vocat
3069 1196 3531 1252 contristationem
3553 1198 3737 1253 fratris

2148 1280 2387 1334 habitam
2419 1299 2484 1336 ex
2517 1299 2583 1337 eo
2614 1283 2757 1353 quod
2790 1284 2934 1339 videt
2956 1301 3081 1339 eum
3129 1286 3418 1341 comedere
3460 1288 3603 1358 quod
3627 1287 3737 1342 im-

2147 1370 2408 1424 mundum
2430 1379 2600 1441 putat.
2619 1371 2891 1439 Objiceret
2906 1373 3070 1427 Paulo
3092 1373 3181 1428 ille
3198 1374 3288 1444 qui
3310 1375 3560 1429 omnibus
3583 1384 3742 1431 uten—

2146 1458 2272 1512 dum
2303 1475 2427 1513 esse
2449 1459 2700 1530 intelligit
2725 1475 2736 1513 :
2763 1461 2840 1514 Tu
2863 1459 3092 1516 fortasse
3132 1478 3258 1517 cum
3277 1463 3464 1518 Judan
3486 1463 3738 1519 infirma-

2146 1548 2241 1612 ris,
2267 1547 2359 1618 qui
2401 1547 2539 1603 dicis
2579 1566 2666 1603 me
2702 1547 2980 1604 offendere
3003 1566 3128 1606 cum
3168 1559 3287 1606 utor
3309 1553 3570 1607 creaturis
3610 1554 3733 1608 Dei.

2145 1635 2298 1690 Absit
2321 1637 2444 1704 hoc,
2469 1636 2540 1690 ait
2561 1637 2774 1702 Paulus,
2813 1645 2868 1691 ut
2890 1655 2995 1710 ego
3025 1654 3278 1694 accusem
3321 1649 3390 1706 te,
3433 1642 3562 1712 quin
3601 1658 3736 1697 sane

2143 1725 2357 1779 credas.
2381 1727 2504 1780 Scio
2526 1726 2668 1779 enim
2693 1734 2744 1780 et
2763 1727 2864 1781 hoc
2912 1728 3128 1796 con/ldo
3167 1729 3226 1782 in
3252 1731 3484 1784 Domino
3505 1731 3651 1795 Iesu,
3676 1730 3734 1784 id

2140 1821 2223 1866 est
2251 1829 2348 1883 per
2374 1813 2558 1868 Jesum
2582 1813 2675 1867 tibi
2729 1823 2916 1879 testor,
2951 1816 3093 1887 quod
3120 1817 3268 1871 nihil
3289 1821 3376 1872 est
3413 1834 3731 1885 comm-une,

2138 1900 2194 1954 id
2240 1911 2321 1955 est
2377 1901 2712 1956 immundum
2748 1919 2761 1958 :
2794 1911 2846 1957 et
2920 1904 3022 1959 hoc
3104 1921 3206 1975 per
3284 1907 3490 1976 ipsum,
3548 1906 3604 1960 id
3650 1915 3735 1962 est

2137 2005 2237 2058 per
2275 1989 2550 2044 Christum
2573 1990 2785 2061 quinos
2808 1991 2966 2046 solvit
3010 2008 3042 2046 a
3074 1991 3215 2063 lege,
3262 1994 3362 2047 sub
3411 2011 3518 2066 qua
3565 1995 3732 2049 multa

2130 2077 2508 2146 judicabantur
2542 2079 2856 2144 immunda;
2891 2080 2986 2134 sed
3027 2080 3150 2151 quia
3171 2091 3427 2137 evacuata
3467 2083 3570 2138 hac
3605 2083 3732 2154 lege

2134 2165 2352 2221 libertas
2384 2167 2597 2222 reddita
2663 2168 2896 2236 est,jam
2952 2184 3238 2224 commune
3294 2171 3580 2226 dicendum
3622 2182 3725 2227 est.

2137 2255 2260 2310 Scio
2291 2257 2475 2327 utique
2505 2256 2635 2310 nihil
2665 2273 2788 2312 esse
2838 2272 3126 2312 commune
3172 2258 3275 2312 nisi
3321 2259 3370 2313 ei
3417 2259 3506 2332 qui
3536 2260 3730 2315 existi-

2134 2351 2246 2397 mat
2270 2344 2471 2416 aliquid
2515 2361 2802 2400 commune
2841 2361 2962 2400 esse
2983 2364 2996 2400 :
3018 2345 3093 2399 illi
3124 2362 3225 2416 pro
3254 2355 3406 2403 certo
3435 2364 3726 2405 commune

2133 2441 2233 2498 est,
2269 2449 2380 2488 non
2432 2441 2654 2504 propter
2715 2433 2891 2504 ipsam
2965 2443 3290 2499 creaturam,
3351 2437 3449 2491 sed
3503 2446 3728 2508 propter

2133 2519 2259 2575 fidei
2288 2537 2398 2575 sua:
2428 2521 2816 2576 infirmitatem.
2857 2524 2939 2577 Ne
2982 2539 3151 2593 ponas
3203 2525 3516 2579 scandalum
3547 2525 3719 2581 fratri.

2131 2611 2272 2664 Nam
2285 2612 2333 2664 si
2353 2614 2540 2680 frater
2563 2615 2692 2666 tuus
2710 2613 3091 2666 contristatur
3103 2617 3336 2684 propter
3351 2614 3536 2669 cibum
3557 2632 3722 2687 quem

2128 2699 2324 2762 sumis,
2329 2699 2455 2767 jam
2475 2716 2591 2754 non
2607 2699 2862 2755 ambulas
2878 2699 3186 2756 secundum
3207 2701 3571 2771 charitatem,
3593 2703 3722 2774 quia

2128 2801 2236 2840 non
2273 2786 2422 2858 geris
2450 2802 2634 2842 curam
2662 2788 2910 2858 proximi.
2954 2789 3020 2843 Ut
3058 2790 3127 2842 ab
3167 2787 3492 2846 offendiculo
3541 2791 3720 2846 fratris

2129 2889 2345 2940 caveas,
2372 2877 2624 2932 nolicibo
2656 2880 2750 2931 tuo
2782 2876 2897 2948 (qui
2927 2877 3033 2931 vile
3063 2877 3195 2947 quid
3223 2881 3326 2947 est)
3372 2879 3606 2950 perdere
3641 2881 3719 2935 il-

2130 2963 2249 3017 lum
2271 2983 2288 3017 :
2328 2971 2385 3018 ut
2405 2963 2490 3018 vel
2523 2963 2692 3019 facias
2721 2981 2844 3019 eum
2875 2965 3167 3020 comedere
3199 2974 3376 3022 tecum
3427 2967 3482 3020 in
3521 2966 3719 3023 infide-

2128 3051 2295 3116 litate,
2330 3051 2415 3106 vel
2446 3051 2640 3106 rixeris
2669 3067 2794 3108 cum
2841 3052 2956 3107 illo.
3006 3053 3148 3121 Noli,
3200 3054 3436 3126 inquam,
3475 3072 3572 3126 pro
3603 3065 3715 3111 tam

2129 3140 2219 3194 vili
2250 3156 2306 3194 re
2336 3140 2618 3213 negligere
2657 3158 2800 3206 eum,
2852 3158 2952 3213 pro
3001 3159 3105 3214 quo
3147 3144 3405 3199 Christus
3453 3149 3714 3201 mortuus

2127 3231 2230 3294 est,
2281 3227 2334 3281 id
2366 3237 2448 3282 est
2495 3244 2656 3298 quem
2714 3228 2960 3283 Christus
3009 3229 3146 3284 adeo
3193 3230 3399 3298 dilexit,
3436 3240 3492 3286 ut
3522 3248 3622 3302 pro
3649 3249 3717 3288 eo

2127 3315 2264 3370 mori
2284 3316 2536 3370 voluerit.
2588 3315 3044 3387 Quandoquidem
3103 3319 3258 3373 cibus
3289 3319 3392 3374 vile
3449 3320 3576 3391 quid
3608 3328 3712 3388 est,

2123 3404 2354 3476 perdere
2383 3413 2560 3459 autem
2602 3405 2908 3475 proximum
2955 3421 3123 3478 grave
3171 3415 3272 3475 est,
3307 3423 3442 3480 ergo
3491 3425 3560 3464 ne
3591 3408 3714 3465 cibo

2124 3499 2309 3547 nostro
2338 3493 2594 3563 perdatur
2625 3493 2926 3562 proximus.

2194 3582 2409 3638 Bonum
2438 3585 2720 3651 nostrum,
2745 3581 2798 3636 id
2830 3590 2912 3636 est
2933 3597 3100 3636 sanus
3125 3582 3433 3639 intellectus
3462 3601 3624 3656 quem
3643 3584 3715 3641 de

2122 3669 2384 3724 creaturis
2412 3669 2694 3735 habemus,
2728 3670 2830 3726 hoc
2859 3669 3044 3741 utique
3076 3670 3276 3725 bonum
3306 3688 3421 3727 non
3452 3673 3713 3743 blasphe-

2119 3761 2326 3823 metur,
2378 3757 2432 3811 id
2465 3765 2546 3812 est
2600 3773 2710 3812 non
2769 3757 2862 3812 fiat
2917 3759 3362 3829 blasphemabile,
3395 3767 3454 3814 ut
3483 3775 3580 3830 per
3610 3761 3714 3817 hoc

2119 3846 2321 3901 bonum
2341 3845 2560 3901 fratrem
2591 3846 2890 3918 simplicem
2913 3846 3272 3902 offendamus.
3297 3849 3632 3903 Determinat
3652 3849 3708 3903 in

2119 3935 2316 4006 quibus
2345 3950 2454 3990 non
2486 3935 2554 3989 sit
2583 3934 2944 3990 offendendus
2972 3936 3258 4006 proximus
3285 3951 3296 3990 :
3322 3936 3376 3990 in
3397 3936 3481 3991 his
3503 3937 3712 3993 scilicet

2118 4039 2238 4093 quae
2269 4023 2625 4078 salvationem
2647 4023 2967 4094 impediunt,
3001 4031 3054 4078 et
3082 4024 3137 4078 in
3168 4024 3366 4095 quibus
3387 4040 3494 4080 non
3527 4025 3597 4079 sit
3625 4041 3715 4081 se-

2117 4111 2402 4181 quendus;
2435 4111 2490 4165 in
2517 4112 2603 4165 his
2635 4111 2842 4167 scilicet
2871 4128 2992 4183 quae
3021 4111 3250 4167 salutem
3308 4113 3504 4168 animae
3562 4112 3714 4168 aufe-

2115 4207 2239 4252 runt
2267 4199 2454 4254 dicens
2489 4217 2502 4254 :
2537 4201 2671 4255 Cibo
2700 4216 2809 4255 non
2837 4200 3007 4255 debes
3063 4201 3374 4271 proximum
3434 4201 3707 4272 perdere;

2112 4303 2234 4340 nam
2257 4304 2380 4343 esca
2401 4287 2466 4343 '7
2483 4288 2549 4343 ’τ’
2569 4292 2625 4342 et
2645 4294 2807 4360 potus
2829 4305 2942 4345 non
2960 4293 3045 4345 est
3063 4305 3299 4360 regnum
3320 4291 3440 4359 Dei,
3455 4290 3508 4344 id
3530 4298 3612 4345 est
3633 4291 3710 4345 uti

421 4393 737 4457 surgentem
793 4385 953 4438 Pater
1010 4381 1362 4437 constitueret
1437 4379 1678 4434 omnium
1720 4379 1963 4448 judicem
1995 4397 2008 4435 :
2033 4383 2086 4443 D
2115 4377 2214 4430 hac
2247 4391 2372 4431 esca
2400 4385 2451 4430 et
2480 4376 2585 4431 hoc
2616 4385 2768 4447 potu,
2791 4393 2902 4432 non
2920 4377 3014 4432 dat
3043 4395 3272 4448 regnum
3294 4378 3392 4434 Dei
3427 4395 3441 4434 :
3473 4393 3576 4434 nec
3607 4378 3710 4432 tol-

419 4473 564 4546 quod
612 4471 860 4526 infideles
915 4470 1108 4524 falsum
1165 4476 1526 4540 putaverunt,
1588 4483 1712 4523 cum
1763 4468 2012 4524 viderent

419 4577 544 4617 eum
566 4569 858 4616 mortuum.
883 4561 948 4612 Et
987 4559 1040 4612 in
1075 4574 1207 4614 voce
1238 4557 1544 4612 Christi'sic
1573 4557 1644 4610 ait
1678 4571 1690 4609 :
1723 4557 1842 4629 Ego
1882 4573 2010 4613 vere

420 4651 543 4706 vivo
578 4667 590 4704 :
623 4649 769 4721 quod
789 4647 964 4718 palam
986 4647 1088 4702 erit
1109 4663 1172 4702 ex
1195 4662 1280 4712 eo,
1303 4645 1556 4716 quoniam
1585 4645 1729 4699 mihi
1748 4646 2012 4713 ﬂectetur

419 4754 583 4796 omne
609 4755 776 4810 genu,
811 4736 865 4791 id
923 4744 1006 4791 est
1061 4735 1239 4790 omnis
1281 4742 1525 4789 creatura
1566 4733 1696 4787 mihi
1725 4732 1778 4786 in
1805 4733 2010 4801 judicio

416 4826 762 4895 subjiciatur;
820 4833 873 4880 et
920 4832 1045 4878 tunc
1100 4823 1280 4878 omnis
1341 4823 1552 4892 lingua,
1588 4820 1642 4874 id
1698 4829 1781 4875 est
1833 4821 2010 4876 omnis

419 4913 752 4970 conscientia
781 4913 1142 4981 conﬁtebitur
1170 4911 1420 4966 Domino.
1471 4910 1537 4963 Et
1569 4908 2008 4980 quandoquidem

418 5003 490 5056 ita
520 5001 800 5072 Scriptura
826 5001 897 5054 ait
934 5016 1145 5064 omnes,
1178 4999 1410 5062 scilicet,
1444 5013 1474 5050 a
1503 4997 1618 5051 Deo
1657 4996 2004 5064 judicandos,

351 5095 354 5098 ’
419 5090 599 5161 itaque
629 5097 838 5144 constat
884 5089 1028 5160 quod
1086 5087 1466 5159 unusquisque
1514 5089 1772 5140 nostrum
1806 5085 2005 5140 reddat

416 5181 700 5234 rationem
755 5181 866 5234 Deo
912 5194 1010 5250 pro
1071 5192 1145 5241 se,
1190 5184 1242 5230 et
1317 5190 1426 5228 non
1479 5189 1582 5244 pro
1637 5172 1906 5243 proximo.
1939 5174 2007 5228 Et

391 5266 856 5339 quandoquidem
887 5281 986 5336 pro
1016 5264 1173 5319 nobis
1204 5261 1468 5318 reddituri
1508 5278 1696 5316 sumus
1714 5263 2000 5327 rationem,

412 5373 538 5428 ergo
559 5373 676 5411 non
696 5355 944 5425 amplius
957 5353 1277 5424 judicemus
1299 5368 1398 5405 nos
1419 5351 1682 5419 invicem,
1707 5350 1761 5405 id
1783 5358 1863 5405 est
1885 5349 2004 5404 sub-

413 5445 554 5500 ditus
584 5443 880 5502 subditum.
920 5443 1023 5497 Per
1061 5441 1182 5507 hoc,
1232 5441 1495 5506 invicem,
1553 5438 1723 5493 innuit
1779 5454 1838 5495 se
1893 5453 2004 5495 non

2112 4463 2192 4532 lit,
2217 4464 2263 4518 si
2284 4464 2561 4520 abstineas
2587 4465 2656 4519 ab
2691 4465 2795 4520 his.
2840 4468 2966 4522 Haec
3011 4482 3121 4521 non
3167 4467 3296 4521 dant
3326 4483 3554 4538 regnum
3583 4467 3703 4522 Dei.

2113 4553 2216 4610 Sed
2227 4554 2480 4626 justitia,
2497 4553 2552 4608 id
2572 4561 2654 4608 est
2671 4554 2899 4625 aequitas
2929 4563 3139 4611 servata
3157 4555 3226 4609 ad
3246 4555 3550 4626 proximum
3573 4562 3630 4609 ut
3650 4555 3706 4609 in

2111 4641 2256 4696 nullo
2277 4658 2400 4696 eum
2421 4640 2798 4709 offendamus;
2831 4652 2882 4698 et
2925 4661 3065 4716 pax,
3107 4643 3162 4698 id
3196 4651 3280 4698 est
3316 4643 3602 4699 concordia
3639 4659 3704 4698 ex

2111 4738 2328 4784 servata
2346 4731 2596 4802 aequitate
2622 4731 2866 4786 veniens.
2890 4731 2956 4785 Et
2974 4732 3263 4803 gaudium,
3284 4731 3427 4803 quod
3474 4731 3612 4787 alter
3649 4731 3707 4785 in

2109 4817 2397 4874 dilectione
2437 4819 2787 4891 congaudere
2817 4819 3008 4886 alteri;
3033 4820 3176 4892 quod
3204 4820 3461 4892 gaudium
3491 4819 3544 4874 in
3567 4835 3704 4890 pace

2109 4906 2367 4961 nutritum
2389 4915 2470 4962 est
2490 4910 2551 4962 in
2567 4909 2787 4979 Spiritu
2805 4913 3022 4975 sancto,
3047 4909 3102 4962 id
3118 4917 3219 4974 est,
3239 4908 3539 4964 secundum
3556 4908 3702 4980 quod

2108 4995 2273 5050 dictat
2291 4995 2523 5065 Spiritus
2545 5004 2790 5051 sanctus.
2843 4998 2988 5061 Haec,
3038 4996 3278 5068 inquam,
3317 5004 3442 5051 sunt
3472 5012 3704 5069 regnum

2107 5083 2208 5138 Dei
2241 5081 2265 5136 ε’
2288 5099 2414 5136 nam
2444 5083 2499 5136 in
2528 5083 2614 5137 his
2644 5084 2879 5139 servitur
2899 5085 3133 5140 Christo.
3161 5086 3266 5153 Qui
3294 5093 3473 5140 autem
3493 5087 3557 5140 in
3588 5086 3696 5151 his,

2106 5171 2161 5224 id
2182 5178 2264 5225 est
2283 5187 2436 5242 pace,
2451 5171 2675 5241 justitia,
2701 5180 2753 5227 et
2775 5173 2996 5246 gaudio,
3021 5174 3193 5229 servit
3211 5173 3548 5240 Christo,hic
3569 5174 3702 5245 pla-

2105 5263 2193 5315 cet
2223 5261 2352 5326 Deo,
2377 5264 2432 5315 et
2450 5261 2718 5332 probatus
2735 5267 2820 5318 est
2847 5263 3182 5328 hominibus,
3206 5261 3262 5316 id
3281 5269 3363 5318 est
3385 5263 3502 5318 haec
3519 5261 3699 5316 servi-

2105 5356 2191 5403 tus
2206 5348 2508 5420 probabilis
2531 5349 2804 5418 judicatur
2825 5351 2889 5404 ab
2906 5351 3157 5406 omnibus
3183 5369 3198 5416 ;
3231 5366 3330 5406 nec
3348 5358 3430 5406 est
3450 5349 3589 5406 sicut
3610 5358 3701 5404 tua

2103 5438 2393 5509 comestio,
2442 5438 2499 5494 in
2547 5455 2656 5511 qua
2691 5431 2981 5498 offenditur
3017 5439 3316 5511 proximus.
3377 5439 3506 5496 Ideo
3543 5438 3700 5510 prius
