3960 6036
167 252 267 302 113

816 247 1196 305 EXPOSITIO
1236 248 1310 303 IN
1346 247 1727 306 EPISTOLAS
1769 249 1997 305 PAULI.
2034 280 2103 290 —
2132 248 2205 305 [Ν
2243 248 2462 305 EPIST.
2510 249 2603 305 AD
2642 248 2811 306 ROM.

3361 254 3463 308 1N

162 375 253 439 ait,
289 375 462 430 servit
491 374 728 444 Christo,
763 374 959 430 dehinc
982 374 1324 444 placetDee;
1360 374 1489 445 quia
1518 373 1765 430 Christus
1784 377 1839 435 Α
1872 397 1893 421 ‹‹
1933 374 2237 445 perantium
2269 374 2364 428 tibi
2394 374 2709 430 ceciderunt
2740 391 2904 445 super
2934 391 3021 430 me
3053 374 3229 446 (Psal.
3263 386 3456 443 vaut,

160 464 346 535 legem
379 465 530 535 pacis
560 473 613 519 et
636 464 857 532 justitize
887 464 1037 518 dedit
1060 463 1385 529 hominibus,
1412 463 1504 534 qui
1534 463 1638 517 nisi
1667 480 1767 534 per

160 553 437 608 Christum
472 554 688 624 placere
733 569 840 607 non
878 560 1108 623 possunt
1140 553 1273 607 Deo.
1309 551 1765 623 Quandoquidem

158 644 397 698 servitus
428 644 577 714 pacis
606 643 786 713 placet
816 643 931 697 Deo
963 649 1014 695 et
1045 642 1114 694 ab
1145 641 1455 695 horninibus
1484 642 1765 711 approba-

157 740 260 797 tur,
285 734 987 804 itaquesectemureaquw
1004 731 1161 800 pacis
1179 733 1330 794 sunt,
1357 745 1465 783 non
1493 728 1765 802 litigamus

154 836 279 876 cum
312 822 585 892 proxime,
621 820 719 876 sed
750 820 913 875 etiam
945 827 1217 875 sectemur
1245 834 1307 872 ea
1337 834 1458 888 quae
1488 826 1610 872 sunt
1638 819 1766 874 aedi-

155 911 447 979 ﬁcationis
478 932 495 966 :
527 919 579 967 et
608 912 713 966 hoc
759 911 1020 972 invicem,
1054 916 1112 961 ut
1143 915 1196 961 tu
1225 905 1465 963 aedifices
1512 906 1663 961 illum
1707 908 1764 962 in

155 1007 245 1052 tuo
277 1001 445 1063 bene,
480 1008 533 1054 et
565 1000 654 1054 ille
706 1006 757 1052 te
787 996 841 1050 in
870 1012 991 1051 sue.
1037 995 1196 1064 Quod
1225 995 1311 1049 hic
1344 995 1417 1049 ait
1445 994 1762 1052 aediﬁcatio-

157 1085 258 1151 nis,
291 1084 445 1139 idem
474 1094 555 1139 est
588 1087 733 1157 quod
765 1086 837 1140 ait
868 1085 1137 1155 superius,
1173 1082 1446 1138 inﬁrmum
1476 1085 1758 1140 assumite.

160 1174 447 1228 Sectemur
478 1189 543 1227 ea
594 1191 711 1245 qua:
762 1182 881 1227 sunt
924 1172 1316 1236 aedificationis,
1369 1188 1478 1227 non
1528 1188 1593 1227 ea
1641 1190 1762 1244 quae

159 1270 279 1315 sunt
312 1262 725 1328 destructionis,
761 1263 904 1333 quod
935 1262 1013 1316 sic
1034 1261 1105 1315 ait
1139 1279 1151 1315 :
1183 1262 1307 1315 Noli
1327 1265 1555 1333 propter
1574 1278 1760 1317 escam

160 1356 321 1406 tuam
350 1369 462 1418 qua
492 1352 793 1424 proximus
813 1351 1122 1421 offenditur
1141 1351 1431 1405 destruere
1465 1349 1519 1403 in
1540 1365 1605 1405 eo
1626 1367 1759 1422 opus

157 1442 270 1505 Dei,
307 1440 368 1494 id
398 1448 481 1495 est
514 1439 673 1495 ﬁdem
706 1456 864 1511 quam
889 1440 1003 1507 jam
1032 1446 1286 1509 operatus
1308 1446 1386 1492 est
1420 1438 1473 1491 in
1494 1454 1559 1493 eo
1590 1440 1754 1493 Deus.

156 1529 207 1582 Si
236 1529 392 1582 enim
424 1529 589 1582 nimia
614 1529 950 1583 districtione
979 1543 1147 1599 cogas
1179 1543 1322 1592 eum,
1359 1527 1462 1581 hoc
1495 1527 1759 1581 tantillum

157 1618 281 1671 boni
315 1619 469 1689 quod
501 1618 663 1672 habet
691 1618 927 1672 deseret.
962 1615 1141 1684 Quare
1161 1616 1333 1686 magis
1356 1624 1438 1670 est
1469 1615 1758 1669 nutrienda

1871 486 1898 519 «
1936 464 2043 535 10).
2082 486 2103 514 »
2141 464 2487 535 Qumcunque
2535 464 2679 518 enim
2726 464 2924 535 scripta
2969 472 3111 533 sunt,
3166 465 3233 519 ad
3303 464 3457 521 ’78

1872 581 1893 609 α
1930 563 2168 612 nostram
2198 552 2502 608 doctrinam
2533 552 2729 622 scripta
2761 560 2903 622 sunt,
2937 561 2991 607 ut
3021 570 3117 623 per
3144 553 3460 623 patientiam

1870 672 1891 695 α
1928 654 1981 701 et
2011 642 2440 701 consolationem
2472 642 2900 712 Scripturarum,
2946 658 3097 712 spem
3130 642 3450 697 habeamus.

1871 760 1891 783 ιι
1930 737 2075 790 Deus
2099 740 2279 786 autem
2310 730 2581 800 patientiae
2612 739 2663 785 et
2694 730 2868 785 solatii
2899 731 2989 785 det
3032 730 3186 785 vobis
3224 731 3461 801 idipsum

1871 846 1893 875 «
1930 838 2123 894 sapere
2150 820 2204 874 in
2234 819 2545 874 alterutrum
2596 819 2897 875 secundum
2950 820 3133 873 Jesum
3164 819 3457 887 Christum,

1870 933 1891 963 ι
1928 921 1984 966 ut
2015 910 2299 965 unanimes
2346 923 2454 962 uno
2483 924 2580 962 ore
2629 906 2998 963 honeriﬁcetis
3046 908 3239 973 Deum,
3272 916 3324 963 et
3354 910 3459 963 Pa-

1870 1024 1890 1050 .
1927 1008 2064 1055 trem
2096 998 2311 1053 Domini
2342 997 2508 1050 nostri
2537 996 2666 1050 Jesu
2687 996 2903 1049 Christi.
2930 997 3155 1067 Propter
3174 997 3317 1067 quod
3342 1013 3462 1051 sus-

1869 1113 1889 1137 α
1928 1088 2088 1159 cipite
2122 1087 2373 1154 invicem,
2421 1084 2559 1139 sicut
2602 1092 2653 1139 et
2698 1084 2942 1139 Christus
2989 1085 3229 1155 suscepit
3275 1102 3372 1140 vos
3403 1086 3459 1140 in

1866 1204 1887 1227 ι
1922 1179 2188 1232 honorem
2220 1174 2337 1229 Dei.
2391 1173 2524 1227 Dico
2571 1172 2715 1227 enim
2764 1173 3038 1227 Christum
3076 1175 3261 1228 Jesum
3292 1174 3459 1227 mini-

1866 1290 1886 1313 «
1926 1274 2092 1320 strum
2156 1264 2323 1317 fuisse
2372 1261 2838 1329 circumcisienis,
2902 1270 3126 1332 prepter
3170 1263 3454 1319 veritatem

1867 1376 1888 1405 ι
1925 1354 2044 1419 Dei,
2069 1354 2135 1408 ad
2158 1351 2557 1408 conﬁrmandus
2579 1350 2969 1421 promissiones
2991 1358 3200 1421 patrum
3227 1370 3238 1405 :
3265 1359 3456 1422 gentes

1866 1464 1887 1493 ε
1923 1451 2101 1497 autem
2162 1456 2327 1511 super
2372 1440 2745 1495 misericordia
2793 1440 3064 1494 honorare
3097 1441 3287 1507 Deum,
3322 1440 3456 1496 sicut

1866 1554 1887 1583 α
1924 1532 2183 1602 scriptum
2217 1538 2298 1585 est
2331 1547 2343 1583 :
2382 1551 2404 1579 α
2442 1530 2733 1599 Prepterea
2772 1526 3073 1583 conﬁtebor
3102 1529 3197 1582 tibi
3226 1529 3280 1583 in
3310 1546 3452 1601 gen-

1863 1644 1884 1667 ‹‹
1922 1621 2083 1688 tibus,
2119 1619 2368 1683 Domine,
2403 1630 2453 1672 et
2486 1618 2687 1671 nomini
2718 1625 2810 1671 tuo
2840 1618 3071 1672 cantabo
3102 1619 3177 1689 (II
3205 1621 3327 1689 Reg.
3360 1622 3451 1685 22,

155 1706 443 1761 infirmitas
502 1707 637 1775 ejus,
698 1722 861 1777 quam
908 1705 1074 1758 nimia
1112 1705 1403 1774 asperitate
1456 1704 1707 1775 cogenda
1740 1721 1752 1757 :
1788 1732 1839 1792 B
1863 1732 1883 1755 ‹‹
1923 1711 2032 1779 50).
2072 1730 2092 1756 ιι
2130 1710 2195 1762 Et
2237 1708 2431 1761 iterum
2481 1707 2610 1761 dicit
2644 1724 2655 1759 :
2694 1729 2715 1753 «
2752 1706 3051 1771 Laztamini,
3086 1715 3297 1779 gentes,
3327 1722 3453 1762 cum

155 1797 298 1867 quod
331 1798 527 1850 Petrus
574 1796 769 1850 idonee
808 1794 936 1848 satis
986 1794 1325 1859 observabat,
1373 1808 1497 1848 cum
1539 1792 1757 1847 Judaees

155 1901 290 1954 quos
322 1886 398 1939 ad
428 1884 592 1939 ﬁdem
623 1884 817 1938 Christi
850 1890 1207 1946 converterat,
1234 1882 1411 1936 adhuc
1441 1881 1758 1937 circumcidi

154 1974 288 2027 etin
334 1974 663 2044 quibusdam
711 1972 980 2044 legalibus
1028 1971 1371 2042 permittebat
1407 1988 1419 2024 :
1453 1970 1521 2025 de
1561 1970 1757 2041 quibus

156 2062 197 2116 si
227 2062 662 2133 intemperanter
690 2069 911 2134 cogeret
959 2076 1073 2125 eos,
1104 2060 1259 2115 citius
1287 2060 1431 2130 quod
1461 2060 1529 2114 ab
1561 2075 1625 2113 eo
1658 2074 1756 2113 ac-

156 2159 420 2221 ceperant
449 2151 801 2219 dimitterent,
852 2166 1011 2221 quam
1056 2148 1126 2202 ita
1156 2149 1437 2218 repentina
1476 2148 1544 2203 ad
1576 2146 1757 2218 perfe-

154 2240 395 2295 ctionem
467 2240 844 2295 escenderent.
897 2238 1111 2294 Sciebat
1155 2238 1297 2292 enim
1347 2253 1443 2291 eos
1499 2237 1754 2307 paulatim

154 2344 317 2398 posse
348 2338 404 2383 et
433 2330 635 2383 debere
684 2329 752 2382 ad
804 2326 1195 2398 perfectionem
1236 2326 1450 2391 adduci,
1505 2326 1641 2381 sicut
1671 2325 1755 2379 fa-

154 2428 298 2471 ctum
328 2426 432 2471 est.
468 2417 591 2471 Noli
620 2425 845 2487 propter
875 2431 1055 2471 escam
1104 2415 1385 2469 destruere
1430 2413 1591 2469 ﬁdem
1620 2430 1753 2485 pre-

156 2506 302 2569 ximi,
337 2522 452 2560 non
501 2507 642 2577 quod
692 2522 819 2561 esca
849 2504 1127 2558 immunda
1160 2504 1227 2558 sit
1260 2521 1271 2556 :
1306 2505 1500 2558 omnia
1533 2504 1754 2574 quidem

156 2594 369 2649 munda
394 2599 563 2660 sunt;
582 2595 678 2649 sed
700 2602 876 2649 tamen
897 2594 1115 2647 malum
1128 2594 1463 2657 esthomini,
1480 2594 1574 2663 qui
1596 2610 1753 2647 man-

158 2684 329 2738 duca!
347 2701 455 2756 per
476 2684 900 2754 oﬁendiculum,
935 2682 1221 2736 intendens
1250 2680 1529 2735 offendere
1560 2682 1748 2751 proxi-

154 2789 320 2827 mum.
355 2773 474 2827 Nec
523 2772 696 2827 solum
736 2780 792 2826 ut
836 2786 1034 2827 caveas
1083 2771 1154 2825 ab
1191 2768 1489 2824 offensione
1520 2769 1753 2840 proximi

163 2862 335 2916 debes
364 2861 637 2916 abstinere
667 2862 735 2915 ab
765 2861 867 2925 his,
902 2860 999 2915 sed
1028 2860 1191 2914 etiam
1220 2859 1286 2912 ab
1319 2859 1466 2913 omni
1504 2874 1670 2913 carne
1701 2867 1753 2913 et

154 2952 223 3005 ab
254 2951 409 3005 omni
436 2959 564 3021 potu
594 2950 647 3004 in
678 2966 785 3021 quo
822 2949 982 3004 frater
1011 2947 1320 3003 offenditur.
1353 2946 1511 3016 Quod
1541 2948 1611 3001 ita
1642 2947 1747 3002 ait:

158 3042 377 3096 Bonum
412 3044 497 3094 est
528 3040 628 3094 tibi
656 3056 770 3095 non
804 3039 1151 3093 manducare
1171 3053 1419 3103 carnem,
1444 3054 1547 3093 nec
1568 3037 1749 3093 bibere

157 3131 380 3192 vinum,
416 3144 593 3200 neque
623 3127 829 3198 aliquid
860 3130 919 3182 in
950 3144 1054 3199 quo
1084 3130 1269 3197 frater
1293 3130 1425 3180 tuus
1444 3126 1751 3196 offenditur

150 3234 205 3271 se
229 3218 541 3288 peccando,
570 3215 959 3271 velefi'enditur
980 3232 1011 3269 a
1034 3224 1083 3270 te
1106 3223 1157 3269 et
1178 3215 1605 3270 scandalizatur
1627 3230 1753 3270 con-

148 3306 441 3371 tristande,
462 3310 563 3359 aut
592 3306 923 3373 inﬁrmatur
951 3304 1005 3357 in
1043 3302 1148 3358 ﬁde
1186 3303 1574 3374 aliquantulum
1595 3303 1754 3358 haesi-

148 3395 333 3449 tando.
358 3396 443 3449 Ne
463 3392 709 3449 offendas
731 3394 1052 3464 proximum,
1076 3393 1245 3447 debes
1266 3392 1534 3446 abstinere
1556 3392 1625 3445 ab
1644 3392 1745 3447 his.

160 3485 235 3538 Tu
259 3483 484 3554 quidem
522 3482 686 3537 habes
715 3482 880 3550 ﬁdem
921 3497 1110 3535 sanam
1131 3497 1304 3553 penes
1346 3483 1746 3551 temetipsum;

147 3572 294 3627 habe
324 3572 476 3626 illam
507 3588 696 3628 coram
727 3574 855 3635 Deo,
881 3571 935 3625 id
957 3579 1038 3625 est
1068 3570 1261 3626 sufficit
1293 3570 1386 3624 tibi
1416 3578 1471 3623 ut
1501 3571 1647 3624 Deus
1676 3569 1751 3623 in-

147 3661 366 3731 telligat
406 3659 570 3715 ﬁdem
602 3668 750 3713 tuam
784 3678 797 3713 :
829 3676 939 3715 non
977 3667 1190 3730 oportet
1236 3667 1294 3712 ut
1343 3675 1529 3714 ceram
1574 3658 1746 3711 absti-

146 3758 311 3804 nente
343 3749 435 3819 qui
465 3747 760 3803 offenditur
790 3748 957 3803 facias
986 3764 1122 3818 opus
1155 3748 1271 3815 ejus
1303 3746 1427 3801 ﬁdei
1452 3766 1465 3813 ;
1500 3747 1624 3802 ideo
1652 3763 1753 3816 pe-

144 3854 241 3891 nes
274 3838 623 3906 temetipsum
654 3836 818 3892 ﬁdem
849 3838 990 3892 hanc
1020 3837 1244 3901 habeas,
1279 3851 1385 3890 non
1417 3851 1600 3892 ceram
1632 3836 1750 3889 abs-

145 3928 375 3981 tinente.
410 3927 551 3979 Nam
582 3927 774 3981 beatus
804 3934 886 3981 est
917 3926 1006 3981 ille
1037 3927 1133 3998 qui
1164 3942 1278 3980 non
1298 3926 1557 3995 judicat,
1591 3925 1646 3979 id
1667 3934 1750 3979 est

147 4016 235 4087 qui
266 4031 384 4070 non
417 4015 635 4069 damnat
682 4017 1068 4087 semetipsum,
1099 4016 1161 4069 in
1183 4031 1244 4070 eo
1273 4014 1416 4086 quod
1443 4016 1661 4085 probat,
1694 4014 1747 4067 id

146 4113 224 4158 est
256 4104 408 4174 quod
458 4103 814 4173 probabiliter
868 4120 1057 4158 verum
1097 4118 1219 4157 esse
1250 4102 1441 4157 credit.
1476 4102 1584 4157 Sed
1614 4102 1660 4155 si
1690 4110 1747 4155 tu

147 4194 315 4247 uteris
347 4192 487 4247 cibis
517 4192 715 4263 quibus
744 4192 869 4248 licet
898 4193 991 4258 uti,
1025 4192 1093 4246 ad
1116 4190 1467 4246 offensionem
1492 4191 1741 4261 proximi,

146 4282 196 4335 in
226 4298 296 4337 eo
330 4281 474 4353 quod
506 4281 712 4351 probas
740 4282 950 4349 judicas
979 4290 1028 4335 te
1062 4297 1213 4335 reum
1244 4279 1560 4335 offensionis
1590 4279 1746 4335 factae

145 4371 196 4424 in
228 4370 477 4424 fratrem.
525 4370 619 4425 llle
663 4370 755 4442 qui
788 4370 838 4424 in
870 4386 935 4425 eo
962 4370 1107 4441 quod
1139 4370 1327 4439 probat
1357 4385 1414 4422 se
1446 4385 1553 4423 non
1584 4368 1744 4422 dam-

1774 3087 1822 3149 C

1866 1819 1886 1846 ι
1923 1797 2083 1867 plebe
2114 1797 2229 1865 ejus
2281 1796 2455 1865 (Psal.
2506 1809 2645 1859 xvn,
2697 1794 2771 1863 5).
2814 1818 2833 1841 »ι
2868 1795 2935 1849 Et
2965 1794 3161 1849 iterum
3197 1813 3210 1848 :
3254 1816 3275 1846 ι
3304 1796 3449 1850 Lau-

1864 1908 1885 1931 «ι
1920 1886 2063 1951 date,
2098 1901 2178 1939 orr
2192 1900 2288 1939 nes
2318 1890 2510 1955 gentes
2537 1883 2845 1950 Dominum,
2867 1890 2917 1936 et
2940 1882 3281 1953 magniﬁcate
3302 1900 3447 1949 eum,

1864 1997 1885 2025 ι
1918 1990 2109 2030 omnes
2139 1973 2321 2043 pepuli
2354 1974 2529 2041 (PsaI.
2565 1987 2717 2037 cxvr,
2747 1974 2821 2041 1.)
2844 1972 2909 2025 Et
2930 1989 3120 2025 rursus
3142 1973 3313 2026 Isaias
3333 1972 3405 2026 ait
3432 1989 3445 2027 :

1864 2085 1885 2115 α
1925 2062 2042 2117 Erit
2073 2062 2222 2115 radix
2252 2063 2427 2125 Jesse,
2462 2069 2513 2114 et
2540 2060 2630 2131 qui
2662 2068 2913 2129 exsurget
2935 2076 3123 2127 regere
3146 2069 3356 2132 gentes,
3392 2061 3445 2115 in

1863 2176 1882 2199 α
1919 2168 2041 2207 eum
2073 2159 2264 2221 gentes
2296 2149 2589 2220 sperabunt
2619 2149 2876 2217 (Isai.x1,
2912 2150 3019 2219 10).
3053 2173 3073 2197 ››
3094 2150 3241 2203 Deus
3266 2158 3447 2205 autem

1861 2263 1883 2291 ι
1921 2241 2038 2312 spei
2068 2239 2270 2310 repleat
2301 2255 2397 2293 vos
2427 2237 2572 2292 omni
2607 2238 2806 2309 gaudio
2838 2246 2887 2292 et
2910 2252 3046 2308 pace
3067 2237 3121 2290 in
3146 2238 3445 2306 credendo,

1863 2354 1881 2377 ι
1919 2336 1975 2383 ut
2005 2328 2293 2382 abundetis
2323 2328 2375 2381 in
2408 2344 2504 2398 spe
2535 2334 2587 2381 et
2614 2327 2806 2381 virtute
2839 2326 3065 2395 Spiritus
3096 2326 3286 2382 sancti.
3319 2327 3451 2382 Cer-

1862 2442 1881 2465 ‹ι
1920 2426 2003 2472 tus
2025 2434 2145 2471 sum
2178 2424 2377 2482 autem,
2410 2415 2609 2471 fratres
2642 2415 2764 2481 mei,
2801 2423 2853 2469 et
2887 2431 2992 2486 ego
3022 2415 3137 2484 ipse
3167 2415 3234 2470 de
3270 2416 3444 2483 vobis,

1860 2531 1879 2553 α
1918 2506 2167 2578 quoniam
2190 2513 2241 2559 et
2270 2505 2372 2575 ipsi
2404 2504 2548 2575 pleni
2579 2504 2709 2559 estis
2736 2503 3045 2569 dilectione,
3074 2504 3267 2574 repleti
3297 2504 3445 2558 omni

1860 2617 1881 2646 α
1917 2594 2156 2660 scientia,
2192 2594 2266 2647 ita
2294 2602 2350 2647 ut
2378 2593 2599 2664 possitis
2631 2593 2946 2647 alterutrum
2977 2608 3219 2647 monere.
3256 2593 3443 2647 Auda-

1858 2708 1877 2731 ‹.
1916 2683 2031 2739 cius
2052 2690 2230 2736 autem
2254 2682 2449 2752 scripsi
2471 2682 2645 2746 vobis,
2670 2680 2884 2747 fratres,
2911 2697 2975 2735 ex
2992 2689 3163 2751 parte,
3188 2688 3445 2753 tanquam

1859 2794 1880 2823 ι
1915 2773 1970 2827 in
2000 2770 2319 2825 memoriam
2352 2787 2447 2826 vos
2495 2772 2783 2836 reducens,
2816 2778 3037 2841 propter
3066 2770 3291 2842 gratiam
3322 2788 3442 2841 qua)

1858 2885 1878 2909 ιι
1916 2862 2035 2915 data
2067 2868 2149 2915 est
2195 2860 2326 2915 mihi
2354 2877 2385 2915 a
2418 2861 2552 2925 Dee,
2586 2866 2640 2913 ut
2673 2859 2774 2931 sim
2804 2858 3054 2913 minister
3085 2858 3281 2913 Christi
3311 2860 3440 2914 Jesu

1858 2971 1879 3001 α
1914 2950 1967 3004 in
1997 2952 2269 3022 gentibus,
2324 2948 2667 3003 sanctiﬁcans
2715 2947 3070 3017 Evangelium
3112 2946 3232 3012 Dei,
3264 2955 3321 3001 ut
3350 2947 3465 3002 ﬁat'

1859 3058 1879 3089 (ί
1916 3040 2119 3095 oblatio
2154 3040 2396 3113 gentium
2444 3045 2663 3107 accepta
2712 3044 2763 3091 et
2792 3034 3123 3092 sanctificata
3153 3035 3207 3089 in
3240 3035 3441 3106 Spiritu

1857 3150 1877 3177 α
1915 3137 2119 3184 sancte.
2168 3129 2353 3183 Habeo
2396 3126 2563 3197 igitur
2611 3124 2838 3197 gloriam
2888 3124 2941 3177 in
2972 3124 3184 3179 Christe
3212 3126 3339 3179 Jesu
3369 3125 3439 3179 ad

1856 3238 1876 3265 ι
1916 3217 2107 3270 Deum.
2142 3218 2263 3271 Non
2287 3216 2432 3271 enim
2462 3214 2637 3269 audeo
2666 3213 2866 3284 aliquid
2898 3213 3046 3284 loqui
3078 3229 3283 3281 eorum,
3317 3230 3439 3285 qua

1854 3329 1875 3352 ι
1910 3321 2007 3375 per
2026 3321 2113 3359 me
2134 3322 2241 3360 non
2264 3304 2421 3359 efﬁcit
2441 3303 2687 3358 Christus
2710 3302 2763 3355 in
2784 3302 3148 3357 obedientiam
3171 3302 3435 3374 gentium,

1855 3416 1874 3439 α
1922 3395 2092 3449 verbo
2140 3402 2192 3448 et
2248 3394 2424 3458 factis,
2459 3393 2511 3445 in
2572 3392 2765 3447 virtute
2793 3391 3079 3463 signorum
3136 3399 3188 3445 et
3246 3392 3438 3461 prodi-

1855 3506 1875 3529 α
1913 3483 2148 3553 gierum,
2182 3483 2237 3536 in
2266 3482 2460 3537 virtute
2492 3480 2719 3550 Spiritus
2752 3479 2924 3547 sancti
2958 3497 2969 3533 :
3005 3480 3075 3533 ita
3104 3488 3161 3533 ut
3190 3479 3259 3533 ab
3285 3482 3443 3534 Jeru-

1855 3592 1877 3620 ι
1914 3570 2077 3625 salem
2110 3588 2206 3641 per
2236 3570 2516 3625 circuitum
2538 3585 2709 3639 usque
2727 3569 2797 3622 ad
2821 3568 3091 3637 Illyricum
3114 3569 3438 3638 repleverim

1856 3681 1877 3709 α
1913 3660 2269 3731 Evangelium
2338 3658 2553 3713 Christi.
2624 3658 2713 3712 Sic
2759 3665 2937 3727 autem
2988 3658 3091 3712 hoc
3138 3657 3435 3727 praedicavi

1855 3769 1876 3797 α
1911 3748 2288 3819 Evangelium,
2342 3763 2452 3801 non
2492 3746 2582 3801 ubi
2628 3745 2932 3799 nominatus
2965 3754 3045 3799 est
3076 3745 3335 3812 Christus,
3371 3762 3439 3801 ne

1856 3858 1880 3885 ι
1912 3853 2077 3906 super
2106 3836 2341 3892 alienum
2372 3836 2779 3890 fundamentum
2810 3832 3158 3898 :ediﬁcarem,
3182 3834 3279 3888 sed
3298 3834 3439 3889 sicut

1854 3949 1874 3972 «
1915 3925 2176 3995 scriptum
2226 3934 2307 3980 est
2338 3944 2351 3979 :
2388 3950 2409 3972 «
2449 3925 2714 3993 Quoniam
2747 3923 2942 3994 quibus
2972 3940 3081 3977 non
3112 3931 3193 3977 est
3225 3940 3437 3977 annun-

1855 4038 1875 4062 u
1914 4015 2100 4069 tiatum
2149 4016 2217 4070 de
2265 4032 2351 4084 eo,
2403 4014 2663 4069 videbunt
2710 4014 2865 4081 (Isai.
2912 4029 3004 4077 ιιι,
3043 4016 3168 4082 15);
3210 4038 3231 4059 ι»
3266 4022 3319 4067 et
3347 4013 3437 4085 qui

1859 4128 1877 4156 ι
1914 4120 2021 4159 non
2054 4104 2358 4167 audierunt,
2393 4104 2461 4157 de
2489 4119 2554 4157 eo
2583 4102 2716 4174 [al.,
2750 4118 2859 4155 non
2890 4102 3053 4156 habet
3083 4103 3150 4156 de
3179 4102 3265 4173 eo]
3287 4102 3444 4157 intel-

1855 4214 1877 4243 ι
1912 4192 2102 4264 ligent.
2137 4193 2365 4262 Prepter
2392 4192 2537 4263 quod
2568 4199 2619 4244 et
2650 4190 2989 4260 impediebar
3008 4190 3296 4261 plurimum
3338 4207 3437 4246 ve-
3482 4244 3485 4247 .

1855 4302 1876 4331 α
1914 4281 2031 4335 nire
2061 4282 2130 4335 ad
2161 4296 2274 4346 ves,
2309 4289 2361 4335 et
2389 4280 2696 4350 prohibitus
2728 4296 2846 4333 sum
2869 4296 3038 4351 usque
3058 4280 3251 4334 adhuc.
3278 4280 3435 4335 Nunc

1856 4392 1877 4420 «
1913 4386 2044 4425 vero
2076 4370 2301 4423 ulterius
2331 4369 2509 4423 locum
2540 4386 2649 4423 non
2669 4369 2878 4423 habens
2906 4368 2957 4421 in
2990 4368 3074 4421 his
3105 4369 3436 4439 regionibus,

146 4469 254 4523 nat,
282 4459 480 4513 beatus
502 4468 581 4513 est
607 4478 620 4523 ;
645 4460 741 4514 sed
762 4459 849 4513 ille
875 4460 967 4531 qui
982 4459 1257 4513 discernit
1279 4457 1473 4512 cibosa
1492 4448 1820 4523 cibis,di-D
1854 4480 1875 4510 α
1912 4459 2253 4529 cupiditatem
2302 4466 2481 4511 autem
2528 4458 2736 4512 habens
2782 4457 3034 4512 veniendi
3084 4458 3151 4511 ad
3203 4474 3318 4523 vos,
3372 4476 3439 4514 ex

144 4563 273 4602 cens
307 4548 410 4601 hes
442 4548 694 4615 mundos,
732 4547 853 4602 illos
877 4547 1203 4614 immundos,
1235 4546 1340 4612 hic,
1366 4548 1415 4601 si
1444 4546 1498 4599 in
1520 4547 1619 4601 hac
1648 4546 1749 4599 du-

145 4637 348 4690 bietate
371 4637 822 4701 manducauerit,
843 4636 1149 4690 damnatus
1169 4640 1291 4701 est;
1322 4650 1429 4689 non
1453 4634 1579 4706 quia
1596 4634 1749 4690 cibus

141 4726 460 4779 immundus
492 4725 575 4790 sit,
612 4725 709 4779 sed
740 4726 871 4797 quia
902 4742 1013 4779 non
1045 4724 1280 4779 comedit
1311 4740 1383 4778 ex
1404 4724 1513 4792 ﬁde
1543 4731 1599 4778 ut
1629 4740 1750 4778 cre-

142 4814 297 4868 deret
332 4828 456 4868 esse
487 4813 709 4867 munda.
747 4813 903 4881 Vere,
937 4813 1063 4884 quia
1094 4829 1201 4867 non
1232 4829 1295 4867 ex
1318 4812 1444 4879 ﬁde,
1465 4813 1747 4867 damnatus

140 4912 221 4957 est
255 4920 269 4955 :
308 4918 446 4957 nam
477 4918 641 4957 omne
673 4902 815 4974 quod
838 4919 951 4957 non
974 4908 1057 4957 est
1081 4918 1153 4957 ex
1173 4902 1303 4971 ﬁde,
1320 4905 1618 4973 peccatum
1637 4905 1743 4957 est.

755 5108 978 5164 CAPUT
1018 5108 1137 5161 XV.

208 5283 227 5309 ς
272 5260 555 5313 Debemus
586 5266 767 5313 autem
798 5274 897 5312 nos
928 5258 1196 5313 ﬁrmiores
1230 5257 1627 5313 imbecillitates
1658 5257 1744 5311 in-

141 5373 149 5393 ι
198 5348 488 5403 ﬁrmorum
539 5348 826 5412 sustinere,
878 5355 931 5402 et
962 5364 1071 5402 non
1100 5346 1257 5402 nobis
1288 5347 1523 5417 placere.
1560 5347 1745 5401 Unus-

144 5462 162 5482 -
201 5438 442 5509 quisque
475 5444 714 5491 vestrum
743 5436 986 5507 proxime
1022 5452 1121 5491 suo
1168 5436 1383 5506 placeat
1427 5437 1481 5489 in
1522 5436 1743 5501 bonum,

150 5552 165 5569 α
203 5528 275 5581 ad
308 5523 748 5581 azdiﬁcatienem.
798 5525 1012 5580 Etenim
1060 5525 1305 5581 Christus
1355 5541 1462 5580 non
1492 5524 1595 5579 sibi
1625 5524 1745 5595 pla-

144 5637 163 5665 ι
196 5614 331 5682 cuit,
366 5614 468 5670 sed
498 5613 636 5671 sicut
667 5614 927 5686 scriptum
955 5622 1039 5671 est
1072 5632 1085 5670 :
1126 5636 1147 5665 α
1176 5614 1508 5688 lmpreperia
1536 5614 1746 5685 impro-

1853 4570 1874 4599 ι
1910 4548 2093 4602 multis
2119 4549 2230 4616 jam
2277 4547 2711 4617 praecedentibus
2741 4547 2916 4601 annis.
2952 4547 3060 4602 Sed
3092 4564 3212 4602 cum
3254 4547 3307 4601 in
3337 4548 3437 4603 Hi-

1854 4661 1874 4684 α
1913 4637 2152 4707 spaniam
2184 4635 2454 4707 proﬁcisci
2485 4651 2723 4706 erepere,
2758 4652 2917 4706 spero
2948 4637 3093 4709 quod
3116 4637 3433 4707 praeteriens

1851 4750 1872 4773 α
1902 4726 2116 4781 videam
2147 4742 2243 4781 vos
2278 4743 2290 4778 :
2326 4733 2376 4780 et
2407 4740 2438 4778 a
2468 4725 2622 4780 vobis
2645 4725 2883 4780 deducar
2903 4726 3048 4793 illuc,
3074 4725 3119 4779 si
3143 4726 3297 4780 vobis
3321 4726 3434 4795 pri-

1851 4840 1871 4863 ι(
1909 4832 2054 4869 mum
2086 4832 2150 4868 ex
2184 4824 2333 4884 parte
2375 4813 2569 4867 fruitus
2618 4814 2790 4868 fuere.
2824 4815 2981 4869 Nunc
3012 4814 3177 4885 igitur
3206 4812 3430 4885 proﬁci-

1850 4929 1870 4951 «
1899 4920 2021 4959 scar
2049 4903 2102 4956 in
2130 4903 2433 4957 Jerusalem
2466 4902 2771 4957 ministrare
2802 4902 3022 4957 sanctis.
3061 4902 3435 4958 Probaverunt

1851 5016 1872 5039 α
1909 4992 2049 5047 enim
2084 4991 2393 5046 Macedonia
2434 4998 2486 5045 et
2517 4991 2717 5046 Achaia
2748 4990 3090 5046 collationem
3114 4991 3234 5066 [al.,
3265 4994 3436 5049 colle-

1851 5103 1872 5128 ιι
1909 5080 2174 5151 etionem]
2220 5080 2456 5151 aliquam
2506 5079 2688 5135 facere
2738 5079 2791 5134 in
2824 5097 3094 5151 pauperes
3128 5089 3438 5138 sanctorum

1851 5191 1872 5219 ι
1910 5168 2001 5240 qui
2030 5176 2153 5222 sunt
2183 5168 2236 5221 in
2266 5169 2589 5224 Jerusalem.
2624 5168 2825 5224 Placuit
2868 5169 3011 5223 enim
3040 5170 3153 5237 eis,
3189 5179 3241 5226 et
3278 5170 3438 5225 debi-

1850 5282 1869 5303 α
1908 5266 2055 5313 teres
2087 5265 2209 5311 sunt
2239 5274 2445 5312 eorum.
2477 5259 2616 5312 Nam
2648 5258 2693 5311 si
2726 5258 3078 5328 spiritualium
3113 5277 3303 5315 eorum
3325 5278 3439 5331 par-

1852 5370 1873 5393 α
1910 5347 2100 5418 ticipes
2130 5346 2255 5401 facti
2289 5355 2411 5400 sunt
2440 5346 2700 5417 gentiles,
2734 5348 2934 5402 debent
2964 5357 3016 5403 et
3044 5349 3099 5402 in
3126 5349 3432 5403 carnalibus

1856 5455 1876 5487 ‹
1906 5436 2215 5491 ministrare
2245 5437 2343 5492 eis.
2378 5438 2493 5492 Ilec
2522 5436 2683 5509 igitur
2730 5452 2852 5492 cum
2882 5454 3349 5502 consummavero,
3386 5445 3439 5493 et

1852 5549 1871 5570 α
1907 5525 2262 5598 assignavere
2295 5525 2374 5579 eis
2402 5524 2629 5581 fructum
2660 5528 2831 5593 hunc,
2864 5544 2963 5598 per
2994 5543 3089 5581 vos
3121 5524 3437 5598 proﬁciscar

1851 5635 1873 5666 α
1908 5614 1961 5669 in
1989 5614 2321 5687 Hispaniam.
2381 5614 2505 5672 Scio
2552 5615 2675 5688 |at.,
2728 5616 2927 5688 sciens]
2977 5624 3155 5672 autem
3185 5615 3441 5689 quoniam
