3960 6036
470 236 577 289 115

1029 234 1086 290 8.
1126 230 1478 291 BRUNONIS
1517 229 2164 290 CARTHUSIANORUM
2198 226 2680 286 INSTITUTORIS
2719 228 2871 286 OPP.
2913 229 3089 287 PARS
3123 230 3192 285 II.

3650 234 3755 288 116

471 379 495 409 α
528 356 754 413 veniens
782 356 852 412 ad
879 372 996 425 vos,
1030 356 1085 411 in
1114 356 1445 412 abundantia
1489 356 1880 414 benedictionis
1910 355 2061 411 Chri-
2079 356 2134 417 Α
2163 369 2322 426 quem
2343 354 2610 409 honorem
2648 353 3049 424 augmentabis,
3082 352 3362 409 reddendo
3393 352 3755 425 incorruptio-

472 468 496 496 «ι
535 446 603 501 sti
630 446 867 502 veniam.
895 444 1141 501 Obsecro
1174 462 1312 519 ergo
1341 462 1459 513 vos,
1494 445 1712 513 fratres,
1745 462 1846 517 per
1875 444 2062 500 Domi-

474 557 497 583 «ι
529 550 660 589 num
704 541 952 589 nostrum
993 535 1181 589 Jesum
1216 534 1510 605 Christum,
1545 541 1598 590 et
1627 550 1723 606 per
1750 533 2063 589 charitatem

470 644 494 673 ι
531 623 765 694 Spiritus
795 622 986 692 sancti,
1022 630 1081 677 ut
1121 622 1390 692 adjuvetis
1416 639 1505 677 me
1532 623 1588 676 in
1617 622 1953 677 orationibus
1976 638 2065 677 ve-

470 733 493 760 α
533 711 658 765 stris
687 711 753 765 ad
801 712 997 777 Deum,
1031 718 1090 765 ut
1118 711 1324 766 liberer
1367 711 1435 766 ab
1481 708 1791 765 inﬁdelibus
1819 709 1911 781 qui
1940 716 2065 764 sunt

469 822 493 848 α
526 799 582 853 in
629 799 837 868 Iudaea,
875 807 929 854 et
965 799 1213 871 obsequii
1250 799 1360 854 mei
1389 799 1587 854 oblatio
1617 806 1841 870 accepta
1869 796 1963 853 ﬁat
2008 797 2065 853 in

466 911 488 936 α
524 888 831 943 Jerusalem
868 886 992 959 [al.,
1042 887 1454 960 Hierosolymis]
1485 886 1707 956 sanctis,
1749 894 1807 941 ut
1847 886 2065 943 veniam

465 998 488 1025 α
525 977 596 1031 ad
622 992 722 1031 vos
753 976 809 1030 in
859 976 1062 1049 gaudio
1102 992 1204 1047 per
1248 977 1576 1032 voluntatem
1606 975 1726 1042 Dei,
1760 983 1812 1032 et
1841 975 2066 1047 refrige-

467 1085 491 1116 ι
524 1080 616 1119 rer
644 1064 957 1120 vobiscum.
993 1064 1142 1121 Deus
1174 1073 1355 1121 autem
1384 1064 1533 1137 pacis
1563 1064 1633 1120 sit
1660 1080 1784 1120 cum
1812 1065 2064 1120 omnibus

468 1173 491 1203 α
522 1152 698 1210 vobis.
730 1154 925 1209 Amen.
966 1173 990 1205 ι

1096 1354 1413 1396 Εχροειτιο.

537 1499 624 1555 Ad
652 1500 758 1554 hoc
806 1497 1012 1555 diceret
1040 1497 1131 1554 ille
1160 1497 1252 1570 qui
1289 1512 1437 1553 sanae
1468 1497 1597 1553 ﬁdei
1625 1505 1772 1553 esset
1804 1514 1817 1552 :
1851 1496 1906 1552 Si
1936 1511 2063 1570 ego,

471 1588 617 1661 quod
644 1587 830 1659 utique
858 1595 913 1642 tu
943 1586 1142 1652 fateris,
1176 1601 1325 1642 sana;
1351 1585 1478 1641 ﬁdei
1499 1603 1638 1651 sum,
1663 1585 1843 1641 omnia
1862 1586 2068 1641 munda

2161 459 2306 498 nem.
2337 443 2612 498 Honorem
2649 441 2774 497 dico
2807 443 2926 508 Dei,
2970 442 3028 497 id
3069 450 3152 498 est
3180 458 3213 497 a
3243 441 3362 498 solo
3386 443 3503 499 Deo
3532 443 3744 498 datum.

2161 532 2310 586 Deus
2339 530 2485 586 enim
2511 547 2612 601 per
2639 530 2875 602 gratiam
2903 530 3016 599 dat,
3049 538 3101 586 et
3131 531 3281 585 dabit
3307 532 3450 586 hunc
3470 531 3752 601 honorem,

2164 620 2234 675 ad
2264 636 2426 691 quem
2455 619 2835 675 honorandum
2863 618 3122 674 deﬁciunt
3149 619 3345 674 merita
3374 626 3582 675 nostra.
3617 621 3757 675 Pro-

2163 708 2255 763 bat
2284 708 2431 779 quod
2460 707 2531 762 ait
2565 725 2577 762 :
2610 708 2866 780 Suscepit
2895 724 2991 764 vos
3027 708 3303 764 Romanos
3337 726 3350 763 :
3383 724 3507 763 nam
3536 707 3759 764 Iudaeos

2165 804 2219 851 et
2249 796 2502 869 gentiles,
2531 806 2582 852 et
2609 795 2846 867 primum
2875 796 2945 852 de
2964 796 3165 852 Judmis
3194 795 3267 851 ait
3299 814 3312 851 :
3348 796 3487 852 Vere
3508 796 3758 852 Christus

2165 885 2405 955 suscepit
2451 901 2570 954 vos,
2619 900 2653 940 o
2698 884 2893 940 Judaei.
2943 885 3084 941 Nam
3124 900 3229 957 ego
3284 884 3405 940 dico
3450 884 3562 956 (cui
3608 884 3759 940 credi

2165 973 2401 1044 oportet)
2425 972 2712 1029 Christum
2726 975 2915 1029 Jesum
2930 974 3264 1029 ministrum
3275 974 3453 1044 fuisse
3465 974 3762 1029 circumci-

2165 1063 2360 1127 sionis,
2410 1062 2465 1116 id
2515 1069 2598 1116 est
2640 1062 2975 1117 Iudaeorum.
3027 1061 3274 1117 Christus
3323 1061 3467 1117 enim
3515 1061 3762 1117 minister

2166 1149 2283 1217 fuit,
2315 1157 2368 1205 et
2397 1149 2555 1221 quasi
2603 1149 2881 1221 apostolus
2923 1149 3251 1216 Iudaeorum,
3306 1149 3503 1220 quibus
3549 1150 3604 1204 in
3632 1164 3760 1221 pro—

2164 1239 2284 1310 pria
2312 1253 2543 1309 persona
2574 1238 2905 1309 praedicavit.
2938 1239 3054 1295 Hoc
3083 1245 3265 1293 autem
3294 1237 3392 1293 fuit
3411 1254 3522 1293 non
3551 1253 3616 1294 ex
3646 1254 3763 1294 me-

2166 1326 2272 1382 rito
2318 1326 2652 1396 Judaaorum,
2704 1326 2802 1382 sed
2842 1331 3083 1399 propter
3116 1328 3413 1383 veritatem
3440 1328 3559 1394 Dei,
3593 1325 3649 1381 id
3678 1334 3765 1382 est

2166 1422 2393 1486 pr0pter
2429 1415 2703 1485 promissa
2750 1414 2871 1471 Dei.
2924 1415 3054 1471 Ideo
3093 1422 3320 1486 propter
3377 1413 3642 1485 promissa
3688 1414 3764 1469 ad

2168 1503 2606 1572 conﬁrmandus,
2636 1503 2692 1557 id
2723 1511 2807 1559 est
2836 1510 2895 1558 ut
2926 1519 3027 1575 per
3054 1503 3232 1574 ipsum
3261 1511 3441 1559 actum
3476 1501 3768 1559 conﬁrma-

2168 1598 2353 1646 rentur
2366 1592 2768 1664 promissiones
2781 1595 3037 1665 patrum,
3061 1592 3118 1646 id
3138 1600 3222 1647 est
3242 1590 3397 1648 facta:
3416 1591 3657 1662 patribus
3677 1606 3768 1647 eo-

498 1676 738 1744 eredens,
770 1675 858 1731 hic
887 1683 1063 1730 autem
1095 1673 1399 1730 inﬁrmatur
1426 1674 1483 1729 in
1524 1672 1650 1742 ﬁde,
1677 1673 1877 1743 justior
1905 1688 2143 1772 causa:B
2170 1697 2312 1735 rum.
2362 1680 2460 1736 Vel
2505 1680 2576 1734 ita
2610 1698 2623 1735 :
2657 1680 2901 1736 Christus
2946 1680 3197 1735 minister
3237 1678 3337 1735 fuit
3371 1688 3593 1751 propter
3622 1680 3767 1735 veri-

471 1765 698 1831 videtur,
734 1771 792 1818 ut
836 1762 1083 1818 inﬁrmus
1132 1761 1347 1817 ﬁrmum
1388 1769 1728 1834 sequeretur,
1772 1778 1933 1834 quam
1964 1778 2068 1834 ego

472 1852 662 1907 ﬁrmus
700 1868 965 1924 sequerer
1006 1849 1375 1907 inﬁrmitatem
1405 1851 1569 1906 illius.
1598 1851 1717 1906 Non
1755 1850 1832 1906 sic
1861 1858 1961 1917 est,
1996 1850 2068 1905 ait

466 1940 689 1996 Paulus.
722 1941 852 2007 Sed,
901 1939 1027 1997 licet
1075 1948 1135 1994 tu
1186 1955 1334 1996 sanae
1373 1939 1501 1994 ﬁdei
1530 1939 1624 2006 sis,
1658 1939 1746 1995 hic
1776 1948 1955 1997 autem
1986 1939 2069 1993 in-

469 2029 662 2096 ﬁrmae,
699 2033 893 2085 tamen
921 2046 1023 2085 nos
1063 2030 1344 2099 ﬁrmiores
1391 2029 1653 2085 debemus
1676 2030 1983 2096 sustinere,
2016 2036 2070 2083 et

471 2118 703 2190 quadam
732 2117 1150 2190 participatione
1169 2118 1589 2174 imbecillitates
1607 2118 1972 2186 inﬁrmorum
2001 2118 2070 2172 ad

469 2207 667 2263 melius
689 2206 948 2273 enutrirc,
975 2210 1032 2263 et
1051 2223 1168 2263 non
1188 2206 1451 2261 debemus
1471 2207 1627 2262 nobis
1637 2207 1863 2278 placere
1875 2206 1932 2261 in
1951 2223 2068 2261 om-

470 2296 654 2351 nibus.
678 2295 851 2351 Nobis
872 2311 981 2351 non
1001 2295 1186 2367 utique
1205 2294 1542 2366 placeamus,
1568 2295 1666 2350 sed
1686 2298 2069 2368 unusquisque

470 2386 698 2457 placeat
717 2385 976 2454 proximo
997 2400 1098 2441 suo
1116 2404 1134 2452 ;
1165 2390 1217 2439 et
1246 2384 1351 2439 hoc
1377 2384 1441 2439 in
1461 2385 1635 2451 bono;
1669 2384 1796 2456 quia
1816 2384 1888 2438 ad
1907 2382 2071 2439 aediﬁo

469 2473 743 2530 cationem
777 2472 1028 2544 proximi,
1079 2473 1172 2544 qui
1211 2472 1510 2528 secundum
1547 2472 1866 2528 charitatem
1895 2470 2069 2528 aediﬁ-

473 2561 682 2618 candas
731 2568 832 2617 est.
880 2560 1052 2617 Nobis
1093 2576 1204 2616 non
1247 2560 1434 2632 utique
1461 2560 1776 2631 placeamus
1809 2578 1823 2615 :
1857 2561 2070 2616 etenim

477 2649 733 2707 Christus
762 2650 946 2722 (quem
976 2666 1079 2721 per
1098 2649 1279 2705 omnia
1310 2649 1463 2721 sequi
1491 2650 1777 2720 debemus)
1794 2666 1911 2705 non
1940 2651 2070 2722 pla-

471 2739 590 2795 cuit
609 2739 733 2807 sibi,
758 2738 812 2793 id
835 2746 918 2794 est
937 2754 1045 2794 non
1066 2738 1342 2795 consensit
1362 2737 1593 2793 inﬁrmae
1613 2738 1784 2804 carni,
1808 2738 1905 2794 sed
1921 2739 2074 2793 sicut

477 2826 545 2883 ’τ’
556 2825 634 2884 9
665 2828 943 2900 scriptum
972 2830 1058 2883 est
1087 2826 1142 2880 in
1172 2826 1384 2897 psalmo
1414 2826 1632 2898 (vam,
1681 2826 1769 2897 10)
1799 2826 1874 2881 ait
1903 2824 2066 2903 Chri-

472 2922 589 2971 stus
635 2915 705 2971 ad
736 2916 950 2972 Patrem
983 2934 996 2970 :
1027 2915 1372 2989 Improperia
1420 2916 1936 2987 improperantium
1968 2915 2070 2970 tibi

475 3007 715 3081 quadam
740 3006 884 3062 mole
912 3006 1242 3062 ceciderunt
1261 3020 1432 3078 super
1459 3020 1568 3070 me,
1603 3011 1655 3059 et
1683 3003 1740 3058 in
1766 3011 1938 3059 morte
1967 3003 2071 3058 de-

473 3071 794 3170 presserunt
820 3111 928 3150 me.
964 3093 1133 3164 Quasi
1153 3071 1363 3149 diceret
1396 3111 1410 3148 :
1441 3092 1583 3162 Quia
1619 3093 1756 3163 ejeci
1776 3092 1845 3148 de
1868 3093 2071 3164 templo
2097 3071 2143 3131 Ο

478 3186 778 3243 vendentes
800 3191 853 3239 et
869 3191 1132 3251 ementes,
1149 3184 1204 3238 in
1220 3198 1329 3255 quo
1348 3182 1445 3237 tibi
1464 3181 1926 3253 improperabant,
1945 3181 2069 3237 ideo

481 3273 927 3344 adjudicaverunt
956 3288 1044 3328 me
1062 3271 1241 3327 morti.
1268 3270 1412 3339 Quid
1448 3270 1595 3341 inde,
1627 3270 1833 3326 diceret
1852 3270 2071 3342 aliquis,

483 3363 531 3419 si
558 3363 629 3419 ita
657 3362 918 3434 scriptum
950 3361 1080 3417 est?
1127 3360 1352 3416 Multum
1395 3360 1600 3432 utique,
1654 3362 1787 3433 quia
1816 3376 2079 3432 quascun-

486 3469 590 3527 que
623 3453 839 3523 scripta
866 3454 1004 3507 sunt
1023 3450 1093 3506 de
1119 3449 1441 3517 Christo,ad
1470 3453 1727 3506 nostram
1759 3449 2081 3505 doctrinam

485 3543 700 3614 scripta
714 3544 870 3609 sunt,
886 3544 954 3596 ut
969 3556 1074 3613 per
1084 3539 1390 3595 doctrinam
1405 3538 1699 3594 habeamus
1714 3539 2080 3609 patientiam,

490 3635 548 3688 et
581 3630 638 3686 in
666 3629 924 3702 patientia
957 3629 1251 3685 habeamus
1289 3628 1733 3685 consolationem
1760 3627 2083 3699 Scriptura-

488 3736 638 3789 rum,
653 3736 775 3791 quae
794 3718 1085 3789 plurimum
1103 3716 1250 3771 utilis
1271 3724 1353 3771 est
1371 3715 1717 3786 patientibus,
1735 3722 1788 3769 et
1806 3722 1864 3769 ut
1881 3731 1981 3785 per
1993 3730 2085 3786 pa-

494 3807 736 3863 tientiam
766 3814 820 3862 et
846 3807 987 3862 hanc
1015 3804 1442 3861 consolationem
1456 3804 1756 3860 habeamus
1772 3820 1928 3875 spem
1951 3802 2086 3858 futu-

498 3912 579 3952 ras
598 3893 984 3951 retributionis.
1016 3895 1085 3948 Et
1114 3893 1238 3965 quia
1266 3892 1460 3948 merita
1479 3900 1664 3948 vestra
1693 3900 1747 3947 et
1777 3892 2085 3947 doctrinam

2170 1776 2336 1824 tatem
2370 1768 2490 1835 Dei,
2522 1769 2578 1824 id
2622 1776 2702 1825 est
2747 1776 2971 1840 prapter
3017 1768 3434 1839 completionem
3460 1768 3765 1840 promisso-

2170 1874 2292 1912 rum
2333 1857 2434 1912 Dei
2468 1872 2481 1911 :
2525 1865 2577 1912 et
2612 1857 2682 1912 ad
2731 1856 3136 1913 conﬁrmandus
3179 1873 3281 1928 per
3318 1857 3602 1912 veritatem
3642 1856 3769 1913 facti

2172 1944 2569 2017 promissiones
2614 1953 2849 2017 patrum,
2901 1946 2959 2000 id
2997 1953 3081 2001 est
3122 1961 3260 2018 quas
3288 1944 3531 2001 fecerant
3557 1952 3764 2016 patres,

2176 2034 2234 2089 id
2266 2042 2347 2090 est
2372 2035 2676 2106 prOphetae,
2703 2042 2887 2105 patres
2906 2035 3239 2090 Iudaeorum.
3260 2035 3408 2089 Deus
3425 2034 3567 2089 enim
3590 2042 3644 2089 et
3671 2050 3770 2105 per

2174 2123 2414 2194 seipsum
2459 2122 2799 2194 promiserat,
2848 2131 2906 2178 ut
2946 2123 3182 2178 Abrahae
3222 2130 3276 2178 et
3304 2121 3641 2194 frequentius
3668 2139 3770 2193 per

2171 2213 2490 2283 prophetas.
2532 2212 2792 2268 Probavit
2840 2212 3013 2267 Deum
3058 2211 3364 2283 suscepisse
3410 2211 3649 2279 Judazos,
3700 2211 3771 2266 ad

2176 2300 2323 2372 quod
2353 2300 2694 2371 probandum
2743 2300 2945 2355 nullam
2979 2300 3189 2355 induxit
3214 2300 3611 2366 auctoritatem,
3646 2299 3773 2371 quia

2175 2389 2331 2461 quasi
2361 2389 2613 2445 omnibus
2641 2396 2834 2459 patens
2861 2396 3001 2444 erat.
3032 2389 3234 2443 Probat
3260 2388 3405 2444 idem
3425 2388 3495 2444 de
3515 2389 3772 2462 gentibus

2173 2494 2275 2550 per
2301 2478 2671 2543 auctoritates,
2707 2476 2833 2549 quia
2861 2476 3108 2532 dubietas
3139 2477 3461 2548 quibusdam
3482 2476 3608 2532 inde
3630 2485 3769 2547 erat,

2173 2566 2361 2622 dicens
2386 2584 2399 2621 :
2425 2567 2506 2621 De
2524 2565 2727 2620 Iudaeis
2755 2566 2860 2621 hoc
2890 2565 3033 2621 dico.
3056 2565 3192 2621 Dico
3214 2565 3373 2620 etiam
3404 2566 3545 2637 quod
3575 2569 3773 2638 gentes

2171 2655 2374 2710 debent
2396 2653 2670 2711 honorare
2685 2655 2882 2719 Deum,
2905 2670 3092 2726 super,
3118 2654 3171 2708 id
3189 2661 3271 2710 est
3291 2654 3359 2709 de
3380 2654 3773 2710 misericordia

2173 2743 2277 2797 sibi
2308 2741 2472 2798 facta.
2504 2744 2571 2797 Et
2602 2744 2707 2798 hoc
2735 2743 2859 2798 dico
2888 2744 3037 2799 sicut
3067 2744 3345 2813 scriptum
3373 2746 3457 2797 est
3479 2742 3535 2798 in
3548 2742 3766 2814 psalmo

2173 2832 2347 2901 (Psal.
2390 2846 2530 2898 xvu,
2580 2833 2691 2901 50).
2743 2831 2885 2886 Illud
2933 2839 3226 2902 propterea
3263 2830 3318 2884 in
3346 2831 3538 2887 ordine
3567 2831 3771 2902 psalmi

2172 2919 2281 2976 vim
2310 2920 2512 2986 habet;
2543 2934 2647 2976 vox
2694 2919 2812 2974 Filii
2839 2920 2908 2974 ad
2939 2921 3153 2974 Patrem
3186 2935 3198 2974 :
3231 2918 3277 2974 Ο
3307 2919 3538 2975 Domine
3582 2921 3768 2986 Pater,

2174 3024 2281 3082 ego
2311 3008 2613 3078 conﬁtebor
2634 3009 2736 3065 tibi
2759 3010 2822 3064 in
2846 3009 3123 3080 gentibus,
3149 3007 3205 3062 id
3235 3015 3317 3063 est
3344 3016 3538 3080 gentes
3569 3007 3770 3063 faciam

2179 3097 2427 3153 conﬁteri
2492 3096 2697 3152 nomini
2738 3104 2850 3152 tuo.
2904 3097 3021 3152 Nec
3066 3096 3243 3152 solum
3301 3094 3616 3162 conﬁtebor,
3672 3096 3775 3152 sed

2180 3186 2342 3242 etiam
2381 3187 2615 3242 cantabo
2666 3193 2719 3241 et
2765 3185 3046 3240 exsultabo
3074 3185 3294 3241 nomini
3326 3188 3442 3242 tuo.
3476 3186 3544 3239 Et
3575 3185 3773 3239 iterum

2180 3274 2309 3330 dicit
2355 3274 2634 3345 Scriptura
2671 3290 2768 3344 per
2796 3274 2988 3328 Isaiam
3022 3292 3035 3328 :
3071 3272 3117 3330 Ο
3146 3290 3246 3329 vos
3274 3277 3468 3345 gentes
3494 3273 3777 3329 ltetamini

2181 3380 2312 3419 cum
2338 3364 2496 3436 plebe
2526 3365 2647 3434 ejus
2679 3363 2808 3433 (Isa.
2838 3378 2918 3432 X1,
2953 3366 3018 3417 10
3023 3392 3063 3433 ,,
3096 3361 3152 3417 id
3174 3369 3256 3417 est
3276 3377 3401 3418 cum
3428 3360 3651 3428 Judmis,
3681 3361 3778 3433 qui

2182 3452 2504 3508 dicebantur
2565 3450 2859 3522 peculiaris
2928 3451 3162 3522 populus
3216 3450 3337 3518 Dei,
3388 3466 3525 3522 quas
3580 3456 3778 3522 gentes

2184 3544 2388 3596 frustra
2416 3539 2588 3595 Isaias
2616 3539 2867 3596 invitaret
2895 3540 2966 3594 ad
2995 3538 3252 3606 laetitiam,
3275 3539 3381 3595 nisi
3401 3539 3780 3595 consideraret

2185 3645 2371 3685 earum
2401 3628 2823 3699 susceptionem.
2856 3630 2926 3683 Et
2955 3628 3184 3695 iterum,
3218 3627 3393 3683 David
3409 3627 3477 3683 de
3498 3627 3774 3699 gentibus.

2189 3719 2390 3774 Omnes
2417 3720 2630 3787 gentes,
2680 3716 2737 3771 id
2767 3724 2851 3771 est
2897 3715 3097 3787 singuli
3140 3715 3209 3770 de
3246 3716 3501 3788 gentibus
3547 3716 3779 3772 laudate

2185 3807 2488 3862 Dominum
2534 3806 2710 3875 (Psal.
2742 3820 2895 3872 cxvr,
2932 3807 2985 3875 1)
3019 3822 3033 3858 :
3066 3820 3169 3859 nec
3201 3804 3375 3859 solum
3405 3804 3634 3872 laudate,
3676 3803 3779 3859 sed

2188 3894 2347 3949 etiam
2366 3910 2637 3965 magnum
2656 3894 2937 3950 ostendite
2958 3909 3087 3948 eum
3113 3892 3369 3964 operibus
3387 3892 3566 3958 bonis,
3586 3908 3782 3949 omnes

495 3999 673 4040 meam
702 3981 1080 4038 insufﬁcientia
1113 3981 1270 4037 video
1300 3981 1370 4037 ad
1390 3982 1506 4037 haec
1533 3980 1844 4051 obtinenda,
1869 3989 1996 4052 opto
2030 3988 2088 4035 ut
2182 3984 2401 4055 populi,
2435 3983 2527 4054 qui
2572 3983 2626 4037 in
2658 3982 2887 4054 singulis
2915 3981 3169 4053 gentibus
3197 3981 3350 4036 estis.
3385 3984 3454 4037 Et
3484 3997 3685 4038 rursus
3708 3980 3780 4036 de

496 4073 664 4140 Deus,
698 4072 853 4126 dator
869 4071 1169 4144 patientia:
1190 4074 1245 4139 et
1265 4071 1477 4135 solatii,
1503 4070 1596 4125 det
1620 4068 1767 4125 vobis
1784 4086 1976 4130 sapere
1996 4070 2086 4125 id-
2189 4072 2383 4127 eodem
2400 4073 2483 4126 ait
2506 4072 2676 4127 Isaias
2711 4091 2729 4127 :
2760 4073 2930 4137 Jesse,
2953 4078 3106 4141 pater
3122 4070 3316 4137 David,
3341 4072 3451 4125 erit
3477 4070 3649 4126 radio:
3666 4070 3785 4140 ejus

497 4162 708 4234 ipsum,
740 4166 798 4215 ut
817 4175 1007 4215 omnes
1026 4173 1212 4214 veram
1232 4158 1599 4229 cognitionem
1622 4158 1891 4224 habeatis,
1916 4166 1967 4213 et
1987 4158 2089 4214 hoc
2188 4159 2433 4233 originis,
2467 4160 2537 4214 de
2566 4176 2670 4230 qua
2698 4167 2952 4215 nascetur
2979 4158 3226 4214 Christus
3267 4161 3363 4232 qui
3392 4162 3658 4231 exsurget
3688 4175 3783 4215 re-

499 4251 565 4306 in
603 4250 973 4317 alterutrum,
1027 4255 1086 4302 ut
1130 4247 1276 4320 quod
1305 4262 1438 4303 sane
1470 4247 1631 4303 sentit
1659 4247 1781 4313 iste,
1813 4247 2008 4302 sentiat
2038 4253 2091 4302 et
2188 4265 2314 4321 gere
2358 4253 2551 4320 gentes
2582 4267 2600 4303 :
2631 4252 2687 4303 et
2714 4250 2777 4304 in
2798 4265 2861 4303 eo
2890 4264 3023 4319 rege
3061 4248 3367 4320 sperabunt
3411 4251 3609 4319 gentes
3638 4248 3775 4317 (Isa.

502 4338 597 4393 ille
624 4354 655 4393 e
675 4337 1179 4408 converso.Sapere
1207 4336 1330 4392 dico
1352 4336 1672 4401 secundum,
1703 4336 1757 4390 id
1775 4342 1856 4391 est
1874 4352 1977 4408 per
2002 4337 2091 4391 Je-
2188 4353 2270 4403 χι,
2309 4336 2417 4407 10).
2467 4336 2783 4391 Exsurrexit
2827 4336 3094 4401 Christus,
3134 4336 3260 4407 quia
3288 4336 3439 4391 solus
3466 4335 3723 4390 immunis
3753 4353 3786 4391 a

500 4442 630 4483 sum
661 4424 946 4482 Christum
976 4444 995 4481 :
1025 4430 1092 4481 ut
1106 4441 1204 4480 vos
1221 4427 1523 4481 unanimes
1542 4442 1657 4481 uno
1673 4442 1766 4481 ore
1783 4432 1836 4480 et
1856 4440 1964 4479 una
1990 4439 2091 4480 vo-
2114 4431 2166 4490 Ι)
2192 4433 2418 4497 peccato
2447 4426 2587 4480 inter
2615 4441 2824 4481 omnes.
2858 4424 3100 4479 Surrexit
3127 4424 3289 4478 altius
3322 4422 3480 4479 80
3513 4424 3665 4478 tertia
3696 4424 3787 4479 die

501 4514 728 4582 luntate,
762 4521 815 4569 et
844 4514 1035 4569 eadem
1057 4512 1399 4570 confessione
1430 4513 1814 4583 honori/icetis
1836 4514 2011 4568 Deum
2040 4516 2097 4568 et
2194 4521 2469 4584 resumpta
2490 4512 2913 4583 incorruptione,
2947 4529 3071 4568 cum
3101 4513 3248 4568 Deus
3270 4512 3429 4568 Pater
3447 4512 3595 4567 dedit
3625 4527 3789 4567 omne

516 4606 749 4660 Patrem
776 4603 1005 4659 Domini
1022 4604 1209 4659 nostri
1236 4606 1365 4660 Iesu
1387 4603 1615 4659 Christi.
1638 4604 1762 4658 Non
1784 4601 1928 4673 quod
1948 4602 2096 4655 Deus
2188 4602 2449 4672 judicium
2499 4602 2625 4656 huic
2672 4600 2782 4655 ﬁlio
2831 4600 2970 4673 regi.
3023 4602 3219 4655 Moneo
3265 4609 3324 4655 ut
3352 4616 3449 4656 vos
3477 4600 3788 4672 suscipiatis

508 4701 563 4749 et
590 4693 750 4748 Pater
767 4691 1017 4748 diversos
1048 4690 1375 4765 signiﬁcent,
1411 4692 1507 4747 sed
1535 4691 1591 4745 in
1622 4690 1817 4745 eodem
1846 4689 2096 4744 diversas
2195 4690 2448 4758 invicem,
2483 4690 2580 4745 sed
2610 4690 2733 4760 quia
2782 4705 2884 4745 nec
2927 4689 3131 4745 viribus
3159 4689 3377 4755 vestris,
3408 4705 3509 4744 nec
3538 4688 3787 4745 doctrina

497 4796 691 4839 Causas
739 4780 1027 4854 assignat:
1063 4781 1251 4837 dicens
1298 4796 1423 4835 eum
1469 4777 1936 4835 honoriﬁcandum
1983 4785 2093 4832 tum

497 4871 623 4942 quia
652 4871 800 4925 Deus
830 4877 931 4940 est,
955 4877 1069 4925 tum
1097 4869 1226 4941 quia
1246 4871 1405 4925 Pater
1435 4876 1517 4923 est
1536 4867 1903 4923 DominiJesu
1933 4866 2094 4922 Chri-

497 4958 587 5026 sti,
618 4975 719 5030 per
750 4974 909 5031 quem
944 4974 1104 5014 omne
1123 4959 1326 5014 bonum
1356 4955 1603 5029 provenit
1630 4955 1807 5012 nobis.

570 5049 809 5120 Propter
855 5048 1016 5118 quod,
1066 5047 1122 5102 id
1171 5054 1252 5103 est
1296 5054 1353 5100 ut
1382 5045 1616 5116 idipsum
1648 5044 1888 5116 sapiatis,
1923 5053 1973 5100 et
2003 5060 2095 5101 eo-

499 5136 623 5192 dem
655 5136 838 5193 animo
868 5152 1081 5209 unaque
1111 5134 1457 5193 confessione
1490 5134 1664 5189 Deum
1684 5132 2095 5202 honoriﬁcetis;

499 5226 772 5297 suscipite
802 5241 901 5281 vos
951 5225 1212 5291 invicem,
1246 5231 1303 5278 ut
1334 5223 1471 5278 alter
1501 5222 1730 5277 alterum
1757 5222 1904 5278 omni
1933 5222 2094 5277 beni-

497 5315 705 5386 gnitate
736 5312 991 5383 suscipiat
1024 5329 1037 5365 :
1069 5312 1138 5366 ad
1176 5310 1553 5367 instruendum
1583 5319 1967 5381 supportantes
1997 5326 2095 5366 vos

498 5403 557 5458 in
585 5403 922 5458 alterutrum.
979 5401 1257 5473 Suscipite
1308 5399 1449 5467 dico,
1478 5402 1626 5456 sicut
1657 5404 1713 5455 et
1746 5400 2001 5457 Christus
2031 5401 2095 5455 in

496 5507 696 5565 magna
739 5488 1020 5546 altitudine
1068 5490 1317 5562 suscepit
1364 5506 1473 5546 vos.
1526 5488 1776 5560 Suscepit
1820 5487 2003 5560 utique
2030 5489 2093 5543 in

498 5582 787 5639 honorem.
836 5579 1025 5636 Honor
1069 5578 1337 5636 maximus
1384 5577 1483 5636 fuit
1528 5577 1805 5635 remittere
1848 5583 2089 5651 peccata,

2192 4795 2335 4845 mea,
2367 4780 2470 4835 hoc
2511 4777 2772 4850 perﬁcere
2801 4778 3050 4849 potestis,
3080 4794 3281 4849 precor
3323 4786 3379 4833 ut
3410 4780 3555 4834 Deus
3586 4781 3707 4849 spei
3741 4778 3800 4833 in

2194 4884 2355 4941 quem
2385 4884 2567 4939 spero,
2594 4875 2646 4922 et
2663 4883 2760 4922 vos
2782 4877 3008 4937 sperare
3026 4867 3259 4936 debetis,
3286 4868 3502 4939 repleat
3525 4884 3614 4922 vos
3635 4867 3792 4922 omni

2193 4957 2414 5028 gaudio,
2448 4956 2502 5010 id
2524 4964 2605 5010 est
2621 4954 2950 5026 perfectione
2980 4955 3287 5010 dilectionis
3321 4973 3334 5008 :
3368 4955 3514 5026 quod
3534 4954 3790 5026 gaudium

2195 5054 2248 5099 ut
2279 5044 2432 5116 digni
2465 5044 2583 5099 sitis
2630 5044 2852 5109 habere,
2887 5044 3094 5114 repleat
3123 5059 3221 5098 vos
3258 5059 3416 5115 pace,
3449 5042 3504 5096 id
3534 5051 3617 5097 est
3644 5043 3795 5098 omni

2194 5133 2510 5189 concordia.
2548 5134 2694 5189 Pace
2726 5132 2850 5188 dico
2882 5131 3172 5187 reformata
3208 5132 3272 5187 in
3302 5131 3595 5199 credendo,
3625 5131 3682 5186 id
3712 5140 3795 5186 est

2193 5224 2249 5278 in
2278 5238 2381 5277 una
2428 5222 2735 5293 eademque
2785 5221 3095 5294 integritate
3148 5218 3294 5287 ﬁdei,
3346 5224 3411 5275 ut
3437 5220 3626 5275 eadem
3657 5218 3795 5274 ﬁdes

2192 5310 2351 5367 faciat
2395 5327 2587 5382 pacem
2637 5310 2693 5364 in
2735 5310 2913 5365 vobis.
2950 5311 3059 5364 Pax
3092 5324 3224 5365 vero
3252 5308 3453 5362 nutriat
3483 5308 3745 5381 gaudium
3778 5326 3792 5363 :

2193 5401 2407 5473 repleat
2424 5399 2546 5455 dico
2563 5399 2694 5468 ﬁde,
2710 5415 2864 5470 pace,
2887 5407 2938 5453 et
2953 5398 3175 5470 gaudio,
3198 5402 3264 5453 ut
3274 5390 3571 5453 abundetis
3592 5398 3653 5451 in
3676 5413 3788 5468 spe,

2193 5488 2248 5543 id
2274 5496 2355 5543 est
2392 5496 2449 5543 ut
2482 5495 2682 5561 quanto
2731 5487 2925 5542 melius
2956 5487 3153 5560 agetis,
3187 5485 3391 5540 ﬁrmius
3421 5492 3475 5540 et
3504 5484 3796 5539 abundan-

2194 5577 2299 5634 tius
2319 5577 2550 5650 speretis
2574 5584 2655 5636 :et
2674 5592 2744 5633 ne
2768 5592 2895 5648 spes
2915 5582 3101 5633 vestra
3118 5574 3484 5647 perturbetur,
3509 5573 3794 5630 abundetis
