3960 6036
239 108 356 161 11⁸7

903 106 1285 164 EXPOSITIO
1323 107 1398 164 IN
1432 106 1815 165 EPISTOLAS
1853 105 2076 163 PAULI.
2108 138 2178 149 —
2203 109 2279 166 IN
2314 109 2533 166 EPIST.
2575 109 2669 165 AD
2706 107 2878 165 ROM.

3441 109 3542 161 118

250 233 320 286 in
355 234 575 289 virtute
605 234 852 306 Spiritus
882 235 1088 301 sancti,
1122 234 1176 288 id
1203 241 1285 290 est
1341 233 1574 305 Spiritus
1632 241 1853 289 sanctus
1874 233 1930 293 A
1956 235 2306 290 Hierusalem
2340 252 2519 308 usqua
2538 235 2609 291 ad
2631 234 2923 305 Illyricum
2940 249 3086 288 mare
3111 251 3123 290 :
3151 248 3252 288 nec
3264 239 3411 288 recta
3429 231 3540 299 via,

252 321 519 392 copiosas
549 322 694 378 vires
724 322 986 377 ministret
1006 323 1161 378 vobis
1192 323 1577 394 perseverandi
1606 323 1662 377 in
1692 323 1856 377 bono.

332 410 539 465 Paulus
569 411 756 482 incipit
784 411 871 467 hic
900 412 1191 467 convenire
1243 413 1509 484 quosdam
1560 413 1855 476 Romanos,

253 498 497 553 laudans
527 515 622 555 eos
651 501 720 556 de
774 500 1080 573 integritate
1109 500 1237 555 fidei
1267 501 1334 555 de
1365 489 1704 571 plenitudine.
1731 500 1860 554 dile-

255 587 463 642 ctionis
495 597 546 643 et
575 589 753 644 omnis
783 589 1048 645 scientiae.
1093 589 1200 644 Sed
1259 597 1441 644 tamen
1470 588 1859 661 aliquantulum

261 677 448 749 tangit
495 693 589 732 eos
622 696 636 744 ;
671 678 796 748 quia
846 693 956 732 non
1001 686 1348 733 correxerunt
1393 677 1859 748 imperfectionem

258 767 568 820 errantium
601 765 848 832 fratrum,
881 782 1006 822 cum
1036 767 1176 822 bene
1204 774 1448 837 possent,
1482 767 1605 838 quia
1637 766 1859 837 sapien-

254 861 344 908 tes
384 873 398 919 ;
432 870 557 910 cum
590 855 870 924 deberent,
905 855 1032 926 quia
1061 871 1156 910 eos
1183 856 1472 927 diligerent
1503 873 1516 921 ;
1552 871 1676 912 cum
1703 855 1862 910 etiam

258 959 502 998 necesse
540 945 645 999 hoc
675 952 840 1010 esset,
877 945 1002 1016 quia
1043 945 1255 1010 Paulus,
1313 944 1549 999 intentus
1579 944 1718 1009 aliis,
1752 960 1862 999 non

256 1031 600 1088 sufficienter
629 1048 826 1088 vacare
872 1040 1059 1103 posset
1090 1033 1416 1088 correctioni
1447 1033 1811 1088 Romanorum
1845 1051 1858 1099 ;

260 1122 428 1193 quasi
459 1121 668 1177 diceret
703 1137 714 1174 :
748 1121 1093 1177 Conscientia
1126 1130 1309 1176 vestra
1343 1130 1489 1177 certa
1510 1129 1592 1176 est
1627 1120 1696 1176 de
1735 1120 1864 1176 inte-

259 1210 466 1283 gritate
499 1209 624 1264 fidei
653 1226 842 1265 eorum
879 1225 890 1263 :
924 1209 1172 1264 similiter
1203 1210 1364 1264 etiam
1393 1225 1488 1280 ego
1526 1210 1644 1280 ipse
1674 1213 1862 1264 certus

261 1316 419 1364 sum,
443 1302 657 1370 fratres
676 1300 809 1365 mei,
833 1299 900 1353 de
929 1299 1096 1363 vobis,
1130 1300 1395 1370 quoniam
1412 1299 1520 1370 ipsi
1537 1298 1698 1368 pleni
1728 1298 1863 1353 estis

259 1389 376 1456 ﬁde
409 1392 464 1442 et
489 1388 814 1442 dilectione.
839 1388 953 1442 Nec
969 1386 1191 1457 litigatis
1213 1402 1336 1442 cum
1356 1385 1612 1440 fratribus
1633 1385 1860 1441 vestris:

263 1477 476 1548 repleti
495 1478 652 1532 omni
679 1477 922 1531 scientia
952 1495 971 1541 ;
1004 1477 1087 1530 ita
1107 1479 1172 1529 ut
1191 1477 1417 1546 possitis
1439 1489 1666 1530 monere
1688 1475 1864 1530 alter-

1959 323 2055 377 sed
2083 339 2187 394 per
2204 325 2532 389 circuitum,
2557 323 2609 376 id
2635 331 2717 378 est
2745 323 2964 395 singula
2991 322 3114 379 loca
3131 322 3542 378 circumeundo.

1963 410 2112 466 81
2149 413 2238 468 Sic
2269 417 2462 468 autem
2487 412 3193 485 prcedicaviEvangelium,
3237 427 3352 466 non
3375 409 3430 464 in
3445 411 3547 465 Ju-

1961 499 2079 555 daea
2100 499 2196 556 ubi
2209 501 2464 556 Christus
2485 503 2816 556 nominatus
2833 505 3012 567 est,ne
3024 500 3365 569 wdiﬁcarem
3377 515 3550 571 super

1960 590 2215 644 alienum
2244 591 2710 661 funda-mentum,
2763 589 2816 643 id
2845 597 2928 644 est
2959 605 3126 660 super
3172 588 3334 644 fidem
3384 603 3547 661 quam

1961 676 2053 730 alii
2080 678 2313 748 apostoli
2343 678 2794 749 praedicaverant.
3323 693 3326 698 '

2031 767 2146 820 Nec
2173 774 2350 820 tamen
2381 768 2499 822 haec
2527 782 2694 822 causa
2723 766 2820 822 fuit
2849 783 3016 840 quare
3045 767 3121 822 ibi
3149 783 3257 822 non
3287 766 3551 837 pradica-

1962 854 2114 922 verit,
2145 855 2240 909 sed
2270 855 2395 926 quia
2425 856 2571 910 Deus
2587 855 2868 928 adfgentes
2891 873 3013 912 enm
3035 856 3248 911 direxit.
3280 857 3357 912 Ne
3376 855 3550 923 aedi/i-

1962 959 2149 998 carem
2165 944 2287 1000 dico
2308 944 2385 998 sic
2412 962 2426 1009 ;
2449 945 2544 999 sed
2572 946 2724 1000 sicut
2743 947 3021 1018 scriptum
3039 951 3122 1002 est
3148 945 3202 999 in
3220 945 3383 1001 Isaia:
3415 946 3549 1001 Cen-

1966 1035 2050 1086 tcs
2099 1033 2295 1103 quibus
2325 1049 2441 1087 non
2485 1037 2568 1087 est
2605 1037 3021 1090 annuntiatum
3059 1034 3124 1090 de
3156 1050 3237 1100 eo,
3287 1034 3554 1089 videbunt

1964 1121 2117 1188 (Isai.
2152 1136 2246 1187 LII,
2277 1125 2364 1188 15)
2398 1122 2594 1187 Deum,
2611 1127 2666 1177 et
2687 1124 2783 1194 qui
2802 1140 2904 1178 nec
2927 1123 3086 1178 etiam
3109 1123 3438 1189 audierunt,
3466 1123 3552 1177 in-

1967 1209 2249 1278 telligent.
2291 1211 2527 1282 Propter
2555 1210 2699 1282 quod
2728 1211 2851 1281 quia
2880 1211 3101 1266 rudibus
3139 1219 3189 1265 et
3219 1211 3376 1282 quasi
3405 1210 3549 1282 lapi-

1964 1296 2082 1350 deis
2111 1298 2494 1367 praedicabam,
2541 1300 2858 1370 plurimum
2887 1300 3227 1371 impediebar
3257 1299 3448 1355 venire
3477 1300 3550 1355 ad

1965 1399 2076 1449 vas,
2110 1400 2142 1440 ο
2174 1386 2419 1450 Romani,
2453 1403 2615 1457 quare
2665 1404 2893 1443 necesse
2925 1395 3069 1442 esset
3096 1395 3153 1442 ut
3180 1403 3278 1444 vos
3309 1387 3402 1458 qui
3435 1387 3555 1443 sani

1967 1474 2150 1540 eratis,
2181 1473 2422 1530 infirmos
2467 1475 2823 1532 tediﬁcaretis.
2870 1476 3014 1532 Olim
3044 1476 3381 1547 impediebar
3412 1495 3427 1543 ;
3460 1477 3556 1533 sed

261 1570 494 1630 utrum,
527 1565 581 1619 id
611 1574 693 1619 est
719 1565 983 1619 instruere
1014 1562 1286 1618 infirmam
1321 1562 1486 1618 fidem
1517 1563 1766 1618 aliorum.
1798 1564 1865 1617 Et
1895 1590 1946 1648 Β
1968 1580 2124 1618 nunc
2153 1564 2396 1619 ulterius
2417 1579 2534 1618 non
2564 1565 2770 1620 habens
2803 1567 2985 1620 locum
3015 1567 3077 1620 in
3109 1566 3196 1620 his
3217 1566 3554 1637 regionibus,

262 1653 399 1708 licet
429 1653 575 1723 pleni
605 1653 722 1707 sitis
753 1652 1042 1708 dilectione
1090 1660 1143 1706 et
1194 1652 1437 1717 scientia,
1472 1660 1653 1706 tamen
1685 1651 1866 1706 auda-

267 1745 417 1808 cius,
451 1742 507 1795 id
536 1750 618 1796 est
647 1759 770 1797 cum
816 1740 1148 1813 aliquantula
1196 1740 1430 1796 audacia
1473 1742 1680 1812 scripsi
1722 1741 1868 1796 vobis

265 1835 487 1902 fratres
517 1835 796 1902 exparte,
829 1831 885 1884 id
915 1838 996 1884 est
1027 1830 1326 1886 secundum
1357 1845 1481 1884 eam
1503 1838 1728 1900 partem,
1765 1845 1868 1900 qua

267 1921 660 1992 aliquantulum
692 1919 1011 1989 imperfecte
1040 1918 1274 1991 agendo,
1306 1918 1479 1991 litigia
1509 1917 1736 1973 fratrum
1760 1933 1870 1972 non

268 2009 708 2079 compescuistis.
745 2009 952 2079 Scripsi
982 2008 1202 2079 quidem
1232 2023 1340 2062 non
1362 2023 1460 2062 vos
1482 2007 1702 2072 docens,
1734 2022 1870 2078 quos

269 2099 551 2168 sapientes
568 2097 702 2167 scio,
735 2098 833 2152 sed
867 2101 1140 2160 tanquam
1174 2097 1445 2151 reducens
1466 2112 1555 2152 vos
1576 2097 1639 2150 in
1661 2112 1870 2150 memo-

267 2189 425 2243 riam
475 2201 662 2240 eorum
712 2202 835 2257 quae
882 2185 1046 2240 credo
1092 2201 1190 2239 vos
1239 2185 1406 2252 scire,
1454 2200 1563 2239 non
1610 2183 1738 2238 satis
1770 2199 1869 2238 eo-

267 2292 398 2330 rum
423 2274 850 2330 reminiscimini.
877 2274 1134 2329 Dicerent
1160 2273 1236 2326 illi
1269 2288 1281 2326 :
1317 2272 1457 2342 Quia
1478 2271 1748 2342 perfectos
1769 2288 1870 2326 nos

267 2364 482 2430 fateris,
516 2379 683 2434 quare
730 2379 832 2417 nos
880 2361 1162 2432 redarguis
1193 2362 1219 2414 ?
1249 2362 1526 2416 Audacter
1573 2361 1648 2414 ait
1676 2360 1870 2414 Paulus

268 2457 506 2526 propter
524 2454 792 2524 gratiam,
826 2450 879 2504 id
911 2459 992 2505 est
1013 2458 1240 2521 propter
1261 2449 1579 2520 dignitatem
1601 2448 1872 2519 apostola-

272 2551 384 2606 tus,
421 2559 541 2614 quw
583 2542 717 2601 data
748 2544 833 2595 est
878 2540 1018 2595 mihi
1049 2557 1084 2594 a
1121 2541 1251 2607 Deo,
1285 2546 1336 2593 et
1365 2539 1468 2593 hoc
1498 2537 1872 2610 magisterium

270 2647 460 2686 meum
489 2631 634 2702 cogit
663 2645 749 2684 me
780 2637 838 2682 ut
870 2643 967 2682 vos
994 2628 1073 2682 sic
1103 2627 1448 2682 admoneam.
1476 2629 1611 2680 Data
1629 2632 1709 2681 est
1741 2625 1872 2679 mihi

274 2718 453 2790 gratia
483 2717 625 2785 ideo,
648 2718 832 2772 utsim
853 2717 1118 2771 minister
1133 2718 1265 2772 Jesu
1284 2715 1492 2771 Christi
1515 2717 1575 2770 in
1592 2715 1870 2784 gentibus,

272 2808 330 2862 id
364 2815 446 2861 est
477 2822 576 2876 per
606 2805 966 2860 ministerium
998 2821 1177 2859 meum
1199 2811 1392 2875 gentes
1415 2803 1695 2871 subjiciam
1719 2801 1873 2856 Chri-

273 2904 385 2964 sto,
420 2895 787 2963 sanctiﬁcans
821 2893 1186 2964 Evangelium
1217 2893 1317 2947 Dei
1349 2908 1366 2943 :
1401 2892 1546 2962 quod
1595 2888 1872 2945 sanctifico

279 2985 415 3038 dum
444 2984 591 3038 idem
621 2998 821 3052 operor
848 2981 994 3053 quod
1023 2980 1281 3052 prmdico.
1321 2980 1694 3048 Sanctiﬁcans
1723 2978 1867 3046 ideo,

277 3077 344 3129 ut
361 3073 471 3142 ﬁat
490 3075 723 3142 accepta
748 3071 859 3124 Deo
889 3070 1094 3125 oblatio
1123 3070 1400 3140 gentium,
1435 3067 1489 3122 id
1520 3075 1602 3122 est
1622 3082 1727 3139 ego
1748 3065 1872 3120 offe-

277 3178 413 3216 rens
447 3169 640 3231 gentes
669 3166 926 3229 acceptus
957 3158 1057 3212 sim
1088 3159 1222 3224 Deo,
1257 3157 1342 3212 vel
1381 3164 1437 3211 ut
1457 3164 1650 3229 gentes
1683 3155 1874 3210 oblatae

280 3257 527 3319 acceptae
549 3248 654 3302 sint
667 3249 802 3301 Deo.
820 3246 1033 3301 Oblatio
1054 3247 1175 3300 dico
1194 3253 1497 3316 accepta,et
1515 3244 1874 3311 sanctificata

279 3342 346 3396 in
383 3338 605 3410 Spiritu
633 3339 850 3400 sancto,
884 3334 1008 3406 quia
1038 3351 1139 3405 per
1165 3333 1569 3405 impositionem
1589 3348 1780 3386 manus
1803 3331 1872 3386 do

279 3427 542 3498 Spiritum
573 3432 838 3493 sanctum,
863 3424 1009 3496 quod
1038 3423 1506 3494 pseudodoctores
1547 3421 1729 3476 facere
1771 3436 1872 3474 ne-

283 3523 509 3587 queunt.
542 3515 612 3580 Et
637 3513 761 3584 quia
792 3511 1068 3567 sanctifico
1096 3511 1476 3583 Evangelium,
1510 3510 1677 3582 igitur
1706 3508 1874 3564 habeo

280 3605 548 3675 gloriam,
599 3602 654 3655 id
686 3609 767 3656 est
796 3600 1002 3672 glorior
1030 3600 1259 3654 multum
1301 3599 1354 3652 in
1385 3598 1686 3669 apostolatu
1717 3612 1866 3651 meo.

285 3693 541 3748 Gloriam
571 3691 694 3746 dico
723 3688 1070 3744 referendam
1102 3704 1210 3742 non
1231 3688 1298 3742 ad
1329 3704 1434 3755 me,
1461 3687 1555 3741 sed
1587 3686 1658 3741 ad
1678 3687 1873 3749 Deum,

284 3790 336 3836 et
371 3782 477 3835 hoc
505 3781 566 3834 in
594 3778 812 3834 Christo
834 3779 986 3843 Jesu,
1020 3777 1074 3830 id
1106 3785 1183 3831 est
1214 3793 1314 3847 per
1345 3775 1636 3840 Christum,
1670 3774 1761 3846 qui
1789 3790 1876 3828 me

282 3867 627 3925 consecravit
656 3867 962 3937 apostolum
999 3881 1009 3918 :
1043 3865 1165 3920 ideo
1220 3865 1393 3918 habeo
1451 3863 1700 3936 gloriam,
1747 3864 1879 3935 quia

282 3975 403 4012 non
447 3958 580 4011 adeo
631 3955 778 4027 loqui
809 3953 1026 4027 aliquid
1057 3969 1249 4009 eorum
1293 3970 1414 4024 qua:
1463 3952 1717 4007 Christus
1763 3965 1879 4005 non

285 4047 469 4116 efﬁcit
500 4062 599 4116 per
621 4061 707 4099 me
738 4042 1069 4108 ministrum,
1105 4051 1160 4096 ut
1191 4041 1394 4096 faciunt
1423 4041 1651 4111 pseudo,
1686 4039 1776 4110 qui
1805 4039 1881 4093 di-

289 4142 422 4191 cunt
454 4150 513 4188 se
546 4132 739 4188 fecisse
772 4148 892 4203 quae
922 4147 1198 4202 nunquam
1247 4130 1508 4186 fecerunt.
1540 4130 1617 4183 Ea
1648 4145 1756 4183 non
1793 4128 1880 4183 lo-

290 4240 434 4296 quor
463 4237 583 4292 quae
612 4237 712 4291 per
757 4237 845 4275 me
892 4236 1001 4274 non
1050 4219 1211 4274 efficit
1240 4221 1407 4284 Deus,
1459 4219 1556 4272 sed
1595 4218 1791 4289 loquor
1820 4233 1882 4271 ea

1971 1651 2092 1722 quia
2123 1667 2314 1706 omnes
2344 1653 2596 1707 conversi
2625 1661 2748 1707 sunt
2770 1655 3015 1708 :-habens
3055 1658 3248 1710 autem
3273 1655 3556 1726 cupidita-

1973 1745 2087 1795 tem
2116 1742 2379 1796 veniendi
2407 1741 2479 1795 ad
2501 1758 2611 1806 vos,
2644 1758 2718 1797 ex
2741 1743 2940 1796 multis
2951 1742 3077 1811 jam
3111 1743 3558 1814 praecedentibus

1970 1830 2156 1895 annis,
2190 1829 2247 1882 in
2277 1844 2383 1900 quo
2414 1837 2602 1884 notare
2650 1829 2876 1900 potestis
2921 1837 3177 1900 quantam
3221 1830 3561 1901 diligentiam

1969 1918 2200 1972 habeam
2229 1918 2297 1972 ad
2326 1933 2444 1972 vos.
2497 1919 2633 1973 Cum
2682 1934 2787 1990 ego
2835 1919 3115 1989 proﬁcisci
3143 1935 3354 1990 ccepero
3383 1921 3445 1974 in
3472 1919 3564 1974 Ili-

1970 2007 2254 2078 spaniam,
2285 2022 2440 2078 spero
2462 2007 2607 2077 quod
2624 2007 2842 2061 videam
2863 2024 2974 2072 vos,
2999 2007 3316 2076 praeteriens
3333 2023 3430 2078 per
3440 2023 3558 2076 vos,

1972 2110 2082 2150 non
2112 2095 2256 2149 enim
2287 2110 2454 2149 causa
2481 2103 2564 2149 est
2593 2111 2761 2166 quare
2791 2111 3036 2150 remorer
3065 2095 3345 2150 vobiscum
3375 2095 3468 2168 qui
3498 2094 3563 2150 fi-

1971 2183 2122 2238 deles
2153 2183 2304 2238 estis.
2344 2184 2566 2239 Videam
2601 2200 2689 2239 vos
2726 2183 2869 2248 dico,
2894 2187 2951 2238 et
2979 2183 3225 2240 deducar
3253 2185 3443 2240 illuca
3463 2201 3554 2241 voc

1972 2273 2072 2338 bis,
2107 2274 2157 2327 si
2187 2280 2364 2327 tamen
2412 2273 2630 2342 fruitus
2657 2275 2818 2344 prius
2838 2276 3002 2343 fuero
3029 2273 3173 2328 vobis
3190 2289 3264 2328 ea:
3282 2277 3469 2343 parte,
3501 2273 3556 2328 id

1973 2369 2056 2415 est
2082 2360 2378 2432 aliquando
2408 2361 2731 2415 remorando
2781 2360 3065 2416 vobiscum
3098 2379 3112 2427 ;
3148 2360 3274 2432 quia
3301 2361 3388 2417 hic
3416 2362 3560 2417 ulte-

1976 2449 2084 2503 rius
2112 2449 2292 2504 locum
2321 2465 2430 2503 non
2461 2449 2636 2504 habeo
2666 2456 2718 2503 et
2747 2449 2814 2504 ad
2844 2465 2941 2504 vos
2986 2449 3219 2504 transire
3246 2449 3426 2520 cupio.
3458 2450 3566 2523 Igi-

1975 2546 2062 2592 tur
2093 2538 2239 2610 quod
2283 2537 2436 2608 prius
2466 2537 2770 2592 faciendum
2802 2546 2884 2592 est
2913 2538 3200 2609 operabor,
3235 2538 3443 2594 scilicet
3469 2539 3562 2594 ibo

1975 2627 2318 2681 Hierusalem
2361 2626 2669 2680 ministrare
2719 2626 2939 2682 sanctis.
2983 2626 3233 2694 ’Quando
3275 2627 3468 2681 Petrus
3511 2635 3566 2682 et

1976 2715 2066 2786 qui
2098 2731 2222 2771 cum
2253 2731 2317 2770 eo
2348 2722 2498 2770 erant
2545 2714 2718 2773 ,Paulo
2751 2723 2803 2769 et
2830 2715 3095 2770 Barnabas
3123 2716 3339 2770 dextras
3361 2716 3563 2772 dedere

1976 2804 2250 2858 societatis
2281 2804 2487 2870 (Galat.
2525 2819 2582 2869 ιι,
2617 2805 2695 2871 9),
2728 2803 3071 2871 injunxerunt
3113 2804 3212 2874 eis,
3259 2812 3319 2859 ut
3357 2804 3413 2858 in
3457 2804 3566 2860 Ec-

1976 2892 2156 2947 clesiis
2198 2892 2444 2964 gentium
2503 2891 2853 2946 collectiones
2911 2891 3169 2958 facerent,
3218 2893 3360 2947 unde
3408 2892 3568 2947 mini-

1977 2989 2210 3035 strarent
2260 2981 2464 3036 sanctis
2512 2980 2566 3034 in
2623 2980 2961 3035 Hierusalem
2993 3021 3006 3046 ,
3066 2981 3259 3052 quibus
3315 2981 3565 3036 infideles

1974 3070 2158 3124 omnia
2185 3069 2538 3124 abstulerant.
2583 3069 2786 3123 Vadam
2815 3071 3150 3125 ministrare
3177 3070 3412 3136 sanctis,
3431 3070 3566 3142 quid

1975 3158 2292 3212 Macedonia
2322 3161 2378 3212 et
2407 3158 2635 3222 Achaia,
2669 3156 2726 3211 id
2747 3165 2828 3211 est
2845 3157 3106 3212 Ecclesiae
3127 3172 3310 3212 eorum
3331 3157 3564 3228 probum

1972 3246 2356 3314 judicaverunt
2369 3249 2556 3316 facere
2577 3246 2828 3318 aliquam
2845 3248 3237 3302 collectionem
3265 3247 3328 3301 in
3344 3262 3562 3317 paupe-

1977 3351 2066 3389 res
2092 3339 2420 3389 sanctorum
2441 3333 2814 3399 deferendam,
2835 3334 2888 3387 id
2911 3342 3012 3400 est,
3028 3335 3084 3388 in
3107 3350 3376 3405 pauperes
3397 3350 3562 3390 sanc-

1979 3430 2082 3489 tos,
2107 3425 2202 3493 qui
2247 3426 2383 3477 sunt
2429 3424 2761 3477 Jerusalem.
2815 3423 3184 3478 Probaverunt
3215 3423 3433 3494 quidem
3459 3425 3564 3479 hoc

1977 3527 2086 3565 non
2103 3526 2135 3564 a
2157 3509 2314 3565 nobis
2336 3509 2526 3575 coacti,
2554 3509 2669 3570 sed,
2695 3512 2827 3582 quia
2844 3512 2929 3565 ita
2947 3512 3167 3582 placuit
3187 3512 3266 3566 eis
3289 3520 3378 3579 ;et
3395 3511 3440 3565 si
3456 3527 3564 3567 non

1977 3599 2234 3670 placeret,
2269 3600 2542 3655 debitores
2572 3608 2751 3654 tamen
2798 3604 2935 3655 sunt
2964 3616 3158 3655 eorum
3188 3607 3241 3654 et
3283 3615 3348 3654 ex
3378 3599 3563 3654 debito

1980 3689 2165 3743 facere
2193 3696 2485 3758 oporteret.
2522 3689 2662 3743 Vere
2692 3688 2972 3744 debitores
3002 3696 3126 3742 sunt
3155 3704 3365 3744 eorum.
3399 3688 3562 3753 Nam,

1980 3777 2028 3833 si
2049 3778 2292 3848 gentiles
2310 3778 2454 3848 facti
2466 3777 2932 3849 sunt‘participes
2966 3778 3360 3848 spiritualium
3390 3777 3566 3832 bono-

1985 3882 2104 3918 rum
2118 3882 2310 3920 eorum
2324 3872 2635 3920 sanctorum
2645 3908 2656 3930 ,
2666 3865 2790 3936 quia
2803 3865 2973 3920 sancti
2991 3865 3066 3919 illi
3089 3865 3388 3936 spiritualia
3400 3864 3571 3937 genti-

1985 3953 2090 4006 bus
2121 3953 2583 4022 ministraverunt,
2615 3954 2815 4008 debent
2836 3956 3008 4009 etiam
3029 3961 3219 4024 gentes
3238 3955 3569 4009 ministrare

1985 4044 2206 4096 sanctis
2229 4043 2289 4096 in
2311 4043 2654 4097 carnalibus.
2680 4041 3134 4112 Quandoquidem
3155 4043 3260 4098 hoc
3277 4042 3409 4096 mihi
3424 4042 3576 4113 prius

1983 4129 2292 4184 faciendum
2323 4137 2508 4195 restat,
2544 4131 2724 4199 igitur
2753 4147 2884 4185 cum
2906 4130 3498 4196 hocconsummavero,
3521 4135 3580 4187 et

1985 4235 2106 4272 cum
2137 4219 2515 4289 assignavero,
2576 4218 2630 4272 id
2660 4227 2760 4286 est,
2795 4219 2897 4272 sub
2927 4219 3106 4290 sigillo
3155 4220 3234 4273 eis
3289 4218 3581 4275 reddidero

291 4328 415 4382 quae
446 4327 544 4380 per
563 4326 647 4364 me
665 4309 912 4363 Christus
928 4307 1107 4373 efficit,
1133 4310 1195 4363 in
1217 4307 1587 4363 obedientiam
1601 4307 1878 4376 gentium,
1902 4299 1955 4358 D
1987 4310 2243 4378 fruct-um
2260 4307 2834 4378 hunc,proﬁciscarin
2847 4307 3178 4378 Hispaniam
3195 4307 3464 4362 transiens
3477 4324 3581 4380 per

289 4401 344 4454 id
371 4407 455 4454 est
485 4407 542 4452 ut
571 4398 655 4453 vel
685 4414 790 4470 ego
819 4396 1072 4452 obediam
1102 4396 1205 4466 ipsi
1233 4397 1286 4450 in
1319 4395 1590 4468 gentibus,
1624 4394 1709 4449 vel
1739 4410 1879 4464 gen-

291 4497 376 4543 tes
406 4504 502 4559 per
531 4503 617 4542 me
646 4486 903 4541 obediant
935 4485 1002 4539 ei.
1033 4485 1214 4555 Efﬁcit
1251 4484 1372 4539 dico
1433 4501 1535 4555 per
1564 4500 1652 4540 me
1701 4484 1878 4548 verbo,

295 4577 544 4632 Christus
575 4575 716 4630 enim
747 4574 983 4645 loquitur
1013 4573 1067 4627 in
1094 4589 1200 4627 me.
1253 4571 1430 4628 Efficit
1478 4575 1652 4628 etiam
1689 4573 1880 4642 factis,

292 4665 349 4720 id
381 4673 466 4719 est
509 4664 564 4717 iu
619 4663 877 4733 operibus
934 4661 1088 4727 meis,
1140 4659 1265 4737 quia
1311 4661 1455 4732 quod
1509 4660 1648 4715 bene
1695 4659 1886 4730 loquor

296 4769 515 4824 operor.
549 4753 739 4824 Efﬁcit
771 4751 892 4806 dico
904 4752 966 4806 in
993 4751 1202 4804 virtute
1224 4751 1518 4821 signorum
1535 4753 1591 4804 et
1607 4748 1886 4820 prodigio-

294 4859 448 4907 rum,
482 4841 551 4894 ad
583 4857 703 4912 qua:
736 4838 985 4894 facienda
1013 4838 1105 4892 dat
1132 4837 1262 4891 mihi
1293 4838 1561 4892 virtutem.
1597 4836 1761 4907 Signa
1791 4851 1890 4890 vo-

298 4939 406 4996 cat,
439 4937 496 4983 ut
525 4927 874 4998 depulsiones
921 4927 1240 4981 morborum
1263 4969 1275 4992 ,
1307 4925 1592 4997 prodigia,
1625 4924 1887 4980 suscitare

294 5026 572 5074 mortuos.
613 5015 990 5087 Prodigiorum
1023 5013 1146 5069 dico
1177 5013 1440 5070 factorum
1473 5013 1524 5066 in
1549 5012 1743 5069 virtute
1767 5014 1891 5085 Spi-

300 5110 455 5164 ritus
486 5107 694 5161 sancti.
729 5104 826 5159 Vel
858 5103 1022 5159 efficit
1071 5103 1316 5158 Christus
1344 5119 1445 5173 per
1491 5118 1578 5156 me
1608 5103 1661 5156 in
1693 5101 1891 5157 virtute

305 5195 542 5266 Spiritus
573 5193 764 5260 sancti,
799 5209 961 5264 quem
1003 5208 1103 5263 per
1152 5207 1346 5246 manus
1387 5207 1540 5245 meas
1586 5189 1882 5245 distribuit.

309 5286 424 5351 Sic,
444 5281 877 5354 inquam,efficit,
894 5285 958 5337 ut
975 5296 1080 5353 ego
1098 5282 1450 5352 repleverim,
1475 5279 1529 5333 id
1551 5287 1632 5334 est
1652 5278 1894 5350 plenarie

308 5371 728 5445 praedicaverim
776 5370 1144 5442 Evangelium
1188 5368 1414 5437 Christi,
1464 5367 1772 5440 incipiendo
1828 5367 1895 5423 ab

1990 4412 2103 4450 vos.
2149 4396 2270 4452 Scio
2301 4400 2494 4450 autem
2533 4397 2798 4467 quoniam
2845 4396 3074 4452 veniens
3104 4395 3272 4468 longo
3303 4396 3575 4452 desiderio

1989 4491 2162 4548 actus,
2199 4483 2412 4539 veniam
2443 4484 2514 4538 ad
2545 4501 2634 4540 vos
2676 4485 2739 4538 in
2781 4482 3135 4539 abundantia
3169 4485 3578 4541 benedictionis

1993 4571 2222 4638 Christi,
2249 4572 2302 4626 id
2335 4580 2436 4638 est,
2471 4572 2901 4628 benedictionem
2935 4573 3132 4627 Christi
3171 4571 3368 4628 faciam
3397 4574 3576 4628 abun-

1987 4661 2114 4715 dare
2161 4661 2217 4714 in
2272 4661 2446 4727 vobis,
2499 4660 2811 4731 impertiens
2875 4661 3008 4715 illud
3049 4661 3238 4734 gratiae
3289 4661 3388 4716 Dei
3431 4661 3577 4732 quod

1989 4749 2164 4804 deest.
2199 4750 2265 4802 Et
2297 4749 2426 4820 quia
2455 4765 2596 4804 nunc
2639 4749 2809 4804 iturus
2857 4766 2976 4803 sum
3022 4749 3344 4816 Jerusalem,
3392 4749 3578 4822 igitur,

1992 4840 2212 4894 obsecro
2271 4854 2363 4893 vos
2391 4841 2627 4909 fratres,
2657 4855 2760 4910 per
2787 4839 3088 4893 Dominum
3109 4842 3370 4894 nostrum
3399 4841 3589 4895 Jesum

1999 4927 2304 4992 Christum,
2339 4931 2404 4981 ut
2435 4926 2716 4996 adjuvetis
2756 4943 2846 4981 me
2875 4929 2938 4981 in
2969 4929 3320 4983 orationibus
3347 4926 3481 4983 fusis
3493 4944 3593 5000 pro

1992 5031 2082 5070 me
2115 5016 2186 5070 ad
2205 5017 2398 5080 Deum,
2435 5019 2498 5069 ut
2523 5015 2627 5070 hoc
2657 5015 2924 5083 adjutorio
2957 5015 3159 5071 liberer
3176 5017 3243 5072 ab
3263 5016 3585 5086 inﬁdelibus

1994 5105 2090 5177 qui
2121 5107 2257 5159 sunt
2290 5105 2352 5158 in
2384 5104 2596 5170 Judaza,
2621 5107 2760 5159 etut
2792 5104 2866 5158 ita
2891 5105 3097 5159 oblatio
3113 5105 3362 5177 obsequii
3385 5107 3514 5172 mei,
3534 5104 3589 5160 id

1996 5200 2078 5247 est
2109 5190 2164 5245 in
2195 5207 2302 5263 qua
2317 5192 2731 5263 obsequor,ﬁat
2752 5198 2984 5265 accepta
3015 5195 3232 5250 sanctis
3268 5195 3327 5249 in
3347 5195 3591 5250 Jersoso-

2000 5281 2170 5353 lyma,
2221 5280 2338 5335 sine
2395 5279 2752 5335 diminutione
2807 5280 2914 5336 illis
2968 5289 3292 5352 praesentata
3324 5300 3338 5348 ;
3373 5286 3437 5337 ut
3490 5283 3597 5339 hoc

1995 5385 2232 5442 propere
2265 5370 2553 5442 completo,
2589 5371 2816 5427 veniam
2835 5372 2906 5427 ad
2935 5387 3027 5428 vos
3057 5374 3120 5428 in
3138 5369 3339 5444 gaudio
3367 5387 3468 5443 per
3496 5386 3594 5428 vo-
