3960 6036
337 65 435 117 H9

341 187 626 243 luntatem
647 188 765 254 Dei,
784 186 838 242 id
851 188 1099 254 est,sicut
1121 189 1267 242 Deus
1288 185 1618 257 disposuerit
1639 204 1653 250 ;
1678 189 1734 241 et
1753 183 1928 255 refri-
1947 184 2000 244 A

328 291 457 347 gere
487 277 770 332 vobiscum
799 275 1093 348 perﬁciens
1126 275 1180 330 in
1211 275 1366 331 vobis
1390 275 1534 346 quod
1553 274 1928 344 imperfectum

339 364 615 420 invenero.
650 365 758 420 Sed
787 365 910 436 quia
940 365 1010 420 ad
1039 367 1143 420 hoc
1163 380 1341 436 neque
1363 379 1462 434 per
1489 379 1608 430 vos,
1634 377 1812 433 neque
1833 378 1930 433 per

285 495 296 506 .
340 469 430 507 me
460 452 703 508 sufﬁcitis
737 471 749 507 :
783 455 928 510 Deus
944 455 1103 527 pacis
1129 454 1197 522 ﬁt
1226 452 1432 508 faciens
1452 467 1641 524 pacem
1665 467 1794 508 eum
1815 467 1930 506 om-

339 542 503 599 nibus
523 543 668 600 vobis
685 543 862 600 Amen
874 584 887 597 .

914 693 1138 750 CAPUT
1179 693 1332 749 XVI.

407 841 429 865 α
464 815 800 874 Commendo
830 824 1013 872 autem
1057 817 1214 872 vobis
1263 815 1504 870 Phoeben
1541 829 1792 870 sororem
1821 829 1928 869 no-

338 928 361 958 ‹
397 915 582 972 stram,
616 922 736 978 quae
763 914 846 961 est
876 906 930 960 in
975 904 1278 960 ministerio
1308 903 1573 960 Ecclesiae
1603 920 1727 975 quae
1758 911 1841 958 est
1872 902 1928 956 in

336 1017 359 1046 «
397 995 657 1051 Cenchris
691 1011 702 1051 :
739 1002 795 1050 ut
825 1011 940 1050 eam
964 993 1270 1065 suscipiatis
1290 993 1346 1048 in
1367 993 1598 1049 Domino
1620 992 1785 1064 digne
1807 1007 1925 1045 san-

333 1107 357 1132 «
391 1084 491 1140 ctis
519 1083 641 1156 [al.,
663 1082 836 1156 satis],
877 1091 930 1138 et
968 1082 1233 1137 assistatis
1254 1090 1306 1137 et
1327 1083 1382 1136 in
1404 1097 1726 1153 quocunque
1748 1095 1926 1152 nego-

342 1193 364 1223 α
397 1173 469 1229 tio
501 1172 668 1228 vestri
709 1172 1021 1245 indiguerit.
1073 1171 1289 1226 Etenim
1333 1171 1452 1242 ipsa
1502 1186 1718 1242 quoque
1762 1168 1930 1224 astitit

338 1284 358 1310 α
395 1260 596 1327 multis,
632 1267 684 1315 et
714 1260 844 1314 mihi
874 1260 998 1331 ipsi.
1033 1260 1270 1315 Salutate
1302 1259 1539 1314 Priscam
1571 1266 1623 1313 et
1652 1257 1927 1329 Aquilam,

339 1372 360 1400 α
391 1351 671 1419 adjutores
719 1365 872 1405 meos
919 1348 974 1402 in
1026 1349 1240 1404 Christo
1294 1349 1424 1402 Jesu
1465 1347 1578 1419 (qui
1615 1363 1716 1418 pro
1747 1346 1930 1401 anima

337 1460 359 1490 ι
391 1455 512 1494 mea
544 1453 672 1492 suas
701 1437 946 1494 cervices
979 1444 1384 1508 supposuerunt
1417 1454 1428 1492 :
1466 1436 1659 1508 quibus
1691 1451 1800 1491 non
1831 1451 1926 1491 so-

891 65 948 119 S.
989 61 1344 120 BRUNONIS
1382 55 2026 117 CARTHUSIANORUM
2062 55 2545 114 INSTITUTORIS
2584 54 2736 111 OPP.
2778 53 2954 110 PARS
2993 54 3060 108 II.

3519 45 3621 101 {I20

2039 203 2059 232 α
2096 181 2241 250 tacti,
2285 181 2452 253 (quod
2491 196 2634 236 nunc
2685 178 3014 251 patefactum
3053 184 3133 232 est
3174 192 3274 248 per
3324 175 3622 245 scripturas

2035 292 2057 322 α
2093 271 2483 341 prophetarum
2509 269 2808 324 secundum
2839 275 3172 338 praeceptum
3197 265 3386 321 aeterni
3406 263 3526 329 Dei,
3549 260 3622 316 ad

2035 381 2058 410 ι
2093 359 2460 414 obeditionem
2509 357 2658 429 ﬁdei)
2714 358 2774 411 in
2816 355 3022 412 cunctis
3067 354 3319 427 gentibus
3369 351 3618 424 cogniti,

2034 471 2055 496 α
2093 449 2195 504 soli
2223 447 2451 518 sapienti
2479 448 2593 503 Deo
2623 462 2723 517 per
2751 447 2937 500 .lcsum
2979 444 3270 509 Christum,
3313 442 3402 498 cui
3447 442 3622 496 honor

2037 558 2058 586 α
2094 545 2144 593 et
2172 537 2350 609 gloria
2379 537 2433 591 in
2466 536 2664 593 saecula
2696 534 3042 591 saeculorum.
3076 541 3271 589 Amen.
3311 551 3334 582 ι

2654 719 2949 759 EXPOSITIO
2963 744 2976 758 .

2103 819 2276 874 Finita
2304 818 2565 890 Epistola,
2601 819 2788 873 inserit
2819 815 3167 872 salutationes
3200 831 3345 882 suas,
3379 815 3566 871 dicens
3599 832 3614 868 :

2033 909 2166 963 Cum
2193 909 2278 962 his
2300 926 2419 980 quas
2442 908 2694 978 superius
2717 906 3092 963 commendavi
3112 904 3439 962 commendo
3459 903 3622 959 etiam

2031 999 2177 1054 vobis
2200 997 2440 1053 Phwben
2457 1014 2708 1053 sororem
2729 1001 3005 1063 nostram,
3024 1012 3145 1068 quae
3168 999 3252 1050 est
3271 996 3335 1049 in
3354 995 3622 1049 ministe-

2031 1088 2116 1143 rio
2148 1087 2427 1153 Ecclesia,
2460 1086 2514 1140 id
2544 1093 2762 1157 estquae
2782 1085 3050 1138 ministrat
3071 1083 3384 1139 necessaria
3407 1081 3622 1137 cuidam

2031 1175 2311 1241 Ecclesiae,
2345 1191 2507 1247 quam
2537 1173 2814 1230 constituit
2844 1173 3129 1229 Cenchris.
3157 1173 3272 1227 Hoc
3299 1171 3518 1242 inquam
3552 1169 3620 1224 de

2033 1281 2099 1320 ea
2131 1265 2475 1328 commendo,
2509 1267 2574 1319 ut
2594 1262 2920 1336 suscipiatis
2944 1279 3068 1318 eam
3097 1262 3159 1316 in
3191 1261 3424 1318 Domino
3455 1261 3620 1331 digne

2034 1354 2330 1419 sanctis,id
2347 1361 2428 1408 est
2445 1353 2818 1424 velquomodo
2834 1367 2932 1406 vos
2954 1358 3170 1405 sanctos
3188 1350 3346 1404 decet
3363 1365 3483 1404 eam
3506 1364 3624 1402 sus-

2034 1443 2215 1514 cipere
2249 1461 2262 1508 ;
2295 1443 2380 1497 vel
2411 1441 2685 1513 quomodo
2715 1456 2779 1495 ea
2809 1447 2990 1495 sancta
3029 1437 3379 1508 suscipienda
3407 1437 3489 1492 est
3523 1452 3535 1490 :
3569 1440 3627 1494 et

341 1549 363 1578 ‘
398 1527 510 1582 lum
541 1543 646 1599 ego
667 1528 869 1599 ετειίθε
900 1542 1026 1598 ago:
1054 1526 1152 1580 sed
1182 1533 1235 1580 θῐ
1262 1531 1468 1580 cunelae
1497 1524 1759 1580 Εοοιεδίὶε
1789 1539 1929 1596 gen-
1952 1544 2004 1604 Β
2033 1534 2087 1588 ei
2099 1538 2363 1601 susceptae
2376 1532 2661 1586 assistatis
2682 1532 2744 1585 in
2770 1544 3096 1602 quocunque
3122 1528 3342 1598 negotio
3367 1527 3622 1596 indigue-

342 1637 364 1666 α
399 1615 554 1686 tium)
595 1623 649 1670 et
703 1614 1058 1670 domesticam
1115 1613 1419 1670 Ecclesiam
1450 1629 1654 1669 eorum.
1688 1613 1926 1669 Salutate

345 1728 366 1752 α
401 1706 717 1775 Epaenetum
748 1703 1001 1759 dilectum
1029 1703 1178 1769 mihi,
1215 1702 1308 1775 qui
1357 1710 1440 1758 est
1465 1703 1769 1773 primitivus
1819 1702 1931 1758 Ec-

343 1816 365 1841 α
402 1793 583 1849 etesiae
612 1793 756 1848 Asiae
785 1793 841 1847 in
871 1792 1086 1848 Christo
1115 1793 1263 1847 Jesu.
1287 1791 1522 1847 Salutate
1541 1791 1782 1856 Mariam,
1811 1806 1933 1862 quae

345 1903 368 1933 α
403 1882 632 1937 multum
661 1881 925 1937 laboravit
945 1880 1000 1935 in
1017 1880 1192 1936 vobis.
1211 1879 1453 1936 Salutate
1481 1879 1640 1935 82
1665 1879 1935 1934 Androni-

344 1995 365 2019 «ι
403 1987 528 2028 cum
550 1980 602 2027 et
628 1970 863 2039 Juniam,
899 1977 1166 2043 cognatos
1188 1977 1240 2024 et
1257 1969 1607 2039 concaptivos
1636 1984 1807 2033 meos,
1844 1967 1936 2038 qui

339 2083 361 2107 α
398 2068 525 2115 sunt
552 2059 762 2115 nobiles
785 2059 841 2113 in
865 2059 1151 2129 apostolis,
1186 2058 1279 2129 qui
1301 2065 1352 2112 et
1371 2066 1494 2112 ante
1526 2073 1614 2112 me
1637 2056 1852 2111 fuerunt
1881 2056 1936 2110 in

348 2172 370 2196 ιι
405 2149 620 2204 Christo
657 2149 807 2203 Jesu.
862 2147 1100 2202 Salutate
1147 2146 1476 2217 Ampliatum
1520 2145 1935 2201 dilectissimum

345 2259 368 2289 ι
402 2238 536 2293 mihi
564 2237 621 2291 in
651 2237 902 2293 Domino.
937 2236 1176 2291 Salutate
1207 2236 1484 2290 Urbanum
1505 2235 1809 2304 adjutorem
1831 2249 1935 2288 no-

342 2349 365 2380 «
401 2335 574 2382 strum
603 2327 658 2382 in
687 2325 900 2382 Christo
930 2326 1085 2394 Jesu,
1109 2332 1160 2380 et
1185 2325 1425 2396 Stachyn
1447 2324 1707 2380 dilectum
1729 2339 1934 2379 meum.

345 2438 368 2468 α
405 2416 644 2472 Salutate
671 2415 935 2487 Appellen
967 2415 1202 2486 probum
1234 2414 1287 2468 in
1317 2414 1549 2469 Christo.
1574 2413 1814 2469 Salutate
1843 2429 1938 2469 eos

345 2527 369 2556 α
404 2505 495 2578 qui
525 2512 650 2560 sunt
694 2520 760 2559 ex
810 2503 1109 2558 Aristoboli
1160 2503 1343 2558 domo.
1395 2503 1629 2558 Salutate
1662 2502 1937 2558 Herodia-

349 2616 371 2646 ι
405 2610 536 2650 num
566 2601 858 2665 cognatum
888 2609 1090 2648 meum.
1140 2592 1381 2648 Salutate
1431 2607 1526 2647 eos
1582 2591 1673 2663 qui
1721 2599 1842 2646 sunt
1873 2607 1939 2646 ex

352 2705 374 2735 α
408 2682 652 2739 Narcissi
682 2682 864 2749 domo,
895 2682 984 2754 qui
1013 2688 1134 2736 sunt
1164 2681 1217 2735 in
1251 2680 1502 2735 Domino.
1538 2680 1770 2736 Salutate
1799 2681 1937 2751 Try-

349 2794 372 2824 α
406 2773 653 2843 ρὴεξθῐιδπι
685 2779 738 2826 et
767 2772 1122 2842 Tryphosam,
1157 2787 1278 2841 quae
1323 2769 1572 2825 laborant
1601 2769 1655 2823 in
1684 2768 1936 2825 Domino.

353 2885 376 2914 κ
414 2863 655 2918 Salutate
704 2860 982 2916 Persidem
1026 2859 1417 2923 charissimam,
1449 2876 1569 2931 qua:
1598 2859 1823 2913 multum
1854 2857 1938 2912 la-

351 2976 373 3001 (ι
411 2951 624 3008 boravit
660 2950 717 3004 in
763 2949 1015 3005 Domino.
1079 2947 1312 3004 Salutate
1360 2947 1557 3003 Rufum
1606 2947 1837 3003 electum
1887 2948 1941 3002 in

353 3065 376 3094 ι
410 3040 663 3106 Domino,
695 3047 746 3094 et
774 3046 1007 3094 matrem
1038 3038 1174 3108 ejus,
1208 3045 1257 3092 et
1281 3053 1481 3092 meam.
1502 3036 1738 3092 Salutate
1760 3039 1944 3108 Asyn-

355 3152 379 3182 ι
413 3139 624 3202 crytum
655 3137 708 3184 et
734 3127 1127 3200 Philegontem,
1172 3127 1430 3192 Herman,
1466 3126 1773 3192 Patrobam,
1811 3127 1945 3181 Her-

357 3241 379 3271 α
414 3235 560 3284 men,
589 3225 642 3273 et
661 3217 754 3289 qui
783 3233 908 3272 cum
938 3216 1017 3271 eis
1047 3223 1188 3284 sunt,
1223 3214 1436 3270 fratres.
1472 3215 1709 3270 Salutate
1759 3214 1944 3269 Philo-

357 3330 380 3359 ι
413 3309 599 3379 logum
629 3314 681 3362 et
707 3306 925 3373 Juliam,
977 3312 1030 3359 et
1078 3306 1318 3360 Nereum
1370 3311 1422 3359 et
1450 3320 1691 3359 sororem
1723 3305 1858 3373 ejus,
1894 3311 1946 3359 et

357 3419 380 3447 α
419 3395 816 3468 Olympiadem,
850 3402 903 3450 et
931 3409 1123 3450 omnes
1154 3394 1245 3465 qui
1273 3409 1396 3449 cum
1428 3393 1507 3448 eis
1552 3401 1673 3447 sunt
1704 3400 1941 3448 sanctos.

357 3509 378 3537 α
415 3486 656 3542 Salutate
703 3484 937 3542 invicem
965 3485 1022 3538 in
1067 3483 1256 3540 osculo
1301 3490 1515 3538 sancto.
1576 3483 1818 3536 Salutant
1848 3498 1946 3538 vos

357 3597 380 3627 ι
417 3592 608 3632 omnes
637 3573 903 3630 Ecclesiae
933 3573 1153 3628 Christi.
1188 3573 1342 3643 Rogo
1364 3579 1544 3626 autem
1575 3586 1691 3637 vos,
1725 3571 1943 3636 fratres,

355 3686 378 3716 α
411 3673 470 3719 ut
496 3663 800 3719 observetis
830 3678 926 3717 eos
982 3661 1074 3733 qui
1111 3659 1483 3714 dissensiones
1533 3667 1586 3714 et
1623 3658 1949 3714 offendicula

361 3775 382 3802 α
418 3760 619 3825 praeter
664 3751 968 3806 doctrinam
1015 3765 1177 3821 quam
1206 3764 1304 3804 vos
1331 3748 1594 3803 didicistis
1642 3747 1864 3813 faciunt,
1899 3757 1950 3803 et

361 3866 383 3890 «ι
420 3841 688 3897 declinate
718 3840 787 3894 ab
816 3839 942 3893 illis.
999 3837 1320 3918 _Hujusmodi
1370 3836 1513 3892 enim
1571 3836 1785 3892 Christo
1834 3839 1949 3892 Do-

361 3956 381 3979 α
419 3931 567 3985 mino
596 3936 784 3983 nostro
812 3943 922 3982 non
973 3927 1235 3996 serviunt,
1270 3926 1366 3980 sed
1412 3941 1509 3980 suo
1541 3925 1722 3992 vestri,
1771 3935 1822 3981 et
1850 3943 1952 3997 per

365 4042 388 4072 α
422 4019 611 4074 dulces
643 4032 923 4072 sermones
955 4023 1008 4070 et
1057 4015 1465 4071 benedictiones
1492 4015 1753 4071 seducunt
1783 4017 1950 4071 corda

364 4132 387 4162 ι
423 4107 814 4164 innocentium.
854 4107 1045 4162 Vestra
1077 4104 1222 4161 enim
1251 4104 1558 4160 obedientia
1579 4104 1633 4158 in
1655 4104 1803 4159 omni
1831 4104 1952 4160 loco

362 4220 385 4250 ι
421 4197 695 4270 divulgata
725 4204 826 4250 est.
860 4194 1086 4251 Gaudeo
1116 4194 1283 4266 igitur
1307 4193 1362 4247 in
1381 4193 1569 4259 vobis;
1591 4193 1688 4248 sed
1710 4193 1833 4249 volo
1853 4209 1952 4248 vos

2033 1622 2112 1676 rit
2130 1621 2320 1676 vestri.
2352 1621 2456 1675 Per
2485 1621 2627 1675 hanc
2657 1619 2897 1673 Phoeben
2919 1626 3134 1672 euntem
3156 1617 3403 1682 Romam,
3435 1615 3629 1670 dicitur

2033 1710 2326 1781 Apostolus
2357 1709 2572 1763 misisse
2602 1724 2755 1763 suam
2787 1707 3106 1778 Epistolam,
3140 1722 3298 1778 quam
3328 1705 3453 1760 ideo
3477 1719 3628 1760 com-

2034 1799 2274 1866 mendat,
2309 1806 2367 1852 ut
2397 1796 2645 1863 Romani,
2666 1797 2845 1851 audita
2877 1795 3197 1851 auctoritate
3227 1795 3362 1863 ejus,
3397 1793 3624 1865 acquie-

2036 1896 2191 1944 scant
2219 1888 2268 1942 ei
2300 1887 2354 1940 in
2386 1887 2654 1952 omnibus,
2689 1902 2811 1957 quas
2857 1885 2996 1940 bene
3045 1884 3314 1938 suadebit.
3347 1882 3624 1939 Assisten-

2036 1977 2166 2031 dum
2195 1984 2276 2030 est
2307 1976 2356 2030 ei
2388 1994 2399 2032 :
2433 1977 2647 2031 etenim
2679 1977 2802 2046 ipsa
2835 1975 3024 2029 astitit
3067 1974 3266 2028 multis
3296 1974 3533 2037 sanctis,
3567 1975 3624 2026 et

2035 2066 2178 2121 mihi
2205 2065 2314 2137 ipsi
2368 2063 2749 2118 ministrando.
2778 2065 3039 2118 Salutate
3082 2061 3244 2116 etiam
3277 2062 3533 2116 Priscum
3570 2064 3630 2115 et

2038 2154 2612 2227 Aquila-ni,adjutores
2626 2169 2775 2208 meos
2789 2153 2851 2206 in
2868 2151 3088 2207 Christo
3107 2153 3257 2207 Jesu.
3281 2150 3377 2204 Vel
3401 2150 3628 2204 salutate

2036 2242 2090 2297 in
2123 2243 2357 2308 Christo,
2383 2243 2478 2314 qui
2506 2250 2736 2313 uterque
2756 2243 3175 2313 supposuerunt
3209 2255 3342 2294 suas
3388 2240 3628 2294 cervices

2034 2348 2137 2404 pro
2159 2333 2357 2386 anima
2386 2347 2531 2386 mea.
2559 2330 2625 2384 Hi
2656 2329 2821 2384 Paulo
2851 2329 2905 2382 in
2933 2328 3115 2382 multis
3144 2327 3403 2399 periculis
3425 2335 3479 2382 et
3498 2342 3627 2381 car-

2040 2420 2255 2476 ceribus
2287 2420 2672 2474 subvenerunt.
2711 2419 2916 2487 Quibus
2937 2434 3054 2472 non
3085 2431 3178 2488 ego
3227 2418 3377 2472 solus
3410 2416 3629 2487 gratias

2038 2525 2173 2580 ago;
2196 2508 2292 2564 sed
2321 2510 2494 2564 etiam
2524 2512 2745 2564 cuncta:
2773 2507 3031 2563 Ecclesia:
3045 2507 3324 2577 gentium,
3353 2505 3442 2577 qui
3465 2505 3629 2560 modo

2039 2614 2148 2653 non
2175 2598 2439 2652 haberent
2469 2597 2775 2667 apostolum
2824 2612 3001 2661 suum,
3046 2595 3151 2648 nisi
3179 2611 3278 2666 per
3305 2594 3627 2662 adjutorium

2039 2687 2292 2742 istorum.
2333 2687 2593 2742 Salutate
2629 2689 2685 2741 et
2715 2685 3077 2740 domesticam
3099 2685 3428 2749 Ecclesia-m,
3463 2682 3518 2736 id
3547 2689 3632 2737 est

2043 2775 2300 2830 familiam
2331 2791 2535 2830 eorum.
2556 2775 2816 2831 Salutate
2837 2775 3164 2846 Epaanetum
3179 2773 3451 2828 dilectum
3464 2771 3626 2837 mihi,

2041 2866 2136 2937 qui
2165 2869 2248 2920 est
2275 2865 2602 2937 primitivus
2652 2864 2794 2917 Asiae
2825 2864 2888 2917 in
2933 2861 3277 2918 ChristoJlic
3324 2861 3532 2932 primus
3561 2861 3630 2916 de

2043 2954 2170 3009 Asia
2201 2951 2361 3008 ﬁdem
2382 2953 2588 3023 accepit
2610 2968 2640 3007 a
2663 2952 2844 3006 Paulo.
2872 2953 3129 3008 Salutate
3151 2954 3208 3006 et
3234 2951 3486 3016 Mariam,
3511 2967 3632 3022 qua:

2042 3044 2291 3098 multum
2325 3042 2594 3097 laboravit
2615 3042 2678 3095 in
2703 3041 2866 3106 vobis,
2891 3040 2958 3093 ab
2979 3055 3164 3094 errore
3187 3039 3492 3095 revocando
3510 3054 3628 3092 vos.

2045 3133 2173 3186 Haec
2202 3130 2365 3185 Maria
2396 3130 2593 3185 dicitur
2621 3129 2899 3183 nuntiasse
2941 3128 3201 3198 Apostolo
3236 3127 3630 3182 dissensionem

2044 3221 2415 3276 Romanorum
2448 3237 2461 3273 :
2497 3235 2601 3290 qua
2643 3217 2930 3273 occasione
2962 3217 3178 3288 scripsit
3208 3217 3287 3272 eis
3327 3218 3467 3271 hanc
3497 3215 3632 3286 Epi-

2046 3310 2261 3364 stolam.
2294 3309 2361 3362 Et
2395 3309 2512 3363 haec
2544 3309 2772 3363 Romam
2803 3307 3062 3372 redierat,
3095 3313 3147 3360 et
3196 3306 3318 3360 ideo
3349 3305 3479 3361 dicit
3510 3320 3633 3359 eam

2045 3398 2347 3452 laborasse.
2382 3398 2642 3454 Salutate
2680 3396 3066 3451 Andronicum
3095 3399 3152 3450 et
3173 3395 3405 3462 Iuliam,
3440 3411 3636 3465 cogna-

2050 3491 2130 3542 tos
2167 3502 2336 3553 meos,
2393 3485 2448 3539 in
2497 3501 2698 3556 genere
2751 3484 3062 3540 Iudaeorum
3107 3500 3120 3539 :
3166 3488 3220 3539 et
3278 3485 3634 3555 concaptivos

2047 3592 2236 3641 meos;
2269 3575 2360 3646 qui
2417 3590 2560 3644 saepe
2611 3589 2827 3629 mecum
2885 3574 3026 3644 capti
3073 3572 3308 3638 fuerunt,
3356 3574 3450 3644 qui
3497 3573 3637 3625 sunt

2049 3666 2260 3720 nobiles
2301 3665 2363 3718 in
2400 3664 2690 3735 apostolis.
2774 3663 2838 3717 Hi
2894 3664 2961 3717 de
3021 3661 3367 3733 septuaginta
3421 3659 3637 3715 duobus

2049 3753 2216 3808 fuisse
2247 3753 2539 3808 creduntur
2573 3769 2585 3804 :
2619 3755 2713 3823 qui
2743 3755 2799 3807 et
2831 3756 2965 3806 ante
2999 3767 3087 3806 me
3129 3753 3369 3821 fuerunt
3386 3751 3445 3804 in
3471 3748 3637 3803 Chri~

2049 3847 2156 3908 sto,
2217 3841 2307 3913 qui
2376 3841 2528 3911 prius
2585 3840 2753 3895 Paulo
2813 3839 2882 3893 ad
2937 3837 3101 3894 ﬁdem
3173 3837 3424 3894 conversi
3481 3845 3630 3896 sunt,

2049 3932 2309 3986 Salutate
2339 3930 2572 4001 Apellen
2612 3929 2846 3998 probum
2885 3930 2948 3982 in
2979 3927 3216 3982 Christo.
3255 3929 3517 3983 Salutate
3547 3941 3638 3980 eos

2052 4022 2147 4092 qui
2189 4023 2326 4075 sunt
2392 4035 2466 4073 ea:
2533 4018 2693 4072 domo
2747 4017 3065 4081 Aristoboli,
3124 4015 3178 4069 id
3241 4023 3322 4069 est
3380 4015 3641 4068 familiam

2052 4108 2177 4179 quia
2205 4106 2380 4162 ﬁdelis
2428 4115 2528 4161 est.
2580 4105 2868 4160 Dominum
2899 4120 3264 4176 nequaquam,
3326 4103 3448 4175 quia
3480 4103 3635 4160 S3

2052 4195 2385 4251 inﬁdelitatis
2415 4203 2498 4250 est
2529 4211 2672 4249 reus.
2709 4195 2965 4251 Salutate
2986 4209 3078 4248 eos
3099 4193 3193 4264 qui
3217 4196 3354 4247 sunt
3377 4209 3450 4247 ex
3479 4192 3640 4247 domo

365 4310 386 4335 α
422 4286 697 4357 sapientes
729 4300 851 4340 esse
880 4284 936 4338 in
965 4284 1197 4352 bono,et
1221 4282 1496 4353 simplices
1527 4281 1583 4335 in
1611 4282 1778 4337 malo.
1804 4283 1950 4337 Deus
1970 4272 2024 4330 D
2053 4285 2323 4350 Narcissi,
2375 4300 2476 4339 nec
2516 4299 2728 4347 omnes,
2783 4283 2881 4337 sed
2936 4297 3032 4337 eos
3061 4282 3156 4354 qui
3191 4285 3327 4337 sunt
3359 4281 3413 4334 in
3441 4279 3546 4335 ﬁde
3575 4283 3640 4335 in

360 4399 382 4424 α
420 4383 599 4432 autem
631 4374 783 4446 pacis
821 4381 1066 4429 conterat
1111 4372 1368 4427 Satanam
1421 4371 1544 4444 [al.,
1605 4370 1792 4443 Satan]
1849 4371 1950 4425 sub

363 4487 387 4517 ι
422 4464 653 4536 pedibus
683 4464 881 4518 vestris
925 4461 1206 4517 velociter.
1259 4460 1447 4516 Gratia
1505 4461 1722 4516 Domini
1778 4460 1951 4515 nostri

365 4578 388 4604 α
420 4556 550 4610 Jesu
581 4552 781 4608 Christi
800 4550 1098 4607 vobiscum.
1133 4550 1340 4605 Salutat
1380 4567 1478 4605 vos
1514 4549 1828 4605 Timotheus
1863 4549 1953 4604 ad-

365 4665 387 4691 α
418 4643 562 4712 jutor
590 4641 712 4714 [al.,
746 4640 905 4694 habet
928 4637 1114 4711 frater]
1148 4655 1322 4707 meus,
1365 4645 1418 4693 et
1446 4639 1616 4694 Lucas
1663 4637 1784 4710 [al.,
1841 4638 1951 4691 Lu-

364 4753 387 4782 «
423 4730 561 4803 cius]
593 4739 645 4785 et
684 4730 871 4795 Jason,
905 4737 958 4784 et
987 4728 1268 4799 Sosipater
1297 4727 1522 4801 cognati
1575 4727 1702 4781 mei.
1765 4726 1951 4800 Saluto

358 4842 382 4873 α
417 4836 516 4876 vos
547 4835 653 4892 ego
683 4819 915 4884 Tertius,
941 4818 1030 4889 qui
1053 4817 1245 4888 scripsi
1267 4817 1564 4888 Epistolam
1586 4817 1746 4885 hanc,
1772 4815 1826 4870 in
1844 4816 1954 4870 Do-

353 4932 375 4961 ε
411 4909 578 4964 mino.
615 4907 822 4964 Salutat
880 4921 980 4962 vos
1007 4906 1195 4973 Gaius,
1248 4907 1449 4975 hospes
1503 4921 1678 4971 meus,
1732 4914 1784 4960 et
1832 4904 1952 4959 uni-

360 5018 383 5048 α
419 5011 579 5052 versa
608 4996 876 5052 Ecclesia.
911 4995 1117 5050 Salutat
1162 5009 1258 5048 vos
1302 4993 1531 5047 Erastus
1575 4993 1819 5048 arcarius
1868 4993 1950 5048 ci-

360 5106 383 5136 α
417 5085 618 5152 vitatis,
651 5094 705 5140 et
733 5084 986 5154 Quartus,
1031 5083 1222 5140 frater.
1279 5081 1466 5137 Gratia
1512 5081 1728 5136 Domini
1778 5081 1951 5136 nostri

361 5194 384 5224 ι
418 5174 549 5228 Jesu
578 5173 777 5227 Christi
826 5189 949 5228 cum
999 5171 1254 5226 omnibus
1297 5171 1471 5235 vobis,
1525 5172 1716 5224 Amen.
1764 5169 1827 5223 Ei
1856 5184 1952 5223 au-

358 5286 379 5310 ιι
417 5271 524 5317 tem
548 5261 641 5333 qui
669 5270 866 5332 potens
896 5269 979 5316 est
1007 5276 1106 5315 vos
1140 5258 1486 5328 conﬁrmare,
1514 5260 1671 5328 juxta
1698 5261 1952 5330 Evange-

362 5376 383 5399 α
421 5351 549 5406 lium
579 5367 782 5416 meum,
809 5358 860 5404 et
881 5349 1328 5420 praedicationem
1366 5350 1494 5403 Jesu
1528 5349 1726 5403 Christi
1759 5365 1952 5404 secun-

357 5463 380 5494 ς
415 5442 545 5497 dum
591 5437 984 5498 revelationem
1048 5437 1299 5510 mysterii
1356 5438 1689 5510 temporibus
1739 5438 1956 5496 aeternis

2053 4375 2306 4430 Domino.
2367 4372 2545 4443 Aliqui
2602 4372 2745 4426 enim
2801 4387 2867 4426 ex
2925 4371 3039 4440 ejus
3103 4370 3306 4424 familia
3362 4370 3641 4425 adhaerent

2053 4463 2271 4518 domino
2303 4477 2401 4516 suo
2431 4461 2484 4514 in
2513 4459 2848 4515 inﬁdelitate.
2882 4460 3138 4515 Salutate
3164 4462 3374 4531 Rufum
3395 4460 3638 4514 electum

2053 4554 2113 4606 in
2134 4552 2382 4617 Domino,
2400 4554 2455 4606 et
2477 4554 2722 4604 matrem
2734 4551 2944 4620 ej-us,ac
2962 4565 3166 4604 meam.
3191 4549 3323 4618 Ejus
3344 4547 3641 4602 secundum

2053 4657 2294 4705 carnem,
2326 4656 2512 4694 meam
2561 4638 2858 4692 secundum
2891 4635 3236 4692 beneﬁcium.
3271 4637 3359 4700 Et,
3393 4648 3449 4690 ut
3477 4635 3642 4691 ﬁnem

2054 4728 2266 4794 faciam,
2301 4729 2553 4783 salutate
2582 4744 2672 4782 vos
2702 4727 2941 4782 invicem
2974 4741 3040 4780 ex
3068 4734 3220 4795 parte
3242 4741 3359 4778 mea
3381 4726 3441 4779 in
3456 4726 3644 4780 oscqu

2054 4822 2268 4886 sancto,
2302 4817 2355 4870 id
2387 4824 2467 4871 est
2497 4815 2631 4870 alter
2661 4815 2816 4870 alteri
2843 4814 2987 4869 dicat
3021 4833 3034 4879 ;
3070 4821 3162 4868 aut
3193 4831 3258 4868 ex
3288 4822 3438 4884 parte
3471 4813 3641 4880 Pauli,

2054 4906 2362 4961 osculantes
2393 4921 2452 4959 se
2482 4905 2535 4957 in
2565 4903 2753 4959 osculo
2782 4902 2935 4973 pacis
2967 4903 3023 4956 in
3045 4902 3164 4958 loco
3184 4902 3324 4970 ejus.
3350 4902 3497 4958 Sicut
3519 4918 3642 4974 ego,

2056 4994 2132 5049 sic
2144 5011 2335 5050 omnes
2352 4995 2611 5049 Ecclesia:
2635 4993 2846 5048 Christi
2862 4993 3122 5047 salutant
3144 5007 3254 5046 vos.
3290 4991 3421 5045 Ideo
3445 4990 3646 5045 Paulus

2056 5101 2119 5139 ex
2149 5083 2366 5138 nomine
2406 5083 2660 5152 probatas
2719 5080 2972 5135 salutavit
3027 5096 3307 5150 personas,
3370 5095 3458 5144 ne,
3522 5095 3646 5134 cum

2054 5173 2217 5228 modo
2275 5171 2465 5226 suadet
2520 5169 2777 5226 Romanis
2831 5185 2860 5222 a
2915 5169 3126 5239 pseudo
3182 5168 3474 5236 declinare,
3509 5167 3646 5223 forte

2054 5270 2278 5334 possent
2308 5261 2376 5316 dc
2407 5259 2586 5332 aliquo
2636 5260 2829 5313 horum
2877 5257 3128 5312 dubitare
3178 5272 3313 5328 quas
3359 5256 3637 5310 salutavit.

2063 5355 2154 5408 l’os
2176 5356 2368 5407 autem
2399 5353 2612 5421 fratres
2641 5349 2900 5402 salutatos
2923 5361 3046 5418 rogo
3061 5351 3127 5400 ut
3145 5347 3462 5410 observetis,
3487 5345 3537 5398 id
3564 5353 3645 5399 est

2055 5448 2113 5498 ut
2143 5439 2336 5498 callide
2365 5438 2696 5496 custodiatus
2727 5452 2825 5494 vos
2853 5435 2921 5490 ab
2952 5435 3030 5492 eis
3061 5436 3155 5509 qui
3173 5434 3401 5506 faciunt
3422 5434 3644 5490 dissen-
