3960 6036
174 167 290 245 ιη

793 162 1172 222 EXPOSITIO
1210 163 1285 221 IN
1320 162 1699 220 EPISTOLAS
1738 162 1965 222 PAULI.
1993 194 2061 208 -ι
2090 164 2167 221 ΙΝ
2201 164 2421 222 EPIST.
2464 167 2488 222 Ι
2524 165 2618 222 AD
2658 165 2822 224 COR.

3357 173 3460 227 122

171 292 379 359 siones,
413 294 467 346 et
500 289 662 345 etiam
690 292 1048 363 offendicula,
1082 290 1473 361 praecipitando
1505 290 1559 344 in
1581 292 1835 361 pecca-A
1869 291 1926 346 id
1956 299 2036 347 est
2065 290 2268 346 familia
2297 292 2432 361 ejus,
2478 294 2704 350 Salutat
2736 307 2824 349 vos
2872 294 3127 360 Erastus,
3177 296 3455 364 arcarius,

167 388 280 433 tum
299 421 312 433 .
334 380 607 435 Docentes
629 380 774 452 quod
792 384 1008 452 prwter
1026 380 1345 435 doctrinam
1362 387 1463 449 est,
1481 397 1649 451 quam
1669 396 1767 435 vos

168 485 197 523 a
227 484 319 524 me
372 469 692 538 didicistis;
723 477 792 535 et,
841 478 899 523 ut
928 484 1027 524 vos
1057 468 1382 534 observetis,
1434 469 1768 524 declinando

169 559 409 630 penitus,
444 557 777 628 separamini
806 559 872 614 ab
904 559 1042 624 illis,
1078 559 1210 631 quia
1225 559 1317 630 qui
1336 558 1611 628 ejusmodi
1630 562 1767 613 sunt

168 665 287 703 non
319 649 577 703 serviunt
614 647 834 704 Christo
864 648 1102 703 Domino
1134 651 1344 715 nostro,
1379 647 1474 703 sed
1502 664 1599 703 suo
1630 664 1767 703 ven-

178 738 276 791 tri.
318 735 578 805 Quaerunt
607 736 752 791 enim
784 752 904 808 quae
929 744 1071 802 sunt,
1104 752 1212 791 non
1242 752 1362 807 qua:
1389 736 1519 791 Jesu
1549 736 1766 791 Christi.

166 828 238 882 Et
269 825 326 879 hi
357 826 493 881 tales
522 825 801 882 seducunt
822 826 991 881 corda
1020 827 1432 893 innocentium,
1458 824 1512 878 id
1543 832 1624 879 est
1647 825 1763 879 sim-

166 914 398 986 plicium
426 930 529 987 per
558 914 749 970 dulces
788 930 1092 984 sermones,
1127 914 1182 968 id
1213 922 1293 968 est
1322 914 1679 979 seductorios,
1712 920 1771 969 et

166 1021 268 1075 per
297 1005 603 1059 simulatas
652 1004 1083 1059 benedictiones.
1127 1003 1348 1057 Debetis
1403 1003 1680 1058 declinare
1699 1003 1768 1056 ab

169 1093 255 1147 his
291 1108 305 1146 :
341 1108 469 1147 nam
490 1093 804 1148 obedientia
824 1096 1008 1148 vestra
1030 1100 1081 1146 et
1102 1092 1303 1146 bonum
1330 1093 1445 1161 ejus
1477 1093 1768 1163 divulgata

170 1187 253 1238 est
274 1183 343 1237 in
366 1198 591 1238 omnem
623 1183 824 1247 locum,
849 1190 901 1235 et
956 1185 1253 1253 pr0pterea
1274 1181 1484 1251 gaudeo
1516 1180 1568 1234 in
1598 1182 1765 1236 vobis.

171 1272 275 1328 Sed
310 1278 494 1324 tamen
524 1272 641 1326 volo
666 1288 755 1325 vos
772 1271 1058 1342 sapientes
1072 1278 1121 1324 et
1144 1277 1351 1324 astutos
1382 1285 1498 1325 esse
1516 1271 1577 1324 in
1608 1270 1764 1335 bono,

172 1366 224 1415 et
259 1361 324 1415 in
374 1360 526 1415 malo
577 1360 882 1430 simplices,
934 1366 990 1412 ut
1036 1358 1236 1412 malitia
1266 1358 1419 1429 pueri
1452 1358 1586 1413 sitis.
1621 1358 1770 1413 Licet

1867 380 1923 434 id
1971 388 2053 435 est
2114 381 2484 436 thesaurarius
2544 381 2797 451 civitatis,
2849 387 2906 438 et
2972 383 3216 450 Quartus
3256 387 3459 450 frater.

1871 468 2077 525 Omnes
2108 468 2193 523 isti
2225 470 2302 525 sic
2316 470 2587 525 dicentes:
2618 472 2814 527 Gratia
2835 473 3061 528 Domini
3088 474 3219 528 Iesu
3251 472 3466 528 Christi

1866 575 1995 614 cum
2022 560 2277 614 omnibus
2300 560 2464 615 vobis.
2500 561 2579 614 De
2603 560 2855 615 omnibus
2875 569 3050 616 autem
3074 561 3230 615 bonis
3262 561 3463 616 vestris

1870 647 1938 701 sit
1968 648 2082 702 Deo
2112 648 2287 703 honor
2314 655 2366 702 et
2404 648 2598 719 gloria.
2633 650 2696 704 Et
2726 649 2848 705 dico
2883 652 2977 723 qui
3004 653 3203 722 potens
3230 654 3317 706 est
3334 666 3466 707 con-

1867 737 2099 806 ﬁrmare
2120 753 2232 806 vos,
2264 738 2438 805 juxta
2474 739 2842 810 Evangelium
2883 755 3092 805 meum,
3127 738 3181 793 id
3213 746 3295 793 est
3326 739 3465 795 sicut

1867 842 1971 897 ego
2019 826 2260 896 praedico
2298 826 2473 894 vobis,
2522 834 2573 881 et
2612 827 2766 895 juxta
2811 828 3280 899 praedicationem
3331 830 3464 884 Jesu

1873 914 2097 979 Christi,
2132 915 2285 983 cujus
2315 915 2625 985 praedicatio
2647 916 2838 971 eadem
2864 925 2945 971 est
2976 932 3097 973 cum
3128 932 3251 972 meo
3281 917 3463 972 Evan-

1870 1003 2033 1075 gelio.
2066 1003 2347 1074 Evangelii
2378 1003 2498 1059 dico
2530 1012 2580 1059 et
2629 1003 3028 1075 praedicationis
3059 1005 3224 1059 habiti
3254 1022 3463 1062 secun-

1870 1093 2004 1147 dum
2036 1094 2437 1149 reuelationem
2456 1096 2733 1166 mysterii.
2757 1095 3070 1165 Mysterium
3100 1102 3260 1150 vocat
3290 1095 3465 1150 salva-

1872 1182 2067 1236 tionem
2101 1181 2375 1236 hominum
2409 1200 2421 1235 :
2456 1199 2575 1253 quae
2596 1183 2808 1238 occulta
2836 1182 2932 1237 fuit
2962 1199 3180 1254 semper
3210 1191 3335 1239 ante
3369 1183 3467 1238 ad-

1869 1279 2089 1325 ventum
2122 1271 2339 1337 Christi,
2375 1271 2473 1325 sed
2501 1288 2602 1343 per
2633 1288 2755 1326 eum
2784 1272 3043 1327 revelata.
3070 1273 3317 1345 Mysterii
3342 1272 3465 1328 dico

1875 1360 2038 1415 taciti
2062 1361 2401 1432 temporibus
2423 1363 2655 1416 ceter-nis
2714 1370 2836 1415 ante
2862 1360 3133 1415 Christum
3157 1362 3327 1433 :quod
3348 1378 3468 1431 my-

170 1449 404 1503 dixerim
435 1464 533 1503 vos
573 1448 865 1519 sapientes,
920 1455 1099 1502 tamen
1129 1447 1251 1519 quia
1291 1446 1556 1517 sapientia
1585 1454 1770 1502 vestra
1872 1448 2097 1503 sterium
2128 1466 2282 1504 nunc
2303 1450 2358 1502 in
2390 1457 2632 1520 tempore
2662 1451 2852 1521 gratiae
2875 1452 3231 1521 patefactum
3254 1453 3339 1505 est
3365 1466 3469 1522 per

169 1554 367 1609 parum
422 1554 487 1592 ex
537 1553 595 1591 se
653 1536 767 1591 sola
814 1544 1009 1606 potest,
1054 1551 1251 1606 precor
1300 1543 1358 1590 ut
1419 1537 1563 1591 Deus
1610 1536 1768 1608 pacis
1868 1539 2181 1610 scripturas
2201 1537 2627 1610 pr0phetarum,
2648 1554 2791 1594 nunc
2812 1538 3029 1592 tandem
3052 1538 3467 1608 intellectasper

168 1632 435 1684 conterat
454 1628 747 1694 Satanam,
783 1634 834 1680 et
863 1626 1108 1681 membra
1138 1626 1255 1695 ejus
1285 1627 1383 1715 sub
1399 1627 1629 1698 pedibus
1654 1643 1770 1683 ves-
1794 1656 1845 1715 Β
1875 1627 2168 1682 Christum.
2212 1630 2573 1698 Fate/"actum
2594 1626 2715 1682 dico
2757 1627 3071 1683 secundum
3117 1632 3469 1700 praeceptum

171 1720 276 1773 tris
298 1725 593 1787 prostrata,
628 1724 681 1771 et
707 1717 811 1771 hoc
840 1717 1123 1771 velociter.
1158 1715 1252 1769 llis
1282 1714 1439 1769 dictis
1458 1715 1651 1769 salutat
1671 1732 1767 1771 eos

173 1806 400 1873 Paulus,
438 1806 629 1861 dicens
664 1821 675 1859 :
705 1806 895 1860 Gratia
921 1806 1148 1860 Domini
1177 1808 1359 1860 nostri
1396 1806 1527 1860 Iesu
1559 1804 1768 1861 Christi

174 1896 249 1950 sit
278 1897 584 1959 vobiscum,
608 1895 835 1949 Salutat
866 1910 954 1949 vos
990 1893 1304 1949 Timotheus
1333 1894 1560 1965 adjutor
1588 1910 1765 1960 meus,

171 1988 225 2039 et
255 1987 455 2051 Lucas,
482 1986 537 2038 et
556 1985 747 2048 Iason,
773 1987 827 2037 et
863 1984 1167 2054 Sosipater,
1202 1981 1289 2037 vel
1318 1990 1471 2053 pater
1502 1982 1773 2055 Sosii,qui

170 2079 309 2129 sunt
331 2074 566 2144 cognati
594 2073 726 2127 mei.
752 2074 948 2129 Saluto
971 2088 1061 2127 vos
1082 2088 1175 2144 ego
1202 2073 1436 2138 Tertius,
1463 2073 1773 2144 quiscripsi

174 2163 494 2234 Epistolam
549 2163 613 2216 in
670 2162 923 2217 Domino.
986 2160 1085 2216 Hic
1150 2160 1359 2215 Tertius
1391 2169 1503 2215 erat
1532 2160 1773 2215 notarius

173 2250 446 2322 Apostoli,
479 2250 568 2323 qui
616 2249 1027 2304 salutationibus
1065 2249 1297 2304 aliorum
1330 2265 1483 2303 suam
1517 2249 1763 2304 inseruit.

168 2341 253 2395 Ad
285 2340 644 2394 salutationes
674 2355 798 2394 suas
831 2338 1118 2394 revertitur
1139 2338 1355 2406 Paulus,
1390 2347 1441 2393 et
1462 2339 1533 2393 ait
1565 2356 1577 2392 :
1619 2340 1775 2395 Salu-

174 2434 264 2485 tat
294 2446 389 2485 vos
448 2429 617 2485 Caius
667 2428 859 2501 hospes
881 2444 1060 2497 meus,
1112 2432 1168 2483 et
1197 2429 1463 2484 universa
1504 2428 1771 2494 Ecclesia,

1877 1717 2079 1772 aeterni
2108 1716 2224 1783 Dei,
2258 1716 2343 1770 cui
2372 1716 2440 1769 ab
2470 1724 2672 1771 aeterno
2697 1718 2799 1772 hoc
2831 1717 2885 1769 in
2916 1715 3099 1787 patulo
3129 1724 3247 1771 erat
3271 1735 3284 1771 :
3310 1717 3468 1772 Pate-

1878 1806 2079 1859 factum
2112 1804 2234 1859 ideo
2263 1804 2334 1860 ad
2364 1805 2731 1862 obeditionem
2774 1805 2906 1874 ﬁdei
2940 1807 2999 1859 in
3031 1807 3256 1861 cunctis
3286 1806 3467 1877 genti-

1875 1896 1994 1960 bus,
2019 1894 2073 1947 id
2104 1902 2184 1948 est
2215 1902 2272 1948 ut
2297 1902 2505 1949 cuncta:
2534 1902 2727 1965 gentes
2775 1893 3029 1949 obediant
3058 1892 3205 1948 fidei.
3251 1893 3391 1963 Quia
3423 1894 3469 1949 si

1876 1999 2122 2054 quaerere
2171 1982 2306 2037 velis
2355 1999 2523 2054 quare
2572 1982 2701 2038 olim
2730 1982 2948 2038 tacitum
2978 1999 3121 2037 nunc
3148 1982 3464 2050 revelatum,

1876 2072 2076 2127 frustra
2105 2073 2209 2126 hoc
2238 2072 2463 2142 inquiris
2500 2086 2510 2125 :
2546 2071 2669 2143 quia
2715 2071 2957 2142 mysterii
2986 2070 3109 2127 dico
3140 2071 3343 2144 cogniti
3363 2072 3472 2127 soli

1876 2162 2125 2233 sapienti
2150 2163 2255 2215 Deo
2290 2179 2302 2214 :
2338 2161 2428 2233 qui
2451 2160 2599 2215 solus
2631 2177 2850 2231 semper
2878 2176 3097 2216 causam
3127 2160 3242 2230 ejus
3272 2159 3467 2231 sapuit.

1876 2252 2238 2320 Patefactum
2269 2249 2391 2305 dico
2424 2266 2528 2322 per
2585 2252 2772 2305 Iesum
2797 2248 3100 2305 Christum.
3138 2250 3241 2305 Cui
3258 2248 3469 2305 Christo

1880 2339 2085 2394 scilicet
2116 2339 2208 2410 qui
2236 2347 2429 2409 potens
2460 2346 2561 2405 est,
2595 2338 2663 2393 sit
2690 2340 2868 2395 honor
2895 2343 2949 2395 et
2965 2339 3144 2411 gloria
3168 2341 3231 2394 in
3261 2340 3468 2395 saecula

1877 2430 2233 2484 steculorum.
2268 2428 2466 2483 Amen.

744 2660 1190 2725 PROLOGUS
1232 2661 1316 2721 IN
1356 2661 1675 2721 PRIMAM
1719 2660 2182 2723 EPISTOLAM
2223 2661 2334 2721 AD
2380 2660 2907 2723 CORINTHIOS.

248 2769 501 2842 Epistola
576 2769 753 2840 prima
826 2769 893 2822 ad
968 2766 1274 2822 Corinthios
1331 2766 1531 2821 multas
1588 2782 1778 2821 causas
1808 2771 2127 2833 Cnoverca.
2163 2766 2322 2835 Quod
2352 2766 2562 2821 facinus
2604 2766 2729 2821 licet
2776 2765 3189 2823 fornicationem
3231 2767 3475 2839 appella-

182 2860 544 2931 diversasque
574 2857 973 2929 complectitur.
1002 2855 1246 2925 Quarum
1277 2863 1487 2926 partem
1519 2856 1778 2911 relatione

180 2948 417 3003 fratrum
460 2947 721 3019 cognovit
774 2946 1088 3017 Apostolus.
1152 2945 1351 2999 Partim
1399 2945 1639 3015 ipsorum
1672 2945 1782 3000 Co-

180 3038 508 3092 rinthiorum
561 3044 683 3091 sunt
746 3035 936 3090 litteris
985 3034 1256 3090 iudicatae.
1305 3034 1606 3089 Nonnullas
1649 3050 1780 3089 vero

184 3144 287 3199 pro
320 3126 488 3182 oﬁicii
520 3126 602 3179 sui
621 3141 749 3181 cura
771 3132 861 3178 aut
883 3124 1095 3179 ordinat
1123 3132 1215 3179 aut
1236 3124 1506 3191 emendat,
1540 3132 1591 3178 et
1620 3124 1784 3179 variis

183 3216 561 3272 curationibus
602 3215 852 3269 medetur
894 3213 1112 3268 diversa
1139 3212 1451 3268 infirmitate
1480 3213 1786 3285 languenti-

185 3307 308 3361 bus.
360 3306 506 3359 Nam
554 3305 696 3375 apud
747 3319 841 3358 eos
883 3302 1119 3373 primum
1169 3311 1386 3358 curatur
1426 3302 1784 3357 dissensionis

183 3396 397 3459 vitium,
453 3394 595 3464 quod
643 3392 795 3447 multi
840 3392 1420 3462 pseudoapostolorum
1466 3391 1781 3457 intulerunt,

183 3486 449 3539 unitatem
501 3483 814 3537 scindentes
860 3481 1142 3549 Ecclesiae,
1194 3489 1251 3535 ut
1297 3480 1504 3551 proprii
1550 3480 1786 3535 nominis

176 3574 423 3629 facerent
453 3581 767 3638 sectatores,
802 3571 946 3643 quod
978 3570 1061 3625 his
1090 3571 1381 3641 exprobrat
1413 3570 1573 3627 84
1602 3569 1786 3626 verbis

180 3662 502 3735 Apostolus.
554 3664 662 3718 Hoc
707 3666 900 3717 autem
931 3661 1053 3716 dico
1084 3660 1225 3733 quod
1275 3662 1660 3731 unusquisque
1693 3676 1787 3715 ve-

187 3759 376 3808 strum
412 3752 595 3807 dicit:
626 3752 735 3821 Ego
765 3749 987 3822 quidem
1015 3766 1139 3804 sum
1184 3751 1392 3804 Pauli:
1431 3765 1524 3819 ego
1571 3752 1790 3805 autem-

186 3843 388 3914 Apollo
414 3861 431 3895 :
465 3857 560 3910 ego
583 3856 708 3895 vero
742 3840 949 3911 Cephe:
983 3856 1078 3910 ego
1122 3842 1317 3893 autem
1342 3837 1550 3893 Christi
1583 3838 1633 3908 (Ι
1653 3838 1779 3893 Cor.

188 3948 224 3997 ι,
259 3934 374 4001 1'2).
396 3931 467 3983 Et
496 3930 566 3983 ob
595 3931 697 3984 hoc
729 3929 945 4000 quidem
968 3929 1164 3983 horum
1185 3944 1244 3982 se
1265 3927 1392 3982 dicit
1414 3926 1596 3981 facere
1617 3927 1793 3981 nomi-

187 4036 315 4073 num
368 4019 720 4083 mentionem,
783 4026 840 4071 ut
884 4018 1052 4072 multo
1081 4017 1259 4089 magis
1292 4016 1617 4071 erubescant
1646 4016 1701 4070 id
1732 4031 1790 4070 se

1882 2858 2018 2913 verit
2088 2856 2409 2927 Apostolus,
2482 2863 2666 2910 tamen
2740 2856 2813 2910 ita
2871 2856 3267 2922 condemnavit,
3316 2864 3371 2911 ut
3421 2856 3478 2911 in

1884 2946 2141 3002 ultionem
2176 2945 2299 3001 facti
2327 2953 2607 3000 auctorem
2646 2944 2765 2999 talis
2813 2945 2993 3016 operis
3022 2946 3238 3019 diabolo
3259 2946 3475 3014 judica-

1884 3036 2022 3091 verit
2080 3034 2445 3107 deputandum
2494 3054 2507 3089 :
2565 3034 2819 3106 imposita
2842 3034 3173 3103 judiciorum
3223 3044 3276 3090 et
3303 3034 3477 3090 litium

1886 3125 2043 3181 tertia
2093 3125 2408 3197 quaestione.
2447 3126 2655 3192 Quarto
2689 3124 2810 3179 loco
2857 3124 3326 3179 matrimoniorum
3351 3125 3479 3194 jura

1887 3222 2181 3270 tractantur
2236 3214 2339 3268 his.
2404 3214 2609 3281 Quinto
2652 3213 2772 3267 loco
2810 3212 3138 3285 virginitatis
3191 3213 3479 3270 consilium

1886 3305 2033 3359 velut
2063 3320 2091 3358 e
2125 3304 2301 3359 vicino
2341 3303 2705 3373 conjungitur.
2764 3303 2935 3358 Sexto
2983 3304 3103 3359 loco
3132 3304 3200 3359 de
3230 3319 3479 3359 escarum

1886 3393 2103 3449 licentia
2144 3393 2465 3463 disputatur.
2519 3394 2766 3464 Septimo
2813 3400 2977 3464 atque
3031 3402 3225 3449 octavo
3254 3394 3377 3449 loco
3408 3394 3476 3449 de

1888 3482 2217 3537 attundendo
2271 3481 2420 3549 viris,
2447 3489 2501 3536 et
2559 3482 2870 3537 mulieribus
2902 3482 3132 3537 velando
3188 3482 3384 3552 capite,
3416 3498 3480 3538 ac

1890 3579 2359 3628 sacramentorum
2399 3571 2779 3626 communione
2810 3570 3141 3643 praecipitur.
3178 3572 3329 3626 Nono
3359 3571 3482 3627 loco

1890 3661 2159 3717 aemulatio
2236 3676 2355 3733 quae
2412 3660 2725 3716 diversitate
2798 3661 3063 3715 donorum
3121 3659 3479 3732 spiritualium

1889 3752 2238 3820 noscebatur,
2292 3751 2392 3805 sub
2441 3750 2690 3821 exemplo
2740 3750 3115 3805 membrorum
3154 3756 3208 3805 et
3235 3749 3480 3821 corporis

1891 3841 2207 3914 castigatur.
2283 3841 2504 3896 Decimo
2577 3840 2983 3895 resurrectionis
3031 3856 3155 3911 spes
3202 3839 3382 3894 multis
3430 3846 3483 3894 et

1891 3930 2224 4003 argumentis
2255 3938 2307 3985 et
2336 3929 2635 3985 rationibus
2665 3930 3018 4001 approbatur.
3056 3931 3258 3988 Ultimo
3289 3929 3357 3984 de
3374 3928 3483 3984 col-

1890 4019 2126 4091 ligendis
2158 4020 2227 4073 ad
2245 4019 2622 4074 necessitatem
2655 4027 2965 4074 sanctorum
2995 4019 3214 4073 nomine
3246 4018 3481 4073 Charita-

192 4109 375 4163 facere
406 4107 520 4168 sub
541 4106 804 4161 falsorum
851 4106 1223 4176 apostolorum
1253 4106 1563 4160 nominibus
1599 4123 1609 4161 :
1646 4104 1790 4175 quod
1812 4137 1863 4195 D
1894 4104 1961 4159 tis
1991 4120 2121 4160 cura
2150 4104 2237 4159 vel
2266 4102 2551 4159 aedificatio
2582 4104 2747 4158 cultui
2776 4104 3090 4174 imponitur.
3126 4105 3476 4157 Interserun-

190 4198 357 4251 etiam
388 4197 434 4250 si
466 4196 565 4249 sub
596 4195 747 4250 Pauli
780 4202 831 4249 et
854 4195 995 4249 Petri
1014 4194 1413 4260 fieretnomine,
1455 4194 1788 4264 displiceret.

201 4286 463 4341 Secunda
516 4300 681 4340 causa
722 4285 835 4353 ejus
877 4285 1171 4350 inducitur,
1205 4285 1297 4354 qui
1325 4292 1564 4354 paterna:
1592 4282 1791 4337 oblitus

190 4374 539 4440 reverentiae,
605 4389 830 4429 uxorem
893 4373 997 4427 sibi
1052 4389 1161 4429 non
1227 4373 1437 4429 erubuit
1484 4372 1667 4428 facere
1719 4372 1787 4426 de

1894 4201 1979 4247 tur
2034 4193 2118 4246 his
2173 4207 2341 4263 pauca
2391 4208 2511 4263 quae
2565 4200 2658 4246 aut
2713 4194 2791 4264 (ut
2864 4192 3186 4263 quibusdam
3244 4190 3482 4262 videtur)

1892 4282 2132 4352 pendent
2162 4298 2226 4335 ex
2260 4280 2654 4351 superioribus,
2691 4289 2780 4336 aut
2803 4281 3023 4349 habent,
3058 4280 3183 4336 licet
3211 4279 3479 4352 proprias,

1891 4378 2071 4425 tamen
2094 4370 2344 4442 parvulas
2365 4370 2627 4427 actiones.

1580 4578 1723 4633 ARG
1731 4578 1929 4633 UMEN
1933 4578 2075 4633 TUM
2082 4618 2095 4631 .

261 4702 530 4757 Corinthii
562 4708 685 4756 sunt
713 4702 936 4757 Achaici
970 4718 981 4755 :
1017 4710 1070 4757 et
1098 4702 1153 4756 hi
1174 4702 1422 4757 similiter
1451 4703 1519 4756 ab
1550 4702 1812 4773 Apostolo
1848 4701 2135 4756 audierunt
2163 4700 2391 4757 verbum
2438 4698 2703 4765 veritatis,
2730 4708 2781 4755 et
2809 4698 3058 4755 subversi
3089 4707 3213 4753 sunt
3241 4698 3486 4754 multifa-

190 4800 271 4853 rie
301 4816 335 4852 a
366 4798 519 4853 falsis
546 4799 821 4868 apostolis.
848 4798 1081 4868 Quidam
1111 4816 1141 4853 a
1170 4799 1528 4871 philosophiae
1557 4800 1791 4856 verbosa
1813 4799 2121 4872 eloquentia
2153 4818 2167 4866 ;
2200 4798 2289 4853 alii
2316 4806 2467 4854 secta
2496 4798 2636 4869 legis
2665 4797 2900 4852 Judaica:
2948 4796 3152 4852 inducti
3198 4805 3341 4851 sunt.
3376 4798 3489 4853 Hos

192 4906 415 4953 revocat
443 4898 735 4967 Apostolus
765 4898 833 4951 ad
863 4914 1047 4953 veram
1079 4896 1241 4952 {idem
1272 4905 1324 4953 et
1354 4898 1743 4971 Evangelicam
1789 4898 2112 4970 sapientiam
2148 4913 2159 4952 :
2194 4898 2445 4953 scribens
2489 4896 2567 4951 eis
2597 4897 2665 4951 ab
2714 4896 2932 4967 Epheso
2979 4911 3079 4967 per
3124 4895 3486 4966 Timotheum,

190 4995 522 5066 discipulum
553 5012 726 5050 suum.

972 5175 1559 5239 ARGUMENTUM
1603 5178 1679 5238 B.
1727 5176 2147 5239 BRUNONIS
2190 5177 2274 5237 IN
2316 5175 2686 5237 EAMDEM.

258 5312 467 5367 Paulus
511 5311 897 5381 praedicaverat
943 5310 1253 5375 Corinthiis,
1310 5318 1363 5364 et
1406 5325 1502 5365 eos
1532 5311 1600 5365 ad
1628 5310 1790 5365 fidem
1894 5310 2055 5365 nimis
2085 5311 2437 5366 adhaerebant
2483 5310 2808 5366 carnalitati.
2856 5309 3106 5379 Quandiu
3138 5322 3313 5368 autem
3346 5315 3492 5368 Pau-

190 5409 547 5457 converterat
581 5417 594 5452 :
656 5401 799 5469 apud
855 5416 990 5470 quos
1048 5415 1144 5469 per
1175 5415 1375 5453 annum
1415 5407 1466 5454 et
1510 5399 1791 5453 dimidium
1893 5400 1979 5454 lus
2008 5416 2255 5470 praesens
2282 5399 2398 5468 fuit,
2436 5400 2791 5455 adhmserunt
2818 5416 2941 5455 cum
2973 5401 3316 5471 simplicitate
3347 5417 3490 5472 pra:-

189 5492 350 5560 {sicut
381 5489 661 5545 credimus
690 5488 1077 5559 commoratus)
1125 5497 1207 5542 est
1248 5505 1259 5543 :
1303 5488 1494 5544 videns
1524 5488 1669 5559 quod
1698 5488 1791 5543 diu
1893 5490 2064 5559 ceptis
2088 5490 2203 5557 ejus
2238 5507 2250 5543 :
2285 5489 2481 5560 quibus
2504 5489 2620 5560 ipse
2638 5488 2794 5561 quasi
2816 5488 3155 5560 simplicibus
3177 5490 3495 5561 simpliciter

190 5589 238 5636 et
296 5582 356 5636 in
403 5577 594 5634 multis
640 5578 1035 5634 consulendum
1084 5585 1228 5635 esset
1284 5576 1603 5647 Corinthiis,
1663 5577 1791 5650 quia
1891 5578 2307 5650 praedicaverat,
2342 5578 2523 5636 sciens
2552 5577 3065 5652 carnalitatiqeorum
3086 5579 3268 5652 potius
3297 5580 3494 5640 obesse
