3960 6036
470 208 569 263 123

1024 208 1080 263 S.
1121 206 1475 265 BRUNONIS
1512 208 2161 267 CARTHUSIANORUM
2197 209 2679 267 INSTITUTORIS
2718 211 2871 267 OPP.
2913 211 3088 267 PARS
3128 212 3193 267 II.

3650 214 3752 267 124

468 331 729 403 mysteria
776 331 927 399 ﬁdei,
962 332 1006 387 si
1034 332 1113 388 eis
1151 334 1529 389 revelarentur
1558 351 1717 405 quam
1749 335 2011 405 prodesse
2046 337 2137 396 :A
2168 351 2225 390 se
2257 335 2480 408 dignum
2513 353 2637 391 eum
2667 336 2758 408 qui
2781 352 2813 390 a
2842 336 3020 391 minus
3046 336 3214 408 digno
3246 334 3541 407 baptizatus
3572 342 3754 391 esset:

472 429 525 476 et
564 421 688 476 ideo
710 422 910 477 bonum
940 422 1211 493 [judicavit
1242 423 1642 493 simplicitatem
1671 439 1857 478 eorum
1888 423 2063 494 magis

469 510 524 564 in
569 510 905 581 simplicibus
958 510 1248 566 fovendam
1297 528 1439 580 esse,
1492 528 1650 583 quam
1681 512 1735 565 in
1783 512 2059 566 altitudine

467 600 849 670 mysteriorum
870 600 968 654 Dei
991 601 1080 669 (de
1125 601 1319 671 quibus
1348 601 1527 671 potius
1557 601 1867 654 hzesitarent
1898 617 2062 672 quam

467 688 769 759 crederent)
827 690 1303 759 corrumpendam.
1347 689 1454 743 Sed
1502 689 1666 743 Paulo
1704 706 1734 742 a
1772 689 2062 743 Corinthiis

469 793 710 844 reverso,
747 777 1095 847 {introierunt
1150 778 1203 831 in
1268 793 1362 832 eos
1423 777 1907 847 pseudodoctores,
1972 778 2062 849 qui

470 866 665 921 bonam
710 866 1107 937 simplicitatem
1152 866 1342 937 prioris
1389 866 1649 921 doctrina:
1691 867 2057 922 inverterent:

470 971 701 1025 quorum
732 955 979 1010 doctrina
1010 955 1137 1026 quia
1165 955 1217 1008 in
1240 954 1528 1009 mundanis
1556 955 1851 1010 rationibus
1874 971 2061 1010 versa-

469 1043 646 1111 batur,
675 1060 792 1115 quae
821 1044 1035 1114 penitus
1063 1043 1329 1114 spirituali
1358 1044 1618 1098 doctrina:
1640 1042 2056 1111 contradiceret,

471 1133 635 1203 coepit
665 1132 845 1204 magis
895 1132 1131 1197 allicere,
1168 1140 1220 1186 et
1249 1132 1317 1187 ad
1349 1133 1787 1202 persuadendum
1826 1132 1930 1186 sibi
1958 1133 2060 1186 ad-

468 1222 670 1276 ducere
718 1220 1045 1287 Corinthios,
1100 1221 1225 1292 quia
1275 1221 1449 1293 magis
1478 1221 1681 1275 mundo
1710 1220 2061 1275 adhzerebant

472 1326 631 1382 quam
681 1310 816 1377 Deo,
868 1317 921 1364 et
965 1311 1247 1364 destruere
1274 1310 1330 1363 in
1360 1309 1458 1375 eis,
1492 1309 1782 1364 calliditate
1809 1310 2060 1364 humanae

470 1398 712 1466 rationis,
752 1399 896 1469 quod
944 1398 1141 1453 Paulus
1189 1398 1572 1464 aedificaverat,
1617 1398 1895 1469 sequendo
1924 1398 2060 1451 sim-

473 1487 765 1557 plicitatem
841 1485 987 1542 fidei.
1050 1487 1309 1542 Corinthii
1366 1495 1545 1541 autem
1599 1486 1932 1541 declinantes
1989 1487 2059 1541 ab

473 1574 824 1631 instructione
844 1576 1012 1643 Pauli,
1034 1576 1351 1646 prazcipitati
1369 1583 1493 1629 sunt
1514 1576 1566 1629 in
1596 1576 1795 1630 multos
1824 1591 2055 1643 errores,

2167 424 2220 478 in
2250 425 2352 480 hoc
2383 425 2565 496 utique
2595 426 2910 497 derogando
2942 426 3057 479 Deo
3088 425 3356 491 errabant,
3389 424 3552 479 etiam
3580 428 3637 477 in
3666 440 3753 489 eo,

2164 513 2285 583 quia
2335 529 2533 583 corpus
2574 514 2790 568 Domini
2821 513 3095 583 paululum
3127 513 3513 569 discernebant
3542 513 3609 567 ab
3633 512 3755 565 aliis

2162 602 2319 657 cibis.
2356 604 2553 656 Iterum
2583 603 2635 656 in
2667 618 2733 657 eo
2763 602 2884 673 quia
2914 602 3013 657 viri
3052 602 3229 657 velato
3277 601 3474 672 capite,
3504 601 3758 655 mulieres

2162 691 2505 760 discooperto
2560 700 2797 745 orarent.
2855 692 2981 745 Erat
3036 690 3194 745 etiam
3242 690 3378 743 alius
3423 705 3597 755 error,
3633 690 3759 760 quia

2165 780 2396 833 futuram
2430 780 2891 835 resurrectionem
2921 795 3027 834 non
3058 779 3221 847 (sicut
3262 778 3454 832 Paulus
3484 778 3758 848 pradica-

2163 868 2336 933 verat)
2354 867 2508 923 85
2536 869 2851 922 credebant.
2870 868 3279 922 Accusabantur
3297 867 3438 921 etian
3458 867 3601 931 inde,
3630 866 3760 937 quia

2164 956 2491 1011 audiebatur
2520 956 2659 1010 inter
2676 972 2771 1010 eos
2796 955 3100 1020 fornicatio,
3123 972 3281 1027 quam
3310 970 3412 1010 nec
3441 962 3757 1025 paterentur

2162 1045 2411 1117 gentiles.
2487 1044 2719 1112 Quidam
2795 1045 2937 1099 enim
2997 1060 3185 1098 eorum
3244 1060 3539 1099 novercam
3594 1060 3748 1097 suam

2160 1133 2387 1187 duxerat
2417 1133 2470 1187 in
2506 1149 2730 1187 uxorem
2765 1150 2776 1188 :
2814 1149 2973 1204 quem
3005 1149 3106 1188 nec
3137 1132 3464 1205 corrigendo
3487 1132 3749 1186 emenda-

2160 1230 2371 1289 verant,
2404 1237 2507 1277 nec
2538 1222 3005 1291 participationem
3030 1221 3289 1276 Ecclesia:
3324 1221 3448 1275 huic
3476 1228 3581 1273 tam
3612 1219 3754 1275 faci-

2158 1326 2354 1365 noroso
2376 1310 2781 1377 interdixerant;
2798 1311 2895 1365 sed
2912 1327 3009 1381 per
3039 1310 3277 1365 illicitam
3302 1309 3610 1380 patientiam
3630 1309 3758 1365 huic

2159 1399 2387 1454 incestui
2433 1399 2737 1454 consentire
2806 1399 3151 1453 videbantur.
3220 1397 3426 1465 Quibus
3483 1396 3757 1452 erroribus

2160 1487 2412 1558 cognitis,
2471 1488 2667 1541 Paulus
2714 1504 2813 1557 per
2857 1488 3178 1541 Sosthenem
3226 1486 3450 1540 missum
3497 1484 3597 1539 sibi
3628 1501 3754 1539 cum

2158 1576 2397 1645 Epistola
2426 1591 2459 1629 a
2505 1575 2774 1643 fratribus,
2828 1576 2918 1646 qui
2968 1583 3120 1630 erant
3165 1575 3343 1640 Cloes,
3381 1574 3472 1645 qui
3516 1574 3668 1629 locus
3699 1573 3756 1627 in

468 1672 524 1718 ut
570 1665 901 1719 a:stimarent
950 1666 1137 1719 merita
1169 1665 1555 1735 baptizantium
1582 1665 1846 1735 prodesse
1879 1664 2058 1734 bapti-
2090 1693 2141 1752 B
2166 1664 2635 1734 archiepiscopatu
2694 1664 3097 1717 Corinthiorum
3128 1663 3503 1727 claudebatur,
3539 1661 3753 1732 scripsit

472 1754 604 1807 satis
636 1762 835 1825 quanto
864 1754 1072 1821 majora
1100 1762 1301 1822 essent,
1326 1762 1377 1808 et
1394 1770 1592 1809 nocere
1624 1754 1667 1807 si
1698 1753 1904 1807 minora
1936 1752 2061 1807 fuis-

473 1851 609 1897 sent.
645 1845 709 1897 Et
756 1844 857 1897 hoc
905 1843 1068 1897 modo
1118 1842 1320 1897 homini
1360 1843 1684 1905 tribuebant,
1713 1842 1859 1913 quod
1890 1842 2060 1896 solius

470 1932 571 1987 Dei
601 1940 731 1998 erat,
766 1932 971 1988 scilicet
992 1933 1261 1987 dimittere
1282 1940 1525 2002 peccata.
1552 1931 1671 1999 Qua
1691 1931 1760 1985 de
1792 1947 1846 1984 re
1880 1928 2057 1999 ﬁebat,

469 2029 525 2075 ut
555 2022 647 2093 qui
684 2038 713 2075 a
758 2022 1008 2095 digniore
1047 2022 1347 2093 baptizatus
1394 2029 1526 2089 erat,
1572 2020 1835 2089 judicaret
1883 2019 2063 2073 minus

2162 1752 2229 1806 ad
2262 1768 2357 1807 eos
2406 1753 2546 1807 hanc
2589 1752 2904 1823 Epistolam,
2956 1752 3011 1805 in
3061 1768 3163 1822 qua
3212 1751 3320 1821 agit
3369 1751 3436 1805 de
3466 1749 3753 1805 Corinthiis

2162 1842 2495 1895 errantibus:
2530 1857 2737 1895 errores
2767 1857 2954 1895 eorum
2992 1840 3384 1903 enumerando,
3420 1839 3749 1908 eosdemque

2161 1930 2415 2002 congruis
2436 1929 2731 1983 rationibus
2753 1928 3125 1999 improbando,
3148 1944 3212 1983 ea
3242 1928 3429 2000 utique
3451 1926 3751 1982 intentione

2163 2026 2219 2073 ut
2248 2019 2315 2071 ab
2346 2018 2428 2072 his
2459 2018 2601 2073 vitiis
2627 2034 2721 2073 eos
2753 2018 3014 2072 retrahat.

1012 2326 1638 2411 EPISTOLA
1703 2326 1857 2409 AD
1932 2322 2710 2409 CORINTHIOS
2791 2322 3215 2415 PRIMA.

995 2511 1220 2567 CAPUT
1250 2511 1537 2566 PRIMUM.

538 2657 561 2685 ι
604 2636 801 2691 Paulus
846 2643 1067 2691 vocatus
1113 2636 1389 2707 apostolus
1410 2635 1609 2690 Christi
1652 2636 1783 2689 Jesu
1826 2651 1921 2705 per
1965 2650 2059 2689 vo-

468 2747 489 2772 ιι
534 2724 791 2780 luntatem
840 2725 959 2791 Dei,
1013 2733 1064 2780 et
1094 2726 1388 2779 Sosthenes
1444 2724 1613 2779 frater
1641 2723 1901 2779 Ecclesia:
1939 2724 2058 2790 Dei,

469 2835 491 2863 α
537 2830 656 2885 quae
679 2822 759 2869 est
806 2814 1068 2879 Corinthi,
1102 2813 1447 2869 sanctificatis
1478 2814 1531 2866 in
1561 2812 1776 2867 Christo
1805 2813 1933 2867 Jesu
1967 2828 2060 2867 vo-

471 2924 493 2953 α
536 2902 669 2959 catis
725 2903 942 2969 sanctis,
995 2918 1115 2958 cum
1165 2903 1415 2957 omnibus
1459 2903 1549 2973 qui
1578 2900 1832 2957 invocant
1860 2917 2058 2956 nomen

469 3017 491 3040 «ι
535 2992 751 3048 Domini
783 2992 955 3047 nostri
981 2993 1111 3046 Jesu
1142 2990 1370 3057 Christi,
1403 2991 1456 3044 in
1486 2990 1632 3045 omni
1661 2990 1781 3045 loco
1812 2990 2055 3061 ipsorum
2080 3007 2125 3066 ο

469 3104 491 3129 α
537 3090 587 3136 et
616 3089 824 3136 nostro.
858 3080 1047 3136 Gratia
1076 3080 1229 3135 vobis
1259 3088 1311 3135 et
1342 3096 1444 3150 pax
1466 3096 1494 3132 a
1525 3080 1640 3133 Deo
1669 3087 1821 3149 patre
1842 3088 2051 3146 nostro,

468 3191 490 3218 ι
534 3177 587 3224 et
615 3170 847 3225 Domino
865 3171 891 3224 J
898 3187 994 3225 esu
1014 3170 1244 3224 Christo.
1273 3168 1491 3224 Gratias
1513 3184 1618 3241 ago
1640 3169 1755 3222 Deo
1772 3184 1894 3223 meo
1911 3185 2055 3223 sem-

471 3279 493 3309 ι
537 3275 637 3329 per
664 3275 763 3330 pro
790 3259 942 3314 vobis
974 3259 1028 3312 in
1051 3258 1227 3331 gratia
1254 3258 1373 3323 Dei,
1407 3275 1528 3329 quae
1549 3258 1670 3312 data
1698 3266 1780 3312 est
1819 3258 1973 3313 vobis
1998 3258 2053 3312 in

470 3370 492 3395 α
537 3347 753 3403 Christo
797 3348 923 3402 Jesu
953 3363 963 3401 :
998 3347 1145 3418 quod
1183 3347 1236 3400 in
1264 3346 1515 3402 omnibus
1544 3346 1736 3401 divites
1768 3345 1893 3402 facti
1924 3346 2054 3401 estis

470 3458 491 3483 ι
536 3436 592 3491 in
645 3436 755 3501 illo,
793 3436 846 3490 in
877 3435 1023 3490 omni
1054 3436 1241 3502 verbo,
1292 3444 1346 3489 et
1374 3436 1427 3489 in
1460 3436 1606 3490 omni
1637 3436 1883 3500 scientia,
1918 3436 2055 3489 sicut

469 3547 490 3574 α
534 3524 896 3580 testimonium
927 3524 1121 3579 Christi
1164 3522 1535 3579 confirmatum
1567 3532 1649 3579 est
1678 3525 1733 3577 in
1761 3525 1913 3579 vobis
1940 3544 1953 3589 ;
1980 3524 2055 3578 ita

465 3637 486 3661 α
532 3622 589 3669 ut
618 3613 751 3668 nihil
803 3614 956 3668 vobis
1005 3613 1143 3668 desit
1174 3612 1227 3666 in
1248 3613 1355 3666 ulla
1385 3613 1582 3685 gratia,
1618 3613 2053 3683 exspectantibus

466 3724 488 3753 «
530 3703 914 3758 revelationem
945 3701 1160 3756 Domini
1190 3703 1355 3756 nostri
1385 3702 1513 3756 Jesu
1545 3702 1759 3769 Christi,
1795 3701 1887 3772 qui
1917 3718 2052 3755 con-

468 3814 489 3837 ‹‹
535 3790 765 3845 firmabit
812 3807 909 3847 vos
954 3806 1126 3861 usque
1175 3790 1226 3843 in
1258 3788 1417 3844 finem
1450 3790 1567 3843 sine
1599 3790 1846 3855 crimine,
1882 3791 1935 3843 in
1965 3791 2051 3845 die

469 3901 491 3931 α
537 3880 803 3934 adventus
860 3879 1075 3933 Domini
1123 3879 1290 3933 nostri
1337 3878 1464 3932 Jesu
1503 3878 1721 3933 Christi.
1788 3901 1809 3929 α
1852 3879 2053 3934 Fidelis

469 3990 491 4019 ι
535 3969 701 4031 Deus,
733 3985 830 4039 per
858 3985 1019 4039 quem
1064 3968 1241 4023 vocati
1273 3967 1402 4022 estis
1434 3968 1485 4035 (I
1517 3968 1698 4022 Thess.
1734 3983 1787 4033 v,
1821 3968 1911 4037 24)
1950 3992 1970 4015 ››
1997 3968 2051 4021 in

469 4080 490 4103 α
536 4056 849 4113 societatem
892 4057 1012 4111 Filii
1051 4057 1167 4126 ejus
1211 4058 1340 4111 Jesu
1372 4054 1566 4109 Christi
1598 4056 1813 4109 Domini
1844 4057 2041 4111 nostri.

468 4171 488 4195 «
536 4147 779 4203 Obsecro
830 4154 1008 4200 autem
1045 4161 1143 4201 vos
1187 4145 1403 4207 fratres,
1453 4161 1551 4215 per
1598 4161 1795 4199 nomen
1837 4145 2053 4200 Domini

468 4260 489 4283 α
535 4236 707 4291 nostri
746 4238 878 4290 Jesu
928 4234 1147 4299 Christi,
1193 4242 1248 4287 ut
1277 4234 1509 4304 idipsum
1539 4234 1730 4288 dicatis
1761 4250 1969 4301 omnes,
2001 4243 2053 4288 et

468 4350 489 4372 ‹‹
534 4341 642 4379 non
675 4324 781 4378 sint
810 4323 864 4377 in
894 4323 1049 4377 vobis
1098 4323 1391 4377 schismata
1426 4338 1435 4375 :
1462 4323 1578 4377 sitis
1609 4331 1791 4377 autem
1823 4322 2049 4393 perfecti

467 4437 488 4461 α
533 4413 589 4467 in
619 4413 811 4467 eodem
834 4428 1016 4475 sensu,
1048 4420 1100 4466 et
1129 4411 1181 4465 in
1203 4412 1394 4466 eadem
1416 4412 1657 4467 scientia.
1684 4411 2051 4483 Significatum

468 4523 490 4552 α
535 4509 615 4556 est
641 4501 784 4556 enim
808 4502 935 4555 mihi
958 4501 1025 4555 de
1048 4500 1220 4567 vobis,
1246 4500 1440 4555 fratres
1462 4500 1586 4566 mei,
1610 4501 1677 4554 ab
1709 4500 1792 4553 his
1814 4501 1904 4571 qui
1928 4508 2055 4554 sunt

468 4612 491 4642 ι
536 4591 712 4656 Cloes,
749 4590 875 4661 quia
897 4588 1272 4645 contentiones
1294 4598 1414 4643 sunt
1434 4590 1574 4644 inter
1593 4606 1709 4644 vos.
1736 4590 1848 4644 Hoc
1870 4597 2051 4643 autem

468 4701 490 4731 ι
536 4680 658 4735 dico
682 4679 828 4751 quod
874 4678 1248 4750 unusquisque
1286 4687 1520 4733 vestrum
1558 4678 1729 4732 dicit:
1762 4680 1880 4748 Ego
1926 4678 2049 4749 qui—

469 4793 490 4817 α
534 4770 657 4824 dem
687 4786 804 4823 sum
836 4768 1006 4835 Pauli;
1038 4784 1142 4839 ego
1164 4776 1340 4822 autem
1364 4767 1554 4837 Apollo
1577 4768 1723 4831 (Act.
1748 4781 1908 4832 xvm,
1934 4768 2049 4836 25);

469 4880 489 4909 α
535 4874 638 4929 ego
668 4874 798 4913 vero
848 4859 1073 4927 Cepha:;
1109 4873 1212 4927 ego
1253 4865 1431 4910 autem
1471 4855 1686 4909 Christi.
1723 4856 1941 4909 Divisus
1971 4864 2052 4910 est

468 4971 489 4994 «
536 4947 828 5019 Christus]?
858 4945 1114 5018 Nunquid
1146 4946 1341 4999 Paulus
1391 4943 1681 4999 crucifixus
1712 4952 1795 4998 est
1825 4960 1921 5014 pro
1951 4960 2051 4999 vo-

469 5057 490 5087 «
536 5035 664 5090 bis?
723 5038 827 5090 Aut
890 5035 945 5090 in
1020 5033 1236 5089 nomine
1311 5032 1461 5086 Pauli
1533 5032 1787 5102 baptizati
1865 5033 2053 5087 estis?

468 5150 489 5173 α
546 5124 762 5180 Gratias
820 5139 926 5195 ago
984 5124 1098 5177 Deo
1155 5137 1276 5176 meo
1308 5121 1453 5191 quod
1493 5120 1765 5175 neminem
1815 5129 2054 5176 vestrum

468 5238 488 5261 α
538 5213 823 5284 baptizavi,
877 5211 981 5265 nisi
1037 5210 1286 5280 Crispum
1335 5215 1388 5263 et
1418 5209 1626 5277 Caium,
1662 5226 1727 5263 ne
1761 5210 1881 5280 quis
1911 5210 2055 5264 dicat

466 5325 489 5354 ι
535 5302 681 5375 quod
713 5302 764 5355 in
797 5300 1016 5354 nomine
1046 5314 1168 5352 meo
1200 5297 1447 5369 baptizati
1480 5298 1629 5353 estis.
1661 5298 1931 5368 Baptizavi
1962 5314 2058 5352 au-

470 5416 492 5441 α
538 5400 645 5447 tem
677 5398 729 5445 et
748 5390 1033 5458 Stephana:
1054 5387 1273 5441 domum
1310 5402 1321 5439 :
1352 5394 1601 5442 caeterum
1625 5387 1811 5443 nescio
1829 5387 1873 5441 si
1894 5403 2057 5458 quem

466 5501 490 5537 ι
536 5480 703 5545 alium
780 5484 1023 5545 vestrum
1085 5475 1489 5547 baptizaverim.
1559 5476 1681 5531 Non
1750 5476 1895 5539 enim
1949 5476 2054 5531 mi-

2169 2530 2191 2559 α
2241 2508 2309 2561 sit
2342 2524 2429 2561 me
2462 2506 2705 2562 Christus
2735 2506 3029 2576 baptizare,
3065 2506 3159 2560 sed
3191 2504 3601 2578 evangelizare:
3645 2521 3755 2560 non

2166 2618 2187 2646 α
2234 2597 2288 2650 in
2320 2596 2582 2667 sapientia
2617 2595 2789 2660 verbi,
2822 2602 2879 2648 ut
2910 2611 3020 2649 non
3049 2603 3338 2649 evacuetur
3366 2610 3495 2649 crux
3535 2594 3751 2649 Christi.

2168 2707 2189 2735 α
2234 2686 2474 2741 Verbum
2505 2684 2649 2738 enim
2680 2683 2856 2738 crucis
2887 2683 3237 2752 pereuntibus
3282 2682 3501 2753 quidem
3531 2682 3756 2737 stultitia

2167 2796 2188 2820 «
2235 2781 2334 2838 est,
2366 2773 2450 2826 his
2482 2780 2662 2827 autem
2696 2771 2786 2843 qui
2821 2770 2958 2825 salvi
2988 2770 3138 2837 fiunt,
3175 2770 3227 2824 id
3257 2778 3338 2825 est
3370 2770 3546 2837 nobis,
3580 2770 3754 2825 virtus

2165 2885 2185 2908 α
2231 2862 2331 2916 Dei
2360 2870 2461 2915 est.
2497 2860 2763 2931 Scriptum
2796 2868 2874 2915 est
2906 2859 3079 2913 enim:
3108 2882 3129 2905 «ι
3168 2859 3397 2913 Perdam
3428 2859 3754 2929 sapientiam

2163 2974 2183 2998 α
2228 2950 2570 3021 sapientium,
2642 2956 2695 3004 et
2747 2948 3089 3018 prudentiam
3143 2947 3493 3018 prudentium
3552 2963 3751 3018 repro-

2162 3060 2184 3089 α
2228 3040 2368 3093 babo
2398 3039 2550 3107 (Isai.
2586 3052 2748 3102 xxxx,
2783 3037 2891 3107 14).
2925 3058 2946 3085 »
2984 3036 3084 3091 Ubi
3109 3036 3371 3106 sapiens?
3406 3036 3496 3090 ubi
3527 3036 3754 3091 scriba?

2160 3151 2181 3175 «
2226 3128 2314 3181 ubi
2363 3126 2651 3197 inquisitor
2698 3126 2854 3194 hujus
2882 3125 3109 3179 saeculi?
3138 3125 3329 3179 Nonne
3377 3124 3597 3179 stultam
3628 3124 3754 3179 fecit

2159 3239 2180 3266 α
2226 3218 2371 3271 Deus
2403 3215 2731 3286 sapientiam
2780 3215 2938 3281 hujus
2969 3213 3205 3267 mundi?
3237 3214 3378 3267 Nam
3408 3213 3535 3283 quia
3564 3213 3617 3266 in
3653 3213 3755 3267 Dei

2160 3329 2180 3353 α
2227 3305 2489 3375 sapientia
2544 3320 2651 3358 non
2712 3302 2966 3374 cognovit
3022 3302 3257 3356 mundus
3313 3302 3753 3372 persapientiam

2159 3418 2179 3441 α
2227 3395 2440 3449 Deum:
2489 3392 2691 3463 placuit
2741 3393 2854 3446 Deo
2901 3407 3002 3461 per
3033 3390 3309 3445 stultitiam
3342 3390 3751 3460 prmdicationis

2160 3504 2181 3533 α
2226 3484 2405 3537 salvos
2440 3481 2621 3537 facere
2651 3480 2963 3535 credentes.
2998 3479 3264 3547 Quoniam
3310 3486 3361 3533 et
3389 3478 3561 3533 Judaei
3591 3478 3753 3550 signa

2159 3594 2179 3619 α
2224 3578 2434 3641 petunt,
2468 3578 2521 3624 et
2550 3569 2725 3624 Graeci
2759 3568 3079 3638 sapientiam
3111 3575 3385 3638 quaerunt.
3425 3568 3539 3621 Nos
3569 3575 3751 3621 autem

2157 3675 2185 3704 α
2220 3655 2582 3724 prmdicamus
2614 3653 2883 3707 Christum
2915 3651 3231 3707 crucifixum
3256 3666 3266 3704 :
3290 3651 3492 3705 Iudaeis
3526 3651 3747 3721 quidem

2158 3768 2178 3791 α
2224 3742 2558 3806 scandalum,
2610 3742 2865 3814 gentibus
2911 3748 3089 3795 autem
3122 3740 3400 3794 stultitiam
3438 3755 3448 3792 :
3484 3738 3617 3810 ipsis
3646 3754 3751 3793 au-

2159 3853 2181 3882 ι(
2224 3840 2333 3885 tem
2375 3830 2578 3886 vocatis
2624 3830 2825 3884 Judaeis
2871 3837 3032 3899 atque
3077 3828 3283 3883 Gracis
3334 3827 3601 3882 Christum
3650 3826 3753 3881 Dei

2157 3942 2178 3971 α
2223 3920 2475 3974 virtutem
2505 3927 2557 3973 et
2586 3918 2685 3973 Dei
2714 3918 3068 3988 sapientiam;
3102 3917 3228 3987 quia
3251 3917 3396 3987 quod
3427 3916 3647 3970 stultum
3666 3923 3751 3970 est

2159 4033 2179 4057 α
2223 4009 2322 4063 Dei
2372 4008 2668 4078 sapientius
2725 4016 2805 4060 est
2852 4006 3180 4069 hominibus,
3215 4013 3266 4059 et
3298 4005 3442 4075 quod
3472 4004 3747 4057 infirmum

2157 4120 2178 4144 ιι
2224 4105 2306 4153 est
2352 4097 2449 4151 Dei
2500 4096 2687 4151 fortius
2738 4103 2817 4149 est
2863 4094 3191 4148 hominibus.
3240 4093 3430 4147 Videte
3475 4092 3618 4147 enim
3648 4108 3751 4147 vo-

2157 4209 2178 4235 ·
2222 4187 2487 4241 cationem
2546 4194 2798 4247 vestram,
2858 4182 3073 4247 fratres,
3132 4181 3261 4252 quia
3318 4197 3425 4236 non
3474 4181 3626 4234 multi
3658 4197 3751 4235 sa-

2161 4297 2182 4327 ι
2221 4276 2433 4345 pientes
2455 4274 2755 4329 secundum
2774 4288 3013 4339 carnem,
3039 4287 3145 4325 non
3169 4270 3320 4324 multi
3348 4277 3619 4339 potentes,
3643 4286 3753 4324 non

2072 4370 2122 4428 D
2156 4387 2176 4411 α
2221 4364 2372 4417 multi
2417 4362 2647 4425 nobiles,
2691 4360 2787 4415 sed
2833 4376 2951 4431 qua:
2998 4360 3161 4413 stulta
3216 4365 3338 4412 sunt
3382 4358 3565 4411 mundi
3587 4357 3754 4430 elegit

2156 4476 2175 4498 ι·
2222 4453 2388 4513 Deus,
2430 4459 2485 4504 ut
2532 4448 2825 4505 confundat
2868 4448 3171 4517 sapientes;
3219 4454 3271 4501 et
3316 4445 3533 4500 infirma
3563 4445 3751 4499 mundi

2157 4562 2177 4590 α
2223 4540 2390 4612 elegit
2447 4540 2611 4604 Deus,
2672 4545 2729 4590 ut
2789 4535 3079 4591 confundat
3138 4533 3341 4590 fortia:
3392 4542 3441 4588 et
3490 4533 3753 4606 ignobilia

2156 4652 2176 4674 α
2222 4627 2429 4689 mundi,
2479 4634 2532 4680 et
2586 4623 3015 4693 contemptibilia
3059 4622 3223 4695 elegit
3252 4624 3417 4691 Deus,
3452 4630 3503 4676 et
3532 4637 3597 4676 ea
3626 4638 3749 4692 qua:

2157 4740 2177 4764 α
2221 4733 2330 4771 non
2361 4723 2520 4780 sunt;
2557 4723 2611 4768 ut
2642 4730 2703 4767 ea
2735 4729 2854 4784 qua:
2877 4720 2997 4766 sunt
3027 4713 3328 4765 destrueret
3363 4726 3374 4764 :
3408 4719 3464 4765 ut
3492 4726 3599 4765 non
3628 4710 3751 4782 glo-

2157 4827 2177 4852 ιι
2223 4805 2391 4859 rietur
2447 4802 2624 4857 omnis
2683 4817 2811 4857 caro
2868 4801 2922 4854 in
2981 4807 3275 4870 conspectu
3322 4800 3456 4867 ejus.
3504 4800 3583 4852 Ex
3629 4799 3747 4868 ipso

2156 4917 2178 4941 α
2224 4902 2405 4948 autem
2434 4907 2531 4947 vos
2555 4890 2687 4945 estis
2716 4890 2771 4943 in
2801 4889 3015 4944 Christo
3046 4890 3192 4953 Jesu,
3226 4888 3318 4958 qui
3348 4886 3517 4941 factus
3548 4894 3631 4941 est
3657 4902 3751 4942 no-

2158 5006 2178 5030 ‹‹
2225 4982 2308 5035 bis
2341 4980 2609 5050 sapientia
2637 4995 2669 5032 a
2697 4980 2831 5043 Deo,
2873 4985 2925 5031 et
2948 4976 3174 5046 justitia,
3212 4985 3265 5029 et
3294 4974 3664 5041 sanctificatio,
3698 4983 3749 5029 et

2159 5092 2180 5120 ι
2225 5068 2542 5138 redemptio,
2577 5075 2652 5134 ut,
2674 5066 3134 5136 quemadmodum
3159 5063 3315 5120 86
3349 5064 3610 5133 scriptum
3642 5072 3749 5129 est,

2159 5180 2180 5209 α
2225 5157 2329 5225 Qui
2374 5156 2655 5227 gloriatur,
2692 5155 2747 5209 in
2788 5154 3019 5210 Domino
3042 5154 3306 5225 glorietur
3334 5152 3405 5222 (II
3436 5151 3553 5207 Cor.
3580 5167 3638 5218 x,
3660 5154 3748 5217 t7;

2158 5271 2178 5294 (ι
2226 5248 2338 5302 Jer.
2373 5260 2453 5311 ιι,
2487 5246 2634 5315 22).»

2784 5364 3100 5404 EXPOSITIO.

2227 5480 2304 5534 Pa
2318 5479 2464 5546 alus,
2511 5484 2619 5535 etc.
2678 5474 2819 5547 Quia
2860 5473 3179 5531 auctoritate
3209 5488 3345 5543 opus
3375 5478 3491 5528 erat
3523 5470 3593 5526 ad
3620 5486 3751 5543 pre-
