3960 6036
271 252 373 305 125

896 247 1277 305 EXPOSITIO
1325 248 1400 305 IN
1443 245 1823 305 EPISTOLAS
1868 246 2094 304 PAULI.
2135 280 2205 293 —
2246 252 2320 307 IN
2355 252 2570 309 EPIST.
2608 254 2630 307 Ῑ
2666 252 2761 309 ΑΒ
2800 252 2959 309 COR.

3470 252 3573 307 126

264 373 530 427 mendam
576 373 983 429 Corinthiorum
1029 374 1355 445 superbiam,
1389 390 1589 429 nomen
1637 371 1876 428 auctori-
1906 371 2070 439 Atia,
2102 375 2156 429 id
2188 384 2267 431 est
2297 385 2531 448 acceptae
2557 375 2958 445 justificationis
2998 391 3357 449 perseverans
3385 382 3573 431 custo-

267 462 399 515 tatis
429 463 581 532 ponit
610 462 797 517 dicens
829 481 843 520 :
876 465 1108 528 Paulus,
1142 463 1285 534 quod
1315 463 1499 535 utique
1529 477 1728 516 nomen
1756 459 1875 514 ubi-

271 567 379 621 que
412 559 597 604 uotum
629 559 728 605 est.
786 551 981 605 Paulus
1011 552 1152 616 dico,
1206 556 1432 607 vocatus
1479 566 1511 605 a
1543 552 1676 615 Deo,
1713 549 1768 602 id
1797 554 1879 603 est

275 641 569 710 apostolus
601 639 783 693 divina
814 640 1096 695 vocatione
1148 640 1493 695 constitutus.
1527 638 1626 694 Vel
1656 646 1877 693 vocatus

271 727 344 779 ab
372 728 661 792 omnibus;
699 728 825 799 quia
848 729 963 797 jam
993 744 1185 782 omnes
1202 735 1431 783 noscunt
1453 744 1574 783 eum
1606 743 1726 781 esse
1756 740 1883 795 apo-

274 816 497 870 stolum.
530 818 833 888 Apostolus
863 817 1005 881 dico,
1040 817 1095 870 id
1128 824 1209 871 est
1239 817 1451 888 legatus
1486 816 1697 871 Christi
1727 817 1876 879 Iesu,

273 902 330 956 id
378 914 462 957 est
510 921 620 958 non
662 922 720 959 se
765 913 1198 975 praesumptuose
1246 906 1502 977 ingerens
1548 912 1604 957 ut
1651 903 1878 973 pseudo,

276 992 378 1047 sed
410 994 624 1064 legatus
669 993 868 1047 Christi
896 995 1063 1059 Jesu;
1095 1010 1194 1049 nec
1225 1009 1257 1047 a
1288 994 1500 1048 Christo
1543 993 1742 1045 missus
1784 1007 1884 1062 per

275 1082 604 1136 exercendae
652 1082 748 1136 iraa
798 1083 1276 1152 opportunitatem,
1330 1090 1386 1135 ut
1436 1082 1559 1137 Saul
1594 1099 1606 1134 :
1648 1080 1743 1134 sed
1784 1096 1886 1152 per

278 1172 660 1235 voluntatem,
697 1170 752 1224 id
800 1179 881 1225 est
928 1188 1028 1241 per
1074 1170 1475 1241 beneplacitum
1519 1171 1636 1225 Dei.
1691 1168 1885 1222 Paulus

276 1259 471 1329 utique
493 1263 547 1313 et
573 1275 692 1313 cum
717 1275 781 1313 eo
814 1260 1109 1315 Sosthenes
1138 1263 1361 1330 frater;
1390 1275 1499 1314 non
1521 1258 1643 1329 quia
1662 1258 1886 1311 Sosthe-

276 1364 381 1402 nes
443 1347 499 1400 in
555 1348 653 1403 hac
713 1348 954 1418 Epistola
999 1348 1295 1419 quidquam
1352 1347 1645 1418 scripserit,
1696 1346 1792 1400 sed
1832 1353 1887 1398 ut

275 1436 483 1489 Paulus
524 1452 623 1506 per
653 1437 757 1491 hoc
804 1437 1053 1491 ostendat
1100 1452 1291 1491 omnes
1337 1452 1553 1491 errores
1582 1451 1643 1489 se
1676 1449 1888 1506 cogno-

277 1542 459 1590 scere,
493 1525 619 1596 quia
650 1526 742 1597 qui
772 1526 840 1580 de
871 1526 1079 1580 eisdem
1110 1534 1242 1591 erat,
1277 1533 1328 1580 et
1358 1525 1498 1580 inter
1526 1539 1621 1579 eos
1654 1539 1889 1579 conver-

278 1614 526 1681 sabatur,
588 1614 636 1668 ei
692 1614 1084 1679 nuntiaverat;
1136 1615 1259 1668 ideo
1307 1614 1470 1667 etiam
1520 1621 1578 1666 ut
1641 1612 1892 1667 ostendat

1980 462 2087 517 dia.
2124 464 2212 520 Sic
2242 466 2310 519 de
2342 482 2474 535 pace
2511 481 2521 519 :
2557 466 2935 521 Peccatoribus
2984 466 3051 520 sit
3080 482 3183 536 pax
3214 464 3379 520 animi
3408 462 3575 518 resti-

1980 559 2092 605 tuta
2117 571 2129 616 ;
2163 569 2272 608 non
2294 554 2647 624 peccantibus
2671 555 3027 626 tranquillitas
3048 554 3211 608 animi
3232 559 3569 624 perseveret.

1982 640 2187 709 Gratia,
2227 642 2466 713 inquam,
2503 650 2553 697 et
2584 659 2687 712 pax
2710 643 2777 696 sit
2798 644 2953 697 vobis
2975 661 3008 697 a
3030 644 3136 698 Deo
3168 646 3338 698 Patre
3359 645 3575 706 nostro,

1980 733 2035 782 et
2090 732 2324 785 Domino
2358 733 2491 786 Jesu
2551 731 2789 795 Christo,
2823 746 2856 784 a
2884 747 2989 802 quo
3039 730 3156 785 solo
3202 730 3408 785 credite
3456 744 3579 783 esse

1982 833 2198 872 omnem
2225 818 2662 887 justiticationem
2697 835 2709 873 :
2744 820 2961 874 excluso
2992 820 3137 873 omni
3166 819 3357 874 merito
3400 817 3577 889 bapti-

1983 906 2200 960 zatoris.
2238 906 2375 974 Quia
2407 908 2474 961 de
2506 907 2799 961 Corinthiis
2850 908 3070 978 quidam
3119 915 3274 962 erant
3321 922 3583 977 perseve-

1984 1002 2166 1048 rantes
2192 994 2246 1047 in
2278 994 2523 1050 doctrina
2557 995 2727 1064 Pauli,
2762 1011 2868 1050 non
2916 996 3379 1050 communicantes
3409 993 3585 1049 errori

1986 1082 2237 1150 aliorum,
2271 1084 2505 1153 primum
2554 1084 2843 1154 separatim
2876 1084 3112 1155 loquitur
3139 1084 3274 1149 istis,
3308 1091 3365 1137 ut
3395 1082 3581 1138 audito

1988 1172 2132 1242 quod
2166 1172 2366 1226 bonum
2399 1189 2557 1225 suum
2598 1180 2758 1226 tanta,1
2790 1172 3119 1227 auctoritatis
3165 1172 3233 1225 sit
3262 1172 3408 1242 apud
3439 1174 3586 1241 Apo-

1989 1260 2205 1328 stolum,
2239 1260 2413 1332 magis
2445 1260 2754 1315 animentur
2783 1262 2852 1315 ad
2884 1261 3083 1315 bonum
3121 1276 3132 1314 :
3161 1260 3285 1315 ideo
3316 1267 3368 1315 et
3397 1267 3454 1313 ut
3484 1275 3586 1329 per

1988 1350 2093 1404 hoc
2121 1349 2299 1420 magis
2331 1349 2644 1404 incmnbant
2676 1349 3000 1405 correctioni
3031 1349 3327 1403 errantium
3358 1348 3588 1402 fratrum

1991 1444 2043 1491 et
2072 1445 2129 1491 ut
2173 1445 2418 1491 errantes
2466 1438 2673 1508 absque
2719 1437 3099 1492 reclamatione
3146 1437 3404 1491 obediant
3447 1435 3585 1503 istis,

1991 1541 2114 1580 cum
2159 1525 2427 1580 audierint
2474 1524 2865 1597 perfectionem
2895 1541 3083 1581 eorum
3132 1524 3263 1580 tanti
3293 1540 3415 1579 esse
3444 1522 3591 1594 apud

1991 1614 2329 1683 Apostolum.

284 1703 612 1757 Sosthenem
661 1718 873 1757 errores
921 1719 1107 1757 eorum
1140 1702 1415 1756 nuntiasse
1456 1701 1577 1765 sibi,
1611 1717 1719 1755 non
1748 1700 1888 1754 malo
1917 1730 1970 1787 B
2064 1703 2217 1756 Unde
2248 1702 2325 1757 sic
2357 1702 2430 1757 ait
2465 1718 2475 1756 :
2517 1704 2741 1759 Gratias
2772 1718 2871 1774 ago
2904 1705 3012 1758 Deo
3062 1718 3202 1768 meo,
3236 1701 3290 1756 id
3321 1708 3405 1756 est
3434 1716 3597 1772 quem

280 1791 468 1845 animo
501 1800 689 1847 contra
718 1808 814 1846 eos
843 1792 1048 1857 habito,
1085 1792 1182 1845 sed
1214 1790 1486 1846 desiderio
1535 1788 1889 1845 correctionis

282 1896 500 1935 eorum.
553 1880 768 1947 Paulus,
810 1879 1049 1951 inquam,
1085 1888 1136 1935 et
1186 1880 1483 1934 Sosthenes
1532 1877 1719 1945 frater,
1753 1876 1890 1931 scri-

284 1970 423 2023 bunt
446 1970 708 2023 Ecclesiae
744 1970 861 2031 Dei,
886 1986 1007 2041 quae
1046 1972 1131 2023 est
1176 1967 1451 2023 Corinthi.
1486 1967 1748 2021 Ecclesiae
1771 1965 1892 2021 dico

284 2059 688 2125 sanctiﬁcatis,
723 2057 777 2111 id
808 2064 891 2111 est
919 2074 949 2111 a
981 2057 1214 2127 peccatis
1246 2057 1301 2109 in
1330 2055 1599 2126 baptismo
1623 2053 1893 2123 justitica-

288 2147 380 2201 tis.
418 2147 486 2200 Et
513 2148 617 2200 hoc
646 2153 815 2200 totum
846 2146 907 2200 in
946 2146 1166 2201 Christo
1194 2147 1345 2209 Jesu,
1380 2159 1489 2198 non
1518 2160 1615 2213 per
1643 2142 1894 2197 meritum

287 2233 691 2304 baptizantium.
725 2232 865 2301 Quia
909 2233 1141 2287 ecclesia
1171 2232 1513 2287 collectivum
1561 2247 1759 2285 nomen
1791 2238 1892 2295 est,

291 2323 426 2377 satis
457 2338 699 2394 congrue
728 2322 967 2394 jungitur
1008 2321 1225 2391 plurali,
1259 2328 1316 2375 ut
1346 2320 1591 2375 dicamus
1637 2318 1897 2374 Ecclesia:

291 2410 678 2476 sanctiﬁcatis;
711 2427 810 2465 nec
859 2410 1035 2465 solum
1080 2426 1179 2481 per
1209 2410 1478 2463 Christum
1525 2406 1893 2471 sanctificatis,

292 2500 393 2555 sed
421 2516 521 2570 per
570 2499 799 2571 gratiam
829 2498 1075 2567 ejusdem
1110 2499 1318 2553 vocatis
1361 2499 1600 2563 sanctis,
1633 2497 1686 2550 id
1718 2504 1799 2549 est
1828 2496 1898 2550 ad

290 2590 418 2655 hoc,
453 2596 511 2641 ut
536 2586 1008 2642 sanctiticarentur
1050 2594 1107 2641 ut
1138 2594 1328 2649 totum,
1364 2594 1416 2641 et
1448 2584 1799 2640 sanctificatio
1829 2584 1898 2637 ad

292 2677 652 2740 vocationem,
684 2676 911 2746 ipsaque
956 2674 1310 2731 sanctificatio
1363 2691 1436 2729 ex
1483 2676 1599 2730 Deo
1648 2690 1770 2728 esse
1801 2688 1898 2727 co-

290 2774 609 2838 gnoscatur,
642 2773 694 2819 et
723 2781 884 2819 omne
914 2765 1163 2818 meritum
1182 2764 1435 2833 baptizati
1467 2771 1518 2817 et
1550 2760 1899 2832 baptizatoris

294 2855 642 2910 excludatur.
694 2854 891 2907 Paulus
946 2853 1135 2907 scribit
1188 2852 1449 2908 Ecclesiae
1498 2851 1898 2906 Corinthiorum

294 2961 431 3000 cum
460 2944 737 3011 omnibus,
760 2942 813 2996 id
847 2949 928 2996 est
958 2950 1010 2996 et
1028 2942 1279 2996 omnibus
1300 2940 1582 3007 Ecclesiis,
1605 2940 1661 2993 in
1692 2939 1898 2993 eisdem

295 3032 577 3087 erroribus
608 3031 861 3085 detentis.
898 3031 1183 3095 Omnibus,
1205 3030 1348 3096 dico,
1381 3031 1476 3101 qui
1502 3031 1769 3084 invocant
1801 3044 1901 3083 no-

298 3137 432 3176 men
464 3121 690 3175 Domini
720 3122 906 3175 nostri
936 3121 1066 3175 Jesu
1099 3118 1327 3183 Christi,
1370 3134 1530 3189 quem
1559 3118 1612 3170 in
1644 3133 1708 3171 eo
1741 3133 1902 3187 quem

296 3210 578 3273 invocant,
613 3207 937 3263 confitentur
985 3207 1161 3261 solum
1193 3223 1316 3261 esse
1341 3205 1749 3274 justiﬁcantem.
1790 3206 1903 3259 Nec

298 3296 555 3351 omnibus
590 3296 852 3351 Ecclesiis
900 3297 1022 3351 dico
1070 3312 1165 3365 per
1210 3296 1495 3363 mundum,
1528 3294 1623 3348 sed
1668 3294 1753 3347 his
1784 3310 1904 3363 quae

300 3393 430 3438 sunt
451 3388 511 3439 in
543 3386 697 3439 omni
731 3387 845 3441 loco
870 3388 1118 3457 ipsorum
1135 3384 1556 3449 Corinthiorum,
1578 3383 1633 3436 id
1657 3390 1737 3435 est
1759 3380 1906 3436 omni

300 3473 566 3529 Ecclesiae
608 3473 898 3544 metropoli
948 3473 1350 3527 Corinthiorum
1394 3471 1707 3542 supposita,
1750 3479 1803 3525 et
1852 3470 1906 3523 in

300 3563 561 3617 eumdem
608 3578 854 3617 errorem
903 3562 1090 3632 lapsae,
1126 3578 1246 3632 qua:
1292 3560 1556 3616 Ecclesia:
1585 3560 1707 3614 etsi
1756 3560 1907 3614 locus

302 3652 550 3722 ipsorum
599 3651 1001 3707 Corinthiorum
1052 3658 1194 3716 sunt,
1240 3651 1367 3721 quia
1422 3650 1501 3705 eis
1547 3648 1910 3720 praeferuntur

304 3745 502 3795 nostro
533 3740 693 3795 etiam
726 3740 869 3806 loco,
905 3740 1028 3811 quia
1059 3740 1139 3795 sic
1169 3756 1261 3793 eas
1292 3738 1582 3794 Corinthiis
1613 3753 1859 3807 suppono
1894 3752 1905 3790 :

304 3838 362 3883 ut
408 3837 585 3882 tamen
628 3829 1023 3898 providentiam
1072 3844 1246 3882 meam
1314 3827 1420 3881 illis
1487 3843 1705 3896 semper
1752 3825 1910 3879 adhi-

306 3918 487 3983 beam,
538 3917 992 3987 quemadmodum
1040 3916 1348 3970 Corinthiis.
1400 3916 1516 3969 Hoc
1560 3915 1683 3969 ideo
1714 3914 1910 3967 Paulus

306 4007 423 4071 ait,
484 4022 551 4060 ne
581 4005 843 4060 Corinthii
873 4006 1117 4060 dicerent
1153 4021 1164 4058 :
1200 4006 1277 4059 De
1307 4003 1464 4058 nobis
1509 4010 1710 4056 tantum
1744 4003 1912 4057 habes

299 4094 573 4164 judicare,
610 4110 718 4149 non
750 4110 879 4148 vero
910 4094 976 4147 de
1008 4092 1256 4147 subditis.
1306 4093 1469 4160 Cujus
1520 4092 1685 4146 moris
1734 4092 1914 4146 adhuc

311 4191 529 4237 tenetur
581 4182 792 4251 regula,
828 4182 952 4252 quia
984 4197 1226 4235 summus
1276 4179 1533 4250 pontifex,
1569 4188 1621 4234 et
1650 4180 1693 4233 si
1727 4180 1915 4234 Eccle-

312 4272 427 4325 sias
459 4271 716 4326 Ecclesiis
746 4270 1069 4338 subjecerit,
1103 4270 1171 4323 de
1204 4269 1443 4323 omnium
1494 4276 1678 4323 tamen
1726 4284 1915 4322 errore

313 4360 571 4423 discutit,
627 4360 724 4414 sed
772 4376 837 4413 ex
883 4360 1005 4427 jure
1056 4358 1417 4412 mediantibus
1465 4356 1911 4427 metrOpolitanis.

1993 1806 2174 1844 meum
2234 1790 2391 1853 facio,
2452 1807 2560 1845 non
2624 1791 2961 1845 detrahendo
3008 1790 3075 1856 ei,
3139 1790 3595 1861 quemadmodum

1991 1879 2220 1949 pseudo,
2248 1879 2338 1949 qui
2361 1878 2543 1933 dicunt
2564 1880 2759 1933 merita
2782 1878 3101 1949 baptizantis
3129 1894 3330 1933 nocere
3354 1878 3441 1933 vel
3470 1893 3596 1948 pro-

1994 1968 2154 2022 desse
2200 1967 2496 2037 baptizatis.
2549 1967 2761 2022 Gratias
2810 1968 2996 2037 utique
3026 1982 3131 2039 ago
3177 1968 3292 2021 Deo
3335 1982 3458 2021 meo
3496 1983 3597 2037 pro

1998 2056 2072 2110 8
2087 2055 2151 2110 ’7
2178 2057 2320 2111 vobis
2344 2072 2581 2128 semper,
2615 2055 2668 2109 id
2686 2064 2769 2109 est
2790 2055 2844 2108 in
2865 2055 3012 2109 omni
3033 2055 3270 2109 oratione
3290 2070 3430 2109 mea.
3455 2056 3594 2125 Ago,

1996 2144 2213 2214 inquam
2244 2143 2451 2215 gratias
2499 2146 2561 2198 in
2607 2146 2819 2214 gratia,
2871 2143 2925 2197 id
2958 2143 3123 2198 estin
3162 2142 3598 2198 consideratione

1997 2232 2186 2302 gratiae
2208 2232 2326 2297 Dei,
2352 2232 2764 2301 perseverantis
2785 2232 2839 2286 in
2868 2231 3023 2287 vobis
3058 2246 3069 2285 :
3105 2248 3225 2303 quae
3255 2231 3433 2301 gratia
3462 2231 3599 2285 data

1998 2326 2083 2376 est
2112 2322 2257 2377 vobis
2288 2322 2350 2375 in
2383 2320 2601 2376 Christo
2631 2323 2781 2387 Iesu,
2808 2320 2859 2375 id
2884 2328 2965 2375 est
2986 2336 3083 2391 per
3104 2320 3370 2374 Christum
3391 2320 3597 2387 Jesum,

1998 2410 2089 2480 qui
2120 2408 2322 2464 homini
2352 2410 2699 2465 reconciliato
2732 2411 2846 2463 Deo
2877 2409 3145 2463 ministrat
3174 2410 3315 2463 hanc
3344 2408 3598 2481 gratiam.

1999 2499 2081 2552 De
2110 2498 2211 2553 hoc
2242 2497 2423 2569 utique
2453 2498 2659 2570 gratias
2705 2513 2810 2569 ago
2835 2517 2848 2563 ;
2882 2499 3032 2569 quia,
3067 2498 3122 2551 id
3153 2506 3235 2551 est
3280 2497 3428 2568 quod
3456 2498 3602 2567 facti

1999 2587 2136 2641 estis
2166 2587 2365 2641 divites
2396 2588 2456 2641 in
2487 2587 2761 2650 omnibus,
2789 2586 2913 2657 quia
2944 2594 2996 2640 et
3018 2585 3263 2657 singulas
3293 2584 3519 2656 gratias,
3549 2591 3600 2638 et

2000 2692 2190 2729 omnes
2221 2675 2441 2745 c0piose
2470 2674 2698 2729 habetis.
2733 2676 2891 2730 Facti
2923 2675 3045 2729 dico
3074 2676 3135 2728 in
3167 2675 3290 2738 illo,
3316 2674 3369 2727 id
3400 2681 3483 2727 est
3505 2689 3603 2743 per

2001 2764 2293 2827 Christum,
2341 2765 2493 2832 cujus
2542 2763 2659 2817 sola
2706 2762 3085 2819 misericordia
3130 2763 3220 2815 dat
3266 2762 3515 2833 gratiam.
3538 2762 3601 2815 In

2002 2853 2259 2908 omnibus
2289 2852 2429 2917 dico,
2465 2852 2669 2907 scilicet
2699 2852 2751 2905 in
2787 2854 2944 2907 omni
2974 2852 3152 2919 verbo,
3186 2850 3240 2904 id
3270 2858 3352 2904 est
3376 2849 3429 2903 in
3449 2848 3595 2903 omni

2001 2941 2249 2995 doctrina
2295 2940 2673 3011 spiritualium,
2718 2940 3095 3006 mediocrium,
3131 2947 3183 2993 et
3234 2938 3599 3009 simplicium;

2002 3029 2197 3084 divites
2244 3030 2418 3084 etiam
2449 3031 2510 3084 in
2541 3030 2695 3084 omni
2742 3029 2983 3085 scientia
3030 3028 3264 3097 litterali,
3296 3026 3510 3092 morali,
3546 3031 3599 3079 et

2004 3118 2299 3191 allegorica
2324 3137 2336 3172 :
2360 3118 2435 3172 ita
2455 3118 2649 3173 divites
2670 3117 2724 3171 in
2745 3118 3014 3181 omnibus,
3038 3120 3185 3173 sicut
3212 3117 3601 3172 testimonium

2008 3207 2235 3271 Christi,
2273 3207 2326 3261 id
2366 3215 2448 3261 est
2496 3207 2745 3262 doctrina
2775 3208 2842 3262 de
2889 3206 3101 3261 Christo
3150 3213 3400 3260 attestata
3446 3204 3601 3259 vobis

2005 3312 2105 3365 per
2137 3296 2457 3364 Scripturas,
2483 3295 2639 3360 sicut,
2676 3296 2899 3365 inquam
2928 3296 3047 3359 hoc,
3073 3295 3441 3349 testimonium
3471 3310 3604 3349 con-

2005 3385 2299 3452 ﬁrmatum
2325 3388 2429 3449 est,
2453 3384 2506 3437 id
2540 3392 2621 3437 est
2644 3382 2868 3438 firmiter
2884 3392 3199 3453 perseverat
3230 3385 3293 3438 in
3324 3384 3489 3439 vobis.
3522 3382 3607 3437 Ad

2008 3488 2169 3543 quem
2200 3472 2419 3526 modum
2452 3472 2595 3525 enim
2627 3470 2837 3526 firmam
2887 3472 3133 3525 tenuistis
3178 3471 3341 3526 tidem
3383 3471 3603 3540 Christi,

2008 3561 2075 3615 ad
2105 3577 2227 3615 eum
2258 3561 2479 3614 modum
2509 3560 2696 3614 ditavit
2726 3576 2823 3615 vos
2853 3561 3000 3615 Deus
3041 3560 3153 3613 suis
3182 3560 3375 3631 gratiis
3408 3577 3420 3612 :
3455 3559 3609 3627 cujus

2009 3650 2087 3704 rei
2130 3648 2467 3704 confirmatio
2514 3658 2695 3703 vestra
2746 3664 2914 3703 causa
2940 3656 2995 3703 et
3030 3648 3325 3702 similitudo
3374 3646 3489 3701 fuit.
3532 3648 3611 3702 Ita

2010 3738 2194 3809 utique
2239 3738 2605 3793 testimonium
2656 3738 2855 3792 Christi
2903 3736 3279 3793 conﬁrmatum
3326 3736 3382 3790 in
3432 3734 3607 3805 vobis,

2012 3832 2075 3883 ut
2108 3827 2256 3882 nihil
2286 3827 2428 3882 desit
2462 3828 2608 3881 vobis
2638 3828 2700 3881 in
2730 3829 2852 3882 ulla
2882 3828 3093 3897 gratia,
3112 3826 3166 3879 id
3196 3828 3277 3880 e'st
3307 3832 3365 3879 ut
3393 3841 3611 3880 omnem

2013 3916 2245 3987 gratiam
2276 3924 2383 3969 tam
2418 3915 2643 3969 firmiter
2672 3915 2918 3980 teneatis,
2946 3923 3146 3986 quanta
3175 3913 3427 3968 firmitate
3456 3913 3613 3968 vobis

2014 4004 2207 4057 tradita
2239 4012 2339 4058 est.
2374 4004 2539 4057 Vobis
2570 4004 2691 4058 dico
2718 4004 3176 4075 exspectantibus
3206 4003 3608 4059 revelationem

2015 4093 2241 4147 Domini
2270 4094 2453 4148 nostri
2483 4095 2614 4148 Jesu
2646 4093 2873 4160 Christi,
2895 4093 2948 4146 id
2978 4100 3061 4147 est
3090 4100 3316 4162 propter
3346 4092 3610 4147 securita-

2015 4188 2124 4235 tem
2169 4197 2331 4252 quam
2362 4198 2428 4235 ex
2475 4190 2798 4236 conservata
2839 4180 3221 4249 justiticatione
3264 4180 3494 4246 habetis,
3520 4197 3614 4235 se-

2016 4286 2142 4325 cure
2188 4269 2572 4339 priestolamini
2611 4270 2754 4324 diem
2785 4277 2979 4325 vestrae
3026 4269 3395 4323 dissolutionis
3424 4269 3479 4322 in
3509 4285 3617 4340 qua

2017 4358 2349 4414 revelabitur
2380 4359 2555 4413 vobis.
2593 4360 2731 4413 Dum
2761 4358 2903 4413 enim
2942 4358 3192 4423 vivimus,
3224 4358 3401 4412 anima
3430 4366 3619 4413 nostra

315 4448 516 4503 Paulus
546 4457 599 4502 et
630 4449 928 4503 Sosthenes
945 4447 1185 4501 scribunt
1212 4449 1314 4501 hoc
1346 4446 1637 4500 Corinthiis
1672 4464 1684 4498 :
1722 4446 1916 4500 Gratia
1943 4437 1996 4497 D
2018 4448 2380 4517 circumsepta
2436 4462 2599 4503 carne
2657 4447 2843 4517 nequit
2898 4446 3092 4502 intueri
3140 4446 3375 4501 divinam
3423 4463 3617 4502 essen-

316 4537 383 4590 sit
416 4538 561 4591 vobis
591 4541 647 4591 et
694 4554 830 4608 pax.
866 4536 1000 4589 Cum
1032 4536 1173 4590 inter
1216 4535 1525 4589 Corinthios
1577 4533 1795 4605 quidam
1825 4550 1917 4588 es—

317 4634 458 4689 sent,
490 4626 581 4696 qui
612 4626 845 4697 gratiam
877 4624 978 4677 sibi
1022 4624 1203 4677 datam
1235 4624 1289 4676 in
1321 4624 1590 4693 baptismo
1644 4622 1919 4678 custodis-

315 4722 438 4768 sent
469 4714 759 4783 integram,
792 4715 931 4767 bene
976 4714 1190 4784 agendo
1227 4728 1237 4765 :
1274 4713 1466 4782 quibus
1506 4713 1688 4783 utique
1721 4712 1919 4766 remis—

318 4803 402 4857 sio
436 4819 543 4857 non
582 4810 699 4857 erat
727 4803 985 4872 Optanda,
1020 4818 1180 4873 quam
1224 4802 1334 4869 jam
1365 4809 1709 4871 acceperant,
1745 4809 1795 4855 et
1824 4816 1920 4855 ac-

317 4900 535 4962 ceptam
566 4890 715 4945 firme
748 4899 1046 4945 tenuerant.
1084 4891 1215 4944 Cum
1252 4906 1378 4945 vero
1407 4890 1547 4944 inter
1578 4890 1797 4944 eosdem
1829 4889 1921 4943 alii

317 4988 523 5045 essent,
577 4980 669 5051 qui
718 4979 951 5051 gratiam
988 4986 1268 5049 acceptam
1316 4979 1545 5033 errando
1592 4978 1924 5032 annihilave-

320 5077 457 5137 rant,
493 5077 543 5123 et
574 5068 659 5122 his
688 5069 877 5123 iterata
906 5068 1154 5122 remissio
1176 5076 1318 5122 esset
1343 5067 1674 5132 necessaria,
1698 5082 1798 5137 pro
1819 5068 1922 5122 hac

318 5157 639 5211 diversitate
690 5156 1055 5227 perfectorum
1088 5165 1139 5210 et
1190 5156 1649 5226 imperfectorum,
1701 5156 1919 5210 diverso

320 5246 487 5301 modo
532 5248 764 5315 Optanda
815 5255 896 5299 est
939 5246 1055 5300 haec
1106 5245 1303 5315 gratia,
1354 5254 1412 5299 ut
1456 5247 1695 5301 dicamus
1742 5244 1918 5310 vobis,

320 5334 413 5404 qui
446 5334 639 5387 iterum
668 5334 927 5405 peccatis,
955 5333 1022 5386 sit
1050 5334 1288 5388 secunda
1319 5334 1516 5405 gratia,
1538 5334 1592 5387 id
1623 5340 1702 5387 est
1732 5332 1920 5387 iterato

322 5423 660 5477 remittantur
700 5432 963 5493 peccata;
996 5421 1148 5476 vobis
1179 5430 1358 5476 autem
1402 5422 1491 5492 qui
1522 5429 1801 5491 acceptam
1826 5421 1921 5489 ju-

318 5510 699 5568 stiﬁcationem
730 5528 838 5567 non
870 5511 1074 5565 irritam
1125 5509 1328 5566 fecistis
1359 5511 1655 5583 peccando,
1692 5510 1759 5564 sit
1788 5525 1919 5583 gra-

2019 4537 2167 4601 tiam,
2220 4552 2380 4607 quam
2425 4536 2637 4606 plenius
2681 4535 2989 4604 intuebitur,
3033 4536 3161 4589 dum
3187 4552 3217 4589 a
3245 4536 3390 4591 mole
3435 4535 3618 4591 carnis

2018 4625 2358 4679 liberabitur.
2385 4624 2558 4693 Quam
2579 4624 2965 4679 revelationem
2988 4625 3076 4695 qui
3106 4625 3245 4680 bene
3268 4625 3397 4695 agit,
3424 4640 3618 4679 secure

2020 4722 2333 4783 exspectat;
2371 4714 2463 4784 qui
2494 4729 2623 4768 vero
2654 4714 2815 4779 male,
2851 4713 3032 4783 potius
3072 4714 3262 4785 fugere
3292 4715 3432 4767 hanc
3459 4713 3618 4767 vide-

2020 4810 2106 4856 tur
2136 4820 2293 4873 quam
2317 4811 2655 4873 exspectare.
2692 4804 2800 4856 Vos
2830 4802 3015 4872 utique
3037 4802 3309 4856 Christum
3334 4810 3618 4872 exspecta-

2020 4891 2106 4959 tis,
2141 4893 2237 4963 qui
2266 4892 2721 4962 quemadmodum
2752 4906 2843 4945 vos
2875 4888 3209 4945 confirmavit
3230 4891 3285 4945 in
3312 4890 3610 4962 prazterito,

2022 4979 2100 5035 sic
2122 4980 2284 5034 etiam
2307 4982 2663 5049 conﬁrmabit
2684 4979 2938 5035 continue
2960 4996 3132 5051 usque
3162 4982 3225 5035 in
3255 4982 3448 5049 ﬁnem,
3466 4980 3521 5034 id
3542 4988 3624 5035 est

2019 5085 2191 5137 usque
2213 5068 2267 5121 in
2290 5070 2433 5123 diem
2458 5068 2828 5123 dissolutionis
2849 5076 3059 5123 vestrae.
3094 5070 3211 5124 Nec
3240 5069 3315 5123 ita
3343 5070 3464 5124 dico
3493 5085 3623 5124 con-

2020 5158 2289 5225 ﬁrmabit,
2324 5166 2440 5213 uta
2471 5158 2772 5213 venialibus
2821 5173 2919 5212 vos
2949 5157 3207 5213 cohibere
3250 5158 3490 5230 possitis,
3524 5156 3622 5210 sed

2020 5245 2358 5301 confirmabit
2401 5249 2522 5302 sine
2550 5249 2811 5311 crimine,
2848 5245 2902 5299 id
2933 5254 3016 5300 est
3060 5247 3330 5303 immunes
3384 5247 3559 5301 factos
3588 5260 3619 5298 a

2021 5334 2365 5405 capitalibus.
2400 5336 2463 5390 In
2491 5337 2660 5405 ﬁnem
2695 5335 2838 5399 dico,
2872 5334 3078 5390 scilicet
3110 5352 3283 5408 usque
3314 5338 3375 5390 in
3406 5334 3494 5388 die
3522 5333 3623 5388 ad-

2021 5428 2223 5479 ventus
2256 5426 2480 5480 Domini
2526 5425 2711 5479 nostri
2741 5426 2869 5479 Jesu
2919 5423 3149 5491 Christi,
3186 5424 3276 5494 qui
3324 5422 3617 5493 unicuique

2016 5512 2161 5581 justo
2212 5514 2448 5583 advenit,
2505 5513 2562 5569 in
2609 5511 2966 5569 dissolutione
3024 5512 3331 5585 suscipiens
3384 5511 3622 5577 animam
