3960 6036
360 219 461 273 137

893 218 949 274 S.
990 215 1345 275 BRUNONIS
1393 218 2039 281 CARTHUSIANORUM
2078 225 2562 285 INSTlTUTORIS
2601 229 2752 286 OPP.
2812 231 2986 292 PARS
3044 236 3111 290 If.

3545 242 3645 295 128

356 359 472 427 ejus
503 357 962 415 transferendam.
998 361 1125 416 Ideo
1157 361 1235 417 sic
1276 362 1653 419 determinavit
1682 366 1803 421 sine
1831 368 1947 422 cri-
1976 351 2030 410 Α
2050 350 2217 406 nonet
2257 368 2351 407 905
2398 354 2636 424 ἕιοτίθτί·
2672 356 2829 425 QUOd
2860 358 2905 412 Si
2951 376 3058 414 non
3089 361 3156 415 d0
3204 361 3422 417 nomine
3471 363 3642 429 ΡειυῙί.

352 450 528 513 mine,
562 463 631 502 ne
660 448 706 501 si
737 447 874 503 forte
905 449 1152 504 viderent
1183 466 1278 506 eos
1310 452 1363 505 in
1395 453 1697 508 venialibus
1727 455 1947 521 cadere,

353 535 675 589 insultarent
705 544 757 590 et
786 537 1029 592 dicerent
1062 554 1073 591 :
1107 540 1251 595 Ecce
1300 557 1444 596 nunc
1482 551 1707 612 apparet
1746 543 1952 611 justitia

355 640 542 680 eorum
572 640 709 695 quos
758 626 957 680 Paulus
988 628 1121 681 tanti
1171 627 1424 684 faciebat.
1479 632 1618 685 Vere
1645 631 1713 685 de
1753 640 1950 688 caetero

354 711 729 779 conﬁrmabit;
763 730 887 768 nam
921 716 1025 772 hoc
1048 716 1316 786 promisit,
1341 718 1529 773 dicens
1564 734 1576 773 :
1614 742 1635 766 ιι
1672 721 1817 775 Ecce
1846 737 1950 794 ego

354 802 637 857 vobiscum
666 820 785 857 sum
813 804 1065 860 omnibus
1095 806 1285 861 diebus
1308 824 1479 878 usque
1509 808 1576 862 ad
1606 824 1949 865 consumma-

355 890 557 945 tionem
592 893 776 947 saaculi
805 894 1023 963 (Matth.
1049 910 1251 961 xxvm,
1275 898 1387 965 20).
1419 920 1439 943 η
1464 899 1608 953 Deus
1631 899 1833 969 utique,
1858 900 1950 971 qui

353 980 618 1049 promisit,
651 982 834 1049 ﬁdelis
867 990 947 1037 est
973 991 1025 1037 et
1055 984 1273 1038 mentiri
1296 1000 1402 1039 non
1432 994 1609 1055 potest
1634 1002 1645 1040 :
1667 988 1809 1041 unde
1826 1004 1950 1043 con-

354 1067 481 1136 ﬁdo,
519 1069 646 1140 quia
674 1070 1049 1138 confirmabit;
1084 1072 1299 1128 conﬁdo
1332 1074 1491 1128 etiam
1521 1075 1662 1140 ideo,
1693 1076 1820 1147 quia
1848 1094 1951 1149 per

354 1174 517 1229 quem
539 1160 716 1214 Deum
739 1161 917 1215 vocati
946 1163 1101 1216 estis.
1133 1160 1237 1229 Qui
1270 1163 1313 1216 si
1343 1179 1440 1218 vos
1471 1164 1600 1218 dum
1630 1164 1683 1218 in
1721 1173 1947 1235 peccato

354 1246 567 1311 essetis,
601 1264 701 1317 per
747 1248 1173 1305 misericordiam
1221 1252 1454 1319 vocavit,
1488 1253 1823 1308 credendum
1868 1264 1949 1309 est

350 1334 533 1405 utique
563 1337 708 1407 quod
724 1337 838 1405 jam
860 1337 1181 1406 justiﬁcatos
1212 1348 1265 1394 et
1288 1341 1400 1409 jam
1422 1350 1795 1411 promerentes
1825 1359 1951 1398 con-

350 1421 527 1478 firmet
558 1425 625 1479 de
670 1434 886 1481 caetero.
937 1428 1039 1482 Per
1082 1446 1242 1500 quem
1290 1430 1473 1501 utique
1514 1432 1690 1486 vocati
1734 1432 1864 1485 estis
1893 1432 1947 1485 in

347 1512 653 1569 habendam
682 1516 997 1571 societatem
1027 1519 1160 1573 Filii
1197 1520 1336 1588 ejus,
1373 1518 1427 1572 id
1457 1527 1539 1573 est
1571 1528 1625 1573 ut
1658 1536 1753 1589 pro
1784 1521 1947 1575 modo

348 1610 531 1656 vestro
574 1602 627 1656 in
652 1604 855 1671 justitia
902 1622 1025 1659 cum
1070 1606 1203 1661 Filio
1254 1607 1370 1675 ejus
1419 1609 1799 1678 permaneatis.
1832 1611 1947 1665 Nec

2051 441 2221 495 multo
2264 442 2438 496 minus
2486 444 2829 516 gloriandum
2869 456 2949 501 est
2982 449 3049 503 de
3093 451 3639 520 pseudodoctoribus.

2053 528 2304 584 [nﬁdeles
2346 532 2447 586 hoc
2492 532 2675 588 dicunt
2710 551 2721 588 :
2754 536 2875 607 Ego
2917 538 3079 603 Pauli,
3114 555 3218 611 ego
3267 540 3484 609 Cephte.
3536 540 3643 595 Sed

2051 616 2224 673 ﬁdelis
2254 619 2381 674 dicit
2406 637 2418 673 :
2445 622 2550 692 Ego
2583 639 2707 677 sum
2742 625 2951 680 Christi
2979 627 3130 695 cujus
3152 628 3324 699 gratia
3354 628 3471 683 sola
3485 629 3646 698 justi-

2050 704 2193 761 ﬁcat.
2229 708 2294 761 Et
2337 708 2463 778 quia
2493 709 2580 765 hic
2629 711 2755 765 dicit
2785 729 2842 767 se
2892 730 3013 769 esse
3064 715 3232 781 Pauli,
3268 717 3355 771 hic
3401 718 3642 783 alterius,

2049 810 2176 863 ergo
2213 796 2465 852 Christus
2495 798 2707 855 divisus
2738 806 2841 869 est,
2878 810 2929 856 et
2946 804 3059 871 jam
3079 820 3188 858 non
3219 821 3356 861 unus
3379 807 3473 860 sed
3495 806 3647 860 multi

2049 882 2245 936 Christi
2277 893 2418 940 sunt.
2455 885 2699 958 Quisque
2730 890 2870 943 enim
2904 890 3295 961 baptizatorem
3325 911 3481 948 suum
3512 894 3641 950 facit

2050 971 2342 1041 Christum,
2378 975 2505 1028 dum
2537 976 2804 1032 dimittere
2847 990 3088 1049 peccata,
3122 982 3268 1052 quod
3312 982 3511 1038 Christi
3543 1000 3639 1038 so-

2048 1058 2158 1113 lum
2190 1070 2288 1127 est,
2324 1064 2563 1118 attribuit
2591 1065 2688 1119 illi.
2724 1067 2819 1121 Vel
2851 1068 2925 1122 ita
2961 1087 2973 1123 :
3006 1070 3246 1124 Christus
3290 1071 3496 1126 divisus
3533 1080 3637 1138 est,

2049 1148 2173 1218 quia
2203 1150 2415 1205 divisim
2464 1152 2557 1207 dat
2604 1171 2829 1210 munera
2877 1158 3065 1229 gratia:
3111 1176 3240 1226 suae,
3289 1160 3412 1213 dum
3462 1160 3642 1215 minus

2046 1253 2145 1308 per
2176 1237 2355 1305 istum,
2390 1242 2565 1312 magis
2595 1259 2692 1313 per
2735 1244 2883 1298 illum
2924 1246 3197 1315 justiﬁcat.
3254 1248 3349 1301 Vel
3400 1248 3521 1319 quia
3567 1250 3644 1303 sic

2047 1326 2187 1381 male
2235 1327 2465 1384 dicendo
2526 1332 2734 1400 erratis,
2800 1344 3089 1404 prepterea
3142 1336 3386 1391 Christus
3434 1337 3643 1392 divisus

2047 1424 2323 1485 separatus
2353 1426 2435 1471 est
2465 1435 2493 1471 a
2526 1420 2697 1475 vobis.
2754 1423 2862 1476 Vos
2920 1423 3194 1477 Christum
3252 1424 3513 1491 dividitis,
3555 1425 3636 1479 fa-

2046 1502 2241 1558 ciendo
2288 1506 2517 1578 quisque
2560 1525 2717 1563 suum
2766 1510 3057 1566 Christum.
3106 1513 3201 1567 Vel
3234 1514 3451 1568 creditis
3484 1514 3640 1568 Chri-

2048 1597 2189 1646 stum
2248 1594 2461 1649 divisim
2505 1596 2631 1652 dare
2680 1600 2922 1670 gratiam,
2966 1602 3064 1655 sed
3127 1602 3369 1673 nunquid
3419 1603 3639 1669 Paulus,

352 1690 592 1761 adeptivi
622 1690 715 1746 ﬁlii
743 1694 885 1760 dico,
920 1694 1017 1749 sed
1046 1697 1177 1751 Jesu
1209 1696 1416 1751 Christi
1459 1698 1629 1752 nostri
1658 1698 1863 1768 proprii
1892 1706 1938 1752 et

2048 1698 2209 1754 quem
2268 1683 2433 1754 aliqui
2476 1684 2527 1738 in
2576 1687 2730 1741 vobis
2777 1688 3047 1743 Christum
3094 1707 3251 1745 suum
3300 1690 3520 1757 faciunt,
3556 1692 3640 1747 vel

350 1780 845 1836 consubstantialis.

423 1868 714 1939 Postquam
770 1869 1042 1939 perfectos
1097 1870 1152 1925 in
1210 1872 1353 1927 bono
1410 1890 1507 1928 suo
1553 1875 1941 1942 corroboravit,

350 1957 616 2011 convertit
644 1974 953 2013 sermonem
983 1960 1051 2013 ad
1080 1976 1174 2015 eos
1204 1962 1294 2032 qui
1324 1972 1684 2032 peccaverant
1713 1964 1767 2017 in
1799 1982 1943 2034 pra:-

350 2043 526 2112 dictis,
560 2046 747 2101 dicens
782 2064 794 2101 :
835 2050 927 2103 Vos
950 2047 1219 2118 perfectos
1247 2050 1314 2104 de
1346 2050 1749 2107 conﬁrmatione
1778 2052 1943 2107 vestri

347 2132 510 2187 laudo
534 2153 547 2199 ;
572 2135 669 2189 sed
698 2151 794 2190 vos
826 2136 917 2207 qui
939 2137 1129 2191 erratis
1158 2140 1396 2204 obsecro,
1422 2139 1477 2193 id
1498 2149 1579 2194 est
1592 2140 1736 2195 omni
1754 2141 1943 2195 distri-

348 2221 525 2277 ctione
547 2224 770 2293 conjuro
792 2241 893 2295 per
922 2242 1127 2281 nomen
1156 2228 1381 2282 Domini
1409 2230 1594 2284 nostri
1624 2231 1755 2285 Jesu
1788 2230 1945 2285 Chri-

349 2313 445 2378 sti,
488 2327 625 2381 quos
673 2320 851 2367 tamen
894 2317 1108 2384 fratres
1153 2316 1385 2386 appello,
1436 2317 1562 2373 licet
1610 2319 1937 2373 erraveritis.

349 2399 481 2453 Ideo
512 2400 711 2456 fratres
744 2418 839 2457 eos
870 2412 1046 2469 vocat,
1080 2421 1147 2459 ne
1178 2404 1244 2471 si,
1278 2422 1385 2460 non
1407 2405 1601 2460 fratres
1632 2423 1726 2462 eos
1755 2407 1943 2478 appel-

348 2486 508 2556 laret,
542 2506 657 2560 prae
703 2490 978 2545 nimietate
1008 2493 1217 2562 peccati
1266 2495 1637 2565 desperarent.
1673 2495 1937 2565 Obsecro,

345 2576 584 2647 inquam,
601 2594 699 2633 vos
720 2585 783 2634 ut
803 2596 995 2636 omnes
1016 2581 1220 2637 dicatis
1244 2583 1507 2654 idipsum,
1524 2584 1578 2637 id
1590 2593 1671 2638 est
1684 2593 1941 2639 utomnes

348 2664 712 2721 confiteamini
760 2668 935 2722 solum
976 2671 1149 2724 Deum
1179 2687 1341 2741 posse
1368 2681 1583 2742 peccata
1632 2674 1939 2731 dimittere:

346 2760 398 2808 et
427 2754 529 2809 hoc
556 2754 789 2811 dicendo
819 2775 933 2814 non
973 2760 1091 2814 sint
1134 2761 1197 2813 in
1226 2761 1371 2815 vobis
1416 2761 1740 2825 schismata,
1776 2762 1829 2815 id
1860 2770 1941 2816 est

351 2841 546 2913 aliqua:
603 2843 855 2900 scissurze
899 2846 1250 2902 inﬁdelitatis.
1299 2849 1603 2904 Schismata
1651 2866 1758 2905 non
1804 2850 1937 2917 sint;

344 2932 440 2986 sed
481 2933 610 2988 sitis
650 2936 893 3004 perfecti
922 2936 981 2989 in
1011 2936 1201 2992 eodem
1244 2953 1430 3001 sensu,
1466 2937 1520 2991 id
1550 2946 1631 2992 est
1660 2939 1716 2992 in
1749 2940 1942 2994 eadem

342 3020 639 3086 voluntate,
673 3027 729 3078 et
758 3024 820 3078 in
850 3024 1042 3080 eadem
1073 3026 1333 3091 scientia,
1360 3033 1414 3079 ut
1444 3026 1586 3081 idem
1609 3036 1661 3082 et
1691 3028 1866 3083 velitis
1889 3037 1941 3083 et

340 3108 520 3164 sciatis
550 3126 561 3163 :
596 3119 719 3165 sunt
749 3112 892 3166 enim
915 3113 1006 3183 qui
1035 3113 1178 3168 idem
1202 3114 1405 3179 volunt,
1430 3131 1531 3170 nec
1569 3123 1752 3170 tamen
1792 3117 1935 3171 idem

342 3198 539 3253 sciunt.
588 3200 722 3254 Sunt
766 3200 860 3255 alii
906 3217 1139 3272 quorum
1184 3203 1402 3257 diversa
1450 3212 1533 3258 est
1580 3206 1848 3269 voluntas,
1884 3215 1936 3261 et

340 3294 520 3341 tamen
549 3296 631 3343 est
658 3289 848 3344 eadem
881 3290 1121 3345 scientia.
1171 3292 1465 3362 Propterea
1489 3293 1566 3347 sic
1616 3310 1713 3349 vos
1766 3295 1933 3350 obse-

340 3392 454 3441 cro,
481 3379 612 3449 quia
641 3379 1029 3449 signiﬁcatum
1058 3385 1142 3435 est
1172 3382 1313 3436 mihi
1342 3398 1439 3452 per
1459 3381 1661 3437 litteras
1692 3384 1759 3439 dc
1790 3386 1933 3440 vobis

336 3467 551 3535 fratres
583 3465 709 3531 mei,
745 3468 889 3539 quod
911 3484 1008 3538 per
1038 3484 1158 3523 eam
1190 3470 1447 3539 praedicta
1467 3472 1679 3541 repetit.
1714 3471 1934 3543 Signiﬁ-

338 3561 517 3609 catum
546 3563 629 3609 est
660 3556 843 3627 utique
874 3558 941 3611 ab
971 3558 1055 3613 his
1085 3560 1179 3630 qui
1207 3564 1342 3613 sunt
1375 3560 1547 3628 Cloes,
1582 3561 1731 3632 quia,
1766 3560 1820 3615 id
1853 3570 1935 3615 est

337 3644 481 3713 quod
511 3646 903 3701 contentiones
932 3651 1069 3701 sunt
1098 3648 1253 3702 inter
1282 3664 1391 3712 vos,
1428 3647 1481 3701 id
1510 3656 1593 3702 est
1622 3648 1763 3719 quod
1797 3650 1935 3703 alter

338 3732 629 3786 contendat
654 3732 709 3786 in
741 3734 991 3789 alterum.
1037 3735 1195 3790 Cloes
1242 3752 1442 3790 nomen
1491 3744 1573 3790 est
1619 3736 1723 3791 loci
1750 3737 1802 3790 in
1837 3754 1932 3791 ar-

345 3818 755 3891 chiepiscopatu
800 3822 1238 3888 Corinthiorum,
1291 3824 1435 3878 unde
1482 3825 1598 3879 haec
1660 3827 1931 3881 contentio

336 3908 595 3962 mandata
632 3908 808 3963 fuerat
854 3910 956 3981 ipsi
998 3928 1099 3981 per
1145 3912 1485 3967 Sosthenem.
1535 3912 1693 3981 Quod
1735 3930 1933 3969 nomen

336 3995 426 4051 hic
455 3996 578 4051 ideo
608 3997 777 4067 ponit,
810 4015 877 4053 ne
910 4015 1150 4055 errorem
1198 4018 1355 4054 suum
1384 4001 1727 4057 dissimulare
1767 4003 1932 4058 velint

339 4084 621 4139 Corinthii.
648 4086 893 4141 Scientes
923 4088 1068 4159 quod
1118 4090 1312 4143 Paulus
1342 4090 1411 4143 ab
1439 4090 1646 4145 eisdem
1672 4091 1761 4162 qui
1791 4091 1932 4146 inter

336 4188 433 4228 eos
464 4184 877 4245 conversantur,
910 4177 1015 4232 hoc
1063 4178 1367 4250 agnoverit.
1420 4180 1535 4235 Nec
1566 4180 1741 4234 solum
1783 4181 1931 4251 quod

342 4260 501 4318 88
534 4265 871 4319 contendatis
900 4266 1047 4333 novi,
1081 4267 1179 4321 sed
1218 4267 1378 4321 etiam
1410 4268 1574 4323 verba
1603 4268 1771 4339 ipsius
1801 4285 1929 4323 con-

339 4350 616 4405 tentionis.
668 4354 775 4407 Hoc
809 4359 1001 4410 autem
1032 4355 1172 4421 dico,
1205 4357 1346 4429 quod
1377 4357 1514 4412 dicit
1546 4358 1929 4429 unusquisque

1962 3072 2007 3132 Ο

2045 1780 2269 1842 propter
2317 1773 2472 1841 cujus
2530 1775 2781 1829 meritum
2827 1778 3045 1832 creditis
3113 1779 3381 1833 Christum
3450 1781 3641 1835 melius

2046 1860 2178 1914 dare
2202 1860 2291 1914 uni
2314 1878 2473 1932 quam
2496 1862 2629 1917 alii?
2659 1865 2765 1918 Sed
2797 1868 3054 1937 nunquid
3084 1869 3297 1923 Paulus
3326 1870 3639 1939 cruciﬁxus

2044 1952 2131 2004 est
2158 1966 2255 2020 pro
2288 1952 2431 2005 vobis
2457 1957 2482 2006 Ρ
2513 1953 2625 2007 Hoc
2656 1953 2836 2024 utique
2858 1971 3059 2025 negare
3091 1972 3196 2011 non
3227 1959 3474 2027 potestis,
3509 1974 3642 2029 quo-

2044 2036 2188 2091 niam
2237 2055 2336 2108 per
2385 2040 2654 2097 Christum
2712 2043 2978 2114 redempti
3026 2045 3160 2113 sitis,
3215 2062 3376 2116 quem
3448 2047 3639 2101 Paulus

2043 2141 2152 2180 non
2174 2126 2367 2198 attigit.
2393 2129 2503 2184 Aut
2536 2132 2793 2203 nunquid
2822 2133 2882 2187 in
2915 2135 3143 2189 nomine
3169 2136 3333 2189 Pauli
3364 2136 3642 2207 baptizati

2043 2218 2180 2271 estis
2207 2220 2229 2271 ἵ

2116 2304 2170 2359 Si
2193 2305 2375 2376 utique
2403 2308 2570 2362 verba
2592 2308 2846 2380 baptismi
2877 2312 3105 2367 solerter
3122 2312 3480 2380 attenderitis,
3518 2315 3636 2387 qui-

2044 2392 2143 2446 bus
2172 2395 2286 2450 Deo
2318 2395 2418 2450 scli
2449 2396 2800 2469 conﬁtemini,
2834 2400 3211 2472 intelligeretis
3241 2419 3457 2459 omnem
3484 2405 3641 2473 justi-

2042 2480 2348 2539 ﬁcationem
2380 2502 2500 2541 esse
2531 2503 2594 2541 ex
2626 2490 2741 2543 Deo
2773 2508 2786 2555 ;
2821 2497 2874 2543 et
2921 2491 3362 2563 quandoquidem
3394 2494 3498 2549 hoc
3528 2494 3632 2548 bo-

2041 2592 2169 2628 num
2214 2574 2467 2644 baptismi
2517 2577 2670 2630 vobis
2719 2579 3025 2633 errantibus
3056 2579 3111 2633 fit
3142 2581 3194 2634 in
3244 2582 3465 2645 malum,
3512 2583 3636 2638 ideo

2042 2663 2169 2734 quia
2202 2665 2305 2718 hoc
2327 2664 2527 2718 bonum
2559 2682 2667 2720 non
2688 2666 2808 2731 feci,
2837 2672 3053 2737 gratias
3076 2687 3174 2741 ago
3204 2672 3309 2725 Deo
3338 2688 3460 2726 meo
3491 2671 3635 2743 quod

2040 2754 2329 2807 neminem
2393 2758 2643 2809 vestrum
2706 2757 2985 2828 baptizavi
3044 2760 3158 2814 nisi
3227 2759 3512 2815 Christum
3579 2765 3637 2815 et

2044 2842 2241 2896 Gaium
2276 2860 2289 2907 ;
2321 2851 2614 2913 propterea
2644 2845 2771 2899 nolo
2802 2845 3013 2917 aliquos
3044 2847 3368 2917 baptizasse,
3394 2865 3461 2903 ne
3492 2849 3637 2904 dicat

2039 2930 2231 3000 aliquis
2249 2932 2390 3001 quod
2403 2931 2457 2984 in
2476 2932 2692 2987 nomine
2706 2949 2828 2988 meo
2846 2935 3096 3005 baptizati
3119 2936 3269 2991 estis.
3291 2937 3422 2991 Cum
3441 2937 3634 3007 Crispo

2040 3026 2088 3073 et
2104 3019 2241 3073 Gaio
2256 3020 2520 3089 baptizavi
2535 3026 2591 3075 et
2609 3022 2856 3087 domum,
2872 3024 2924 3077 id
2938 3033 3019 3078 est
3036 3024 3295 3079 familiam
3313 3026 3631 3097 Stephanus.

2038 3110 2116 3163 De
2130 3108 2212 3161 his
2226 3109 2483 3163 recordor
2508 3129 2520 3173 ;
2538 3111 2635 3164 sed
2650 3113 2835 3165 nescio
2859 3112 2901 3165 si
2924 3112 3062 3167 forte
3084 3115 3328 3186 aliquem
3347 3116 3527 3169 alium
3551 3117 3639 3169 ba-

2034 3199 2387 3268 ptizaverim.
2410 3198 2535 3252 Ideo
2557 3207 2661 3252 tam
2685 3216 2889 3270 paucos
2910 3202 3193 3272 baptizavi,
3218 3204 3348 3274 quia
3380 3203 3634 3258 Christus

2036 3303 2151 3341 non
2182 3288 2339 3341 misit
2368 3303 2456 3341 me
2486 3289 2791 3359 baptizare.
2819 3290 2875 3342 In
2894 3290 2997 3345 hoc
3018 3291 3242 3345 multum
3266 3291 3510 3345 humiliat
3532 3292 3633 3345 mi-

2037 3374 2318 3429 nisterium
2350 3376 2675 3446 baptizandi,
2709 3377 2799 3431 ubi
2831 3378 2959 3433 dicit
2990 3396 3047 3433 se
3096 3396 3203 3434 non
3235 3396 3357 3434 esse
3405 3380 3631 3434 missum

2037 3464 2106 3517 ad
2138 3464 2257 3529 hoc,
2283 3466 2427 3535 quod
2458 3466 2620 3519 etiam
2652 3465 2835 3521 facere
2857 3476 3083 3537 possunt
3116 3468 3339 3539 quilibet
3362 3468 3629 3535 inﬁdeles,

2037 3552 2081 3605 si
2112 3554 2410 3607 necessitas
2439 3555 2768 3624 p0poscerit.
2803 3557 2863 3609 In
2893 3572 3001 3627 quo
3044 3565 3224 3611 tamen
3256 3557 3517 3611 Corinthii
3546 3558 3633 3612 vi-

2035 3640 2217 3695 cissim
2250 3659 2308 3695 se
2339 3641 2698 3711 praeferebant
2751 3644 2887 3699 alter
2933 3645 3103 3700 alteri.
3139 3646 3279 3701 Dicit
3308 3647 3396 3701 hic
3440 3663 3630 3702 sacra-

2034 3737 2273 3783 mentum
2304 3731 2565 3786 Ecclesia:
2595 3732 2718 3787 ideo
2757 3741 3000 3804 tempore
3031 3735 3369 3789 necessitatis
3398 3752 3630 3791 conces-

2034 3834 2153 3871 sum
2196 3835 2337 3883 esse,
2389 3820 2547 3873 etiam
2590 3820 2829 3888 inﬁdeli;
2866 3822 2990 3892 quia
3028 3832 3107 3877 est
3154 3824 3304 3888 illud,
3354 3824 3471 3880 sine
3519 3840 3627 3897 quo

2032 3923 2192 3962 nemo
2222 3916 2398 3977 potest
2429 3909 2648 3963 salvari.
2682 3910 2788 3965 Sed
2819 3911 2920 3964 alia
2970 3921 3316 3967 sacramenta
3360 3914 3628 3984 promissa

2033 4004 2154 4050 sunt
2184 3997 2306 4051 ideo
2337 3998 2466 4051 solis
2497 3998 2775 4067 ministris,
2805 4000 2933 4070 quia
2963 4001 3007 4053 si
3039 4002 3109 4055 ad
3142 4002 3367 4056 salutem
3393 4003 3622 4072 prosint,

2031 4102 2140 4140 non
2172 4095 2295 4141 sunt
2326 4095 2505 4141 tamen
2554 4103 2619 4141 ea
2650 4088 2765 4142 sine
2797 4089 2992 4158 quibus
3044 4091 3205 4145 homo
3252 4100 3483 4162 nequeat
3515 4092 3628 4145 sal-

2031 4174 2143 4229 vari
2171 4193 2183 4240 ;
2217 4176 2344 4246 quia
2375 4176 2488 4230 sola
2537 4176 2673 4230 ﬁdes
2705 4177 3044 4246 baptismatis
3075 4179 3143 4246 (si
3165 4178 3375 4248 integre
3412 4188 3630 4235 servata

2030 4263 2121 4334 sit)
2152 4264 2221 4317 ad
2252 4264 2482 4318 salutem
2514 4264 2705 4319 suﬁicit
2733 4281 2743 4317 :
2770 4264 2867 4320 Hic
2884 4266 2952 4319 de
2984 4267 3254 4337 baptismo
3285 4268 3447 4323 tinem
3479 4268 3628 4334 facit,

2031 4359 2083 4406 et
2114 4352 2181 4407 de
2213 4353 2599 4422 praedicatione
2650 4370 2747 4408 sua
2792 4371 3101 4409 sermonem
3150 4355 3355 4427 incipit,
3390 4357 3579 4412 dicens
3617 4372 3629 4410 :

337 4443 589 4495 vestrum
619 4440 915 4511 praeferens
936 4460 995 4499 se
1025 4445 1093 4499 de
1125 4444 1455 4515 baptizatore
1483 4462 1583 4500 suo
1608 4446 1744 4501 alter
1773 4446 1825 4499 in
1857 4445 1931 4500 a1.
1955 4433 2006 4491 D
2036 4441 2280 4494 Christus
2312 4457 2419 4495 non
2450 4442 2594 4495 misit
2622 4459 2710 4496 me
2740 4443 3037 4513 baptizare,
3075 4445 3171 4499 sed
3216 4448 3625 4517 evangelimre.

337 4535 531 4582 terum.
566 4530 682 4585 Hoc
728 4531 913 4603 utique
943 4532 1071 4587 dicit
1104 4551 1117 4586 :
1150 4534 1269 4604 Ego
1300 4534 1516 4605 quidem
1548 4534 1711 4605 longe
1742 4534 1934 4602 majori

330 4616 541 4685 justitia
571 4618 841 4675 discretus
870 4621 936 4675 ab
965 4622 1075 4687 illo,
1112 4622 1202 4694 qui
1249 4622 1559 4678 inferiorem
1590 4624 1797 4688 habuit,
1831 4624 1930 4676 ba-

338 4705 678 4776 ptizatorem.
729 4710 839 4779 Ego
893 4711 1115 4782 quidem
1163 4728 1284 4767 sum
1329 4713 1517 4767 Pauli.
1577 4712 1684 4782 Ego
1739 4716 1932 4767 autem

335 4795 547 4865 Apollo,
581 4798 672 4868 qui
703 4807 815 4854 erat
859 4799 1303 4870 archiepiscopus
1352 4799 1773 4854 Corinthiorum.
1824 4801 1931 4870 Ego

334 4901 460 4947 vero
494 4884 706 4957 Cephce,
741 4888 794 4942 id
823 4896 904 4942 est
927 4889 1088 4943 Petri.
1116 4888 1237 4943 Non
1260 4888 1383 4943 ideo
1405 4890 1520 4943 haec
1542 4888 1759 4942 nomina
1783 4888 1930 4958 ponit

336 4980 484 5052 quod
512 4980 579 5034 de
610 4978 693 5032 his
714 4976 1093 5048 gloriarentur,
1128 4993 1249 5032 cum
1276 4993 1376 5032 nec
1408 4978 1622 5031 Petrum
1634 4976 1929 5043 vidissent;

338 5069 436 5124 sed
466 5068 608 5136 ideo,
643 5066 770 5138 quia
801 5066 845 5120 si
876 5065 1097 5120 nomina
1126 5065 1339 5120 illorum
1380 5066 1605 5135 pseudo,
1640 5065 1707 5119 de
1739 5065 1931 5136 quibus

336 5157 727 5230 gloriabantur,
753 5162 1063 5225 reponeret,
1088 5154 1327 5208 dicerent
1363 5154 1559 5207 Paulus
1581 5154 1707 5224 quia
1728 5154 1932 5208 invidet

332 5242 471 5308 istis,
504 5241 669 5296 nollet
713 5256 813 5294 nos
862 5239 1086 5311 gloriari
1126 5239 1192 5293 de
1241 5238 1549 5293 nominibus
1593 5254 1800 5305 eorum,
1834 5238 1931 5293 sed

334 5332 536 5387 bonum
590 5330 875 5399 judicaret,
929 5328 974 5382 si
1016 5327 1084 5382 de
1133 5327 1351 5382 nomine
1401 5342 1499 5381 suo
1547 5327 1932 5399 sociorumque

335 5420 722 5493 gloriaremur.
784 5418 867 5471 Ad
922 5418 1025 5472 hoc
1080 5416 1468 5471 removendum
1522 5416 1699 5487 posuit
1741 5416 1931 5470 Paulus

336 5524 535 5567 nomen
568 5524 728 5567 suum
759 5516 810 5564 et
841 5506 986 5563 Petri
1032 5505 1326 5563 ostendens
1376 5505 1520 5579 quod
1570 5521 1668 5561 suo
1714 5503 1931 5567 nomine

2037 4530 2342 4585 Praedicare
2364 4531 2580 4601 quidem
2611 4531 2755 4585 misit
2776 4548 2881 4597 me,
2909 4548 3023 4587 non
3046 4535 3107 4588 in
3128 4536 3416 4605 sapientia
3452 4536 3618 4601 verbi,

2033 4618 2088 4672 id
2119 4627 2199 4672 est
2226 4634 2334 4673 non
2364 4620 2417 4673 in
2449 4620 2677 4674 verbosa
2710 4621 2975 4690 sapientia
3005 4623 3190 4676 mundi
3215 4642 3227 4687 ;
3263 4631 3314 4677 et
3343 4625 3445 4678 hoc
3475 4623 3618 4692 ideo,

2034 4711 2098 4761 ut
2128 4724 2241 4762 non
2272 4713 2576 4763 evacuetur
2606 4726 2753 4764 crux
2774 4709 3000 4765 Christi.
3027 4711 3083 4764 Si
3100 4711 3243 4765 enim
3265 4712 3504 4768 rationes
3525 4714 3626 4767 hu-

2032 4812 2205 4851 manze
2264 4797 2543 4866 sapientia:
2584 4813 2859 4868 sequerer,
2911 4816 3031 4870 quae
3073 4801 3289 4870 penitus
3342 4801 3627 4857 destruunt

2032 4884 2391 4940 immortalem
2442 4886 2575 4940 mori
2624 4902 2806 4956 posse,
2856 4895 3127 4942 mortuum
3174 4889 3371 4944 iterum
3416 4891 3623 4959 vivere,

2027 4975 2140 5042 jam
2172 4974 2383 5044 penitus
2413 4976 2857 5044 comprobaretur
2897 4976 3171 5031 Christum
3218 4994 3327 5032 non
3374 4988 3624 5051 gustasse

2032 5070 2263 5117 mortem
2311 5062 2509 5129 crucis,
2543 5072 2595 5117 et
2639 5064 2714 5118 sic
2764 5064 3137 5119 destrueretur
3181 5067 3412 5136 pretium
3458 5068 3622 5122 totius

2032 5150 2219 5205 salutis
2253 5167 2264 5205 :
2300 5167 2467 5222 quare
2495 5168 2601 5206 non
2633 5169 2686 5205 ιη
2716 5154 2944 5208 verbosa
2984 5154 3242 5224 sapientia
3274 5156 3459 5210 mundi
3488 5157 3623 5211 mis-

2033 5256 2124 5294 sus
2173 5256 2311 5305 sum,
2346 5241 2645 5295 secundum
2696 5258 2829 5312 quas
2878 5242 3113 5298 rationes
3162 5242 3317 5300 facile
3367 5245 3624 5301 evacuari

2032 5336 2206 5399 potest
2254 5345 2387 5384 crux
2431 5330 2647 5384 Christi.
2694 5332 2833 5385 Vere
2882 5331 2928 5385 si
2974 5348 3238 5403 sequerer
3298 5334 3622 5405 sapientiam

2031 5418 2236 5483 mundi,
2270 5427 2625 5474 evacuaretur
2671 5435 2803 5474 crux
2843 5419 3061 5475 Christi.
3116 5422 3255 5476 Nam
3286 5424 3532 5488 verbum,
3568 5422 3621 5475 id

2032 5515 2115 5563 est
2139 5508 2456 5579 praedicatio
2484 5511 2669 5569 crucis
2693 5510 3081 5580 pereuntibus,
3108 5509 3163 5564 id
3182 5521 3265 5569 est
3286 5512 3622 5587 sapientibus
