3960 6036
257 209 347 262 129

855 198 1232 260 EXPOSITIO
1272 199 1346 255 IN
1388 199 1765 257 EPISTOLAS
1813 200 2037 257 PAULI.
2072 232 2141 242 —
2172 201 2246 257 IN
2278 203 2495 259 EPIST.
2549 203 2572 259 Ι
2611 204 2705 259 ΑΒ
2753 202 2913 261 COR.

3433 212 3534 266 130

259 328 447 393 mundi,
483 327 573 398 qui
605 328 729 384 ideo
757 337 1051 400 pereuntes
1081 328 1352 391 dicuntur,
1406 326 1528 398 quia
1578 326 1837 398 sapientia
1857 329 1911 387 Α
1938 326 2025 392 ita,
2061 327 2208 399 quod
2237 328 2469 383 mundus
2497 344 2604 384 non
2636 330 2891 401 cognovit
2931 331 3103 385 Deum
3130 347 3231 402 per
3259 348 3409 387 suam
3440 350 3531 388 sa-

261 434 430 474 corum
463 417 568 472 cito
598 418 794 488 peribit
824 427 875 473 et
905 419 1239 473 destruetur.
1288 417 1387 471 Vel
1438 416 1561 487 quia
1602 425 1834 486 propter

260 508 388 562 hanc
418 506 735 576 sapientiam
764 508 1019 578 peribunt
1048 516 1099 562 et
1125 507 1543 562 damnabuntur.
1595 507 1831 561 Verbum

259 596 425 666 utique
454 596 629 651 crucis
662 596 989 667 sapientibus
1034 598 1253 669 quidem
1286 596 1444 666 hujus
1475 594 1661 650 mundi
1682 598 1831 651 stul-

258 684 377 739 titia
406 689 525 751 est;
560 686 683 756 quia
714 687 941 740 humana
964 687 1095 740 ratio
1119 685 1389 740 neminem
1420 685 1565 755 cogit
1594 692 1649 738 ut
1681 684 1833 739 Chri-

258 781 382 839 stus,
414 773 503 844 qui
524 773 845 829 immortalis
862 776 1051 830 eratin
1074 783 1285 843 natura,
1306 775 1442 829 mori
1465 774 1716 844 potuerit,
1742 773 1834 844 qui

255 869 487 915 mortuus
517 862 710 917 iterum
732 864 938 919 vixerit.
961 865 1332 919 Pereuntibus
1355 863 1571 934 quidem
1590 871 1670 916 est
1702 862 1833 916 stul-

256 950 386 1014 titia;
419 951 513 1005 sed
542 951 631 1006 his
662 954 759 1024 qui
774 953 1098 1021 salvi/Sunt,
1124 953 1177 1006 id
1199 960 1299 1015 est,
1334 952 1510 1015 nobis,
1537 952 1677 1023 quia
1716 968 1832 1005 ver-

252 1036 373 1091 bosa
390 1039 658 1109 sapientia
678 1040 1030 1107 declinamus,
1050 1040 1205 1095 nobis
1226 1041 1412 1112 utique
1429 1041 1651 1095 verbum
1672 1040 1831 1096 S9

251 1128 417 1181 crucis
466 1137 546 1181 est
586 1130 764 1184 virtus
792 1132 908 1185 Dei.
936 1130 1356 1185 Considerantcs
1403 1130 1546 1184 enim
1581 1146 1681 1200 per
1715 1138 1832 1184 tan-

250 1222 348 1268 tam
378 1215 707 1271 debilitatem
737 1219 835 1288 (uti
868 1236 969 1289 per
998 1220 1250 1287 mortem)
1280 1219 1523 1289 superari
1553 1218 1831 1289 antiquum

250 1304 473 1372 hostem,
524 1306 677 1373 cujus
707 1306 965 1362 fortitudo
1012 1308 1067 1361 in
1123 1324 1281 1362 omne
1330 1324 1505 1380 genus
1554 1307 1832 1362 hominum

248 1393 616 1461 prarvaluerat,
651 1395 909 1450 miramur
937 1397 990 1449 in
1049 1398 1153 1452 hoc
1191 1396 1369 1469 magis
1402 1397 1653 1451 virtutem
1710 1396 1827 1462 Dei,

247 1480 328 1534 ubi
356 1498 458 1551 per
488 1483 819 1539 debilitatem
866 1485 1131 1539 destruxit
1181 1486 1568 1540 fortitudinem.
1622 1484 1757 1553 Quia
1787 1485 1834 1539 si

246 1586 334 1639 per
360 1579 601 1641 apertam
634 1571 1000 1628 fortitudinem
1032 1574 1297 1629 minorem
1338 1574 1707 1645 exstingueret
1736 1590 1833 1644 po-

1930 416 2206 486 pientiam.
2240 412 2355 473 Hoc
2386 418 2483 472 fuit
2512 418 2566 472 in
2590 419 2852 489 sapientia
2894 419 3010 488 Dei,
3042 420 3093 474 id
3117 429 3199 476 est
3228 421 3302 476 ita
3330 422 3531 493 placuit

1932 505 2210 575 sapientiae
2241 506 2357 572 Dei,
2391 516 2450 561 ut
2496 508 2784 562 mundanae
2829 524 2938 563 non
2985 509 3309 565 admisceret
3355 528 3530 566 suam.

1931 595 2067 649 Vere
2099 611 2197 665 per
2228 595 2505 650 stultitiam
2553 596 2785 651 salvavit
2826 598 3108 653 credentes
3145 614 3157 653 :
3190 615 3317 654 nam
3346 608 3400 655 et
3447 617 3537 656 res

1932 683 2225 753 praedicata
2274 684 2430 738 stulta
2474 684 2590 752 fuit,
2642 693 2695 739 et
2756 687 3141 756 prmdicatores
3190 689 3350 744 stulti.
3402 691 3540 746 Vere

1931 787 2030 842 per
2059 788 2171 827 rem
2200 773 2413 827 stultam
2460 773 2851 844 praedicatam;
2901 792 3037 830 nam
3077 777 3331 848 quoniam
3359 778 3539 834 Judazi

1934 861 2023 931 qui
2046 862 2159 929 jam
2190 878 2287 932 per
2319 862 2475 932 signa
2506 863 2677 917 Deum
2710 872 2765 917 ut
2793 864 2847 917 in
2869 865 3102 936 Egypto
3134 875 3531 938 cognoverant,

1938 954 2144 1020 petunt
2176 951 2354 1005 adhuc
2390 952 2576 1021 signa,
2610 952 2678 1005 ad
2708 954 3171 1023 comprobandum
3202 971 3324 1010 esse
3353 972 3539 1011 verum

1945 1038 2012 1092 de
2044 1038 2255 1093 Christo
2286 1040 2431 1109 quod
2458 1040 2821 1110 praedicatur;
2857 1046 2911 1096 et
2945 1043 3139 1108 Crteci,
3173 1043 3227 1097 id
3256 1051 3338 1098 est
3368 1045 3540 1117 genti-

1938 1125 2019 1181 les
2052 1126 2141 1197 qui
2173 1128 2348 1181 Deum
2378 1128 2653 1198 ignorant,
2687 1134 2950 1200 quierunt
2986 1133 3347 1201 sapientiam,
3373 1132 3429 1188 id
3458 1141 3541 1188 est

1939 1215 2125 1269 volunt
2169 1216 2271 1269 sibi
2313 1232 2414 1286 per
2454 1216 2761 1271 mundanas
2804 1217 3046 1273 rationes
3074 1220 3367 1290 approbari
3395 1221 3540 1293 quod

1932 1302 2001 1357 de
2031 1303 2247 1357 Christo
2278 1303 2471 1358 dicitur
2504 1322 2516 1357 :
2549 1306 2657 1359 Nos
2687 1310 2898 1372 autem,
2930 1314 2986 1360 ut
3016 1307 3412 1363 satisfaciamus
3440 1310 3540 1364 Ju-

1933 1391 2085 1460 daeis,
2100 1393 2475 1463 praedicamus
2492 1391 2780 1448 Christum
2809 1395 3081 1451 virtutem
3094 1398 3211 1463 Dei,
3228 1397 3354 1468 quia
3364 1399 3392 1452 J
3398 1397 3538 1454 udaai

1932 1480 2185 1535 virtutem
2216 1481 2605 1536 miraculorum
2634 1483 2916 1553 requirunt
2947 1499 2959 1537 :
2999 1483 3204 1541 Gracis
3233 1501 3364 1541 vero
3394 1503 3539 1558 qum-

1936 1569 2180 1624 rentibus
2213 1570 2530 1639 sapientiam
2579 1570 2935 1641 praedicamus
2986 1573 3269 1629 Christum
3298 1591 3415 1631 esse
3445 1593 3540 1631 sa-

245 1658 475 1729 tentiam,
522 1676 648 1715 vere
696 1678 805 1716 non
850 1662 905 1716 in
956 1662 1219 1734 sapientia
1266 1663 1419 1718 verbi
1463 1663 1699 1717 misisset
1746 1679 1833 1717 me
1861 1690 1913 1748 Β
1936 1659 2216 1729 pientiam
2245 1660 2362 1724 Dei,
2398 1659 2540 1728 quod
2564 1668 2851 1730 utrumque
2883 1660 3069 1716 electis
3091 1662 3310 1733 quidem
3338 1664 3541 1719 Iudaeis

246 1746 380 1801 Deus
414 1766 429 1801 :
467 1748 545 1803 sic
572 1752 726 1804 enim
754 1752 1032 1823 scriptum
1063 1760 1145 1806 est
1192 1752 1245 1805 in
1293 1752 1469 1806 Abdia
1503 1770 1516 1805 :
1550 1752 1670 1822 Ego
1699 1768 1832 1824 per-

248 1835 363 1890 dam
380 1837 775 1911 (aitDominus)
790 1842 1130 1911 sapientiam
1154 1842 1496 1913 sapientium
1514 1841 1692 1910 (Abdi.
1712 1844 1729 1893 l
1748 1884 1760 1905 ,
1779 1845 1830 1904 8;

247 1924 362 1979 Isai.
396 1941 565 1993 χχιχ,
604 1929 730 1997 14);
764 1928 877 1983 sive
910 1930 1038 2000 quia
1058 1930 1336 1984 destruam
1358 1930 1524 1994 illam,
1561 1929 1674 1984 sive
1706 1929 1833 2000 quia

245 2012 507 2069 damnabo
538 2016 658 2071 illos
682 2060 695 2082 ,
730 2025 1021 2089 propterea
1067 2019 1414 2073 adhmserunt
1460 2020 1709 2073 humanae
1738 2034 1832 2073 sa-

242 2101 472 2171 pientiai.
504 2104 620 2160 Nec
652 2106 827 2160 solum
877 2106 1197 2177 sapientiam
1246 2108 1491 2177 perdam,
1542 2107 1639 2162 sed
1670 2107 1832 2162 etiam

238 2192 619 2262 prudentiam,
650 2194 703 2248 id
735 2204 817 2249 est
845 2196 1241 2265 providentiam
1285 2213 1389 2267 qua
1440 2196 1636 2251 callide
1680 2197 1833 2251 sciun

238 2281 555 2347 pnmnunire
585 2284 881 2338 sententias
913 2301 1037 2339 suas
1057 2327 1071 2349 ,
1104 2301 1172 2338 ne
1219 2284 1399 2356 aliqua
1427 2284 1833 2357 impugnatione

241 2365 572 2441 frangantur.
618 2370 851 2439 Quidam
883 2373 1027 2427 enim
1075 2373 1275 2427 habent
1322 2373 1644 2444 sapientiam
1699 2373 1831 2427 artis

244 2457 328 2527 qui
356 2465 542 2513 tamen
574 2461 819 2515 nesciunt
854 2478 912 2516 se
944 2462 1075 2516 satis
1122 2463 1451 2533 prtemunire
1500 2471 1688 2517 contra
1732 2478 1831 2518 ca-

242 2545 543 2602 villationes
574 2549 898 2617 objicientis.
933 2550 1079 2605 Illam
1126 2551 1310 2621 utique
1359 2552 1706 2622 prudentiam
1736 2568 1830 2606 re-

236 2634 501 2704 probabo;
532 2637 657 2709 quia
688 2639 962 2694 neminem
990 2640 1057 2694 de
1106 2640 1264 2709 hujus
1311 2640 1498 2694 mundi
1545 2640 1829 2711 prudenti-

238 2720 332 2776 bus
359 2723 412 2777 in
447 2726 748 2782 ministerio
780 2745 916 2783 meae
943 2729 1345 2799 praedicationis
1397 2745 1709 2809 essqmam;
1745 2728 1831 2785 vel

229 2809 465 2885 jungitur
494 2815 565 2867 ibi
597 2816 687 2869 ubi
737 2816 845 2871 ait:
895 2819 1268 2888 pereuntibus.
1320 2819 1458 2873 Vere
1488 2804 1780 2889 pereuntes
1814 2834 1827 2871 :

234 2915 348 2953 nam
405 2903 671 2973 scriptum
728 2914 808 2959 est
851 2924 864 2959 :
903 2929 924 2957 α
966 2908 1194 2961 Perdam
1239 2907 1560 2978 sapientiam
1609 2908 1829 2977 sapien-

236 2987 375 3055 tium,
420 3013 441 3040 ι
509 3000 563 3046 et
617 3010 747 3048 vere
829 2995 1141 3063 hujusmodi
1192 2996 1490 3066 prudentes
1550 2994 1825 3065 reprobati

236 3088 367 3132 sunt.
402 3080 536 3135 Haec
567 3090 688 3135 sunt
721 3084 882 3137 verba
900 3085 1163 3155 Apostoli.
1188 3086 1328 3139 Nam
1352 3086 1444 3139 ubi
1466 3092 1549 3139 est
1579 3086 1821 3156 sapiens,

234 3165 282 3219 id
311 3177 389 3222 est
416 3169 633 3242 logicus
663 3171 754 3226 ille
803 3172 896 3244 qui
939 3174 993 3227 in
1042 3174 1510 3246 argumentatione
1559 3190 1655 3227 sua
1688 3189 1824 3228 con-

231 3255 335 3309 lidit
370 3275 382 3310 :
418 3265 475 3313 et
507 3259 601 3313 ubi
629 3267 710 3314 est
739 3263 939 3327 scriba,
974 3260 1028 3315 id
1061 3270 1142 3316 est
1172 3262 1381 3318 ethicus
1425 3262 1516 3333 qui
1545 3262 1612 3316 de
1655 3261 1825 3316 mori-

232 3343 324 3399 bus
351 3347 509 3419 agit;
542 3356 591 3401 et
639 3349 732 3404 ubi
779 3353 1126 3422 conquisitor
1158 3352 1326 3423 hujus
1380 3353 1595 3416 saeculi,
1641 3349 1695 3403 id
1744 3356 1825 3404 est

230 3429 506 3499 physicus,
542 3432 630 3503 qui
661 3442 881 3488 naturas
908 3435 1149 3489 omnium
1182 3451 1364 3489 rerum
1412 3433 1677 3504 conquirit
1704 3433 1731 3487 ‘2
1770 3434 1825 3488 Si

232 3514 437 3589 logicus
472 3520 565 3574 ille
598 3521 760 3585 dicat,
799 3522 843 3576 si
888 3523 1121 3593 peperit,
1172 3539 1295 3579 cum
1342 3523 1466 3577 viro
1514 3522 1822 3590 concubuit,

230 3607 523 3674 mentitur;
568 3610 694 3680 quia
740 3611 909 3665 Maria
959 3611 1075 3666 sine
1124 3612 1269 3667 coitu
1318 3611 1459 3666 virili
1507 3612 1575 3665 de
1624 3610 1825 3681 Spiritu

230 3705 412 3750 sancto
448 3699 726 3769 concepit.
767 3700 823 3754 Si
857 3699 1066 3755 ethicus
1096 3701 1165 3755 de
1211 3700 1470 3763 moribus,
1503 3699 1571 3754 de
1618 3698 1825 3755 cultura

226 3780 492 3839 idolorum
526 3786 736 3856 doceat,
769 3788 1082 3858 repellitur;
1117 3789 1243 3860 quia
1262 3788 1388 3843 novi
1417 3804 1619 3854 mores,
1651 3803 1826 3843 novus

226 3872 394 3927 cultus
442 3874 697 3930 inductus
744 3884 845 3931 est.
898 3877 955 3933 Si
1002 3878 1195 3932 iterum
1252 3876 1509 3948 physicus
1555 3876 1695 3931 dicat
1744 3892 1827 3931 re-

225 3975 471 4031 pugnare
524 3973 747 4030 naturae,
795 3974 852 4019 ut
912 3966 1065 4037 virgo
1109 3966 1306 4036 pariat,
1374 3974 1622 4021 mortuus
1657 3965 1821 4032 vivat,

226 4050 495 4106 mendacii
530 4069 656 4107 reus
704 4062 804 4108 est.
864 4053 1317 4126 Quandoquidem
1375 4062 1428 4109 et
1476 4054 1713 4125 sapiens,
1774 4061 1827 4107 et

228 4138 423 4205 scriba,
459 4148 517 4194 et
545 4143 803 4213 physicus
834 4143 1191 4213 repelluntur,
1244 4160 1425 4198 nonne
1474 4159 1571 4213 per
1601 4143 1702 4197 hoc
1731 4158 1827 4212 pa-

228 4224 329 4279 lam
359 4237 467 4295 est,
504 4231 651 4299 quod
684 4232 828 4287 Deus
858 4233 1023 4302 fecit,
1072 4231 1127 4286 id
1182 4240 1265 4287 est
1293 4231 1665 4302 comprobavit
1703 4247 1826 4285 esse

229 4318 469 4372 stultam
492 4320 842 4389 sapientiam
867 4320 1036 4390 hujus
1056 4321 1280 4387 mundi;
1304 4320 1427 4375 ideo
1450 4321 1596 4375 Deus
1618 4320 1829 4390 sapien-

1935 1755 1987 1801 et
2017 1745 2224 1802 Graecis
2240 1747 2411 1802 virtus
2442 1756 2523 1801 est
2552 1755 2603 1801 et
2626 1748 2907 1818 sapientia,
2933 1751 3031 1804 sed
3052 1753 3362 1822 reprobatis
3377 1769 3541 1809 scan-

1934 1835 2128 1889 dalum
2158 1842 2240 1889 est
2273 1839 2327 1890 et
2346 1837 2624 1890 stultitia.
2650 1836 2719 1889 Et
2749 1836 2871 1891 ideo
2918 1838 3152 1892 diximus
3181 1856 3282 1909 per
3320 1840 3539 1895 stultam

1935 1940 2045 1977 rem
2079 1924 2260 1978 salvos
2291 1923 2406 1978 fieri
2455 1924 2759 1979 credentes.
2811 1926 2969 1981 Nunc
3017 1926 3254 1982 litteram
3304 1945 3542 2000 expona-

1932 2028 2073 2066 mus.
2127 2014 2269 2067 Vere
2317 2028 2418 2082 per
2465 2012 2745 2066 stultitiam
2791 2014 2938 2068 Deus
2985 2015 3156 2070 salvat
3211 2017 3536 2086 credentes;

1935 2100 2191 2171 quoniam
2221 2100 2395 2155 Judaei
2426 2101 2645 2171 quidem
2688 2109 2879 2171 petunt
2908 2102 3085 2173 signa,
3133 2104 3225 2175 qui
3257 2121 3355 2175 per
3381 2107 3541 2161 mira-

1932 2189 2052 2243 cula
2118 2190 2291 2243 Deum
2354 2205 2691 2259 cognoscere
2766 2200 3179 2247 consueverunt.
3237 2193 3306 2247 Et
3364 2194 3543 2252 Graeci

1932 2277 2261 2332 mundanam
2306 2286 2553 2348 quaerunt
2596 2278 2938 2349 sapientiam,
2989 2280 3114 2351 quia
3142 2281 3287 2336 aliud
3317 2300 3426 2338 non
3456 2286 3544 2340 in-

1931 2366 2196 2437 telligunt.
2230 2367 2344 2421 Nos
2373 2376 2548 2421 autem
2571 2367 2714 2421 stulti
2745 2368 3102 2437 praedicamus
3152 2387 3269 2425 rem
3298 2373 3534 2445 stultam,

1932 2456 2138 2511 scilicet
2169 2455 2443 2509 Christum
2474 2455 2792 2511 crucifixum
2832 2472 2843 2510 :
2878 2458 3085 2513 Iudaeis
3115 2461 3337 2530 quidem
3374 2479 3541 2518 scan-

1932 2545 2148 2611 dalum,
2196 2544 2320 2615 quia
2366 2544 2772 2615 improperatur
2821 2546 2902 2600 eis
2953 2547 3098 2618 quod
3151 2565 3339 2621 regem
3385 2568 3544 2606 suum

1931 2632 2314 2688 cruciﬁxerunt
2338 2652 2351 2700 ;
2381 2634 2648 2689 Gentibus
2671 2638 2865 2689 autem
2888 2636 3224 2703 stultitiam,
3246 2638 3368 2708 quia
3389 2640 3541 2696 intel-

1929 2722 2101 2792 ligere
2151 2722 2398 2777 nesciunt
2445 2738 2551 2793 qua
2592 2722 2802 2779 ratione
2852 2739 3011 2794 quem
3060 2725 3233 2779 Deum
3280 2728 3531 2800 dicimus,

1930 2811 2180 2865 eumdem
2228 2819 2499 2865 mortuum
2543 2810 2709 2866 fuisse
2753 2811 3020 2867 dicamus.
3072 2814 3274 2870 Iudaeis
3318 2817 3536 2887 quidem

1930 2908 1981 2953 et
2010 2899 2217 2956 Graecis
2256 2900 2561 2971 reprobatis
2608 2900 2925 2955 scandalum
2954 2909 3037 2956 est
3069 2910 3121 2957 et
3151 2904 3405 2972 stultitia;
3439 2908 3536 2963 sed

1927 2989 2063 3061 ipsis
2075 2989 2285 3044 Judaei:
2305 2993 2473 3061 atque
2501 2990 2705 3045 Graecis
2718 3006 2849 3045 voca
2857 2991 2949 3056 tis,
2974 2990 3031 3044 id
3044 2998 3126 3045 est
3147 3008 3179 3046 a
3190 2993 3306 3048 Deo
3323 2994 3531 3065 electis,

1929 3077 2297 3148 praedicamus
2349 3077 2635 3132 Christum
2702 3079 2972 3133 virtutem
3018 3081 3132 3146 Dei,
3203 3082 3346 3151 quod
3384 3084 3532 3139 Deus

1924 3166 2101 3234 majus
2124 3166 2440 3221 miraculum
2472 3165 2633 3221 90
2681 3167 2897 3236 operari
2919 3182 3028 3222 non
3047 3168 3219 3239 potuit
3248 3187 3409 3241 quam
3440 3189 3538 3244 per

1926 3262 2154 3309 mortem
2187 3255 2467 3309 destruere
2499 3262 2756 3309 mortem.
2800 3255 3163 3311 Praedicamus
3191 3258 3350 3313 etiam
3382 3260 3534 3315 Chri-

1927 3351 2067 3398 stum
2095 3343 2413 3414 sapientiam
2462 3342 2598 3409 Dei;
2642 3343 2767 3414 quia
2812 3344 2987 3412 major
3033 3346 3296 3417 sapientia
3344 3350 3533 3422 nequit

1925 3431 2157 3486 inveniri
2186 3447 2345 3501 quam
2376 3447 2474 3501 per
2501 3431 2855 3486 humilitatem
2883 3434 3195 3502 superbiam
3226 3445 3278 3490 et
3307 3453 3405 3506 per
3432 3439 3529 3494 de-

1926 3520 2185 3575 bilitatem
2229 3520 2508 3574 destruere
2550 3518 2942 3575 fortitudinem.
2980 3522 3122 3577 Vere
3170 3524 3416 3580 Christus
3445 3534 3528 3581 est

1928 3608 2188 3678 sapientia
2217 3608 2337 3663 Dei.
2370 3609 2511 3663 Nam
2542 3607 2675 3662 illud
2706 3609 2804 3663 Dei
2834 3609 2975 3680 quod
3022 3614 3107 3665 est
3152 3613 3396 3669 stultum
3433 3631 3526 3671 se-

1889 3721 1892 3724 r
1927 3698 2161 3753 cundum
2194 3696 2609 3751 azstimationem
2641 3696 2942 3761 hominum,
2974 3700 3290 3771 sapientius
3326 3707 3410 3758 est
3431 3704 3525 3760 ho-

1926 3788 2193 3841 minibus.
2235 3785 2334 3840 Vel
2376 3785 2497 3856 quia
2540 3785 2789 3840 homines
2838 3794 3039 3841 tantam
3082 3789 3402 3858 sapientiam
3433 3808 3529 3848 ca-

1926 3890 2079 3944 pere,
2112 3873 2200 3928 vel
2226 3882 2333 3927 tam
2382 3872 2659 3943 sapienter
2704 3875 2925 3945 cperari
2975 3886 3270 3947 nequeunt.
3302 3880 3370 3933 Et
3400 3897 3527 3938 vere

1929 3964 2175 4017 Christus
2205 3970 2287 4017 est
2318 3962 2485 4016 virtus
2514 3963 2633 4017 Dei.
2666 3964 2804 4017 Nam
2836 3964 2967 4018 illud
2997 3966 3117 4031 Dei,
3153 3968 3294 4039 quod
3324 3974 3412 4024 est
3427 3972 3525 4025 iu-

1927 4054 2177 4122 firmum,
2210 4051 2297 4106 vel
2327 4050 2548 4104 stultum
2579 4052 2877 4106 secundum
2906 4053 3320 4110 aestimationem
3350 4057 3527 4113 homi-

1929 4157 2079 4206 num,
2109 4140 2428 4211 sapientius
2477 4143 2561 4195 est
2611 4141 2947 4196 hominibus.
2994 4142 3091 4196 Vel
3124 4144 3250 4214 quia
3278 4145 3527 4202 homines

1928 4238 2130 4284 tantam
2159 4228 2477 4299 sapientiam
2497 4242 2715 4298 capere,
2754 4229 2840 4283 vel
2868 4237 2979 4283 tam
3009 4231 3285 4301 sapienter
3313 4235 3529 4304 operari

1929 4325 2221 4388 nequeunt.
2269 4317 2337 4370 Et
2405 4332 2534 4371 vere
2583 4317 2831 4381 Christus
2883 4327 2964 4373 est
3009 4319 3181 4374 virtus
3220 4321 3339 4376 Dei.
3384 4323 3526 4379 Nam

229 4403 351 4457 tiam
374 4407 540 4475 hujus
570 4407 755 4461 mundi
786 4408 993 4479 repellit
1026 4424 1038 4461 :
1072 4426 1208 4464 nam
1239 4409 1316 4463 sic
1346 4410 1567 4481 placuit
1595 4410 1738 4475 Deo;
1770 4416 1823 4462 et
1848 4397 1902 4458 D
1922 4406 2055 4460 illud
2098 4405 2217 4473 Dei,
2264 4405 2409 4476 quod
2458 4413 2541 4459 est
2583 4404 2856 4460 infirmum
2904 4408 3205 4463 secundum
3252 4412 3520 4480 carnales,

228 4506 341 4546 cum
374 4495 575 4549 audias
605 4497 709 4552 hoc
738 4497 952 4567 placere
983 4498 1117 4567 Deo,
1142 4513 1368 4553 causam
1394 4498 1550 4567 hujus
1580 4514 1648 4551 ne
1680 4514 1826 4568 quae-

229 4581 402 4637 sieris.
424 4584 633 4638 Placuit
664 4587 980 4657 utiqueDeo
1008 4603 1108 4657 per
1136 4586 1825 4658 stultitiamprwdicatio-

228 4672 345 4733 nis,
377 4671 433 4726 id
468 4680 553 4726 est
582 4681 633 4727 et
659 4689 758 4744 per
805 4675 1021 4728 stultam
1079 4691 1192 4729 rem
1249 4675 1595 4745 praedicatam
1636 4681 1686 4728 et
1726 4689 1825 4744 per

228 4759 412 4814 stultos
446 4762 838 4831 praedicatores
869 4765 1047 4819 salvos
1078 4767 1266 4833 facere
1303 4763 1598 4818 credentes
1637 4762 1691 4816 in
1714 4778 1773 4816 se
1808 4780 1821 4816 :

228 4843 342 4901 ideo
364 4865 469 4918 per
498 4850 777 4905 stultitiam
808 4852 1009 4922 placuit
1040 4851 1090 4906 ei
1120 4852 1332 4906 salvare
1366 4851 1668 4916 credentes,
1693 4851 1824 4922 quia

226 4938 493 5002 mundus,
528 4938 581 4992 id
613 4947 695 4993 est
749 4940 997 4995 homines
1045 4940 1235 4994 mundi
1284 4956 1398 4997 non
1446 4942 1822 5011 cognoverunt

226 5023 400 5080 Deum
429 5042 535 5097 per
562 5028 833 5083 carnalem
864 5030 1224 5100 sapientiam.

292 5112 455 5181 Quod
489 5114 535 5169 si
565 5115 731 5187 aliqui
761 5117 1068 5187 philosophi
1089 5117 1474 5172 intellexerunt
1505 5132 1626 5170 esse
1659 5131 1823 5169 unum

226 5200 417 5271 Deum,
444 5204 572 5275 quia
602 5205 779 5259 omnia
810 5214 1073 5272 creasset,
1106 5222 1217 5261 non
1265 5215 1446 5260 tamen
1485 5206 1587 5260 hoc
1618 5220 1822 5277 cogno-

224 5300 411 5345 verunt
443 5293 501 5346 in
532 5294 793 5363 sapientia
824 5295 941 5362 Dei,
975 5294 1031 5348 id
1078 5302 1160 5349 est
1191 5303 1246 5349 ut
1272 5294 1639 5366 intelligerent
1685 5309 1821 5348 con-

224 5378 401 5433 silium
431 5381 555 5451 Dei,
583 5399 690 5454 quo
719 5383 907 5438 ordine
940 5383 1262 5454 disponebat
1309 5382 1519 5437 salvare
1551 5382 1823 5452 perditum

224 5465 503 5526 hominem
531 5488 630 5543 per
661 5472 1093 5529 incarnationem
1142 5473 1323 5539 Verbi,
1359 5478 1411 5528 et
1457 5479 1671 5527 caetera.
1727 5471 1822 5527 Vel

1927 4496 2029 4550 hoc
2058 4502 2139 4549 est
2169 4494 2361 4548 fortius
2391 4494 2721 4549 hominibus.
2755 4494 2855 4549 Vel
2899 4496 3026 4567 quia
3072 4497 3376 4571 intelligere
3406 4500 3523 4555 vir-

1925 4592 2090 4638 tutem
2117 4584 2258 4638 hanc
2287 4582 2555 4638 nesciunt.
2590 4583 2687 4637 Vel
2708 4583 2835 4655 quia
2863 4592 3014 4639 tanta
3045 4584 3355 4643 fortitudine
3386 4589 3523 4644 nihil

1926 4672 2106 4726 facere
2138 4679 2358 4743 queunt.
2414 4670 2510 4726 Vel
2556 4671 2711 4726 aliter
2758 4673 3007 4742 superior
3052 4674 3229 4729 littera
3270 4676 3520 4748 jungitur

1922 4760 1995 4814 ita
2028 4778 2041 4814 :
2074 4760 2196 4815 ideo
2224 4760 2458 4814 mundus
2504 4775 2614 4814 non
2662 4761 2919 4831 cognovit
2960 4762 3137 4817 Deum
3165 4780 3264 4834 per
3295 4765 3520 4836 sapien-

1923 4850 2073 4914 tiam;
2133 4850 2389 4920 quoniam
2416 4849 2589 4903 Judaei
2618 4856 2805 4919 petunt
2834 4850 3010 4922 signa,
3043 4859 3096 4906 et
3117 4851 3292 4908 Graeci
3309 4854 3523 4925 sapien-

1925 4938 2089 5003 tiam;
2123 4953 2222 4992 nos
2268 4953 2397 4991 vero
2447 4937 2808 5006 praedicamus
2855 4939 3128 4994 Christum
3166 4942 3523 5011 cruciﬁxum;

1920 5026 2122 5080 Judaeis
2152 5025 2369 5097 quidem
2398 5040 2507 5079 non
2538 5025 2753 5097 signum
2787 5026 2884 5081 sed
2928 5028 3280 5097 scandalum;
3314 5031 3524 5089 Graecis

1922 5123 2100 5169 autem
2126 5114 2213 5170 vel
2268 5114 2524 5187 gentibus
2568 5129 2676 5168 non
2724 5115 3043 5184 sapientiam
3072 5118 3169 5173 sed
3217 5120 3517 5176 stultitiam.

1920 5204 1989 5257 Et
2018 5202 2143 5275 quia
2173 5202 2226 5256 in
2257 5218 2419 5258 cruce
2467 5203 2669 5257 Christi
2698 5218 2801 5257 nec
2847 5203 3098 5260 virtutem
3148 5222 3252 5262 nec
3301 5209 3523 5279 sapien-

1921 5292 2052 5345 tiam
2084 5292 2316 5346 mundus
2345 5291 2641 5364 intelligit:
2695 5291 2819 5345 ideo
2870 5292 3043 5348 Deum
3089 5310 3198 5350 non
3242 5296 3519 5366 cognovit.

1920 5382 1987 5435 Et
2016 5388 2097 5436 est
2127 5380 2201 5434 ibi
2231 5380 2354 5435 finis
2404 5379 2701 5436 sententias.
2758 5380 2866 5435 Sed
2896 5381 3017 5437 licet
3046 5383 3291 5454 reprobis
3318 5384 3522 5439 ludatis

1921 5478 2081 5542 atque
2111 5469 2319 5526 Graecis
2349 5470 2547 5525 Christi
2577 5486 2710 5529 crux
2754 5470 3072 5526 scandalum
3101 5472 3170 5527 sit
3195 5480 3247 5527 et
3274 5473 3518 5545 stultitia,
