  <div class='ocr_page' id='page_1' title='image "/cluster/home/n/w/nwhite01/storage/ocr_20150623/153/hvd.32044054760111/071.png"; bbox 0 0 3960 6036; ppageno 0'>
   <div class='ocr_carea' id='block_1_1' title="bbox 388 151 482 202">
    <p class='ocr_par' dir='ltr' id='par_1_1' title="bbox 388 151 482 202">
     <span class='ocr_line' id='line_1_1' title="bbox 388 151 482 202; baseline -0.011 0"><span class='ocrx_word' id='word_1_1' title='bbox 388 151 482 202; x_wconf 79' lang='grc'>131</span> 
     </span>
    </p>
   </div>
   <div class='ocr_carea' id='block_1_2' title="bbox 922 144 3121 207">
    <p class='ocr_par' dir='ltr' id='par_1_2' title="bbox 922 144 3121 207">
     <span class='ocr_line' id='line_1_2' title="bbox 922 144 3121 207; baseline 0 -4"><span class='ocrx_word' id='word_1_2' title='bbox 922 149 979 203; x_wconf 91' lang='lat' dir='ltr'>S.</span> <span class='ocrx_word' id='word_1_3' title='bbox 1020 146 1375 204; x_wconf 82' lang='lat' dir='ltr'>BRUNONIS</span> <span class='ocrx_word' id='word_1_4' title='bbox 1415 144 2063 203; x_wconf 82' lang='lat' dir='ltr'>CARTHUSIANORUM</span> <span class='ocrx_word' id='word_1_5' title='bbox 2102 147 2583 207; x_wconf 83' lang='lat' dir='ltr'>INSTITUTORIS</span> <span class='ocrx_word' id='word_1_6' title='bbox 2623 150 2775 206; x_wconf 87' lang='lat' dir='ltr'>OPP.</span> <span class='ocrx_word' id='word_1_7' title='bbox 2817 150 3011 205; x_wconf 84' lang='lat' dir='ltr'>PARS.</span> <span class='ocrx_word' id='word_1_8' title='bbox 3055 150 3121 203; x_wconf 90' lang='lat' dir='ltr'>II.</span> 
     </span>
    </p>
   </div>
   <div class='ocr_carea' id='block_1_3' title="bbox 3566 151 3668 205">
    <p class='ocr_par' dir='ltr' id='par_1_3' title="bbox 3566 151 3668 205">
     <span class='ocr_line' id='line_1_3' title="bbox 3566 151 3668 205; baseline 0.039 -5"><span class='ocrx_word' id='word_1_9' title='bbox 3566 151 3668 205; x_wconf 72' lang='grc'>132</span> 
     </span>
    </p>
   </div>
   <div class='ocr_carea' id='block_1_4' title="bbox 378 270 3668 346">
    <p class='ocr_par' dir='ltr' id='par_1_4' title="bbox 378 270 3668 346">
     <span class='ocr_line' id='line_1_4' title="bbox 378 270 3668 346; baseline 0 -23"><span class='ocrx_word' id='word_1_10' title='bbox 378 278 560 326; x_wconf 89' lang='lat' dir='ltr'>tamen</span> <span class='ocrx_word' id='word_1_11' title='bbox 580 270 711 343; x_wconf 89' lang='lat' dir='ltr'>ipsis</span> <span class='ocrx_word' id='word_1_12' title='bbox 730 271 932 326; x_wconf 62' lang='lat' dir='ltr'>Judaeis</span> <span class='ocrx_word' id='word_1_13' title='bbox 953 272 1160 327; x_wconf 83' lang='lat' dir='ltr'>vocatis</span> <span class='ocrx_word' id='word_1_14' title='bbox 1189 280 1348 343; x_wconf 89' lang='lat' dir='ltr'>atque</span> <span class='ocrx_word' id='word_1_15' title='bbox 1379 271 1586 327; x_wconf 66' lang='lat' dir='ltr'>Graecis</span> <span class='ocrx_word' id='word_1_16' title='bbox 1617 272 1860 326; x_wconf 78' lang='lat' dir='ltr'>Christus</span> <span class='ocrx_word' id='word_1_17' title='bbox 1883 277 1963 325; x_wconf 89' lang='lat' dir='ltr'>est</span> <span class='ocrx_word' id='word_1_18' title='bbox 1990 270 2046 330; x_wconf 88' lang='lat' dir='ltr'><strong>A</strong></span> <span class='ocrx_word' id='word_1_19' title='bbox 2068 287 2164 341; x_wconf 89' lang='lat' dir='ltr'>per</span> <span class='ocrx_word' id='word_1_20' title='bbox 2185 274 2286 329; x_wconf 91' lang='lat' dir='ltr'>hoc</span> <span class='ocrx_word' id='word_1_21' title='bbox 2315 282 2486 329; x_wconf 90' lang='lat' dir='ltr'>totum</span> <span class='ocrx_word' id='word_1_22' title='bbox 2517 291 2638 330; x_wconf 90' lang='lat' dir='ltr'>esse</span> <span class='ocrx_word' id='word_1_23' title='bbox 2668 292 2732 330; x_wconf 85' lang='lat' dir='ltr'>ex</span> <span class='ocrx_word' id='word_1_24' title='bbox 2764 275 2883 346; x_wconf 92' lang='lat' dir='ltr'>ipso</span> <span class='ocrx_word' id='word_1_25' title='bbox 2924 275 3040 329; x_wconf 91' lang='lat' dir='ltr'>Deo</span> <span class='ocrx_word' id='word_1_26' title='bbox 3060 316 3074 342; x_wconf 89' lang='lat'>,</span> <span class='ocrx_word' id='word_1_27' title='bbox 3110 280 3163 328; x_wconf 93' lang='lat' dir='ltr'>et</span> <span class='ocrx_word' id='word_1_28' title='bbox 3210 272 3344 327; x_wconf 83' lang='lat' dir='ltr'>nihil</span> <span class='ocrx_word' id='word_1_29' title='bbox 3383 289 3448 328; x_wconf 84' lang='lat' dir='ltr'>ex</span> <span class='ocrx_word' id='word_1_30' title='bbox 3478 271 3668 326; x_wconf 90' lang='lat' dir='ltr'>merito</span> 
     </span>
    </p>
   </div>
   <div class='ocr_carea' id='block_1_5' title="bbox 376 359 1975 432">
    <p class='ocr_par' dir='ltr' id='par_1_5' title="bbox 376 359 1975 432">
     <span class='ocr_line' id='line_1_5' title="bbox 376 359 1975 432; baseline -0.001 -18"><span class='ocrx_word' id='word_1_31' title='bbox 376 359 477 415; x_wconf 98' lang='lat' dir='ltr'>Dei</span> <span class='ocrx_word' id='word_1_32' title='bbox 507 359 675 415; x_wconf 89' lang='lat' dir='ltr'>virtus</span> <span class='ocrx_word' id='word_1_33' title='bbox 706 369 757 415; x_wconf 91' lang='lat' dir='ltr'>et</span> <span class='ocrx_word' id='word_1_34' title='bbox 788 360 888 415; x_wconf 90' lang='lat' dir='ltr'>Dei</span> <span class='ocrx_word' id='word_1_35' title='bbox 921 360 1204 431; x_wconf 85' lang='lat' dir='ltr'>sapientia.</span> <span class='ocrx_word' id='word_1_36' title='bbox 1239 361 1485 432; x_wconf 89' lang='lat' dir='ltr'>Sequens</span> <span class='ocrx_word' id='word_1_37' title='bbox 1516 360 1691 415; x_wconf 81' lang='lat' dir='ltr'>littera</span> <span class='ocrx_word' id='word_1_38' title='bbox 1720 376 1826 415; x_wconf 91' lang='lat' dir='ltr'>non</span> <span class='ocrx_word' id='word_1_39' title='bbox 1858 377 1975 414; x_wconf 92' lang='lat' dir='ltr'>mu-</span> 
     </span>
    </p>
   </div>
   <div class='ocr_carea' id='block_1_6' title="bbox 380 450 1979 521">
    <p class='ocr_par' dir='ltr' id='par_1_6' title="bbox 380 450 1979 521">
     <span class='ocr_line' id='line_1_6' title="bbox 380 450 1979 521; baseline 0.001 -20"><span class='ocrx_word' id='word_1_40' title='bbox 380 455 558 515; x_wconf 84' lang='lat' dir='ltr'>tatur;</span> <span class='ocrx_word' id='word_1_41' title='bbox 590 450 841 519; x_wconf 89' lang='lat' dir='ltr'>probavit</span> <span class='ocrx_word' id='word_1_42' title='bbox 869 458 1112 521; x_wconf 78' lang='lat' dir='ltr'>exparte</span> <span class='ocrx_word' id='word_1_43' title='bbox 1160 450 1302 520; x_wconf 91' lang='lat' dir='ltr'>quod</span> <span class='ocrx_word' id='word_1_44' title='bbox 1353 466 1451 521; x_wconf 89' lang='lat' dir='ltr'>per</span> <span class='ocrx_word' id='word_1_45' title='bbox 1480 450 1755 503; x_wconf 78' lang='lat' dir='ltr'>stultitiam</span> <span class='ocrx_word' id='word_1_46' title='bbox 1789 467 1801 502; x_wconf 92' lang='lat'><strong>:</strong></span> <span class='ocrx_word' id='word_1_47' title='bbox 1852 464 1979 502; x_wconf 90' lang='lat' dir='ltr'>nam</span> 
     </span>
    </p>
   </div>
   <div class='ocr_carea' id='block_1_7' title="bbox 376 538 1975 609">
    <p class='ocr_par' dir='ltr' id='par_1_7' title="bbox 376 538 1975 609">
     <span class='ocr_line' id='line_1_7' title="bbox 376 538 1975 609; baseline -0.001 -18"><span class='ocrx_word' id='word_1_48' title='bbox 376 553 478 606; x_wconf 90' lang='lat' dir='ltr'>per</span> <span class='ocrx_word' id='word_1_49' title='bbox 506 538 723 592; x_wconf 88' lang='lat' dir='ltr'>stultam</span> <span class='ocrx_word' id='word_1_50' title='bbox 754 554 868 593; x_wconf 90' lang='lat' dir='ltr'>rem</span> <span class='ocrx_word' id='word_1_51' title='bbox 900 539 1247 609; x_wconf 79' lang='lat' dir='ltr'>praedicatam</span> <span class='ocrx_word' id='word_1_52' title='bbox 1297 538 1635 593; x_wconf 90' lang='lat' dir='ltr'>salvarentur</span> <span class='ocrx_word' id='word_1_53' title='bbox 1665 538 1975 601; x_wconf 85' lang='lat' dir='ltr'>credentes;</span> 
     </span>
    </p>
   </div>
   <div class='ocr_carea' id='block_1_8' title="bbox 375 626 1978 698">
    <p class='ocr_par' dir='ltr' id='par_1_8' title="bbox 375 626 1978 698">
     <span class='ocr_line' id='line_1_8' title="bbox 375 626 1978 698; baseline 0 -19"><span class='ocrx_word' id='word_1_54' title='bbox 375 627 571 696; x_wconf 88' lang='lat' dir='ltr'>probat</span> <span class='ocrx_word' id='word_1_55' title='bbox 600 642 745 682; x_wconf 91' lang='lat' dir='ltr'>nunc</span> <span class='ocrx_word' id='word_1_56' title='bbox 774 627 938 681; x_wconf 87' lang='lat' dir='ltr'>aliam</span> <span class='ocrx_word' id='word_1_57' title='bbox 969 635 1179 696; x_wconf 89' lang='lat' dir='ltr'>partem</span> <span class='ocrx_word' id='word_1_58' title='bbox 1211 627 1436 693; x_wconf 88' lang='lat' dir='ltr'>scilicet,</span> <span class='ocrx_word' id='word_1_59' title='bbox 1486 627 1629 698; x_wconf 91' lang='lat' dir='ltr'>quod</span> <span class='ocrx_word' id='word_1_60' title='bbox 1660 642 1759 697; x_wconf 89' lang='lat' dir='ltr'>per</span> <span class='ocrx_word' id='word_1_61' title='bbox 1790 626 1978 679; x_wconf 90' lang='lat' dir='ltr'>stultos</span> 
     </span>
    </p>
   </div>
   <div class='ocr_carea' id='block_1_9' title="bbox 372 715 1979 784">
    <p class='ocr_par' dir='ltr' id='par_1_9' title="bbox 372 715 1979 784">
     <span class='ocr_line' id='line_1_9' title="bbox 372 715 1979 784; baseline 0 -14"><span class='ocrx_word' id='word_1_62' title='bbox 372 715 764 784; x_wconf 63' lang='lat' dir='ltr'>praedicatores</span> <span class='ocrx_word' id='word_1_63' title='bbox 786 715 1075 771; x_wconf 88' lang='lat' dir='ltr'>salvaverit</span> <span class='ocrx_word' id='word_1_64' title='bbox 1096 716 1241 770; x_wconf 91' lang='lat' dir='ltr'>Deus</span> <span class='ocrx_word' id='word_1_65' title='bbox 1270 717 1575 781; x_wconf 82' lang='lat' dir='ltr'>credentes,</span> <span class='ocrx_word' id='word_1_66' title='bbox 1600 715 1787 771; x_wconf 89' lang='lat' dir='ltr'>dicens</span> <span class='ocrx_word' id='word_1_67' title='bbox 1808 732 1821 769; x_wconf 89' lang='lat'><strong>:</strong></span> <span class='ocrx_word' id='word_1_68' title='bbox 1841 715 1979 770; x_wconf 85' lang='lat' dir='ltr'>Vere</span> 
     </span>
    </p>
   </div>
   <div class='ocr_carea' id='block_1_10' title="bbox 376 804 1587 873">
    <p class='ocr_par' dir='ltr' id='par_1_10' title="bbox 376 804 1587 873">
     <span class='ocr_line' id='line_1_10' title="bbox 376 804 1587 873; baseline 0.001 -16"><span class='ocrx_word' id='word_1_69' title='bbox 376 819 475 873; x_wconf 89' lang='lat' dir='ltr'>per</span> <span class='ocrx_word' id='word_1_70' title='bbox 504 804 781 858; x_wconf 85' lang='lat' dir='ltr'>stultitiam</span> <span class='ocrx_word' id='word_1_71' title='bbox 814 804 1043 859; x_wconf 88' lang='lat' dir='ltr'>salvavit</span> <span class='ocrx_word' id='word_1_72' title='bbox 1084 806 1232 859; x_wconf 87' lang='lat' dir='ltr'>Deus</span> <span class='ocrx_word' id='word_1_73' title='bbox 1279 804 1587 860; x_wconf 88' lang='lat' dir='ltr'>credentes.</span> 
     </span>
    </p>
   </div>
   <div class='ocr_carea' id='block_1_11' title="bbox 466 893 1979 961">
    <p class='ocr_par' dir='ltr' id='par_1_11' title="bbox 466 893 1979 961">
     <span class='ocr_line' id='line_1_11' title="bbox 466 893 1979 961; baseline -0.002 -14"><span class='ocrx_word' id='word_1_74' title='bbox 466 893 651 947; x_wconf 84' lang='lat' dir='ltr'>Videte</span> <span class='ocrx_word' id='word_1_75' title='bbox 680 895 832 948; x_wconf 82' lang='lat' dir='ltr'>enim</span> <span class='ocrx_word' id='word_1_76' title='bbox 863 894 1229 961; x_wconf 83' lang='lat' dir='ltr'>vocationem,</span> <span class='ocrx_word' id='word_1_77' title='bbox 1262 894 1315 947; x_wconf 90' lang='lat' dir='ltr'>id</span> <span class='ocrx_word' id='word_1_78' title='bbox 1347 901 1428 947; x_wconf 90' lang='lat' dir='ltr'>est</span> <span class='ocrx_word' id='word_1_79' title='bbox 1454 900 1737 948; x_wconf 88' lang='lat' dir='ltr'>vocatores</span> <span class='ocrx_word' id='word_1_80' title='bbox 1766 899 1979 947; x_wconf 89' lang='lat' dir='ltr'>vestros</span> 
     </span>
    </p>
   </div>
   <div class='ocr_carea' id='block_1_12' title="bbox 377 980 1980 1052">
    <p class='ocr_par' dir='ltr' id='par_1_12' title="bbox 377 980 1980 1052">
     <span class='ocr_line' id='line_1_12' title="bbox 377 980 1980 1052; baseline -0.001 -17"><span class='ocrx_word' id='word_1_81' title='bbox 377 997 477 1051; x_wconf 92' lang='lat' dir='ltr'>per</span> <span class='ocrx_word' id='word_1_82' title='bbox 505 997 642 1052; x_wconf 89' lang='lat' dir='ltr'>quos</span> <span class='ocrx_word' id='word_1_83' title='bbox 676 982 745 1035; x_wconf 92' lang='lat' dir='ltr'>ad</span> <span class='ocrx_word' id='word_1_84' title='bbox 777 980 946 1035; x_wconf 88' lang='lat' dir='ltr'>ﬁdem</span> <span class='ocrx_word' id='word_1_85' title='bbox 977 982 1151 1037; x_wconf 82' lang='lat' dir='ltr'>vocati</span> <span class='ocrx_word' id='word_1_86' title='bbox 1181 981 1330 1036; x_wconf 87' lang='lat' dir='ltr'>estis.</span> <span class='ocrx_word' id='word_1_87' title='bbox 1364 983 1497 1047; x_wconf 91' lang='lat' dir='ltr'>Hoc,</span> <span class='ocrx_word' id='word_1_88' title='bbox 1533 982 1771 1052; x_wconf 90' lang='lat' dir='ltr'>inquam,</span> <span class='ocrx_word' id='word_1_89' title='bbox 1803 981 1980 1035; x_wconf 86' lang='lat' dir='ltr'>videte</span> 
     </span>
    </p>
   </div>
   <div class='ocr_carea' id='block_1_13' title="bbox 380 1070 1980 1142">
    <p class='ocr_par' dir='ltr' id='par_1_13' title="bbox 380 1070 1980 1142">
     <span class='ocr_line' id='line_1_13' title="bbox 380 1070 1980 1142; baseline -0.001 -18"><span class='ocrx_word' id='word_1_90' title='bbox 380 1070 449 1124; x_wconf 90' lang='lat' dir='ltr'>de</span> <span class='ocrx_word' id='word_1_91' title='bbox 470 1070 583 1137; x_wconf 87' lang='lat' dir='ltr'>eis;</span> <span class='ocrx_word' id='word_1_92' title='bbox 607 1073 738 1142; x_wconf 97' lang='lat' dir='ltr'>quia</span> <span class='ocrx_word' id='word_1_93' title='bbox 767 1087 879 1125; x_wconf 89' lang='lat' dir='ltr'>non</span> <span class='ocrx_word' id='word_1_94' title='bbox 900 1071 1077 1125; x_wconf 85' lang='lat' dir='ltr'>multi</span> <span class='ocrx_word' id='word_1_95' title='bbox 1098 1072 1404 1141; x_wconf 77' lang='lat' dir='ltr'>sapientes,</span> <span class='ocrx_word' id='word_1_96' title='bbox 1429 1077 1706 1125; x_wconf 84' lang='lat' dir='ltr'>etcaetera.</span> <span class='ocrx_word' id='word_1_97' title='bbox 1739 1070 1843 1124; x_wconf 85' lang='lat' dir='ltr'>Sed</span> <span class='ocrx_word' id='word_1_98' title='bbox 1860 1085 1980 1141; x_wconf 77' lang='lat' dir='ltr'>qua:</span> 
     </span>
    </p>
   </div>
   <div class='ocr_carea' id='block_1_14' title="bbox 380 1158 1980 1228">
    <p class='ocr_par' dir='ltr' id='par_1_14' title="bbox 380 1158 1980 1228">
     <span class='ocr_line' id='line_1_14' title="bbox 380 1158 1980 1228; baseline -0.001 -15"><span class='ocrx_word' id='word_1_99' title='bbox 380 1160 563 1213; x_wconf 90' lang='lat' dir='ltr'>stulta</span> <span class='ocrx_word' id='word_1_100' title='bbox 592 1163 731 1213; x_wconf 84' lang='lat' dir='ltr'>sunt</span> <span class='ocrx_word' id='word_1_101' title='bbox 758 1160 926 1228; x_wconf 83' lang='lat' dir='ltr'>elegit</span> <span class='ocrx_word' id='word_1_102' title='bbox 954 1161 1098 1214; x_wconf 90' lang='lat' dir='ltr'>Deus</span> <span class='ocrx_word' id='word_1_103' title='bbox 1131 1159 1186 1212; x_wconf 93' lang='lat' dir='ltr'>in</span> <span class='ocrx_word' id='word_1_104' title='bbox 1213 1158 1513 1213; x_wconf 90' lang='lat' dir='ltr'>ministerio</span> <span class='ocrx_word' id='word_1_105' title='bbox 1556 1158 1857 1213; x_wconf 91' lang='lat' dir='ltr'>vocationis</span> <span class='ocrx_word' id='word_1_106' title='bbox 1888 1174 1980 1211; x_wconf 89' lang='lat' dir='ltr'>ve-</span> 
     </span>
    </p>
   </div>
   <div class='ocr_carea' id='block_1_15' title="bbox 382 1246 1981 1318">
    <p class='ocr_par' dir='ltr' id='par_1_15' title="bbox 382 1246 1981 1318">
     <span class='ocr_line' id='line_1_15' title="bbox 382 1246 1981 1318; baseline 0.001 -18"><span class='ocrx_word' id='word_1_107' title='bbox 382 1255 530 1301; x_wconf 61' lang='lat' dir='ltr'>strae.</span> <span class='ocrx_word' id='word_1_108' title='bbox 561 1247 660 1302; x_wconf 85' lang='lat' dir='ltr'>Vel</span> <span class='ocrx_word' id='word_1_109' title='bbox 690 1248 762 1301; x_wconf 90' lang='lat' dir='ltr'>ita</span> <span class='ocrx_word' id='word_1_110' title='bbox 784 1247 1031 1318; x_wconf 84' lang='lat' dir='ltr'>jungitur</span> <span class='ocrx_word' id='word_1_111' title='bbox 1061 1247 1131 1301; x_wconf 90' lang='lat' dir='ltr'>ad</span> <span class='ocrx_word' id='word_1_112' title='bbox 1175 1247 1498 1317; x_wconf 89' lang='lat' dir='ltr'>proximum.</span> <span class='ocrx_word' id='word_1_113' title='bbox 1547 1248 1685 1301; x_wconf 85' lang='lat' dir='ltr'>Vere</span> <span class='ocrx_word' id='word_1_114' title='bbox 1712 1246 1845 1300; x_wconf 92' lang='lat' dir='ltr'>illud</span> <span class='ocrx_word' id='word_1_115' title='bbox 1884 1246 1981 1301; x_wconf 88' lang='lat' dir='ltr'>Dei</span> 
     </span>
    </p>
   </div>
   <div class='ocr_carea' id='block_1_16' title="bbox 384 1336 1980 1408">
    <p class='ocr_par' dir='ltr' id='par_1_16' title="bbox 384 1336 1980 1408">
     <span class='ocr_line' id='line_1_16' title="bbox 384 1336 1980 1408; baseline 0.001 -19"><span class='ocrx_word' id='word_1_116' title='bbox 384 1336 526 1408; x_wconf 88' lang='lat' dir='ltr'>quod</span> <span class='ocrx_word' id='word_1_117' title='bbox 538 1337 786 1390; x_wconf 87' lang='lat' dir='ltr'>stultum</span> <span class='ocrx_word' id='word_1_118' title='bbox 817 1344 871 1389; x_wconf 82' lang='lat' dir='ltr'>et</span> <span class='ocrx_word' id='word_1_119' title='bbox 895 1336 1189 1403; x_wconf 82' lang='lat' dir='ltr'>inﬁrmum</span> <span class='ocrx_word' id='word_1_120' title='bbox 1220 1340 1323 1399; x_wconf 88' lang='lat' dir='ltr'>est,</span> <span class='ocrx_word' id='word_1_121' title='bbox 1352 1336 1667 1407; x_wconf 72' lang='lat' dir='ltr'>sapientius</span> <span class='ocrx_word' id='word_1_122' title='bbox 1694 1340 1749 1390; x_wconf 90' lang='lat' dir='ltr'>et</span> <span class='ocrx_word' id='word_1_123' title='bbox 1772 1336 1980 1405; x_wconf 77' lang='lat' dir='ltr'>fortius</span> 
     </span>
    </p>
   </div>
   <div class='ocr_carea' id='block_1_17' title="bbox 377 1423 1982 1489">
    <p class='ocr_par' dir='ltr' id='par_1_17' title="bbox 377 1423 1982 1489">
     <span class='ocr_line' id='line_1_17' title="bbox 377 1423 1982 1489; baseline -0.001 -11"><span class='ocrx_word' id='word_1_124' title='bbox 377 1427 460 1478; x_wconf 87' lang='lat' dir='ltr'>est</span> <span class='ocrx_word' id='word_1_125' title='bbox 476 1424 817 1479; x_wconf 86' lang='lat' dir='ltr'>hominibus.</span> <span class='ocrx_word' id='word_1_126' title='bbox 834 1424 969 1477; x_wconf 83' lang='lat' dir='ltr'>Nam</span> <span class='ocrx_word' id='word_1_127' title='bbox 988 1424 1149 1478; x_wconf 91' lang='lat' dir='ltr'>modo</span> <span class='ocrx_word' id='word_1_128' title='bbox 1162 1423 1342 1479; x_wconf 82' lang='lat' dir='ltr'>videte</span> <span class='ocrx_word' id='word_1_129' title='bbox 1357 1432 1641 1478; x_wconf 90' lang='lat' dir='ltr'>vocatores</span> <span class='ocrx_word' id='word_1_130' title='bbox 1652 1430 1886 1489; x_wconf 89' lang='lat' dir='ltr'>vestros,</span> <span class='ocrx_word' id='word_1_131' title='bbox 1906 1423 1982 1476; x_wconf 89' lang='lat' dir='ltr'>in-</span> 
     </span>
    </p>
   </div>
   <div class='ocr_carea' id='block_1_18' title="bbox 375 1511 1981 1567">
    <p class='ocr_par' dir='ltr' id='par_1_18' title="bbox 375 1511 1981 1567">
     <span class='ocr_line' id='line_1_18' title="bbox 375 1511 1981 1567; baseline 0 -1"><span class='ocrx_word' id='word_1_132' title='bbox 375 1512 602 1567; x_wconf 90' lang='lat' dir='ltr'>venietis</span> <span class='ocrx_word' id='word_1_133' title='bbox 635 1527 729 1567; x_wconf 90' lang='lat' dir='ltr'>eos</span> <span class='ocrx_word' id='word_1_134' title='bbox 760 1511 953 1566; x_wconf 92' lang='lat' dir='ltr'>stultos</span> <span class='ocrx_word' id='word_1_135' title='bbox 984 1519 1035 1566; x_wconf 89' lang='lat' dir='ltr'>et</span> <span class='ocrx_word' id='word_1_136' title='bbox 1081 1511 1345 1567; x_wconf 87' lang='lat' dir='ltr'>infirmos.</span> <span class='ocrx_word' id='word_1_137' title='bbox 1399 1514 1466 1566; x_wconf 86' lang='lat' dir='ltr'>Et</span> <span class='ocrx_word' id='word_1_138' title='bbox 1498 1513 1798 1567; x_wconf 89' lang='lat' dir='ltr'>secundum</span> <span class='ocrx_word' id='word_1_139' title='bbox 1839 1513 1981 1567; x_wconf 88' lang='lat' dir='ltr'>hanc</span> 
     </span>
    </p>
   </div>
   <div class='ocr_carea' id='block_1_19' title="bbox 2079 362 2380 419">
    <p class='ocr_par' dir='ltr' id='par_1_19' title="bbox 2079 362 2380 419">
     <span class='ocr_line' id='line_1_19' title="bbox 2079 362 2380 419; baseline 0.01 -3"><span class='ocrx_word' id='word_1_140' title='bbox 2079 362 2357 417; x_wconf 89' lang='lat' dir='ltr'>doctorum</span> <span class='ocrx_word' id='word_1_141' title='bbox 2368 407 2380 419; x_wconf 95' lang='lat'>.</span> 
     </span>
    </p>
   </div>
   <div class='ocr_carea' id='block_1_20' title="bbox 2150 446 3665 523">
    <p class='ocr_par' dir='ltr' id='par_1_20' title="bbox 2150 446 3665 523">
     <span class='ocr_line' id='line_1_20' title="bbox 2150 446 3665 523; baseline -0.001 -18"><span class='ocrx_word' id='word_1_142' title='bbox 2150 452 2248 508; x_wconf 90' lang='lat' dir='ltr'>Hic</span> <span class='ocrx_word' id='word_1_143' title='bbox 2276 453 2474 523; x_wconf 89' lang='lat' dir='ltr'>optime</span> <span class='ocrx_word' id='word_1_144' title='bbox 2505 453 2878 509; x_wconf 87' lang='lat' dir='ltr'>consideratur</span> <span class='ocrx_word' id='word_1_145' title='bbox 2909 452 3132 509; x_wconf 61' lang='lat' dir='ltr'>effectus</span> <span class='ocrx_word' id='word_1_146' title='bbox 3166 450 3401 506; x_wconf 67' lang='lat' dir='ltr'>stultitiae</span> <span class='ocrx_word' id='word_1_147' title='bbox 3430 457 3481 504; x_wconf 93' lang='lat' dir='ltr'>et</span> <span class='ocrx_word' id='word_1_148' title='bbox 3514 446 3665 503; x_wconf 85' lang='lat' dir='ltr'>inﬁr—</span> 
     </span>
    </p>
   </div>
   <div class='ocr_carea' id='block_1_21' title="bbox 2077 538 3675 613">
    <p class='ocr_par' dir='ltr' id='par_1_21' title="bbox 2077 538 3675 613">
     <span class='ocr_line' id='line_1_21' title="bbox 2077 538 3675 613; baseline 0 -20"><span class='ocrx_word' id='word_1_149' title='bbox 2077 540 2293 594; x_wconf 87' lang='lat' dir='ltr'>mitatis.</span> <span class='ocrx_word' id='word_1_150' title='bbox 2368 542 2493 611; x_wconf 89' lang='lat' dir='ltr'>Vos,</span> <span class='ocrx_word' id='word_1_151' title='bbox 2542 542 2778 613; x_wconf 89' lang='lat' dir='ltr'>inquam,</span> <span class='ocrx_word' id='word_1_152' title='bbox 2843 542 2975 595; x_wconf 86' lang='lat' dir='ltr'>estis</span> <span class='ocrx_word' id='word_1_153' title='bbox 3021 542 3075 594; x_wconf 91' lang='lat' dir='ltr'>in</span> <span class='ocrx_word' id='word_1_154' title='bbox 3124 540 3338 595; x_wconf 87' lang='lat' dir='ltr'>Christo</span> <span class='ocrx_word' id='word_1_155' title='bbox 3379 540 3528 602; x_wconf 87' lang='lat' dir='ltr'>Jesu,</span> <span class='ocrx_word' id='word_1_156' title='bbox 3580 538 3675 609; x_wconf 84' lang='lat' dir='ltr'>qui</span> 
     </span>
    </p>
   </div>
   <div class='ocr_carea' id='block_1_22' title="bbox 2080 627 3672 701">
    <p class='ocr_par' dir='ltr' id='par_1_22' title="bbox 2080 627 3672 701">
     <span class='ocr_line' id='line_1_22' title="bbox 2080 627 3672 701; baseline -0.001 -20"><span class='ocrx_word' id='word_1_157' title='bbox 2080 629 2324 682; x_wconf 89' lang='lat' dir='ltr'>Christus</span> <span class='ocrx_word' id='word_1_158' title='bbox 2345 634 2533 701; x_wconf 82' lang='lat' dir='ltr'>factus</span> <span class='ocrx_word' id='word_1_159' title='bbox 2563 635 2647 685; x_wconf 86' lang='lat' dir='ltr'>est</span> <span class='ocrx_word' id='word_1_160' title='bbox 2686 630 2839 685; x_wconf 87' lang='lat' dir='ltr'>nobis</span> <span class='ocrx_word' id='word_1_161' title='bbox 2871 632 3151 701; x_wconf 78' lang='lat' dir='ltr'>sapientia</span> <span class='ocrx_word' id='word_1_162' title='bbox 3171 646 3205 683; x_wconf 86' lang='grc' dir='ltr'><strong><em>(ι</em></strong></span> <span class='ocrx_word' id='word_1_163' title='bbox 3226 629 3349 692; x_wconf 89' lang='lat' dir='ltr'>Deo,</span> <span class='ocrx_word' id='word_1_164' title='bbox 3375 627 3496 698; x_wconf 89' lang='lat' dir='ltr'>quia</span> <span class='ocrx_word' id='word_1_165' title='bbox 3526 628 3672 680; x_wconf 90' lang='lat' dir='ltr'>Deus</span> 
     </span>
    </p>
   </div>
   <div class='ocr_carea' id='block_1_23' title="bbox 2077 715 3673 787">
    <p class='ocr_par' dir='ltr' id='par_1_23' title="bbox 2077 715 3673 787">
     <span class='ocr_line' id='line_1_23' title="bbox 2077 715 3673 787; baseline -0.003 -16"><span class='ocrx_word' id='word_1_166' title='bbox 2077 733 2178 787; x_wconf 90' lang='lat' dir='ltr'>per</span> <span class='ocrx_word' id='word_1_167' title='bbox 2226 719 2499 773; x_wconf 87' lang='lat' dir='ltr'>Christum</span> <span class='ocrx_word' id='word_1_168' title='bbox 2547 719 2821 773; x_wconf 87' lang='lat' dir='ltr'>instruens</span> <span class='ocrx_word' id='word_1_169' title='bbox 2867 735 2985 786; x_wconf 90' lang='lat' dir='ltr'>nos,</span> <span class='ocrx_word' id='word_1_170' title='bbox 3039 716 3212 772; x_wconf 83' lang='lat' dir='ltr'>effecit</span> <span class='ocrx_word' id='word_1_171' title='bbox 3252 732 3353 770; x_wconf 92' lang='lat' dir='ltr'>nos</span> <span class='ocrx_word' id='word_1_172' title='bbox 3401 715 3673 786; x_wconf 83' lang='lat' dir='ltr'>sapientes</span> 
     </span>
    </p>
   </div>
   <div class='ocr_carea' id='block_1_24' title="bbox 2078 804 3673 877">
    <p class='ocr_par' dir='ltr' id='par_1_24' title="bbox 2078 804 3673 877">
     <span class='ocr_line' id='line_1_24' title="bbox 2078 804 3673 877; baseline -0.003 -18"><span class='ocrx_word' id='word_1_173' title='bbox 2078 806 2498 862; x_wconf 88' lang='lat' dir='ltr'>ministeriorum</span> <span class='ocrx_word' id='word_1_174' title='bbox 2530 808 2667 873; x_wconf 84' lang='lat' dir='ltr'>Dei;</span> <span class='ocrx_word' id='word_1_175' title='bbox 2701 816 2752 861; x_wconf 92' lang='lat' dir='ltr'>et</span> <span class='ocrx_word' id='word_1_176' title='bbox 2782 816 2837 861; x_wconf 89' lang='lat' dir='ltr'>ut</span> <span class='ocrx_word' id='word_1_177' title='bbox 2869 807 3139 877; x_wconf 87' lang='lat' dir='ltr'>sapientes</span> <span class='ocrx_word' id='word_1_178' title='bbox 3190 804 3446 869; x_wconf 77' lang='lat' dir='ltr'>efficeret,</span> <span class='ocrx_word' id='word_1_179' title='bbox 3502 804 3673 858; x_wconf 85' lang='lat' dir='ltr'>factus</span> 
     </span>
    </p>
   </div>
   <div class='ocr_carea' id='block_1_25' title="bbox 2080 892 3673 966">
    <p class='ocr_par' dir='ltr' id='par_1_25' title="bbox 2080 892 3673 966">
     <span class='ocr_line' id='line_1_25' title="bbox 2080 892 3673 966; baseline -0.003 -17"><span class='ocrx_word' id='word_1_180' title='bbox 2080 904 2159 949; x_wconf 92' lang='lat' dir='ltr'>est</span> <span class='ocrx_word' id='word_1_181' title='bbox 2190 896 2347 950; x_wconf 93' lang='lat' dir='ltr'>nobis</span> <span class='ocrx_word' id='word_1_182' title='bbox 2370 897 2625 966; x_wconf 82' lang='lat' dir='ltr'>justitia,</span> <span class='ocrx_word' id='word_1_183' title='bbox 2655 896 2855 950; x_wconf 89' lang='lat' dir='ltr'>faciens</span> <span class='ocrx_word' id='word_1_184' title='bbox 2888 911 2987 950; x_wconf 92' lang='lat' dir='ltr'>nos</span> <span class='ocrx_word' id='word_1_185' title='bbox 3033 896 3214 950; x_wconf 86' lang='lat' dir='ltr'>vivere</span> <span class='ocrx_word' id='word_1_186' title='bbox 3243 894 3297 947; x_wconf 91' lang='lat' dir='ltr'>in</span> <span class='ocrx_word' id='word_1_187' title='bbox 3330 892 3535 962; x_wconf 88' lang='lat' dir='ltr'>justitia</span> <span class='ocrx_word' id='word_1_188' title='bbox 3564 892 3673 945; x_wconf 90' lang='lat' dir='ltr'>vir-</span> 
     </span>
    </p>
   </div>
   <div class='ocr_carea' id='block_1_26' title="bbox 2080 982 3680 1052">
    <p class='ocr_par' dir='ltr' id='par_1_26' title="bbox 2080 982 3680 1052">
     <span class='ocr_line' id='line_1_26' title="bbox 2080 982 3680 1052; baseline -0.003 -14"><span class='ocrx_word' id='word_1_189' title='bbox 2080 992 2275 1038; x_wconf 86' lang='lat' dir='ltr'>tutum.</span> <span class='ocrx_word' id='word_1_190' title='bbox 2316 986 2383 1039; x_wconf 89' lang='lat' dir='ltr'>Ut</span> <span class='ocrx_word' id='word_1_191' title='bbox 2422 993 2600 1038; x_wconf 86' lang='lat' dir='ltr'>autcm</span> <span class='ocrx_word' id='word_1_192' title='bbox 2652 984 2705 1037; x_wconf 93' lang='lat' dir='ltr'>in</span> <span class='ocrx_word' id='word_1_193' title='bbox 2744 984 2953 1052; x_wconf 89' lang='lat' dir='ltr'>justitia</span> <span class='ocrx_word' id='word_1_194' title='bbox 3002 983 3325 1047; x_wconf 84' lang='lat' dir='ltr'>viveremus,</span> <span class='ocrx_word' id='word_1_195' title='bbox 3378 982 3552 1036; x_wconf 87' lang='lat' dir='ltr'>factus</span> <span class='ocrx_word' id='word_1_196' title='bbox 3597 988 3680 1034; x_wconf 91' lang='lat' dir='ltr'>est</span> 
     </span>
    </p>
   </div>
   <div class='ocr_carea' id='block_1_27' title="bbox 2080 1068 3676 1141">
    <p class='ocr_par' dir='ltr' id='par_1_27' title="bbox 2080 1068 3676 1141">
     <span class='ocr_line' id='line_1_27' title="bbox 2080 1068 3676 1141; baseline -0.003 -16"><span class='ocrx_word' id='word_1_197' title='bbox 2080 1073 2235 1126; x_wconf 91' lang='lat' dir='ltr'>nobis</span> <span class='ocrx_word' id='word_1_198' title='bbox 2282 1074 2682 1141; x_wconf 82' lang='lat' dir='ltr'>sanctiﬁcatio.</span> <span class='ocrx_word' id='word_1_199' title='bbox 2737 1071 3102 1127; x_wconf 84' lang='lat' dir='ltr'>Sanctificavit</span> <span class='ocrx_word' id='word_1_200' title='bbox 3151 1072 3295 1125; x_wconf 92' lang='lat' dir='ltr'>enim</span> <span class='ocrx_word' id='word_1_201' title='bbox 3343 1086 3444 1124; x_wconf 91' lang='lat' dir='ltr'>nos</span> <span class='ocrx_word' id='word_1_202' title='bbox 3490 1068 3676 1123; x_wconf 91' lang='lat' dir='ltr'>remit-</span> 
     </span>
    </p>
   </div>
   <div class='ocr_carea' id='block_1_28' title="bbox 2079 1158 3681 1231">
    <p class='ocr_par' dir='ltr' id='par_1_28' title="bbox 2079 1158 3681 1231">
     <span class='ocr_line' id='line_1_28' title="bbox 2079 1158 3681 1231; baseline -0.002 -17"><span class='ocrx_word' id='word_1_203' title='bbox 2079 1161 2243 1215; x_wconf 90' lang='lat' dir='ltr'>tendo</span> <span class='ocrx_word' id='word_1_204' title='bbox 2286 1170 2554 1231; x_wconf 83' lang='lat' dir='ltr'>peccata;</span> <span class='ocrx_word' id='word_1_205' title='bbox 2602 1169 2653 1215; x_wconf 91' lang='lat' dir='ltr'>et</span> <span class='ocrx_word' id='word_1_206' title='bbox 2687 1169 2745 1215; x_wconf 90' lang='lat' dir='ltr'>ut</span> <span class='ocrx_word' id='word_1_207' title='bbox 2817 1158 3202 1225; x_wconf 86' lang='lat' dir='ltr'>sanctificaret,</span> <span class='ocrx_word' id='word_1_208' title='bbox 3251 1160 3419 1214; x_wconf 88' lang='lat' dir='ltr'>factus</span> <span class='ocrx_word' id='word_1_209' title='bbox 3466 1165 3548 1212; x_wconf 89' lang='lat' dir='ltr'>est</span> <span class='ocrx_word' id='word_1_210' title='bbox 3594 1172 3681 1211; x_wconf 89' lang='lat' dir='ltr'>re-</span> 
     </span>
    </p>
   </div>
   <div class='ocr_carea' id='block_1_29' title="bbox 2082 1245 3683 1321">
    <p class='ocr_par' dir='ltr' id='par_1_29' title="bbox 2082 1245 3683 1321">
     <span class='ocr_line' id='line_1_29' title="bbox 2082 1245 3683 1321; baseline -0.002 -18"><span class='ocrx_word' id='word_1_211' title='bbox 2082 1249 2344 1321; x_wconf 84' lang='lat' dir='ltr'>demptio,</span> <span class='ocrx_word' id='word_1_212' title='bbox 2396 1249 2447 1302; x_wconf 92' lang='lat' dir='ltr'>id</span> <span class='ocrx_word' id='word_1_213' title='bbox 2500 1258 2581 1304; x_wconf 91' lang='lat' dir='ltr'>est</span> <span class='ocrx_word' id='word_1_214' title='bbox 2633 1249 2779 1304; x_wconf 88' lang='lat' dir='ltr'>dedit</span> <span class='ocrx_word' id='word_1_215' title='bbox 2826 1250 3055 1319; x_wconf 91' lang='lat' dir='ltr'>pretium</span> <span class='ocrx_word' id='word_1_216' title='bbox 3103 1247 3383 1319; x_wconf 85' lang='lat' dir='ltr'>sanguinis</span> <span class='ocrx_word' id='word_1_217' title='bbox 3431 1245 3533 1306; x_wconf 86' lang='lat' dir='ltr'>sui,</span> <span class='ocrx_word' id='word_1_218' title='bbox 3575 1260 3683 1316; x_wconf 88' lang='lat' dir='ltr'>quo</span> 
     </span>
    </p>
   </div>
   <div class='ocr_carea' id='block_1_30' title="bbox 2079 1333 3679 1408">
    <p class='ocr_par' dir='ltr' id='par_1_30' title="bbox 2079 1333 3679 1408">
     <span class='ocr_line' id='line_1_30' title="bbox 2079 1333 3679 1408; baseline -0.004 -17"><span class='ocrx_word' id='word_1_219' title='bbox 2079 1355 2179 1392; x_wconf 94' lang='lat' dir='ltr'>nos</span> <span class='ocrx_word' id='word_1_220' title='bbox 2210 1339 2522 1402; x_wconf 85' lang='lat' dir='ltr'>redimeret,</span> <span class='ocrx_word' id='word_1_221' title='bbox 2573 1346 2629 1391; x_wconf 88' lang='lat' dir='ltr'>ut</span> <span class='ocrx_word' id='word_1_222' title='bbox 2674 1338 2987 1408; x_wconf 91' lang='lat' dir='ltr'>redemptos</span> <span class='ocrx_word' id='word_1_223' title='bbox 3036 1334 3437 1399; x_wconf 84' lang='lat' dir='ltr'>sanctificaret;</span> <span class='ocrx_word' id='word_1_224' title='bbox 3472 1333 3679 1388; x_wconf 88' lang='lat' dir='ltr'>sancti-</span> 
     </span>
    </p>
   </div>
   <div class='ocr_carea' id='block_1_31' title="bbox 2079 1422 3682 1495">
    <p class='ocr_par' dir='ltr' id='par_1_31' title="bbox 2079 1422 3682 1495">
     <span class='ocr_line' id='line_1_31' title="bbox 2079 1422 3682 1495; baseline -0.003 -16"><span class='ocrx_word' id='word_1_225' title='bbox 2079 1426 2263 1481; x_wconf 90' lang='lat' dir='ltr'>ficatos</span> <span class='ocrx_word' id='word_1_226' title='bbox 2292 1427 2346 1480; x_wconf 91' lang='lat' dir='ltr'>in</span> <span class='ocrx_word' id='word_1_227' title='bbox 2372 1426 2579 1495; x_wconf 90' lang='lat' dir='ltr'>justitia</span> <span class='ocrx_word' id='word_1_228' title='bbox 2609 1425 2864 1480; x_wconf 91' lang='lat' dir='ltr'>virtutum</span> <span class='ocrx_word' id='word_1_229' title='bbox 2913 1424 3272 1489; x_wconf 86' lang='lat' dir='ltr'>confirmaret,</span> <span class='ocrx_word' id='word_1_230' title='bbox 3305 1432 3357 1478; x_wconf 94' lang='lat' dir='ltr'>et</span> <span class='ocrx_word' id='word_1_231' title='bbox 3386 1423 3441 1476; x_wconf 89' lang='lat' dir='ltr'>in</span> <span class='ocrx_word' id='word_1_232' title='bbox 3478 1422 3682 1491; x_wconf 89' lang='lat' dir='ltr'>justitia</span> 
     </span>
    </p>
   </div>
   <div class='ocr_carea' id='block_1_32' title="bbox 2081 1510 3682 1585">
    <p class='ocr_par' dir='ltr' id='par_1_32' title="bbox 2081 1510 3682 1585">
     <span class='ocr_line' id='line_1_32' title="bbox 2081 1510 3682 1585; baseline -0.002 -18"><span class='ocrx_word' id='word_1_233' title='bbox 2081 1516 2420 1570; x_wconf 87' lang='lat' dir='ltr'>manentibus</span> <span class='ocrx_word' id='word_1_234' title='bbox 2470 1515 2789 1585; x_wconf 87' lang='lat' dir='ltr'>sapientiam</span> <span class='ocrx_word' id='word_1_235' title='bbox 2846 1515 3018 1568; x_wconf 90' lang='lat' dir='ltr'>daret.</span> <span class='ocrx_word' id='word_1_236' title='bbox 3094 1515 3225 1568; x_wconf 68' lang='lat' dir='ltr'>Haec</span> <span class='ocrx_word' id='word_1_237' title='bbox 3271 1512 3453 1567; x_wconf 87' lang='lat' dir='ltr'>omnia</span> <span class='ocrx_word' id='word_1_238' title='bbox 3509 1510 3682 1565; x_wconf 90' lang='lat' dir='ltr'>factus</span> 
     </span>
    </p>
   </div>
   <div class='ocr_carea' id='block_1_33' title="bbox 377 1598 3685 1686">
    <p class='ocr_par' dir='ltr' id='par_1_33' title="bbox 377 1598 3685 1686">
     <span class='ocr_line' id='line_1_33' title="bbox 377 1598 3685 1686; baseline -0.001 -33"><span class='ocrx_word' id='word_1_239' title='bbox 377 1599 833 1654; x_wconf 88' lang='lat' dir='ltr'>continuationem</span> <span class='ocrx_word' id='word_1_240' title='bbox 863 1600 995 1653; x_wconf 90' lang='lat' dir='ltr'>illud</span> <span class='ocrx_word' id='word_1_241' title='bbox 1018 1600 1339 1670; x_wconf 91' lang='lat' dir='ltr'>procedens,</span> <span class='ocrx_word' id='word_1_242' title='bbox 1362 1600 1415 1654; x_wconf 92' lang='lat' dir='ltr'>id</span> <span class='ocrx_word' id='word_1_243' title='bbox 1444 1608 1523 1654; x_wconf 88' lang='lat' dir='ltr'>est</span> <span class='ocrx_word' id='word_1_244' title='bbox 1556 1601 1697 1672; x_wconf 88' lang='lat' dir='ltr'>quod</span> <span class='ocrx_word' id='word_1_245' title='bbox 1728 1601 1979 1655; x_wconf 88' lang='lat' dir='ltr'>stultum</span> <span class='ocrx_word' id='word_1_246' title='bbox 2000 1627 2051 1686; x_wconf 85' lang='lat' dir='ltr'><strong>B</strong></span> <span class='ocrx_word' id='word_1_247' title='bbox 2081 1612 2163 1659; x_wconf 90' lang='lat' dir='ltr'>est</span> <span class='ocrx_word' id='word_1_248' title='bbox 2191 1604 2366 1669; x_wconf 92' lang='lat' dir='ltr'>nobis,</span> <span class='ocrx_word' id='word_1_249' title='bbox 2402 1612 2458 1658; x_wconf 91' lang='lat' dir='ltr'>ut</span> <span class='ocrx_word' id='word_1_250' title='bbox 2497 1604 2801 1675; x_wconf 88' lang='lat' dir='ltr'>quicunque</span> <span class='ocrx_word' id='word_1_251' title='bbox 2846 1603 3128 1675; x_wconf 83' lang='lat' dir='ltr'>gloriatur,</span> <span class='ocrx_word' id='word_1_252' title='bbox 3182 1601 3443 1672; x_wconf 86' lang='lat' dir='ltr'>glorietur</span> <span class='ocrx_word' id='word_1_253' title='bbox 3490 1614 3597 1653; x_wconf 91' lang='lat' dir='ltr'>non</span> <span class='ocrx_word' id='word_1_254' title='bbox 3630 1598 3685 1651; x_wconf 93' lang='lat' dir='ltr'>in</span> 
     </span>
    </p>
   </div>
   <div class='ocr_carea' id='block_1_34' title="bbox 378 1689 1995 1760">
    <p class='ocr_par' dir='ltr' id='par_1_34' title="bbox 378 1689 1995 1760">
     <span class='ocr_line' id='line_1_34' title="bbox 378 1689 1995 1760; baseline 0 -17"><span class='ocrx_word' id='word_1_255' title='bbox 378 1692 435 1743; x_wconf 88' lang='lat' dir='ltr'>et</span> <span class='ocrx_word' id='word_1_256' title='bbox 455 1689 750 1757; x_wconf 82' lang='lat' dir='ltr'>inﬁrmum</span> <span class='ocrx_word' id='word_1_257' title='bbox 764 1693 848 1744; x_wconf 90' lang='lat' dir='ltr'>est</span> <span class='ocrx_word' id='word_1_258' title='bbox 862 1690 977 1753; x_wconf 89' lang='lat' dir='ltr'>Dei,</span> <span class='ocrx_word' id='word_1_259' title='bbox 1002 1690 1320 1760; x_wconf 81' lang='lat' dir='ltr'>sapientius</span> <span class='ocrx_word' id='word_1_260' title='bbox 1341 1693 1396 1743; x_wconf 86' lang='lat' dir='ltr'>et</span> <span class='ocrx_word' id='word_1_261' title='bbox 1418 1690 1628 1759; x_wconf 80' lang='lat' dir='ltr'>fortius</span> <span class='ocrx_word' id='word_1_262' title='bbox 1644 1692 1726 1743; x_wconf 90' lang='lat' dir='ltr'>est</span> <span class='ocrx_word' id='word_1_263' title='bbox 1750 1689 1995 1743; x_wconf 82' lang='lat' dir='ltr'>homini-</span> 
     </span>
    </p>
   </div>
   <div class='ocr_carea' id='block_1_35' title="bbox 378 1777 1993 1848">
    <p class='ocr_par' dir='ltr' id='par_1_35' title="bbox 378 1777 1993 1848">
     <span class='ocr_line' id='line_1_35' title="bbox 378 1777 1993 1848; baseline -0.001 -17"><span class='ocrx_word' id='word_1_264' title='bbox 378 1778 496 1835; x_wconf 86' lang='lat' dir='ltr'>bus.</span> <span class='ocrx_word' id='word_1_265' title='bbox 542 1778 762 1848; x_wconf 88' lang='lat' dir='ltr'>respicit</span> <span class='ocrx_word' id='word_1_266' title='bbox 811 1778 881 1831; x_wconf 91' lang='lat' dir='ltr'>ad</span> <span class='ocrx_word' id='word_1_267' title='bbox 931 1778 1399 1847; x_wconf 88' lang='lat' dir='ltr'>comprobandum</span> <span class='ocrx_word' id='word_1_268' title='bbox 1445 1777 1826 1847; x_wconf 61' lang='lat' dir='ltr'>praedicatores</span> <span class='ocrx_word' id='word_1_269' title='bbox 1856 1777 1993 1830; x_wconf 93' lang='lat' dir='ltr'>stul-</span> 
     </span>
    </p>
   </div>
   <div class='ocr_carea' id='block_1_36' title="bbox 378 1865 1993 1935">
    <p class='ocr_par' dir='ltr' id='par_1_36' title="bbox 378 1865 1993 1935">
     <span class='ocr_line' id='line_1_36' title="bbox 378 1865 1993 1935; baseline 0 -16"><span class='ocrx_word' id='word_1_270' title='bbox 378 1873 463 1921; x_wconf 91' lang='lat' dir='ltr'>tos</span> <span class='ocrx_word' id='word_1_271' title='bbox 493 1865 660 1920; x_wconf 90' lang='lat' dir='ltr'>fuisse</span> <span class='ocrx_word' id='word_1_272' title='bbox 686 1884 700 1933; x_wconf 88' lang='lat'><strong>;</strong></span> <span class='ocrx_word' id='word_1_273' title='bbox 731 1866 869 1921; x_wconf 89' lang='lat' dir='ltr'>sicut</span> <span class='ocrx_word' id='word_1_274' title='bbox 896 1866 951 1920; x_wconf 91' lang='lat' dir='ltr'>in</span> <span class='ocrx_word' id='word_1_275' title='bbox 982 1866 1313 1935; x_wconf 75' lang='lat' dir='ltr'>praecedenti</span> <span class='ocrx_word' id='word_1_276' title='bbox 1362 1866 1531 1920; x_wconf 92' lang='lat' dir='ltr'>voluit</span> <span class='ocrx_word' id='word_1_277' title='bbox 1563 1866 1631 1920; x_wconf 87' lang='lat' dir='ltr'>ad</span> <span class='ocrx_word' id='word_1_278' title='bbox 1672 1866 1774 1920; x_wconf 93' lang='lat' dir='ltr'>hoc</span> <span class='ocrx_word' id='word_1_279' title='bbox 1804 1873 1993 1920; x_wconf 83' lang='lat' dir='ltr'>osten-</span> 
     </span>
    </p>
   </div>
   <div class='ocr_carea' id='block_1_37' title="bbox 386 1953 1993 2025">
    <p class='ocr_par' dir='ltr' id='par_1_37' title="bbox 386 1953 1993 2025">
     <span class='ocr_line' id='line_1_37' title="bbox 386 1953 1993 2025; baseline -0.002 -15"><span class='ocrx_word' id='word_1_280' title='bbox 386 1954 645 2021; x_wconf 89' lang='lat' dir='ltr'>dcndum,</span> <span class='ocrx_word' id='word_1_281' title='bbox 684 1955 830 2025; x_wconf 91' lang='lat' dir='ltr'>quod</span> <span class='ocrx_word' id='word_1_282' title='bbox 879 1970 965 2009; x_wconf 89' lang='lat' dir='ltr'>res</span> <span class='ocrx_word' id='word_1_283' title='bbox 1012 1955 1308 2024; x_wconf 59' lang='lat' dir='ltr'>praedicata</span> <span class='ocrx_word' id='word_1_284' title='bbox 1354 1953 1515 2008; x_wconf 90' lang='lat' dir='ltr'>fuerit</span> <span class='ocrx_word' id='word_1_285' title='bbox 1564 1954 1742 2007; x_wconf 89' lang='lat' dir='ltr'>stulta.</span> <span class='ocrx_word' id='word_1_286' title='bbox 1794 1954 1853 2007; x_wconf 92' lang='lat' dir='ltr'>In</span> <span class='ocrx_word' id='word_1_287' title='bbox 1900 1971 1993 2008; x_wconf 86' lang='lat' dir='ltr'>se-</span> 
     </span>
    </p>
   </div>
   <div class='ocr_carea' id='block_1_38' title="bbox 382 2041 1997 2116">
    <p class='ocr_par' dir='ltr' id='par_1_38' title="bbox 382 2041 1997 2116">
     <span class='ocr_line' id='line_1_38' title="bbox 382 2041 1997 2116; baseline -0.001 -18"><span class='ocrx_word' id='word_1_288' title='bbox 382 2045 566 2116; x_wconf 86' lang='lat' dir='ltr'>quenti</span> <span class='ocrx_word' id='word_1_289' title='bbox 627 2043 790 2098; x_wconf 89' lang='lat' dir='ltr'>etiam</span> <span class='ocrx_word' id='word_1_290' title='bbox 850 2050 1066 2097; x_wconf 91' lang='lat' dir='ltr'>notatur</span> <span class='ocrx_word' id='word_1_291' title='bbox 1127 2041 1351 2098; x_wconf 80' lang='lat' dir='ltr'>effectus</span> <span class='ocrx_word' id='word_1_292' title='bbox 1413 2043 1571 2110; x_wconf 85' lang='lat' dir='ltr'>hujus</span> <span class='ocrx_word' id='word_1_293' title='bbox 1638 2043 1876 2098; x_wconf 71' lang='lat' dir='ltr'>stultitiae</span> <span class='ocrx_word' id='word_1_294' title='bbox 1943 2051 1997 2097; x_wconf 91' lang='lat' dir='ltr'>et</span> 
     </span>
    </p>
   </div>
   <div class='ocr_carea' id='block_1_39' title="bbox 388 2131 1995 2202">
    <p class='ocr_par' dir='ltr' id='par_1_39' title="bbox 388 2131 1995 2202">
     <span class='ocr_line' id='line_1_39' title="bbox 388 2131 1995 2202; baseline -0.001 -16"><span class='ocrx_word' id='word_1_295' title='bbox 388 2132 732 2202; x_wconf 74' lang='lat' dir='ltr'>insipientiae.</span> <span class='ocrx_word' id='word_1_296' title='bbox 780 2131 986 2197; x_wconf 84' lang='lat' dir='ltr'>Videte,</span> <span class='ocrx_word' id='word_1_297' title='bbox 1012 2131 1253 2201; x_wconf 89' lang='lat' dir='ltr'>inquam,</span> <span class='ocrx_word' id='word_1_298' title='bbox 1277 2132 1623 2187; x_wconf 84' lang='lat' dir='ltr'>vocationem</span> <span class='ocrx_word' id='word_1_299' title='bbox 1652 2135 1916 2199; x_wconf 85' lang='lat' dir='ltr'>vestram,</span> <span class='ocrx_word' id='word_1_300' title='bbox 1942 2131 1995 2185; x_wconf 93' lang='lat' dir='ltr'>id</span> 
     </span>
    </p>
   </div>
   <div class='ocr_carea' id='block_1_40' title="bbox 387 2219 1996 2291">
    <p class='ocr_par' dir='ltr' id='par_1_40' title="bbox 387 2219 1996 2291">
     <span class='ocr_line' id='line_1_40' title="bbox 387 2219 1996 2291; baseline -0.001 -16"><span class='ocrx_word' id='word_1_301' title='bbox 387 2228 469 2275; x_wconf 91' lang='lat' dir='ltr'>est</span> <span class='ocrx_word' id='word_1_302' title='bbox 498 2236 595 2290; x_wconf 89' lang='lat' dir='ltr'>per</span> <span class='ocrx_word' id='word_1_303' title='bbox 644 2235 785 2291; x_wconf 87' lang='lat' dir='ltr'>quos</span> <span class='ocrx_word' id='word_1_304' title='bbox 830 2219 1003 2274; x_wconf 88' lang='lat' dir='ltr'>vocati</span> <span class='ocrx_word' id='word_1_305' title='bbox 1053 2220 1185 2273; x_wconf 89' lang='lat' dir='ltr'>estis</span> <span class='ocrx_word' id='word_1_306' title='bbox 1231 2222 1481 2290; x_wconf 83' lang='lat' dir='ltr'>fratres;</span> <span class='ocrx_word' id='word_1_307' title='bbox 1514 2220 1641 2289; x_wconf 88' lang='lat' dir='ltr'>quia</span> <span class='ocrx_word' id='word_1_308' title='bbox 1688 2220 1742 2273; x_wconf 92' lang='lat' dir='ltr'>in</span> <span class='ocrx_word' id='word_1_309' title='bbox 1773 2220 1852 2274; x_wconf 91' lang='lat' dir='ltr'>eis</span> <span class='ocrx_word' id='word_1_310' title='bbox 1880 2236 1996 2277; x_wconf 84' lang='lat' dir='ltr'>non</span> 
     </span>
    </p>
   </div>
   <div class='ocr_carea' id='block_1_41' title="bbox 386 2308 1999 2379">
    <p class='ocr_par' dir='ltr' id='par_1_41' title="bbox 386 2308 1999 2379">
     <span class='ocr_line' id='line_1_41' title="bbox 386 2308 1999 2379; baseline -0.002 -14"><span class='ocrx_word' id='word_1_311' title='bbox 386 2314 524 2365; x_wconf 81' lang='lat' dir='ltr'>sunt</span> <span class='ocrx_word' id='word_1_312' title='bbox 544 2311 717 2364; x_wconf 85' lang='lat' dir='ltr'>multi</span> <span class='ocrx_word' id='word_1_313' title='bbox 738 2309 1024 2379; x_wconf 86' lang='lat' dir='ltr'>sapientes</span> <span class='ocrx_word' id='word_1_314' title='bbox 1043 2309 1353 2363; x_wconf 87' lang='lat' dir='ltr'>secundum</span> <span class='ocrx_word' id='word_1_315' title='bbox 1376 2324 1626 2373; x_wconf 85' lang='lat' dir='ltr'>carnem,</span> <span class='ocrx_word' id='word_1_316' title='bbox 1644 2308 1697 2362; x_wconf 93' lang='lat' dir='ltr'>id</span> <span class='ocrx_word' id='word_1_317' title='bbox 1714 2316 1797 2363; x_wconf 90' lang='lat' dir='ltr'>est</span> <span class='ocrx_word' id='word_1_318' title='bbox 1814 2324 1999 2364; x_wconf 87' lang='lat' dir='ltr'>carna-</span> 
     </span>
    </p>
   </div>
   <div class='ocr_carea' id='block_1_42' title="bbox 383 2397 1999 2468">
    <p class='ocr_par' dir='ltr' id='par_1_42' title="bbox 383 2397 1999 2468">
     <span class='ocr_line' id='line_1_42' title="bbox 383 2397 1999 2468; baseline -0.002 -15"><span class='ocrx_word' id='word_1_319' title='bbox 383 2400 494 2455; x_wconf 88' lang='lat' dir='ltr'>lem</span> <span class='ocrx_word' id='word_1_320' title='bbox 524 2397 843 2467; x_wconf 88' lang='lat' dir='ltr'>sapientiam</span> <span class='ocrx_word' id='word_1_321' title='bbox 878 2416 891 2462; x_wconf 89' lang='lat'><strong>;</strong></span> <span class='ocrx_word' id='word_1_322' title='bbox 930 2412 1043 2451; x_wconf 84' lang='lat' dir='ltr'>non</span> <span class='ocrx_word' id='word_1_323' title='bbox 1071 2405 1194 2450; x_wconf 91' lang='lat' dir='ltr'>sunt</span> <span class='ocrx_word' id='word_1_324' title='bbox 1217 2397 1389 2452; x_wconf 87' lang='lat' dir='ltr'>multi</span> <span class='ocrx_word' id='word_1_325' title='bbox 1410 2401 1670 2468; x_wconf 82' lang='lat' dir='ltr'>potentes</span> <span class='ocrx_word' id='word_1_326' title='bbox 1700 2397 1999 2452; x_wconf 88' lang='lat' dir='ltr'>secundum</span> 
     </span>
    </p>
   </div>
   <div class='ocr_carea' id='block_1_43' title="bbox 388 2485 1997 2556">
    <p class='ocr_par' dir='ltr' id='par_1_43' title="bbox 388 2485 1997 2556">
     <span class='ocr_line' id='line_1_43' title="bbox 388 2485 1997 2556; baseline -0.002 -12"><span class='ocrx_word' id='word_1_327' title='bbox 388 2502 611 2544; x_wconf 90' lang='lat' dir='ltr'>carnem</span> <span class='ocrx_word' id='word_1_328' title='bbox 636 2504 650 2552; x_wconf 89' lang='lat'><strong>;</strong></span> <span class='ocrx_word' id='word_1_329' title='bbox 683 2502 799 2541; x_wconf 85' lang='lat' dir='ltr'>non</span> <span class='ocrx_word' id='word_1_330' title='bbox 849 2485 1020 2540; x_wconf 87' lang='lat' dir='ltr'>multi</span> <span class='ocrx_word' id='word_1_331' title='bbox 1038 2486 1271 2555; x_wconf 83' lang='lat' dir='ltr'>nobiles,</span> <span class='ocrx_word' id='word_1_332' title='bbox 1295 2485 1595 2540; x_wconf 89' lang='lat' dir='ltr'>secundum</span> <span class='ocrx_word' id='word_1_333' title='bbox 1622 2485 1801 2540; x_wconf 89' lang='lat' dir='ltr'>carnis</span> <span class='ocrx_word' id='word_1_334' title='bbox 1825 2501 1997 2556; x_wconf 87' lang='lat' dir='ltr'>gene-</span> 
     </span>
    </p>
   </div>
   <div class='ocr_carea' id='block_1_44' title="bbox 388 2573 2000 2639">
    <p class='ocr_par' dir='ltr' id='par_1_44' title="bbox 388 2573 2000 2639">
     <span class='ocr_line' id='line_1_44' title="bbox 388 2573 2000 2639; baseline -0.002 -7"><span class='ocrx_word' id='word_1_335' title='bbox 388 2578 685 2632; x_wconf 88' lang='lat' dir='ltr'>rositatem.</span> <span class='ocrx_word' id='word_1_336' title='bbox 724 2574 920 2628; x_wconf 91' lang='lat' dir='ltr'>Dicunt</span> <span class='ocrx_word' id='word_1_337' title='bbox 979 2573 1149 2628; x_wconf 87' lang='lat' dir='ltr'>sancti</span> <span class='ocrx_word' id='word_1_338' title='bbox 1179 2573 1301 2627; x_wconf 91' lang='lat' dir='ltr'>ideo</span> <span class='ocrx_word' id='word_1_339' title='bbox 1349 2573 1573 2627; x_wconf 90' lang='lat' dir='ltr'>Paulum</span> <span class='ocrx_word' id='word_1_340' title='bbox 1622 2573 1843 2639; x_wconf 86' lang='lat' dir='ltr'>dixisse,</span> <span class='ocrx_word' id='word_1_341' title='bbox 1890 2590 2000 2629; x_wconf 90' lang='lat' dir='ltr'>non</span> 
     </span>
    </p>
   </div>
   <div class='ocr_carea' id='block_1_45' title="bbox 390 2660 1998 2735">
    <p class='ocr_par' dir='ltr' id='par_1_45' title="bbox 390 2660 1998 2735">
     <span class='ocr_line' id='line_1_45' title="bbox 390 2660 1998 2735; baseline -0.002 -15"><span class='ocrx_word' id='word_1_342' title='bbox 390 2665 561 2731; x_wconf 90' lang='lat' dir='ltr'>multi,</span> <span class='ocrx_word' id='word_1_343' title='bbox 611 2663 736 2735; x_wconf 88' lang='lat' dir='ltr'>quia</span> <span class='ocrx_word' id='word_1_344' title='bbox 782 2661 886 2732; x_wconf 90' lang='lat' dir='ltr'>ipsi</span> <span class='ocrx_word' id='word_1_345' title='bbox 934 2660 1031 2716; x_wconf 89' lang='lat' dir='ltr'>fuit</span> <span class='ocrx_word' id='word_1_346' title='bbox 1081 2661 1421 2716; x_wconf 67' lang='lat' dir='ltr'>saecularium</span> <span class='ocrx_word' id='word_1_347' title='bbox 1470 2662 1770 2716; x_wconf 88' lang='lat' dir='ltr'>litterarum</span> <span class='ocrx_word' id='word_1_348' title='bbox 1816 2662 1998 2732; x_wconf 87' lang='lat' dir='ltr'>perfe-</span> 
     </span>
    </p>
   </div>
   <div class='ocr_carea' id='block_1_46' title="bbox 395 2750 2001 2821">
    <p class='ocr_par' dir='ltr' id='par_1_46' title="bbox 395 2750 2001 2821">
     <span class='ocr_line' id='line_1_46' title="bbox 395 2750 2001 2821; baseline -0.004 -9"><span class='ocrx_word' id='word_1_349' title='bbox 395 2762 535 2820; x_wconf 89' lang='lat' dir='ltr'>ctus,</span> <span class='ocrx_word' id='word_1_350' title='bbox 586 2760 930 2807; x_wconf 85' lang='lat' dir='ltr'>terrenarum</span> <span class='ocrx_word' id='word_1_351' title='bbox 996 2766 1161 2820; x_wconf 93' lang='lat' dir='ltr'>opum</span> <span class='ocrx_word' id='word_1_352' title='bbox 1213 2750 1385 2815; x_wconf 88' lang='lat' dir='ltr'>dives,</span> <span class='ocrx_word' id='word_1_353' title='bbox 1437 2751 1676 2805; x_wconf 84' lang='lat' dir='ltr'>Romana</span> <span class='ocrx_word' id='word_1_354' title='bbox 1723 2750 2001 2821; x_wconf 90' lang='lat' dir='ltr'>parentela</span> 
     </span>
    </p>
   </div>
   <div class='ocr_carea' id='block_1_47' title="bbox 399 2838 2001 2911">
    <p class='ocr_par' dir='ltr' id='par_1_47' title="bbox 399 2838 2001 2911">
     <span class='ocr_line' id='line_1_47' title="bbox 399 2838 2001 2911; baseline -0.004 -12"><span class='ocrx_word' id='word_1_355' title='bbox 399 2841 745 2911; x_wconf 88' lang='lat' dir='ltr'>conspicuus.</span> <span class='ocrx_word' id='word_1_356' title='bbox 804 2840 1097 2894; x_wconf 90' lang='lat' dir='ltr'>Vocatores</span> <span class='ocrx_word' id='word_1_357' title='bbox 1142 2838 1327 2910; x_wconf 85' lang='lat' dir='ltr'>utique</span> <span class='ocrx_word' id='word_1_358' title='bbox 1370 2839 1553 2903; x_wconf 88' lang='lat' dir='ltr'>vestri,</span> <span class='ocrx_word' id='word_1_359' title='bbox 1588 2854 1690 2894; x_wconf 91' lang='lat' dir='ltr'>nec</span> <span class='ocrx_word' id='word_1_360' title='bbox 1728 2839 2001 2909; x_wconf 86' lang='lat' dir='ltr'>sapientes</span> 
     </span>
    </p>
   </div>
   <div class='ocr_carea' id='block_1_48' title="bbox 2097 1687 3686 1761">
    <p class='ocr_par' dir='ltr' id='par_1_48' title="bbox 2097 1687 3686 1761">
     <span class='ocr_line' id='line_1_48' title="bbox 2097 1687 3686 1761; baseline -0.004 -15"><span class='ocrx_word' id='word_1_361' title='bbox 2097 1710 2174 1759; x_wconf 91' lang='lat' dir='ltr'>se,</span> <span class='ocrx_word' id='word_1_362' title='bbox 2206 1693 2293 1747; x_wconf 89' lang='lat' dir='ltr'>vel</span> <span class='ocrx_word' id='word_1_363' title='bbox 2320 1693 2376 1745; x_wconf 91' lang='lat' dir='ltr'>in</span> <span class='ocrx_word' id='word_1_364' title='bbox 2406 1692 2736 1757; x_wconf 89' lang='lat' dir='ltr'>doctoribus,</span> <span class='ocrx_word' id='word_1_365' title='bbox 2772 1692 2868 1746; x_wconf 91' lang='lat' dir='ltr'>sed</span> <span class='ocrx_word' id='word_1_366' title='bbox 2897 1691 2951 1744; x_wconf 94' lang='lat' dir='ltr'>in</span> <span class='ocrx_word' id='word_1_367' title='bbox 2983 1692 3097 1745; x_wconf 91' lang='lat' dir='ltr'>Deo</span> <span class='ocrx_word' id='word_1_368' title='bbox 3132 1691 3228 1743; x_wconf 88' lang='lat' dir='ltr'>:ad</span> <span class='ocrx_word' id='word_1_369' title='bbox 3259 1705 3421 1761; x_wconf 84' lang='lat' dir='ltr'>quem</span> <span class='ocrx_word' id='word_1_370' title='bbox 3459 1687 3686 1743; x_wconf 88' lang='lat' dir='ltr'>modum</span> 
     </span>
    </p>
   </div>
   <div class='ocr_carea' id='block_1_49' title="bbox 2095 1775 3692 1853">
    <p class='ocr_par' dir='ltr' id='par_1_49' title="bbox 2095 1775 3692 1853">
     <span class='ocr_line' id='line_1_49' title="bbox 2095 1775 3692 1853; baseline -0.006 -16"><span class='ocrx_word' id='word_1_371' title='bbox 2095 1784 2373 1853; x_wconf 85' lang='lat' dir='ltr'>scriptum</span> <span class='ocrx_word' id='word_1_372' title='bbox 2403 1784 2489 1835; x_wconf 86' lang='lat' dir='ltr'>est</span> <span class='ocrx_word' id='word_1_373' title='bbox 2513 1780 2567 1833; x_wconf 90' lang='lat' dir='ltr'>in</span> <span class='ocrx_word' id='word_1_374' title='bbox 2595 1780 2825 1835; x_wconf 89' lang='lat' dir='ltr'>Jeremia</span> <span class='ocrx_word' id='word_1_375' title='bbox 2874 1780 2952 1835; x_wconf 92' lang='lat' dir='ltr'>sic</span> <span class='ocrx_word' id='word_1_376' title='bbox 2989 1794 3000 1833; x_wconf 93' lang='lat'><strong>:</strong></span> <span class='ocrx_word' id='word_1_377' title='bbox 3034 1779 3097 1833; x_wconf 92' lang='lat' dir='ltr'>In</span> <span class='ocrx_word' id='word_1_378' title='bbox 3146 1778 3243 1834; x_wconf 91' lang='lat' dir='ltr'>hoc</span> <span class='ocrx_word' id='word_1_379' title='bbox 3274 1778 3546 1849; x_wconf 83' lang='lat' dir='ltr'>glorietur</span> <span class='ocrx_word' id='word_1_380' title='bbox 3593 1775 3692 1846; x_wconf 88' lang='lat' dir='ltr'>qui</span> 
     </span>
    </p>
   </div>
   <div class='ocr_carea' id='block_1_50' title="bbox 2094 1865 3689 1942">
    <p class='ocr_par' dir='ltr' id='par_1_50' title="bbox 2094 1865 3689 1942">
     <span class='ocr_line' id='line_1_50' title="bbox 2094 1865 3689 1942; baseline -0.005 -16"><span class='ocrx_word' id='word_1_381' title='bbox 2094 1872 2373 1942; x_wconf 86' lang='lat' dir='ltr'>gloriatur</span> <span class='ocrx_word' id='word_1_382' title='bbox 2409 1870 2552 1924; x_wconf 87' lang='lat' dir='ltr'>scire</span> <span class='ocrx_word' id='word_1_383' title='bbox 2573 1873 2629 1925; x_wconf 90' lang='lat' dir='ltr'>et</span> <span class='ocrx_word' id='word_1_384' title='bbox 2657 1884 2816 1926; x_wconf 87' lang='lat' dir='ltr'>nosse</span> <span class='ocrx_word' id='word_1_385' title='bbox 2851 1884 2960 1934; x_wconf 86' lang='lat' dir='ltr'>me,</span> <span class='ocrx_word' id='word_1_386' title='bbox 2988 1869 3119 1939; x_wconf 85' lang='lat' dir='ltr'>quia</span> <span class='ocrx_word' id='word_1_387' title='bbox 3145 1882 3239 1938; x_wconf 83' lang='lat' dir='ltr'>ego</span> <span class='ocrx_word' id='word_1_388' title='bbox 3272 1884 3399 1922; x_wconf 88' lang='lat' dir='ltr'>sum</span> <span class='ocrx_word' id='word_1_389' title='bbox 3419 1865 3689 1920; x_wconf 85' lang='lat' dir='ltr'>Dominus</span> 
     </span>
    </p>
   </div>
   <div class='ocr_carea' id='block_1_51' title="bbox 2097 1958 2480 2032">
    <p class='ocr_par' dir='ltr' id='par_1_51' title="bbox 2097 1958 2480 2032">
     <span class='ocr_line' id='line_1_51' title="bbox 2097 1958 2480 2032; baseline -0.008 -18"><span class='ocrx_word' id='word_1_390' title='bbox 2097 1961 2230 2032; x_wconf 78' lang='lat' dir='ltr'>(Jer.</span> <span class='ocrx_word' id='word_1_391' title='bbox 2263 1974 2337 2028; x_wconf 84' lang='lat' dir='ltr'>1x,</span> <span class='ocrx_word' id='word_1_392' title='bbox 2370 1958 2480 2027; x_wconf 78' lang='grc'>24).</span> 
     </span>
    </p>
   </div>
   <div class='ocr_carea' id='block_1_52' title="bbox 2759 2096 3087 2153">
    <p class='ocr_par' dir='ltr' id='par_1_52' title="bbox 2759 2096 3087 2153">
     <span class='ocr_line' id='line_1_52' title="bbox 2759 2096 3087 2153; baseline 0 -2"><span class='ocrx_word' id='word_1_393' title='bbox 2759 2096 2839 2151; x_wconf 79' lang='lat' dir='ltr'>CA</span> <span class='ocrx_word' id='word_1_394' title='bbox 2851 2097 2980 2153; x_wconf 87' lang='lat' dir='ltr'>PUT</span> <span class='ocrx_word' id='word_1_395' title='bbox 3022 2098 3087 2151; x_wconf 93' lang='grc' dir='ltr'>ΙΙ.</span> 
     </span>
    </p>
   </div>
   <div class='ocr_carea' id='block_1_53' title="bbox 2173 2236 3691 2311">
    <p class='ocr_par' dir='ltr' id='par_1_53' title="bbox 2173 2236 3691 2311">
     <span class='ocr_line' id='line_1_53' title="bbox 2173 2236 3691 2311; baseline -0.004 -16"><span class='ocrx_word' id='word_1_396' title='bbox 2173 2266 2193 2288; x_wconf 77' lang='grc' dir='ltr'>α</span> <span class='ocrx_word' id='word_1_397' title='bbox 2228 2243 2296 2296; x_wconf 90' lang='lat' dir='ltr'>Et</span> <span class='ocrx_word' id='word_1_398' title='bbox 2328 2256 2432 2311; x_wconf 84' lang='lat' dir='ltr'>ego</span> <span class='ocrx_word' id='word_1_399' title='bbox 2460 2256 2584 2295; x_wconf 90' lang='lat' dir='ltr'>cum</span> <span class='ocrx_word' id='word_1_400' title='bbox 2620 2238 2892 2294; x_wconf 88' lang='lat' dir='ltr'>venissem</span> <span class='ocrx_word' id='word_1_401' title='bbox 2918 2239 2988 2293; x_wconf 93' lang='lat' dir='ltr'>ad</span> <span class='ocrx_word' id='word_1_402' title='bbox 3011 2254 3130 2304; x_wconf 90' lang='lat' dir='ltr'>vos,</span> <span class='ocrx_word' id='word_1_403' title='bbox 3180 2237 3393 2303; x_wconf 85' lang='lat' dir='ltr'>fratres,</span> <span class='ocrx_word' id='word_1_404' title='bbox 3427 2236 3551 2292; x_wconf 87' lang='lat' dir='ltr'>veni</span> <span class='ocrx_word' id='word_1_405' title='bbox 3583 2251 3691 2290; x_wconf 92' lang='lat' dir='ltr'>non</span> 
     </span>
    </p>
   </div>
   <div class='ocr_carea' id='block_1_54' title="bbox 2102 2326 3695 2397">
    <p class='ocr_par' dir='ltr' id='par_1_54' title="bbox 2102 2326 3695 2397">
     <span class='ocr_line' id='line_1_54' title="bbox 2102 2326 3695 2397; baseline -0.001 -18"><span class='ocrx_word' id='word_1_406' title='bbox 2102 2355 2122 2379; x_wconf 82' lang='grc'>‹‹</span> <span class='ocrx_word' id='word_1_407' title='bbox 2159 2331 2215 2384; x_wconf 93' lang='lat' dir='ltr'>in</span> <span class='ocrx_word' id='word_1_408' title='bbox 2245 2330 2572 2383; x_wconf 85' lang='lat' dir='ltr'>sublimitate</span> <span class='ocrx_word' id='word_1_409' title='bbox 2604 2328 2871 2382; x_wconf 89' lang='lat' dir='ltr'>sermonis</span> <span class='ocrx_word' id='word_1_410' title='bbox 2902 2334 2991 2380; x_wconf 93' lang='lat' dir='ltr'>aut</span> <span class='ocrx_word' id='word_1_411' title='bbox 3038 2327 3331 2397; x_wconf 71' lang='lat' dir='ltr'>sapientiae,</span> <span class='ocrx_word' id='word_1_412' title='bbox 3375 2326 3695 2379; x_wconf 88' lang='lat' dir='ltr'>annuntians</span> 
     </span>
    </p>
   </div>
   <div class='ocr_carea' id='block_1_55' title="bbox 2104 2412 3696 2482">
    <p class='ocr_par' dir='ltr' id='par_1_55' title="bbox 2104 2412 3696 2482">
     <span class='ocr_line' id='line_1_55' title="bbox 2104 2412 3696 2482; baseline -0.005 -7"><span class='ocrx_word' id='word_1_413' title='bbox 2104 2443 2124 2467; x_wconf 75' lang='grc' dir='ltr'>«ι</span> <span class='ocrx_word' id='word_1_414' title='bbox 2162 2419 2318 2475; x_wconf 86' lang='lat' dir='ltr'>vobis</span> <span class='ocrx_word' id='word_1_415' title='bbox 2386 2416 2753 2472; x_wconf 89' lang='lat' dir='ltr'>testimonium</span> <span class='ocrx_word' id='word_1_416' title='bbox 2816 2414 3035 2469; x_wconf 90' lang='lat' dir='ltr'>Christi.</span> <span class='ocrx_word' id='word_1_417' title='bbox 3105 2415 3227 2469; x_wconf 90' lang='lat' dir='ltr'>Non</span> <span class='ocrx_word' id='word_1_418' title='bbox 3275 2414 3417 2469; x_wconf 91' lang='lat' dir='ltr'>enim</span> <span class='ocrx_word' id='word_1_419' title='bbox 3459 2412 3696 2482; x_wconf 89' lang='lat' dir='ltr'>judicavi</span> 
     </span>
    </p>
   </div>
   <div class='ocr_carea' id='block_1_56' title="bbox 2105 2502 3693 2576">
    <p class='ocr_par' dir='ltr' id='par_1_56' title="bbox 2105 2502 3693 2576">
     <span class='ocr_line' id='line_1_56' title="bbox 2105 2502 3693 2576; baseline -0.004 -14"><span class='ocrx_word' id='word_1_420' title='bbox 2105 2532 2125 2555; x_wconf 87' lang='grc'>‹‹</span> <span class='ocrx_word' id='word_1_421' title='bbox 2165 2524 2253 2561; x_wconf 91' lang='lat' dir='ltr'>me</span> <span class='ocrx_word' id='word_1_422' title='bbox 2282 2506 2423 2561; x_wconf 90' lang='lat' dir='ltr'>scire</span> <span class='ocrx_word' id='word_1_423' title='bbox 2456 2505 2658 2576; x_wconf 88' lang='lat' dir='ltr'>aliquid</span> <span class='ocrx_word' id='word_1_424' title='bbox 2691 2506 2828 2558; x_wconf 88' lang='lat' dir='ltr'>inter</span> <span class='ocrx_word' id='word_1_425' title='bbox 2856 2520 2974 2569; x_wconf 91' lang='lat' dir='ltr'>vos,</span> <span class='ocrx_word' id='word_1_426' title='bbox 3011 2502 3114 2557; x_wconf 90' lang='lat' dir='ltr'>nisi</span> <span class='ocrx_word' id='word_1_427' title='bbox 3158 2505 3341 2557; x_wconf 91' lang='lat' dir='ltr'>Jesum</span> <span class='ocrx_word' id='word_1_428' title='bbox 3402 2503 3693 2569; x_wconf 87' lang='lat' dir='ltr'>Christum,</span> 
     </span>
    </p>
   </div>
   <div class='ocr_carea' id='block_1_57' title="bbox 2106 2589 3696 2663">
    <p class='ocr_par' dir='ltr' id='par_1_57' title="bbox 2106 2589 3696 2663">
     <span class='ocr_line' id='line_1_57' title="bbox 2106 2589 3696 2663; baseline -0.005 -12"><span class='ocrx_word' id='word_1_429' title='bbox 2106 2620 2126 2643; x_wconf 89' lang='lat'><strong>«</strong></span> <span class='ocrx_word' id='word_1_430' title='bbox 2180 2604 2231 2651; x_wconf 91' lang='lat' dir='ltr'>et</span> <span class='ocrx_word' id='word_1_431' title='bbox 2296 2596 2439 2649; x_wconf 90' lang='lat' dir='ltr'>hunc</span> <span class='ocrx_word' id='word_1_432' title='bbox 2507 2591 2845 2649; x_wconf 85' lang='lat' dir='ltr'>crucifixum.</span> <span class='ocrx_word' id='word_1_433' title='bbox 2897 2594 2965 2645; x_wconf 89' lang='lat' dir='ltr'>Et</span> <span class='ocrx_word' id='word_1_434' title='bbox 3029 2607 3132 2663; x_wconf 93' lang='lat' dir='ltr'>ego</span> <span class='ocrx_word' id='word_1_435' title='bbox 3194 2591 3246 2645; x_wconf 92' lang='lat' dir='ltr'>in</span> <span class='ocrx_word' id='word_1_436' title='bbox 3294 2589 3601 2645; x_wconf 89' lang='lat' dir='ltr'>infirmitate</span> <span class='ocrx_word' id='word_1_437' title='bbox 3643 2598 3696 2645; x_wconf 90' lang='lat' dir='ltr'>et</span> 
     </span>
    </p>
   </div>
   <div class='ocr_carea' id='block_1_58' title="bbox 2106 2680 3697 2751">
    <p class='ocr_par' dir='ltr' id='par_1_58' title="bbox 2106 2680 3697 2751">
     <span class='ocr_line' id='line_1_58' title="bbox 2106 2680 3697 2751; baseline 0.001 -19"><span class='ocrx_word' id='word_1_438' title='bbox 2106 2709 2127 2732; x_wconf 80' lang='grc' dir='ltr'>α</span> <span class='ocrx_word' id='word_1_439' title='bbox 2164 2685 2355 2738; x_wconf 89' lang='lat' dir='ltr'>timore</span> <span class='ocrx_word' id='word_1_440' title='bbox 2385 2690 2437 2737; x_wconf 90' lang='lat' dir='ltr'>et</span> <span class='ocrx_word' id='word_1_441' title='bbox 2465 2690 2700 2736; x_wconf 89' lang='lat' dir='ltr'>tremore</span> <span class='ocrx_word' id='word_1_442' title='bbox 2750 2681 2919 2735; x_wconf 89' lang='lat' dir='ltr'>multo</span> <span class='ocrx_word' id='word_1_443' title='bbox 2948 2681 3025 2735; x_wconf 86' lang='lat' dir='ltr'>fui</span> <span class='ocrx_word' id='word_1_444' title='bbox 3069 2680 3212 2751; x_wconf 89' lang='lat' dir='ltr'>apud</span> <span class='ocrx_word' id='word_1_445' title='bbox 3242 2696 3339 2735; x_wconf 89' lang='lat' dir='ltr'>vos</span> <span class='ocrx_word' id='word_1_446' title='bbox 3373 2694 3384 2733; x_wconf 89' lang='lat'>:</span> <span class='ocrx_word' id='word_1_447' title='bbox 3417 2687 3470 2733; x_wconf 92' lang='lat' dir='ltr'>et</span> <span class='ocrx_word' id='word_1_448' title='bbox 3518 2693 3697 2733; x_wconf 89' lang='lat' dir='ltr'>sermo</span> 
     </span>
    </p>
   </div>
   <div class='ocr_carea' id='block_1_59' title="bbox 2106 2766 3694 2840">
    <p class='ocr_par' dir='ltr' id='par_1_59' title="bbox 2106 2766 3694 2840">
     <span class='ocr_line' id='line_1_59' title="bbox 2106 2766 3694 2840; baseline -0.001 -19"><span class='ocrx_word' id='word_1_449' title='bbox 2106 2796 2126 2821; x_wconf 83' lang='grc'>‹‹</span> <span class='ocrx_word' id='word_1_450' title='bbox 2163 2789 2318 2826; x_wconf 89' lang='lat' dir='ltr'>meus</span> <span class='ocrx_word' id='word_1_451' title='bbox 2369 2779 2421 2826; x_wconf 89' lang='lat' dir='ltr'>et</span> <span class='ocrx_word' id='word_1_452' title='bbox 2467 2770 2776 2840; x_wconf 66' lang='lat' dir='ltr'>praedicatio</span> <span class='ocrx_word' id='word_1_453' title='bbox 2821 2785 2944 2824; x_wconf 90' lang='lat' dir='ltr'>mea</span> <span class='ocrx_word' id='word_1_454' title='bbox 2990 2786 3101 2823; x_wconf 92' lang='lat' dir='ltr'>non</span> <span class='ocrx_word' id='word_1_455' title='bbox 3147 2769 3202 2823; x_wconf 92' lang='lat' dir='ltr'>in</span> <span class='ocrx_word' id='word_1_456' title='bbox 3250 2766 3694 2838; x_wconf 80' lang='lat' dir='ltr'>persuasibilibus</span> 
     </span>
    </p>
   </div>
   <div class='ocr_carea' id='block_1_60' title="bbox 2107 2851 3698 2924">
    <p class='ocr_par' dir='ltr' id='par_1_60' title="bbox 2107 2851 3698 2924">
     <span class='ocr_line' id='line_1_60' title="bbox 2107 2851 3698 2924; baseline -0.003 -14"><span class='ocrx_word' id='word_1_457' title='bbox 2107 2880 2127 2904; x_wconf 87' lang='lat'><strong>«</strong></span> <span class='ocrx_word' id='word_1_458' title='bbox 2164 2858 2412 2911; x_wconf 86' lang='lat' dir='ltr'>humanae</span> <span class='ocrx_word' id='word_1_459' title='bbox 2442 2854 2719 2924; x_wconf 73' lang='lat' dir='ltr'>sapientiae</span> <span class='ocrx_word' id='word_1_460' title='bbox 2750 2854 2949 2919; x_wconf 86' lang='lat' dir='ltr'>verbis,</span> <span class='ocrx_word' id='word_1_461' title='bbox 2985 2854 3081 2923; x_wconf 78' lang='lat' dir='ltr'>sed</span> <span class='ocrx_word' id='word_1_462' title='bbox 3111 2853 3162 2906; x_wconf 93' lang='lat' dir='ltr'>in</span> <span class='ocrx_word' id='word_1_463' title='bbox 3194 2853 3503 2907; x_wconf 88' lang='lat' dir='ltr'>ostensione</span> <span class='ocrx_word' id='word_1_464' title='bbox 3534 2851 3698 2921; x_wconf 90' lang='lat' dir='ltr'>spiri-</span> 
     </span>
    </p>
   </div>
   <div class='ocr_carea' id='block_1_61' title="bbox 388 2926 1999 3040">
    <p class='ocr_par' dir='ltr' id='par_1_61' title="bbox 388 2926 1999 3040">
     <span class='ocr_line' id='line_1_61' title="bbox 388 2926 1999 2999; baseline -0.004 -12"><span class='ocrx_word' id='word_1_465' title='bbox 388 2947 492 2987; x_wconf 91' lang='lat' dir='ltr'>nec</span> <span class='ocrx_word' id='word_1_466' title='bbox 504 2929 733 2994; x_wconf 89' lang='lat' dir='ltr'>nobiles,</span> <span class='ocrx_word' id='word_1_467' title='bbox 749 2926 845 2983; x_wconf 87' lang='lat' dir='ltr'>sed</span> <span class='ocrx_word' id='word_1_468' title='bbox 860 2929 1003 2982; x_wconf 88' lang='lat' dir='ltr'>Deus</span> <span class='ocrx_word' id='word_1_469' title='bbox 1021 2928 1267 2996; x_wconf 84' lang='lat' dir='ltr'>elegitea</span> <span class='ocrx_word' id='word_1_470' title='bbox 1288 2944 1408 2999; x_wconf 72' lang='lat' dir='ltr'>qua:</span> <span class='ocrx_word' id='word_1_471' title='bbox 1419 2929 1601 2983; x_wconf 86' lang='lat' dir='ltr'>stulta</span> <span class='ocrx_word' id='word_1_472' title='bbox 1611 2932 1748 2983; x_wconf 87' lang='lat' dir='ltr'>sunt</span> <span class='ocrx_word' id='word_1_473' title='bbox 1778 2928 1999 2993; x_wconf 86' lang='lat' dir='ltr'>mundi,</span> 
     </span>
     <span class='ocr_line' id='line_1_62' title="bbox 395 3019 1992 3040; baseline -0.004 5"><span class='ocrx_word' id='word_1_474' title='bbox 395 3024 443 3040; x_wconf 85' lang='grc' dir='ltr'>-ι</span> <span class='ocrx_word' id='word_1_475' title='bbox 739 3020 970 3040; x_wconf 29' lang='lat' dir='ltr'>emas---</span> <span class='ocrx_word' id='word_1_476' title='bbox 1008 3019 1160 3040; x_wconf 78' lang='lat'>_.__..-</span> <span class='ocrx_word' id='word_1_477' title='bbox 1195 3027 1414 3040; x_wconf 47' lang='grc' dir='ltr'>μμ.-.</span> <span class='ocrx_word' id='word_1_478' title='bbox 1575 3036 1670 3040; x_wconf 41' lang='grc' dir='ltr'>μμ</span> <span class='ocrx_word' id='word_1_479' title='bbox 1702 3021 1812 3040; x_wconf 52' lang='grc' dir='ltr'>μμ-</span> <span class='ocrx_word' id='word_1_480' title='bbox 1850 3022 1992 3040; x_wconf 45' lang='grc' dir='ltr'>τμη-</span> 
     </span>
    </p>
   </div>
   <div class='ocr_carea' id='block_1_62' title="bbox 2107 2926 3701 3040">
    <p class='ocr_par' dir='ltr' id='par_1_62' title="bbox 2107 2940 3701 3010">
     <span class='ocr_line' id='line_1_63' title="bbox 2107 2940 3701 3010; baseline 0.001 -17"><span class='ocrx_word' id='word_1_481' title='bbox 2107 2969 2128 2993; x_wconf 81' lang='grc' dir='ltr'>α</span> <span class='ocrx_word' id='word_1_482' title='bbox 2165 2953 2250 2999; x_wconf 90' lang='lat' dir='ltr'>tus</span> <span class='ocrx_word' id='word_1_483' title='bbox 2281 2953 2332 2998; x_wconf 90' lang='lat' dir='ltr'>et</span> <span class='ocrx_word' id='word_1_484' title='bbox 2360 2943 2574 2998; x_wconf 88' lang='lat' dir='ltr'>virtutis</span> <span class='ocrx_word' id='word_1_485' title='bbox 2610 2958 2621 2995; x_wconf 91' lang='lat'>:</span> <span class='ocrx_word' id='word_1_486' title='bbox 2653 2951 2710 2996; x_wconf 92' lang='lat' dir='ltr'>ut</span> <span class='ocrx_word' id='word_1_487' title='bbox 2740 2940 2875 2997; x_wconf 90' lang='lat' dir='ltr'>fides</span> <span class='ocrx_word' id='word_1_488' title='bbox 2905 2950 3083 2996; x_wconf 91' lang='lat' dir='ltr'>vestra</span> <span class='ocrx_word' id='word_1_489' title='bbox 3120 2958 3228 2996; x_wconf 88' lang='lat' dir='ltr'>non</span> <span class='ocrx_word' id='word_1_490' title='bbox 3256 2942 3323 2995; x_wconf 90' lang='lat' dir='ltr'>sit</span> <span class='ocrx_word' id='word_1_491' title='bbox 3353 2942 3406 2994; x_wconf 90' lang='lat' dir='ltr'>in</span> <span class='ocrx_word' id='word_1_492' title='bbox 3438 2940 3701 3010; x_wconf 90' lang='lat' dir='ltr'>sapientia</span> 
     </span>
    </p>
   </div>
   <div class='ocr_carea' id='block_1_63' title="bbox 392 3019 1996 3093">
    <p class='ocr_par' dir='ltr' id='par_1_63' title="bbox 392 3019 1996 3093">
     <span class='ocr_line' id='line_1_64' title="bbox 392 3019 1996 3093; baseline -0.001 -16"><span class='ocrx_word' id='word_1_493' title='bbox 392 3024 448 3078; x_wconf 90' lang='lat' dir='ltr'>id</span> <span class='ocrx_word' id='word_1_494' title='bbox 477 3030 561 3077; x_wconf 85' lang='lat' dir='ltr'>est</span> <span class='ocrx_word' id='word_1_495' title='bbox 588 3037 709 3093; x_wconf 60' lang='lat' dir='ltr'>qua</span> <span class='ocrx_word' id='word_1_496' title='bbox 738 3020 974 3073; x_wconf 90' lang='lat' dir='ltr'>mundus</span> <span class='ocrx_word' id='word_1_497' title='bbox 1005 3019 1168 3073; x_wconf 89' lang='lat' dir='ltr'>stulta</span> <span class='ocrx_word' id='word_1_498' title='bbox 1194 3027 1435 3090; x_wconf 88' lang='lat' dir='ltr'>peputat,</span> <span class='ocrx_word' id='word_1_499' title='bbox 1470 3024 1535 3074; x_wconf 89' lang='lat' dir='ltr'>ut</span> <span class='ocrx_word' id='word_1_500' title='bbox 1574 3036 1671 3090; x_wconf 92' lang='lat' dir='ltr'>per</span> <span class='ocrx_word' id='word_1_501' title='bbox 1700 3021 1817 3075; x_wconf 66' lang='lat' dir='ltr'>hinc</span> <span class='ocrx_word' id='word_1_502' title='bbox 1850 3022 1996 3075; x_wconf 89' lang='lat' dir='ltr'>Deus</span> 
     </span>
    </p>
   </div>
   <div class='ocr_carea' id='block_1_64' title="bbox 395 3107 1999 3179">
    <p class='ocr_par' dir='ltr' id='par_1_64' title="bbox 395 3107 1999 3179">
     <span class='ocr_line' id='line_1_65' title="bbox 395 3107 1999 3179; baseline -0.001 -14"><span class='ocrx_word' id='word_1_503' title='bbox 395 3111 560 3167; x_wconf 88' lang='lat' dir='ltr'>stulta</span> <span class='ocrx_word' id='word_1_504' title='bbox 590 3109 929 3179; x_wconf 77' lang='lat' dir='ltr'>confundat,</span> <span class='ocrx_word' id='word_1_505' title='bbox 965 3108 1020 3162; x_wconf 91' lang='lat' dir='ltr'>id</span> <span class='ocrx_word' id='word_1_506' title='bbox 1054 3116 1137 3162; x_wconf 93' lang='lat' dir='ltr'>est</span> <span class='ocrx_word' id='word_1_507' title='bbox 1168 3108 1494 3163; x_wconf 89' lang='lat' dir='ltr'>erubescere</span> <span class='ocrx_word' id='word_1_508' title='bbox 1524 3107 1683 3164; x_wconf 87' lang='lat' dir='ltr'>faciat</span> <span class='ocrx_word' id='word_1_509' title='bbox 1714 3110 1999 3179; x_wconf 78' lang='lat' dir='ltr'>sapientes</span> 
     </span>
    </p>
   </div>
   <div class='ocr_carea' id='block_1_65' title="bbox 397 3196 2000 3269">
    <p class='ocr_par' dir='ltr' id='par_1_65' title="bbox 397 3196 2000 3269">
     <span class='ocr_line' id='line_1_66' title="bbox 397 3196 2000 3269; baseline -0.002 -15"><span class='ocrx_word' id='word_1_510' title='bbox 397 3198 603 3263; x_wconf 89' lang='lat' dir='ltr'>mundi,</span> <span class='ocrx_word' id='word_1_511' title='bbox 638 3197 883 3252; x_wconf 90' lang='lat' dir='ltr'>videntes</span> <span class='ocrx_word' id='word_1_512' title='bbox 910 3212 969 3251; x_wconf 88' lang='lat' dir='ltr'>se</span> <span class='ocrx_word' id='word_1_513' title='bbox 998 3212 1109 3251; x_wconf 92' lang='lat' dir='ltr'>non</span> <span class='ocrx_word' id='word_1_514' title='bbox 1154 3212 1318 3266; x_wconf 87' lang='lat' dir='ltr'>posse</span> <span class='ocrx_word' id='word_1_515' title='bbox 1364 3196 1619 3252; x_wconf 90' lang='lat' dir='ltr'>resistere</span> <span class='ocrx_word' id='word_1_516' title='bbox 1666 3197 2000 3269; x_wconf 88' lang='lat' dir='ltr'>argumentis</span> 
     </span>
    </p>
   </div>
   <div class='ocr_carea' id='block_1_66' title="bbox 402 3284 2001 3355">
    <p class='ocr_par' dir='ltr' id='par_1_66' title="bbox 402 3284 2001 3355">
     <span class='ocr_line' id='line_1_67' title="bbox 402 3284 2001 3355; baseline -0.001 -13"><span class='ocrx_word' id='word_1_517' title='bbox 402 3286 513 3342; x_wconf 91' lang='lat' dir='ltr'>suis</span> <span class='ocrx_word' id='word_1_518' title='bbox 542 3285 717 3340; x_wconf 87' lang='lat' dir='ltr'>stultis</span> <span class='ocrx_word' id='word_1_519' title='bbox 744 3284 1183 3355; x_wconf 68' lang='lat' dir='ltr'>praedicatoribus</span> <span class='ocrx_word' id='word_1_520' title='bbox 1232 3284 1348 3339; x_wconf 92' lang='lat' dir='ltr'>Dei.</span> <span class='ocrx_word' id='word_1_521' title='bbox 1412 3286 1594 3355; x_wconf 89' lang='lat' dir='ltr'>Elegit</span> <span class='ocrx_word' id='word_1_522' title='bbox 1642 3287 1817 3340; x_wconf 85' lang='lat' dir='ltr'>etiam</span> <span class='ocrx_word' id='word_1_523' title='bbox 1857 3287 2001 3340; x_wconf 90' lang='lat' dir='ltr'>Deus</span> 
     </span>
    </p>
   </div>
   <div class='ocr_carea' id='block_1_67' title="bbox 398 3373 2004 3444">
    <p class='ocr_par' dir='ltr' id='par_1_67' title="bbox 398 3373 2004 3444">
     <span class='ocr_line' id='line_1_68' title="bbox 398 3373 2004 3444; baseline -0.002 -12"><span class='ocrx_word' id='word_1_524' title='bbox 398 3378 633 3444; x_wconf 80' lang='lat' dir='ltr'>inﬁrma</span> <span class='ocrx_word' id='word_1_525' title='bbox 679 3373 915 3428; x_wconf 85' lang='lat' dir='ltr'>mundi:</span> <span class='ocrx_word' id='word_1_526' title='bbox 960 3388 1053 3428; x_wconf 89' lang='lat' dir='ltr'>eos</span> <span class='ocrx_word' id='word_1_527' title='bbox 1103 3373 1309 3428; x_wconf 91' lang='lat' dir='ltr'>scilicet</span> <span class='ocrx_word' id='word_1_528' title='bbox 1367 3373 1459 3443; x_wconf 91' lang='lat' dir='ltr'>qui</span> <span class='ocrx_word' id='word_1_529' title='bbox 1505 3373 1705 3427; x_wconf 91' lang='lat' dir='ltr'>nullius</span> <span class='ocrx_word' id='word_1_530' title='bbox 1752 3373 2004 3444; x_wconf 64' lang='lat' dir='ltr'>potentia:</span> 
     </span>
    </p>
   </div>
   <div class='ocr_carea' id='block_1_68' title="bbox 400 3462 1999 3533">
    <p class='ocr_par' dir='ltr' id='par_1_68' title="bbox 400 3462 1999 3533">
     <span class='ocr_line' id='line_1_69' title="bbox 400 3462 1999 3533; baseline -0.002 -13"><span class='ocrx_word' id='word_1_531' title='bbox 400 3472 547 3521; x_wconf 88' lang='lat' dir='ltr'>erant</span> <span class='ocrx_word' id='word_1_532' title='bbox 564 3463 621 3517; x_wconf 92' lang='lat' dir='ltr'>in</span> <span class='ocrx_word' id='word_1_533' title='bbox 640 3463 863 3528; x_wconf 89' lang='lat' dir='ltr'>mundo,</span> <span class='ocrx_word' id='word_1_534' title='bbox 889 3466 953 3517; x_wconf 89' lang='lat' dir='ltr'>ut</span> <span class='ocrx_word' id='word_1_535' title='bbox 974 3478 1073 3532; x_wconf 89' lang='lat' dir='ltr'>per</span> <span class='ocrx_word' id='word_1_536' title='bbox 1090 3463 1205 3516; x_wconf 83' lang='lat' dir='ltr'>haec</span> <span class='ocrx_word' id='word_1_537' title='bbox 1228 3462 1441 3515; x_wconf 91' lang='lat' dir='ltr'>infirma</span> <span class='ocrx_word' id='word_1_538' title='bbox 1460 3463 1777 3533; x_wconf 76' lang='lat' dir='ltr'>confundat</span> <span class='ocrx_word' id='word_1_539' title='bbox 1805 3464 1999 3533; x_wconf 77' lang='lat' dir='ltr'>fortia,</span> 
     </span>
    </p>
   </div>
   <div class='ocr_carea' id='block_1_69' title="bbox 403 3549 2007 3622">
    <p class='ocr_par' dir='ltr' id='par_1_69' title="bbox 403 3549 2007 3622">
     <span class='ocr_line' id='line_1_70' title="bbox 403 3549 2007 3622; baseline -0.002 -14"><span class='ocrx_word' id='word_1_540' title='bbox 403 3554 457 3608; x_wconf 91' lang='lat' dir='ltr'>id</span> <span class='ocrx_word' id='word_1_541' title='bbox 488 3560 570 3607; x_wconf 92' lang='lat' dir='ltr'>est</span> <span class='ocrx_word' id='word_1_542' title='bbox 595 3559 845 3622; x_wconf 88' lang='lat' dir='ltr'>potentes</span> <span class='ocrx_word' id='word_1_543' title='bbox 878 3550 1063 3605; x_wconf 91' lang='lat' dir='ltr'>mundi</span> <span class='ocrx_word' id='word_1_544' title='bbox 1086 3551 1413 3606; x_wconf 90' lang='lat' dir='ltr'>erubescere</span> <span class='ocrx_word' id='word_1_545' title='bbox 1444 3549 1623 3606; x_wconf 84' lang='lat' dir='ltr'>faciat.</span> <span class='ocrx_word' id='word_1_546' title='bbox 1646 3553 1715 3606; x_wconf 86' lang='lat' dir='ltr'>Et</span> <span class='ocrx_word' id='word_1_547' title='bbox 1736 3552 2007 3621; x_wconf 84' lang='lat' dir='ltr'>ignobilia</span> 
     </span>
    </p>
   </div>
   <div class='ocr_carea' id='block_1_70' title="bbox 402 3638 2011 3710">
    <p class='ocr_par' dir='ltr' id='par_1_70' title="bbox 402 3638 2011 3710">
     <span class='ocr_line' id='line_1_71' title="bbox 402 3638 2011 3710; baseline -0.006 -11"><span class='ocrx_word' id='word_1_548' title='bbox 402 3641 622 3705; x_wconf 80' lang='lat' dir='ltr'>mundi,</span> <span class='ocrx_word' id='word_1_549' title='bbox 660 3640 713 3693; x_wconf 91' lang='lat' dir='ltr'>id</span> <span class='ocrx_word' id='word_1_550' title='bbox 744 3648 826 3694; x_wconf 90' lang='lat' dir='ltr'>est</span> <span class='ocrx_word' id='word_1_551' title='bbox 873 3655 967 3694; x_wconf 90' lang='lat' dir='ltr'>eos</span> <span class='ocrx_word' id='word_1_552' title='bbox 1014 3638 1105 3709; x_wconf 90' lang='lat' dir='ltr'>qui</span> <span class='ocrx_word' id='word_1_553' title='bbox 1137 3639 1204 3693; x_wconf 91' lang='lat' dir='ltr'>de</span> <span class='ocrx_word' id='word_1_554' title='bbox 1235 3654 1438 3710; x_wconf 88' lang='lat' dir='ltr'>genere</span> <span class='ocrx_word' id='word_1_555' title='bbox 1484 3655 1583 3693; x_wconf 89' lang='lat' dir='ltr'>suo</span> <span class='ocrx_word' id='word_1_556' title='bbox 1629 3654 1736 3693; x_wconf 89' lang='lat' dir='ltr'>non</span> <span class='ocrx_word' id='word_1_557' title='bbox 1783 3642 2011 3709; x_wconf 89' lang='lat' dir='ltr'>possent</span> 
     </span>
    </p>
   </div>
   <div class='ocr_carea' id='block_1_71' title="bbox 402 3726 2009 3803">
    <p class='ocr_par' dir='ltr' id='par_1_71' title="bbox 402 3726 2009 3803">
     <span class='ocr_line' id='line_1_72' title="bbox 402 3726 2009 3803; baseline -0.001 -18"><span class='ocrx_word' id='word_1_558' title='bbox 402 3729 623 3803; x_wconf 88' lang='lat' dir='ltr'>gloriari</span> <span class='ocrx_word' id='word_1_559' title='bbox 648 3748 661 3794; x_wconf 90' lang='lat'><strong>;</strong></span> <span class='ocrx_word' id='word_1_560' title='bbox 695 3732 751 3783; x_wconf 89' lang='lat' dir='ltr'>et</span> <span class='ocrx_word' id='word_1_561' title='bbox 775 3728 1241 3798; x_wconf 85' lang='lat' dir='ltr'>contemptibilia,</span> <span class='ocrx_word' id='word_1_562' title='bbox 1267 3726 1321 3779; x_wconf 89' lang='lat' dir='ltr'>id</span> <span class='ocrx_word' id='word_1_563' title='bbox 1342 3733 1426 3780; x_wconf 90' lang='lat' dir='ltr'>est</span> <span class='ocrx_word' id='word_1_564' title='bbox 1455 3741 1569 3791; x_wconf 89' lang='lat' dir='ltr'>eos,</span> <span class='ocrx_word' id='word_1_565' title='bbox 1604 3726 1659 3780; x_wconf 92' lang='lat' dir='ltr'>in</span> <span class='ocrx_word' id='word_1_566' title='bbox 1693 3727 1886 3798; x_wconf 88' lang='lat' dir='ltr'>quibus</span> <span class='ocrx_word' id='word_1_567' title='bbox 1907 3743 2009 3783; x_wconf 89' lang='lat' dir='ltr'>nec</span> 
     </span>
    </p>
   </div>
   <div class='ocr_carea' id='block_1_72' title="bbox 403 3814 2012 3887">
    <p class='ocr_par' dir='ltr' id='par_1_72' title="bbox 403 3814 2012 3887">
     <span class='ocr_line' id='line_1_73' title="bbox 403 3814 2012 3887; baseline -0.001 -16"><span class='ocrx_word' id='word_1_568' title='bbox 403 3818 582 3887; x_wconf 88' lang='lat' dir='ltr'>aliqua</span> <span class='ocrx_word' id='word_1_569' title='bbox 610 3830 967 3886; x_wconf 89' lang='lat' dir='ltr'>personarum</span> <span class='ocrx_word' id='word_1_570' title='bbox 998 3814 1337 3879; x_wconf 88' lang='lat' dir='ltr'>reverentia;</span> <span class='ocrx_word' id='word_1_571' title='bbox 1388 3815 1506 3869; x_wconf 68' lang='lat' dir='ltr'>haec</span> <span class='ocrx_word' id='word_1_572' title='bbox 1536 3814 1705 3884; x_wconf 88' lang='lat' dir='ltr'>elegit</span> <span class='ocrx_word' id='word_1_573' title='bbox 1742 3817 1907 3882; x_wconf 90' lang='lat' dir='ltr'>Deus,</span> <span class='ocrx_word' id='word_1_574' title='bbox 1959 3823 2012 3871; x_wconf 89' lang='lat' dir='ltr'>et</span> 
     </span>
    </p>
   </div>
   <div class='ocr_carea' id='block_1_73' title="bbox 414 3903 2013 3975">
    <p class='ocr_par' dir='ltr' id='par_1_73' title="bbox 414 3903 2013 3975">
     <span class='ocr_line' id='line_1_74' title="bbox 414 3903 2013 3975; baseline 0 -16"><span class='ocrx_word' id='word_1_575' title='bbox 414 3906 494 3973; x_wconf 89' lang='lat' dir='ltr'>(ut</span> <span class='ocrx_word' id='word_1_576' title='bbox 522 3903 739 3975; x_wconf 86' lang='lat' dir='ltr'>singula</span> <span class='ocrx_word' id='word_1_577' title='bbox 772 3903 1109 3970; x_wconf 89' lang='lat' dir='ltr'>enumerem)</span> <span class='ocrx_word' id='word_1_578' title='bbox 1161 3905 1217 3956; x_wconf 89' lang='lat' dir='ltr'>et</span> <span class='ocrx_word' id='word_1_579' title='bbox 1243 3918 1309 3956; x_wconf 88' lang='lat' dir='ltr'>ea</span> <span class='ocrx_word' id='word_1_580' title='bbox 1347 3919 1467 3973; x_wconf 75' lang='lat' dir='ltr'>qua:</span> <span class='ocrx_word' id='word_1_581' title='bbox 1504 3918 1619 3957; x_wconf 84' lang='lat' dir='ltr'>non</span> <span class='ocrx_word' id='word_1_582' title='bbox 1650 3908 1802 3969; x_wconf 86' lang='lat' dir='ltr'>sunt,</span> <span class='ocrx_word' id='word_1_583' title='bbox 1846 3904 1901 3958; x_wconf 88' lang='lat' dir='ltr'>id</span> <span class='ocrx_word' id='word_1_584' title='bbox 1931 3912 2013 3961; x_wconf 91' lang='lat' dir='ltr'>est</span> 
     </span>
    </p>
   </div>
   <div class='ocr_carea' id='block_1_74' title="bbox 405 3989 2008 4065">
    <p class='ocr_par' dir='ltr' id='par_1_74' title="bbox 405 3989 2008 4065">
     <span class='ocr_line' id='line_1_75' title="bbox 405 3989 2008 4065; baseline 0.001 -18"><span class='ocrx_word' id='word_1_585' title='bbox 405 4008 524 4065; x_wconf 74' lang='lat' dir='ltr'>quae</span> <span class='ocrx_word' id='word_1_586' title='bbox 554 3990 705 4045; x_wconf 91' lang='lat' dir='ltr'>nulla</span> <span class='ocrx_word' id='word_1_587' title='bbox 735 4006 859 4045; x_wconf 86' lang='lat' dir='ltr'>esse</span> <span class='ocrx_word' id='word_1_588' title='bbox 888 3990 1090 4044; x_wconf 90' lang='lat' dir='ltr'>mundo</span> <span class='ocrx_word' id='word_1_589' title='bbox 1123 3989 1463 4055; x_wconf 86' lang='lat' dir='ltr'>videbantur,</span> <span class='ocrx_word' id='word_1_590' title='bbox 1498 3991 1613 4045; x_wconf 65' lang='lat' dir='ltr'>haec</span> <span class='ocrx_word' id='word_1_591' title='bbox 1646 3991 1810 4061; x_wconf 84' lang='lat' dir='ltr'>elegit</span> <span class='ocrx_word' id='word_1_592' title='bbox 1840 3994 2008 4057; x_wconf 90' lang='lat' dir='ltr'>Deus,</span> 
     </span>
    </p>
   </div>
   <div class='ocr_carea' id='block_1_75' title="bbox 407 4078 2014 4151">
    <p class='ocr_par' dir='ltr' id='par_1_75' title="bbox 407 4078 2014 4151">
     <span class='ocr_line' id='line_1_76' title="bbox 407 4078 2014 4151; baseline -0.001 -13"><span class='ocrx_word' id='word_1_593' title='bbox 407 4086 477 4138; x_wconf 93' lang='lat' dir='ltr'>ut</span> <span class='ocrx_word' id='word_1_594' title='bbox 502 4094 598 4151; x_wconf 87' lang='lat' dir='ltr'>per</span> <span class='ocrx_word' id='word_1_595' title='bbox 628 4096 694 4136; x_wconf 89' lang='lat' dir='ltr'>ea</span> <span class='ocrx_word' id='word_1_596' title='bbox 713 4096 835 4151; x_wconf 70' lang='lat' dir='ltr'>qua:</span> <span class='ocrx_word' id='word_1_597' title='bbox 864 4094 972 4133; x_wconf 92' lang='lat' dir='ltr'>non</span> <span class='ocrx_word' id='word_1_598' title='bbox 1004 4086 1128 4132; x_wconf 88' lang='lat' dir='ltr'>sunt</span> <span class='ocrx_word' id='word_1_599' title='bbox 1157 4078 1473 4134; x_wconf 85' lang='lat' dir='ltr'>destrueret</span> <span class='ocrx_word' id='word_1_600' title='bbox 1521 4096 1588 4134; x_wconf 88' lang='lat' dir='ltr'>ea</span> <span class='ocrx_word' id='word_1_601' title='bbox 1617 4097 1738 4151; x_wconf 74' lang='lat' dir='ltr'>qua:</span> <span class='ocrx_word' id='word_1_602' title='bbox 1767 4086 1922 4149; x_wconf 88' lang='lat' dir='ltr'>sunt,</span> <span class='ocrx_word' id='word_1_603' title='bbox 1959 4082 2014 4136; x_wconf 92' lang='lat' dir='ltr'>id</span> 
     </span>
    </p>
   </div>
   <div class='ocr_carea' id='block_1_76' title="bbox 411 4166 2014 4240">
    <p class='ocr_par' dir='ltr' id='par_1_76' title="bbox 411 4166 2014 4240">
     <span class='ocr_line' id='line_1_77' title="bbox 411 4166 2014 4240; baseline -0.001 -16"><span class='ocrx_word' id='word_1_604' title='bbox 411 4178 494 4225; x_wconf 90' lang='lat' dir='ltr'>est</span> <span class='ocrx_word' id='word_1_605' title='bbox 522 4185 643 4240; x_wconf 86' lang='lat' dir='ltr'>quae</span> <span class='ocrx_word' id='word_1_606' title='bbox 674 4169 819 4223; x_wconf 87' lang='lat' dir='ltr'>bona</span> <span class='ocrx_word' id='word_1_607' title='bbox 847 4167 1035 4221; x_wconf 91' lang='lat' dir='ltr'>mundi</span> <span class='ocrx_word' id='word_1_608' title='bbox 1082 4183 1205 4221; x_wconf 89' lang='lat' dir='ltr'>esse</span> <span class='ocrx_word' id='word_1_609' title='bbox 1254 4166 1525 4221; x_wconf 89' lang='lat' dir='ltr'>videntur.</span> <span class='ocrx_word' id='word_1_610' title='bbox 1576 4169 1645 4222; x_wconf 90' lang='lat' dir='ltr'>Et</span> <span class='ocrx_word' id='word_1_611' title='bbox 1693 4169 1797 4226; x_wconf 91' lang='lat' dir='ltr'>hoc</span> <span class='ocrx_word' id='word_1_612' title='bbox 1844 4177 2014 4225; x_wconf 90' lang='lat' dir='ltr'>totum</span> 
     </span>
    </p>
   </div>
   <div class='ocr_carea' id='block_1_77' title="bbox 416 4255 2016 4328">
    <p class='ocr_par' dir='ltr' id='par_1_77' title="bbox 416 4255 2016 4328">
     <span class='ocr_line' id='line_1_78' title="bbox 416 4255 2016 4328; baseline -0.001 -14"><span class='ocrx_word' id='word_1_613' title='bbox 416 4260 494 4315; x_wconf 88' lang='lat' dir='ltr'>sic</span> <span class='ocrx_word' id='word_1_614' title='bbox 523 4257 647 4312; x_wconf 92' lang='lat' dir='ltr'>ideo</span> <span class='ocrx_word' id='word_1_615' title='bbox 677 4255 804 4311; x_wconf 89' lang='lat' dir='ltr'>fecit</span> <span class='ocrx_word' id='word_1_616' title='bbox 832 4257 995 4321; x_wconf 89' lang='lat' dir='ltr'>Deus,</span> <span class='ocrx_word' id='word_1_617' title='bbox 1031 4259 1096 4310; x_wconf 87' lang='lat' dir='ltr'>ut</span> <span class='ocrx_word' id='word_1_618' title='bbox 1128 4258 1310 4311; x_wconf 85' lang='lat' dir='ltr'>omnis</span> <span class='ocrx_word' id='word_1_619' title='bbox 1342 4272 1471 4312; x_wconf 88' lang='lat' dir='ltr'>caro</span> <span class='ocrx_word' id='word_1_620' title='bbox 1501 4272 1616 4311; x_wconf 86' lang='lat' dir='ltr'>non</span> <span class='ocrx_word' id='word_1_621' title='bbox 1642 4258 1937 4328; x_wconf 83' lang='lat' dir='ltr'>glorietur,</span> <span class='ocrx_word' id='word_1_622' title='bbox 1961 4259 2016 4312; x_wconf 89' lang='lat' dir='ltr'>id</span> 
     </span>
    </p>
   </div>
   <div class='ocr_carea' id='block_1_78' title="bbox 2104 3029 3698 3099">
    <p class='ocr_par' dir='ltr' id='par_1_78' title="bbox 2104 3029 3698 3099">
     <span class='ocr_line' id='line_1_79' title="bbox 2104 3029 3698 3099; baseline -0.001 -15"><span class='ocrx_word' id='word_1_623' title='bbox 2104 3056 2125 3084; x_wconf 77' lang='grc' dir='ltr'>ι</span> <span class='ocrx_word' id='word_1_624' title='bbox 2159 3033 2457 3096; x_wconf 89' lang='lat' dir='ltr'>hominum,</span> <span class='ocrx_word' id='word_1_625' title='bbox 2507 3031 2603 3085; x_wconf 89' lang='lat' dir='ltr'>sed</span> <span class='ocrx_word' id='word_1_626' title='bbox 2650 3030 2705 3083; x_wconf 93' lang='lat' dir='ltr'>in</span> <span class='ocrx_word' id='word_1_627' title='bbox 2743 3030 2939 3084; x_wconf 89' lang='lat' dir='ltr'>virtute</span> <span class='ocrx_word' id='word_1_628' title='bbox 2980 3030 3098 3084; x_wconf 92' lang='lat' dir='ltr'>Dei.</span> <span class='ocrx_word' id='word_1_629' title='bbox 3150 3029 3472 3099; x_wconf 89' lang='lat' dir='ltr'>Sapientiam</span> <span class='ocrx_word' id='word_1_630' title='bbox 3522 3037 3698 3083; x_wconf 86' lang='lat' dir='ltr'>autem</span> 
     </span>
    </p>
   </div>
   <div class='ocr_carea' id='block_1_79' title="bbox 2105 3117 3704 3193">
    <p class='ocr_par' dir='ltr' id='par_1_79' title="bbox 2105 3117 3704 3193">
     <span class='ocr_line' id='line_1_80' title="bbox 2105 3117 3704 3193; baseline -0.003 -20"><span class='ocrx_word' id='word_1_631' title='bbox 2105 3121 2433 3193; x_wconf 70' lang='lat' dir='ltr'>«loquimur</span> <span class='ocrx_word' id='word_1_632' title='bbox 2478 3120 2618 3173; x_wconf 89' lang='lat' dir='ltr'>inter</span> <span class='ocrx_word' id='word_1_633' title='bbox 2680 3117 2971 3188; x_wconf 90' lang='lat' dir='ltr'>perfectos.</span> <span class='ocrx_word' id='word_1_634' title='bbox 3044 3117 3370 3188; x_wconf 88' lang='lat' dir='ltr'>Sapientiam</span> <span class='ocrx_word' id='word_1_635' title='bbox 3418 3133 3547 3172; x_wconf 89' lang='lat' dir='ltr'>vero</span> <span class='ocrx_word' id='word_1_636' title='bbox 3593 3132 3704 3171; x_wconf 91' lang='lat' dir='ltr'>non</span> 
     </span>
    </p>
   </div>
   <div class='ocr_carea' id='block_1_80' title="bbox 2113 3206 3702 3279">
    <p class='ocr_par' dir='ltr' id='par_1_80' title="bbox 2113 3206 3702 3279">
     <span class='ocr_line' id='line_1_81' title="bbox 2113 3206 3702 3279; baseline -0.001 -18"><span class='ocrx_word' id='word_1_637' title='bbox 2113 3232 2134 3261; x_wconf 68' lang='grc' dir='ltr'><strong>α</strong></span> <span class='ocrx_word' id='word_1_638' title='bbox 2169 3211 2328 3279; x_wconf 91' lang='lat' dir='ltr'>hujus</span> <span class='ocrx_word' id='word_1_639' title='bbox 2357 3207 2559 3272; x_wconf 77' lang='lat' dir='ltr'>saeculi,</span> <span class='ocrx_word' id='word_1_640' title='bbox 2610 3223 2787 3277; x_wconf 91' lang='lat' dir='ltr'>neque</span> <span class='ocrx_word' id='word_1_641' title='bbox 2830 3206 3139 3277; x_wconf 89' lang='lat' dir='ltr'>principum</span> <span class='ocrx_word' id='word_1_642' title='bbox 3184 3207 3342 3273; x_wconf 89' lang='lat' dir='ltr'>hujus</span> <span class='ocrx_word' id='word_1_643' title='bbox 3374 3206 3574 3270; x_wconf 66' lang='lat' dir='ltr'>saeculi,</span> <span class='ocrx_word' id='word_1_644' title='bbox 3609 3206 3702 3275; x_wconf 89' lang='lat' dir='ltr'>qui</span> 
     </span>
    </p>
   </div>
   <div class='ocr_carea' id='block_1_81' title="bbox 2112 3294 3705 3365">
    <p class='ocr_par' dir='ltr' id='par_1_81' title="bbox 2112 3294 3705 3365">
     <span class='ocr_line' id='line_1_82' title="bbox 2112 3294 3705 3365; baseline -0.004 -12"><span class='ocrx_word' id='word_1_645' title='bbox 2112 3323 2131 3346; x_wconf 80' lang='grc' dir='ltr'>ιι</span> <span class='ocrx_word' id='word_1_646' title='bbox 2168 3300 2530 3361; x_wconf 88' lang='lat' dir='ltr'>destruuntur,</span> <span class='ocrx_word' id='word_1_647' title='bbox 2606 3296 2702 3351; x_wconf 90' lang='lat' dir='ltr'>sed</span> <span class='ocrx_word' id='word_1_648' title='bbox 2763 3294 3034 3365; x_wconf 91' lang='lat' dir='ltr'>loquimur</span> <span class='ocrx_word' id='word_1_649' title='bbox 3088 3294 3188 3348; x_wconf 92' lang='lat' dir='ltr'>Dei</span> <span class='ocrx_word' id='word_1_650' title='bbox 3247 3294 3566 3364; x_wconf 89' lang='lat' dir='ltr'>sapientiam</span> <span class='ocrx_word' id='word_1_651' title='bbox 3649 3294 3705 3347; x_wconf 90' lang='lat' dir='ltr'>in</span> 
     </span>
    </p>
   </div>
   <div class='ocr_carea' id='block_1_82' title="bbox 2109 3382 3701 3457">
    <p class='ocr_par' dir='ltr' id='par_1_82' title="bbox 2109 3382 3701 3457">
     <span class='ocr_line' id='line_1_83' title="bbox 2109 3382 3701 3457; baseline -0.001 -20"><span class='ocrx_word' id='word_1_652' title='bbox 2109 3412 2131 3437; x_wconf 84' lang='grc'><strong>«</strong></span> <span class='ocrx_word' id='word_1_653' title='bbox 2166 3386 2446 3457; x_wconf 81' lang='lat' dir='ltr'>mysterio,</span> <span class='ocrx_word' id='word_1_654' title='bbox 2488 3400 2607 3456; x_wconf 66' lang='lat' dir='ltr'>quae</span> <span class='ocrx_word' id='word_1_655' title='bbox 2649 3384 2968 3438; x_wconf 86' lang='lat' dir='ltr'>abscondita</span> <span class='ocrx_word' id='word_1_656' title='bbox 2995 3391 3095 3447; x_wconf 91' lang='lat' dir='ltr'>est,</span> <span class='ocrx_word' id='word_1_657' title='bbox 3146 3399 3305 3454; x_wconf 86' lang='lat' dir='ltr'>quam</span> <span class='ocrx_word' id='word_1_658' title='bbox 3350 3382 3701 3452; x_wconf 69' lang='lat' dir='ltr'>praedestina-</span> 
     </span>
    </p>
   </div>
   <div class='ocr_carea' id='block_1_83' title="bbox 2109 3471 3705 3544">
    <p class='ocr_par' dir='ltr' id='par_1_83' title="bbox 2109 3471 3705 3544">
     <span class='ocr_line' id='line_1_84' title="bbox 2109 3471 3705 3544; baseline 0.001 -21"><span class='ocrx_word' id='word_1_659' title='bbox 2109 3501 2130 3523; x_wconf 74' lang='grc' dir='ltr'>α</span> <span class='ocrx_word' id='word_1_660' title='bbox 2170 3477 2245 3531; x_wconf 91' lang='lat' dir='ltr'>vit</span> <span class='ocrx_word' id='word_1_661' title='bbox 2273 3476 2421 3528; x_wconf 88' lang='lat' dir='ltr'>Deus</span> <span class='ocrx_word' id='word_1_662' title='bbox 2450 3482 2573 3527; x_wconf 90' lang='lat' dir='ltr'>ante</span> <span class='ocrx_word' id='word_1_663' title='bbox 2620 3472 2816 3527; x_wconf 76' lang='lat' dir='ltr'>saecula</span> <span class='ocrx_word' id='word_1_664' title='bbox 2862 3472 2918 3526; x_wconf 89' lang='lat' dir='ltr'>in</span> <span class='ocrx_word' id='word_1_665' title='bbox 2962 3471 3190 3544; x_wconf 88' lang='lat' dir='ltr'>gloriam</span> <span class='ocrx_word' id='word_1_666' title='bbox 3236 3478 3493 3536; x_wconf 85' lang='lat' dir='ltr'>nostram,</span> <span class='ocrx_word' id='word_1_667' title='bbox 3543 3486 3705 3541; x_wconf 89' lang='lat' dir='ltr'>quam</span> 
     </span>
    </p>
   </div>
   <div class='ocr_carea' id='block_1_84' title="bbox 2113 3559 3702 3633">
    <p class='ocr_par' dir='ltr' id='par_1_84' title="bbox 2113 3559 3702 3633">
     <span class='ocr_line' id='line_1_85' title="bbox 2113 3559 3702 3633; baseline -0.002 -18"><span class='ocrx_word' id='word_1_668' title='bbox 2113 3586 2134 3615; x_wconf 73' lang='grc' dir='ltr'><strong><em>α</em></strong></span> <span class='ocrx_word' id='word_1_669' title='bbox 2169 3580 2330 3618; x_wconf 89' lang='lat' dir='ltr'>nemo</span> <span class='ocrx_word' id='word_1_670' title='bbox 2360 3561 2663 3633; x_wconf 89' lang='lat' dir='ltr'>principum</span> <span class='ocrx_word' id='word_1_671' title='bbox 2692 3561 2852 3628; x_wconf 89' lang='lat' dir='ltr'>hujus</span> <span class='ocrx_word' id='word_1_672' title='bbox 2900 3561 3083 3615; x_wconf 81' lang='lat' dir='ltr'>saeculi</span> <span class='ocrx_word' id='word_1_673' title='bbox 3128 3561 3418 3629; x_wconf 77' lang='lat' dir='ltr'>cognovit;</span> <span class='ocrx_word' id='word_1_674' title='bbox 3465 3559 3511 3613; x_wconf 93' lang='lat' dir='ltr'>si</span> <span class='ocrx_word' id='word_1_675' title='bbox 3558 3559 3702 3613; x_wconf 89' lang='lat' dir='ltr'>enim</span> 
     </span>
    </p>
   </div>
   <div class='ocr_carea' id='block_1_85' title="bbox 2113 3647 3704 3722">
    <p class='ocr_par' dir='ltr' id='par_1_85' title="bbox 2113 3647 3704 3722">
     <span class='ocr_line' id='line_1_86' title="bbox 2113 3647 3704 3722; baseline -0.005 -15"><span class='ocrx_word' id='word_1_676' title='bbox 2113 3676 2134 3700; x_wconf 81' lang='grc' dir='ltr'>α</span> <span class='ocrx_word' id='word_1_677' title='bbox 2173 3651 2557 3722; x_wconf 87' lang='lat' dir='ltr'>cognovissent</span> <span class='ocrx_word' id='word_1_678' title='bbox 2600 3665 2873 3720; x_wconf 89' lang='lat' dir='ltr'>nunquam</span> <span class='ocrx_word' id='word_1_679' title='bbox 2922 3649 3211 3703; x_wconf 88' lang='lat' dir='ltr'>Dominum</span> <span class='ocrx_word' id='word_1_680' title='bbox 3257 3648 3447 3721; x_wconf 75' lang='lat' dir='ltr'>gloriae</span> <span class='ocrx_word' id='word_1_681' title='bbox 3522 3647 3704 3702; x_wconf 90' lang='lat' dir='ltr'>cruci-</span> 
     </span>
    </p>
   </div>
   <div class='ocr_carea' id='block_1_86' title="bbox 2116 3735 3706 3807">
    <p class='ocr_par' dir='ltr' id='par_1_86' title="bbox 2116 3735 3706 3807">
     <span class='ocr_line' id='line_1_87' title="bbox 2116 3735 3706 3807; baseline -0.002 -13"><span class='ocrx_word' id='word_1_682' title='bbox 2116 3765 2136 3788; x_wconf 79' lang='grc' dir='ltr'>α</span> <span class='ocrx_word' id='word_1_683' title='bbox 2174 3739 2434 3794; x_wconf 86' lang='lat' dir='ltr'>fixissent.</span> <span class='ocrx_word' id='word_1_684' title='bbox 2470 3738 2577 3793; x_wconf 89' lang='lat' dir='ltr'>Sed</span> <span class='ocrx_word' id='word_1_685' title='bbox 2608 3738 2745 3792; x_wconf 90' lang='lat' dir='ltr'>sicut</span> <span class='ocrx_word' id='word_1_686' title='bbox 2802 3737 3063 3807; x_wconf 91' lang='lat' dir='ltr'>scripturn</span> <span class='ocrx_word' id='word_1_687' title='bbox 3087 3745 3169 3791; x_wconf 89' lang='lat' dir='ltr'>est</span> <span class='ocrx_word' id='word_1_688' title='bbox 3204 3755 3216 3790; x_wconf 93' lang='lat'><strong>:</strong></span> <span class='ocrx_word' id='word_1_689' title='bbox 3255 3759 3277 3787; x_wconf 72' lang='grc' dir='ltr'><strong>α</strong></span> <span class='ocrx_word' id='word_1_690' title='bbox 3326 3735 3484 3804; x_wconf 83' lang='lat' dir='ltr'>Quod</span> <span class='ocrx_word' id='word_1_691' title='bbox 3513 3736 3706 3791; x_wconf 91' lang='lat' dir='ltr'>oculus</span> 
     </span>
    </p>
   </div>
   <div class='ocr_carea' id='block_1_87' title="bbox 2117 3825 3705 3891">
    <p class='ocr_par' dir='ltr' id='par_1_87' title="bbox 2117 3825 3705 3891">
     <span class='ocr_line' id='line_1_88' title="bbox 2117 3825 3705 3891; baseline 0.001 -14"><span class='ocrx_word' id='word_1_692' title='bbox 2117 3854 2138 3877; x_wconf 79' lang='grc' dir='ltr'>ι(</span> <span class='ocrx_word' id='word_1_693' title='bbox 2175 3845 2283 3883; x_wconf 90' lang='lat' dir='ltr'>non</span> <span class='ocrx_word' id='word_1_694' title='bbox 2313 3827 2463 3891; x_wconf 90' lang='lat' dir='ltr'>vidit,</span> <span class='ocrx_word' id='word_1_695' title='bbox 2495 3842 2599 3881; x_wconf 92' lang='lat' dir='ltr'>nec</span> <span class='ocrx_word' id='word_1_696' title='bbox 2631 3825 2776 3880; x_wconf 90' lang='lat' dir='ltr'>auris</span> <span class='ocrx_word' id='word_1_697' title='bbox 2823 3825 3047 3890; x_wconf 90' lang='lat' dir='ltr'>audivit,</span> <span class='ocrx_word' id='word_1_698' title='bbox 3100 3841 3202 3880; x_wconf 91' lang='lat' dir='ltr'>nec</span> <span class='ocrx_word' id='word_1_699' title='bbox 3246 3825 3303 3879; x_wconf 91' lang='lat' dir='ltr'>in</span> <span class='ocrx_word' id='word_1_700' title='bbox 3332 3841 3425 3880; x_wconf 92' lang='lat' dir='ltr'>cor</span> <span class='ocrx_word' id='word_1_701' title='bbox 3471 3825 3705 3879; x_wconf 90' lang='lat' dir='ltr'>hominis</span> 
     </span>
    </p>
   </div>
   <div class='ocr_carea' id='block_1_88' title="bbox 2119 3913 3708 3986">
    <p class='ocr_par' dir='ltr' id='par_1_88' title="bbox 2119 3913 3708 3986">
     <span class='ocr_line' id='line_1_89' title="bbox 2119 3913 3708 3986; baseline -0.001 -18"><span class='ocrx_word' id='word_1_702' title='bbox 2119 3940 2141 3968; x_wconf 74' lang='grc' dir='ltr'><strong><em>α</em></strong></span> <span class='ocrx_word' id='word_1_703' title='bbox 2178 3916 2440 3980; x_wconf 87' lang='lat' dir='ltr'>ascendit,</span> <span class='ocrx_word' id='word_1_704' title='bbox 2490 3931 2611 3985; x_wconf 69' lang='lat' dir='ltr'>quae</span> <span class='ocrx_word' id='word_1_705' title='bbox 2656 3914 2984 3984; x_wconf 69' lang='lat' dir='ltr'>praeparavit</span> <span class='ocrx_word' id='word_1_706' title='bbox 3027 3914 3174 3967; x_wconf 89' lang='lat' dir='ltr'>Deus</span> <span class='ocrx_word' id='word_1_707' title='bbox 3202 3913 3286 3967; x_wconf 92' lang='lat' dir='ltr'>his</span> <span class='ocrx_word' id='word_1_708' title='bbox 3337 3913 3429 3984; x_wconf 90' lang='lat' dir='ltr'>qui</span> <span class='ocrx_word' id='word_1_709' title='bbox 3473 3913 3708 3986; x_wconf 87' lang='lat' dir='ltr'>diligunt</span> 
     </span>
    </p>
   </div>
   <div class='ocr_carea' id='block_1_89' title="bbox 2121 4002 3705 4072">
    <p class='ocr_par' dir='ltr' id='par_1_89' title="bbox 2121 4002 3705 4072">
     <span class='ocr_line' id='line_1_90' title="bbox 2121 4002 3705 4072; baseline -0.001 -15"><span class='ocrx_word' id='word_1_710' title='bbox 2121 4029 2143 4057; x_wconf 71' lang='grc' dir='ltr'><strong><em>α</em></strong></span> <span class='ocrx_word' id='word_1_711' title='bbox 2178 4006 2329 4060; x_wconf 90' lang='lat' dir='ltr'>illum</span> <span class='ocrx_word' id='word_1_712' title='bbox 2378 4004 2534 4071; x_wconf 87' lang='lat' dir='ltr'>(Isai.</span> <span class='ocrx_word' id='word_1_713' title='bbox 2592 4018 2743 4067; x_wconf 73' lang='lat' dir='ltr'>Lmv,</span> <span class='ocrx_word' id='word_1_714' title='bbox 2798 4003 2872 4072; x_wconf 75' lang='grc'>4).</span> <span class='ocrx_word' id='word_1_715' title='bbox 2933 4026 2952 4050; x_wconf 76' lang='grc' dir='ltr'>»ι</span> <span class='ocrx_word' id='word_1_716' title='bbox 2987 4002 3157 4056; x_wconf 90' lang='lat' dir='ltr'>Nobis</span> <span class='ocrx_word' id='word_1_717' title='bbox 3216 4009 3396 4056; x_wconf 87' lang='lat' dir='ltr'>autem</span> <span class='ocrx_word' id='word_1_718' title='bbox 3446 4002 3705 4057; x_wconf 87' lang='lat' dir='ltr'>revelavit</span> 
     </span>
    </p>
   </div>
   <div class='ocr_carea' id='block_1_90' title="bbox 2122 4090 3707 4162">
    <p class='ocr_par' dir='ltr' id='par_1_90' title="bbox 2122 4090 3707 4162">
     <span class='ocr_line' id='line_1_91' title="bbox 2122 4090 3707 4162; baseline 0 -18"><span class='ocrx_word' id='word_1_719' title='bbox 2122 4116 2143 4144; x_wconf 76' lang='grc' dir='ltr'>ι</span> <span class='ocrx_word' id='word_1_720' title='bbox 2178 4095 2325 4149; x_wconf 91' lang='lat' dir='ltr'>Deus</span> <span class='ocrx_word' id='word_1_721' title='bbox 2373 4108 2471 4162; x_wconf 90' lang='lat' dir='ltr'>per</span> <span class='ocrx_word' id='word_1_722' title='bbox 2512 4092 2770 4161; x_wconf 91' lang='lat' dir='ltr'>Spiritum</span> <span class='ocrx_word' id='word_1_723' title='bbox 2817 4107 2994 4144; x_wconf 90' lang='lat' dir='ltr'>suum.</span> <span class='ocrx_word' id='word_1_724' title='bbox 3066 4090 3292 4159; x_wconf 89' lang='lat' dir='ltr'>Spiritus</span> <span class='ocrx_word' id='word_1_725' title='bbox 3338 4090 3479 4144; x_wconf 92' lang='lat' dir='ltr'>enim</span> <span class='ocrx_word' id='word_1_726' title='bbox 3526 4090 3707 4144; x_wconf 88' lang='lat' dir='ltr'>omnia</span> 
     </span>
    </p>
   </div>
   <div class='ocr_carea' id='block_1_91' title="bbox 2123 4178 3712 4249">
    <p class='ocr_par' dir='ltr' id='par_1_91' title="bbox 2123 4178 3712 4249">
     <span class='ocr_line' id='line_1_92' title="bbox 2123 4178 3712 4249; baseline -0.001 -16"><span class='ocrx_word' id='word_1_727' title='bbox 2123 4203 2145 4233; x_wconf 78' lang='grc' dir='ltr'>ι</span> <span class='ocrx_word' id='word_1_728' title='bbox 2180 4188 2467 4247; x_wconf 88' lang='lat' dir='ltr'>scrutatur,</span> <span class='ocrx_word' id='word_1_729' title='bbox 2537 4179 2696 4234; x_wconf 87' lang='lat' dir='ltr'>etiam</span> <span class='ocrx_word' id='word_1_730' title='bbox 2743 4178 3012 4249; x_wconf 88' lang='lat' dir='ltr'>profunda</span> <span class='ocrx_word' id='word_1_731' title='bbox 3057 4178 3175 4233; x_wconf 92' lang='lat' dir='ltr'>Dei.</span> <span class='ocrx_word' id='word_1_732' title='bbox 3234 4178 3367 4248; x_wconf 87' lang='lat' dir='ltr'>Quis</span> <span class='ocrx_word' id='word_1_733' title='bbox 3414 4179 3557 4233; x_wconf 90' lang='lat' dir='ltr'>enim</span> <span class='ocrx_word' id='word_1_734' title='bbox 3607 4179 3712 4233; x_wconf 91' lang='lat' dir='ltr'>scit</span> 
     </span>
    </p>
   </div>
   <div class='ocr_carea' id='block_1_92' title="bbox 2123 4267 3711 4339">
    <p class='ocr_par' dir='ltr' id='par_1_92' title="bbox 2123 4267 3711 4339">
     <span class='ocr_line' id='line_1_93' title="bbox 2123 4267 3711 4339; baseline 0 -17"><span class='ocrx_word' id='word_1_735' title='bbox 2123 4294 2146 4322; x_wconf 70' lang='grc' dir='ltr'>ε</span> <span class='ocrx_word' id='word_1_736' title='bbox 2179 4270 2474 4334; x_wconf 91' lang='lat' dir='ltr'>hominum,</span> <span class='ocrx_word' id='word_1_737' title='bbox 2514 4284 2633 4339; x_wconf 68' lang='lat' dir='ltr'>qua:</span> <span class='ocrx_word' id='word_1_738' title='bbox 2666 4276 2789 4321; x_wconf 90' lang='lat' dir='ltr'>sunt</span> <span class='ocrx_word' id='word_1_739' title='bbox 2837 4267 3087 4335; x_wconf 91' lang='lat' dir='ltr'>hominis,</span> <span class='ocrx_word' id='word_1_740' title='bbox 3139 4267 3243 4321; x_wconf 92' lang='lat' dir='ltr'>nisi</span> <span class='ocrx_word' id='word_1_741' title='bbox 3291 4268 3505 4338; x_wconf 90' lang='lat' dir='ltr'>spiritus</span> <span class='ocrx_word' id='word_1_742' title='bbox 3534 4268 3711 4324; x_wconf 91' lang='lat' dir='ltr'>homi-</span> 
     </span>
    </p>
   </div>
   <div class='ocr_carea' id='block_1_93' title="bbox 416 4333 3706 4429">
    <p class='ocr_par' dir='ltr' id='par_1_93' title="bbox 416 4333 3706 4429">
     <span class='ocr_line' id='line_1_94' title="bbox 416 4333 3706 4429; baseline 0.001 -28"><span class='ocrx_word' id='word_1_743' title='bbox 416 4354 501 4401; x_wconf 87' lang='lat' dir='ltr'>est</span> <span class='ocrx_word' id='word_1_744' title='bbox 529 4353 588 4400; x_wconf 88' lang='lat' dir='ltr'>ut</span> <span class='ocrx_word' id='word_1_745' title='bbox 614 4344 759 4399; x_wconf 91' lang='lat' dir='ltr'>omni</span> <span class='ocrx_word' id='word_1_746' title='bbox 788 4344 938 4398; x_wconf 91' lang='lat' dir='ltr'>carni</span> <span class='ocrx_word' id='word_1_747' title='bbox 968 4343 1252 4399; x_wconf 86' lang='lat' dir='ltr'>conveniat</span> <span class='ocrx_word' id='word_1_748' title='bbox 1289 4359 1398 4399; x_wconf 92' lang='lat' dir='ltr'>non</span> <span class='ocrx_word' id='word_1_749' title='bbox 1429 4343 1651 4414; x_wconf 87' lang='lat' dir='ltr'>gloriari</span> <span class='ocrx_word' id='word_1_750' title='bbox 1694 4347 1756 4401; x_wconf 90' lang='lat' dir='ltr'>in</span> <span class='ocrx_word' id='word_1_751' title='bbox 1777 4364 2013 4420; x_wconf 84' lang='lat' dir='ltr'>eonspe-</span> <span class='ocrx_word' id='word_1_752' title='bbox 2044 4333 2095 4392; x_wconf 83' lang='lat' dir='ltr'>D</span> <span class='ocrx_word' id='word_1_753' title='bbox 2122 4382 2144 4411; x_wconf 66' lang='grc' dir='ltr'><strong>α</strong></span> <span class='ocrx_word' id='word_1_754' title='bbox 2180 4360 2283 4425; x_wconf 67' lang='grc' dir='ltr'>ωε,</span> <span class='ocrx_word' id='word_1_755' title='bbox 2318 4358 2409 4429; x_wconf 81' lang='lat' dir='ltr'>qui</span> <span class='ocrx_word' id='word_1_756' title='bbox 2440 4333 2493 4410; x_wconf 67' lang='lat' dir='ltr'>in</span> <span class='ocrx_word' id='word_1_757' title='bbox 2525 4333 2643 4426; x_wconf 60' lang='lat' dir='ltr'>ipso</span> <span class='ocrx_word' id='word_1_758' title='bbox 2690 4356 2819 4409; x_wconf 78' lang='lat' dir='ltr'>est?</span> <span class='ocrx_word' id='word_1_759' title='bbox 2865 4357 2943 4410; x_wconf 79' lang='lat' dir='ltr'>Ita</span> <span class='ocrx_word' id='word_1_760' title='bbox 2970 4364 3021 4410; x_wconf 75' lang='lat' dir='ltr'>et</span> <span class='ocrx_word' id='word_1_761' title='bbox 3069 4333 3189 4426; x_wconf 51' lang='lat' dir='ltr'>quae;</span> <span class='ocrx_word' id='word_1_762' title='bbox 3232 4333 3335 4410; x_wconf 61' lang='lat' dir='ltr'>Dei</span> <span class='ocrx_word' id='word_1_763' title='bbox 3376 4365 3499 4410; x_wconf 74' lang='lat' dir='ltr'>sunt</span> <span class='ocrx_word' id='word_1_764' title='bbox 3543 4374 3706 4411; x_wconf 81' lang='lat' dir='ltr'>nemo</span> 
     </span>
    </p>
   </div>
   <div class='ocr_carea' id='block_1_94' title="bbox 418 4431 2013 4504">
    <p class='ocr_par' dir='ltr' id='par_1_94' title="bbox 418 4431 2013 4504">
     <span class='ocr_line' id='line_1_95' title="bbox 418 4431 2013 4504; baseline 0.001 -14"><span class='ocrx_word' id='word_1_765' title='bbox 418 4438 519 4490; x_wconf 90' lang='lat' dir='ltr'>ctu</span> <span class='ocrx_word' id='word_1_766' title='bbox 546 4435 687 4504; x_wconf 77' lang='lat' dir='ltr'>eius,</span> <span class='ocrx_word' id='word_1_767' title='bbox 721 4431 927 4487; x_wconf 91' lang='lat' dir='ltr'>scilicet</span> <span class='ocrx_word' id='word_1_768' title='bbox 956 4432 1084 4503; x_wconf 85' lang='lat' dir='ltr'>quia</span> <span class='ocrx_word' id='word_1_769' title='bbox 1139 4433 1185 4487; x_wconf 90' lang='lat' dir='ltr'>si</span> <span class='ocrx_word' id='word_1_770' title='bbox 1228 4432 1617 4502; x_wconf 67' lang='lat' dir='ltr'>praedicatores</span> <span class='ocrx_word' id='word_1_771' title='bbox 1655 4434 2013 4503; x_wconf 88' lang='lat' dir='ltr'>abjectionem</span> 
     </span>
    </p>
   </div>
   <div class='ocr_carea' id='block_1_95' title="bbox 417 4520 2011 4594">
    <p class='ocr_par' dir='ltr' id='par_1_95' title="bbox 417 4520 2011 4594">
     <span class='ocr_line' id='line_1_96' title="bbox 417 4520 2011 4594; baseline 0.001 -17"><span class='ocrx_word' id='word_1_772' title='bbox 417 4522 502 4577; x_wconf 91' lang='lat' dir='ltr'>sui</span> <span class='ocrx_word' id='word_1_773' title='bbox 530 4521 943 4577; x_wconf 89' lang='lat' dir='ltr'>considerarent</span> <span class='ocrx_word' id='word_1_774' title='bbox 975 4538 988 4574; x_wconf 92' lang='lat'>:</span> <span class='ocrx_word' id='word_1_775' title='bbox 1020 4520 1107 4576; x_wconf 87' lang='lat' dir='ltr'>vel</span> <span class='ocrx_word' id='word_1_776' title='bbox 1136 4528 1325 4594; x_wconf 86' lang='lat' dir='ltr'>gentes</span> <span class='ocrx_word' id='word_1_777' title='bbox 1368 4536 1462 4576; x_wconf 91' lang='lat' dir='ltr'>eos</span> <span class='ocrx_word' id='word_1_778' title='bbox 1510 4536 1789 4578; x_wconf 69' lang='lat' dir='ltr'>conversae</span> <span class='ocrx_word' id='word_1_779' title='bbox 1817 4525 2011 4579; x_wconf 88' lang='lat' dir='ltr'>intelli-</span> 
     </span>
    </p>
   </div>
   <div class='ocr_carea' id='block_1_96' title="bbox 419 4608 2013 4684">
    <p class='ocr_par' dir='ltr' id='par_1_96' title="bbox 419 4608 2013 4684">
     <span class='ocr_line' id='line_1_97' title="bbox 419 4608 2013 4684; baseline 0.001 -19"><span class='ocrx_word' id='word_1_780' title='bbox 419 4618 631 4684; x_wconf 86' lang='lat' dir='ltr'>gerent,</span> <span class='ocrx_word' id='word_1_781' title='bbox 664 4609 796 4663; x_wconf 91' lang='lat' dir='ltr'>nihil</span> <span class='ocrx_word' id='word_1_782' title='bbox 827 4609 949 4673; x_wconf 90' lang='lat' dir='ltr'>sibi,</span> <span class='ocrx_word' id='word_1_783' title='bbox 983 4608 1081 4664; x_wconf 91' lang='lat' dir='ltr'>scd</span> <span class='ocrx_word' id='word_1_784' title='bbox 1103 4617 1272 4663; x_wconf 90' lang='lat' dir='ltr'>totum</span> <span class='ocrx_word' id='word_1_785' title='bbox 1295 4609 1643 4664; x_wconf 87' lang='lat' dir='ltr'>referendum</span> <span class='ocrx_word' id='word_1_786' title='bbox 1674 4627 1795 4667; x_wconf 90' lang='lat' dir='ltr'>esse</span> <span class='ocrx_word' id='word_1_787' title='bbox 1824 4614 2013 4683; x_wconf 77' lang='lat' dir='ltr'>gratiae</span> 
     </span>
    </p>
   </div>
   <div class='ocr_carea' id='block_1_97' title="bbox 418 4697 2016 4772">
    <p class='ocr_par' dir='ltr' id='par_1_97' title="bbox 418 4697 2016 4772">
     <span class='ocr_line' id='line_1_98' title="bbox 418 4697 2016 4772; baseline 0.001 -19"><span class='ocrx_word' id='word_1_788' title='bbox 418 4699 537 4753; x_wconf 90' lang='lat' dir='ltr'>Dei.</span> <span class='ocrx_word' id='word_1_789' title='bbox 574 4698 671 4754; x_wconf 89' lang='lat' dir='ltr'>Vel</span> <span class='ocrx_word' id='word_1_790' title='bbox 701 4698 774 4752; x_wconf 90' lang='lat' dir='ltr'>ita</span> <span class='ocrx_word' id='word_1_791' title='bbox 809 4715 821 4750; x_wconf 94' lang='lat'>:</span> <span class='ocrx_word' id='word_1_792' title='bbox 856 4698 924 4753; x_wconf 87' lang='lat' dir='ltr'>Ut</span> <span class='ocrx_word' id='word_1_793' title='bbox 954 4697 1071 4765; x_wconf 90' lang='lat' dir='ltr'>ejus</span> <span class='ocrx_word' id='word_1_794' title='bbox 1098 4713 1209 4753; x_wconf 91' lang='lat' dir='ltr'>non</span> <span class='ocrx_word' id='word_1_795' title='bbox 1252 4698 1331 4753; x_wconf 89' lang='lat' dir='ltr'>sic</span> <span class='ocrx_word' id='word_1_796' title='bbox 1380 4698 1706 4769; x_wconf 88' lang='lat' dir='ltr'>obliquetur,</span> <span class='ocrx_word' id='word_1_797' title='bbox 1741 4716 1849 4755; x_wconf 93' lang='lat' dir='ltr'>non</span> <span class='ocrx_word' id='word_1_798' title='bbox 1900 4702 2016 4772; x_wconf 90' lang='lat' dir='ltr'>glo-</span> 
     </span>
    </p>
   </div>
   <div class='ocr_carea' id='block_1_98' title="bbox 418 4786 2012 4857">
    <p class='ocr_par' dir='ltr' id='par_1_98' title="bbox 418 4786 2012 4857">
     <span class='ocr_line' id='line_1_99' title="bbox 418 4786 2012 4857; baseline 0.001 -15"><span class='ocrx_word' id='word_1_799' title='bbox 418 4789 578 4842; x_wconf 82' lang='lat' dir='ltr'>rietur</span> <span class='ocrx_word' id='word_1_800' title='bbox 612 4786 788 4841; x_wconf 91' lang='lat' dir='ltr'>omnis</span> <span class='ocrx_word' id='word_1_801' title='bbox 817 4801 948 4841; x_wconf 90' lang='lat' dir='ltr'>caro</span> <span class='ocrx_word' id='word_1_802' title='bbox 977 4786 1031 4839; x_wconf 91' lang='lat' dir='ltr'>in</span> <span class='ocrx_word' id='word_1_803' title='bbox 1063 4795 1357 4857; x_wconf 89' lang='lat' dir='ltr'>conspectu</span> <span class='ocrx_word' id='word_1_804' title='bbox 1388 4788 1504 4857; x_wconf 88' lang='lat' dir='ltr'>ejus</span> <span class='ocrx_word' id='word_1_805' title='bbox 1528 4788 1647 4856; x_wconf 88' lang='lat' dir='ltr'>Dei,</span> <span class='ocrx_word' id='word_1_806' title='bbox 1679 4788 1735 4842; x_wconf 91' lang='lat' dir='ltr'>id</span> <span class='ocrx_word' id='word_1_807' title='bbox 1765 4797 1847 4844; x_wconf 92' lang='lat' dir='ltr'>est</span> <span class='ocrx_word' id='word_1_808' title='bbox 1876 4806 2012 4846; x_wconf 90' lang='lat' dir='ltr'>con-</span> 
     </span>
    </p>
   </div>
   <div class='ocr_carea' id='block_1_99' title="bbox 419 4874 2015 4943">
    <p class='ocr_par' dir='ltr' id='par_1_99' title="bbox 419 4874 2015 4943">
     <span class='ocr_line' id='line_1_100' title="bbox 419 4874 2015 4943; baseline 0.003 -14"><span class='ocrx_word' id='word_1_809' title='bbox 419 4875 666 4930; x_wconf 87' lang='lat' dir='ltr'>siderans</span> <span class='ocrx_word' id='word_1_810' title='bbox 706 4874 955 4930; x_wconf 87' lang='lat' dir='ltr'>virtutem</span> <span class='ocrx_word' id='word_1_811' title='bbox 1000 4874 1101 4928; x_wconf 89' lang='lat' dir='ltr'>Dei</span> <span class='ocrx_word' id='word_1_812' title='bbox 1147 4885 1199 4929; x_wconf 90' lang='lat' dir='ltr'>et</span> <span class='ocrx_word' id='word_1_813' title='bbox 1260 4874 1626 4930; x_wconf 86' lang='lat' dir='ltr'>infirmitatem</span> <span class='ocrx_word' id='word_1_814' title='bbox 1671 4892 1863 4943; x_wconf 89' lang='lat' dir='ltr'>suam;</span> <span class='ocrx_word' id='word_1_815' title='bbox 1913 4894 2015 4934; x_wconf 90' lang='lat' dir='ltr'>nec</span> 
     </span>
    </p>
   </div>
   <div class='ocr_carea' id='block_1_100' title="bbox 415 4962 2015 5037">
    <p class='ocr_par' dir='ltr' id='par_1_100' title="bbox 415 4962 2015 5037">
     <span class='ocr_line' id='line_1_101' title="bbox 415 4962 2015 5037; baseline 0.002 -19"><span class='ocrx_word' id='word_1_816' title='bbox 415 4964 737 5034; x_wconf 75' lang='lat' dir='ltr'>praedicator</span> <span class='ocrx_word' id='word_1_817' title='bbox 767 4962 869 5016; x_wconf 91' lang='lat' dir='ltr'>sibi</span> <span class='ocrx_word' id='word_1_818' title='bbox 898 4979 1000 5019; x_wconf 93' lang='lat' dir='ltr'>nec</span> <span class='ocrx_word' id='word_1_819' title='bbox 1043 4963 1240 5017; x_wconf 90' lang='lat' dir='ltr'>subditi</span> <span class='ocrx_word' id='word_1_820' title='bbox 1270 4965 1543 5019; x_wconf 89' lang='lat' dir='ltr'>ascribant</span> <span class='ocrx_word' id='word_1_821' title='bbox 1588 4964 1789 5036; x_wconf 91' lang='lat' dir='ltr'>aliquid</span> <span class='ocrx_word' id='word_1_822' title='bbox 1835 4967 2015 5037; x_wconf 85' lang='lat' dir='ltr'>magi-</span> 
     </span>
    </p>
   </div>
   <div class='ocr_carea' id='block_1_101' title="bbox 418 5050 2014 5124">
    <p class='ocr_par' dir='ltr' id='par_1_101' title="bbox 418 5050 2014 5124">
     <span class='ocr_line' id='line_1_102' title="bbox 418 5050 2014 5124; baseline 0.003 -19"><span class='ocrx_word' id='word_1_823' title='bbox 418 5052 562 5117; x_wconf 89' lang='lat' dir='ltr'>stris,</span> <span class='ocrx_word' id='word_1_824' title='bbox 589 5050 739 5107; x_wconf 81' lang='grc'><strong>91</strong></span> <span class='ocrx_word' id='word_1_825' title='bbox 772 5052 868 5105; x_wconf 90' lang='lat' dir='ltr'>sed</span> <span class='ocrx_word' id='word_1_826' title='bbox 898 5060 1065 5107; x_wconf 90' lang='lat' dir='ltr'>totum</span> <span class='ocrx_word' id='word_1_827' title='bbox 1096 5053 1288 5124; x_wconf 72' lang='lat' dir='ltr'>gratia:</span> <span class='ocrx_word' id='word_1_828' title='bbox 1316 5053 1435 5108; x_wconf 91' lang='lat' dir='ltr'>Dei.</span> <span class='ocrx_word' id='word_1_829' title='bbox 1458 5054 1565 5108; x_wconf 89' lang='lat' dir='ltr'>Sed</span> <span class='ocrx_word' id='word_1_830' title='bbox 1593 5053 1719 5108; x_wconf 89' lang='lat' dir='ltr'>licet</span> <span class='ocrx_word' id='word_1_831' title='bbox 1746 5055 2014 5124; x_wconf 70' lang='lat' dir='ltr'>prmdica-</span> 
     </span>
    </p>
   </div>
   <div class='ocr_carea' id='block_1_102' title="bbox 418 5140 2016 5206">
    <p class='ocr_par' dir='ltr' id='par_1_102' title="bbox 418 5140 2016 5206">
     <span class='ocr_line' id='line_1_103' title="bbox 418 5140 2016 5206; baseline 0.003 -12"><span class='ocrx_word' id='word_1_832' title='bbox 418 5148 563 5195; x_wconf 89' lang='lat' dir='ltr'>tores</span> <span class='ocrx_word' id='word_1_833' title='bbox 589 5140 734 5193; x_wconf 89' lang='lat' dir='ltr'>stulti</span> <span class='ocrx_word' id='word_1_834' title='bbox 764 5149 946 5195; x_wconf 90' lang='lat' dir='ltr'>essent</span> <span class='ocrx_word' id='word_1_835' title='bbox 974 5148 1025 5195; x_wconf 92' lang='lat' dir='ltr'>et</span> <span class='ocrx_word' id='word_1_836' title='bbox 1054 5140 1274 5206; x_wconf 82' lang='lat' dir='ltr'>infirmi,</span> <span class='ocrx_word' id='word_1_837' title='bbox 1310 5158 1399 5197; x_wconf 87' lang='lat' dir='ltr'>vos</span> <span class='ocrx_word' id='word_1_838' title='bbox 1426 5150 1608 5196; x_wconf 90' lang='lat' dir='ltr'>tamen</span> <span class='ocrx_word' id='word_1_839' title='bbox 1657 5142 1790 5195; x_wconf 91' lang='lat' dir='ltr'>nihil</span> <span class='ocrx_word' id='word_1_840' title='bbox 1838 5144 2016 5199; x_wconf 87' lang='lat' dir='ltr'>minus</span> 
     </span>
    </p>
   </div>
   <div class='ocr_carea' id='block_1_103' title="bbox 414 5228 2015 5299">
    <p class='ocr_par' dir='ltr' id='par_1_103' title="bbox 414 5228 2015 5299">
     <span class='ocr_line' id='line_1_104' title="bbox 414 5228 2015 5299; baseline 0.003 -17"><span class='ocrx_word' id='word_1_841' title='bbox 414 5236 640 5299; x_wconf 87' lang='lat' dir='ltr'>prOpter</span> <span class='ocrx_word' id='word_1_842' title='bbox 670 5230 773 5284; x_wconf 89' lang='lat' dir='ltr'>hoc</span> <span class='ocrx_word' id='word_1_843' title='bbox 794 5229 1055 5283; x_wconf 90' lang='lat' dir='ltr'>habuistis</span> <span class='ocrx_word' id='word_1_844' title='bbox 1090 5247 1102 5282; x_wconf 92' lang='lat'>:</span> <span class='ocrx_word' id='word_1_845' title='bbox 1128 5231 1263 5284; x_wconf 84' lang='lat' dir='ltr'>estis</span> <span class='ocrx_word' id='word_1_846' title='bbox 1286 5230 1429 5284; x_wconf 91' lang='lat' dir='ltr'>enim</span> <span class='ocrx_word' id='word_1_847' title='bbox 1460 5233 1520 5284; x_wconf 87' lang='lat' dir='ltr'>in</span> <span class='ocrx_word' id='word_1_848' title='bbox 1554 5228 1771 5285; x_wconf 83' lang='lat' dir='ltr'>Christo</span> <span class='ocrx_word' id='word_1_849' title='bbox 1793 5233 1924 5287; x_wconf 79' lang='lat' dir='ltr'>Iesu</span> <span class='ocrx_word' id='word_1_850' title='bbox 1948 5232 2015 5287; x_wconf 89' lang='lat' dir='ltr'>fi-</span> 
     </span>
    </p>
   </div>
   <div class='ocr_carea' id='block_1_104' title="bbox 410 5316 2017 5387">
    <p class='ocr_par' dir='ltr' id='par_1_104' title="bbox 410 5316 2017 5387">
     <span class='ocr_line' id='line_1_105' title="bbox 410 5316 2017 5387; baseline 0.002 -16"><span class='ocrx_word' id='word_1_851' title='bbox 410 5317 561 5372; x_wconf 89' lang='lat' dir='ltr'>deles</span> <span class='ocrx_word' id='word_1_852' title='bbox 608 5318 751 5374; x_wconf 89' lang='lat' dir='ltr'>facti.</span> <span class='ocrx_word' id='word_1_853' title='bbox 799 5320 867 5372; x_wconf 89' lang='lat' dir='ltr'>Et</span> <span class='ocrx_word' id='word_1_854' title='bbox 913 5334 1033 5374; x_wconf 91' lang='lat' dir='ltr'>cum</span> <span class='ocrx_word' id='word_1_855' title='bbox 1081 5326 1226 5372; x_wconf 87' lang='lat' dir='ltr'>tanta</span> <span class='ocrx_word' id='word_1_856' title='bbox 1272 5316 1559 5372; x_wconf 88' lang='lat' dir='ltr'>infirmitas</span> <span class='ocrx_word' id='word_1_857' title='bbox 1604 5318 2017 5387; x_wconf 64' lang='lat' dir='ltr'>prmdicatorum</span> 
     </span>
    </p>
   </div>
   <div class='ocr_carea' id='block_1_105' title="bbox 411 5406 2018 5479">
    <p class='ocr_par' dir='ltr' id='par_1_105' title="bbox 411 5406 2018 5479">
     <span class='ocr_line' id='line_1_106' title="bbox 411 5406 2018 5479; baseline 0.003 -19"><span class='ocrx_word' id='word_1_858' title='bbox 411 5416 683 5479; x_wconf 75' lang='lat' dir='ltr'>appareat,</span> <span class='ocrx_word' id='word_1_859' title='bbox 730 5422 829 5463; x_wconf 91' lang='lat' dir='ltr'>vos</span> <span class='ocrx_word' id='word_1_860' title='bbox 876 5414 1058 5462; x_wconf 90' lang='lat' dir='ltr'>tamen</span> <span class='ocrx_word' id='word_1_861' title='bbox 1107 5406 1239 5460; x_wconf 89' lang='lat' dir='ltr'>nihil</span> <span class='ocrx_word' id='word_1_862' title='bbox 1286 5406 1465 5461; x_wconf 90' lang='lat' dir='ltr'>minus</span> <span class='ocrx_word' id='word_1_863' title='bbox 1513 5406 1757 5473; x_wconf 88' lang='lat' dir='ltr'>habetis;</span> <span class='ocrx_word' id='word_1_864' title='bbox 1806 5418 2018 5467; x_wconf 90' lang='lat' dir='ltr'>constat</span> 
     </span>
    </p>
   </div>
   <div class='ocr_carea' id='block_1_106' title="bbox 2118 4444 3706 4519">
    <p class='ocr_par' dir='ltr' id='par_1_106' title="bbox 2118 4444 3706 4519">
     <span class='ocr_line' id='line_1_107' title="bbox 2118 4444 3706 4519; baseline 0.003 -24"><span class='ocrx_word' id='word_1_865' title='bbox 2118 4472 2139 4496; x_wconf 79' lang='grc' dir='ltr'>α</span> <span class='ocrx_word' id='word_1_866' title='bbox 2176 4445 2451 4519; x_wconf 84' lang='lat' dir='ltr'>cognovit,</span> <span class='ocrx_word' id='word_1_867' title='bbox 2483 4445 2588 4499; x_wconf 90' lang='lat' dir='ltr'>nisi</span> <span class='ocrx_word' id='word_1_868' title='bbox 2617 4444 2846 4514; x_wconf 87' lang='lat' dir='ltr'>Spiritus</span> <span class='ocrx_word' id='word_1_869' title='bbox 2891 4444 3009 4499; x_wconf 90' lang='lat' dir='ltr'>Dei.</span> <span class='ocrx_word' id='word_1_870' title='bbox 3048 4445 3161 4499; x_wconf 93' lang='lat' dir='ltr'>Nos</span> <span class='ocrx_word' id='word_1_871' title='bbox 3190 4452 3368 4499; x_wconf 88' lang='lat' dir='ltr'>autem</span> <span class='ocrx_word' id='word_1_872' title='bbox 3405 4462 3514 4499; x_wconf 91' lang='lat' dir='ltr'>non</span> <span class='ocrx_word' id='word_1_873' title='bbox 3544 4446 3706 4516; x_wconf 90' lang='lat' dir='ltr'>spiri-</span> 
     </span>
    </p>
   </div>
   <div class='ocr_carea' id='block_1_107' title="bbox 2120 4533 3710 4605">
    <p class='ocr_par' dir='ltr' id='par_1_107' title="bbox 2120 4533 3710 4605">
     <span class='ocr_line' id='line_1_108' title="bbox 2120 4533 3710 4605; baseline 0 -16"><span class='ocrx_word' id='word_1_874' title='bbox 2120 4560 2140 4585; x_wconf 79' lang='grc' dir='ltr'>α</span> <span class='ocrx_word' id='word_1_875' title='bbox 2176 4545 2287 4590; x_wconf 90' lang='lat' dir='ltr'>tum</span> <span class='ocrx_word' id='word_1_876' title='bbox 2330 4534 2489 4602; x_wconf 88' lang='lat' dir='ltr'>hujus</span> <span class='ocrx_word' id='word_1_877' title='bbox 2553 4533 2741 4587; x_wconf 87' lang='lat' dir='ltr'>mundi</span> <span class='ocrx_word' id='word_1_878' title='bbox 2787 4533 3114 4603; x_wconf 88' lang='lat' dir='ltr'>accepimus,</span> <span class='ocrx_word' id='word_1_879' title='bbox 3167 4533 3263 4587; x_wconf 92' lang='lat' dir='ltr'>sed</span> <span class='ocrx_word' id='word_1_880' title='bbox 3330 4534 3585 4603; x_wconf 89' lang='lat' dir='ltr'>Spiritum</span> <span class='ocrx_word' id='word_1_881' title='bbox 3618 4536 3710 4605; x_wconf 89' lang='lat' dir='ltr'>qui</span> 
     </span>
    </p>
   </div>
   <div class='ocr_carea' id='block_1_108' title="bbox 2120 4621 3710 4692">
    <p class='ocr_par' dir='ltr' id='par_1_108' title="bbox 2120 4621 3710 4692">
     <span class='ocr_line' id='line_1_109' title="bbox 2120 4621 3710 4692; baseline 0.002 -18"><span class='ocrx_word' id='word_1_882' title='bbox 2120 4645 2141 4674; x_wconf 82' lang='grc'><strong>‹</strong></span> <span class='ocrx_word' id='word_1_883' title='bbox 2179 4640 2244 4678; x_wconf 85' lang='lat' dir='ltr'>ex</span> <span class='ocrx_word' id='word_1_884' title='bbox 2272 4625 2387 4677; x_wconf 91' lang='lat' dir='ltr'>Deo</span> <span class='ocrx_word' id='word_1_885' title='bbox 2419 4630 2520 4688; x_wconf 89' lang='lat' dir='ltr'>est,</span> <span class='ocrx_word' id='word_1_886' title='bbox 2554 4630 2610 4675; x_wconf 89' lang='lat' dir='ltr'>ut</span> <span class='ocrx_word' id='word_1_887' title='bbox 2662 4621 2894 4676; x_wconf 87' lang='lat' dir='ltr'>sciamus</span> <span class='ocrx_word' id='word_1_888' title='bbox 2946 4638 3066 4692; x_wconf 84' lang='lat' dir='ltr'>quae</span> <span class='ocrx_word' id='word_1_889' title='bbox 3094 4637 3126 4675; x_wconf 89' lang='lat' dir='ltr'>a</span> <span class='ocrx_word' id='word_1_890' title='bbox 3176 4623 3291 4676; x_wconf 89' lang='lat' dir='ltr'>Deo</span> <span class='ocrx_word' id='word_1_891' title='bbox 3337 4622 3535 4677; x_wconf 87' lang='lat' dir='ltr'>donata</span> <span class='ocrx_word' id='word_1_892' title='bbox 3585 4631 3710 4677; x_wconf 92' lang='lat' dir='ltr'>sunt</span> 
     </span>
    </p>
   </div>
   <div class='ocr_carea' id='block_1_109' title="bbox 2121 4710 3711 4781">
    <p class='ocr_par' dir='ltr' id='par_1_109' title="bbox 2121 4710 3711 4781">
     <span class='ocr_line' id='line_1_110' title="bbox 2121 4710 3711 4781; baseline 0.002 -18"><span class='ocrx_word' id='word_1_893' title='bbox 2121 4734 2143 4763; x_wconf 79' lang='grc'><strong>«</strong></span> <span class='ocrx_word' id='word_1_894' title='bbox 2177 4711 2355 4776; x_wconf 89' lang='lat' dir='ltr'>nobis,</span> <span class='ocrx_word' id='word_1_895' title='bbox 2391 4727 2511 4781; x_wconf 65' lang='lat' dir='ltr'>quae</span> <span class='ocrx_word' id='word_1_896' title='bbox 2559 4718 2611 4764; x_wconf 89' lang='lat' dir='ltr'>et</span> <span class='ocrx_word' id='word_1_897' title='bbox 2657 4710 2947 4780; x_wconf 88' lang='lat' dir='ltr'>loquimur,</span> <span class='ocrx_word' id='word_1_898' title='bbox 2992 4726 3099 4764; x_wconf 92' lang='lat' dir='ltr'>non</span> <span class='ocrx_word' id='word_1_899' title='bbox 3146 4711 3198 4763; x_wconf 91' lang='lat' dir='ltr'>in</span> <span class='ocrx_word' id='word_1_900' title='bbox 3247 4712 3420 4766; x_wconf 86' lang='lat' dir='ltr'>doctis</span> <span class='ocrx_word' id='word_1_901' title='bbox 3462 4712 3711 4766; x_wconf 79' lang='lat' dir='ltr'>humanae</span> 
     </span>
    </p>
   </div>
   <div class='ocr_carea' id='block_1_110' title="bbox 2121 4798 3710 4870">
    <p class='ocr_par' dir='ltr' id='par_1_110' title="bbox 2121 4798 3710 4870">
     <span class='ocr_line' id='line_1_111' title="bbox 2121 4798 3710 4870; baseline 0.001 -19"><span class='ocrx_word' id='word_1_902' title='bbox 2121 4822 2143 4851; x_wconf 85' lang='grc'><strong>«</strong></span> <span class='ocrx_word' id='word_1_903' title='bbox 2180 4799 2457 4870; x_wconf 56' lang='lat' dir='ltr'>sapientia</span> <span class='ocrx_word' id='word_1_904' title='bbox 2487 4798 2689 4861; x_wconf 88' lang='lat' dir='ltr'>verbis,</span> <span class='ocrx_word' id='word_1_905' title='bbox 2726 4798 2823 4853; x_wconf 89' lang='lat' dir='ltr'>sed</span> <span class='ocrx_word' id='word_1_906' title='bbox 2855 4799 2911 4852; x_wconf 91' lang='lat' dir='ltr'>in</span> <span class='ocrx_word' id='word_1_907' title='bbox 2957 4798 3197 4852; x_wconf 88' lang='lat' dir='ltr'>doctrina</span> <span class='ocrx_word' id='word_1_908' title='bbox 3242 4798 3491 4869; x_wconf 88' lang='lat' dir='ltr'>Spiritus,</span> <span class='ocrx_word' id='word_1_909' title='bbox 3542 4800 3710 4870; x_wconf 89' lang='lat' dir='ltr'>spiri-</span> 
     </span>
    </p>
   </div>
   <div class='ocr_carea' id='block_1_111' title="bbox 2120 4886 3712 4957">
    <p class='ocr_par' dir='ltr' id='par_1_111' title="bbox 2120 4886 3712 4957">
     <span class='ocr_line' id='line_1_112' title="bbox 2120 4886 3712 4957; baseline 0.002 -18"><span class='ocrx_word' id='word_1_910' title='bbox 2120 4911 2141 4939; x_wconf 72' lang='grc' dir='ltr'>α</span> <span class='ocrx_word' id='word_1_911' title='bbox 2178 4888 2410 4942; x_wconf 89' lang='lat' dir='ltr'>tualibus</span> <span class='ocrx_word' id='word_1_912' title='bbox 2432 4886 2733 4957; x_wconf 90' lang='lat' dir='ltr'>spiritualia</span> <span class='ocrx_word' id='word_1_913' title='bbox 2778 4896 3174 4957; x_wconf 89' lang='lat' dir='ltr'>comparantes.</span> <span class='ocrx_word' id='word_1_914' title='bbox 3226 4888 3484 4941; x_wconf 77' lang='lat' dir='ltr'>Animalis</span> <span class='ocrx_word' id='word_1_915' title='bbox 3532 4897 3712 4942; x_wconf 73' lang='lat' dir='ltr'>autem</span> 
     </span>
    </p>
   </div>
   <div class='ocr_carea' id='block_1_112' title="bbox 2122 4975 3709 5046">
    <p class='ocr_par' dir='ltr' id='par_1_112' title="bbox 2122 4975 3709 5046">
     <span class='ocr_line' id='line_1_113' title="bbox 2122 4975 3709 5046; baseline 0.001 -16"><span class='ocrx_word' id='word_1_916' title='bbox 2122 5001 2142 5023; x_wconf 81' lang='grc' dir='ltr'>α</span> <span class='ocrx_word' id='word_1_917' title='bbox 2180 4978 2343 5031; x_wconf 90' lang='lat' dir='ltr'>homo</span> <span class='ocrx_word' id='word_1_918' title='bbox 2400 4992 2506 5030; x_wconf 90' lang='lat' dir='ltr'>non</span> <span class='ocrx_word' id='word_1_919' title='bbox 2559 4975 2785 5045; x_wconf 87' lang='lat' dir='ltr'>percipit</span> <span class='ocrx_word' id='word_1_920' title='bbox 2829 4991 2893 5029; x_wconf 90' lang='lat' dir='ltr'>ea</span> <span class='ocrx_word' id='word_1_921' title='bbox 2933 4993 3053 5046; x_wconf 67' lang='lat' dir='ltr'>qua:</span> <span class='ocrx_word' id='word_1_922' title='bbox 3101 4983 3226 5029; x_wconf 88' lang='lat' dir='ltr'>sunt</span> <span class='ocrx_word' id='word_1_923' title='bbox 3283 4976 3514 5046; x_wconf 89' lang='lat' dir='ltr'>Spiritus</span> <span class='ocrx_word' id='word_1_924' title='bbox 3562 4977 3709 5031; x_wconf 87' lang='lat' dir='ltr'>Dei:</span> 
     </span>
    </p>
   </div>
   <div class='ocr_carea' id='block_1_113' title="bbox 2121 5062 3705 5137">
    <p class='ocr_par' dir='ltr' id='par_1_113' title="bbox 2121 5062 3705 5137">
     <span class='ocr_line' id='line_1_114' title="bbox 2121 5062 3705 5137; baseline 0.004 -24"><span class='ocrx_word' id='word_1_925' title='bbox 2121 5090 2145 5113; x_wconf 75' lang='grc' dir='ltr'>ι</span> <span class='ocrx_word' id='word_1_926' title='bbox 2180 5064 2402 5118; x_wconf 89' lang='lat' dir='ltr'>stultitia</span> <span class='ocrx_word' id='word_1_927' title='bbox 2449 5062 2589 5117; x_wconf 89' lang='lat' dir='ltr'>enim</span> <span class='ocrx_word' id='word_1_928' title='bbox 2640 5071 2720 5118; x_wconf 90' lang='lat' dir='ltr'>est</span> <span class='ocrx_word' id='word_1_929' title='bbox 2777 5063 2873 5127; x_wconf 88' lang='lat' dir='ltr'>illi,</span> <span class='ocrx_word' id='word_1_930' title='bbox 2921 5072 2973 5117; x_wconf 91' lang='lat' dir='ltr'>et</span> <span class='ocrx_word' id='word_1_931' title='bbox 3019 5080 3128 5118; x_wconf 93' lang='lat' dir='ltr'>non</span> <span class='ocrx_word' id='word_1_932' title='bbox 3171 5072 3348 5135; x_wconf 92' lang='lat' dir='ltr'>potest</span> <span class='ocrx_word' id='word_1_933' title='bbox 3378 5064 3705 5137; x_wconf 88' lang='lat' dir='ltr'>intelligere,</span> 
     </span>
    </p>
   </div>
   <div class='ocr_carea' id='block_1_114' title="bbox 2124 5151 3712 5224">
    <p class='ocr_par' dir='ltr' id='par_1_114' title="bbox 2124 5151 3712 5224">
     <span class='ocr_line' id='line_1_115' title="bbox 2124 5151 3712 5224; baseline 0.004 -24"><span class='ocrx_word' id='word_1_934' title='bbox 2124 5176 2145 5200; x_wconf 77' lang='grc' dir='ltr'>α</span> <span class='ocrx_word' id='word_1_935' title='bbox 2182 5152 2309 5224; x_wconf 86' lang='lat' dir='ltr'>quia</span> <span class='ocrx_word' id='word_1_936' title='bbox 2357 5151 2708 5221; x_wconf 90' lang='lat' dir='ltr'>spiritualiter</span> <span class='ocrx_word' id='word_1_937' title='bbox 2752 5152 3104 5206; x_wconf 84' lang='lat' dir='ltr'>examinatur.</span> <span class='ocrx_word' id='word_1_938' title='bbox 3181 5152 3487 5223; x_wconf 86' lang='lat' dir='ltr'>Spiritualis</span> <span class='ocrx_word' id='word_1_939' title='bbox 3536 5162 3712 5207; x_wconf 88' lang='lat' dir='ltr'>autem</span> 
     </span>
    </p>
   </div>
   <div class='ocr_carea' id='block_1_115' title="bbox 2124 5239 3713 5310">
    <p class='ocr_par' dir='ltr' id='par_1_115' title="bbox 2124 5239 3713 5310">
     <span class='ocr_line' id='line_1_116' title="bbox 2124 5239 3713 5310; baseline 0.004 -22"><span class='ocrx_word' id='word_1_940' title='bbox 2124 5264 2146 5288; x_wconf 89' lang='grc'><strong>‹‹</strong></span> <span class='ocrx_word' id='word_1_941' title='bbox 2176 5240 2380 5309; x_wconf 87' lang='lat' dir='ltr'>judicat</span> <span class='ocrx_word' id='word_1_942' title='bbox 2428 5239 2607 5295; x_wconf 89' lang='lat' dir='ltr'>omnia</span> <span class='ocrx_word' id='word_1_943' title='bbox 2630 5248 2681 5294; x_wconf 92' lang='lat' dir='ltr'>et</span> <span class='ocrx_word' id='word_1_944' title='bbox 2736 5240 2853 5310; x_wconf 89' lang='lat' dir='ltr'>ipse</span> <span class='ocrx_word' id='word_1_945' title='bbox 2884 5256 2916 5295; x_wconf 90' lang='lat' dir='ltr'>a</span> <span class='ocrx_word' id='word_1_946' title='bbox 2964 5241 3179 5296; x_wconf 91' lang='lat' dir='ltr'>nemine</span> <span class='ocrx_word' id='word_1_947' title='bbox 3230 5241 3523 5310; x_wconf 90' lang='lat' dir='ltr'>judicatur,</span> <span class='ocrx_word' id='word_1_948' title='bbox 3576 5241 3713 5296; x_wconf 89' lang='lat' dir='ltr'>sicut</span> 
     </span>
    </p>
   </div>
   <div class='ocr_carea' id='block_1_116' title="bbox 2126 5328 3714 5401">
    <p class='ocr_par' dir='ltr' id='par_1_116' title="bbox 2126 5328 3714 5401">
     <span class='ocr_line' id='line_1_117' title="bbox 2126 5328 3714 5401; baseline 0.002 -20"><span class='ocrx_word' id='word_1_949' title='bbox 2126 5351 2148 5381; x_wconf 73' lang='grc' dir='ltr'><strong>α</strong></span> <span class='ocrx_word' id='word_1_950' title='bbox 2188 5329 2446 5399; x_wconf 88' lang='lat' dir='ltr'>scriptum</span> <span class='ocrx_word' id='word_1_951' title='bbox 2476 5337 2557 5383; x_wconf 91' lang='lat' dir='ltr'>est</span> <span class='ocrx_word' id='word_1_952' title='bbox 2590 5347 2602 5383; x_wconf 92' lang='lat'>:</span> <span class='ocrx_word' id='word_1_953' title='bbox 2643 5350 2663 5378; x_wconf 70' lang='grc' dir='ltr'><strong>α</strong></span> <span class='ocrx_word' id='word_1_954' title='bbox 2699 5328 2831 5397; x_wconf 84' lang='lat' dir='ltr'>Quis</span> <span class='ocrx_word' id='word_1_955' title='bbox 2881 5329 3025 5384; x_wconf 90' lang='lat' dir='ltr'>enim</span> <span class='ocrx_word' id='word_1_956' title='bbox 3070 5329 3324 5401; x_wconf 87' lang='lat' dir='ltr'>cognovit</span> <span class='ocrx_word' id='word_1_957' title='bbox 3355 5346 3576 5384; x_wconf 88' lang='lat' dir='ltr'>sensum</span> <span class='ocrx_word' id='word_1_958' title='bbox 3602 5330 3714 5384; x_wconf 89' lang='lat' dir='ltr'>Do-</span> 
     </span>
    </p>
   </div>
   <div class='ocr_carea' id='block_1_117' title="bbox 2126 5418 3711 5489">
    <p class='ocr_par' dir='ltr' id='par_1_117' title="bbox 2126 5418 3711 5489">
     <span class='ocr_line' id='line_1_118' title="bbox 2126 5418 3711 5489; baseline 0.002 -20"><span class='ocrx_word' id='word_1_959' title='bbox 2126 5440 2149 5469; x_wconf 72' lang='grc' dir='ltr'><strong>α</strong></span> <span class='ocrx_word' id='word_1_960' title='bbox 2184 5418 2334 5485; x_wconf 90' lang='lat' dir='ltr'>mini,</span> <span class='ocrx_word' id='word_1_961' title='bbox 2396 5426 2488 5473; x_wconf 90' lang='lat' dir='ltr'>aut</span> <span class='ocrx_word' id='word_1_962' title='bbox 2562 5418 2683 5489; x_wconf 88' lang='lat' dir='ltr'>quis</span> <span class='ocrx_word' id='word_1_963' title='bbox 2737 5418 2966 5473; x_wconf 88' lang='lat' dir='ltr'>instruat</span> <span class='ocrx_word' id='word_1_964' title='bbox 3014 5419 3179 5474; x_wconf 77' lang='lat' dir='ltr'>eum?</span> <span class='ocrx_word' id='word_1_965' title='bbox 3236 5420 3389 5488; x_wconf 85' lang='lat' dir='ltr'>(Isai.</span> <span class='ocrx_word' id='word_1_966' title='bbox 3449 5434 3541 5485; x_wconf 76' lang='lat' dir='ltr'>XL,</span> <span class='ocrx_word' id='word_1_967' title='bbox 3606 5422 3711 5488; x_wconf 75' lang='lat' dir='ltr'>i3;</span> 
     </span>
    </p>
   </div>
  </div>
