3960 6036
195 241 296 292 133

816 231 1194 289 EXPOSITIO
1235 231 1307 286 IN
1345 228 1720 286 EPISTOLAS
1759 223 1989 281 PAULI.
2038 250 2107 261 —
2150 222 2223 277 IN
2259 220 2477 276 EPIST.
2520 221 2543 275 Ι
2578 222 2674 276 AD
2716 219 2874 276 COR.

3394 220 3495 274 134

205 383 225 411 ι
270 362 403 432 Sap.
438 375 519 428 1x,
555 364 617 414 t3
645 378 660 427 ;
691 363 845 415 Rom.
879 374 959 427 xx,
992 360 1103 428 34.)
1142 382 1161 407 ι»
1194 358 1308 413 Nos
1337 364 1517 411 autem
1572 369 1792 410 sensum
1812 356 1867 414 Α
1896 346 2149 418 baptismi
2172 354 2224 401 et
2260 346 2508 417 quaedam
2525 345 2647 413 alia,
2686 346 2782 400 sed
2813 361 2932 416 quae
2964 343 3291 399 abscondita
3310 347 3416 409 est,
3452 351 3507 398 et

205 472 227 501 ι
272 450 477 504 Christi
502 449 786 505 habemus.
837 472 857 495 n

772 696 780 701 -
837 675 1155 715 EXPOSITIO.

282 801 405 856 Dixi
432 801 576 871 quod
617 808 901 855 vocatores
934 800 1102 855 vestri
1146 800 1294 854 stulti
1324 808 1376 854 et
1414 796 1800 868 contemptibi-

207 891 289 945 les
321 889 577 943 fuerunt:
611 898 663 943 et
692 890 1146 959 quemadmodum
1177 889 1273 954 illi,
1318 888 1395 943 sic
1412 905 1505 960 ego
1537 890 1652 959 ipse
1674 904 1803 942 cum

208 981 491 1035 venissem
513 978 584 1032 ad
610 995 718 1042 vos,
740 995 769 1031 0
790 981 1021 1048 fratres,
1048 995 1161 1032 non
1196 979 1323 1033 veni
1353 994 1456 1049 per
1486 978 1804 1032 sublimita-

208 1073 324 1122 tem
348 1068 647 1130 sermonis,
684 1066 737 1119 id
758 1075 857 1131 est,
907 1066 1160 1121 laborans
1190 1064 1481 1120 artiﬁciose
1522 1064 1670 1135 loqui
1716 1072 1807 1119 :et

206 1157 281 1210 uti
313 1155 577 1228 gloriosis
602 1154 803 1221 verbis,
829 1170 951 1209 cum
982 1156 1167 1226 utique
1188 1163 1409 1225 propter
1439 1154 1804 1225 insipientiam

207 1260 317 1298 non
350 1244 535 1297 dimisi
561 1262 574 1308 ;
596 1252 688 1297 aut
702 1260 810 1298 non
829 1245 951 1299 veni
974 1261 1069 1314 per
1091 1244 1470 1297 sublimitatem
1489 1245 1803 1315 sapientiae,

212 1341 267 1386 ut
313 1348 413 1403 per
458 1332 788 1386 mundanam
840 1332 1161 1403 sapientiam
1218 1333 1371 1387 vobis
1418 1333 1797 1402 praedicarem.

210 1422 349 1475 Sunt
380 1421 527 1475 enim
579 1421 797 1492 quidam
838 1421 929 1492 qui
978 1421 1236 1475 sublimes
1276 1422 1493 1492 quidem
1525 1437 1807 1475 sermones

202 1510 430 1574 habent,
466 1525 566 1563 nec
588 1517 771 1563 tamen
802 1518 1005 1563 tantam
1050 1504 1373 1579 sapientiani
1408 1510 1559 1563 artis.
1608 1511 1809 1563 Iterum

207 1597 435 1668 quidam
469 1598 642 1652 sciunt
663 1606 937 1668 praecepta
977 1599 1125 1667 artis,
1174 1614 1283 1653 non
1330 1606 1511 1652 tamen
1550 1600 1677 1651 satis
1708 1599 1808 1651 ha—

1899 435 2104 492 nemini
2132 435 2237 489 nisi
2281 435 2470 505 paucis
2500 451 2600 505 per
2650 433 2907 504 Spiritum
2939 440 3188 488 sanctum
3235 432 3494 497 revelata,

1909 528 2083 595 Quam
2117 524 2439 595 sapientiam
2472 525 2615 578 Deus
2635 523 3067 595 praedestinavit
3102 524 3238 576 ante
3267 521 3495 590 sazcula,

1902 615 1957 669 id
1990 622 2071 669 est
2101 615 2248 668 Deus
2269 621 2336 667 ab
2365 620 2568 667 aeterno
2592 612 2671 666 sic
2722 610 2953 665 futuram
2995 609 3399 681 prmordinavit,
3431 610 3496 663 in

1903 705 2143 774 gloriam
2166 707 2444 769 nostram,
2478 700 2531 755 id
2566 709 2648 755 est
2678 701 2916 755 omnium
2933 698 3195 763 fidelium,
3216 708 3275 753 ut
3303 714 3495 753 omnes

1904 810 2005 863 per
2044 793 2183 847 hanc
2240 793 2537 846 habeamus
2584 799 2847 846 aeternam
2895 790 3146 861 gloriam.
3203 788 3297 844 Vel
3342 789 3415 841 ita
3442 788 3499 841 in

1903 882 2139 953 gloriam
2172 890 2432 946 nostram,
2465 881 2519 934 id
2549 888 2631 936 est
2662 880 3097 950 praedicatorum,
3123 878 3213 949 qui
3234 877 3499 931 ministra-

1904 987 2024 1023 mus
2074 971 2216 1025 hanc
2262 970 2600 1041 sapientiam.
2636 969 2979 1024 Conveniens
3034 968 3254 1039 quidem
3286 965 3402 1032 fuit,
3442 973 3501 1019 ut

1906 1075 2006 1113 nos
2028 1060 2118 1130 qui
2148 1059 2519 1113 ministramus
2548 1058 2688 1123 aliis,
2722 1058 2994 1128 copiosius
3042 1057 3161 1111 aliis
3190 1056 3258 1110 de
3278 1056 3382 1110 hac
3414 1070 3501 1109 sa-

1906 1148 2104 1218 pientia
2126 1148 2554 1220 intelligeremus
2575 1167 2589 1214 ;
2610 1148 2733 1219 quia
2754 1148 3097 1218 sapientiam
3120 1161 3282 1201 nemo
3292 1146 3504 1216 princi—

1904 1254 2041 1308 pum
2073 1237 2239 1309 hujus
2270 1238 2481 1303 swculi,
2503 1237 2558 1290 id
2587 1244 2669 1291 est
2698 1237 3143 1306 philosophorum
3173 1234 3260 1290 vel
3304 1234 3501 1289 daemor

1908 1343 2037 1380 num
2068 1328 2341 1397 cOgnovit.
2392 1328 2529 1381 Vere
2586 1326 2862 1397 principes
2919 1341 3028 1380 non
3072 1330 3495 1395 cognoverunt:

1908 1432 2043 1469 nam
2074 1417 2126 1471 si
2154 1417 2559 1486 cognovissent,
2586 1431 2879 1487 nunquam
2896 1414 3340 1481 cruciﬁxissent,
3376 1413 3499 1466 dia-

1910 1504 2019 1557 boli
2050 1503 2140 1574 qui
2164 1505 2267 1558 hoc
2322 1512 2620 1573 posuerunt
2674 1503 2729 1556 in
2783 1518 2875 1557 cor
2917 1502 3088 1567 Judae,
3149 1509 3206 1554 ut
3262 1500 3500 1555 traderet

1911 1608 2053 1656 eum,
2090 1592 2175 1646 vel
2206 1592 2260 1644 in
2291 1592 2461 1647 corda
2505 1591 2834 1655 Iudaeorum,
2866 1598 2923 1644 ut
2976 1589 3357 1662 cruciﬁgerent
3404 1590 3501 1643 Je-

203 1686 401 1739 bentes
434 1684 647 1741 artiticii
697 1686 1002 1742 locutionis.
1058 1687 1195 1759 Ego,
1243 1688 1481 1759 inquam,
1528 1703 1625 1757 per
1646 1686 1813 1740 subli-
1832 1718 1884 1776 B
1914 1697 2052 1733 sum.
2086 1681 2376 1751 Nunquam
2408 1681 2592 1750 utique
2609 1678 3019 1745 cruciﬁxissent,
3054 1695 3212 1749 quem
3242 1694 3343 1749 per
3363 1678 3503 1732 hanc

207 1775 457 1829 mitatem
480 1775 753 1829 sermonis
799 1783 890 1829 aut
930 1776 1209 1845 sapientia:
1258 1792 1367 1831 non
1408 1775 1531 1831 veni
1575 1792 1809 1831 annun-

212 1866 369 1918 tians
400 1864 547 1917 vobis
580 1864 904 1919 Christum:
927 1872 979 1918 et
1010 1866 1113 1920 hoc
1144 1881 1240 1935 per
1267 1864 1652 1929 testimonium,
1686 1864 1813 1935 quia

212 1952 365 2023 quod
396 1951 466 2005 de
517 1952 729 2006 Christo
770 1952 1038 2017 dicebam,
1090 1953 1169 2008 sic
1217 1952 1564 2009 testificatum
1593 1952 1647 2006 in
1695 1968 1815 2023 pro-

211 2040 397 2110 phetis
431 2041 811 2095 ostendebam.
834 2042 971 2095 Vere
993 2058 1101 2096 non
1118 2042 1172 2095 in
1195 2042 1523 2096 sublimitate
1546 2041 1813 2096 sermonis

210 2138 306 2182 aut
339 2129 622 2198 sapientia
652 2130 949 2199 praedicavi
990 2148 1003 2183 :
1040 2130 1197 2185 92
1241 2146 1356 2185 non
1388 2133 1540 2186 enim
1561 2130 1815 2201 judicavi

209 2234 301 2271 me
333 2220 484 2272 scire
514 2218 729 2288 aliquid
746 2220 889 2273 inter
918 2236 1029 2285 vos,
1054 2236 1175 2274 cum
1195 2220 1381 2291 utique
1411 2219 1580 2272 multa
1597 2218 1809 2286 scirem,

215 2307 333 2360 nisi
369 2306 658 2361 Christum
681 2308 887 2376 Iesum,
922 2312 978 2363 et
1001 2308 1151 2364 hunc
1191 2310 1492 2364 secundum
1536 2306 1815 2361 stultitiam

214 2394 472 2465 gentium
504 2403 556 2447 et
587 2393 953 2450 infirmitatem
973 2397 1283 2451 Judaeorum
1305 2398 1668 2466 cruciﬁxum.
1693 2395 1817 2449 Non

212 2483 363 2536 enim
386 2482 601 2553 praetuli
630 2500 716 2544 me
738 2484 859 2538 aliis
907 2485 1355 2554 praedicatoribus
1403 2502 1501 2556 pro
1550 2484 1818 2555 sapientia

213 2572 409 2625 mundi
432 2588 597 2642 quam
655 2573 991 2639 habueram;
1026 2575 1125 2628 sed
1154 2576 1402 2630 eamdem
1432 2574 1728 2637 stultitiam,
1764 2572 1818 2626 id

212 2669 297 2714 est
328 2675 552 2715 crucem
601 2661 799 2715 Christi
832 2663 1158 2732 praedicavi,
1198 2664 1653 2735 quemadmodum
1699 2661 1814 2715 illi:

211 2765 317 2818 per
364 2749 756 2804 sublimitatem
818 2752 1088 2806 sermonis
1118 2760 1171 2807 et
1200 2753 1477 2823 sapientiae
1531 2768 1642 2807 non
1670 2750 1814 2817 veni,

212 2852 317 2890 nec
350 2836 517 2891 etiam
563 2854 660 2908 per
703 2840 1065 2893 reverentiam
1136 2856 1419 2910 personae;
1452 2840 1549 2895 sed
1603 2856 1698 2911 ego
1734 2837 1823 2909 fui

218 2925 378 2996 apud
401 2942 493 2980 vos
512 2927 574 2980 in
604 2927 961 2994 inﬁrmitate,
994 2928 1046 2983 id
1071 2938 1153 2983 est
1181 2930 1235 2983 in
1253 2930 1420 2984 multa
1452 2928 1817 2992 tribulatione,

218 3022 273 3067 et
302 3021 533 3083 prOpter
562 3016 701 3070 hanc
746 3015 1110 3071 inﬁrmitatem
1164 3017 1240 3071 fui
1273 3020 1333 3073 in
1392 3019 1591 3074 timore
1641 3017 1739 3071 Dei
1768 3025 1821 3072 et

216 3106 469 3157 tremore
520 3104 785 3174 corporis.
842 3107 910 3159 Et
985 3106 1110 3161 licet
1158 3107 1273 3162 haec
1351 3107 1533 3162 omnia
1580 3114 1816 3178 paterer,

218 3198 411 3244 tamen
437 3207 618 3247 sermo
656 3209 815 3248 meus
863 3210 1025 3265 quem
1082 3195 1349 3250 habebam
1394 3196 1449 3249 in
1478 3195 1724 3266 privatis,
1767 3198 1822 3249 et

213 3279 555 3352 praedicatio
584 3297 708 3335 mea
728 3281 786 3334 in
816 3282 1034 3352 publico
1063 3284 1250 3338 habita
1275 3301 1391 3339 non
1438 3287 1555 3355 fuit
1609 3286 1673 3339 in
1703 3300 1824 3356 per-

215 3368 586 3423 suasibilibus
612 3371 790 3425 verbis
821 3369 1087 3426 humanae
1130 3375 1462 3444 sapientiae,
1504 3373 1561 3427 id
1586 3381 1667 3427 est
1714 3388 1823 3427 non

218 3464 437 3509 tantum
468 3458 649 3511 studui
678 3460 924 3528 apposite
953 3460 1100 3531 loqui
1129 3461 1195 3514 ad
1225 3462 1665 3531 persuadendum
1689 3479 1704 3526 ;
1727 3459 1824 3515 sed

220 3543 321 3597 fuit
350 3546 671 3614 praedicatio
700 3564 823 3601 mea
848 3549 911 3601 in
943 3551 1257 3605 ostensione
1288 3552 1545 3621 spiritus,
1580 3550 1635 3603 id
1667 3557 1747 3604 est
1769 3556 1826 3603 ut

222 3633 464 3702 Spiritus
494 3642 713 3688 sanctus
746 3637 1196 3707 comprobaretur
1226 3638 1373 3709 loqui
1402 3655 1502 3709 per
1529 3654 1635 3693 me.
1670 3641 1739 3694 Et
1768 3638 1824 3691 in

220 3722 541 3776 ostensione
574 3723 825 3788 virtutis,
858 3725 912 3778 id
925 3732 1007 3779 est
1028 3726 1408 3781 miraculorum
1455 3726 1555 3781 Dei
1588 3744 1599 3780 :
1628 3734 1681 3781 et
1702 3726 1825 3781 ideo

220 3810 279 3862 in
313 3808 511 3879 spiritu
533 3819 584 3864 et
610 3810 805 3866 virtute
828 3813 928 3867 Dei
949 3813 1146 3880 solum,
1170 3819 1235 3870 ut
1264 3816 1399 3883 ﬁdes
1422 3819 1627 3881 vestra,
1662 3830 1825 3886 quam

222 3897 388 3952 vobis
419 3898 734 3965 ministravi,
762 3917 875 3956 non
906 3904 980 3956 sit
1012 3903 1073 3955 in
1096 3904 1380 3974 sapientia
1401 3904 1711 3968 hominum,
1729 3903 1825 3957 sed

221 3994 443 4041 constet
464 3990 527 4041 in
547 3989 755 4043 virtute
787 3991 901 4045 Dei.
934 3991 1003 4044 Et
1031 3991 1155 4046 licet
1183 3992 1316 4045 nihil
1358 4008 1446 4046 me
1470 3992 1827 4061 judicaverim

226 4075 377 4130 scire
412 4075 556 4145 apud
577 4092 696 4142 vos,
730 4085 909 4132 tamen
929 4094 1028 4133 nos
1044 4081 1389 4151 sapientiam
1410 4082 1710 4153 loquimur,
1730 4081 1827 4135 sed

226 4165 389 4219 inter
417 4167 715 4235 perfectos,
742 4166 894 4221 vobis
924 4177 1105 4221 autem
1135 4169 1263 4239 quia
1291 4169 1595 4241 imperfecti
1641 4169 1823 4236 eratis,

226 4252 382 4322 loqui
411 4268 523 4307 non
544 4254 711 4323 potui.
735 4254 842 4309 Sed
863 4254 985 4311 licet
1001 4273 1111 4311 non
1141 4257 1489 4328 loqueremur
1509 4275 1627 4313 eam
1649 4258 1823 4327 vobis,

232 4349 424 4394 tamen
452 4342 712 4397 habemus
742 4344 1087 4414 sapientiam,
1116 4362 1218 4402 nec
1264 4348 1541 4403 carnalem
1582 4348 1678 4403 sed
1709 4347 1827 4418 Spi-

1915 1766 2318 1823 crucifixionem
2353 1769 2555 1823 scirent
2585 1784 2706 1822 esse
2736 1770 3037 1823 Dominum
3080 1769 3291 1838 gloriae.
3326 1767 3380 1822 Si
3404 1782 3503 1822 co-

1914 1858 2253 1929 gnovissent,
2299 1873 2409 1912 non
2449 1856 2860 1912 crucifixissent.
2907 1856 3014 1911 Sed
3068 1872 3178 1911 non
3220 1870 3501 1926 COgnove-

1914 1955 2056 2014 runt,
2109 1947 2245 2001 sicut
2293 1947 2555 2016 scriptum
2611 1954 2693 2000 est
2738 1946 2791 1999 in
2854 1946 3011 2000 Isaia.
3073 1946 3205 2013 Hoc,
3257 1945 3499 2016 inquam,

1916 2036 2179 2106 scriptum
2211 2044 2312 2101 est,
2351 2036 2490 2107 quod
2521 2036 2716 2092 oculus
2738 2052 2852 2089 non
2882 2033 3191 2105 viditxlsai.
3235 2048 3387 2100 wa,
3421 2036 3498 2103 4).

1916 2125 2047 2179 Illud
2108 2124 2252 2195 quod
2307 2125 2375 2179 de
2424 2124 2605 2178 littera
2661 2123 2812 2178 Pauli
2843 2130 3034 2194 est,'.et
3063 2138 3171 2177 non
3220 2124 3373 2177 Isaim
3428 2122 3507 2177 sic

1916 2213 2146 2268 dicentis
2180 2232 2193 2266 :
2230 2214 2454 2281 Oculus,
2479 2213 2533 2266 id
2565 2220 2646 2267 est
2676 2212 2944 2267 sensualis
2965 2213 3147 2278 homo,
3180 2228 3288 2266 non
3319 2227 3416 2282 per
3445 2227 3505 2266 se

1916 2302 2087 2367 vidit;
2122 2306 2176 2357 et
2206 2303 2381 2366 auris,
2414 2302 2469 2355 id
2498 2310 2581 2356 est
2629 2301 2769 2355 idem
2803 2301 3070 2355 sensualis
3115 2300 3398 2373 quodjper
3444 2315 3503 2354 se

1916 2390 2219 2463 intelligere
2251 2406 2359 2444 non
2396 2390 2586 2460 potuit,
2622 2390 2691 2444 ab
2708 2390 2815 2445 alio
2845 2390 3074 2445 docente
3102 2406 3216 2445 non
3247 2389 3506 2455 audivit;

1918 2496 2020 2535 nec
2050 2480 2221 2534 etiam
2240 2480 2301 2533 in
2330 2495 2444 2544 cor,
2469 2479 2523 2532 id
2553 2486 2634 2533 est
2665 2479 2719 2532 in
2750 2479 2923 2549 ipsam
2953 2478 3218 2533 rationem
3248 2477 3500 2547 hominis,

1918 2567 1969 2621 id
2003 2575 2084 2621 est
2113 2568 2418 2621 humaniter
2470 2568 2745 2638 sapientis,
2779 2568 3035 2623 ascendit
3066 2587 3084 2628 ;
3115 2567 3238 2638 quia
3259 2566 3305 2620 si
3343 2566 3504 2621 homo

1918 2656 2261 2727 intelligeret,
2296 2665 2424 2711 tunc
2480 2657 2669 2728 utique
2719 2657 2863 2728 quod
2910 2672 3017 2711 non
3046 2655 3355 2728 intelligens
3401 2654 3507 2711 vile

1919 2746 2111 2811 credit,
2146 2745 2469 2801 ascenderet
2512 2745 2567 2798 in
2598 2761 2682 2809 eo,
2706 2754 2757 2800 et
2786 2761 3047 2818 magnum
3077 2761 3199 2799 esse
3239 2744 3504 2800 crederet.

1921 2836 2067 2899 Haec,
2121 2834 2359 2905 inquam,
2423 2850 2525 2888 nec
2579 2834 2713 2888 vidit
2769 2850 2871 2889 nec
2893 2834 3093 2888 audivit
3151 2850 3290 2905 quae,
3318 2833 3372 2886 id
3429 2839 3510 2887 est

1921 2927 2136 2996 quanta
2163 2931 2216 2977 et
2245 2938 2407 2993 quam
2419 2922 2587 2995 digna
2602 2924 2746 2978 Deus
2764 2924 3106 2995 praeparavit
3139 2922 3225 2977 his
3256 2924 3353 2993 qui
3381 2922 3511 2976 dili-

1920 3015 2062 3083 gunt
2094 3028 2242 3067 eum.
2279 3012 2376 3065 Vel
2406 3011 2538 3065 illud
2571 3012 2716 3081 quod
2772 3028 2971 3066 nomen
2999 3027 3121 3066 esse
3176 3010 3385 3083 legatur
3406 3010 3503 3064 sic.

1927 3100 2194 3170 Scriptum
2222 3108 2303 3155 est
2343 3100 2448 3168 hic,
2485 3100 2613 3171 quia
2641 3100 2771 3154 illud
2800 3101 2944 3172 quod
2973 3102 3169 3156 oculus
3200 3116 3313 3155 non
3342 3099 3505 3165 vidit,

1924 3197 1975 3243 et
2004 3196 2200 3244 caetera
2233 3207 2245 3243 :
2280 3197 2361 3244 est
2377 3189 2468 3243 illa
2498 3206 2619 3261 quae
2660 3190 3003 3260 praeparavit
3033 3190 3179 3245 Deus
3214 3187 3511 3258 diligenti-

1924 3278 2022 3332 bus
2053 3294 2129 3333 se.
2164 3279 2230 3331 Et
2261 3285 2342 3332 est
2373 3278 2505 3331 satis
2544 3279 2684 3332 bona
2719 3278 2926 3333 relatio.

1996 3365 2211 3420 Diceret
2228 3366 2424 3437 aliquis
2444 3382 2455 3418 :
2480 3366 2535 3421 Si
2556 3366 2611 3419 in
2631 3382 2722 3421 cor
2742 3366 2977 3421 hominis
2994 3367 3097 3422 hoc
3118 3382 3226 3421 non
3243 3364 3507 3431 ascendit,

1925 3454 2199 3524 quomodo
2231 3470 2361 3524 ergo
2390 3462 2445 3508 tu
2475 3454 2654 3509 nosti?
2681 3456 2764 3508 Ad
2785 3455 2888 3510 hoc
2918 3456 3116 3509 Paulus
3144 3470 3155 3508 :
3188 3455 3363 3509 Nemo
3402 3454 3515 3524 qui-

1924 3542 2049 3597 dem
2062 3543 2221 3611 hujus
2241 3543 2423 3597 saaculi
2443 3543 2716 3614 cognovit;
2732 3543 3112 3615 sedjnobiszqui
3127 3544 3239 3612 jam
3252 3543 3513 3596 mundum

1926 3632 2191 3697 exuimus,
2226 3633 2495 3687 reuelauit
2534 3634 2637 3687 hoc
2683 3634 2828 3688 Deus
2866 3649 2967 3705 per
3006 3633 3285 3703 Spiritum
3322 3648 3509 3686 suum.

1927 3721 2157 3791 Spiritus
2188 3721 2332 3775 enim
2350 3722 2448 3776 Dei
2469 3721 2670 3791 docuit,
2690 3721 2746 3775 in
2763 3737 2870 3792 quo
2891 3722 3124 3775 humana
3136 3720 3398 3792 sapientia
3418 3737 3515 3791 pe-

1923 3810 2067 3863 nitus
2089 3808 2288 3865 deficit.
2310 3810 2649 3865 Credendum
2671 3818 2751 3865 est
2772 3810 2957 3881 utique
2974 3810 3119 3882 quod
3139 3827 3235 3881 per
3257 3810 3517 3880 Spiritum

1928 3898 2084 3954 93
2104 3915 2260 3953 suum
2275 3898 2592 3953 revelaverit
2609 3899 2765 3954 nobis
2786 3900 2931 3954 Deus
2956 3914 2967 3953 :
2993 3901 3131 3955 Nam
3154 3900 3401 3972 Spiritus
3415 3899 3515 3954 Dei

1928 3991 2221 4042 scrutatur
2251 3989 2461 4053 omnia,
2496 4003 2605 4042 non
2652 3989 2795 4059 quod
2816 3988 2933 4059 ipse
2968 3989 3213 4060 ignotum
3263 3988 3390 4059 quid
3411 3988 3515 4041 ha—

1927 4076 2070 4141 beat,
2105 4092 2272 4146 quare
2301 4093 2427 4130 eum
2455 4077 2689 4131 scrutari
2737 4085 3000 4148 oporteat,
3034 4078 3131 4132 sed
3174 4077 3299 4147 quia
3348 4076 3519 4147 aperit

1927 4164 2086 4218 nobis
2115 4165 2296 4219 omnia
2325 4181 2444 4235 quae
2491 4165 2727 4220 maximo
2784 4166 3045 4221 scrutinio
3110 4174 3233 4219 sunt
3288 4165 3512 4219 investi-

1929 4252 2131 4324 ganda.
2162 4252 2352 4323 Aperit
2382 4254 2544 4309 etiam
2565 4255 2721 4308 nobis
2761 4255 3047 4325 profunda
3097 4256 3213 4321 Dei,
3247 4254 3301 4308 id
3331 4262 3408 4309 est
3439 4254 3520 4307 al-

1928 4341 2069 4397 tiora
2089 4350 2142 4397 et
2173 4342 2464 4397 occultiora
2508 4342 2760 4397 essentia:
2804 4344 2923 4411 Dei,
2955 4351 3011 4397 ut
3058 4343 3190 4397 illud
3242 4343 3515 4415 quomodo

231 4429 507 4495 ritualem,
544 4448 663 4501 qua:
692 4431 855 4505 longe
876 4433 1092 4504 dignior
1121 4443 1202 4489 est
1223 4437 1430 4491 carnali
1458 4437 1545 4491 cui
1576 4437 1828 4490 adhere-
1857 4432 1910 4490 D
1931 4430 2160 4484 Trinitas
2211 4431 2266 4484 in
2322 4431 2545 4497 unitate,
2606 4430 2784 4486 unitas
2812 4432 2867 4485 in
2931 4431 3190 4486 Trinitate
3245 4440 3465 4487 maneat
3498 4446 3510 4485 :

233 4518 331 4570 tis.
376 4516 537 4584 Quod
567 4520 645 4574 sic
667 4520 1141 4590 ait:Sapientiam
1173 4525 1394 4596 quidem
1425 4525 1709 4591 habemus,
1731 4524 1831 4579 sed

234 4622 354 4662 non
386 4620 510 4660 eam
557 4624 677 4677 quae
716 4608 783 4662 sit
817 4611 985 4679 hujus
1014 4614 1228 4679 saeculi,
1288 4612 1343 4667 id
1372 4622 1453 4668 est
1506 4612 1825 4669 carnalium.

235 4694 425 4766 Neque
456 4695 617 4750 etiam
650 4713 767 4751 eam
798 4715 919 4769 qua:
950 4699 1017 4753 sit
1044 4703 1369 4773 principum
1401 4703 1569 4773 hujus
1613 4702 1827 4767 saeculi,

236 4782 293 4836 id
324 4792 409 4837 est
431 4784 518 4838 vel
540 4785 1004 4856 philosophorum,
1031 4789 1117 4842 vel
1139 4790 1503 4861 malignorum
1524 4791 1827 4862 spirituum,

239 4872 335 4943 qui
377 4872 753 4943 principantur
803 4876 1113 4932 hominibus
1166 4879 1371 4946 mundi,
1416 4881 1510 4952 qui
1557 4880 1833 4951 principes

240 4960 643 5026 destruantur,
669 4971 720 5017 et
749 4966 1047 5019 secundum
1104 4966 1402 5023 doctrinam
1425 4977 1478 5022 et
1535 4969 1833 5024 secundum

240 5050 345 5104 hoc
377 5051 526 5119 quod
547 5059 765 5121 pr0pter
794 5052 986 5107 falsam
1006 5054 1308 5110 doctrinam
1365 5057 1707 5111 damnantur.
1731 5057 1833 5112 Sa-

240 5138 507 5207 pientiam
537 5140 693 5207 hujus
726 5142 909 5196 saeculi
938 5158 1046 5197 non
1083 5144 1371 5215 loquimur,
1403 5146 1499 5200 sed
1556 5147 1838 5217 loquimur

242 5228 598 5298 sapientiam
618 5229 736 5293 Dei,
752 5229 1069 5285 existentem
1099 5233 1161 5286 in
1179 5235 1464 5305 mysterio.
1508 5233 1836 5304 Sapientiam

244 5316 342 5369 Dei
373 5315 467 5371 hic
499 5325 656 5371 vocat
674 5317 803 5371 illud
824 5318 1126 5385 consilium,
1151 5338 1259 5392 quo
1279 5323 1425 5377 Deus
1444 5338 1544 5393 per
1584 5323 1839 5379 incarna-

1931 4520 2123 4589 probat
2152 4520 2296 4591 quod
2327 4519 2459 4573 dixit
2490 4535 2522 4573 a
2550 4520 2748 4574 minori
2774 4528 2826 4574 et
2853 4536 2883 4573 a
2914 4520 3075 4574 simili
3095 4522 3167 4575 ita
3193 4521 3362 4576 :Vere
3393 4521 3519 4592 Spi-

1934 4608 2069 4662 ritus
2096 4608 2197 4663 Dei
2227 4615 2428 4662 tantum
2451 4608 2680 4664 scrutari
2728 4616 2906 4679 potest
2935 4625 2996 4664 ea
3045 4626 3164 4682 quae
3208 4618 3330 4664 sunt
3385 4610 3510 4665 Dei.

1932 4698 2071 4752 Nam
2102 4699 2342 4769 spiritus
2373 4697 2616 4754 hominis
2636 4706 2843 4752 tantum
2874 4700 3029 4754 novit
3061 4716 3127 4754 ea
3157 4716 3277 4771 quae
3317 4700 3381 4753 in
3401 4700 3520 4770 ipso

1944 4788 2166 4843 homine
2196 4791 2370 4854 sunt;
2403 4796 2455 4842 et
2487 4788 2532 4841 si
2562 4787 2710 4842 solus
2766 4786 2988 4859 spiritus
3016 4788 3252 4842 hominis
3282 4788 3431 4843 novit
3458 4802 3526 4843 ea

1936 4892 2057 4945 quae
2086 4883 2207 4930 sunt
2236 4876 2352 4944 ejus
2372 4876 2625 4942 hominis,
2660 4893 2760 4947 per
2805 4876 2980 4932 simile
3024 4884 3076 4931 et
3104 4893 3133 4930 a
3161 4877 3357 4946 majori
3387 4892 3523 4933 con-

1936 4972 2055 5029 stat,
2093 4965 2240 5035 quod
2269 4964 2495 5035 Spiritus
2523 4965 2623 5019 Dei
2651 4966 2797 5020 solus
2833 4974 3105 5021 scrutetur
3133 4983 3195 5021 ea
3225 4983 3345 5039 quae
3402 4975 3526 5022 sunt

1937 5053 2056 5107 Dei.
2078 5052 2235 5120 Quod
2260 5054 2336 5108 sic
2365 5054 2438 5108 ait
2470 5071 2483 5107 :
2518 5054 2768 5124 Spiritus,
2818 5055 3060 5126 inquam,
3102 5065 3375 5111 scrutatur
3393 5072 3525 5127 pro-

1938 5142 2103 5196 funda
2133 5142 2251 5196 Dei.
2286 5143 2425 5196 Nam
2445 5142 2565 5214 quis
2594 5143 2873 5197 hominum
2903 5143 3006 5199 scit
3036 5160 3101 5198 ea
3124 5148 3250 5217 quae
3279 5153 3403 5199 sunt
3422 5147 3526 5199 ho-

1939 5230 2101 5285 minis
2128 5231 2366 5297 alterius,
2392 5230 3018 5303 nisilspiritusﬁjusdem
3049 5233 3282 5288 hominis
3314 5234 3407 5304 qui
3445 5239 3527 5287 est

1940 5320 1996 5374 in
2012 5322 2131 5391 ipso
2158 5320 2185 5374 Τ
2203 5320 2377 5375 Nemo
2398 5320 2599 5392 utique.
2616 5322 3128 5393 thuandoquidem
3147 5338 3307 5377 nemo
3318 5336 3529 5393 cogno-

240 5404 444 5459 tionem
467 5404 586 5459 Filii
606 5406 897 5461 humanum
938 5424 1112 5479 genus
1161 5410 1370 5465 salvare
1417 5411 1701 5481 disposuit.
1751 5412 1844 5466 Sa-

242 5492 504 5562 pientiam
525 5494 665 5549 hanc
684 5494 1220 5565 loquimurlatentem
1240 5498 1529 5570 mysterio;
1549 5516 1649 5555 nec
1670 5501 1763 5570 ita,
1786 5508 1845 5555 ut

247 5582 559 5653 quicunque
586 5584 798 5653 possint
827 5600 949 5641 eam
970 5586 1420 5652 animadvertere,
1445 5598 1501 5644 ut
1528 5590 1846 5660 mysterium

1943 5410 2042 5466 scit
2061 5427 2181 5482 quas
2202 5418 2324 5465 sunt
2345 5409 2597 5476 hominis,
2622 5410 2727 5464 nisi
2746 5411 2968 5481 spiritus
2988 5411 3230 5481 ejusdem
3247 5429 3261 5477 ;
3276 5410 3349 5463 ita
3370 5409 3533 5464 simili

1945 5500 2171 5566 ratione,
2197 5507 2249 5555 et
2270 5516 2334 5555 ea
2355 5517 2475 5572 qua:
2498 5501 2595 5555 Dei
2627 5504 2786 5567 sunt,
2811 5516 2973 5556 nemo
3000 5501 3252 5571 cognovit
3277 5501 3395 5555 nisi
3415 5501 3533 5572 Spi-

1952 5590 2104 5644 ritus
2114 5590 2233 5654 Dei,
2249 5588 2339 5660 qui
2367 5587 2805 5659 nobislrevelavit
2829 5588 3154 5659 sapientiam
3168 5588 3286 5644 Dei.
3306 5588 3537 5643 Dixerat
