3960 6036
445 202 546 253 135

998 203 1054 258 S.
1097 202 1447 261 BRUNONIS
1486 204 2135 263 CARTHUSIANORUM
2174 208 2662 271 INSTITUTORIS
2702 214 2853 271 OPP.
2898 217 3071 274 PARS
3111 220 3177 275 II.

3631 228 3734 279 136

444 323 663 420 quidem
676 324 847 380 Deum
868 327 1144 420 revelasse
1163 329 1377 401 sibiper
1396 331 1789 403 Spiritum;sed
1810 333 2046 388 nondum
2070 334 2121 393 A
2157 355 2178 385 α
2215 342 2325 391 tum
2371 338 2538 395 dedit.
2578 341 2766 413 Itaque
2808 359 2985 414 neque
3016 343 3107 416 qui
3137 344 3341 415 plantat
3389 353 3471 402 est
3503 346 3725 420 aliquid,

443 413 651 468 dixerat
680 431 775 470 eos
806 417 1086 487 accepisse
1113 419 1370 490 Spiritum
1393 421 1561 486 illum,
1598 422 1666 476 de
1690 418 1795 494 quo
1818 422 2045 491 subjun-

447 502 527 574 git
565 503 772 559 :Nobis
806 522 913 561 non
944 514 1149 562 tantum
1182 510 1445 565 revelavit
1479 528 1578 581 per
1616 511 1868 582 Spiritum
1893 529 2051 567 suum

445 592 617 658 Deus,
653 594 749 647 sed
781 594 939 648 etiam
964 614 1063 653 nos
1093 599 1411 671 accepimus
1446 600 1707 671 spiritum
1730 618 1843 657 non
1876 600 2045 673 hujus

444 681 664 747 mundi,
690 682 786 738 sed
807 684 1083 756 Spiritum
1106 690 1305 759 quiest
1328 705 1401 743 ex
1422 690 1549 755 Deo,
1575 693 1638 743 ut
1663 706 1758 759 per
1778 706 1901 744 eum
1923 690 2042 760 Spi-

442 771 605 826 ritum
635 773 809 829 sciam
819 791 881 829 us
895 776 1155 845 mysteria
1169 777 1287 842 Dei,
1313 794 1433 849 qua:
1468 794 1567 847 per
1583 778 1813 850 gratiam
1834 779 2044 834 donata

442 865 581 916 sunt
606 863 763 917 nobis
796 880 830 917 a
860 864 988 932 Deo,
1039 882 1160 936 quae
1190 866 1349 919 etiam
1384 868 1666 938 loquimur
1694 876 1747 922 et
1776 867 2043 922 manifes-

440 959 637 1017 tamus,
676 968 793 1005 non
823 953 887 1006 in
918 953 1093 1009 doctis
1122 955 1296 1009 verbis
1324 956 1590 1010 humana:
1620 958 2040 1029 sapientiwhaa—

443 1034 614 1089 rendo
640 1054 653 1100 ;
684 1034 781 1089 sed
798 1035 1073 1105 loquimur
1094 1038 1209 1092 haec
1232 1038 1292 1092 in
1311 1039 1571 1094 doctrina
1590 1040 1858 1111 Spiritus,
1884 1041 1938 1095 id
1959 1049 2041 1095 est

442 1123 746 1179 secundum
777 1124 923 1194 quod
945 1124 1111 1180 dictat
1132 1125 1358 1196 Spiritus
1390 1135 1625 1192 sanctus,
1645 1136 1696 1183 et
1726 1129 1886 1184 docet
1904 1146 2029 1184 nos.

438 1213 554 1268 Nec
585 1213 999 1284 quibuscunque
1016 1215 1289 1286 loquimur
1320 1216 1437 1271 haac
1483 1217 1761 1287 mysteria,
1796 1219 1893 1272 sed
1913 1227 2038 1273 tan-

440 1303 553 1350 tum
573 1298 987 1368 spiritualibus,
1012 1315 1112 1353 nos
1130 1300 1251 1355 dico
1269 1306 1678 1371 comparantes,
1705 1302 1758 1356 id
1780 1311 1862 1357 est
1881 1320 2037 1375 aequo

440 1386 688 1441 examine
711 1386 1035 1441 trutinantes
1058 1390 1385 1460 spiritualia
1404 1390 1775 1460 spiritualibus
1800 1411 1813 1459 ;
1848 1392 1973 1463 quia
1992 1394 2037 1447 si

441 1474 780 1545 spiritualem
808 1476 1108 1531 auditorem
1140 1478 1422 1543 habemus,
1475 1479 1775 1549 spiritualia
1802 1481 1904 1551 ipsi
1934 1482 2035 1536 da-

440 1580 599 1630 mus;
634 1565 679 1619 si
701 1565 999 1633 carnalem,
1034 1566 1354 1621 reticemus.
1395 1568 1705 1638 Spiritualis
1734 1570 2037 1639 spiritualia

438 1653 701 1725 percipit;
736 1654 831 1709 sed
863 1655 1025 1709 homo
1080 1658 1349 1711 animalis
1403 1656 1494 1727 qui
1542 1657 1889 1713 sensualitate
1920 1660 2035 1714 sola

441 1742 607 1814 viget,
640 1749 698 1796 ut
728 1742 872 1797 aliud
903 1743 1119 1808 animal,
1178 1760 1287 1799 non
1335 1745 1566 1810 ratione,
1628 1746 1734 1815 hic,
1793 1746 2030 1818 inquam,

440 1847 555 1887 non
573 1832 815 1903 percipit
837 1848 903 1887 ea
920 1850 1039 1904 qua:
1060 1837 1196 1888 sunt
1219 1835 1463 1905 Spiritus
1477 1835 1593 1890 Dei.
1616 1836 1906 1907 Propterea
1926 1852 2033 1892 non

437 1919 685 1989 percipit,
721 1921 850 1992 quia
872 1922 1126 1977 stultitia
1149 1926 1233 1977 est
1270 1924 1379 1988 illi,
1413 1923 1467 1976 id
1500 1931 1576 1977 est
1599 1924 1725 1994 quia
1756 1926 1901 1995 quod
1924 1926 2034 1996 spi-

438 2008 574 2064 ritus
602 2008 760 2064 docet
782 2009 1004 2063 stultum
1036 2017 1246 2079 reputat
1290 2011 1577 2065 adhaerens
1623 2013 1955 2079 carnalitati;
1981 2022 2033 2069 et

438 2098 564 2169 quia
596 2098 818 2151 stultitia
853 2106 934 2153 est
964 2098 1057 2166 illi,
1083 2099 1205 2153 ideo
1222 2117 1337 2156 non
1352 2105 1539 2171 potest
1562 2103 1881 2174 intelligere
1912 2120 2033 2173 qua:

436 2195 561 2241 sunt
591 2187 819 2256 Spiritus
848 2187 973 2242 Dei.
1014 2188 1275 2242 Animalis
1314 2189 1497 2260 utique
1530 2206 1635 2245 non
1660 2199 1837 2261 potest
1867 2192 2030 2247 intel-

436 2274 630 2346 ligere,
656 2277 789 2347 quia
811 2278 1202 2345 examinatur,
1228 2277 1283 2331 id
1305 2286 1388 2331 est
1409 2280 1800 2349 comprobatur
1819 2280 2029 2334 anima-

435 2363 557 2419 litas
587 2364 722 2431 ejus,
756 2373 807 2418 et
837 2365 904 2419 de
934 2364 1211 2436 impietate
1244 2382 1339 2420 sua
1360 2367 1697 2421 convincitur
1712 2370 2031 2440 spirituali-

438 2456 544 2519 ter,
577 2452 630 2506 id
661 2462 742 2507 est
764 2469 861 2523 per
891 2453 1189 2523 spiritualia
1221 2454 1310 2508 illa
1342 2472 1461 2527 qua:
1494 2455 1598 2525 ipsi
1620 2458 2019 2512 conceduntur.

433 2542 581 2597 Deus
613 2541 756 2596 enim
786 2542 1107 2613 quibusdam
1138 2544 1229 2597 dat
1280 2544 1544 2614 quasdam
1590 2545 1814 2617 gratias,
1850 2546 2029 2601 sciens

435 2647 531 2686 eos
561 2647 661 2702 pro
691 2638 838 2686 certo
860 2631 1047 2702 gratia:
1074 2648 1181 2686 non
1215 2641 1602 2703 cooperaturos
1636 2652 1649 2699 ;
1684 2634 1779 2689 sed
1810 2636 1914 2690 hoc
1944 2634 2028 2689 fa-

436 2719 507 2776 cit
536 2727 593 2773 ut
620 2718 910 2774 manifesta
940 2720 1007 2774 sit
1036 2720 1326 2791 impiorum
1368 2722 1513 2789 justa
1570 2723 1865 2777 damnatio.
1928 2724 2028 2779 Vel

433 2808 507 2863 ita
538 2816 597 2863 ut
634 2808 1000 2879 impersonale
1048 2809 1136 2875 sit,
1186 2810 1551 2865 examinatur.
1610 2812 1871 2866 Animalis
1902 2812 2026 2867 ideo

432 2898 595 2953 homo
626 2914 735 2952 non
766 2897 995 2968 percipit
1026 2914 1092 2953 ea
1120 2915 1242 2969 quae
1271 2907 1392 2953 sunt
1442 2900 1692 2970 spiritus;
1729 2901 1853 2972 quia
1899 2916 2029 2956 exa-

432 2986 686 3051 minatur,
719 2986 772 3041 id
804 2995 885 3041 est
914 2985 973 3040 ﬁt
1002 2986 1327 3041 examinatio
1376 2996 1428 3042 et
1456 2989 1752 3059 approbata
1784 2990 2023 3062 cognitio

435 3091 627 3131 eorum
658 3074 1011 3146 spiritualiter
1040 3076 1291 3132 vivendo.
1326 3078 1392 3131 Hi
1424 3086 1601 3132 autem
1620 3078 1711 3150 qui
1740 3078 2027 3133 carnaliter

433 3164 637 3231 vivunt,
676 3164 981 3235 intelligere
1009 3174 1300 3237 nequeunt.
1334 3166 1595 3221 Animalis
1626 3182 1733 3222 non
1756 3167 1983 3237 percipit
2008 3185 2022 3232 ;

432 3254 530 3309 sed
558 3254 878 3325 spiritualis
898 3254 1127 3324 judicat
1176 3257 1385 3321 omnia,
1421 3255 1474 3310 id
1506 3264 1587 3311 est
1634 3256 1890 3311 discernit
1922 3255 2023 3311 eli-

430 3342 611 3413 gendo
643 3342 800 3407 bona,
836 3343 1182 3413 reprobando
1229 3344 1398 3399 mala.
1464 3346 1533 3399 Et
1559 3347 1676 3416 ipse
1732 3344 2025 3416 spiritualis

419 3431 719 3502 judicatur
762 3449 797 3485 a
827 3433 1055 3488 nemine
1104 3433 1341 3487 animali.
1376 3434 1624 3487 Carnalis
1655 3434 1801 3489 enim
1839 3434 2026 3506 nequit

428 3519 861 3576 animadvertere
892 3537 1133 3587 causam,
1167 3538 1338 3593 quare
1386 3522 1678 3593 spiritualis
1708 3523 1812 3578 hoc
1834 3523 2019 3594 eligat,

427 3608 657 3664 alterum
713 3610 936 3678 rejiciat.
998 3613 1138 3667 Vere
1188 3611 1486 3681 spiritualis
1533 3627 1640 3666 non
1692 3612 2023 3680 judicatura

429 3698 655 3753 carnali.
710 3700 848 3753 Nam
921 3699 1217 3769 spiritualis
1290 3700 1451 3754 habet
1518 3716 1739 3754 sensum
1798 3700 2017 3765 Christi,

431 3803 591 3857 quem
640 3786 871 3841 carnalis
909 3803 1241 3858 cognoscere
1294 3786 1498 3858 nequit.
1563 3787 1722 3855 Quod
1770 3788 1845 3841 ita
1900 3788 2018 3841 ait:

434 3875 565 3942 Quis
587 3873 835 3928 animalis
883 3878 1135 3946 cognovit
1180 3892 1428 3942 sensum,
1464 3875 1517 3929 id
1558 3885 1638 3931 est
1698 3876 2020 3946 sapientiam

427 3964 668 4031 Domini,
718 3971 775 4016 ut
817 3963 1027 4018 noverit
1058 3962 1441 4033 dispositiones
1474 3965 1608 4033 ejus.
1650 3972 1750 4023 Aut
1786 3968 1908 4037 quis
1932 3970 2021 4021 in-

429 4056 617 4107 struat
637 4068 768 4106 cum
803 4052 932 4122 quid
964 4051 1269 4107 faciendum
1290 4051 1393 4122 ipsi
1424 4053 1508 4119 sit,
1533 4053 1660 4124 quid
1683 4070 1790 4109 non
1811 4053 2020 4110 facien-

429 4139 597 4194 dum?
625 4139 887 4194 Animalis
917 4140 1101 4212 utique
1132 4157 1353 4195 sensum
1375 4141 1589 4195 Domini
1612 4159 1719 4197 non
1740 4144 2016 4214 cognovit,

429 4227 525 4283 sed
542 4244 641 4284 nos
654 4244 754 4299 per
775 4228 1018 4300 spiritum
1040 4246 1202 4301 quem
1239 4229 1567 4300 accepimus,
1591 4231 1853 4287 habemus
1893 4249 2021 4287 sen-

429 4333 554 4372 sum
583 4316 827 4384 Christi;
852 4325 904 4373 et
934 4318 1056 4374 ideo
1086 4335 1116 4373 a
1136 4318 1350 4373 nemine
1378 4318 1587 4375 carnali
1620 4335 1908 4390 possumus
1925 4321 2019 4390 ju-

426 4404 595 4460 dicari
608 4447 621 4460 .

1101 4478 1324 4533 CAPUT
1382 4480 1452 4533 IlI
1464 4520 1477 4533 .

502 4612 523 4641 ι
558 4590 629 4645 Et
657 4606 761 4661 ego
790 4590 1002 4661 fratres,
1027 4606 1135 4646 non
1166 4590 1313 4661 potui
1346 4591 1499 4646 vobis
1537 4591 1683 4664 loqui
1723 4593 1878 4665 quasi
1909 4592 2019 4665 spi-

426 4703 448 4727 α
484 4678 788 4748 ritualibus,
840 4681 939 4735 sed
996 4680 1152 4752 quasi
1198 4680 1527 4736 carnalibus.
1563 4683 1841 4754 Tanquam
1884 4698 2017 4753 par-

430 4792 452 4815 a
489 4768 629 4824 vulis
660 4768 714 4821 in
740 4768 976 4835 Christo,
1001 4768 1084 4824 lac
1109 4770 1261 4825 vobis
1284 4780 1468 4841 potum
1515 4771 1659 4838 dedi,
1704 4788 1811 4826 non
1836 4788 2018 4827 escam

432 4874 453 4897 α
489 4851 744 4905 Nondum
776 4852 920 4906 enim
965 4852 1259 4922 poteratis,
1315 4855 1411 4909 sed
1458 4871 1559 4910 nec
1606 4872 1748 4910 nunc
1798 4854 2019 4926 quidem

430 4959 451 4989 ι
488 4940 742 5008 potestis.
781 4940 975 4996 Adhuc
1006 4942 1147 4995 enim
1196 4944 1439 4997 carnales
1487 4944 1641 4998 estis.
1682 4944 1815 4998 Cum
1873 4943 2017 4997 enim

432 5048 454 5078 ι
489 5027 557 5080 sit
616 5028 754 5082 inter
812 5045 911 5084 vos
960 5029 1105 5084 zelus
1153 5040 1203 5085 et
1234 5032 1527 5097 contentio,
1561 5050 1741 5088 nonne
1772 5032 2017 5089 carnales

432 5140 453 5162 ι.
490 5116 640 5182 estis,
665 5124 717 5171 et
736 5118 1036 5173 secundum
1058 5120 1328 5175 hominem
1352 5120 1641 5174 ambulatis
1662 5121 1689 5174 ‘l
1717 5121 1851 5175 Cum
1872 5121 2015 5175 enim

429 5226 451 5250 α
490 5204 611 5275 quis
640 5205 801 5271 dicat,
832 5207 954 5280 Ego
985 5208 1202 5279 quidem
1252 5224 1370 5263 sum
1428 5208 1616 5273 Pauli;
1650 5209 1789 5262 alius
1838 5216 2015 5263 autem

433 5314 454 5342 ε
489 5309 595 5365 ego
634 5295 848 5365 Apollo,
884 5313 1063 5351 nonne
1093 5296 1340 5352 homines
1372 5296 1503 5351 estis
1523 5297 1550 5349 ?
1573 5296 1713 5364 Quid
1743 5297 1907 5369 igitur
1936 5304 2017 5350 est

429 5404 450 5429 ε
491 5383 684 5452 Apollo
712 5386 740 5439 Ἰ
770 5384 913 5452 Quid
944 5400 1074 5439 vero
1107 5385 1303 5439 Paulus
1326 5386 1353 5439 ἲ)
1375 5384 1598 5439 Ministri
1631 5386 1745 5454 ejus
1774 5385 1861 5441 cui
1893 5401 2016 5441 cre-

430 5490 451 5519 α
488 5470 727 5526 didistis.
769 5473 836 5526 Et
866 5472 1151 5543 unicuique
1182 5473 1318 5528 sicut
1348 5473 1610 5528 Dominus
1642 5473 1803 5529 94
1834 5473 2007 5529 dedit.

427 5578 448 5609 α
482 5558 603 5631 Ego
627 5560 890 5631 plantavi,
923 5561 1120 5633 Apollo
1140 5562 1333 5635 rigavit
1366 5580 1379 5617 :
1413 5563 1511 5619 sed
1541 5564 1688 5621 Deus
1718 5564 2018 5621 incremen-

2152 446 2173 475 α
2206 442 2382 499 neque
2414 430 2504 500 qui
2536 430 2705 501 rigat;
2738 433 2834 487 sed
2864 433 2954 503 qui
2986 433 3379 490 incrementum
3426 437 3537 503 dat,
3564 439 3732 492 Deus.

2148 544 2168 567 α
2207 519 2310 588 Qui
2340 527 2521 575 autem
2551 521 2756 591 plantat
2786 530 2837 577 et
2868 523 2960 594 qui
2992 523 3150 596 rigat,
3185 542 3349 579 unum
3380 535 3521 581 sunt.
3558 529 3739 583 Unus-

2148 630 2169 659 α
2204 608 2434 680 quisque
2478 618 2651 664 autem
2700 612 2975 682 propriam
3016 614 3323 669 mercedem
3361 616 3608 687 accipiet,
3636 635 3731 673 se-

2147 720 2166 742 α
2205 698 2436 752 cundum
2472 716 2623 753 suum
2673 699 2937 756 laborem.
2970 702 3068 756 Dei
3127 703 3272 758 enim
3305 721 3490 759 sumus
3522 706 3732 776 adjuto—

2146 810 2167 833 α
2206 803 2331 852 res;
2362 787 2460 841 Dei
2501 789 2827 860 agricultura
2878 791 3035 855 estis;
3097 792 3191 847 Dei
3246 793 3533 850 aediﬁcatio
3576 796 3726 851 estis.

2146 897 2167 925 α
2205 876 2511 931 Secundum
2543 877 2777 950 gratiam
2810 880 2907 933 Dei
2948 898 3069 952 quae
3098 882 3225 936 data
3257 891 3339 937 est
3375 884 3521 950 mihi,
3560 894 3614 938 ut
3636 902 3728 939 sa-

2144 986 2164 1015 ι
2199 965 2355 1035 piens
2384 966 2711 1022 architectus
2728 968 3135 1025 fundamentum
3156 972 3311 1042 posui
3338 992 3351 1038 ;
3377 973 3516 1027 alius
3550 982 3728 1029 autem

2144 1078 2164 1101 τε
2202 1055 2615 1125 supermdificat.
2678 1058 3056 1131 Unusquisque
3105 1069 3284 1115 autem
3340 1062 3520 1117 videat
3590 1079 3725 1134 quo-

2143 1144 2364 1198 «modo
2423 1144 2839 1215 supersedificet.
2897 1149 3327 1205 Fundamentum
3378 1151 3520 1205 enim
3577 1152 3723 1207 aliud

2142 1253 2163 1281 α
2199 1249 2359 1288 nemo
2388 1242 2565 1303 potest
2583 1251 2803 1304 ponere,
2848 1245 3044 1307 praeter
3072 1238 3126 1292 id
3171 1240 3315 1310 quod
3359 1240 3594 1310 positum
3626 1249 3724 1310 est,

2142 1344 2163 1370 α
2185 1322 2330 1393 quod
2360 1332 2442 1378 est
2471 1326 2719 1381 Christus
2748 1328 2928 1381 Jesus.
2979 1327 3034 1382 Si
3064 1328 3183 1399 quis
3214 1337 3393 1383 autem
3424 1330 3725 1400 superaedi-

2140 1432 2161 1461 ι
2200 1412 2319 1468 ficat
2351 1430 2516 1484 supra
2559 1414 2965 1492 fundamentum
3007 1417 3130 1484 hoc,
3179 1433 3387 1487 aurem,
3421 1427 3724 1492 argentum,

2138 1528 2159 1550 ι
2192 1502 2398 1573 lapides
2420 1490 2708 1576 pretiosos,
2762 1506 2929 1577 ligna,
2967 1505 3168 1573 fenum,
3214 1490 3507 1577 stipulam;
3533 1508 3727 1562 unius-

2137 1613 2157 1637 α
2198 1593 2459 1666 cujusque
2489 1612 2623 1667 opus
2655 1594 2996 1651 manifestum
3028 1595 3143 1649 erit.
3178 1596 3307 1650 Dies
3336 1596 3480 1651 enim
3512 1597 3728 1651 Domini

2064 1699 2115 1759 Β
2142 1702 2162 1727 ‹‹
2202 1682 2521 1749 declarabit,
2558 1685 2684 1756 quia
2714 1685 2768 1738 in
2802 1684 2927 1755 igne
2984 1684 3315 1760 revelabitur
3348 1693 3438 1739 :et
3468 1686 3724 1741 uniuscu-

2141 1794 2163 1822 ι
2192 1772 2391 1843 jusque
2438 1790 2574 1843 opus
2621 1773 2779 1845 quale
2830 1773 2916 1838 sit,
2968 1772 3112 1844 ignis
3156 1773 3427 1843 probabit.
3483 1774 3537 1829 Si
3569 1775 3722 1843 cujus

2140 1883 2160 1911 α
2196 1878 2332 1932 opus
2380 1862 2635 1917 manserit
2683 1863 2829 1934 quod
2883 1861 3352 1933 superaediﬁcavil,
3411 1864 3724 1919 mercedem

2137 1974 2158 1997 α
2197 1951 2444 2021 accipiet.
2481 1951 2535 2006 Si
2566 1952 2715 2020 cujus
2742 1968 2879 2022 opus
2928 1950 3141 2017 arserit,
3196 1951 3577 2006 detrimentum
3616 1969 3721 2023 pa-

2137 2061 2157 2089 «
2194 2039 2355 2094 tietur
2388 2040 2541 2110 :ipse
2599 2049 2781 2095 autem
2824 2041 3005 2095 salvus
3039 2040 3158 2106 erit,
3210 2041 3288 2095 sic
3329 2049 3505 2096 tamen
3566 2042 3719 2113 quasi

2136 2150 2157 2179 ι
2192 2145 2289 2199 per
2315 2128 2521 2201 ignem.
2580 2129 2813 2184 Nescitis
2853 2129 2978 2201 quia
3024 2129 3285 2200 templum
3332 2130 3431 2185 Dei
3470 2130 3617 2200 estis,
3668 2139 3721 2186 et

2135 2237 2156 2267 ι
2193 2217 2421 2287 Spiritus
2454 2218 2551 2273 Dei
2582 2218 2786 2272 habitat
2816 2219 2869 2271 in
2899 2218 3053 2273 vobis
3082 2220 3109 2273 ?
3140 2218 3195 2273 Si
3225 2219 3345 2289 quis
3366 2226 3544 2274 autem
3576 2228 3718 2273 tem-

2135 2326 2156 2355 «
2189 2306 2337 2375 plum
2371 2306 2467 2360 Dei
2499 2306 2797 2371 violaverit,
2832 2307 3105 2377 disperdat
3135 2306 3286 2361 illum
3320 2308 3484 2362 Deus.
3524 2332 3542 2355 ι
3568 2308 3721 2362 Tem-

2134 2393 2340 2464 «plum
2393 2394 2537 2449 enim
2567 2395 2665 2449 Dei
2697 2403 2939 2449 sanctum
2988 2403 3089 2459 est,
3147 2396 3288 2467 quod
3343 2398 3473 2451 estis
3522 2412 3618 2452 vos
3648 2397 3726 2465 (II

2130 2504 2152 2533 ι
2191 2482 2309 2538 Cor.
2344 2499 2419 2551 vr,
2458 2484 2563 2553 t6).
2602 2505 2623 2533 »
2657 2485 2830 2538 Nemo
2862 2500 2959 2539 vos
2989 2484 3228 2539 seducet.
3265 2484 3320 2539 Si
3351 2484 3471 2556 quis
3503 2485 3717 2540 videtur

2132 2593 2153 2621 ι
2190 2572 2330 2626 inter
2360 2588 2455 2627 vos
2479 2572 2697 2643 sapiens
2728 2590 2849 2628 esse
2880 2573 2932 2626 in
2955 2575 3058 2629 hoc
3116 2574 3335 2639 saeculo,
3384 2575 3576 2628 stultus
3624 2573 3717 2629 ﬁat

2131 2683 2151 2707 ιι
2196 2669 2253 2715 ut
2272 2660 2339 2715 sit
2372 2662 2608 2732 sapiens.
2646 2662 2917 2732 Sapientia
2958 2662 3103 2717 enim
3133 2663 3293 2731 hujus
3342 2663 3527 2717 mundi
3575 2663 3714 2717 stul-

2130 2772 2151 2795 α
2188 2750 2299 2803 titia
2331 2758 2413 2805 est
2443 2750 2585 2821 apud
2609 2752 2801 2805 Deum.
2836 2750 3109 2821 Scriptum
3161 2759 3243 2806 est
3275 2751 3419 2805 enim
3452 2770 3464 2805 :
3501 2776 3520 2797 υ
3550 2752 3716 2806 Com-

2131 2859 2152 2888 ε
2189 2839 2525 2909 prehendam
2576 2839 2850 2909 sapientes
2877 2839 2929 2892 in
2989 2839 3184 2894 astutia
3235 2855 3422 2895 eorum
3488 2840 3623 2911 (Job.
3660 2856 3715 2909 v,

2131 2950 2151 2973 α
2190 2927 2297 2995 13).
2336 2949 2356 2977 »
2396 2929 2459 2982 Et
2523 2928 2758 2983 iterum:
2799 2948 2819 2978 ι
2868 2927 3128 2983 Dominus
3176 2928 3323 2983 novit
3356 2928 3715 3000 cogitationes

2128 3036 2149 3065 ι
2186 3015 2525 3086 sapientium,
2551 3016 2800 3088 quoniam
2836 3032 2988 3071 vanae
3018 3025 3140 3071 sunt
3162 3018 3340 3083 (Psal.
3370 3032 3525 3086 xcm,
3554 3018 3660 3085 lt).
3693 3042 3715 3065 ι»

2128 3125 2149 3155 «
2182 3105 2358 3160 Nemo
2388 3106 2563 3177 itaque
2603 3106 2866 3178 glorietur
2895 3106 2949 3160 in
2986 3106 3312 3161 hominibus.
3348 3106 3539 3161 Omnia
3570 3106 3713 3161 enim

2129 3216 2150 3244 (
2194 3202 2376 3250 vestra
2406 3202 2549 3260 sunt,
2584 3195 2698 3249 sive
2728 3196 2939 3263 Paulus,
2975 3196 3088 3251 sive
3119 3195 3332 3266 Apollo,
3357 3195 3469 3250 sive
3482 3196 3715 3265 Cephas,

2128 3305 2149 3333 ι
2186 3282 2303 3338 sive
2333 3284 2583 3353 mundus,
2618 3285 2730 3338 sive
2762 3284 2889 3351 vita,
2921 3284 3035 3339 sive
3066 3301 3228 3350 mors,
3255 3285 3369 3339 sive
3399 3284 3713 3355 praesentia,

2128 3394 2149 3419 «
2187 3373 2301 3427 sive
2330 3373 2525 3427 futura.
2561 3373 2755 3428 Omnia
2785 3374 2927 3427 enim
2968 3381 3149 3427 vestra
3194 3382 3317 3428 sunt
3352 3389 3363 3427 :
3397 3389 3494 3429 vos
3537 3382 3716 3428 autem

2128 3482 2149 3511 α
2187 3461 2423 3528 Christi;
2458 3462 2705 3517 Christus
2733 3470 2913 3517 autem
2941 3462 3060 3516 Dei.
3102 3486 3123 3510 ι·

2760 3601 3075 3641 ΕΧΡΟΞΙΤΙΟ.

2192 3699 2338 3755 Licet
2369 3699 2561 3754 fratres
2586 3700 2890 3770 spirituales
2921 3701 3109 3767 simus,
3134 3701 3274 3756 sicut
3304 3708 3583 3755 ostensum
3604 3708 3708 3767 est,

2122 3794 2175 3841 et
2205 3786 2495 3856 spiritualia
2525 3788 2838 3853 doceamus,
2866 3796 3045 3842 tamen
3068 3805 3183 3858 ego,
3217 3792 3445 3857 fratres,
3471 3805 3585 3843 non
3615 3805 3709 3859 po-

2125 3876 2212 3929 tui
2244 3876 2387 3931 vobis
2421 3877 2569 3947 loqui
2599 3878 3185 3949 quasispiritualibus,
3208 3878 3303 3932 sed
3324 3878 3483 3949 quasi
3500 3893 3713 3931 carna-

2123 3964 2265 4019 libus
2295 3964 2508 4019 locutus
2539 3982 2691 4019 sum:
2727 3973 2779 4019 et
2800 3966 2927 4036 quia
2956 3966 3197 4021 carnales
3216 3967 3397 4031 eratis,
3424 3964 3551 4020 dedi
3568 3954 3715 4020 vobis

2123 4057 2393 4125 tanquam
2424 4055 2675 4124 parvulis
2705 4056 2767 4108 in
2798 4054 3033 4119 Christo,
3070 4054 3124 4108 id
3154 4063 3232 4108 est
3274 4053 3478 4109 teneris
3510 4053 3565 4107 in
3605 4052 3713 4109 ﬁde

2122 4148 2319 4203 Christi
2351 4151 2436 4204 lac
2451 4154 2667 4220 potum.
2695 4150 2796 4204 Per
2816 4149 2897 4204 lac
2926 4149 3192 4221 significat
3221 4150 3563 4205 dulcedinem
3583 4150 3714 4204 doc-

2122 4237 2277 4292 trinae
2310 4256 2322 4302 ;
2356 4253 2453 4306 per
2479 4245 2684 4307 potum,
2711 4236 3041 4293 facilitatem.
3096 4238 3231 4291 Dedi
3262 4238 3417 4292 vobis
3447 4238 3545 4305 lac,
3593 4254 3711 4293 non

2120 4342 2325 4391 escam,
2349 4325 2403 4379 id
2425 4334 2506 4379 est
2526 4325 2671 4379 illam
2684 4326 3052 4381 doctrinamin
3070 4326 3409 4396 simplicitate
3423 4334 3600 4380 vestra
3623 4343 3715 4379 ru-

2046 4414 2347 4480 Dminare,
2384 4431 2503 4484 qum
2531 4414 2706 4484 potius
2757 4422 2876 4469 erat
2918 4414 3172 4469 facilitate
3201 4415 3501 4479 nutrienda,
3553 4430 3717 4485 quam

2116 4501 2429 4558 difﬁcultate
2446 4503 2758 4573 premenda.
2780 4504 2907 4557 Ideo
2933 4503 3231 4573 spiritualia
3262 4519 3370 4559 non
3398 4503 3544 4569 dedi,
3579 4502 3711 4573 quia

2117 4592 2368 4647 nondum
2397 4608 2595 4663 capere
2612 4594 2886 4662 poteratis
2902 4634 2915 4655 ,
2939 4592 3034 4647 sed
3050 4592 3288 4647 necdum
3301 4592 3523 4663 quidem
3535 4595 3714 4663 potes-

2121 4681 2213 4746 tis,
2243 4679 2369 4734 licet
2399 4679 2466 4733 de
2483 4679 2637 4734 novis
2654 4680 2968 4735 doctoribus
2999 4681 3162 4735 modo
3197 4680 3525 4752 gloriemini.
3568 4679 3708 4734 Vere

2117 4768 2357 4822 nondum
2378 4768 2622 4837 potestis.
2644 4770 2785 4824 Nam
2809 4768 2993 4824 adhuc
3016 4770 3275 4824 carnales
3318 4769 3468 4823 estis.
3496 4768 3711 4822 Etvere

2118 4856 2377 4910 carnales.
2412 4857 2549 4911 Nam
2581 4873 2710 4912 cum
2733 4858 2895 4911 modo
2917 4858 3159 4911 sitinter
3175 4873 3266 4912 vos
3298 4858 3472 4921 zelus,
3519 4856 3573 4909 id
3627 4864 3712 4910 est

2115 4939 2320 4995 invidia
2348 4940 2532 5007 animi,
2566 4946 2621 4996 et
2651 4943 2937 4997 contentio
2966 4942 3029 4995 in
3059 4941 3258 5005 verbis,
3294 4958 3482 4997 nonne
3505 4958 3705 4995 carna-

2120 5031 2196 5085 les
2216 5030 2351 5083 estis
2369 5033 2457 5083 ?et
2472 5044 2649 5083 nonne
2666 5031 2969 5085 ambulatis
3003 5030 3311 5085 secundum
3326 5030 3627 5093 hominem,
3656 5028 3710 5081 id

2117 5126 2199 5172 est
2229 5118 2525 5172 secundum
2557 5117 2830 5173 carnalem
2862 5118 3158 5173 doctrinam
3190 5133 3382 5172 eorum
3429 5118 3709 5171 hominum

2116 5222 2254 5277 quos
2285 5205 2622 5277 sequimini?
2665 5206 2801 5260 Vere
2843 5206 3083 5261 carnales
3131 5207 3262 5260 estis
3309 5214 3362 5261 et
3408 5206 3707 5261 secundum

2115 5294 2389 5350 hominem
2408 5294 2732 5360 ambulatis;
2764 5296 2894 5366 quia
2933 5311 3063 5350 cum
3110 5295 3318 5366 aliquis
3348 5303 3588 5349 vestrum
3627 5296 3712 5349 di-

2116 5389 2209 5440 cat
2233 5387 2373 5455 :Ego
2395 5384 2616 5456 quidem
2637 5401 2762 5439 sum
2785 5385 2985 5450 Pauli;
3008 5384 3157 5438 alius
3179 5387 3373 5438 autem
3399 5383 3574 5438 dicat:
3602 5385 3710 5455 Ego

2117 5490 2239 5527 sum
2272 5474 2463 5545 Apollo
2497 5492 2513 5527 :
2545 5489 2734 5527 nonne
2783 5474 3034 5527 homines
3083 5473 3236 5538 estis,
3266 5471 3320 5524 id
3352 5480 3434 5526 est
3482 5488 3589 5526 non
3618 5488 3711 5526 se-

2118 5561 2353 5617 cundum
2393 5560 2669 5617 hominem
2708 5561 2895 5631 sapitis
2915 5560 2943 5615 ‘l
2981 5559 3122 5629 Quia
3160 5559 3339 5616 dicitis
3364 5583 3385 5609 α
3405 5576 3509 5632 ego
3535 5559 3706 5631 Pauli,
