  <div class='ocr_page' id='page_1' title='image "/cluster/home/n/w/nwhite01/storage/ocr_20150623/153/hvd.32044054760111/074.png"; bbox 0 0 3960 6036; ppageno 0'>
   <div class='ocr_carea' id='block_1_1' title="bbox 191 245 292 297">
    <p class='ocr_par' dir='ltr' id='par_1_1' title="bbox 191 245 292 297">
     <span class='ocr_line' id='line_1_1' title="bbox 191 245 292 297; baseline 0 -1"><span class='ocrx_word' id='word_1_1' title='bbox 191 245 292 297; x_wconf 81' lang='grc'>137</span> 
     </span>
    </p>
   </div>
   <div class='ocr_carea' id='block_1_2' title="bbox 194 365 627 438">
    <p class='ocr_par' dir='ltr' id='par_1_2' title="bbox 194 365 627 438">
     <span class='ocr_line' id='line_1_2' title="bbox 194 365 627 438; baseline -0.005 -18"><span class='ocrx_word' id='word_1_2' title='bbox 194 382 296 438; x_wconf 89' lang='lat' dir='ltr'>ego</span> <span class='ocrx_word' id='word_1_3' title='bbox 329 365 522 435; x_wconf 84' lang='lat' dir='ltr'>Apollo</span> <span class='ocrx_word' id='word_1_4' title='bbox 555 381 568 417; x_wconf 89' lang='lat'><strong>:</strong></span> <span class='ocrx_word' id='word_1_5' title='bbox 605 389 627 411; x_wconf 77' lang='grc' dir='ltr'><strong>η</strong></span> 
     </span>
    </p>
   </div>
   <div class='ocr_carea' id='block_1_3' title="bbox 197 443 1787 524">
    <p class='ocr_par' dir='ltr' id='par_1_3' title="bbox 197 443 1787 524">
     <span class='ocr_line' id='line_1_3' title="bbox 197 443 1787 524; baseline -0.006 -18"><span class='ocrx_word' id='word_1_6' title='bbox 197 454 324 524; x_wconf 89' lang='lat' dir='ltr'>quid</span> <span class='ocrx_word' id='word_1_7' title='bbox 353 469 482 508; x_wconf 89' lang='lat' dir='ltr'>vero</span> <span class='ocrx_word' id='word_1_8' title='bbox 513 453 732 517; x_wconf 84' lang='lat' dir='ltr'>Paulus,</span> <span class='ocrx_word' id='word_1_9' title='bbox 767 459 819 507; x_wconf 88' lang='lat' dir='ltr'>et</span> <span class='ocrx_word' id='word_1_10' title='bbox 848 451 976 524; x_wconf 91' lang='lat' dir='ltr'>quid</span> <span class='ocrx_word' id='word_1_11' title='bbox 1007 466 1101 505; x_wconf 91' lang='lat' dir='ltr'>eos</span> <span class='ocrx_word' id='word_1_12' title='bbox 1137 448 1385 505; x_wconf 88' lang='lat' dir='ltr'>conferre</span> <span class='ocrx_word' id='word_1_13' title='bbox 1417 447 1574 504; x_wconf 87' lang='lat' dir='ltr'>vobis</span> <span class='ocrx_word' id='word_1_14' title='bbox 1605 443 1787 501; x_wconf 90' lang='lat' dir='ltr'>credi-</span> 
     </span>
    </p>
   </div>
   <div class='ocr_carea' id='block_1_4' title="bbox 197 532 1793 615">
    <p class='ocr_par' dir='ltr' id='par_1_4' title="bbox 197 532 1793 615">
     <span class='ocr_line' id='line_1_4' title="bbox 197 532 1793 615; baseline -0.006 -19"><span class='ocrx_word' id='word_1_15' title='bbox 197 543 263 597; x_wconf 91' lang='lat' dir='ltr'>tis</span> <span class='ocrx_word' id='word_1_16' title='bbox 286 544 314 597; x_wconf 83' lang='lat'>‘?</span> <span class='ocrx_word' id='word_1_17' title='bbox 347 543 459 615; x_wconf 78' lang='lat' dir='ltr'>Hoc</span> <span class='ocrx_word' id='word_1_18' title='bbox 498 557 625 597; x_wconf 85' lang='lat' dir='ltr'>vere</span> <span class='ocrx_word' id='word_1_19' title='bbox 656 541 723 596; x_wconf 89' lang='lat' dir='ltr'>de</span> <span class='ocrx_word' id='word_1_20' title='bbox 753 540 832 595; x_wconf 91' lang='lat' dir='ltr'>eis</span> <span class='ocrx_word' id='word_1_21' title='bbox 863 539 1061 595; x_wconf 87' lang='lat' dir='ltr'>sentire</span> <span class='ocrx_word' id='word_1_22' title='bbox 1094 538 1340 610; x_wconf 75' lang='lat' dir='ltr'>potestis,</span> <span class='ocrx_word' id='word_1_23' title='bbox 1378 536 1505 608; x_wconf 87' lang='lat' dir='ltr'>quia</span> <span class='ocrx_word' id='word_1_24' title='bbox 1536 532 1793 590; x_wconf 74' lang='lat' dir='ltr'>ministri</span> 
     </span>
    </p>
   </div>
   <div class='ocr_carea' id='block_1_5' title="bbox 197 620 1792 700">
    <p class='ocr_par' dir='ltr' id='par_1_5' title="bbox 197 620 1792 700">
     <span class='ocr_line' id='line_1_5' title="bbox 197 620 1792 700; baseline -0.006 -17"><span class='ocrx_word' id='word_1_25' title='bbox 197 639 320 686; x_wconf 90' lang='lat' dir='ltr'>sunt</span> <span class='ocrx_word' id='word_1_26' title='bbox 343 631 485 700; x_wconf 78' lang='lat' dir='ltr'>ejus,</span> <span class='ocrx_word' id='word_1_27' title='bbox 509 633 602 685; x_wconf 89' lang='lat' dir='ltr'>cui</span> <span class='ocrx_word' id='word_1_28' title='bbox 616 645 714 683; x_wconf 90' lang='lat' dir='ltr'>vos</span> <span class='ocrx_word' id='word_1_29' title='bbox 735 627 1072 685; x_wconf 80' lang='lat' dir='ltr'>credidistis.</span> <span class='ocrx_word' id='word_1_30' title='bbox 1098 628 1166 680; x_wconf 89' lang='lat' dir='ltr'>Et</span> <span class='ocrx_word' id='word_1_31' title='bbox 1189 626 1322 680; x_wconf 91' lang='lat' dir='ltr'>nihil</span> <span class='ocrx_word' id='word_1_32' title='bbox 1353 625 1496 680; x_wconf 90' lang='lat' dir='ltr'>aliud</span> <span class='ocrx_word' id='word_1_33' title='bbox 1522 631 1662 688; x_wconf 89' lang='lat' dir='ltr'>sunt,</span> <span class='ocrx_word' id='word_1_34' title='bbox 1687 620 1792 675; x_wconf 88' lang='lat' dir='ltr'>nisi</span> 
     </span>
    </p>
   </div>
   <div class='ocr_carea' id='block_1_6' title="bbox 198 708 1792 790">
    <p class='ocr_par' dir='ltr' id='par_1_6' title="bbox 198 708 1792 790">
     <span class='ocr_line' id='line_1_6' title="bbox 198 708 1792 790; baseline -0.007 -17"><span class='ocrx_word' id='word_1_35' title='bbox 198 719 346 790; x_wconf 91' lang='lat' dir='ltr'>quod</span> <span class='ocrx_word' id='word_1_36' title='bbox 393 736 458 773; x_wconf 85' lang='lat' dir='ltr'>ex</span> <span class='ocrx_word' id='word_1_37' title='bbox 501 726 773 790; x_wconf 72' lang='lat' dir='ltr'>prmeepto</span> <span class='ocrx_word' id='word_1_38' title='bbox 826 716 927 771; x_wconf 89' lang='lat' dir='ltr'>Dei</span> <span class='ocrx_word' id='word_1_39' title='bbox 971 716 1278 770; x_wconf 82' lang='lat' dir='ltr'>ministrant</span> <span class='ocrx_word' id='word_1_40' title='bbox 1332 713 1488 769; x_wconf 87' lang='lat' dir='ltr'>vobis</span> <span class='ocrx_word' id='word_1_41' title='bbox 1542 728 1660 784; x_wconf 67' lang='lat' dir='ltr'>quae</span> <span class='ocrx_word' id='word_1_42' title='bbox 1694 708 1792 764; x_wconf 90' lang='lat' dir='ltr'>Dei</span> 
     </span>
    </p>
   </div>
   <div class='ocr_carea' id='block_1_7' title="bbox 198 798 1791 873">
    <p class='ocr_par' dir='ltr' id='par_1_7' title="bbox 198 798 1791 873">
     <span class='ocr_line' id='line_1_7' title="bbox 198 798 1791 873; baseline -0.006 -11"><span class='ocrx_word' id='word_1_43' title='bbox 198 816 342 866; x_wconf 89' lang='lat' dir='ltr'>sunt.</span> <span class='ocrx_word' id='word_1_44' title='bbox 376 808 502 862; x_wconf 88' lang='lat' dir='ltr'>licet</span> <span class='ocrx_word' id='word_1_45' title='bbox 531 807 750 862; x_wconf 91' lang='lat' dir='ltr'>diverso</span> <span class='ocrx_word' id='word_1_46' title='bbox 781 806 962 861; x_wconf 91' lang='lat' dir='ltr'>modo.</span> <span class='ocrx_word' id='word_1_47' title='bbox 996 804 1132 873; x_wconf 86' lang='lat' dir='ltr'>Quia</span> <span class='ocrx_word' id='word_1_48' title='bbox 1162 807 1312 860; x_wconf 82' lang='lat' dir='ltr'>sicut</span> <span class='ocrx_word' id='word_1_49' title='bbox 1338 804 1609 857; x_wconf 80' lang='lat' dir='ltr'>Dominus</span> <span class='ocrx_word' id='word_1_50' title='bbox 1641 798 1791 854; x_wconf 86' lang='lat' dir='ltr'>dedit</span> 
     </span>
    </p>
   </div>
   <div class='ocr_carea' id='block_1_8' title="bbox 196 885 1794 968">
    <p class='ocr_par' dir='ltr' id='par_1_8' title="bbox 196 885 1794 968">
     <span class='ocr_line' id='line_1_8' title="bbox 196 885 1794 968; baseline -0.008 -17"><span class='ocrx_word' id='word_1_51' title='bbox 196 897 505 968; x_wconf 81' lang='lat' dir='ltr'>unicuique</span> <span class='ocrx_word' id='word_1_52' title='bbox 521 904 783 960; x_wconf 88' lang='lat' dir='ltr'>nostrum,</span> <span class='ocrx_word' id='word_1_53' title='bbox 808 895 878 949; x_wconf 90' lang='lat' dir='ltr'>ad</span> <span class='ocrx_word' id='word_1_54' title='bbox 906 910 1029 949; x_wconf 91' lang='lat' dir='ltr'>eum</span> <span class='ocrx_word' id='word_1_55' title='bbox 1061 892 1281 948; x_wconf 91' lang='lat' dir='ltr'>modum</span> <span class='ocrx_word' id='word_1_56' title='bbox 1311 908 1405 962; x_wconf 90' lang='lat' dir='ltr'>ego</span> <span class='ocrx_word' id='word_1_57' title='bbox 1425 889 1706 963; x_wconf 88' lang='lat' dir='ltr'>plantavi,</span> <span class='ocrx_word' id='word_1_58' title='bbox 1741 885 1794 939; x_wconf 91' lang='lat' dir='ltr'>id</span> 
     </span>
    </p>
   </div>
   <div class='ocr_carea' id='block_1_9' title="bbox 200 979 1794 1056">
    <p class='ocr_par' dir='ltr' id='par_1_9' title="bbox 200 979 1794 1056">
     <span class='ocr_line' id='line_1_9' title="bbox 200 979 1794 1056; baseline -0.007 -17"><span class='ocrx_word' id='word_1_59' title='bbox 200 993 280 1039; x_wconf 88' lang='lat' dir='ltr'>est</span> <span class='ocrx_word' id='word_1_60' title='bbox 311 983 701 1056; x_wconf 85' lang='lat' dir='ltr'>evangelizavi,</span> <span class='ocrx_word' id='word_1_61' title='bbox 737 991 788 1038; x_wconf 91' lang='lat' dir='ltr'>et</span> <span class='ocrx_word' id='word_1_62' title='bbox 817 983 887 1038; x_wconf 89' lang='lat' dir='ltr'>ad</span> <span class='ocrx_word' id='word_1_63' title='bbox 918 981 1080 1037; x_wconf 88' lang='lat' dir='ltr'>fidem</span> <span class='ocrx_word' id='word_1_64' title='bbox 1113 997 1208 1036; x_wconf 88' lang='lat' dir='ltr'>vos</span> <span class='ocrx_word' id='word_1_65' title='bbox 1231 979 1403 1045; x_wconf 81' lang='lat' dir='ltr'>traxi;</span> <span class='ocrx_word' id='word_1_66' title='bbox 1437 979 1631 1051; x_wconf 85' lang='lat' dir='ltr'>Apollo</span> <span class='ocrx_word' id='word_1_67' title='bbox 1663 989 1794 1031; x_wconf 90' lang='lat' dir='ltr'>vero</span> 
     </span>
    </p>
   </div>
   <div class='ocr_carea' id='block_1_10' title="bbox 201 1064 1792 1144">
    <p class='ocr_par' dir='ltr' id='par_1_10' title="bbox 201 1064 1792 1144">
     <span class='ocr_line' id='line_1_10' title="bbox 201 1064 1792 1144; baseline -0.007 -16"><span class='ocrx_word' id='word_1_68' title='bbox 201 1075 428 1144; x_wconf 85' lang='lat' dir='ltr'>rigavit,</span> <span class='ocrx_word' id='word_1_69' title='bbox 461 1073 517 1127; x_wconf 90' lang='lat' dir='ltr'>id</span> <span class='ocrx_word' id='word_1_70' title='bbox 546 1080 626 1127; x_wconf 88' lang='lat' dir='ltr'>est</span> <span class='ocrx_word' id='word_1_71' title='bbox 657 1071 966 1142; x_wconf 79' lang='lat' dir='ltr'>baptizavit,</span> <span class='ocrx_word' id='word_1_72' title='bbox 1003 1087 1100 1125; x_wconf 91' lang='lat' dir='ltr'>vos</span> <span class='ocrx_word' id='word_1_73' title='bbox 1124 1071 1238 1139; x_wconf 87' lang='lat' dir='ltr'>jam</span> <span class='ocrx_word' id='word_1_74' title='bbox 1267 1085 1367 1139; x_wconf 89' lang='lat' dir='ltr'>per</span> <span class='ocrx_word' id='word_1_75' title='bbox 1423 1083 1508 1132; x_wconf 83' lang='lat' dir='ltr'>me</span> <span class='ocrx_word' id='word_1_76' title='bbox 1558 1064 1792 1120; x_wconf 89' lang='lat' dir='ltr'>creden—</span> 
     </span>
    </p>
   </div>
   <div class='ocr_carea' id='block_1_11' title="bbox 203 1154 1794 1227">
    <p class='ocr_par' dir='ltr' id='par_1_11' title="bbox 203 1154 1794 1227">
     <span class='ocr_line' id='line_1_11' title="bbox 203 1154 1794 1227; baseline -0.007 -11"><span class='ocrx_word' id='word_1_77' title='bbox 203 1171 320 1227; x_wconf 85' lang='lat' dir='ltr'>tes;</span> <span class='ocrx_word' id='word_1_78' title='bbox 364 1161 464 1216; x_wconf 92' lang='lat' dir='ltr'>sed</span> <span class='ocrx_word' id='word_1_79' title='bbox 515 1163 655 1215; x_wconf 84' lang='lat' dir='ltr'>Deus</span> <span class='ocrx_word' id='word_1_80' title='bbox 684 1159 833 1214; x_wconf 90' lang='lat' dir='ltr'>solus</span> <span class='ocrx_word' id='word_1_81' title='bbox 876 1159 1031 1214; x_wconf 87' lang='lat' dir='ltr'>dedit</span> <span class='ocrx_word' id='word_1_82' title='bbox 1074 1159 1496 1213; x_wconf 79' lang='lat' dir='ltr'>incrementum</span> <span class='ocrx_word' id='word_1_83' title='bbox 1531 1154 1794 1208; x_wconf 89' lang='lat' dir='ltr'>bonorum</span> 
     </span>
    </p>
   </div>
   <div class='ocr_carea' id='block_1_12' title="bbox 201 1243 1799 1321">
    <p class='ocr_par' dir='ltr' id='par_1_12' title="bbox 201 1243 1799 1321">
     <span class='ocr_line' id='line_1_12' title="bbox 201 1243 1799 1321; baseline -0.007 -16"><span class='ocrx_word' id='word_1_84' title='bbox 201 1267 302 1321; x_wconf 90' lang='lat' dir='ltr'>per</span> <span class='ocrx_word' id='word_1_85' title='bbox 338 1249 598 1320; x_wconf 83' lang='lat' dir='ltr'>Spiritum</span> <span class='ocrx_word' id='word_1_86' title='bbox 630 1265 806 1304; x_wconf 91' lang='lat' dir='ltr'>suum.</span> <span class='ocrx_word' id='word_1_87' title='bbox 842 1247 1097 1318; x_wconf 79' lang='lat' dir='ltr'>Sequitur</span> <span class='ocrx_word' id='word_1_88' title='bbox 1144 1247 1517 1315; x_wconf 86' lang='lat' dir='ltr'>metaphoram</span> <span class='ocrx_word' id='word_1_89' title='bbox 1546 1243 1799 1313; x_wconf 66' lang='lat' dir='ltr'>plantatze</span> 
     </span>
    </p>
   </div>
   <div class='ocr_carea' id='block_1_13' title="bbox 204 1331 1800 1410">
    <p class='ocr_par' dir='ltr' id='par_1_13' title="bbox 204 1331 1800 1410">
     <span class='ocr_line' id='line_1_13' title="bbox 204 1331 1800 1410; baseline -0.006 -17"><span class='ocrx_word' id='word_1_90' title='bbox 204 1339 438 1403; x_wconf 87' lang='lat' dir='ltr'>arboris,</span> <span class='ocrx_word' id='word_1_91' title='bbox 471 1353 630 1410; x_wconf 90' lang='lat' dir='ltr'>quam</span> <span class='ocrx_word' id='word_1_92' title='bbox 662 1337 798 1391; x_wconf 86' lang='lat' dir='ltr'>alius</span> <span class='ocrx_word' id='word_1_93' title='bbox 823 1337 983 1408; x_wconf 85' lang='lat' dir='ltr'>rigat,</span> <span class='ocrx_word' id='word_1_94' title='bbox 1005 1335 1145 1390; x_wconf 88' lang='lat' dir='ltr'>alius</span> <span class='ocrx_word' id='word_1_95' title='bbox 1165 1334 1392 1406; x_wconf 86' lang='lat' dir='ltr'>plantat,</span> <span class='ocrx_word' id='word_1_96' title='bbox 1428 1340 1480 1386; x_wconf 89' lang='lat' dir='ltr'>et</span> <span class='ocrx_word' id='word_1_97' title='bbox 1501 1331 1629 1404; x_wconf 90' lang='lat' dir='ltr'>[cui]</span> <span class='ocrx_word' id='word_1_98' title='bbox 1654 1332 1800 1385; x_wconf 90' lang='lat' dir='ltr'>Deus</span> 
     </span>
    </p>
   </div>
   <div class='ocr_carea' id='block_1_14' title="bbox 204 1419 1802 1496">
    <p class='ocr_par' dir='ltr' id='par_1_14' title="bbox 204 1419 1802 1496">
     <span class='ocr_line' id='line_1_14' title="bbox 204 1419 1802 1496; baseline -0.004 -15"><span class='ocrx_word' id='word_1_99' title='bbox 204 1429 353 1483; x_wconf 85' lang='lat' dir='ltr'>solus</span> <span class='ocrx_word' id='word_1_100' title='bbox 383 1428 783 1483; x_wconf 85' lang='lat' dir='ltr'>incrementum</span> <span class='ocrx_word' id='word_1_101' title='bbox 812 1426 921 1480; x_wconf 88' lang='lat' dir='ltr'>dat.</span> <span class='ocrx_word' id='word_1_102' title='bbox 949 1425 1019 1479; x_wconf 83' lang='lat' dir='ltr'>Et</span> <span class='ocrx_word' id='word_1_103' title='bbox 1051 1424 1174 1496; x_wconf 89' lang='lat' dir='ltr'>quia</span> <span class='ocrx_word' id='word_1_104' title='bbox 1204 1423 1372 1478; x_wconf 91' lang='lat' dir='ltr'>solius</span> <span class='ocrx_word' id='word_1_105' title='bbox 1395 1421 1494 1476; x_wconf 87' lang='lat' dir='ltr'>Dei</span> <span class='ocrx_word' id='word_1_106' title='bbox 1517 1419 1802 1475; x_wconf 89' lang='lat' dir='ltr'>estincre-</span> 
     </span>
    </p>
   </div>
   <div class='ocr_carea' id='block_1_15' title="bbox 203 1509 1804 1588">
    <p class='ocr_par' dir='ltr' id='par_1_15' title="bbox 203 1509 1804 1588">
     <span class='ocr_line' id='line_1_15' title="bbox 203 1509 1804 1588; baseline -0.006 -17"><span class='ocrx_word' id='word_1_107' title='bbox 203 1526 452 1571; x_wconf 89' lang='lat' dir='ltr'>mentum</span> <span class='ocrx_word' id='word_1_108' title='bbox 481 1516 629 1581; x_wconf 89' lang='lat' dir='ltr'>dare,</span> <span class='ocrx_word' id='word_1_109' title='bbox 663 1517 855 1588; x_wconf 85' lang='lat' dir='ltr'>itaque</span> <span class='ocrx_word' id='word_1_110' title='bbox 886 1530 1065 1586; x_wconf 86' lang='lat' dir='ltr'>neque</span> <span class='ocrx_word' id='word_1_111' title='bbox 1095 1514 1195 1568; x_wconf 86' lang='lat' dir='ltr'>ille</span> <span class='ocrx_word' id='word_1_112' title='bbox 1229 1513 1324 1584; x_wconf 86' lang='lat' dir='ltr'>qui</span> <span class='ocrx_word' id='word_1_113' title='bbox 1339 1512 1574 1582; x_wconf 82' lang='lat' dir='ltr'>plantat</span> <span class='ocrx_word' id='word_1_114' title='bbox 1595 1509 1804 1564; x_wconf 87' lang='lat' dir='ltr'>estali-</span> 
     </span>
    </p>
   </div>
   <div class='ocr_carea' id='block_1_16' title="bbox 206 1597 1800 1679">
    <p class='ocr_par' dir='ltr' id='par_1_16' title="bbox 206 1597 1800 1679">
     <span class='ocr_line' id='line_1_16' title="bbox 206 1597 1800 1679; baseline -0.007 -18"><span class='ocrx_word' id='word_1_115' title='bbox 206 1607 357 1679; x_wconf 84' lang='lat' dir='ltr'>quid,</span> <span class='ocrx_word' id='word_1_116' title='bbox 391 1612 653 1677; x_wconf 89' lang='lat' dir='ltr'>quantum</span> <span class='ocrx_word' id='word_1_117' title='bbox 684 1603 754 1658; x_wconf 90' lang='lat' dir='ltr'>ad</span> <span class='ocrx_word' id='word_1_118' title='bbox 776 1604 977 1658; x_wconf 89' lang='lat' dir='ltr'>donum</span> <span class='ocrx_word' id='word_1_119' title='bbox 1009 1601 1155 1665; x_wconf 86' lang='lat' dir='ltr'>fidei,</span> <span class='ocrx_word' id='word_1_120' title='bbox 1180 1616 1357 1672; x_wconf 87' lang='lat' dir='ltr'>neque</span> <span class='ocrx_word' id='word_1_121' title='bbox 1385 1598 1474 1653; x_wconf 93' lang='lat' dir='ltr'>ille</span> <span class='ocrx_word' id='word_1_122' title='bbox 1505 1599 1600 1670; x_wconf 87' lang='lat' dir='ltr'>qui</span> <span class='ocrx_word' id='word_1_123' title='bbox 1628 1597 1800 1668; x_wconf 83' lang='lat' dir='ltr'>rigat,</span> 
     </span>
    </p>
   </div>
   <div class='ocr_carea' id='block_1_17' title="bbox 789 223 2869 294">
    <p class='ocr_par' dir='ltr' id='par_1_17' title="bbox 789 223 2869 294">
     <span class='ocr_line' id='line_1_17' title="bbox 789 223 2869 294; baseline -0.002 0"><span class='ocrx_word' id='word_1_124' title='bbox 789 236 1162 294; x_wconf 82' lang='lat' dir='ltr'>EXPOSITIO</span> <span class='ocrx_word' id='word_1_125' title='bbox 1209 237 1283 291; x_wconf 90' lang='lat' dir='ltr'>IN</span> <span class='ocrx_word' id='word_1_126' title='bbox 1321 229 1699 290; x_wconf 86' lang='lat' dir='ltr'>EPISTOLAS</span> <span class='ocrx_word' id='word_1_127' title='bbox 1755 223 1977 282; x_wconf 83' lang='lat' dir='ltr'>PAULI.</span> <span class='ocrx_word' id='word_1_128' title='bbox 2019 260 2088 270; x_wconf 91' lang='lat'><em>—</em></span> <span class='ocrx_word' id='word_1_129' title='bbox 2134 231 2206 287; x_wconf 92' lang='lat' dir='ltr'>IN</span> <span class='ocrx_word' id='word_1_130' title='bbox 2258 231 2474 286; x_wconf 86' lang='lat' dir='ltr'>EPIST.</span> <span class='ocrx_word' id='word_1_131' title='bbox 2522 232 2545 285; x_wconf 94' lang='grc' dir='ltr'><strong>Ι</strong></span> <span class='ocrx_word' id='word_1_132' title='bbox 2584 232 2678 286; x_wconf 87' lang='grc' dir='ltr'>ΑΙ)</span> <span class='ocrx_word' id='word_1_133' title='bbox 2711 231 2869 289; x_wconf 83' lang='lat' dir='ltr'>COR.</span> 
     </span>
    </p>
   </div>
   <div class='ocr_carea' id='block_1_18' title="bbox 664 352 3474 434">
    <p class='ocr_par' dir='ltr' id='par_1_18' title="bbox 664 352 3474 434">
     <span class='ocr_line' id='line_1_18' title="bbox 664 352 3474 434; baseline 0.001 -17"><span class='ocrx_word' id='word_1_134' title='bbox 664 363 831 434; x_wconf 79' lang='lat' dir='ltr'>igitur</span> <span class='ocrx_word' id='word_1_135' title='bbox 859 361 1022 418; x_wconf 87' lang='lat' dir='ltr'>dicite</span> <span class='ocrx_word' id='word_1_136' title='bbox 1065 361 1197 415; x_wconf 89' lang='lat' dir='ltr'>mihi</span> <span class='ocrx_word' id='word_1_137' title='bbox 1251 359 1379 432; x_wconf 90' lang='lat' dir='ltr'>quid</span> <span class='ocrx_word' id='word_1_138' title='bbox 1430 367 1512 414; x_wconf 87' lang='lat' dir='ltr'>est</span> <span class='ocrx_word' id='word_1_139' title='bbox 1571 354 1784 427; x_wconf 84' lang='lat' dir='ltr'>Apollo,</span> <span class='ocrx_word' id='word_1_140' title='bbox 1807 352 1861 410; x_wconf 89' lang='lat' dir='ltr'>A</span> <span class='ocrx_word' id='word_1_141' title='bbox 1890 355 2047 421; x_wconf 86' lang='lat' dir='ltr'>posui</span> <span class='ocrx_word' id='word_1_142' title='bbox 2072 374 2086 421; x_wconf 91' lang='lat'>;</span> <span class='ocrx_word' id='word_1_143' title='bbox 2121 355 2216 410; x_wconf 91' lang='lat' dir='ltr'>sed</span> <span class='ocrx_word' id='word_1_144' title='bbox 2247 357 2382 410; x_wconf 90' lang='lat' dir='ltr'>alius</span> <span class='ocrx_word' id='word_1_145' title='bbox 2413 357 2566 425; x_wconf 88' lang='lat' dir='ltr'>cujus</span> <span class='ocrx_word' id='word_1_146' title='bbox 2597 365 2677 412; x_wconf 90' lang='lat' dir='ltr'>est</span> <span class='ocrx_word' id='word_1_147' title='bbox 2707 357 2977 414; x_wconf 81' lang='lat' dir='ltr'>aedificare</span> <span class='ocrx_word' id='word_1_148' title='bbox 3019 377 3185 432; x_wconf 87' lang='lat' dir='ltr'>super</span> <span class='ocrx_word' id='word_1_149' title='bbox 3214 364 3316 420; x_wconf 87' lang='lat' dir='ltr'>hoc</span> <span class='ocrx_word' id='word_1_150' title='bbox 3345 365 3474 422; x_wconf 88' lang='lat' dir='ltr'>fun-</span> 
     </span>
    </p>
   </div>
   <div class='ocr_carea' id='block_1_19' title="bbox 3373 246 3475 298">
    <p class='ocr_par' dir='ltr' id='par_1_19' title="bbox 3373 246 3475 298">
     <span class='ocr_line' id='line_1_19' title="bbox 3373 246 3475 298; baseline 0.02 -2"><span class='ocrx_word' id='word_1_151' title='bbox 3373 246 3475 298; x_wconf 76' lang='lat' dir='ltr'>I38</span> 
     </span>
    </p>
   </div>
   <div class='ocr_carea' id='block_1_20' title="bbox 1890 443 3546 517">
    <p class='ocr_par' dir='ltr' id='par_1_20' title="bbox 1890 443 3546 517">
     <span class='ocr_line' id='line_1_20' title="bbox 1890 443 3546 517; baseline 0.008 -21"><span class='ocrx_word' id='word_1_152' title='bbox 1890 443 2221 510; x_wconf 87' lang='lat' dir='ltr'>damentum,</span> <span class='ocrx_word' id='word_1_153' title='bbox 2257 445 2440 500; x_wconf 85' lang='lat' dir='ltr'>videat</span> <span class='ocrx_word' id='word_1_154' title='bbox 2469 447 2593 517; x_wconf 90' lang='lat' dir='ltr'>quid</span> <span class='ocrx_word' id='word_1_155' title='bbox 2626 448 3042 517; x_wconf 68' lang='lat' dir='ltr'>supertedificet.</span> <span class='ocrx_word' id='word_1_156' title='bbox 3060 452 3210 505; x_wconf 85' lang='lat' dir='ltr'>Alius</span> <span class='ocrx_word' id='word_1_157' title='bbox 3229 453 3374 508; x_wconf 89' lang='lat' dir='ltr'>enim</span> <span class='ocrx_word' id='word_1_158' title='bbox 3392 463 3475 511; x_wconf 90' lang='lat' dir='ltr'>est</span> <span class='ocrx_word' id='word_1_159' title='bbox 3543 502 3546 504; x_wconf 81' lang='grc'>.</span> 
     </span>
    </p>
   </div>
   <div class='ocr_carea' id='block_1_21' title="bbox 1890 531 3479 610">
    <p class='ocr_par' dir='ltr' id='par_1_21' title="bbox 1890 531 3479 610">
     <span class='ocr_line' id='line_1_21' title="bbox 1890 531 3479 610; baseline 0.009 -26"><span class='ocrx_word' id='word_1_160' title='bbox 1890 532 1982 602; x_wconf 91' lang='lat' dir='ltr'>qui</span> <span class='ocrx_word' id='word_1_161' title='bbox 2003 531 2232 588; x_wconf 77' lang='lat' dir='ltr'>aedificat</span> <span class='ocrx_word' id='word_1_162' title='bbox 2263 550 2424 604; x_wconf 88' lang='lat' dir='ltr'>super</span> <span class='ocrx_word' id='word_1_163' title='bbox 2449 535 2553 590; x_wconf 91' lang='lat' dir='ltr'>hoc</span> <span class='ocrx_word' id='word_1_164' title='bbox 2584 535 3027 605; x_wconf 86' lang='lat' dir='ltr'>fundamentum;</span> <span class='ocrx_word' id='word_1_165' title='bbox 3055 541 3209 610; x_wconf 90' lang='lat' dir='ltr'>quasi</span> <span class='ocrx_word' id='word_1_166' title='bbox 3232 541 3439 598; x_wconf 91' lang='lat' dir='ltr'>diceret</span> <span class='ocrx_word' id='word_1_167' title='bbox 3466 559 3479 598; x_wconf 90' lang='lat'>:</span> 
     </span>
    </p>
   </div>
   <div class='ocr_carea' id='block_1_22' title="bbox 1892 621 3479 700">
    <p class='ocr_par' dir='ltr' id='par_1_22' title="bbox 1892 621 3479 700">
     <span class='ocr_line' id='line_1_22' title="bbox 1892 621 3479 700; baseline 0.009 -27"><span class='ocrx_word' id='word_1_168' title='bbox 1892 621 2050 689; x_wconf 87' lang='lat' dir='ltr'>Quod</span> <span class='ocrx_word' id='word_1_169' title='bbox 2066 638 2248 676; x_wconf 91' lang='lat' dir='ltr'>meum</span> <span class='ocrx_word' id='word_1_170' title='bbox 2273 621 2369 676; x_wconf 91' lang='lat' dir='ltr'>fuit</span> <span class='ocrx_word' id='word_1_171' title='bbox 2390 622 2817 690; x_wconf 87' lang='lat' dir='ltr'>fundamentum,</span> <span class='ocrx_word' id='word_1_172' title='bbox 2847 627 3035 695; x_wconf 87' lang='lat' dir='ltr'>posui;</span> <span class='ocrx_word' id='word_1_173' title='bbox 3068 629 3212 700; x_wconf 90' lang='lat' dir='ltr'>quod</span> <span class='ocrx_word' id='word_1_174' title='bbox 3239 640 3479 688; x_wconf 91' lang='lat' dir='ltr'>vestrum</span> 
     </span>
    </p>
   </div>
   <div class='ocr_carea' id='block_1_23' title="bbox 1892 710 3481 789">
    <p class='ocr_par' dir='ltr' id='par_1_23' title="bbox 1892 710 3481 789">
     <span class='ocr_line' id='line_1_23' title="bbox 1892 710 3481 789; baseline 0.008 -25"><span class='ocrx_word' id='word_1_175' title='bbox 1892 718 1992 777; x_wconf 91' lang='lat' dir='ltr'>est,</span> <span class='ocrx_word' id='word_1_176' title='bbox 2030 710 2206 765; x_wconf 85' lang='lat' dir='ltr'>videte</span> <span class='ocrx_word' id='word_1_177' title='bbox 2236 719 2293 764; x_wconf 91' lang='lat' dir='ltr'>ut</span> <span class='ocrx_word' id='word_1_178' title='bbox 2320 711 2458 766; x_wconf 87' lang='lat' dir='ltr'>bene</span> <span class='ocrx_word' id='word_1_179' title='bbox 2496 712 2964 782; x_wconf 81' lang='lat' dir='ltr'>superaediﬁcetis.</span> <span class='ocrx_word' id='word_1_180' title='bbox 3013 717 3108 772; x_wconf 90' lang='lat' dir='ltr'>Ille</span> <span class='ocrx_word' id='word_1_181' title='bbox 3138 722 3481 789; x_wconf 67' lang='lat' dir='ltr'>supermdiﬁ-</span> 
     </span>
    </p>
   </div>
   <div class='ocr_carea' id='block_1_24' title="bbox 1894 798 3478 880">
    <p class='ocr_par' dir='ltr' id='par_1_24' title="bbox 1894 798 3478 880">
     <span class='ocr_line' id='line_1_24' title="bbox 1894 798 3478 880; baseline 0.009 -28"><span class='ocrx_word' id='word_1_182' title='bbox 1894 813 2016 852; x_wconf 88' lang='lat' dir='ltr'>care</span> <span class='ocrx_word' id='word_1_183' title='bbox 2055 798 2268 866; x_wconf 89' lang='lat' dir='ltr'>dicitur,</span> <span class='ocrx_word' id='word_1_184' title='bbox 2303 799 2393 870; x_wconf 93' lang='lat' dir='ltr'>qui</span> <span class='ocrx_word' id='word_1_185' title='bbox 2424 800 2509 854; x_wconf 91' lang='lat' dir='ltr'>vel</span> <span class='ocrx_word' id='word_1_186' title='bbox 2541 801 2764 856; x_wconf 89' lang='lat' dir='ltr'>virtutes</span> <span class='ocrx_word' id='word_1_187' title='bbox 2794 802 3042 870; x_wconf 81' lang='lat' dir='ltr'>aedificat,</span> <span class='ocrx_word' id='word_1_188' title='bbox 3080 807 3161 861; x_wconf 95' lang='lat' dir='ltr'>vel</span> <span class='ocrx_word' id='word_1_189' title='bbox 3193 807 3237 861; x_wconf 89' lang='lat' dir='ltr'>si</span> <span class='ocrx_word' id='word_1_190' title='bbox 3266 819 3478 880; x_wconf 86' lang='lat' dir='ltr'>peccat,</span> 
     </span>
    </p>
   </div>
   <div class='ocr_carea' id='block_1_25' title="bbox 1895 886 3473 967">
    <p class='ocr_par' dir='ltr' id='par_1_25' title="bbox 1895 886 3473 967">
     <span class='ocr_line' id='line_1_25' title="bbox 1895 886 3473 967; baseline 0.008 -25"><span class='ocrx_word' id='word_1_191' title='bbox 1895 903 2004 942; x_wconf 86' lang='lat' dir='ltr'>non</span> <span class='ocrx_word' id='word_1_192' title='bbox 2034 886 2108 940; x_wconf 89' lang='lat' dir='ltr'>ita</span> <span class='ocrx_word' id='word_1_193' title='bbox 2142 896 2318 942; x_wconf 90' lang='lat' dir='ltr'>tamen</span> <span class='ocrx_word' id='word_1_194' title='bbox 2349 896 2405 941; x_wconf 90' lang='lat' dir='ltr'>ut</span> <span class='ocrx_word' id='word_1_195' title='bbox 2434 887 2846 945; x_wconf 84' lang='lat' dir='ltr'>fundamentum</span> <span class='ocrx_word' id='word_1_196' title='bbox 2878 893 3122 948; x_wconf 86' lang='lat' dir='ltr'>destruat</span> <span class='ocrx_word' id='word_1_197' title='bbox 3155 910 3166 948; x_wconf 91' lang='lat'>:</span> <span class='ocrx_word' id='word_1_198' title='bbox 3203 898 3346 967; x_wconf 92' lang='lat' dir='ltr'>quod</span> <span class='ocrx_word' id='word_1_199' title='bbox 3379 900 3473 954; x_wconf 87' lang='lat' dir='ltr'>de-</span> 
     </span>
    </p>
   </div>
   <div class='ocr_carea' id='block_1_26' title="bbox 1897 975 3484 1052">
    <p class='ocr_par' dir='ltr' id='par_1_26' title="bbox 1897 975 3484 1052">
     <span class='ocr_line' id='line_1_26' title="bbox 1897 975 3484 1052; baseline 0.009 -23"><span class='ocrx_word' id='word_1_200' title='bbox 1897 975 2119 1029; x_wconf 90' lang='lat' dir='ltr'>struitur</span> <span class='ocrx_word' id='word_1_201' title='bbox 2147 993 2246 1046; x_wconf 92' lang='lat' dir='ltr'>per</span> <span class='ocrx_word' id='word_1_202' title='bbox 2274 976 2574 1031; x_wconf 88' lang='lat' dir='ltr'>criminalia</span> <span class='ocrx_word' id='word_1_203' title='bbox 2593 1019 2606 1045; x_wconf 93' lang='lat'>,</span> <span class='ocrx_word' id='word_1_204' title='bbox 2641 979 2745 1032; x_wconf 90' lang='lat' dir='ltr'>nisi</span> <span class='ocrx_word' id='word_1_205' title='bbox 2775 996 2874 1050; x_wconf 89' lang='lat' dir='ltr'>per</span> <span class='ocrx_word' id='word_1_206' title='bbox 2902 989 3080 1051; x_wconf 83' lang='lat' dir='ltr'>aptam</span> <span class='ocrx_word' id='word_1_207' title='bbox 3110 985 3484 1052; x_wconf 68' lang='lat' dir='ltr'>paenitentiam</span> 
     </span>
    </p>
   </div>
   <div class='ocr_carea' id='block_1_27' title="bbox 1897 1063 3486 1144">
    <p class='ocr_par' dir='ltr' id='par_1_27' title="bbox 1897 1063 3486 1144">
     <span class='ocr_line' id='line_1_27' title="bbox 1897 1063 3486 1144; baseline 0.009 -27"><span class='ocrx_word' id='word_1_208' title='bbox 1897 1063 2201 1118; x_wconf 89' lang='lat' dir='ltr'>deleantur.</span> <span class='ocrx_word' id='word_1_209' title='bbox 2238 1066 2539 1119; x_wconf 88' lang='lat' dir='ltr'>Destruitur</span> <span class='ocrx_word' id='word_1_210' title='bbox 2591 1067 2750 1121; x_wconf 90' lang='lat' dir='ltr'>etiam</span> <span class='ocrx_word' id='word_1_211' title='bbox 2781 1085 2882 1139; x_wconf 92' lang='lat' dir='ltr'>per</span> <span class='ocrx_word' id='word_1_212' title='bbox 2936 1071 3194 1138; x_wconf 89' lang='lat' dir='ltr'>venialia,</span> <span class='ocrx_word' id='word_1_213' title='bbox 3230 1091 3350 1144; x_wconf 66' lang='lat' dir='ltr'>quae</span> <span class='ocrx_word' id='word_1_214' title='bbox 3376 1091 3486 1132; x_wconf 89' lang='lat' dir='ltr'>non</span> 
     </span>
    </p>
   </div>
   <div class='ocr_carea' id='block_1_28' title="bbox 1898 1152 3489 1232">
    <p class='ocr_par' dir='ltr' id='par_1_28' title="bbox 1898 1152 3489 1232">
     <span class='ocr_line' id='line_1_28' title="bbox 1898 1152 3489 1232; baseline 0.009 -27"><span class='ocrx_word' id='word_1_215' title='bbox 1898 1152 2069 1206; x_wconf 92' lang='lat' dir='ltr'>solum</span> <span class='ocrx_word' id='word_1_216' title='bbox 2109 1169 2174 1207; x_wconf 86' lang='lat' dir='ltr'>ex</span> <span class='ocrx_word' id='word_1_217' title='bbox 2221 1154 2543 1210; x_wconf 86' lang='lat' dir='ltr'>necessitate</span> <span class='ocrx_word' id='word_1_218' title='bbox 2601 1156 2899 1224; x_wconf 86' lang='lat' dir='ltr'>habemus,</span> <span class='ocrx_word' id='word_1_219' title='bbox 2942 1175 3063 1213; x_wconf 90' lang='lat' dir='ltr'>cum</span> <span class='ocrx_word' id='word_1_220' title='bbox 3096 1161 3257 1215; x_wconf 88' lang='lat' dir='ltr'>etiam</span> <span class='ocrx_word' id='word_1_221' title='bbox 3307 1164 3489 1232; x_wconf 89' lang='lat' dir='ltr'>justus</span> 
     </span>
    </p>
   </div>
   <div class='ocr_carea' id='block_1_29' title="bbox 1901 1242 3488 1321">
    <p class='ocr_par' dir='ltr' id='par_1_29' title="bbox 1901 1242 3488 1321">
     <span class='ocr_line' id='line_1_29' title="bbox 1901 1242 3488 1321; baseline 0.009 -27"><span class='ocrx_word' id='word_1_222' title='bbox 1901 1242 2102 1312; x_wconf 88' lang='lat' dir='ltr'>septies</span> <span class='ocrx_word' id='word_1_223' title='bbox 2157 1243 2314 1296; x_wconf 88' lang='lat' dir='ltr'>cadat</span> <span class='ocrx_word' id='word_1_224' title='bbox 2364 1242 2416 1296; x_wconf 92' lang='lat' dir='ltr'>in</span> <span class='ocrx_word' id='word_1_225' title='bbox 2466 1243 2554 1297; x_wconf 91' lang='lat' dir='ltr'>die</span> <span class='ocrx_word' id='word_1_226' title='bbox 2586 1244 2766 1310; x_wconf 86' lang='lat' dir='ltr'>(Prov.</span> <span class='ocrx_word' id='word_1_227' title='bbox 2819 1261 2980 1314; x_wconf 73' lang='lat' dir='ltr'>xxxv,</span> <span class='ocrx_word' id='word_1_228' title='bbox 3013 1249 3120 1318; x_wconf 81' lang='lat' dir='ltr'>t6).</span> <span class='ocrx_word' id='word_1_229' title='bbox 3156 1251 3262 1304; x_wconf 90' lang='lat' dir='ltr'>Sed</span> <span class='ocrx_word' id='word_1_230' title='bbox 3290 1268 3391 1321; x_wconf 91' lang='lat' dir='ltr'>per</span> <span class='ocrx_word' id='word_1_231' title='bbox 3421 1269 3488 1308; x_wconf 88' lang='lat' dir='ltr'>ea</span> 
     </span>
    </p>
   </div>
   <div class='ocr_carea' id='block_1_30' title="bbox 1902 1330 3487 1405">
    <p class='ocr_par' dir='ltr' id='par_1_30' title="bbox 1902 1330 3487 1405">
     <span class='ocr_line' id='line_1_30' title="bbox 1902 1330 3487 1405; baseline 0.008 -22"><span class='ocrx_word' id='word_1_232' title='bbox 1902 1330 2146 1397; x_wconf 82' lang='lat' dir='ltr'>venialia,</span> <span class='ocrx_word' id='word_1_233' title='bbox 2182 1347 2302 1402; x_wconf 59' lang='lat' dir='ltr'>qua;</span> <span class='ocrx_word' id='word_1_234' title='bbox 2334 1348 2401 1385; x_wconf 90' lang='lat' dir='ltr'>ex</span> <span class='ocrx_word' id='word_1_235' title='bbox 2454 1331 2756 1397; x_wconf 86' lang='lat' dir='ltr'>voluntate,</span> <span class='ocrx_word' id='word_1_236' title='bbox 2791 1342 2844 1387; x_wconf 89' lang='lat' dir='ltr'>et</span> <span class='ocrx_word' id='word_1_237' title='bbox 2892 1335 3296 1405; x_wconf 75' lang='lat' dir='ltr'>impmnitentes</span> <span class='ocrx_word' id='word_1_238' title='bbox 3322 1340 3376 1394; x_wconf 93' lang='lat' dir='ltr'>in</span> <span class='ocrx_word' id='word_1_239' title='bbox 3407 1341 3487 1397; x_wconf 92' lang='lat' dir='ltr'>eis</span> 
     </span>
    </p>
   </div>
   <div class='ocr_carea' id='block_1_31' title="bbox 1902 1419 3490 1499">
    <p class='ocr_par' dir='ltr' id='par_1_31' title="bbox 1902 1419 3490 1499">
     <span class='ocr_line' id='line_1_31' title="bbox 1902 1419 3490 1499; baseline 0.007 -26"><span class='ocrx_word' id='word_1_240' title='bbox 1902 1419 2291 1473; x_wconf 89' lang='lat' dir='ltr'>consentiendo</span> <span class='ocrx_word' id='word_1_241' title='bbox 2313 1419 2661 1475; x_wconf 88' lang='lat' dir='ltr'>admittimus.</span> <span class='ocrx_word' id='word_1_242' title='bbox 2697 1423 2815 1494; x_wconf 89' lang='lat' dir='ltr'>Ego</span> <span class='ocrx_word' id='word_1_243' title='bbox 2861 1423 3074 1494; x_wconf 88' lang='lat' dir='ltr'>quidem</span> <span class='ocrx_word' id='word_1_244' title='bbox 3114 1427 3340 1496; x_wconf 85' lang='lat' dir='ltr'>provide</span> <span class='ocrx_word' id='word_1_245' title='bbox 3388 1446 3490 1499; x_wconf 90' lang='lat' dir='ltr'>po-</span> 
     </span>
    </p>
   </div>
   <div class='ocr_carea' id='block_1_32' title="bbox 1903 1506 3492 1589">
    <p class='ocr_par' dir='ltr' id='par_1_32' title="bbox 1903 1506 3492 1589">
     <span class='ocr_line' id='line_1_32' title="bbox 1903 1506 3492 1589; baseline 0.009 -29"><span class='ocrx_word' id='word_1_246' title='bbox 1903 1507 1985 1560; x_wconf 88' lang='lat' dir='ltr'>sui</span> <span class='ocrx_word' id='word_1_247' title='bbox 2017 1506 2439 1562; x_wconf 86' lang='lat' dir='ltr'>fundamentum.</span> <span class='ocrx_word' id='word_1_248' title='bbox 2511 1510 2697 1564; x_wconf 83' lang='lat' dir='ltr'>Videat</span> <span class='ocrx_word' id='word_1_249' title='bbox 2730 1515 2922 1569; x_wconf 88' lang='lat' dir='ltr'>autem</span> <span class='ocrx_word' id='word_1_250' title='bbox 2960 1517 3344 1589; x_wconf 83' lang='lat' dir='ltr'>unusquisque</span> <span class='ocrx_word' id='word_1_251' title='bbox 3373 1535 3492 1574; x_wconf 87' lang='lat' dir='ltr'>ves-</span> 
     </span>
    </p>
   </div>
   <div class='ocr_carea' id='block_1_33' title="bbox 1907 1596 3491 1673">
    <p class='ocr_par' dir='ltr' id='par_1_33' title="bbox 1907 1596 3491 1673">
     <span class='ocr_line' id='line_1_33' title="bbox 1907 1596 3491 1673; baseline 0.009 -25"><span class='ocrx_word' id='word_1_252' title='bbox 1907 1599 2063 1650; x_wconf 84' lang='lat' dir='ltr'>trum</span> <span class='ocrx_word' id='word_1_253' title='bbox 2093 1597 2358 1668; x_wconf 89' lang='lat' dir='ltr'>quomodo</span> <span class='ocrx_word' id='word_1_254' title='bbox 2387 1596 2629 1666; x_wconf 73' lang='lat' dir='ltr'>(edi/icet</span> <span class='ocrx_word' id='word_1_255' title='bbox 2668 1615 2838 1670; x_wconf 86' lang='lat' dir='ltr'>super</span> <span class='ocrx_word' id='word_1_256' title='bbox 2871 1599 2970 1656; x_wconf 91' lang='lat' dir='ltr'>hoc</span> <span class='ocrx_word' id='word_1_257' title='bbox 3003 1604 3448 1673; x_wconf 82' lang='lat' dir='ltr'>funda-mentum</span> <span class='ocrx_word' id='word_1_258' title='bbox 3473 1627 3491 1662; x_wconf 93' lang='lat'><strong><em>:</em></strong></span> 
     </span>
    </p>
   </div>
   <div class='ocr_carea' id='block_1_34' title="bbox 206 1684 3495 1766">
    <p class='ocr_par' dir='ltr' id='par_1_34' title="bbox 206 1684 3495 1766">
     <span class='ocr_line' id='line_1_34' title="bbox 206 1684 3495 1766; baseline 0.001 -18"><span class='ocrx_word' id='word_1_259' title='bbox 206 1693 413 1766; x_wconf 87' lang='lat' dir='ltr'>aliquid</span> <span class='ocrx_word' id='word_1_260' title='bbox 433 1693 587 1748; x_wconf 88' lang='lat' dir='ltr'>estin</span> <span class='ocrx_word' id='word_1_261' title='bbox 609 1691 946 1747; x_wconf 91' lang='lat' dir='ltr'>remittendis</span> <span class='ocrx_word' id='word_1_262' title='bbox 965 1689 1222 1760; x_wconf 87' lang='lat' dir='ltr'>peccatis,</span> <span class='ocrx_word' id='word_1_263' title='bbox 1246 1689 1342 1743; x_wconf 88' lang='lat' dir='ltr'>sed</span> <span class='ocrx_word' id='word_1_264' title='bbox 1360 1688 1503 1742; x_wconf 88' lang='lat' dir='ltr'>Deus</span> <span class='ocrx_word' id='word_1_265' title='bbox 1534 1693 1701 1740; x_wconf 91' lang='lat' dir='ltr'>totum</span> <span class='ocrx_word' id='word_1_266' title='bbox 1721 1691 1802 1739; x_wconf 90' lang='lat' dir='ltr'>est</span> <span class='ocrx_word' id='word_1_267' title='bbox 1824 1702 1880 1765; x_wconf 81' lang='grc' dir='ltr'>Β</span> <span class='ocrx_word' id='word_1_268' title='bbox 1909 1684 2133 1739; x_wconf 89' lang='lat' dir='ltr'>arbitrio</span> <span class='ocrx_word' id='word_1_269' title='bbox 2190 1684 2334 1739; x_wconf 90' lang='lat' dir='ltr'>enim</span> <span class='ocrx_word' id='word_1_270' title='bbox 2388 1694 2573 1741; x_wconf 88' lang='lat' dir='ltr'>vestro</span> <span class='ocrx_word' id='word_1_271' title='bbox 2615 1687 2730 1755; x_wconf 90' lang='lat' dir='ltr'>jam</span> <span class='ocrx_word' id='word_1_272' title='bbox 2770 1704 2870 1757; x_wconf 90' lang='lat' dir='ltr'>per</span> <span class='ocrx_word' id='word_1_273' title='bbox 2924 1698 3202 1762; x_wconf 85' lang='lat' dir='ltr'>acceptam</span> <span class='ocrx_word' id='word_1_274' title='bbox 3261 1695 3495 1766; x_wconf 83' lang='lat' dir='ltr'>gratiam</span> 
     </span>
    </p>
   </div>
   <div class='ocr_carea' id='block_1_35' title="bbox 207 1773 1800 1855">
    <p class='ocr_par' dir='ltr' id='par_1_35' title="bbox 207 1773 1800 1855">
     <span class='ocr_line' id='line_1_35' title="bbox 207 1773 1800 1855; baseline -0.008 -17"><span class='ocrx_word' id='word_1_275' title='bbox 207 1785 300 1855; x_wconf 86' lang='lat' dir='ltr'>qui</span> <span class='ocrx_word' id='word_1_276' title='bbox 322 1781 476 1837; x_wconf 91' lang='lat' dir='ltr'>solus</span> <span class='ocrx_word' id='word_1_277' title='bbox 494 1781 590 1834; x_wconf 89' lang='lat' dir='ltr'>dat</span> <span class='ocrx_word' id='word_1_278' title='bbox 609 1783 1022 1836; x_wconf 83' lang='lat' dir='ltr'>incrementum</span> <span class='ocrx_word' id='word_1_279' title='bbox 1042 1776 1187 1842; x_wconf 86' lang='lat' dir='ltr'>fidei,</span> <span class='ocrx_word' id='word_1_280' title='bbox 1205 1785 1256 1831; x_wconf 90' lang='lat' dir='ltr'>et</span> <span class='ocrx_word' id='word_1_281' title='bbox 1277 1775 1555 1847; x_wconf 85' lang='lat' dir='ltr'>sequentis</span> <span class='ocrx_word' id='word_1_282' title='bbox 1561 1773 1800 1843; x_wconf 72' lang='lat' dir='ltr'>justitiaa.</span> 
     </span>
    </p>
   </div>
   <div class='ocr_carea' id='block_1_36' title="bbox 278 1861 1802 1926">
    <p class='ocr_par' dir='ltr' id='par_1_36' title="bbox 278 1861 1802 1926">
     <span class='ocr_line' id='line_1_36' title="bbox 278 1861 1802 1926; baseline -0.008 0"><span class='ocrx_word' id='word_1_283' title='bbox 278 1871 504 1926; x_wconf 90' lang='lat' dir='ltr'>Diceret</span> <span class='ocrx_word' id='word_1_284' title='bbox 561 1868 918 1924; x_wconf 88' lang='lat' dir='ltr'>abversarius</span> <span class='ocrx_word' id='word_1_285' title='bbox 953 1885 965 1920; x_wconf 94' lang='lat'>:</span> <span class='ocrx_word' id='word_1_286' title='bbox 999 1867 1146 1922; x_wconf 88' lang='lat' dir='ltr'>Licet</span> <span class='ocrx_word' id='word_1_287' title='bbox 1189 1863 1423 1918; x_wconf 84' lang='lat' dir='ltr'>ministri</span> <span class='ocrx_word' id='word_1_288' title='bbox 1506 1862 1612 1917; x_wconf 90' lang='lat' dir='ltr'>sint</span> <span class='ocrx_word' id='word_1_289' title='bbox 1683 1861 1802 1925; x_wconf 89' lang='lat' dir='ltr'>Dei,</span> 
     </span>
    </p>
   </div>
   <div class='ocr_carea' id='block_1_37' title="bbox 210 1949 1808 2019">
    <p class='ocr_par' dir='ltr' id='par_1_37' title="bbox 210 1949 1808 2019">
     <span class='ocr_line' id='line_1_37' title="bbox 210 1949 1808 2019; baseline -0.008 -4"><span class='ocrx_word' id='word_1_290' title='bbox 210 1970 393 2015; x_wconf 87' lang='lat' dir='ltr'>tamen</span> <span class='ocrx_word' id='word_1_291' title='bbox 421 1959 625 2013; x_wconf 88' lang='lat' dir='ltr'>diversi</span> <span class='ocrx_word' id='word_1_292' title='bbox 657 1965 778 2012; x_wconf 91' lang='lat' dir='ltr'>sunt</span> <span class='ocrx_word' id='word_1_293' title='bbox 809 1957 862 2011; x_wconf 94' lang='lat' dir='ltr'>in</span> <span class='ocrx_word' id='word_1_294' title='bbox 922 1955 1148 2019; x_wconf 87' lang='lat' dir='ltr'>meritis,</span> <span class='ocrx_word' id='word_1_295' title='bbox 1182 1961 1236 2009; x_wconf 90' lang='lat' dir='ltr'>et</span> <span class='ocrx_word' id='word_1_296' title='bbox 1258 1953 1448 2008; x_wconf 89' lang='lat' dir='ltr'>merita</span> <span class='ocrx_word' id='word_1_297' title='bbox 1503 1951 1671 2007; x_wconf 87' lang='lat' dir='ltr'>credo</span> <span class='ocrx_word' id='word_1_298' title='bbox 1702 1949 1808 2004; x_wconf 88' lang='lat' dir='ltr'>ali-</span> 
     </span>
    </p>
   </div>
   <div class='ocr_carea' id='block_1_38' title="bbox 211 2037 1810 2118">
    <p class='ocr_par' dir='ltr' id='par_1_38' title="bbox 211 2037 1810 2118">
     <span class='ocr_line' id='line_1_38' title="bbox 211 2037 1810 2118; baseline -0.007 -16"><span class='ocrx_word' id='word_1_299' title='bbox 211 2048 340 2118; x_wconf 88' lang='lat' dir='ltr'>quid</span> <span class='ocrx_word' id='word_1_300' title='bbox 369 2046 617 2102; x_wconf 85' lang='lat' dir='ltr'>conferre</span> <span class='ocrx_word' id='word_1_301' title='bbox 648 2045 799 2100; x_wconf 90' lang='lat' dir='ltr'>mihi.</span> <span class='ocrx_word' id='word_1_302' title='bbox 853 2044 1057 2099; x_wconf 87' lang='lat' dir='ltr'>Contra</span> <span class='ocrx_word' id='word_1_303' title='bbox 1094 2044 1201 2098; x_wconf 89' lang='lat' dir='ltr'>hoc</span> <span class='ocrx_word' id='word_1_304' title='bbox 1231 2041 1426 2096; x_wconf 88' lang='lat' dir='ltr'>Paulus</span> <span class='ocrx_word' id='word_1_305' title='bbox 1461 2058 1474 2094; x_wconf 94' lang='lat'><strong>:</strong></span> <span class='ocrx_word' id='word_1_306' title='bbox 1505 2039 1654 2094; x_wconf 92' lang='lat' dir='ltr'>Licet</span> <span class='ocrx_word' id='word_1_307' title='bbox 1675 2037 1810 2092; x_wconf 88' lang='lat' dir='ltr'>alter</span> 
     </span>
    </p>
   </div>
   <div class='ocr_carea' id='block_1_39' title="bbox 212 2127 1810 2208">
    <p class='ocr_par' dir='ltr' id='par_1_39' title="bbox 212 2127 1810 2208">
     <span class='ocr_line' id='line_1_39' title="bbox 212 2127 1810 2208; baseline -0.006 -19"><span class='ocrx_word' id='word_1_308' title='bbox 212 2135 452 2208; x_wconf 84' lang='lat' dir='ltr'>dignior,</span> <span class='ocrx_word' id='word_1_309' title='bbox 487 2135 626 2189; x_wconf 89' lang='lat' dir='ltr'>alter</span> <span class='ocrx_word' id='word_1_310' title='bbox 653 2134 850 2198; x_wconf 90' lang='lat' dir='ltr'>minus,</span> <span class='ocrx_word' id='word_1_311' title='bbox 887 2140 1067 2187; x_wconf 90' lang='lat' dir='ltr'>tamen</span> <span class='ocrx_word' id='word_1_312' title='bbox 1087 2131 1243 2187; x_wconf 71' lang='lat'><strong>95</strong></span> <span class='ocrx_word' id='word_1_313' title='bbox 1265 2130 1361 2202; x_wconf 89' lang='lat' dir='ltr'>qui</span> <span class='ocrx_word' id='word_1_314' title='bbox 1379 2130 1610 2200; x_wconf 87' lang='lat' dir='ltr'>plantat</span> <span class='ocrx_word' id='word_1_315' title='bbox 1639 2130 1694 2182; x_wconf 89' lang='lat' dir='ltr'>et</span> <span class='ocrx_word' id='word_1_316' title='bbox 1717 2127 1810 2198; x_wconf 90' lang='lat' dir='ltr'>qui</span> 
     </span>
    </p>
   </div>
   <div class='ocr_carea' id='block_1_40' title="bbox 213 2214 1806 2296">
    <p class='ocr_par' dir='ltr' id='par_1_40' title="bbox 213 2214 1806 2296">
     <span class='ocr_line' id='line_1_40' title="bbox 213 2214 1806 2296; baseline -0.007 -18"><span class='ocrx_word' id='word_1_317' title='bbox 213 2226 365 2296; x_wconf 84' lang='lat' dir='ltr'>rigat</span> <span class='ocrx_word' id='word_1_318' title='bbox 411 2241 594 2278; x_wconf 89' lang='lat' dir='ltr'>unum</span> <span class='ocrx_word' id='word_1_319' title='bbox 627 2230 680 2277; x_wconf 93' lang='lat' dir='ltr'>et</span> <span class='ocrx_word' id='word_1_320' title='bbox 709 2219 1082 2276; x_wconf 81' lang='lat' dir='ltr'>indifferentes</span> <span class='ocrx_word' id='word_1_321' title='bbox 1109 2224 1246 2274; x_wconf 90' lang='lat' dir='ltr'>sunt</span> <span class='ocrx_word' id='word_1_322' title='bbox 1273 2219 1328 2271; x_wconf 91' lang='lat' dir='ltr'>in</span> <span class='ocrx_word' id='word_1_323' title='bbox 1358 2214 1806 2280; x_wconf 89' lang='lat' dir='ltr'>administrando,</span> 
     </span>
    </p>
   </div>
   <div class='ocr_carea' id='block_1_41' title="bbox 215 2304 1811 2379">
    <p class='ocr_par' dir='ltr' id='par_1_41' title="bbox 215 2304 1811 2379">
     <span class='ocr_line' id='line_1_41' title="bbox 215 2304 1811 2379; baseline -0.008 -11"><span class='ocrx_word' id='word_1_324' title='bbox 215 2312 564 2368; x_wconf 90' lang='lat' dir='ltr'>solummodo</span> <span class='ocrx_word' id='word_1_325' title='bbox 619 2311 821 2366; x_wconf 89' lang='lat' dir='ltr'>donum</span> <span class='ocrx_word' id='word_1_326' title='bbox 879 2309 981 2364; x_wconf 90' lang='lat' dir='ltr'>Dei</span> <span class='ocrx_word' id='word_1_327' title='bbox 1026 2308 1367 2379; x_wconf 90' lang='lat' dir='ltr'>dispensant,</span> <span class='ocrx_word' id='word_1_328' title='bbox 1403 2304 1546 2377; x_wconf 91' lang='lat' dir='ltr'>quod</span> <span class='ocrx_word' id='word_1_329' title='bbox 1577 2319 1679 2358; x_wconf 91' lang='lat' dir='ltr'>nec</span> <span class='ocrx_word' id='word_1_330' title='bbox 1709 2318 1811 2356; x_wconf 90' lang='lat' dir='ltr'>au-</span> 
     </span>
    </p>
   </div>
   <div class='ocr_carea' id='block_1_42' title="bbox 213 2392 1809 2471">
    <p class='ocr_par' dir='ltr' id='par_1_42' title="bbox 213 2392 1809 2471">
     <span class='ocr_line' id='line_1_42' title="bbox 213 2392 1809 2471; baseline -0.008 -16"><span class='ocrx_word' id='word_1_331' title='bbox 213 2401 328 2471; x_wconf 83' lang='lat' dir='ltr'>geri</span> <span class='ocrx_word' id='word_1_332' title='bbox 369 2407 568 2471; x_wconf 90' lang='lat' dir='ltr'>potest,</span> <span class='ocrx_word' id='word_1_333' title='bbox 603 2413 706 2453; x_wconf 92' lang='lat' dir='ltr'>nec</span> <span class='ocrx_word' id='word_1_334' title='bbox 723 2397 910 2460; x_wconf 90' lang='lat' dir='ltr'>minui,</span> <span class='ocrx_word' id='word_1_335' title='bbox 935 2395 1094 2452; x_wconf 92' lang='lat' dir='ltr'>bonis</span> <span class='ocrx_word' id='word_1_336' title='bbox 1113 2395 1341 2449; x_wconf 86' lang='lat' dir='ltr'>malisve</span> <span class='ocrx_word' id='word_1_337' title='bbox 1363 2392 1572 2447; x_wconf 90' lang='lat' dir='ltr'>meritis</span> <span class='ocrx_word' id='word_1_338' title='bbox 1601 2406 1809 2446; x_wconf 92' lang='lat' dir='ltr'>eorum.</span> 
     </span>
    </p>
   </div>
   <div class='ocr_carea' id='block_1_43' title="bbox 214 2479 1814 2559">
    <p class='ocr_par' dir='ltr' id='par_1_43' title="bbox 214 2479 1814 2559">
     <span class='ocr_line' id='line_1_43' title="bbox 214 2479 1814 2559; baseline -0.008 -16"><span class='ocrx_word' id='word_1_339' title='bbox 214 2489 363 2544; x_wconf 90' lang='lat' dir='ltr'>Licet</span> <span class='ocrx_word' id='word_1_340' title='bbox 392 2488 483 2559; x_wconf 89' lang='lat' dir='ltr'>qui</span> <span class='ocrx_word' id='word_1_341' title='bbox 514 2487 722 2558; x_wconf 88' lang='lat' dir='ltr'>plantat</span> <span class='ocrx_word' id='word_1_342' title='bbox 751 2494 804 2541; x_wconf 92' lang='lat' dir='ltr'>et</span> <span class='ocrx_word' id='word_1_343' title='bbox 833 2484 923 2556; x_wconf 91' lang='lat' dir='ltr'>qui</span> <span class='ocrx_word' id='word_1_344' title='bbox 953 2485 1094 2555; x_wconf 90' lang='lat' dir='ltr'>rigat</span> <span class='ocrx_word' id='word_1_345' title='bbox 1127 2481 1494 2537; x_wconf 83' lang='lat' dir='ltr'>indifferentes</span> <span class='ocrx_word' id='word_1_346' title='bbox 1526 2480 1651 2546; x_wconf 92' lang='lat' dir='ltr'>sint,</span> <span class='ocrx_word' id='word_1_347' title='bbox 1671 2479 1727 2532; x_wconf 93' lang='lat' dir='ltr'>in</span> <span class='ocrx_word' id='word_1_348' title='bbox 1749 2493 1814 2532; x_wconf 90' lang='lat' dir='ltr'>eo</span> 
     </span>
    </p>
   </div>
   <div class='ocr_carea' id='block_1_44' title="bbox 216 2567 1811 2650">
    <p class='ocr_par' dir='ltr' id='par_1_44' title="bbox 216 2567 1811 2650">
     <span class='ocr_line' id='line_1_44' title="bbox 216 2567 1811 2650; baseline -0.008 -18"><span class='ocrx_word' id='word_1_349' title='bbox 216 2577 362 2650; x_wconf 88' lang='lat' dir='ltr'>quod</span> <span class='ocrx_word' id='word_1_350' title='bbox 398 2575 631 2630; x_wconf 88' lang='lat' dir='ltr'>ministri</span> <span class='ocrx_word' id='word_1_351' title='bbox 663 2581 786 2628; x_wconf 87' lang='lat' dir='ltr'>sunt</span> <span class='ocrx_word' id='word_1_352' title='bbox 846 2573 1065 2639; x_wconf 88' lang='lat' dir='ltr'>Christi,</span> <span class='ocrx_word' id='word_1_353' title='bbox 1097 2571 1152 2625; x_wconf 92' lang='lat' dir='ltr'>in</span> <span class='ocrx_word' id='word_1_354' title='bbox 1185 2587 1251 2627; x_wconf 92' lang='lat' dir='ltr'>eo</span> <span class='ocrx_word' id='word_1_355' title='bbox 1306 2579 1488 2624; x_wconf 88' lang='lat' dir='ltr'>tamen</span> <span class='ocrx_word' id='word_1_356' title='bbox 1540 2567 1811 2634; x_wconf 68' lang='lat' dir='ltr'>differunt,</span> 
     </span>
    </p>
   </div>
   <div class='ocr_carea' id='block_1_45' title="bbox 219 2656 1813 2738">
    <p class='ocr_par' dir='ltr' id='par_1_45' title="bbox 219 2656 1813 2738">
     <span class='ocr_line' id='line_1_45' title="bbox 219 2656 1813 2738; baseline -0.008 -17"><span class='ocrx_word' id='word_1_357' title='bbox 219 2665 366 2738; x_wconf 88' lang='lat' dir='ltr'>quod</span> <span class='ocrx_word' id='word_1_358' title='bbox 411 2665 795 2736; x_wconf 80' lang='lat' dir='ltr'>unusquisque</span> <span class='ocrx_word' id='word_1_359' title='bbox 845 2661 1089 2733; x_wconf 86' lang='lat' dir='ltr'>accipiet</span> <span class='ocrx_word' id='word_1_360' title='bbox 1132 2659 1424 2733; x_wconf 86' lang='lat' dir='ltr'>pr0priam</span> <span class='ocrx_word' id='word_1_361' title='bbox 1480 2656 1813 2721; x_wconf 85' lang='lat' dir='ltr'>mercedem,</span> 
     </span>
    </p>
   </div>
   <div class='ocr_carea' id='block_1_46' title="bbox 217 2743 1820 2810">
    <p class='ocr_par' dir='ltr' id='par_1_46' title="bbox 217 2743 1820 2810">
     <span class='ocr_line' id='line_1_46' title="bbox 217 2743 1820 2810; baseline -0.008 -1"><span class='ocrx_word' id='word_1_362' title='bbox 217 2761 588 2809; x_wconf 89' lang='lat' dir='ltr'>mensuratam</span> <span class='ocrx_word' id='word_1_363' title='bbox 637 2750 741 2805; x_wconf 90' lang='lat' dir='ltr'>sibi</span> <span class='ocrx_word' id='word_1_364' title='bbox 797 2749 1106 2806; x_wconf 88' lang='lat' dir='ltr'>secundum</span> <span class='ocrx_word' id='word_1_365' title='bbox 1155 2765 1320 2803; x_wconf 92' lang='lat' dir='ltr'>suum</span> <span class='ocrx_word' id='word_1_366' title='bbox 1357 2747 1618 2810; x_wconf 88' lang='lat' dir='ltr'>laborem,</span> <span class='ocrx_word' id='word_1_367' title='bbox 1652 2743 1702 2798; x_wconf 90' lang='lat' dir='ltr'>id</span> <span class='ocrx_word' id='word_1_368' title='bbox 1737 2750 1820 2798; x_wconf 87' lang='lat' dir='ltr'>est</span> 
     </span>
    </p>
   </div>
   <div class='ocr_carea' id='block_1_47' title="bbox 219 2831 1819 2914">
    <p class='ocr_par' dir='ltr' id='par_1_47' title="bbox 219 2831 1819 2914">
     <span class='ocr_line' id='line_1_47' title="bbox 219 2831 1819 2914; baseline -0.007 -17"><span class='ocrx_word' id='word_1_369' title='bbox 219 2859 319 2914; x_wconf 87' lang='lat' dir='ltr'>pro</span> <span class='ocrx_word' id='word_1_370' title='bbox 349 2841 520 2896; x_wconf 90' lang='lat' dir='ltr'>modo</span> <span class='ocrx_word' id='word_1_371' title='bbox 577 2855 686 2912; x_wconf 91' lang='lat' dir='ltr'>quo</span> <span class='ocrx_word' id='word_1_372' title='bbox 741 2839 797 2893; x_wconf 90' lang='lat' dir='ltr'>in</span> <span class='ocrx_word' id='word_1_373' title='bbox 843 2853 1010 2909; x_wconf 91' lang='lat' dir='ltr'>opere</span> <span class='ocrx_word' id='word_1_374' title='bbox 1057 2837 1158 2893; x_wconf 94' lang='lat' dir='ltr'>Dei</span> <span class='ocrx_word' id='word_1_375' title='bbox 1183 2834 1471 2891; x_wconf 89' lang='lat' dir='ltr'>laboravit.</span> <span class='ocrx_word' id='word_1_376' title='bbox 1517 2833 1645 2888; x_wconf 91' lang='lat' dir='ltr'>Plus</span> <span class='ocrx_word' id='word_1_377' title='bbox 1675 2831 1819 2888; x_wconf 92' lang='lat' dir='ltr'>enim</span> 
     </span>
    </p>
   </div>
   <div class='ocr_carea' id='block_1_48' title="bbox 224 2919 1821 2999">
    <p class='ocr_par' dir='ltr' id='par_1_48' title="bbox 224 2919 1821 2999">
     <span class='ocr_line' id='line_1_48' title="bbox 224 2919 1821 2999; baseline -0.008 -13"><span class='ocrx_word' id='word_1_378' title='bbox 224 2931 270 2986; x_wconf 90' lang='lat' dir='ltr'>ei</span> <span class='ocrx_word' id='word_1_379' title='bbox 299 2931 558 2997; x_wconf 90' lang='lat' dir='ltr'>debetur,</span> <span class='ocrx_word' id='word_1_380' title='bbox 609 2927 700 2999; x_wconf 90' lang='lat' dir='ltr'>qui</span> <span class='ocrx_word' id='word_1_381' title='bbox 730 2927 853 2998; x_wconf 89' lang='lat' dir='ltr'>plus</span> <span class='ocrx_word' id='word_1_382' title='bbox 907 2934 1159 2981; x_wconf 89' lang='lat' dir='ltr'>meretur.</span> <span class='ocrx_word' id='word_1_383' title='bbox 1219 2925 1286 2979; x_wconf 91' lang='lat' dir='ltr'>Et</span> <span class='ocrx_word' id='word_1_384' title='bbox 1317 2925 1422 2978; x_wconf 91' lang='lat' dir='ltr'>hoc</span> <span class='ocrx_word' id='word_1_385' title='bbox 1453 2923 1593 2977; x_wconf 88' lang='lat' dir='ltr'>bene</span> <span class='ocrx_word' id='word_1_386' title='bbox 1640 2920 1709 2975; x_wconf 89' lang='lat' dir='ltr'>ad</span> <span class='ocrx_word' id='word_1_387' title='bbox 1740 2919 1821 2973; x_wconf 92' lang='lat' dir='ltr'>in-</span> 
     </span>
    </p>
   </div>
   <div class='ocr_carea' id='block_1_49' title="bbox 225 3007 1821 3084">
    <p class='ocr_par' dir='ltr' id='par_1_49' title="bbox 225 3007 1821 3084">
     <span class='ocr_line' id='line_1_49' title="bbox 225 3007 1821 3084; baseline -0.007 -11"><span class='ocrx_word' id='word_1_388' title='bbox 225 3019 548 3074; x_wconf 88' lang='lat' dir='ltr'>tentionem.</span> <span class='ocrx_word' id='word_1_389' title='bbox 573 3017 678 3072; x_wconf 89' lang='lat' dir='ltr'>Ubi</span> <span class='ocrx_word' id='word_1_390' title='bbox 709 3015 852 3071; x_wconf 90' lang='lat' dir='ltr'>enim</span> <span class='ocrx_word' id='word_1_391' title='bbox 884 3013 1121 3069; x_wconf 88' lang='lat' dir='ltr'>ostendit</span> <span class='ocrx_word' id='word_1_392' title='bbox 1163 3029 1222 3067; x_wconf 90' lang='lat' dir='ltr'>se</span> <span class='ocrx_word' id='word_1_393' title='bbox 1251 3011 1430 3084; x_wconf 90' lang='lat' dir='ltr'>magis</span> <span class='ocrx_word' id='word_1_394' title='bbox 1462 3011 1586 3065; x_wconf 88' lang='lat' dir='ltr'>aliis</span> <span class='ocrx_word' id='word_1_395' title='bbox 1615 3009 1670 3063; x_wconf 92' lang='lat' dir='ltr'>in</span> <span class='ocrx_word' id='word_1_396' title='bbox 1716 3007 1821 3062; x_wconf 86' lang='lat' dir='ltr'>fide</span> 
     </span>
    </p>
   </div>
   <div class='ocr_carea' id='block_1_50' title="bbox 225 3099 1825 3175">
    <p class='ocr_par' dir='ltr' id='par_1_50' title="bbox 225 3099 1825 3175">
     <span class='ocr_line' id='line_1_50' title="bbox 225 3099 1825 3175; baseline -0.008 -13"><span class='ocrx_word' id='word_1_397' title='bbox 225 3105 632 3162; x_wconf 89' lang='lat' dir='ltr'>Corinthiorum</span> <span class='ocrx_word' id='word_1_398' title='bbox 689 3103 1028 3175; x_wconf 81' lang='lat' dir='ltr'>promereri,</span> <span class='ocrx_word' id='word_1_399' title='bbox 1063 3110 1113 3157; x_wconf 93' lang='lat' dir='ltr'>et</span> <span class='ocrx_word' id='word_1_400' title='bbox 1143 3101 1210 3156; x_wconf 90' lang='lat' dir='ltr'>de</span> <span class='ocrx_word' id='word_1_401' title='bbox 1249 3117 1308 3155; x_wconf 91' lang='lat' dir='ltr'>se</span> <span class='ocrx_word' id='word_1_402' title='bbox 1339 3099 1684 3172; x_wconf 84' lang='lat' dir='ltr'>gloriandum</span> <span class='ocrx_word' id='word_1_403' title='bbox 1715 3113 1825 3152; x_wconf 90' lang='lat' dir='ltr'>non</span> 
     </span>
    </p>
   </div>
   <div class='ocr_carea' id='block_1_51' title="bbox 226 3185 1824 3263">
    <p class='ocr_par' dir='ltr' id='par_1_51' title="bbox 226 3185 1824 3263">
     <span class='ocr_line' id='line_1_51' title="bbox 226 3185 1824 3263; baseline -0.008 -13"><span class='ocrx_word' id='word_1_404' title='bbox 226 3212 348 3250; x_wconf 88' lang='lat' dir='ltr'>esse</span> <span class='ocrx_word' id='word_1_405' title='bbox 380 3193 647 3260; x_wconf 87' lang='lat' dir='ltr'>subditis,</span> <span class='ocrx_word' id='word_1_406' title='bbox 681 3191 813 3247; x_wconf 88' lang='lat' dir='ltr'>dicit</span> <span class='ocrx_word' id='word_1_407' title='bbox 845 3206 857 3244; x_wconf 90' lang='lat'><strong>:</strong></span> <span class='ocrx_word' id='word_1_408' title='bbox 892 3192 1079 3263; x_wconf 90' lang='lat' dir='ltr'>Longe</span> <span class='ocrx_word' id='word_1_409' title='bbox 1118 3189 1297 3243; x_wconf 89' lang='lat' dir='ltr'>minus</span> <span class='ocrx_word' id='word_1_410' title='bbox 1327 3187 1382 3241; x_wconf 92' lang='lat' dir='ltr'>in</span> <span class='ocrx_word' id='word_1_411' title='bbox 1409 3187 1493 3241; x_wconf 90' lang='lat' dir='ltr'>his</span> <span class='ocrx_word' id='word_1_412' title='bbox 1526 3186 1617 3258; x_wconf 90' lang='lat' dir='ltr'>qui</span> <span class='ocrx_word' id='word_1_413' title='bbox 1646 3185 1824 3240; x_wconf 91' lang='lat' dir='ltr'>minus</span> 
     </span>
    </p>
   </div>
   <div class='ocr_carea' id='block_1_52' title="bbox 226 3277 1824 3353">
    <p class='ocr_par' dir='ltr' id='par_1_52' title="bbox 226 3277 1824 3353">
     <span class='ocr_line' id='line_1_52' title="bbox 226 3277 1824 3353; baseline -0.008 -15"><span class='ocrx_word' id='word_1_414' title='bbox 226 3290 511 3338; x_wconf 81' lang='lat' dir='ltr'>merentur</span> <span class='ocrx_word' id='word_1_415' title='bbox 549 3279 912 3353; x_wconf 84' lang='lat' dir='ltr'>gloriandum,</span> <span class='ocrx_word' id='word_1_416' title='bbox 955 3287 1005 3333; x_wconf 90' lang='lat' dir='ltr'>et</span> <span class='ocrx_word' id='word_1_417' title='bbox 1034 3277 1167 3332; x_wconf 89' lang='lat' dir='ltr'>nihil</span> <span class='ocrx_word' id='word_1_418' title='bbox 1225 3277 1439 3347; x_wconf 89' lang='lat' dir='ltr'>penitus</span> <span class='ocrx_word' id='word_1_419' title='bbox 1471 3291 1594 3330; x_wconf 89' lang='lat' dir='ltr'>esse</span> <span class='ocrx_word' id='word_1_420' title='bbox 1642 3281 1824 3328; x_wconf 86' lang='lat' dir='ltr'>osten—</span> 
     </span>
    </p>
   </div>
   <div class='ocr_carea' id='block_1_53' title="bbox 225 3361 1825 3426">
    <p class='ocr_par' dir='ltr' id='par_1_53' title="bbox 225 3361 1825 3426">
     <span class='ocr_line' id='line_1_53' title="bbox 225 3361 1825 3426; baseline -0.008 0"><span class='ocrx_word' id='word_1_421' title='bbox 225 3372 318 3426; x_wconf 91' lang='lat' dir='ltr'>dit.</span> <span class='ocrx_word' id='word_1_422' title='bbox 395 3372 759 3426; x_wconf 84' lang='lat' dir='ltr'>Revertamur</span> <span class='ocrx_word' id='word_1_423' title='bbox 828 3367 895 3421; x_wconf 90' lang='lat' dir='ltr'>ad</span> <span class='ocrx_word' id='word_1_424' title='bbox 975 3366 1230 3420; x_wconf 86' lang='lat' dir='ltr'>litteram.</span> <span class='ocrx_word' id='word_1_425' title='bbox 1321 3365 1459 3418; x_wconf 87' lang='lat' dir='ltr'>Vere</span> <span class='ocrx_word' id='word_1_426' title='bbox 1526 3361 1825 3418; x_wconf 90' lang='lat' dir='ltr'>secundum</span> 
     </span>
    </p>
   </div>
   <div class='ocr_carea' id='block_1_54' title="bbox 228 3449 1825 3530">
    <p class='ocr_par' dir='ltr' id='par_1_54' title="bbox 228 3449 1825 3530">
     <span class='ocr_line' id='line_1_54' title="bbox 228 3449 1825 3530; baseline -0.008 -15"><span class='ocrx_word' id='word_1_427' title='bbox 228 3459 512 3530; x_wconf 90' lang='lat' dir='ltr'>pr0prium</span> <span class='ocrx_word' id='word_1_428' title='bbox 565 3457 809 3511; x_wconf 88' lang='lat' dir='ltr'>laborem</span> <span class='ocrx_word' id='word_1_429' title='bbox 867 3454 1097 3524; x_wconf 91' lang='lat' dir='ltr'>accipiet</span> <span class='ocrx_word' id='word_1_430' title='bbox 1157 3452 1469 3508; x_wconf 88' lang='lat' dir='ltr'>mercedem</span> <span class='ocrx_word' id='word_1_431' title='bbox 1505 3469 1518 3504; x_wconf 88' lang='lat'>:</span> <span class='ocrx_word' id='word_1_432' title='bbox 1551 3466 1651 3504; x_wconf 90' lang='lat' dir='ltr'>nos</span> <span class='ocrx_word' id='word_1_433' title='bbox 1683 3449 1825 3504; x_wconf 92' lang='lat' dir='ltr'>enim</span> 
     </span>
    </p>
   </div>
   <div class='ocr_carea' id='block_1_55' title="bbox 228 3538 1828 3614">
    <p class='ocr_par' dir='ltr' id='par_1_55' title="bbox 228 3538 1828 3614">
     <span class='ocr_line' id='line_1_55' title="bbox 228 3538 1828 3614; baseline -0.006 -13"><span class='ocrx_word' id='word_1_434' title='bbox 228 3549 280 3602; x_wconf 89' lang='lat' dir='ltr'>in</span> <span class='ocrx_word' id='word_1_435' title='bbox 319 3546 480 3602; x_wconf 88' lang='lat' dir='ltr'>vobis</span> <span class='ocrx_word' id='word_1_436' title='bbox 543 3547 716 3600; x_wconf 90' lang='lat' dir='ltr'>Deum</span> <span class='ocrx_word' id='word_1_437' title='bbox 764 3543 886 3614; x_wconf 91' lang='lat' dir='ltr'>plus</span> <span class='ocrx_word' id='word_1_438' title='bbox 933 3543 1053 3597; x_wconf 88' lang='lat' dir='ltr'>aliis</span> <span class='ocrx_word' id='word_1_439' title='bbox 1102 3540 1427 3610; x_wconf 87' lang='lat' dir='ltr'>adjuvimus,</span> <span class='ocrx_word' id='word_1_440' title='bbox 1460 3547 1512 3593; x_wconf 90' lang='lat' dir='ltr'>et</span> <span class='ocrx_word' id='word_1_441' title='bbox 1542 3538 1666 3593; x_wconf 92' lang='lat' dir='ltr'>ideo</span> <span class='ocrx_word' id='word_1_442' title='bbox 1707 3538 1828 3608; x_wconf 90' lang='lat' dir='ltr'>plus</span> 
     </span>
    </p>
   </div>
   <div class='ocr_carea' id='block_1_56' title="bbox 228 3627 1828 3702">
    <p class='ocr_par' dir='ltr' id='par_1_56' title="bbox 228 3627 1828 3702">
     <span class='ocr_line' id='line_1_56' title="bbox 228 3627 1828 3702; baseline -0.006 -12"><span class='ocrx_word' id='word_1_443' title='bbox 228 3636 344 3690; x_wconf 88' lang='lat' dir='ltr'>aliis</span> <span class='ocrx_word' id='word_1_444' title='bbox 375 3632 871 3698; x_wconf 87' lang='lat' dir='ltr'>remunerabimur,</span> <span class='ocrx_word' id='word_1_445' title='bbox 908 3631 1054 3702; x_wconf 89' lang='lat' dir='ltr'>quod</span> <span class='ocrx_word' id='word_1_446' title='bbox 1101 3629 1276 3683; x_wconf 47' lang='lat' dir='ltr'>ita—ait</span> <span class='ocrx_word' id='word_1_447' title='bbox 1309 3647 1322 3683; x_wconf 96' lang='lat'><strong>:</strong></span> <span class='ocrx_word' id='word_1_448' title='bbox 1353 3629 1467 3683; x_wconf 91' lang='lat' dir='ltr'>Nos</span> <span class='ocrx_word' id='word_1_449' title='bbox 1506 3644 1701 3683; x_wconf 89' lang='lat' dir='ltr'>sumus</span> <span class='ocrx_word' id='word_1_450' title='bbox 1731 3627 1828 3681; x_wconf 89' lang='lat' dir='ltr'>ad-</span> 
     </span>
    </p>
   </div>
   <div class='ocr_carea' id='block_1_57' title="bbox 222 3715 1829 3797">
    <p class='ocr_par' dir='ltr' id='par_1_57' title="bbox 222 3715 1829 3797">
     <span class='ocr_line' id='line_1_57' title="bbox 222 3715 1829 3797; baseline -0.007 -16"><span class='ocrx_word' id='word_1_451' title='bbox 222 3729 448 3797; x_wconf 85' lang='lat' dir='ltr'>jutores</span> <span class='ocrx_word' id='word_1_452' title='bbox 478 3724 596 3788; x_wconf 89' lang='lat' dir='ltr'>Dei,</span> <span class='ocrx_word' id='word_1_453' title='bbox 621 3722 672 3775; x_wconf 92' lang='lat' dir='ltr'>id</span> <span class='ocrx_word' id='word_1_454' title='bbox 704 3729 785 3775; x_wconf 88' lang='lat' dir='ltr'>est</span> <span class='ocrx_word' id='word_1_455' title='bbox 815 3719 1051 3791; x_wconf 88' lang='lat' dir='ltr'>operarii</span> <span class='ocrx_word' id='word_1_456' title='bbox 1077 3738 1091 3785; x_wconf 90' lang='lat'>;</span> <span class='ocrx_word' id='word_1_457' title='bbox 1132 3726 1184 3773; x_wconf 88' lang='lat' dir='ltr'>et</span> <span class='ocrx_word' id='word_1_458' title='bbox 1220 3717 1440 3773; x_wconf 91' lang='lat' dir='ltr'>utservi</span> <span class='ocrx_word' id='word_1_459' title='bbox 1466 3715 1829 3770; x_wconf 89' lang='lat' dir='ltr'>ministrando</span> 
     </span>
    </p>
   </div>
   <div class='ocr_carea' id='block_1_58' title="bbox 228 3803 1830 3885">
    <p class='ocr_par' dir='ltr' id='par_1_58' title="bbox 228 3803 1830 3885">
     <span class='ocr_line' id='line_1_58' title="bbox 228 3803 1830 3885; baseline -0.007 -17"><span class='ocrx_word' id='word_1_460' title='bbox 228 3811 518 3885; x_wconf 78' lang='lat' dir='ltr'>przeceptis</span> <span class='ocrx_word' id='word_1_461' title='bbox 552 3809 764 3865; x_wconf 91' lang='lat' dir='ltr'>Domini</span> <span class='ocrx_word' id='word_1_462' title='bbox 797 3808 1098 3877; x_wconf 90' lang='lat' dir='ltr'>adjuvimus</span> <span class='ocrx_word' id='word_1_463' title='bbox 1128 3808 1301 3861; x_wconf 89' lang='lat' dir='ltr'>Deum</span> <span class='ocrx_word' id='word_1_464' title='bbox 1358 3805 1413 3859; x_wconf 92' lang='lat' dir='ltr'>in</span> <span class='ocrx_word' id='word_1_465' title='bbox 1454 3804 1632 3869; x_wconf 86' lang='lat' dir='ltr'>vobis,</span> <span class='ocrx_word' id='word_1_466' title='bbox 1665 3803 1830 3857; x_wconf 91' lang='lat' dir='ltr'>mini-</span> 
     </span>
    </p>
   </div>
   <div class='ocr_carea' id='block_1_59' title="bbox 229 3892 1830 3967">
    <p class='ocr_par' dir='ltr' id='par_1_59' title="bbox 229 3892 1830 3967">
     <span class='ocr_line' id='line_1_59' title="bbox 229 3892 1830 3967; baseline -0.006 -11"><span class='ocrx_word' id='word_1_467' title='bbox 229 3901 459 3956; x_wconf 88' lang='lat' dir='ltr'>strando</span> <span class='ocrx_word' id='word_1_468' title='bbox 489 3897 652 3953; x_wconf 82' lang='lat' dir='ltr'>fidem</span> <span class='ocrx_word' id='word_1_469' title='bbox 700 3898 815 3967; x_wconf 78' lang='lat' dir='ltr'>eius</span> <span class='ocrx_word' id='word_1_470' title='bbox 848 3897 985 3951; x_wconf 91' lang='lat' dir='ltr'>sicut</span> <span class='ocrx_word' id='word_1_471' title='bbox 1016 3897 1132 3966; x_wconf 89' lang='lat' dir='ltr'>ipse</span> <span class='ocrx_word' id='word_1_472' title='bbox 1180 3895 1338 3950; x_wconf 90' lang='lat' dir='ltr'>nobis</span> <span class='ocrx_word' id='word_1_473' title='bbox 1369 3893 1656 3963; x_wconf 89' lang='lat' dir='ltr'>disposuit.</span> <span class='ocrx_word' id='word_1_474' title='bbox 1689 3892 1830 3947; x_wconf 87' lang='lat' dir='ltr'>Vere</span> 
     </span>
    </p>
   </div>
   <div class='ocr_carea' id='block_1_60' title="bbox 233 3982 1832 4056">
    <p class='ocr_par' dir='ltr' id='par_1_60' title="bbox 233 3982 1832 4056">
     <span class='ocr_line' id='line_1_60' title="bbox 233 3982 1832 4056; baseline -0.007 -11"><span class='ocrx_word' id='word_1_475' title='bbox 233 3991 412 4045; x_wconf 89' lang='lat' dir='ltr'>Deum</span> <span class='ocrx_word' id='word_1_476' title='bbox 441 3988 747 4056; x_wconf 90' lang='lat' dir='ltr'>adjuvimus</span> <span class='ocrx_word' id='word_1_477' title='bbox 778 3986 833 4039; x_wconf 91' lang='lat' dir='ltr'>in</span> <span class='ocrx_word' id='word_1_478' title='bbox 854 3985 1028 4040; x_wconf 89' lang='lat' dir='ltr'>vobis.</span> <span class='ocrx_word' id='word_1_479' title='bbox 1051 3986 1191 4039; x_wconf 89' lang='lat' dir='ltr'>Nam</span> <span class='ocrx_word' id='word_1_480' title='bbox 1211 3998 1303 4038; x_wconf 84' lang='lat' dir='ltr'>vos</span> <span class='ocrx_word' id='word_1_481' title='bbox 1322 3985 1458 4038; x_wconf 89' lang='lat' dir='ltr'>estis</span> <span class='ocrx_word' id='word_1_482' title='bbox 1476 3982 1832 4053; x_wconf 83' lang='lat' dir='ltr'>agricultura</span> 
     </span>
    </p>
   </div>
   <div class='ocr_carea' id='block_1_61' title="bbox 232 4070 1833 4144">
    <p class='ocr_par' dir='ltr' id='par_1_61' title="bbox 232 4070 1833 4144">
     <span class='ocr_line' id='line_1_61' title="bbox 232 4070 1833 4144; baseline -0.006 -12"><span class='ocrx_word' id='word_1_483' title='bbox 232 4078 355 4143; x_wconf 90' lang='lat' dir='ltr'>Dei,</span> <span class='ocrx_word' id='word_1_484' title='bbox 388 4076 445 4131; x_wconf 91' lang='lat' dir='ltr'>id</span> <span class='ocrx_word' id='word_1_485' title='bbox 486 4084 569 4130; x_wconf 89' lang='lat' dir='ltr'>est</span> <span class='ocrx_word' id='word_1_486' title='bbox 599 4075 772 4130; x_wconf 91' lang='lat' dir='ltr'>cultus</span> <span class='ocrx_word' id='word_1_487' title='bbox 803 4073 940 4144; x_wconf 86' lang='lat' dir='ltr'>agri,</span> <span class='ocrx_word' id='word_1_488' title='bbox 975 4089 1007 4127; x_wconf 92' lang='lat' dir='ltr'>a</span> <span class='ocrx_word' id='word_1_489' title='bbox 1038 4073 1234 4144; x_wconf 90' lang='lat' dir='ltr'>quibus</span> <span class='ocrx_word' id='word_1_490' title='bbox 1250 4071 1362 4140; x_wconf 87' lang='lat' dir='ltr'>jam</span> <span class='ocrx_word' id='word_1_491' title='bbox 1393 4070 1678 4125; x_wconf 74' lang='lat' dir='ltr'>eradicatae</span> <span class='ocrx_word' id='word_1_492' title='bbox 1709 4076 1833 4123; x_wconf 90' lang='lat' dir='ltr'>sunt</span> 
     </span>
    </p>
   </div>
   <div class='ocr_carea' id='block_1_62' title="bbox 234 4157 1835 4236">
    <p class='ocr_par' dir='ltr' id='par_1_62' title="bbox 234 4157 1835 4236">
     <span class='ocr_line' id='line_1_62' title="bbox 234 4157 1835 4236; baseline -0.006 -17"><span class='ocrx_word' id='word_1_493' title='bbox 234 4166 408 4236; x_wconf 66' lang='lat' dir='ltr'>spinae</span> <span class='ocrx_word' id='word_1_494' title='bbox 456 4172 826 4234; x_wconf 90' lang='lat' dir='ltr'>peccatorum.</span> <span class='ocrx_word' id='word_1_495' title='bbox 883 4161 1049 4229; x_wconf 84' lang='lat' dir='ltr'>Estis,</span> <span class='ocrx_word' id='word_1_496' title='bbox 1084 4161 1322 4231; x_wconf 92' lang='lat' dir='ltr'>inquam,</span> <span class='ocrx_word' id='word_1_497' title='bbox 1374 4157 1710 4230; x_wconf 80' lang='lat' dir='ltr'>agricultura</span> <span class='ocrx_word' id='word_1_498' title='bbox 1737 4172 1835 4227; x_wconf 90' lang='lat' dir='ltr'>per</span> 
     </span>
    </p>
   </div>
   <div class='ocr_carea' id='block_1_63' title="bbox 235 4247 1834 4316">
    <p class='ocr_par' dir='ltr' id='par_1_63' title="bbox 235 4247 1834 4316">
     <span class='ocr_line' id='line_1_63' title="bbox 235 4247 1834 4316; baseline -0.004 -9"><span class='ocrx_word' id='word_1_499' title='bbox 235 4253 568 4308; x_wconf 80' lang='lat' dir='ltr'>ablationem</span> <span class='ocrx_word' id='word_1_500' title='bbox 622 4251 912 4316; x_wconf 89' lang='lat' dir='ltr'>malorum,</span> <span class='ocrx_word' id='word_1_501' title='bbox 969 4253 1024 4304; x_wconf 87' lang='lat' dir='ltr'>et</span> <span class='ocrx_word' id='word_1_502' title='bbox 1055 4251 1192 4304; x_wconf 88' lang='lat' dir='ltr'>estis</span> <span class='ocrx_word' id='word_1_503' title='bbox 1239 4247 1540 4315; x_wconf 60' lang='lat' dir='ltr'>aediﬁcatio</span> <span class='ocrx_word' id='word_1_504' title='bbox 1584 4248 1702 4312; x_wconf 86' lang='lat' dir='ltr'>Dei,</span> <span class='ocrx_word' id='word_1_505' title='bbox 1735 4262 1834 4316; x_wconf 90' lang='lat' dir='ltr'>per</span> 
     </span>
    </p>
   </div>
   <div class='ocr_carea' id='block_1_64' title="bbox 236 4334 1835 4413">
    <p class='ocr_par' dir='ltr' id='par_1_64' title="bbox 236 4334 1835 4413">
     <span class='ocr_line' id='line_1_64' title="bbox 236 4334 1835 4413; baseline -0.004 -18"><span class='ocrx_word' id='word_1_506' title='bbox 236 4341 564 4413; x_wconf 88' lang='lat' dir='ltr'>positionem</span> <span class='ocrx_word' id='word_1_507' title='bbox 593 4339 869 4403; x_wconf 88' lang='lat' dir='ltr'>virtutum,</span> <span class='ocrx_word' id='word_1_508' title='bbox 901 4337 1028 4409; x_wconf 90' lang='lat' dir='ltr'>quia</span> <span class='ocrx_word' id='word_1_509' title='bbox 1059 4353 1227 4407; x_wconf 88' lang='lat' dir='ltr'>super</span> <span class='ocrx_word' id='word_1_510' title='bbox 1247 4334 1410 4390; x_wconf 90' lang='lat' dir='ltr'>fidem</span> <span class='ocrx_word' id='word_1_511' title='bbox 1433 4343 1665 4390; x_wconf 89' lang='lat' dir='ltr'>vestram</span> <span class='ocrx_word' id='word_1_512' title='bbox 1689 4335 1835 4388; x_wconf 91' lang='lat' dir='ltr'>Deus</span> 
     </span>
    </p>
   </div>
   <div class='ocr_carea' id='block_1_65' title="bbox 1909 1772 2890 1846">
    <p class='ocr_par' dir='ltr' id='par_1_65' title="bbox 1909 1772 2890 1846">
     <span class='ocr_line' id='line_1_65' title="bbox 1909 1772 2890 1846; baseline 0.003 -17"><span class='ocrx_word' id='word_1_513' title='bbox 1909 1772 2214 1829; x_wconf 89' lang='lat' dir='ltr'>confortato</span> <span class='ocrx_word' id='word_1_514' title='bbox 2239 1773 2560 1845; x_wconf 87' lang='lat' dir='ltr'>relinquitur</span> <span class='ocrx_word' id='word_1_515' title='bbox 2590 1775 2695 1830; x_wconf 88' lang='lat' dir='ltr'>hoc</span> <span class='ocrx_word' id='word_1_516' title='bbox 2733 1792 2890 1846; x_wconf 91' lang='lat' dir='ltr'>opus.</span> 
     </span>
    </p>
   </div>
   <div class='ocr_carea' id='block_1_66' title="bbox 1979 1861 3501 1934">
    <p class='ocr_par' dir='ltr' id='par_1_66' title="bbox 1979 1861 3501 1934">
     <span class='ocr_line' id='line_1_66' title="bbox 1979 1861 3501 1934; baseline 0.009 -19"><span class='ocrx_word' id='word_1_517' title='bbox 1979 1861 2288 1916; x_wconf 88' lang='lat' dir='ltr'>Notandum</span> <span class='ocrx_word' id='word_1_518' title='bbox 2339 1870 2422 1917; x_wconf 91' lang='lat' dir='ltr'>est</span> <span class='ocrx_word' id='word_1_519' title='bbox 2468 1863 2613 1933; x_wconf 93' lang='lat' dir='ltr'>quod</span> <span class='ocrx_word' id='word_1_520' title='bbox 2644 1864 3081 1934; x_wconf 64' lang='lat' dir='ltr'>supermdificare</span> <span class='ocrx_word' id='word_1_521' title='bbox 3139 1869 3389 1926; x_wconf 90' lang='lat' dir='ltr'>dicuntur</span> <span class='ocrx_word' id='word_1_522' title='bbox 3445 1873 3501 1928; x_wconf 91' lang='lat' dir='ltr'>hi</span> 
     </span>
    </p>
   </div>
   <div class='ocr_carea' id='block_1_67' title="bbox 1910 1949 3498 2021">
    <p class='ocr_par' dir='ltr' id='par_1_67' title="bbox 1910 1949 3498 2021">
     <span class='ocr_line' id='line_1_67' title="bbox 1910 1949 3498 2021; baseline 0.008 -17"><span class='ocrx_word' id='word_1_523' title='bbox 1910 1949 2106 2018; x_wconf 90' lang='lat' dir='ltr'>solum,</span> <span class='ocrx_word' id='word_1_524' title='bbox 2137 1966 2368 2021; x_wconf 91' lang='lat' dir='ltr'>quorum</span> <span class='ocrx_word' id='word_1_525' title='bbox 2425 1951 2599 2021; x_wconf 91' lang='lat' dir='ltr'>culpis</span> <span class='ocrx_word' id='word_1_526' title='bbox 2653 1968 2762 2007; x_wconf 92' lang='lat' dir='ltr'>non</span> <span class='ocrx_word' id='word_1_527' title='bbox 2820 1954 3116 2011; x_wconf 90' lang='lat' dir='ltr'>destruitur</span> <span class='ocrx_word' id='word_1_528' title='bbox 3177 1957 3498 2016; x_wconf 87' lang='lat' dir='ltr'>fundamen-</span> 
     </span>
    </p>
   </div>
   <div class='ocr_carea' id='block_1_68' title="bbox 1909 2037 3499 2112">
    <p class='ocr_par' dir='ltr' id='par_1_68' title="bbox 1909 2037 3499 2112">
     <span class='ocr_line' id='line_1_68' title="bbox 1909 2037 3499 2112; baseline 0.008 -20"><span class='ocrx_word' id='word_1_529' title='bbox 1909 2047 2044 2093; x_wconf 89' lang='lat' dir='ltr'>tum.</span> <span class='ocrx_word' id='word_1_530' title='bbox 2079 2037 2183 2106; x_wconf 88' lang='lat' dir='ltr'>Qui</span> <span class='ocrx_word' id='word_1_531' title='bbox 2214 2039 2357 2094; x_wconf 90' lang='lat' dir='ltr'>enim</span> <span class='ocrx_word' id='word_1_532' title='bbox 2411 2040 2658 2108; x_wconf 88' lang='lat' dir='ltr'>destruit,</span> <span class='ocrx_word' id='word_1_533' title='bbox 2720 2042 2897 2112; x_wconf 92' lang='lat' dir='ltr'>potius</span> <span class='ocrx_word' id='word_1_534' title='bbox 2953 2044 3184 2100; x_wconf 91' lang='lat' dir='ltr'>dicenda</span> <span class='ocrx_word' id='word_1_535' title='bbox 3223 2055 3305 2102; x_wconf 87' lang='lat' dir='ltr'>est</span> <span class='ocrx_word' id='word_1_536' title='bbox 3336 2065 3499 2105; x_wconf 90' lang='lat' dir='ltr'>ever-</span> 
     </span>
    </p>
   </div>
   <div class='ocr_carea' id='block_1_69' title="bbox 1913 2127 3500 2200">
    <p class='ocr_par' dir='ltr' id='par_1_69' title="bbox 1913 2127 3500 2200">
     <span class='ocr_line' id='line_1_69' title="bbox 1913 2127 3500 2200; baseline 0.009 -19"><span class='ocrx_word' id='word_1_537' title='bbox 1913 2127 1993 2182; x_wconf 90' lang='lat' dir='ltr'>sio</span> <span class='ocrx_word' id='word_1_538' title='bbox 2049 2127 2303 2198; x_wconf 88' lang='lat' dir='ltr'>peccati,</span> <span class='ocrx_word' id='word_1_539' title='bbox 2389 2144 2552 2191; x_wconf 89' lang='lat' dir='ltr'>quam</span> <span class='ocrx_word' id='word_1_540' title='bbox 2637 2129 3106 2200; x_wconf 83' lang='lat' dir='ltr'>superaedificatio.</span> <span class='ocrx_word' id='word_1_541' title='bbox 3193 2136 3500 2194; x_wconf 88' lang='lat' dir='ltr'>Videndum</span> 
     </span>
    </p>
   </div>
   <div class='ocr_carea' id='block_1_70' title="bbox 1912 2215 3498 2291">
    <p class='ocr_par' dir='ltr' id='par_1_70' title="bbox 1912 2215 3498 2291">
     <span class='ocr_line' id='line_1_70' title="bbox 1912 2215 3498 2291; baseline 0.009 -23"><span class='ocrx_word' id='word_1_542' title='bbox 1912 2215 2098 2286; x_wconf 88' lang='lat' dir='ltr'>utique</span> <span class='ocrx_word' id='word_1_543' title='bbox 2129 2223 2211 2270; x_wconf 90' lang='lat' dir='ltr'>est</span> <span class='ocrx_word' id='word_1_544' title='bbox 2251 2215 2405 2271; x_wconf 89' lang='lat' dir='ltr'>vobis</span> <span class='ocrx_word' id='word_1_545' title='bbox 2444 2217 2512 2272; x_wconf 92' lang='lat' dir='ltr'>de</span> <span class='ocrx_word' id='word_1_546' title='bbox 2561 2217 3105 2291; x_wconf 58' lang='lat' dir='ltr'>supersedificatione,</span> <span class='ocrx_word' id='word_1_547' title='bbox 3146 2239 3215 2279; x_wconf 90' lang='lat' dir='ltr'>ne</span> <span class='ocrx_word' id='word_1_548' title='bbox 3241 2225 3498 2283; x_wconf 89' lang='lat' dir='ltr'>varietur.</span> 
     </span>
    </p>
   </div>
   <div class='ocr_carea' id='block_1_71' title="bbox 1912 2303 3503 2384">
    <p class='ocr_par' dir='ltr' id='par_1_71' title="bbox 1912 2303 3503 2384">
     <span class='ocr_line' id='line_1_71' title="bbox 1912 2303 3503 2384; baseline 0.009 -28"><span class='ocrx_word' id='word_1_549' title='bbox 1912 2304 2050 2357; x_wconf 92' lang='lat' dir='ltr'>Nam</span> <span class='ocrx_word' id='word_1_550' title='bbox 2080 2303 2149 2358; x_wconf 90' lang='lat' dir='ltr'>de</span> <span class='ocrx_word' id='word_1_551' title='bbox 2179 2303 2531 2359; x_wconf 89' lang='lat' dir='ltr'>fundamento</span> <span class='ocrx_word' id='word_1_552' title='bbox 2562 2321 2786 2361; x_wconf 89' lang='lat' dir='ltr'>securos</span> <span class='ocrx_word' id='word_1_553' title='bbox 2815 2323 2912 2363; x_wconf 91' lang='lat' dir='ltr'>vos</span> <span class='ocrx_word' id='word_1_554' title='bbox 2952 2309 3154 2381; x_wconf 90' lang='lat' dir='ltr'>reddo,</span> <span class='ocrx_word' id='word_1_555' title='bbox 3181 2313 3309 2384; x_wconf 88' lang='lat' dir='ltr'>quia</span> <span class='ocrx_word' id='word_1_556' title='bbox 3337 2332 3503 2370; x_wconf 90' lang='lat' dir='ltr'>unum</span> 
     </span>
    </p>
   </div>
   <div class='ocr_carea' id='block_1_72' title="bbox 1915 2393 3506 2470">
    <p class='ocr_par' dir='ltr' id='par_1_72' title="bbox 1915 2393 3506 2470">
     <span class='ocr_line' id='line_1_72' title="bbox 1915 2393 3506 2470; baseline 0.009 -24"><span class='ocrx_word' id='word_1_557' title='bbox 1915 2399 2014 2446; x_wconf 89' lang='lat' dir='ltr'>est.</span> <span class='ocrx_word' id='word_1_558' title='bbox 2040 2393 2207 2447; x_wconf 86' lang='lat' dir='ltr'>Nemo</span> <span class='ocrx_word' id='word_1_559' title='bbox 2229 2395 2383 2448; x_wconf 88' lang='lat' dir='ltr'>enim</span> <span class='ocrx_word' id='word_1_560' title='bbox 2408 2397 2593 2464; x_wconf 80' lang='lat' dir='ltr'>potest</span> <span class='ocrx_word' id='word_1_561' title='bbox 2614 2394 2861 2466; x_wconf 84' lang='lat' dir='ltr'>fundare</span> <span class='ocrx_word' id='word_1_562' title='bbox 2880 2398 3040 2453; x_wconf 89' lang='lat' dir='ltr'>aliud</span> <span class='ocrx_word' id='word_1_563' title='bbox 3059 2401 3506 2470; x_wconf 78' lang='lat' dir='ltr'>fundamentum</span> 
     </span>
    </p>
   </div>
   <div class='ocr_carea' id='block_1_73' title="bbox 1917 2480 3506 2564">
    <p class='ocr_par' dir='ltr' id='par_1_73' title="bbox 1917 2480 3506 2564">
     <span class='ocr_line' id='line_1_73' title="bbox 1917 2480 3506 2564; baseline 0.009 -30"><span class='ocrx_word' id='word_1_564' title='bbox 1917 2480 2064 2550; x_wconf 91' lang='lat' dir='ltr'>quod</span> <span class='ocrx_word' id='word_1_565' title='bbox 2117 2480 2184 2534; x_wconf 91' lang='lat' dir='ltr'>sit</span> <span class='ocrx_word' id='word_1_566' title='bbox 2219 2484 2432 2551; x_wconf 64' lang='lat' dir='ltr'>praeter</span> <span class='ocrx_word' id='word_1_567' title='bbox 2469 2482 2527 2536; x_wconf 92' lang='lat' dir='ltr'>id</span> <span class='ocrx_word' id='word_1_568' title='bbox 2570 2483 2713 2554; x_wconf 91' lang='lat' dir='ltr'>quod</span> <span class='ocrx_word' id='word_1_569' title='bbox 2759 2485 3010 2555; x_wconf 86' lang='lat' dir='ltr'>positum</span> <span class='ocrx_word' id='word_1_570' title='bbox 3051 2492 3135 2543; x_wconf 89' lang='lat' dir='ltr'>est</span> <span class='ocrx_word' id='word_1_571' title='bbox 3163 2505 3194 2543; x_wconf 88' lang='lat' dir='ltr'>a</span> <span class='ocrx_word' id='word_1_572' title='bbox 3221 2505 3328 2559; x_wconf 90' lang='lat' dir='ltr'>me,</span> <span class='ocrx_word' id='word_1_573' title='bbox 3361 2492 3506 2564; x_wconf 86' lang='lat' dir='ltr'>quod</span> 
     </span>
    </p>
   </div>
   <div class='ocr_carea' id='block_1_74' title="bbox 1918 2568 3507 2638">
    <p class='ocr_par' dir='ltr' id='par_1_74' title="bbox 1918 2568 3507 2638">
     <span class='ocr_line' id='line_1_74' title="bbox 1918 2568 3507 2638; baseline 0.008 -15"><span class='ocrx_word' id='word_1_574' title='bbox 1918 2568 2349 2635; x_wconf 85' lang='lat' dir='ltr'>fundamentum,</span> <span class='ocrx_word' id='word_1_575' title='bbox 2383 2568 2438 2623; x_wconf 92' lang='lat' dir='ltr'>id</span> <span class='ocrx_word' id='word_1_576' title='bbox 2469 2577 2551 2624; x_wconf 88' lang='lat' dir='ltr'>est</span> <span class='ocrx_word' id='word_1_577' title='bbox 2581 2569 2738 2638; x_wconf 78' lang='lat' dir='ltr'>fides,</span> <span class='ocrx_word' id='word_1_578' title='bbox 2773 2577 2859 2628; x_wconf 88' lang='lat' dir='ltr'>est</span> <span class='ocrx_word' id='word_1_579' title='bbox 2891 2575 3147 2632; x_wconf 81' lang='lat' dir='ltr'>Christus</span> <span class='ocrx_word' id='word_1_580' title='bbox 3198 2580 3377 2635; x_wconf 80' lang='lat' dir='ltr'>Iesus.</span> <span class='ocrx_word' id='word_1_581' title='bbox 3412 2580 3507 2636; x_wconf 86' lang='lat' dir='ltr'>Fi-</span> 
     </span>
    </p>
   </div>
   <div class='ocr_carea' id='block_1_75' title="bbox 1918 2656 3510 2738">
    <p class='ocr_par' dir='ltr' id='par_1_75' title="bbox 1918 2656 3510 2738">
     <span class='ocr_line' id='line_1_75' title="bbox 1918 2656 3510 2738; baseline 0.008 -26"><span class='ocrx_word' id='word_1_582' title='bbox 1918 2657 2017 2712; x_wconf 89' lang='lat' dir='ltr'>des</span> <span class='ocrx_word' id='word_1_583' title='bbox 2048 2656 2192 2711; x_wconf 89' lang='lat' dir='ltr'>enim</span> <span class='ocrx_word' id='word_1_584' title='bbox 2222 2666 2314 2712; x_wconf 88' lang='lat' dir='ltr'>tua</span> <span class='ocrx_word' id='word_1_585' title='bbox 2341 2657 2409 2712; x_wconf 90' lang='lat' dir='ltr'>de</span> <span class='ocrx_word' id='word_1_586' title='bbox 2457 2657 2672 2714; x_wconf 90' lang='lat' dir='ltr'>Christo</span> <span class='ocrx_word' id='word_1_587' title='bbox 2701 2660 2873 2728; x_wconf 88' lang='lat' dir='ltr'>(juxta</span> <span class='ocrx_word' id='word_1_588' title='bbox 2928 2665 3312 2738; x_wconf 86' lang='lat' dir='ltr'>Augustinum)</span> <span class='ocrx_word' id='word_1_589' title='bbox 3353 2669 3510 2724; x_wconf 90' lang='lat' dir='ltr'>Chri-</span> 
     </span>
    </p>
   </div>
   <div class='ocr_carea' id='block_1_76' title="bbox 1921 2745 3511 2828">
    <p class='ocr_par' dir='ltr' id='par_1_76' title="bbox 1921 2745 3511 2828">
     <span class='ocr_line' id='line_1_76' title="bbox 1921 2745 3511 2828; baseline 0.008 -28"><span class='ocrx_word' id='word_1_590' title='bbox 1921 2754 2035 2800; x_wconf 92' lang='lat' dir='ltr'>stus</span> <span class='ocrx_word' id='word_1_591' title='bbox 2067 2752 2147 2800; x_wconf 91' lang='lat' dir='ltr'>est</span> <span class='ocrx_word' id='word_1_592' title='bbox 2184 2745 2239 2799; x_wconf 92' lang='lat' dir='ltr'>in</span> <span class='ocrx_word' id='word_1_593' title='bbox 2289 2745 2455 2801; x_wconf 84' lang='lat' dir='ltr'>corde</span> <span class='ocrx_word' id='word_1_594' title='bbox 2486 2753 2596 2802; x_wconf 90' lang='lat' dir='ltr'>tuo.</span> <span class='ocrx_word' id='word_1_595' title='bbox 2630 2748 2686 2803; x_wconf 92' lang='lat' dir='ltr'>Si</span> <span class='ocrx_word' id='word_1_596' title='bbox 2733 2749 2862 2820; x_wconf 92' lang='lat' dir='ltr'>quid</span> <span class='ocrx_word' id='word_1_597' title='bbox 2918 2751 3061 2806; x_wconf 92' lang='lat' dir='ltr'>enim</span> <span class='ocrx_word' id='word_1_598' title='bbox 3122 2754 3268 2810; x_wconf 90' lang='lat' dir='ltr'>aliud</span> <span class='ocrx_word' id='word_1_599' title='bbox 3314 2765 3511 2828; x_wconf 77' lang='lat' dir='ltr'>praeter</span> 
     </span>
    </p>
   </div>
   <div class='ocr_carea' id='block_1_77' title="bbox 1921 2832 3511 2909">
    <p class='ocr_par' dir='ltr' id='par_1_77' title="bbox 1921 2832 3511 2909">
     <span class='ocr_line' id='line_1_77' title="bbox 1921 2832 3511 2909; baseline 0.009 -23"><span class='ocrx_word' id='word_1_600' title='bbox 1921 2832 2084 2889; x_wconf 85' lang='lat' dir='ltr'>ﬁdem</span> <span class='ocrx_word' id='word_1_601' title='bbox 2114 2833 2344 2904; x_wconf 91' lang='lat' dir='ltr'>ponitur,</span> <span class='ocrx_word' id='word_1_602' title='bbox 2382 2835 2592 2890; x_wconf 88' lang='lat' dir='ltr'>eversio</span> <span class='ocrx_word' id='word_1_603' title='bbox 2632 2836 3000 2909; x_wconf 85' lang='lat' dir='ltr'>fundamenti,</span> <span class='ocrx_word' id='word_1_604' title='bbox 3035 2857 3145 2896; x_wconf 90' lang='lat' dir='ltr'>non</span> <span class='ocrx_word' id='word_1_605' title='bbox 3184 2842 3511 2902; x_wconf 88' lang='lat' dir='ltr'>fundamen-</span> 
     </span>
    </p>
   </div>
   <div class='ocr_carea' id='block_1_78' title="bbox 1921 2923 3512 2998">
    <p class='ocr_par' dir='ltr' id='par_1_78' title="bbox 1921 2923 3512 2998">
     <span class='ocr_line' id='line_1_78' title="bbox 1921 2923 3512 2998; baseline 0.009 -23"><span class='ocrx_word' id='word_1_606' title='bbox 1921 2929 2037 2976; x_wconf 90' lang='lat' dir='ltr'>tum</span> <span class='ocrx_word' id='word_1_607' title='bbox 2067 2931 2166 2977; x_wconf 91' lang='lat' dir='ltr'>est.</span> <span class='ocrx_word' id='word_1_608' title='bbox 2215 2923 2645 2979; x_wconf 89' lang='lat' dir='ltr'>Fundamentum</span> <span class='ocrx_word' id='word_1_609' title='bbox 2673 2925 2893 2998; x_wconf 92' lang='lat' dir='ltr'>quidem</span> <span class='ocrx_word' id='word_1_610' title='bbox 2923 2945 3087 2984; x_wconf 90' lang='lat' dir='ltr'>unum</span> <span class='ocrx_word' id='word_1_611' title='bbox 3118 2939 3230 2998; x_wconf 89' lang='lat' dir='ltr'>est,</span> <span class='ocrx_word' id='word_1_612' title='bbox 3282 2941 3335 2988; x_wconf 90' lang='lat' dir='ltr'>et</span> <span class='ocrx_word' id='word_1_613' title='bbox 3365 2935 3512 2990; x_wconf 90' lang='lat' dir='ltr'>aliud</span> 
     </span>
    </p>
   </div>
   <div class='ocr_carea' id='block_1_79' title="bbox 1847 3011 3510 3115">
    <p class='ocr_par' dir='ltr' id='par_1_79' title="bbox 1847 3011 3510 3115">
     <span class='ocr_line' id='line_1_79' title="bbox 1847 3011 3510 3115; baseline 0.008 -50"><span class='ocrx_word' id='word_1_614' title='bbox 1847 3054 1894 3115; x_wconf 71' lang='grc' dir='ltr'>Ο</span> <span class='ocrx_word' id='word_1_615' title='bbox 1925 3027 2046 3108; x_wconf 78' lang='lat' dir='ltr'>esse</span> <span class='ocrx_word' id='word_1_616' title='bbox 2104 3011 2310 3115; x_wconf 64' lang='lat' dir='ltr'>nequit.</span> <span class='ocrx_word' id='word_1_617' title='bbox 2345 3013 2440 3067; x_wconf 91' lang='lat' dir='ltr'>sed</span> <span class='ocrx_word' id='word_1_618' title='bbox 2483 3013 3033 3084; x_wconf 70' lang='lat' dir='ltr'>superaedificationes</span> <span class='ocrx_word' id='word_1_619' title='bbox 3089 3027 3213 3074; x_wconf 91' lang='lat' dir='ltr'>sunt</span> <span class='ocrx_word' id='word_1_620' title='bbox 3243 3020 3510 3090; x_wconf 67' lang='lat' dir='ltr'>diversae;</span> 
     </span>
    </p>
   </div>
   <div class='ocr_carea' id='block_1_80' title="bbox 1925 3099 3513 3175">
    <p class='ocr_par' dir='ltr' id='par_1_80' title="bbox 1925 3099 3513 3175">
     <span class='ocr_line' id='line_1_80' title="bbox 1925 3099 3513 3175; baseline 0.009 -24"><span class='ocrx_word' id='word_1_621' title='bbox 1925 3099 2048 3170; x_wconf 90' lang='lat' dir='ltr'>quia</span> <span class='ocrx_word' id='word_1_622' title='bbox 2077 3099 2214 3154; x_wconf 92' lang='lat' dir='ltr'>alius</span> <span class='ocrx_word' id='word_1_623' title='bbox 2271 3116 2486 3170; x_wconf 88' lang='lat' dir='ltr'>aurum,</span> <span class='ocrx_word' id='word_1_624' title='bbox 2522 3110 2615 3157; x_wconf 88' lang='lat' dir='ltr'>aut</span> <span class='ocrx_word' id='word_1_625' title='bbox 2674 3112 2986 3175; x_wconf 79' lang='lat' dir='ltr'>argentum,</span> <span class='ocrx_word' id='word_1_626' title='bbox 3021 3107 3158 3162; x_wconf 91' lang='lat' dir='ltr'>alius</span> <span class='ocrx_word' id='word_1_627' title='bbox 3214 3107 3397 3164; x_wconf 89' lang='lat' dir='ltr'>fenum</span> <span class='ocrx_word' id='word_1_628' title='bbox 3425 3111 3513 3167; x_wconf 90' lang='lat' dir='ltr'>vel</span> 
     </span>
    </p>
   </div>
   <div class='ocr_carea' id='block_1_81' title="bbox 1926 3187 3516 3271">
    <p class='ocr_par' dir='ltr' id='par_1_81' title="bbox 1926 3187 3516 3271">
     <span class='ocr_line' id='line_1_81' title="bbox 1926 3187 3516 3271; baseline 0.009 -30"><span class='ocrx_word' id='word_1_629' title='bbox 1926 3187 2174 3258; x_wconf 85' lang='lat' dir='ltr'>stipulam</span> <span class='ocrx_word' id='word_1_630' title='bbox 2232 3189 2651 3259; x_wconf 74' lang='lat' dir='ltr'>superzedificat.</span> <span class='ocrx_word' id='word_1_631' title='bbox 2705 3191 2864 3260; x_wconf 91' lang='lat' dir='ltr'>Quod</span> <span class='ocrx_word' id='word_1_632' title='bbox 2893 3194 2969 3249; x_wconf 91' lang='lat' dir='ltr'>ita</span> <span class='ocrx_word' id='word_1_633' title='bbox 3015 3196 3089 3250; x_wconf 90' lang='lat' dir='ltr'>ait</span> <span class='ocrx_word' id='word_1_634' title='bbox 3119 3213 3132 3250; x_wconf 91' lang='lat'><strong>:</strong></span> <span class='ocrx_word' id='word_1_635' title='bbox 3165 3197 3227 3252; x_wconf 89' lang='lat' dir='ltr'>Si</span> <span class='ocrx_word' id='word_1_636' title='bbox 3255 3199 3378 3271; x_wconf 88' lang='lat' dir='ltr'>quis</span> <span class='ocrx_word' id='word_1_637' title='bbox 3406 3216 3516 3256; x_wconf 90' lang='lat' dir='ltr'>au-</span> 
     </span>
    </p>
   </div>
   <div class='ocr_carea' id='block_1_82' title="bbox 1928 3277 3516 3352">
    <p class='ocr_par' dir='ltr' id='par_1_82' title="bbox 1928 3277 3516 3352">
     <span class='ocr_line' id='line_1_82' title="bbox 1928 3277 3516 3352; baseline 0.008 -20"><span class='ocrx_word' id='word_1_638' title='bbox 1928 3281 2040 3332; x_wconf 88' lang='lat' dir='ltr'>tem</span> <span class='ocrx_word' id='word_1_639' title='bbox 2071 3277 2485 3348; x_wconf 73' lang='lat' dir='ltr'>superwdiﬁcat</span> <span class='ocrx_word' id='word_1_640' title='bbox 2516 3295 2689 3351; x_wconf 88' lang='lat' dir='ltr'>supra</span> <span class='ocrx_word' id='word_1_641' title='bbox 2720 3281 2820 3336; x_wconf 90' lang='lat' dir='ltr'>hoc</span> <span class='ocrx_word' id='word_1_642' title='bbox 2849 3283 3312 3352; x_wconf 80' lang='lat' dir='ltr'>fundamentum,</span> <span class='ocrx_word' id='word_1_643' title='bbox 3345 3286 3398 3341; x_wconf 92' lang='lat' dir='ltr'>id</span> <span class='ocrx_word' id='word_1_644' title='bbox 3431 3297 3516 3344; x_wconf 86' lang='lat' dir='ltr'>est</span> 
     </span>
    </p>
   </div>
   <div class='ocr_carea' id='block_1_83' title="bbox 1926 3363 3516 3444">
    <p class='ocr_par' dir='ltr' id='par_1_83' title="bbox 1926 3363 3516 3444">
     <span class='ocr_line' id='line_1_83' title="bbox 1926 3363 3516 3444; baseline 0.009 -27"><span class='ocrx_word' id='word_1_645' title='bbox 1926 3363 2111 3428; x_wconf 84' lang='lat' dir='ltr'>fidem,</span> <span class='ocrx_word' id='word_1_646' title='bbox 2133 3380 2360 3433; x_wconf 88' lang='lat' dir='ltr'>aurum,</span> <span class='ocrx_word' id='word_1_647' title='bbox 2382 3370 2701 3436; x_wconf 85' lang='lat' dir='ltr'>argentum,</span> <span class='ocrx_word' id='word_1_648' title='bbox 2730 3368 2943 3440; x_wconf 88' lang='lat' dir='ltr'>lapides</span> <span class='ocrx_word' id='word_1_649' title='bbox 2953 3372 3228 3442; x_wconf 85' lang='lat' dir='ltr'>pretiosos</span> <span class='ocrx_word' id='word_1_650' title='bbox 3247 3394 3264 3428; x_wconf 92' lang='lat'><strong><em>:</em></strong></span> <span class='ocrx_word' id='word_1_651' title='bbox 3282 3391 3383 3444; x_wconf 89' lang='lat' dir='ltr'>per</span> <span class='ocrx_word' id='word_1_652' title='bbox 3398 3377 3516 3432; x_wconf 69' lang='lat' dir='ltr'>haec</span> 
     </span>
    </p>
   </div>
   <div class='ocr_carea' id='block_1_84' title="bbox 1928 3451 3515 3534">
    <p class='ocr_par' dir='ltr' id='par_1_84' title="bbox 1928 3451 3515 3534">
     <span class='ocr_line' id='line_1_84' title="bbox 1928 3451 3515 3534; baseline 0.008 -28"><span class='ocrx_word' id='word_1_653' title='bbox 1928 3452 2048 3520; x_wconf 89' lang='lat' dir='ltr'>tria,</span> <span class='ocrx_word' id='word_1_654' title='bbox 2083 3451 2330 3520; x_wconf 89' lang='lat' dir='ltr'>virtutes,</span> <span class='ocrx_word' id='word_1_655' title='bbox 2367 3453 2464 3506; x_wconf 91' lang='lat' dir='ltr'>sed</span> <span class='ocrx_word' id='word_1_656' title='bbox 2493 3453 2741 3510; x_wconf 69' lang='lat' dir='ltr'>discreta:</span> <span class='ocrx_word' id='word_1_657' title='bbox 2769 3455 3166 3529; x_wconf 87' lang='lat' dir='ltr'>intelliguntur.</span> <span class='ocrx_word' id='word_1_658' title='bbox 3209 3463 3297 3517; x_wconf 87' lang='lat' dir='ltr'>Vel</span> <span class='ocrx_word' id='word_1_659' title='bbox 3339 3464 3515 3534; x_wconf 87' lang='lat' dir='ltr'>ligna,</span> 
     </span>
    </p>
   </div>
   <div class='ocr_carea' id='block_1_85' title="bbox 1927 3542 3517 3623">
    <p class='ocr_par' dir='ltr' id='par_1_85' title="bbox 1927 3542 3517 3623">
     <span class='ocr_line' id='line_1_85' title="bbox 1927 3542 3517 3623; baseline 0.007 -27"><span class='ocrx_word' id='word_1_660' title='bbox 1927 3544 2144 3612; x_wconf 86' lang='lat' dir='ltr'>fenum,</span> <span class='ocrx_word' id='word_1_661' title='bbox 2179 3542 2474 3612; x_wconf 86' lang='lat' dir='ltr'>stipulam,</span> <span class='ocrx_word' id='word_1_662' title='bbox 2508 3558 2607 3612; x_wconf 89' lang='lat' dir='ltr'>per</span> <span class='ocrx_word' id='word_1_663' title='bbox 2639 3543 2755 3598; x_wconf 67' lang='lat' dir='ltr'>haec</span> <span class='ocrx_word' id='word_1_664' title='bbox 2787 3543 2888 3598; x_wconf 91' lang='lat' dir='ltr'>tria</span> <span class='ocrx_word' id='word_1_665' title='bbox 2933 3545 3172 3603; x_wconf 89' lang='lat' dir='ltr'>discreta</span> <span class='ocrx_word' id='word_1_666' title='bbox 3199 3550 3360 3618; x_wconf 89' lang='lat' dir='ltr'>mala,</span> <span class='ocrx_word' id='word_1_667' title='bbox 3395 3569 3517 3623; x_wconf 70' lang='lat' dir='ltr'>quae</span> 
     </span>
    </p>
   </div>
   <div class='ocr_carea' id='block_1_86' title="bbox 1930 3628 3511 3708">
    <p class='ocr_par' dir='ltr' id='par_1_86' title="bbox 1930 3628 3511 3708">
     <span class='ocr_line' id='line_1_86' title="bbox 1930 3628 3511 3708; baseline 0.008 -26"><span class='ocrx_word' id='word_1_668' title='bbox 1930 3636 2112 3683; x_wconf 88' lang='lat' dir='ltr'>tamen</span> <span class='ocrx_word' id='word_1_669' title='bbox 2169 3628 2578 3684; x_wconf 85' lang='lat' dir='ltr'>fundamentum</span> <span class='ocrx_word' id='word_1_670' title='bbox 2635 3646 2745 3685; x_wconf 91' lang='lat' dir='ltr'>non</span> <span class='ocrx_word' id='word_1_671' title='bbox 2800 3632 3094 3704; x_wconf 88' lang='lat' dir='ltr'>destruant,</span> <span class='ocrx_word' id='word_1_672' title='bbox 3156 3637 3511 3708; x_wconf 89' lang='lat' dir='ltr'>accipiuntur.</span> 
     </span>
    </p>
   </div>
   <div class='ocr_carea' id='block_1_87' title="bbox 1930 3707 3522 3798">
    <p class='ocr_par' dir='ltr' id='par_1_87' title="bbox 1930 3707 3522 3798">
     <span class='ocr_line' id='line_1_87' title="bbox 1930 3707 3522 3798; baseline 0.008 -28"><span class='ocrx_word' id='word_1_673' title='bbox 1930 3718 2057 3772; x_wconf 51' lang='lat' dir='ltr'>Haec</span> <span class='ocrx_word' id='word_1_674' title='bbox 2086 3725 2265 3772; x_wconf 91' lang='lat' dir='ltr'>autem</span> <span class='ocrx_word' id='word_1_675' title='bbox 2289 3707 2481 3773; x_wconf 76' lang='lat' dir='ltr'>bmnia</span> <span class='ocrx_word' id='word_1_676' title='bbox 2509 3735 2607 3788; x_wconf 87' lang='lat' dir='ltr'>per</span> <span class='ocrx_word' id='word_1_677' title='bbox 2635 3719 2818 3791; x_wconf 90' lang='lat' dir='ltr'>ignem</span> <span class='ocrx_word' id='word_1_678' title='bbox 2833 3721 2995 3790; x_wconf 89' lang='lat' dir='ltr'>(sicut</span> <span class='ocrx_word' id='word_1_679' title='bbox 3012 3725 3259 3794; x_wconf 91' lang='lat' dir='ltr'>proxime</span> <span class='ocrx_word' id='word_1_680' title='bbox 3275 3707 3522 3798; x_wconf 75' lang='lat' dir='ltr'>subjun-</span> 
     </span>
    </p>
   </div>
   <div class='ocr_carea' id='block_1_88' title="bbox 1931 3806 3524 3884">
    <p class='ocr_par' dir='ltr' id='par_1_88' title="bbox 1931 3806 3524 3884">
     <span class='ocr_line' id='line_1_88' title="bbox 1931 3806 3524 3884; baseline 0.008 -26"><span class='ocrx_word' id='word_1_681' title='bbox 1931 3809 2044 3876; x_wconf 85' lang='lat' dir='ltr'>get)</span> <span class='ocrx_word' id='word_1_682' title='bbox 2102 3806 2497 3876; x_wconf 91' lang='lat' dir='ltr'>probabuntur.</span> <span class='ocrx_word' id='word_1_683' title='bbox 2557 3807 2658 3861; x_wconf 89' lang='lat' dir='ltr'>Per</span> <span class='ocrx_word' id='word_1_684' title='bbox 2685 3823 2875 3863; x_wconf 87' lang='lat' dir='ltr'>aurum</span> <span class='ocrx_word' id='word_1_685' title='bbox 2930 3811 3173 3882; x_wconf 91' lang='lat' dir='ltr'>perfecta</span> <span class='ocrx_word' id='word_1_686' title='bbox 3195 3815 3422 3884; x_wconf 88' lang='lat' dir='ltr'>justitia,</span> <span class='ocrx_word' id='word_1_687' title='bbox 3465 3823 3524 3871; x_wconf 86' lang='lat' dir='ltr'>ut</span> 
     </span>
    </p>
   </div>
   <div class='ocr_carea' id='block_1_89' title="bbox 1933 3893 3527 3991">
    <p class='ocr_par' dir='ltr' id='par_1_89' title="bbox 1933 3893 3527 3991">
     <span class='ocr_line' id='line_1_89' title="bbox 1933 3893 3527 3991; baseline 0.007 -44"><span class='ocrx_word' id='word_1_688' title='bbox 1933 3909 2122 3991; x_wconf 81' lang='lat' dir='ltr'>eorum</span> <span class='ocrx_word' id='word_1_689' title='bbox 2162 3893 2293 3947; x_wconf 86' lang='lat' dir='ltr'>nihil</span> <span class='ocrx_word' id='word_1_690' title='bbox 2323 3894 2537 3964; x_wconf 92' lang='lat' dir='ltr'>penitus</span> <span class='ocrx_word' id='word_1_691' title='bbox 2592 3898 2938 3968; x_wconf 87' lang='lat' dir='ltr'>purgandum</span> <span class='ocrx_word' id='word_1_692' title='bbox 2970 3900 3056 3965; x_wconf 91' lang='lat' dir='ltr'>sit,</span> <span class='ocrx_word' id='word_1_693' title='bbox 3092 3901 3184 3972; x_wconf 94' lang='lat' dir='ltr'>qui</span> <span class='ocrx_word' id='word_1_694' title='bbox 3215 3903 3396 3974; x_wconf 90' lang='lat' dir='ltr'>utique</span> <span class='ocrx_word' id='word_1_695' title='bbox 3426 3920 3527 3975; x_wconf 90' lang='lat' dir='ltr'>per</span> 
     </span>
    </p>
   </div>
   <div class='ocr_carea' id='block_1_90' title="bbox 1933 3982 3523 4060">
    <p class='ocr_par' dir='ltr' id='par_1_90' title="bbox 1933 3982 3523 4060">
     <span class='ocr_line' id='line_1_90' title="bbox 1933 3982 3523 4060; baseline 0.009 -26"><span class='ocrx_word' id='word_1_696' title='bbox 1933 3982 2118 4052; x_wconf 90' lang='lat' dir='ltr'>ignem</span> <span class='ocrx_word' id='word_1_697' title='bbox 2148 3982 2429 4037; x_wconf 89' lang='lat' dir='ltr'>transituri</span> <span class='ocrx_word' id='word_1_698' title='bbox 2461 3991 2620 4051; x_wconf 90' lang='lat' dir='ltr'>sunt;</span> <span class='ocrx_word' id='word_1_699' title='bbox 2653 4000 2761 4040; x_wconf 91' lang='lat' dir='ltr'>non</span> <span class='ocrx_word' id='word_1_700' title='bbox 2791 3993 2847 4040; x_wconf 88' lang='lat' dir='ltr'>ut</span> <span class='ocrx_word' id='word_1_701' title='bbox 2905 3986 2979 4041; x_wconf 90' lang='lat' dir='ltr'>ibi</span> <span class='ocrx_word' id='word_1_702' title='bbox 3010 3989 3194 4060; x_wconf 92' lang='lat' dir='ltr'>aliqua</span> <span class='ocrx_word' id='word_1_703' title='bbox 3223 3993 3523 4048; x_wconf 89' lang='lat' dir='ltr'>acerbitate</span> 
     </span>
    </p>
   </div>
   <div class='ocr_carea' id='block_1_91' title="bbox 1933 4069 3526 4152">
    <p class='ocr_par' dir='ltr' id='par_1_91' title="bbox 1933 4069 3526 4152">
     <span class='ocr_line' id='line_1_91' title="bbox 1933 4069 3526 4152; baseline 0.008 -28"><span class='ocrx_word' id='word_1_704' title='bbox 1933 4069 2293 4136; x_wconf 88' lang='lat' dir='ltr'>detineantur,</span> <span class='ocrx_word' id='word_1_705' title='bbox 2328 4073 2427 4126; x_wconf 91' lang='lat' dir='ltr'>sed</span> <span class='ocrx_word' id='word_1_706' title='bbox 2457 4072 2596 4128; x_wconf 91' lang='lat' dir='ltr'>sicut</span> <span class='ocrx_word' id='word_1_707' title='bbox 2623 4074 2975 4144; x_wconf 89' lang='lat' dir='ltr'>purissimum</span> <span class='ocrx_word' id='word_1_708' title='bbox 3005 4093 3196 4132; x_wconf 91' lang='lat' dir='ltr'>aurum</span> <span class='ocrx_word' id='word_1_709' title='bbox 3220 4080 3335 4152; x_wconf 88' lang='lat' dir='ltr'>igni</span> <span class='ocrx_word' id='word_1_710' title='bbox 3364 4082 3526 4138; x_wconf 83' lang='lat' dir='ltr'>adhi-</span> 
     </span>
    </p>
   </div>
   <div class='ocr_carea' id='block_1_92' title="bbox 1935 4157 3521 4242">
    <p class='ocr_par' dir='ltr' id='par_1_92' title="bbox 1935 4157 3521 4242">
     <span class='ocr_line' id='line_1_92' title="bbox 1935 4157 3521 4242; baseline 0.009 -30"><span class='ocrx_word' id='word_1_711' title='bbox 1935 4157 2124 4224; x_wconf 90' lang='lat' dir='ltr'>bitum,</span> <span class='ocrx_word' id='word_1_712' title='bbox 2152 4158 2310 4214; x_wconf 81' lang='lat'><strong>96</strong></span> <span class='ocrx_word' id='word_1_713' title='bbox 2333 4175 2442 4214; x_wconf 91' lang='lat' dir='ltr'>non</span> <span class='ocrx_word' id='word_1_714' title='bbox 2464 4160 2638 4215; x_wconf 91' lang='lat' dir='ltr'>solum</span> <span class='ocrx_word' id='word_1_715' title='bbox 2668 4162 2874 4217; x_wconf 91' lang='lat' dir='ltr'>nullum</span> <span class='ocrx_word' id='word_1_716' title='bbox 2903 4165 3101 4234; x_wconf 89' lang='lat' dir='ltr'>patitur</span> <span class='ocrx_word' id='word_1_717' title='bbox 3120 4166 3521 4242; x_wconf 88' lang='lat' dir='ltr'>detrimentum,</span> 
     </span>
    </p>
   </div>
   <div class='ocr_carea' id='block_1_93' title="bbox 1936 4246 3528 4330">
    <p class='ocr_par' dir='ltr' id='par_1_93' title="bbox 1936 4246 3528 4330">
     <span class='ocr_line' id='line_1_93' title="bbox 1936 4246 3528 4330; baseline 0.009 -29"><span class='ocrx_word' id='word_1_718' title='bbox 1936 4246 2033 4301; x_wconf 90' lang='lat' dir='ltr'>sed</span> <span class='ocrx_word' id='word_1_719' title='bbox 2065 4263 2162 4316; x_wconf 91' lang='lat' dir='ltr'>per</span> <span class='ocrx_word' id='word_1_720' title='bbox 2191 4247 2295 4301; x_wconf 91' lang='lat' dir='ltr'>hoc</span> <span class='ocrx_word' id='word_1_721' title='bbox 2349 4247 2544 4316; x_wconf 88' lang='lat' dir='ltr'>majori</span> <span class='ocrx_word' id='word_1_722' title='bbox 2581 4249 2757 4305; x_wconf 89' lang='lat' dir='ltr'>nitore</span> <span class='ocrx_word' id='word_1_723' title='bbox 2784 4249 2844 4304; x_wconf 85' lang='lat' dir='ltr'>fit</span> <span class='ocrx_word' id='word_1_724' title='bbox 2881 4252 3251 4323; x_wconf 91' lang='lat' dir='ltr'>splendidius,</span> <span class='ocrx_word' id='word_1_725' title='bbox 3285 4257 3365 4313; x_wconf 91' lang='lat' dir='ltr'>sic</span> <span class='ocrx_word' id='word_1_726' title='bbox 3394 4276 3528 4330; x_wconf 87' lang='lat' dir='ltr'>per-</span> 
     </span>
    </p>
   </div>
   <div class='ocr_carea' id='block_1_94' title="bbox 1937 4334 3528 4414">
    <p class='ocr_par' dir='ltr' id='par_1_94' title="bbox 1937 4334 3528 4414">
     <span class='ocr_line' id='line_1_94' title="bbox 1937 4334 3528 4414; baseline 0.011 -26"><span class='ocrx_word' id='word_1_727' title='bbox 1937 4334 2079 4404; x_wconf 88' lang='lat' dir='ltr'>fecti,</span> <span class='ocrx_word' id='word_1_728' title='bbox 2113 4334 2258 4407; x_wconf 88' lang='lat' dir='ltr'>ignis</span> <span class='ocrx_word' id='word_1_729' title='bbox 2316 4335 2500 4407; x_wconf 87' lang='lat' dir='ltr'>utique</span> <span class='ocrx_word' id='word_1_730' title='bbox 2575 4336 2852 4394; x_wconf 73' lang='lat' dir='ltr'>laesionem</span> <span class='ocrx_word' id='word_1_731' title='bbox 2940 4357 3049 4396; x_wconf 90' lang='lat' dir='ltr'>non</span> <span class='ocrx_word' id='word_1_732' title='bbox 3109 4343 3394 4414; x_wconf 89' lang='lat' dir='ltr'>sentiunt,</span> <span class='ocrx_word' id='word_1_733' title='bbox 3429 4347 3528 4405; x_wconf 90' lang='lat' dir='ltr'>sed</span> 
     </span>
    </p>
   </div>
   <div class='ocr_carea' id='block_1_95' title="bbox 233 4402 3527 4504">
    <p class='ocr_par' dir='ltr' id='par_1_95' title="bbox 233 4402 3527 4504">
     <span class='ocr_line' id='line_1_95' title="bbox 233 4402 3527 4504; baseline 0.002 -20"><span class='ocrx_word' id='word_1_734' title='bbox 233 4402 348 4498; x_wconf 77' lang='lat' dir='ltr'>jam</span> <span class='ocrx_word' id='word_1_735' title='bbox 379 4429 514 4483; x_wconf 85' lang='lat' dir='ltr'>alias</span> <span class='ocrx_word' id='word_1_736' title='bbox 540 4427 765 4483; x_wconf 86' lang='lat' dir='ltr'>virtutes</span> <span class='ocrx_word' id='word_1_737' title='bbox 805 4402 1212 4482; x_wconf 47' lang='lat' dir='ltr'>azdificavit.-Et</span> <span class='ocrx_word' id='word_1_738' title='bbox 1255 4424 1399 4496; x_wconf 91' lang='lat' dir='ltr'>quod</span> <span class='ocrx_word' id='word_1_739' title='bbox 1429 4424 1560 4478; x_wconf 88' lang='lat' dir='ltr'>estis</span> <span class='ocrx_word' id='word_1_740' title='bbox 1591 4423 1833 4496; x_wconf 90' lang='lat' dir='ltr'>agricul-</span> <span class='ocrx_word' id='word_1_741' title='bbox 1853 4402 1908 4462; x_wconf 81' lang='lat' dir='ltr'>D</span> <span class='ocrx_word' id='word_1_742' title='bbox 1939 4402 2335 4494; x_wconf 76' lang='lat' dir='ltr'>probabiliores</span> <span class='ocrx_word' id='word_1_743' title='bbox 2364 4402 2602 4495; x_wconf 82' lang='lat' dir='ltr'>agilitate</span> <span class='ocrx_word' id='word_1_744' title='bbox 2641 4426 2894 4482; x_wconf 87' lang='lat' dir='ltr'>virtutum</span> <span class='ocrx_word' id='word_1_745' title='bbox 2927 4429 2997 4483; x_wconf 89' lang='lat' dir='ltr'>ab</span> <span class='ocrx_word' id='word_1_746' title='bbox 3025 4430 3128 4487; x_wconf 92' lang='lat' dir='ltr'>hoc</span> <span class='ocrx_word' id='word_1_747' title='bbox 3182 4432 3309 4504; x_wconf 84' lang='lat' dir='ltr'>igne</span> <span class='ocrx_word' id='word_1_748' title='bbox 3369 4402 3527 4492; x_wconf 54' lang='lat' dir='ltr'>facil;</span> 
     </span>
    </p>
   </div>
   <div class='ocr_carea' id='block_1_96' title="bbox 237 4511 1836 4583">
    <p class='ocr_par' dir='ltr' id='par_1_96' title="bbox 237 4511 1836 4583">
     <span class='ocr_line' id='line_1_96' title="bbox 237 4511 1836 4583; baseline -0.004 -11"><span class='ocrx_word' id='word_1_749' title='bbox 237 4527 358 4572; x_wconf 87' lang='lat' dir='ltr'>tura</span> <span class='ocrx_word' id='word_1_750' title='bbox 404 4524 458 4572; x_wconf 90' lang='lat' dir='ltr'>et</span> <span class='ocrx_word' id='word_1_751' title='bbox 511 4515 794 4571; x_wconf 74' lang='lat' dir='ltr'>aediﬁcatio</span> <span class='ocrx_word' id='word_1_752' title='bbox 826 4514 944 4580; x_wconf 90' lang='lat' dir='ltr'>Dei,</span> <span class='ocrx_word' id='word_1_753' title='bbox 978 4516 1082 4568; x_wconf 87' lang='lat' dir='ltr'>hoc</span> <span class='ocrx_word' id='word_1_754' title='bbox 1132 4521 1216 4568; x_wconf 88' lang='lat' dir='ltr'>est</span> <span class='ocrx_word' id='word_1_755' title='bbox 1243 4529 1344 4583; x_wconf 83' lang='lat' dir='ltr'>per</span> <span class='ocrx_word' id='word_1_756' title='bbox 1395 4528 1506 4567; x_wconf 90' lang='lat' dir='ltr'>me.</span> <span class='ocrx_word' id='word_1_757' title='bbox 1552 4513 1662 4583; x_wconf 88' lang='lat' dir='ltr'>Ego</span> <span class='ocrx_word' id='word_1_758' title='bbox 1692 4511 1836 4567; x_wconf 90' lang='lat' dir='ltr'>enim</span> 
     </span>
    </p>
   </div>
   <div class='ocr_carea' id='block_1_97' title="bbox 234 4599 1837 4678">
    <p class='ocr_par' dir='ltr' id='par_1_97' title="bbox 234 4599 1837 4678">
     <span class='ocr_line' id='line_1_97' title="bbox 234 4599 1837 4678; baseline -0.005 -16"><span class='ocrx_word' id='word_1_759' title='bbox 234 4607 399 4678; x_wconf 81' lang='lat' dir='ltr'>posui</span> <span class='ocrx_word' id='word_1_760' title='bbox 428 4605 894 4676; x_wconf 73' lang='lat' dir='ltr'>fundamentum,</span> <span class='ocrx_word' id='word_1_761' title='bbox 928 4603 982 4657; x_wconf 92' lang='lat' dir='ltr'>id</span> <span class='ocrx_word' id='word_1_762' title='bbox 1013 4611 1096 4657; x_wconf 88' lang='lat' dir='ltr'>est</span> <span class='ocrx_word' id='word_1_763' title='bbox 1124 4601 1286 4657; x_wconf 87' lang='lat' dir='ltr'>fidem</span> <span class='ocrx_word' id='word_1_764' title='bbox 1319 4617 1484 4672; x_wconf 89' lang='lat' dir='ltr'>super</span> <span class='ocrx_word' id='word_1_765' title='bbox 1514 4617 1675 4672; x_wconf 91' lang='lat' dir='ltr'>quam</span> <span class='ocrx_word' id='word_1_766' title='bbox 1706 4599 1837 4654; x_wconf 90' lang='lat' dir='ltr'>fun-</span> 
     </span>
    </p>
   </div>
   <div class='ocr_carea' id='block_1_98' title="bbox 239 4688 1834 4761">
    <p class='ocr_par' dir='ltr' id='par_1_98' title="bbox 239 4688 1834 4761">
     <span class='ocr_line' id='line_1_98' title="bbox 239 4688 1834 4761; baseline -0.004 -11"><span class='ocrx_word' id='word_1_767' title='bbox 239 4696 440 4750; x_wconf 86' lang='lat' dir='ltr'>dantur</span> <span class='ocrx_word' id='word_1_768' title='bbox 469 4693 589 4747; x_wconf 56' lang='lat' dir='ltr'>alia?</span> <span class='ocrx_word' id='word_1_769' title='bbox 627 4692 873 4747; x_wconf 90' lang='lat' dir='ltr'>virtutes.</span> <span class='ocrx_word' id='word_1_770' title='bbox 923 4690 1083 4746; x_wconf 90' lang='lat' dir='ltr'>Posui</span> <span class='ocrx_word' id='word_1_771' title='bbox 1139 4690 1324 4761; x_wconf 90' lang='lat' dir='ltr'>utique</span> <span class='ocrx_word' id='word_1_772' title='bbox 1354 4692 1421 4744; x_wconf 88' lang='lat' dir='ltr'>ut</span> <span class='ocrx_word' id='word_1_773' title='bbox 1468 4688 1834 4755; x_wconf 88' lang='lat' dir='ltr'>architectus,</span> 
     </span>
    </p>
   </div>
   <div class='ocr_carea' id='block_1_99' title="bbox 239 4776 1840 4852">
    <p class='ocr_par' dir='ltr' id='par_1_99' title="bbox 239 4776 1840 4852">
     <span class='ocr_line' id='line_1_99' title="bbox 239 4776 1840 4852; baseline -0.004 -15"><span class='ocrx_word' id='word_1_774' title='bbox 239 4783 292 4837; x_wconf 88' lang='lat' dir='ltr'>id</span> <span class='ocrx_word' id='word_1_775' title='bbox 323 4791 407 4837; x_wconf 91' lang='lat' dir='ltr'>est</span> <span class='ocrx_word' id='word_1_776' title='bbox 436 4781 694 4852; x_wconf 88' lang='lat' dir='ltr'>princeps</span> <span class='ocrx_word' id='word_1_777' title='bbox 726 4779 867 4845; x_wconf 86' lang='lat' dir='ltr'>tecti,</span> <span class='ocrx_word' id='word_1_778' title='bbox 912 4779 1034 4850; x_wconf 88' lang='lat' dir='ltr'>quia</span> <span class='ocrx_word' id='word_1_779' title='bbox 1064 4786 1116 4834; x_wconf 90' lang='lat' dir='ltr'>et</span> <span class='ocrx_word' id='word_1_780' title='bbox 1163 4778 1207 4832; x_wconf 90' lang='lat' dir='ltr'>si</span> <span class='ocrx_word' id='word_1_781' title='bbox 1236 4777 1372 4832; x_wconf 91' lang='lat' dir='ltr'>alios</span> <span class='ocrx_word' id='word_1_782' title='bbox 1407 4777 1754 4846; x_wconf 89' lang='lat' dir='ltr'>coadjutores</span> <span class='ocrx_word' id='word_1_783' title='bbox 1785 4776 1840 4830; x_wconf 92' lang='lat' dir='ltr'>in</span> 
     </span>
    </p>
   </div>
   <div class='ocr_carea' id='block_1_100' title="bbox 239 4863 1836 4941">
    <p class='ocr_par' dir='ltr' id='par_1_100' title="bbox 239 4863 1836 4941">
     <span class='ocr_line' id='line_1_100' title="bbox 239 4863 1836 4941; baseline -0.006 -14"><span class='ocrx_word' id='word_1_784' title='bbox 239 4870 400 4928; x_wconf 81' lang='lat' dir='ltr'>vobis</span> <span class='ocrx_word' id='word_1_785' title='bbox 441 4869 629 4934; x_wconf 90' lang='lat' dir='ltr'>habui,</span> <span class='ocrx_word' id='word_1_786' title='bbox 662 4884 770 4941; x_wconf 87' lang='lat' dir='ltr'>ego</span> <span class='ocrx_word' id='word_1_787' title='bbox 799 4875 979 4922; x_wconf 87' lang='lat' dir='ltr'>tamen</span> <span class='ocrx_word' id='word_1_788' title='bbox 1009 4867 1261 4937; x_wconf 89' lang='lat' dir='ltr'>princeps</span> <span class='ocrx_word' id='word_1_789' title='bbox 1303 4865 1376 4919; x_wconf 91' lang='lat' dir='ltr'>ibi</span> <span class='ocrx_word' id='word_1_790' title='bbox 1434 4864 1530 4920; x_wconf 91' lang='lat' dir='ltr'>fui.</span> <span class='ocrx_word' id='word_1_791' title='bbox 1587 4863 1836 4921; x_wconf 81' lang='lat' dir='ltr'>Archite-</span> 
     </span>
    </p>
   </div>
   <div class='ocr_carea' id='block_1_101' title="bbox 236 4953 1836 5028">
    <p class='ocr_par' dir='ltr' id='par_1_101' title="bbox 236 4953 1836 5028">
     <span class='ocr_line' id='line_1_101' title="bbox 236 4953 1836 5028; baseline -0.004 -14"><span class='ocrx_word' id='word_1_792' title='bbox 236 4967 355 5016; x_wconf 88' lang='lat' dir='ltr'>ctus</span> <span class='ocrx_word' id='word_1_793' title='bbox 389 4958 516 5014; x_wconf 86' lang='lat' dir='ltr'>dico</span> <span class='ocrx_word' id='word_1_794' title='bbox 560 4959 808 5028; x_wconf 82' lang='lat' dir='ltr'>sapiens,</span> <span class='ocrx_word' id='word_1_795' title='bbox 843 4955 897 5010; x_wconf 91' lang='lat' dir='ltr'>id</span> <span class='ocrx_word' id='word_1_796' title='bbox 929 4964 1010 5010; x_wconf 87' lang='lat' dir='ltr'>est</span> <span class='ocrx_word' id='word_1_797' title='bbox 1053 4971 1174 5010; x_wconf 90' lang='lat' dir='ltr'>cum</span> <span class='ocrx_word' id='word_1_798' title='bbox 1217 4953 1544 5010; x_wconf 87' lang='lat' dir='ltr'>discretione</span> <span class='ocrx_word' id='word_1_799' title='bbox 1587 4953 1836 5026; x_wconf 87' lang='lat' dir='ltr'>singulis,</span> 
     </span>
    </p>
   </div>
   <div class='ocr_carea' id='block_1_102' title="bbox 239 5042 1836 5119">
    <p class='ocr_par' dir='ltr' id='par_1_102' title="bbox 239 5042 1836 5119">
     <span class='ocr_line' id='line_1_102' title="bbox 239 5042 1836 5119; baseline -0.005 -16"><span class='ocrx_word' id='word_1_800' title='bbox 239 5047 393 5119; x_wconf 90' lang='lat' dir='ltr'>quod</span> <span class='ocrx_word' id='word_1_801' title='bbox 421 5045 708 5116; x_wconf 89' lang='lat' dir='ltr'>capacitati</span> <span class='ocrx_word' id='word_1_802' title='bbox 745 5060 933 5100; x_wconf 90' lang='lat' dir='ltr'>eorum</span> <span class='ocrx_word' id='word_1_803' title='bbox 964 5042 1211 5100; x_wconf 83' lang='lat' dir='ltr'>suﬁicere</span> <span class='ocrx_word' id='word_1_804' title='bbox 1241 5050 1473 5114; x_wconf 88' lang='lat' dir='ltr'>poterat,</span> <span class='ocrx_word' id='word_1_805' title='bbox 1500 5042 1836 5113; x_wconf 90' lang='lat' dir='ltr'>impertiens.</span> 
     </span>
    </p>
   </div>
   <div class='ocr_carea' id='block_1_103' title="bbox 239 5129 1840 5202">
    <p class='ocr_par' dir='ltr' id='par_1_103' title="bbox 239 5129 1840 5202">
     <span class='ocr_line' id='line_1_103' title="bbox 239 5129 1840 5202; baseline -0.005 -11"><span class='ocrx_word' id='word_1_806' title='bbox 239 5137 356 5191; x_wconf 84' lang='lat' dir='ltr'>Hoc</span> <span class='ocrx_word' id='word_1_807' title='bbox 389 5143 567 5189; x_wconf 88' lang='lat' dir='ltr'>autem</span> <span class='ocrx_word' id='word_1_808' title='bbox 612 5133 716 5189; x_wconf 87' lang='lat' dir='ltr'>feci</span> <span class='ocrx_word' id='word_1_809' title='bbox 741 5134 1054 5188; x_wconf 88' lang='lat' dir='ltr'>secundum</span> <span class='ocrx_word' id='word_1_810' title='bbox 1101 5133 1350 5202; x_wconf 87' lang='lat' dir='ltr'>gratiam</span> <span class='ocrx_word' id='word_1_811' title='bbox 1405 5132 1554 5186; x_wconf 88' lang='lat' dir='ltr'>Dei:</span> <span class='ocrx_word' id='word_1_812' title='bbox 1614 5129 1840 5185; x_wconf 90' lang='lat' dir='ltr'>fundare</span> 
     </span>
    </p>
   </div>
   <div class='ocr_carea' id='block_1_104' title="bbox 239 5219 1840 5291">
    <p class='ocr_par' dir='ltr' id='par_1_104' title="bbox 239 5219 1840 5291">
     <span class='ocr_line' id='line_1_104' title="bbox 239 5219 1840 5291; baseline -0.004 -13"><span class='ocrx_word' id='word_1_813' title='bbox 239 5224 392 5278; x_wconf 86' lang='lat' dir='ltr'>enim</span> <span class='ocrx_word' id='word_1_814' title='bbox 420 5238 521 5277; x_wconf 89' lang='lat' dir='ltr'>vos</span> <span class='ocrx_word' id='word_1_815' title='bbox 550 5221 605 5275; x_wconf 91' lang='lat' dir='ltr'>in</span> <span class='ocrx_word' id='word_1_816' title='bbox 635 5220 743 5276; x_wconf 87' lang='lat' dir='ltr'>fide</span> <span class='ocrx_word' id='word_1_817' title='bbox 773 5237 879 5275; x_wconf 91' lang='lat' dir='ltr'>non</span> <span class='ocrx_word' id='word_1_818' title='bbox 911 5237 1150 5291; x_wconf 91' lang='lat' dir='ltr'>possem,</span> <span class='ocrx_word' id='word_1_819' title='bbox 1215 5219 1319 5273; x_wconf 90' lang='lat' dir='ltr'>nisi</span> <span class='ocrx_word' id='word_1_820' title='bbox 1351 5225 1667 5290; x_wconf 89' lang='lat' dir='ltr'>operaretur</span> <span class='ocrx_word' id='word_1_821' title='bbox 1720 5234 1840 5272; x_wconf 90' lang='lat' dir='ltr'>me-</span> 
     </span>
    </p>
   </div>
   <div class='ocr_carea' id='block_1_105' title="bbox 237 5305 1841 5383">
    <p class='ocr_par' dir='ltr' id='par_1_105' title="bbox 237 5305 1841 5383">
     <span class='ocr_line' id='line_1_105' title="bbox 237 5305 1841 5383; baseline -0.004 -17"><span class='ocrx_word' id='word_1_822' title='bbox 237 5328 366 5367; x_wconf 90' lang='lat' dir='ltr'>cum</span> <span class='ocrx_word' id='word_1_823' title='bbox 415 5310 593 5383; x_wconf 86' lang='lat' dir='ltr'>gratia</span> <span class='ocrx_word' id='word_1_824' title='bbox 617 5309 736 5377; x_wconf 89' lang='lat' dir='ltr'>Dei,</span> <span class='ocrx_word' id='word_1_825' title='bbox 769 5309 836 5362; x_wconf 90' lang='lat' dir='ltr'>ad</span> <span class='ocrx_word' id='word_1_826' title='bbox 868 5325 1033 5380; x_wconf 90' lang='lat' dir='ltr'>quam</span> <span class='ocrx_word' id='word_1_827' title='bbox 1085 5308 1392 5363; x_wconf 86' lang='lat' dir='ltr'>habendam</span> <span class='ocrx_word' id='word_1_828' title='bbox 1437 5323 1546 5362; x_wconf 91' lang='lat' dir='ltr'>non</span> <span class='ocrx_word' id='word_1_829' title='bbox 1603 5305 1841 5376; x_wconf 69' lang='lat' dir='ltr'>praemisi</span> 
     </span>
    </p>
   </div>
   <div class='ocr_carea' id='block_1_106' title="bbox 236 5395 1837 5470">
    <p class='ocr_par' dir='ltr' id='par_1_106' title="bbox 236 5395 1837 5470">
     <span class='ocr_line' id='line_1_106' title="bbox 236 5395 1837 5470; baseline -0.003 -16"><span class='ocrx_word' id='word_1_830' title='bbox 236 5401 522 5468; x_wconf 87' lang='lat' dir='ltr'>meritum,</span> <span class='ocrx_word' id='word_1_831' title='bbox 555 5398 654 5452; x_wconf 90' lang='lat' dir='ltr'>sed</span> <span class='ocrx_word' id='word_1_832' title='bbox 684 5415 806 5470; x_wconf 73' lang='lat' dir='ltr'>quae</span> <span class='ocrx_word' id='word_1_833' title='bbox 835 5413 901 5452; x_wconf 87' lang='lat' dir='ltr'>ex</span> <span class='ocrx_word' id='word_1_834' title='bbox 951 5395 1316 5451; x_wconf 89' lang='lat' dir='ltr'>misericordia</span> <span class='ocrx_word' id='word_1_835' title='bbox 1365 5397 1499 5451; x_wconf 88' lang='lat' dir='ltr'>data</span> <span class='ocrx_word' id='word_1_836' title='bbox 1552 5399 1637 5450; x_wconf 89' lang='lat' dir='ltr'>est</span> <span class='ocrx_word' id='word_1_837' title='bbox 1677 5395 1837 5450; x_wconf 89' lang='lat' dir='ltr'>mihi.</span> 
     </span>
    </p>
   </div>
   <div class='ocr_carea' id='block_1_107' title="bbox 235 5481 1842 5562">
    <p class='ocr_par' dir='ltr' id='par_1_107' title="bbox 235 5481 1842 5562">
     <span class='ocr_line' id='line_1_107' title="bbox 235 5481 1842 5562; baseline -0.004 -18"><span class='ocrx_word' id='word_1_838' title='bbox 235 5490 360 5562; x_wconf 80' lang='lat' dir='ltr'>Ego</span> <span class='ocrx_word' id='word_1_839' title='bbox 407 5487 554 5560; x_wconf 87' lang='lat' dir='ltr'>quod</span> <span class='ocrx_word' id='word_1_840' title='bbox 583 5487 653 5541; x_wconf 90' lang='lat' dir='ltr'>ad</span> <span class='ocrx_word' id='word_1_841' title='bbox 694 5501 783 5542; x_wconf 90' lang='lat' dir='ltr'>me</span> <span class='ocrx_word' id='word_1_842' title='bbox 837 5484 1126 5557; x_wconf 88' lang='lat' dir='ltr'>pertinuit,</span> <span class='ocrx_word' id='word_1_843' title='bbox 1186 5500 1376 5540; x_wconf 90' lang='lat' dir='ltr'>sanum</span> <span class='ocrx_word' id='word_1_844' title='bbox 1435 5481 1842 5539; x_wconf 87' lang='lat' dir='ltr'>fundamentum</span> 
     </span>
    </p>
   </div>
   <div class='ocr_carea' id='block_1_108' title="bbox 381 5635 853 5694">
    <p class='ocr_par' dir='ltr' id='par_1_108' title="bbox 381 5635 853 5694">
     <span class='ocr_line' id='line_1_108' title="bbox 381 5635 853 5694; baseline -0.002 -1"><span class='ocrx_word' id='word_1_845' title='bbox 381 5638 633 5694; x_wconf 74' lang='grc' dir='ltr'>ΡΑτιιοι..</span> <span class='ocrx_word' id='word_1_846' title='bbox 673 5635 853 5692; x_wconf 90' lang='lat' dir='ltr'>CLIII.</span> 
     </span>
    </p>
   </div>
   <div class='ocr_carea' id='block_1_109' title="bbox 1936 4511 3524 4594">
    <p class='ocr_par' dir='ltr' id='par_1_109' title="bbox 1936 4511 3524 4594">
     <span class='ocr_line' id='line_1_109' title="bbox 1936 4511 3524 4594; baseline 0.011 -30"><span class='ocrx_word' id='word_1_847' title='bbox 1936 4511 2064 4566; x_wconf 91' lang='lat' dir='ltr'>lime</span> <span class='ocrx_word' id='word_1_848' title='bbox 2093 4520 2398 4584; x_wconf 89' lang='lat' dir='ltr'>emergunt.</span> <span class='ocrx_word' id='word_1_849' title='bbox 2460 4513 2560 4568; x_wconf 88' lang='lat' dir='ltr'>Per</span> <span class='ocrx_word' id='word_1_850' title='bbox 2613 4523 2902 4587; x_wconf 90' lang='lat' dir='ltr'>argentum</span> <span class='ocrx_word' id='word_1_851' title='bbox 2943 4517 3320 4589; x_wconf 87' lang='lat' dir='ltr'>significantur</span> <span class='ocrx_word' id='word_1_852' title='bbox 3371 4525 3524 4594; x_wconf 87' lang='lat' dir='ltr'>justi,</span> 
     </span>
    </p>
   </div>
   <div class='ocr_carea' id='block_1_110' title="bbox 1938 4599 3530 4684">
    <p class='ocr_par' dir='ltr' id='par_1_110' title="bbox 1938 4599 3530 4684">
     <span class='ocr_line' id='line_1_110' title="bbox 1938 4599 3530 4684; baseline 0.01 -32"><span class='ocrx_word' id='word_1_853' title='bbox 1938 4599 1992 4653; x_wconf 90' lang='lat' dir='ltr'>in</span> <span class='ocrx_word' id='word_1_854' title='bbox 2025 4599 2220 4671; x_wconf 91' lang='lat' dir='ltr'>quibus</span> <span class='ocrx_word' id='word_1_855' title='bbox 2250 4609 2429 4655; x_wconf 89' lang='lat' dir='ltr'>tamen</span> <span class='ocrx_word' id='word_1_856' title='bbox 2485 4601 2664 4672; x_wconf 89' lang='lat' dir='ltr'>aliqua</span> <span class='ocrx_word' id='word_1_857' title='bbox 2694 4603 2836 4658; x_wconf 89' lang='lat' dir='ltr'>levia</span> <span class='ocrx_word' id='word_1_858' title='bbox 2889 4608 3179 4677; x_wconf 85' lang='lat' dir='ltr'>purganda</span> <span class='ocrx_word' id='word_1_859' title='bbox 3208 4619 3368 4677; x_wconf 88' lang='lat' dir='ltr'>sunt;</span> <span class='ocrx_word' id='word_1_860' title='bbox 3401 4613 3530 4684; x_wconf 90' lang='lat' dir='ltr'>quia</span> 
     </span>
    </p>
   </div>
   <div class='ocr_carea' id='block_1_111' title="bbox 1937 4688 3531 4773">
    <p class='ocr_par' dir='ltr' id='par_1_111' title="bbox 1937 4688 3531 4773">
     <span class='ocr_line' id='line_1_111' title="bbox 1937 4688 3531 4773; baseline 0.008 -30"><span class='ocrx_word' id='word_1_861' title='bbox 1937 4688 2085 4743; x_wconf 88' lang='lat' dir='ltr'>velut</span> <span class='ocrx_word' id='word_1_862' title='bbox 2127 4697 2412 4758; x_wconf 89' lang='lat' dir='ltr'>argentum</span> <span class='ocrx_word' id='word_1_863' title='bbox 2450 4688 2506 4743; x_wconf 90' lang='lat' dir='ltr'>in</span> <span class='ocrx_word' id='word_1_864' title='bbox 2551 4689 2680 4762; x_wconf 90' lang='lat' dir='ltr'>igne</span> <span class='ocrx_word' id='word_1_865' title='bbox 2725 4692 2961 4762; x_wconf 89' lang='lat' dir='ltr'>positum</span> <span class='ocrx_word' id='word_1_866' title='bbox 3016 4695 3401 4754; x_wconf 91' lang='lat' dir='ltr'>decoloratur:</span> <span class='ocrx_word' id='word_1_867' title='bbox 3437 4702 3531 4773; x_wconf 91' lang='lat' dir='ltr'>qui</span> 
     </span>
    </p>
   </div>
   <div class='ocr_carea' id='block_1_112' title="bbox 1940 4775 3524 4853">
    <p class='ocr_par' dir='ltr' id='par_1_112' title="bbox 1940 4775 3524 4853">
     <span class='ocr_line' id='line_1_112' title="bbox 1940 4775 3524 4853; baseline 0.008 -21"><span class='ocrx_word' id='word_1_868' title='bbox 1940 4776 2093 4832; x_wconf 89' lang='lat' dir='ltr'>color</span> <span class='ocrx_word' id='word_1_869' title='bbox 2158 4785 2271 4831; x_wconf 89' lang='lat' dir='ltr'>arte</span> <span class='ocrx_word' id='word_1_870' title='bbox 2319 4775 2541 4833; x_wconf 83' lang='lat' dir='ltr'>artificis</span> <span class='ocrx_word' id='word_1_871' title='bbox 2593 4787 2716 4848; x_wconf 89' lang='lat' dir='ltr'>post</span> <span class='ocrx_word' id='word_1_872' title='bbox 2777 4781 2962 4853; x_wconf 90' lang='lat' dir='ltr'>ignem</span> <span class='ocrx_word' id='word_1_873' title='bbox 3018 4785 3302 4852; x_wconf 90' lang='lat' dir='ltr'>redditur;</span> <span class='ocrx_word' id='word_1_874' title='bbox 3337 4787 3416 4844; x_wconf 90' lang='lat' dir='ltr'>sic</span> <span class='ocrx_word' id='word_1_875' title='bbox 3447 4789 3524 4845; x_wconf 90' lang='lat' dir='ltr'>illi</span> 
     </span>
    </p>
   </div>
   <div class='ocr_carea' id='block_1_113' title="bbox 1939 4864 3530 4946">
    <p class='ocr_par' dir='ltr' id='par_1_113' title="bbox 1939 4864 3530 4946">
     <span class='ocr_line' id='line_1_113' title="bbox 1939 4864 3530 4946; baseline 0.01 -28"><span class='ocrx_word' id='word_1_876' title='bbox 1939 4864 2124 4936; x_wconf 90' lang='lat' dir='ltr'>ignem</span> <span class='ocrx_word' id='word_1_877' title='bbox 2172 4864 2388 4936; x_wconf 91' lang='lat' dir='ltr'>quidem</span> <span class='ocrx_word' id='word_1_878' title='bbox 2446 4865 2731 4936; x_wconf 90' lang='lat' dir='ltr'>patientur,</span> <span class='ocrx_word' id='word_1_879' title='bbox 2784 4869 2881 4924; x_wconf 88' lang='lat' dir='ltr'>sed</span> <span class='ocrx_word' id='word_1_880' title='bbox 2955 4871 3168 4940; x_wconf 91' lang='lat' dir='ltr'>leviter,</span> <span class='ocrx_word' id='word_1_881' title='bbox 3233 4875 3361 4946; x_wconf 89' lang='lat' dir='ltr'>quia</span> <span class='ocrx_word' id='word_1_882' title='bbox 3390 4877 3530 4935; x_wconf 89' lang='lat' dir='ltr'>levia</span> 
     </span>
    </p>
   </div>
   <div class='ocr_carea' id='block_1_114' title="bbox 1941 4953 3530 5035">
    <p class='ocr_par' dir='ltr' id='par_1_114' title="bbox 1941 4953 3530 5035">
     <span class='ocr_line' id='line_1_114' title="bbox 1941 4953 3530 5035; baseline 0.008 -25"><span class='ocrx_word' id='word_1_883' title='bbox 1941 4953 2348 5010; x_wconf 89' lang='lat' dir='ltr'>commiserunt.</span> <span class='ocrx_word' id='word_1_884' title='bbox 2382 4955 2485 5009; x_wconf 84' lang='lat' dir='ltr'>Per</span> <span class='ocrx_word' id='word_1_885' title='bbox 2521 4953 2732 5026; x_wconf 90' lang='lat' dir='ltr'>lapides</span> <span class='ocrx_word' id='word_1_886' title='bbox 2762 4958 3034 5028; x_wconf 88' lang='lat' dir='ltr'>pretiosos</span> <span class='ocrx_word' id='word_1_887' title='bbox 3083 4962 3364 5034; x_wconf 88' lang='lat' dir='ltr'>signantur</span> <span class='ocrx_word' id='word_1_888' title='bbox 3376 4967 3530 5035; x_wconf 89' lang='lat' dir='ltr'>justi,</span> 
     </span>
    </p>
   </div>
   <div class='ocr_carea' id='block_1_115' title="bbox 1940 5041 3529 5124">
    <p class='ocr_par' dir='ltr' id='par_1_115' title="bbox 1940 5041 3529 5124">
     <span class='ocr_line' id='line_1_115' title="bbox 1940 5041 3529 5124; baseline 0.009 -28"><span class='ocrx_word' id='word_1_889' title='bbox 1940 5041 2066 5097; x_wconf 92' lang='lat' dir='ltr'>licet</span> <span class='ocrx_word' id='word_1_890' title='bbox 2121 5049 2438 5112; x_wconf 89' lang='lat' dir='ltr'>premantur</span> <span class='ocrx_word' id='word_1_891' title='bbox 2491 5043 2692 5116; x_wconf 90' lang='lat' dir='ltr'>aliquot</span> <span class='ocrx_word' id='word_1_892' title='bbox 2766 5047 3104 5116; x_wconf 90' lang='lat' dir='ltr'>venialibus;</span> <span class='ocrx_word' id='word_1_893' title='bbox 3135 5052 3311 5124; x_wconf 89' lang='lat' dir='ltr'>magis</span> <span class='ocrx_word' id='word_1_894' title='bbox 3343 5061 3529 5110; x_wconf 88' lang='lat' dir='ltr'>tamen</span> 
     </span>
    </p>
   </div>
   <div class='ocr_carea' id='block_1_116' title="bbox 1941 5130 3531 5211">
    <p class='ocr_par' dir='ltr' id='par_1_116' title="bbox 1941 5130 3531 5211">
     <span class='ocr_line' id='line_1_116' title="bbox 1941 5130 3531 5211; baseline 0.009 -27"><span class='ocrx_word' id='word_1_895' title='bbox 1941 5130 2285 5184; x_wconf 79' lang='lat' dir='ltr'>adhaeserunt</span> <span class='ocrx_word' id='word_1_896' title='bbox 2334 5131 2576 5198; x_wconf 70' lang='lat' dir='ltr'>justitize,</span> <span class='ocrx_word' id='word_1_897' title='bbox 2610 5139 2664 5186; x_wconf 91' lang='lat' dir='ltr'>et</span> <span class='ocrx_word' id='word_1_898' title='bbox 2719 5133 2841 5189; x_wconf 90' lang='lat' dir='ltr'>ideo</span> <span class='ocrx_word' id='word_1_899' title='bbox 2889 5134 3166 5206; x_wconf 79' lang='lat' dir='ltr'>patientur</span> <span class='ocrx_word' id='word_1_900' title='bbox 3222 5140 3444 5211; x_wconf 89' lang='lat' dir='ltr'>quidem</span> <span class='ocrx_word' id='word_1_901' title='bbox 3475 5144 3531 5197; x_wconf 90' lang='lat' dir='ltr'>in</span> 
     </span>
    </p>
   </div>
   <div class='ocr_carea' id='block_1_117' title="bbox 1941 5217 3530 5301">
    <p class='ocr_par' dir='ltr' id='par_1_117' title="bbox 1941 5217 3530 5301">
     <span class='ocr_line' id='line_1_117' title="bbox 1941 5217 3530 5301; baseline 0.009 -30"><span class='ocrx_word' id='word_1_902' title='bbox 1941 5217 2069 5290; x_wconf 89' lang='lat' dir='ltr'>igne</span> <span class='ocrx_word' id='word_1_903' title='bbox 2108 5217 2284 5290; x_wconf 88' lang='lat' dir='ltr'>magis</span> <span class='ocrx_word' id='word_1_904' title='bbox 2311 5218 2396 5272; x_wconf 90' lang='lat' dir='ltr'>his</span> <span class='ocrx_word' id='word_1_905' title='bbox 2443 5220 2756 5289; x_wconf 65' lang='lat' dir='ltr'>praadictis;</span> <span class='ocrx_word' id='word_1_906' title='bbox 2809 5225 3266 5294; x_wconf 88' lang='lat' dir='ltr'>quemadmodum</span> <span class='ocrx_word' id='word_1_907' title='bbox 3322 5230 3530 5301; x_wconf 89' lang='lat' dir='ltr'>lapides</span> 
     </span>
    </p>
   </div>
   <div class='ocr_carea' id='block_1_118' title="bbox 1941 5305 3534 5389">
    <p class='ocr_par' dir='ltr' id='par_1_118' title="bbox 1941 5305 3534 5389">
     <span class='ocr_line' id='line_1_118' title="bbox 1941 5305 3534 5389; baseline 0.009 -29"><span class='ocrx_word' id='word_1_908' title='bbox 1941 5305 2163 5377; x_wconf 89' lang='lat' dir='ltr'>pretiosi</span> <span class='ocrx_word' id='word_1_909' title='bbox 2199 5306 2321 5377; x_wconf 91' lang='lat' dir='ltr'>plus</span> <span class='ocrx_word' id='word_1_910' title='bbox 2366 5307 2673 5362; x_wconf 89' lang='lat' dir='ltr'>detrimenti</span> <span class='ocrx_word' id='word_1_911' title='bbox 2703 5326 2802 5380; x_wconf 90' lang='lat' dir='ltr'>per</span> <span class='ocrx_word' id='word_1_912' title='bbox 2856 5311 3040 5384; x_wconf 89' lang='lat' dir='ltr'>ignem</span> <span class='ocrx_word' id='word_1_913' title='bbox 3073 5315 3336 5383; x_wconf 90' lang='lat' dir='ltr'>sentiunt,</span> <span class='ocrx_word' id='word_1_914' title='bbox 3372 5335 3534 5389; x_wconf 87' lang='lat' dir='ltr'>quam</span> 
     </span>
    </p>
   </div>
   <div class='ocr_carea' id='block_1_119' title="bbox 1943 5395 3537 5474">
    <p class='ocr_par' dir='ltr' id='par_1_119' title="bbox 1943 5395 3537 5474">
     <span class='ocr_line' id='line_1_119' title="bbox 1943 5395 3537 5474; baseline 0.009 -25"><span class='ocrx_word' id='word_1_915' title='bbox 1943 5403 2250 5467; x_wconf 88' lang='lat' dir='ltr'>argentum.</span> <span class='ocrx_word' id='word_1_916' title='bbox 2275 5395 2562 5452; x_wconf 88' lang='lat' dir='ltr'>Pluraliter</span> <span class='ocrx_word' id='word_1_917' title='bbox 2591 5397 2715 5452; x_wconf 90' lang='lat' dir='ltr'>ideo</span> <span class='ocrx_word' id='word_1_918' title='bbox 2743 5399 2952 5470; x_wconf 91' lang='lat' dir='ltr'>lapides</span> <span class='ocrx_word' id='word_1_919' title='bbox 2981 5402 3150 5470; x_wconf 87' lang='lat' dir='ltr'>dixit;</span> <span class='ocrx_word' id='word_1_920' title='bbox 3183 5404 3310 5474; x_wconf 89' lang='lat' dir='ltr'>quia</span> <span class='ocrx_word' id='word_1_921' title='bbox 3341 5405 3398 5460; x_wconf 91' lang='lat' dir='ltr'>in</span> <span class='ocrx_word' id='word_1_922' title='bbox 3432 5408 3537 5465; x_wconf 88' lang='lat' dir='ltr'>hoc</span> 
     </span>
    </p>
   </div>
   <div class='ocr_carea' id='block_1_120' title="bbox 1945 5482 3530 5556">
    <p class='ocr_par' dir='ltr' id='par_1_120' title="bbox 1945 5482 3530 5556">
     <span class='ocr_line' id='line_1_120' title="bbox 1945 5482 3530 5556; baseline 0.009 -19"><span class='ocrx_word' id='word_1_923' title='bbox 1945 5482 2122 5556; x_wconf 87' lang='lat' dir='ltr'>gradu</span> <span class='ocrx_word' id='word_1_924' title='bbox 2152 5483 2352 5540; x_wconf 88' lang='lat' dir='ltr'>diversi</span> <span class='ocrx_word' id='word_1_925' title='bbox 2378 5493 2555 5552; x_wconf 90' lang='lat' dir='ltr'>erunt,</span> <span class='ocrx_word' id='word_1_926' title='bbox 2588 5493 2642 5541; x_wconf 92' lang='lat' dir='ltr'>et</span> <span class='ocrx_word' id='word_1_927' title='bbox 2667 5488 2966 5543; x_wconf 90' lang='lat' dir='ltr'>secundum</span> <span class='ocrx_word' id='word_1_928' title='bbox 3010 5490 3379 5549; x_wconf 88' lang='lat' dir='ltr'>diversitatem</span> <span class='ocrx_word' id='word_1_929' title='bbox 3409 5513 3530 5552; x_wconf 90' lang='lat' dir='ltr'>me-</span> 
     </span>
    </p>
   </div>
   <div class='ocr_carea' id='block_1_121' title="bbox 3342 5648 3375 5698">
    <p class='ocr_par' dir='ltr' id='par_1_121' title="bbox 3342 5648 3375 5698">
     <span class='ocr_line' id='line_1_121' title="bbox 3342 5648 3375 5698; baseline -0.121 0"><span class='ocrx_word' id='word_1_930' title='bbox 3342 5648 3375 5698; x_wconf 70' lang='grc' dir='ltr'>ε.</span> 
     </span>
    </p>
   </div>
  </div>
